  <div class='ocr_page' id='page_1' title='image "/cluster/home/n/w/nwhite01/storage/ocr_20150623/75/njp.32101077772786/151.png"; bbox 0 0 1904 3026; ppageno 0'>
   <div class='ocr_carea' id='block_1_1' title="bbox 177 85 233 114">
    <p class='ocr_par' dir='ltr' id='par_1_1' title="bbox 177 85 233 114">
     <span class='ocr_line' id='line_1_1' title="bbox 177 85 233 114; baseline 0.018 -1"><span class='ocrx_word' id='word_1_1' title='bbox 177 85 233 114; x_wconf 66' lang='lat'><strong>263</strong></span> 
     </span>
    </p>
   </div>
   <div class='ocr_carea' id='block_1_2' title="bbox 690 76 1311 108">
    <p class='ocr_par' dir='ltr' id='par_1_2' title="bbox 690 76 1311 108">
     <span class='ocr_line' id='line_1_2' title="bbox 690 76 1311 108; baseline -0.008 0"><span class='ocrx_word' id='word_1_2' title='bbox 690 81 719 108; x_wconf 84' lang='lat' dir='ltr'><strong>S.</strong></span> <span class='ocrx_word' id='word_1_3' title='bbox 740 79 876 108; x_wconf 79' lang='lat' dir='ltr'><strong>CYRILLl</strong></span> <span class='ocrx_word' id='word_1_4' title='bbox 897 76 1133 105; x_wconf 61' lang='grc' dir='ltr'><strong>ΑιΕλΑλῡῐιιΝι</strong></span> <span class='ocrx_word' id='word_1_5' title='bbox 1156 77 1311 104; x_wconf 70' lang='lat' dir='ltr'><strong>AliClllEl‘.</strong></span> 
     </span>
    </p>
   </div>
   <div class='ocr_carea' id='block_1_3' title="bbox 1760 76 1817 106">
    <p class='ocr_par' dir='ltr' id='par_1_3' title="bbox 1760 76 1817 106">
     <span class='ocr_line' id='line_1_3' title="bbox 1760 76 1817 106; baseline 0 0"><span class='ocrx_word' id='word_1_6' title='bbox 1760 76 1796 106; x_wconf 59' lang='grc' dir='ltr'>εις</span> <span class='ocrx_word' id='word_1_7' title='bbox 1802 78 1817 106; x_wconf 77' lang='grc' dir='ltr'><strong>ι</strong></span> 
     </span>
    </p>
   </div>
   <div class='ocr_carea' id='block_1_4' title="bbox 178 137 957 178">
    <p class='ocr_par' dir='ltr' id='par_1_4' title="bbox 178 139 957 178">
     <span class='ocr_line' id='line_1_4' title="bbox 178 139 957 178; baseline -0.01 -6"><span class='ocrx_word' id='word_1_8' title='bbox 178 144 300 172; x_wconf 80' lang='lat' dir='ltr'><strong>traducta</strong></span> <span class='ocrx_word' id='word_1_9' title='bbox 325 142 514 178; x_wconf 66' lang='lat' dir='ltr'><strong>signiﬁcantur</strong></span> <span class='ocrx_word' id='word_1_10' title='bbox 531 142 588 169; x_wconf 75' lang='lat' dir='ltr'><strong>:Ile</strong></span> <span class='ocrx_word' id='word_1_11' title='bbox 605 142 638 169; x_wconf 87' lang='lat' dir='ltr'><strong>iis</strong></span> <span class='ocrx_word' id='word_1_12' title='bbox 658 148 722 169; x_wconf 85' lang='lat' dir='ltr'><strong>vero</strong></span> <span class='ocrx_word' id='word_1_13' title='bbox 738 148 798 175; x_wconf 69' lang='lat' dir='ltr'><strong>qua:</strong></span> <span class='ocrx_word' id='word_1_14' title='bbox 817 139 873 173; x_wconf 78' lang='lat' dir='ltr'><strong>iam</strong></span> <span class='ocrx_word' id='word_1_15' title='bbox 891 139 957 166; x_wconf 84' lang='lat' dir='ltr'><strong>exsi-</strong></span> 
     </span>
    </p>
   </div>
   <div class='ocr_carea' id='block_1_5' title="bbox 1024 137 1818 178">
    <p class='ocr_par' dir='ltr' id='par_1_5' title="bbox 1024 137 1818 174">
     <span class='ocr_line' id='line_1_5' title="bbox 1024 137 1818 174; baseline 0.003 -10"><span class='ocrx_word' id='word_1_16' title='bbox 1024 139 1057 174; x_wconf 61' lang='grc' dir='ltr'>μὴ</span> <span class='ocrx_word' id='word_1_17' title='bbox 1073 138 1150 170; x_wconf 67' lang='grc' dir='ltr'>ὄντος</span> <span class='ocrx_word' id='word_1_18' title='bbox 1170 139 1210 169; x_wconf 71' lang='grc' dir='ltr'><strong>εἰς</strong></span> <span class='ocrx_word' id='word_1_19' title='bbox 1229 139 1260 165; x_wconf 71' lang='grc' dir='ltr'>τὸ</span> <span class='ocrx_word' id='word_1_20' title='bbox 1276 137 1347 165; x_wconf 72' lang='grc' dir='ltr'>εἶναι</span> <span class='ocrx_word' id='word_1_21' title='bbox 1365 141 1493 173; x_wconf 76' lang='grc' dir='ltr'>σημαίνοι</span> <span class='ocrx_word' id='word_1_22' title='bbox 1515 140 1702 174; x_wconf 70' lang='grc' dir='ltr'>παραγωγὴν·</span> <span class='ocrx_word' id='word_1_23' title='bbox 1721 140 1769 165; x_wconf 72' lang='grc' dir='ltr'><strong>ἐπὶ</strong></span> <span class='ocrx_word' id='word_1_24' title='bbox 1786 139 1818 166; x_wconf 74' lang='grc' dir='ltr'><strong>δὲ</strong></span> 
     </span>
    </p>
   </div>
   <div class='ocr_carea' id='block_1_6' title="bbox 177 185 967 224">
    <p class='ocr_par' dir='ltr' id='par_1_6' title="bbox 177 185 967 224">
     <span class='ocr_line' id='line_1_6' title="bbox 177 185 967 224; baseline -0.008 -7"><span class='ocrx_word' id='word_1_25' title='bbox 177 195 262 221; x_wconf 82' lang='lat' dir='ltr'><strong>stunt,</strong></span> <span class='ocrx_word' id='word_1_26' title='bbox 282 196 370 224; x_wconf 81' lang='lat' dir='ltr'><strong>neque</strong></span> <span class='ocrx_word' id='word_1_27' title='bbox 389 189 538 222; x_wconf 75' lang='lat' dir='ltr'><strong>creatione,</strong></span> <span class='ocrx_word' id='word_1_28' title='bbox 560 192 590 216; x_wconf 89' lang='lat' dir='ltr'><strong>ut</strong></span> <span class='ocrx_word' id='word_1_29' title='bbox 609 188 674 221; x_wconf 84' lang='lat' dir='ltr'><strong>sint,</strong></span> <span class='ocrx_word' id='word_1_30' title='bbox 689 187 823 222; x_wconf 79' lang='lat' dir='ltr'><strong>indigent,</strong></span> <span class='ocrx_word' id='word_1_31' title='bbox 841 193 893 212; x_wconf 89' lang='lat' dir='ltr'><strong>non</strong></span> <span class='ocrx_word' id='word_1_32' title='bbox 911 185 967 220; x_wconf 81' lang='lat' dir='ltr'><strong>jam</strong></span> 
     </span>
    </p>
   </div>
   <div class='ocr_carea' id='block_1_7' title="bbox 176 231 967 270">
    <p class='ocr_par' dir='ltr' id='par_1_7' title="bbox 176 231 967 270">
     <span class='ocr_line' id='line_1_7' title="bbox 176 231 967 270; baseline -0.008 -6"><span class='ocrx_word' id='word_1_33' title='bbox 176 243 271 264; x_wconf 81' lang='lat' dir='ltr'><strong>creare</strong></span> <span class='ocrx_word' id='word_1_34' title='bbox 289 235 435 263; x_wconf 74' lang='lat' dir='ltr'><strong>essentiam</strong></span> <span class='ocrx_word' id='word_1_35' title='bbox 454 234 602 270; x_wconf 71' lang='lat' dir='ltr'><strong>signiﬁcat,</strong></span> <span class='ocrx_word' id='word_1_36' title='bbox 616 234 666 261; x_wconf 81' lang='lat' dir='ltr'><strong>sed</strong></span> <span class='ocrx_word' id='word_1_37' title='bbox 685 239 721 261; x_wconf 76' lang='lat' dir='ltr'><strong>ex</strong></span> <span class='ocrx_word' id='word_1_38' title='bbox 739 232 792 259; x_wconf 88' lang='lat' dir='ltr'><strong>alio</strong></span> <span class='ocrx_word' id='word_1_39' title='bbox 807 233 924 266; x_wconf 82' lang='lat' dir='ltr'><strong>quodam</strong></span> <span class='ocrx_word' id='word_1_40' title='bbox 941 231 967 258; x_wconf 87' lang='lat' dir='ltr'><strong>in</strong></span> 
     </span>
    </p>
   </div>
   <div class='ocr_carea' id='block_1_8' title="bbox 176 277 968 312">
    <p class='ocr_par' dir='ltr' id='par_1_8' title="bbox 176 277 968 312">
     <span class='ocr_line' id='line_1_8' title="bbox 176 277 968 312; baseline -0.009 -2"><span class='ocrx_word' id='word_1_41' title='bbox 176 282 250 310; x_wconf 85' lang='lat' dir='ltr'><strong>aliud</strong></span> <span class='ocrx_word' id='word_1_42' title='bbox 266 281 483 309; x_wconf 88' lang='lat' dir='ltr'><strong>translationem.</strong></span> <span class='ocrx_word' id='word_1_43' title='bbox 502 280 537 308; x_wconf 84' lang='lat' dir='ltr'><strong>Ut</strong></span> <span class='ocrx_word' id='word_1_44' title='bbox 558 288 620 308; x_wconf 81' lang='lat' dir='ltr'><strong>cum</strong></span> <span class='ocrx_word' id='word_1_45' title='bbox 635 279 718 306; x_wconf 80' lang='lat' dir='ltr'><strong>David</strong></span> <span class='ocrx_word' id='word_1_46' title='bbox 734 277 821 306; x_wconf 78' lang='lat' dir='ltr'><strong>dicit:</strong></span> <span class='ocrx_word' id='word_1_47' title='bbox 841 286 850 302; x_wconf 80' lang='grc' dir='ltr'><strong>ι</strong></span> <span class='ocrx_word' id='word_1_48' title='bbox 869 277 900 306; x_wconf 80' lang='lat' dir='ltr'><strong>Et</strong></span> <span class='ocrx_word' id='word_1_49' title='bbox 921 283 968 312; x_wconf 78' lang='lat' dir='ltr'><strong>po-</strong></span> 
     </span>
    </p>
   </div>
   <div class='ocr_carea' id='block_1_9' title="bbox 175 322 967 364">
    <p class='ocr_par' dir='ltr' id='par_1_9' title="bbox 175 322 967 364">
     <span class='ocr_line' id='line_1_9' title="bbox 175 322 967 364; baseline -0.009 -8"><span class='ocrx_word' id='word_1_50' title='bbox 175 329 256 363; x_wconf 83' lang='lat' dir='ltr'><strong>pulus</strong></span> <span class='ocrx_word' id='word_1_51' title='bbox 267 328 314 364; x_wconf 88' lang='lat' dir='ltr'><strong>qui</strong></span> <span class='ocrx_word' id='word_1_52' title='bbox 331 328 470 356; x_wconf 78' lang='lat' dir='ltr'><strong>creabitur</strong></span> <span class='ocrx_word' id='word_1_53' title='bbox 489 326 612 354; x_wconf 78' lang='lat' dir='ltr'><strong>laudabit</strong></span> <span class='ocrx_word' id='word_1_54' title='bbox 626 325 769 353; x_wconf 73' lang='lat' dir='ltr'><strong>Dominum</strong></span> <span class='ocrx_word' id='word_1_55' title='bbox 780 324 814 350; x_wconf 86' lang='lat'><strong>&quot;.</strong></span> <span class='ocrx_word' id='word_1_56' title='bbox 833 334 843 350; x_wconf 78' lang='grc' dir='ltr'><strong>ι</strong></span> <span class='ocrx_word' id='word_1_57' title='bbox 859 322 893 350; x_wconf 82' lang='grc' dir='ltr'>Ει</span> <span class='ocrx_word' id='word_1_58' title='bbox 906 331 967 350; x_wconf 90' lang='lat' dir='ltr'><strong>rur-</strong></span> 
     </span>
    </p>
   </div>
   <div class='ocr_carea' id='block_1_10' title="bbox 175 368 967 403">
    <p class='ocr_par' dir='ltr' id='par_1_10' title="bbox 175 368 967 403">
     <span class='ocr_line' id='line_1_10' title="bbox 175 368 967 403; baseline -0.009 -1"><span class='ocrx_word' id='word_1_59' title='bbox 175 382 222 402; x_wconf 86' lang='lat' dir='ltr'><strong>sus</strong></span> <span class='ocrx_word' id='word_1_60' title='bbox 235 383 243 402; x_wconf 85' lang='lat'><strong>:</strong></span> <span class='ocrx_word' id='word_1_61' title='bbox 261 383 271 400; x_wconf 76' lang='lat' dir='ltr'><strong>t</strong></span> <span class='ocrx_word' id='word_1_62' title='bbox 286 374 339 402; x_wconf 89' lang='lat' dir='ltr'><strong>Cor</strong></span> <span class='ocrx_word' id='word_1_63' title='bbox 354 374 482 401; x_wconf 85' lang='lat' dir='ltr'><strong>mundum</strong></span> <span class='ocrx_word' id='word_1_64' title='bbox 494 379 556 400; x_wconf 76' lang='lat' dir='ltr'><strong>em</strong></span> <span class='ocrx_word' id='word_1_65' title='bbox 570 372 598 399; x_wconf 85' lang='lat' dir='ltr'><strong>in</strong></span> <span class='ocrx_word' id='word_1_66' title='bbox 617 378 674 403; x_wconf 86' lang='lat' dir='ltr'><strong>me,</strong></span> <span class='ocrx_word' id='word_1_67' title='bbox 690 370 763 398; x_wconf 82' lang='lat' dir='ltr'><strong>Deus</strong></span> <span class='ocrx_word' id='word_1_68' title='bbox 774 369 810 396; x_wconf 75' lang='lat'><strong><em>“.</em></strong></span> <span class='ocrx_word' id='word_1_69' title='bbox 828 379 838 396; x_wconf 76' lang='grc' dir='ltr'><strong>ι</strong></span> <span class='ocrx_word' id='word_1_70' title='bbox 853 369 885 396; x_wconf 81' lang='lat' dir='ltr'><strong>Et</strong></span> <span class='ocrx_word' id='word_1_71' title='bbox 897 368 967 397; x_wconf 85' lang='lat' dir='ltr'><strong>Pau-</strong></span> 
     </span>
    </p>
   </div>
   <div class='ocr_carea' id='block_1_11' title="bbox 176 415 966 452">
    <p class='ocr_par' dir='ltr' id='par_1_11' title="bbox 176 415 966 452">
     <span class='ocr_line' id='line_1_11' title="bbox 176 415 966 452; baseline -0.008 -4"><span class='ocrx_word' id='word_1_72' title='bbox 176 421 218 449; x_wconf 72' lang='lat' dir='ltr'><strong>lus</strong></span> <span class='ocrx_word' id='word_1_73' title='bbox 239 420 337 448; x_wconf 71' lang='lat' dir='ltr'><strong>alicubi</strong></span> <span class='ocrx_word' id='word_1_74' title='bbox 355 421 390 448; x_wconf 79' lang='lat' dir='ltr'><strong>de</strong></span> <span class='ocrx_word' id='word_1_75' title='bbox 412 419 522 448; x_wconf 72' lang='lat' dir='ltr'><strong>Christo</strong></span> <span class='ocrx_word' id='word_1_76' title='bbox 544 418 606 445; x_wconf 89' lang='lat' dir='ltr'><strong>ait:</strong></span> <span class='ocrx_word' id='word_1_77' title='bbox 624 425 633 442; x_wconf 82' lang='grc' dir='ltr'><strong>ι</strong></span> <span class='ocrx_word' id='word_1_78' title='bbox 650 416 750 452; x_wconf 69' lang='lat' dir='ltr'><strong>Legem</strong></span> <span class='ocrx_word' id='word_1_79' title='bbox 777 415 966 443; x_wconf 65' lang='lat' dir='ltr'><strong>mandatorum</strong></span> 
     </span>
    </p>
   </div>
   <div class='ocr_carea' id='block_1_12' title="bbox 175 462 966 497">
    <p class='ocr_par' dir='ltr' id='par_1_12' title="bbox 175 462 966 497">
     <span class='ocr_line' id='line_1_12' title="bbox 175 462 966 497; baseline -0.009 -2"><span class='ocrx_word' id='word_1_80' title='bbox 175 467 293 495; x_wconf 73' lang='lat' dir='ltr'><strong>decretis</strong></span> <span class='ocrx_word' id='word_1_81' title='bbox 316 473 461 497; x_wconf 68' lang='lat' dir='ltr'><strong>cuculus,</strong></span> <span class='ocrx_word' id='word_1_82' title='bbox 484 469 515 492; x_wconf 79' lang='lat' dir='ltr'><strong>ut</strong></span> <span class='ocrx_word' id='word_1_83' title='bbox 539 465 607 491; x_wconf 77' lang='lat' dir='ltr'><strong>duos</strong></span> <span class='ocrx_word' id='word_1_84' title='bbox 629 467 705 491; x_wconf 80' lang='lat' dir='ltr'><strong>creet</strong></span> <span class='ocrx_word' id='word_1_85' title='bbox 731 463 757 490; x_wconf 86' lang='lat' dir='ltr'><strong>iu</strong></span> <span class='ocrx_word' id='word_1_86' title='bbox 777 462 867 497; x_wconf 82' lang='lat' dir='ltr'><strong>seipse</strong></span> <span class='ocrx_word' id='word_1_87' title='bbox 884 469 966 489; x_wconf 90' lang='lat' dir='ltr'><strong>unum</strong></span> 
     </span>
    </p>
   </div>
   <div class='ocr_carea' id='block_1_13' title="bbox 175 507 966 539">
    <p class='ocr_par' dir='ltr' id='par_1_13' title="bbox 175 507 966 539">
     <span class='ocr_line' id='line_1_13' title="bbox 175 507 966 539; baseline -0.008 0"><span class='ocrx_word' id='word_1_88' title='bbox 175 519 272 539; x_wconf 84' lang='lat' dir='ltr'><strong>novum</strong></span> <span class='ocrx_word' id='word_1_89' title='bbox 295 511 431 538; x_wconf 80' lang='lat' dir='ltr'><strong>hominem</strong></span> <span class='ocrx_word' id='word_1_90' title='bbox 441 510 475 537; x_wconf 74' lang='lat'><strong>“.</strong></span> <span class='ocrx_word' id='word_1_91' title='bbox 491 519 501 535; x_wconf 72' lang='grc' dir='ltr'><strong>ν</strong></span> <span class='ocrx_word' id='word_1_92' title='bbox 520 509 552 536; x_wconf 78' lang='lat' dir='ltr'><strong>Et</strong></span> <span class='ocrx_word' id='word_1_93' title='bbox 568 516 678 536; x_wconf 79' lang='lat' dir='ltr'><strong>rursum</strong></span> <span class='ocrx_word' id='word_1_94' title='bbox 695 517 703 536; x_wconf 88' lang='lat'><strong>:</strong></span> <span class='ocrx_word' id='word_1_95' title='bbox 720 517 730 534; x_wconf 75' lang='grc' dir='ltr'><strong>ι</strong></span> <span class='ocrx_word' id='word_1_96' title='bbox 748 507 900 535; x_wconf 83' lang='lat' dir='ltr'><strong>Iuduamini</strong></span> <span class='ocrx_word' id='word_1_97' title='bbox 915 514 966 534; x_wconf 81' lang='lat' dir='ltr'><strong>no-</strong></span> 
     </span>
    </p>
   </div>
   <div class='ocr_carea' id='block_1_14' title="bbox 174 553 966 588">
    <p class='ocr_par' dir='ltr' id='par_1_14' title="bbox 174 553 966 588">
     <span class='ocr_line' id='line_1_14' title="bbox 174 553 966 588; baseline -0.005 -4"><span class='ocrx_word' id='word_1_98' title='bbox 174 566 235 586; x_wconf 89' lang='lat' dir='ltr'><strong>vum</strong></span> <span class='ocrx_word' id='word_1_99' title='bbox 250 558 387 584; x_wconf 91' lang='lat' dir='ltr'><strong>hominem</strong></span> <span class='ocrx_word' id='word_1_100' title='bbox 402 560 524 584; x_wconf 82' lang='lat' dir='ltr'><strong>creatum</strong></span> <span class='ocrx_word' id='word_1_101' title='bbox 538 554 689 583; x_wconf 82' lang='lat' dir='ltr'><strong>secundum</strong></span> <span class='ocrx_word' id='word_1_102' title='bbox 706 553 789 581; x_wconf 88' lang='lat' dir='ltr'><strong>Deum</strong></span> <span class='ocrx_word' id='word_1_103' title='bbox 821 553 847 581; x_wconf 90' lang='lat' dir='ltr'><strong>iu</strong></span> <span class='ocrx_word' id='word_1_104' title='bbox 862 553 966 588; x_wconf 78' lang='lat' dir='ltr'><strong>justitia</strong></span> 
     </span>
    </p>
   </div>
   <div class='ocr_carea' id='block_1_15' title="bbox 172 600 967 634">
    <p class='ocr_par' dir='ltr' id='par_1_15' title="bbox 172 600 967 634">
     <span class='ocr_line' id='line_1_15' title="bbox 172 600 967 634; baseline -0.006 -2"><span class='ocrx_word' id='word_1_105' title='bbox 172 608 200 632; x_wconf 87' lang='lat' dir='ltr'><strong>et</strong></span> <span class='ocrx_word' id='word_1_106' title='bbox 219 603 366 631; x_wconf 80' lang='lat' dir='ltr'><strong>sanctitate</strong></span> <span class='ocrx_word' id='word_1_107' title='bbox 383 602 506 629; x_wconf 76' lang='lat' dir='ltr'><strong>veritatis</strong></span> <span class='ocrx_word' id='word_1_108' title='bbox 516 601 550 629; x_wconf 75' lang='lat'><strong>“.</strong></span> <span class='ocrx_word' id='word_1_109' title='bbox 568 610 577 627; x_wconf 76' lang='grc' dir='ltr'><strong>ο</strong></span> <span class='ocrx_word' id='word_1_110' title='bbox 597 600 678 629; x_wconf 80' lang='lat' dir='ltr'><strong>Certe</strong></span> <span class='ocrx_word' id='word_1_111' title='bbox 700 600 785 627; x_wconf 80' lang='lat' dir='ltr'><strong>David</strong></span> <span class='ocrx_word' id='word_1_112' title='bbox 811 607 864 628; x_wconf 84' lang='lat' dir='ltr'><strong>non</strong></span> <span class='ocrx_word' id='word_1_113' title='bbox 881 607 967 634; x_wconf 79' lang='lat' dir='ltr'><strong>popu-</strong></span> 
     </span>
    </p>
   </div>
   <div class='ocr_carea' id='block_1_16' title="bbox 172 645 968 682">
    <p class='ocr_par' dir='ltr' id='par_1_16' title="bbox 172 645 968 682">
     <span class='ocr_line' id='line_1_16' title="bbox 172 645 968 682; baseline -0.004 -7"><span class='ocrx_word' id='word_1_114' title='bbox 172 649 227 676; x_wconf 83' lang='lat' dir='ltr'><strong>lum</strong></span> <span class='ocrx_word' id='word_1_115' title='bbox 240 648 385 682; x_wconf 76' lang='lat' dir='ltr'><strong>quemdam</strong></span> <span class='ocrx_word' id='word_1_116' title='bbox 401 647 551 674; x_wconf 77' lang='lat' dir='ltr'><strong>secundum</strong></span> <span class='ocrx_word' id='word_1_117' title='bbox 560 646 711 674; x_wconf 70' lang='lat' dir='ltr'><strong>essentiam</strong></span> <span class='ocrx_word' id='word_1_118' title='bbox 724 646 873 673; x_wconf 84' lang='lat' dir='ltr'><strong>creandum</strong></span> <span class='ocrx_word' id='word_1_119' title='bbox 885 645 968 680; x_wconf 69' lang='lat' dir='ltr'><strong>signi-</strong></span> 
     </span>
    </p>
   </div>
   <div class='ocr_carea' id='block_1_17' title="bbox 172 691 965 728">
    <p class='ocr_par' dir='ltr' id='par_1_17' title="bbox 172 691 965 728">
     <span class='ocr_line' id='line_1_17' title="bbox 172 691 965 728; baseline -0.001 -8"><span class='ocrx_word' id='word_1_120' title='bbox 172 694 273 724; x_wconf 79' lang='lat' dir='ltr'><strong>ﬁcavit,</strong></span> <span class='ocrx_word' id='word_1_121' title='bbox 292 693 339 721; x_wconf 81' lang='lat' dir='ltr'><strong>sed</strong></span> <span class='ocrx_word' id='word_1_122' title='bbox 358 700 391 721; x_wconf 74' lang='lat' dir='ltr'><strong>ex</strong></span> <span class='ocrx_word' id='word_1_123' title='bbox 405 700 499 721; x_wconf 87' lang='lat' dir='ltr'><strong>errore</strong></span> <span class='ocrx_word' id='word_1_124' title='bbox 516 692 550 720; x_wconf 84' lang='lat' dir='ltr'><strong>ad</strong></span> <span class='ocrx_word' id='word_1_125' title='bbox 572 691 753 728; x_wconf 71' lang='lat' dir='ltr'><strong>cognitionem</strong></span> <span class='ocrx_word' id='word_1_126' title='bbox 777 691 824 719; x_wconf 85' lang='lat' dir='ltr'><strong>Dei</strong></span> <span class='ocrx_word' id='word_1_127' title='bbox 846 691 965 720; x_wconf 80' lang='lat' dir='ltr'><strong>transla-</strong></span> 
     </span>
    </p>
   </div>
   <div class='ocr_carea' id='block_1_18' title="bbox 172 737 967 774">
    <p class='ocr_par' dir='ltr' id='par_1_18' title="bbox 172 737 967 774">
     <span class='ocr_line' id='line_1_18' title="bbox 172 737 967 774; baseline -0.003 -8"><span class='ocrx_word' id='word_1_128' title='bbox 172 744 238 766; x_wconf 87' lang='lat' dir='ltr'><strong>tum.</strong></span> <span class='ocrx_word' id='word_1_129' title='bbox 253 738 346 774; x_wconf 76' lang='lat' dir='ltr'><strong>Neque</strong></span> <span class='ocrx_word' id='word_1_130' title='bbox 363 739 446 766; x_wconf 81' lang='lat' dir='ltr'><strong>etiam</strong></span> <span class='ocrx_word' id='word_1_131' title='bbox 467 737 542 766; x_wconf 87' lang='lat' dir='ltr'><strong>aliud</strong></span> <span class='ocrx_word' id='word_1_132' title='bbox 561 742 661 772; x_wconf 59' lang='lat' dir='ltr'><strong>prater</strong></span> <span class='ocrx_word' id='word_1_133' title='bbox 680 737 706 765; x_wconf 90' lang='lat' dir='ltr'><strong>id</strong></span> <span class='ocrx_word' id='word_1_134' title='bbox 720 737 792 772; x_wconf 79' lang='lat' dir='ltr'><strong>quod</strong></span> <span class='ocrx_word' id='word_1_135' title='bbox 809 737 902 769; x_wconf 82' lang='lat' dir='ltr'><strong>habet,</strong></span> <span class='ocrx_word' id='word_1_136' title='bbox 919 744 967 765; x_wconf 87' lang='lat' dir='ltr'><strong>cor</strong></span> 
     </span>
    </p>
   </div>
   <div class='ocr_carea' id='block_1_19' title="bbox 170 782 965 818">
    <p class='ocr_par' dir='ltr' id='par_1_19' title="bbox 170 782 965 818">
     <span class='ocr_line' id='line_1_19' title="bbox 170 782 965 818; baseline -0.001 -7"><span class='ocrx_word' id='word_1_137' title='bbox 170 785 257 811; x_wconf 84' lang='lat' dir='ltr'><strong>creari</strong></span> <span class='ocrx_word' id='word_1_138' title='bbox 280 785 305 811; x_wconf 87' lang='lat' dir='ltr'><strong>in</strong></span> <span class='ocrx_word' id='word_1_139' title='bbox 328 791 359 810; x_wconf 83' lang='lat' dir='ltr'><strong>se</strong></span> <span class='ocrx_word' id='word_1_140' title='bbox 373 783 451 818; x_wconf 86' lang='lat' dir='ltr'><strong>petit,</strong></span> <span class='ocrx_word' id='word_1_141' title='bbox 466 782 515 810; x_wconf 78' lang='lat' dir='ltr'><strong>sed</strong></span> <span class='ocrx_word' id='word_1_142' title='bbox 543 783 577 810; x_wconf 82' lang='lat' dir='ltr'><strong>ad</strong></span> <span class='ocrx_word' id='word_1_143' title='bbox 601 782 748 818; x_wconf 81' lang='lat' dir='ltr'><strong>puritatem</strong></span> <span class='ocrx_word' id='word_1_144' title='bbox 768 782 858 810; x_wconf 81' lang='lat' dir='ltr'><strong>cordis</strong></span> <span class='ocrx_word' id='word_1_145' title='bbox 876 787 965 810; x_wconf 76' lang='lat' dir='ltr'><strong>trans-</strong></span> 
     </span>
    </p>
   </div>
   <div class='ocr_carea' id='block_1_20' title="bbox 172 827 964 864">
    <p class='ocr_par' dir='ltr' id='par_1_20' title="bbox 172 827 964 864">
     <span class='ocr_line' id='line_1_20' title="bbox 172 827 964 864; baseline 0.001 -8"><span class='ocrx_word' id='word_1_146' title='bbox 172 831 235 857; x_wconf 81' lang='lat' dir='ltr'><strong>ferri</strong></span> <span class='ocrx_word' id='word_1_147' title='bbox 252 830 335 864; x_wconf 85' lang='lat' dir='ltr'><strong>cupit.</strong></span> <span class='ocrx_word' id='word_1_148' title='bbox 352 829 579 864; x_wconf 79' lang='lat' dir='ltr'><strong>Sapientissimus</strong></span> <span class='ocrx_word' id='word_1_149' title='bbox 598 833 688 857; x_wconf 82' lang='lat' dir='ltr'><strong>autem</strong></span> <span class='ocrx_word' id='word_1_150' title='bbox 703 828 815 861; x_wconf 82' lang='lat' dir='ltr'><strong>Paulus,</strong></span> <span class='ocrx_word' id='word_1_151' title='bbox 831 836 883 857; x_wconf 85' lang='lat' dir='ltr'><strong>non</strong></span> <span class='ocrx_word' id='word_1_152' title='bbox 895 827 964 857; x_wconf 82' lang='lat' dir='ltr'><strong>duos</strong></span> 
     </span>
    </p>
   </div>
   <div class='ocr_carea' id='block_1_21' title="bbox 172 873 964 909">
    <p class='ocr_par' dir='ltr' id='par_1_21' title="bbox 172 873 964 909">
     <span class='ocr_line' id='line_1_21' title="bbox 172 873 964 909; baseline 0.001 -8"><span class='ocrx_word' id='word_1_153' title='bbox 172 875 296 902; x_wconf 77' lang='lat' dir='ltr'><strong>homines</strong></span> <span class='ocrx_word' id='word_1_154' title='bbox 311 875 336 901; x_wconf 92' lang='lat' dir='ltr'><strong>iu</strong></span> <span class='ocrx_word' id='word_1_155' title='bbox 350 875 483 902; x_wconf 86' lang='lat' dir='ltr'><strong>unitatem</strong></span> <span class='ocrx_word' id='word_1_156' title='bbox 498 873 649 902; x_wconf 78' lang='lat' dir='ltr'><strong>naturalem</strong></span> <span class='ocrx_word' id='word_1_157' title='bbox 663 882 711 909; x_wconf 89' lang='lat' dir='ltr'><strong>per</strong></span> <span class='ocrx_word' id='word_1_158' title='bbox 723 873 863 902; x_wconf 83' lang='lat' dir='ltr'><strong>Christum</strong></span> <span class='ocrx_word' id='word_1_159' title='bbox 876 875 964 902; x_wconf 80' lang='lat' dir='ltr'><strong>creari</strong></span> 
     </span>
    </p>
   </div>
   <div class='ocr_carea' id='block_1_22' title="bbox 171 920 964 956">
    <p class='ocr_par' dir='ltr' id='par_1_22' title="bbox 171 920 964 956">
     <span class='ocr_line' id='line_1_22' title="bbox 171 920 964 956; baseline 0.001 -9"><span class='ocrx_word' id='word_1_160' title='bbox 171 921 247 952; x_wconf 86' lang='lat' dir='ltr'><strong>dicit,</strong></span> <span class='ocrx_word' id='word_1_161' title='bbox 267 921 303 947; x_wconf 90' lang='lat' dir='ltr'><strong>ita</strong></span> <span class='ocrx_word' id='word_1_162' title='bbox 321 926 350 948; x_wconf 90' lang='lat' dir='ltr'><strong>ut</strong></span> <span class='ocrx_word' id='word_1_163' title='bbox 369 920 520 948; x_wconf 79' lang='lat' dir='ltr'><strong>exsistendi</strong></span> <span class='ocrx_word' id='word_1_164' title='bbox 541 920 705 956; x_wconf 84' lang='lat' dir='ltr'><strong>principium</strong></span> <span class='ocrx_word' id='word_1_165' title='bbox 727 921 895 956; x_wconf 80' lang='lat' dir='ltr'><strong>acciperent.</strong></span> <span class='ocrx_word' id='word_1_166' title='bbox 917 922 964 948; x_wconf 89' lang='lat' dir='ltr'><strong>sed</strong></span> 
     </span>
    </p>
   </div>
   <div class='ocr_carea' id='block_1_23' title="bbox 171 966 964 1002">
    <p class='ocr_par' dir='ltr' id='par_1_23' title="bbox 171 966 964 1002">
     <span class='ocr_line' id='line_1_23' title="bbox 171 966 964 1002; baseline 0 -8"><span class='ocrx_word' id='word_1_167' title='bbox 171 967 299 1002; x_wconf 86' lang='lat' dir='ltr'><strong>populum</strong></span> <span class='ocrx_word' id='word_1_168' title='bbox 315 966 492 994; x_wconf 85' lang='lat' dir='ltr'><strong>lsraeliticum</strong></span> <span class='ocrx_word' id='word_1_169' title='bbox 513 973 540 994; x_wconf 88' lang='lat' dir='ltr'><strong>et</strong></span> <span class='ocrx_word' id='word_1_170' title='bbox 561 971 656 1002; x_wconf 77' lang='lat' dir='ltr'><strong>gentes</strong></span> <span class='ocrx_word' id='word_1_171' title='bbox 678 967 704 994; x_wconf 91' lang='lat' dir='ltr'><strong>in</strong></span> <span class='ocrx_word' id='word_1_172' title='bbox 721 967 868 994; x_wconf 87' lang='lat' dir='ltr'><strong>n0vitatem</strong></span> <span class='ocrx_word' id='word_1_173' title='bbox 889 975 964 994; x_wconf 90' lang='lat' dir='ltr'><strong>men-</strong></span> 
     </span>
    </p>
   </div>
   <div class='ocr_carea' id='block_1_24' title="bbox 172 1012 963 1050">
    <p class='ocr_par' dir='ltr' id='par_1_24' title="bbox 172 1012 963 1050">
     <span class='ocr_line' id='line_1_24' title="bbox 172 1012 963 1050; baseline 0 -10"><span class='ocrx_word' id='word_1_174' title='bbox 172 1014 207 1040; x_wconf 83' lang='lat' dir='ltr'><strong>tis</strong></span> <span class='ocrx_word' id='word_1_175' title='bbox 236 1013 374 1041; x_wconf 86' lang='lat' dir='ltr'><strong>traductos</strong></span> <span class='ocrx_word' id='word_1_176' title='bbox 402 1012 479 1045; x_wconf 86' lang='lat' dir='ltr'><strong>dicit,</strong></span> <span class='ocrx_word' id='word_1_177' title='bbox 509 1017 591 1048; x_wconf 85' lang='lat' dir='ltr'><strong>atque</strong></span> <span class='ocrx_word' id='word_1_178' title='bbox 615 1013 675 1041; x_wconf 88' lang='lat' dir='ltr'><strong>illos</strong></span> <span class='ocrx_word' id='word_1_179' title='bbox 703 1013 812 1048; x_wconf 81' lang='lat' dir='ltr'><strong>quidem</strong></span> <span class='ocrx_word' id='word_1_180' title='bbox 843 1020 859 1040; x_wconf 87' lang='lat' dir='ltr'><strong>a</strong></span> <span class='ocrx_word' id='word_1_181' title='bbox 886 1013 963 1050; x_wconf 69' lang='lat' dir='ltr'><strong>legali</strong></span> 
     </span>
    </p>
   </div>
   <div class='ocr_carea' id='block_1_25' title="bbox 169 1058 964 1094">
    <p class='ocr_par' dir='ltr' id='par_1_25' title="bbox 169 1058 964 1094">
     <span class='ocr_line' id='line_1_25' title="bbox 169 1058 964 1094; baseline 0 -7"><span class='ocrx_word' id='word_1_182' title='bbox 169 1059 257 1091; x_wconf 85' lang='lat' dir='ltr'><strong>cultu,</strong></span> <span class='ocrx_word' id='word_1_183' title='bbox 288 1059 337 1086; x_wconf 90' lang='lat' dir='ltr'><strong>hos</strong></span> <span class='ocrx_word' id='word_1_184' title='bbox 354 1066 417 1086; x_wconf 85' lang='lat' dir='ltr'><strong>vero</strong></span> <span class='ocrx_word' id='word_1_185' title='bbox 432 1059 467 1086; x_wconf 82' lang='lat' dir='ltr'><strong>ab</strong></span> <span class='ocrx_word' id='word_1_186' title='bbox 482 1059 582 1087; x_wconf 87' lang='lat' dir='ltr'><strong>usitato</strong></span> <span class='ocrx_word' id='word_1_187' title='bbox 600 1063 628 1087; x_wconf 93' lang='lat' dir='ltr'><strong>et</strong></span> <span class='ocrx_word' id='word_1_188' title='bbox 645 1058 773 1086; x_wconf 79' lang='lat' dir='ltr'><strong>familiari</strong></span> <span class='ocrx_word' id='word_1_189' title='bbox 791 1059 856 1094; x_wconf 81' lang='lat' dir='ltr'><strong>ipsis</strong></span> <span class='ocrx_word' id='word_1_190' title='bbox 870 1066 964 1088; x_wconf 88' lang='lat' dir='ltr'><strong>errore</strong></span> 
     </span>
    </p>
   </div>
   <div class='ocr_carea' id='block_1_26' title="bbox 170 1105 963 1141">
    <p class='ocr_par' dir='ltr' id='par_1_26' title="bbox 170 1105 963 1141">
     <span class='ocr_line' id='line_1_26' title="bbox 170 1105 963 1141; baseline 0.001 -9"><span class='ocrx_word' id='word_1_191' title='bbox 170 1106 312 1132; x_wconf 80' lang='lat' dir='ltr'><strong>abductas.</strong></span> <span class='ocrx_word' id='word_1_192' title='bbox 337 1105 370 1131; x_wconf 86' lang='lat' dir='ltr'><strong>Et</strong></span> <span class='ocrx_word' id='word_1_193' title='bbox 395 1112 492 1132; x_wconf 89' lang='lat' dir='ltr'><strong>rursus</strong></span> <span class='ocrx_word' id='word_1_194' title='bbox 514 1112 610 1133; x_wconf 88' lang='lat' dir='ltr'><strong>omnes</strong></span> <span class='ocrx_word' id='word_1_195' title='bbox 638 1105 711 1133; x_wconf 90' lang='lat' dir='ltr'><strong>indui</strong></span> <span class='ocrx_word' id='word_1_196' title='bbox 725 1105 804 1141; x_wconf 83' lang='lat' dir='ltr'><strong>jubet</strong></span> <span class='ocrx_word' id='word_1_197' title='bbox 827 1106 963 1133; x_wconf 85' lang='lat' dir='ltr'><strong>hominem</strong></span> 
     </span>
    </p>
   </div>
   <div class='ocr_carea' id='block_1_27' title="bbox 171 1150 964 1188">
    <p class='ocr_par' dir='ltr' id='par_1_27' title="bbox 171 1150 964 1188">
     <span class='ocr_line' id='line_1_27' title="bbox 171 1150 964 1188; baseline 0.001 -10"><span class='ocrx_word' id='word_1_198' title='bbox 171 1159 279 1184; x_wconf 81' lang='lat' dir='ltr'><strong>novum,</strong></span> <span class='ocrx_word' id='word_1_199' title='bbox 292 1152 337 1186; x_wconf 91' lang='lat' dir='ltr'><strong>qui</strong></span> <span class='ocrx_word' id='word_1_200' title='bbox 353 1151 501 1178; x_wconf 80' lang='lat' dir='ltr'><strong>secundum</strong></span> <span class='ocrx_word' id='word_1_201' title='bbox 515 1150 601 1179; x_wconf 90' lang='lat' dir='ltr'><strong>Deum</strong></span> <span class='ocrx_word' id='word_1_202' title='bbox 614 1156 724 1180; x_wconf 87' lang='lat' dir='ltr'><strong>creatus</strong></span> <span class='ocrx_word' id='word_1_203' title='bbox 738 1156 790 1180; x_wconf 87' lang='lat' dir='ltr'><strong>est.</strong></span> <span class='ocrx_word' id='word_1_204' title='bbox 808 1152 890 1188; x_wconf 85' lang='lat' dir='ltr'><strong>Atqui</strong></span> <span class='ocrx_word' id='word_1_205' title='bbox 906 1159 964 1179; x_wconf 87' lang='lat' dir='ltr'><strong>ma-</strong></span> 
     </span>
    </p>
   </div>
   <div class='ocr_carea' id='block_1_28' title="bbox 171 1197 963 1234">
    <p class='ocr_par' dir='ltr' id='par_1_28' title="bbox 171 1197 963 1234">
     <span class='ocr_line' id='line_1_28' title="bbox 171 1197 963 1234; baseline 0.001 -10"><span class='ocrx_word' id='word_1_206' title='bbox 171 1197 297 1225; x_wconf 78' lang='lat' dir='ltr'><strong>nifestum</strong></span> <span class='ocrx_word' id='word_1_207' title='bbox 325 1202 376 1229; x_wconf 88' lang='lat' dir='ltr'><strong>est,</strong></span> <span class='ocrx_word' id='word_1_208' title='bbox 394 1197 468 1224; x_wconf 91' lang='lat' dir='ltr'><strong>illum</strong></span> <span class='ocrx_word' id='word_1_209' title='bbox 487 1205 541 1225; x_wconf 92' lang='lat' dir='ltr'><strong>non</strong></span> <span class='ocrx_word' id='word_1_210' title='bbox 566 1198 704 1225; x_wconf 89' lang='lat' dir='ltr'><strong>hominem</strong></span> <span class='ocrx_word' id='word_1_211' title='bbox 729 1198 847 1234; x_wconf 82' lang='lat' dir='ltr'><strong>aliquem</strong></span> <span class='ocrx_word' id='word_1_212' title='bbox 865 1206 963 1227; x_wconf 83' lang='lat' dir='ltr'><strong>secun-</strong></span> 
     </span>
    </p>
   </div>
   <div class='ocr_carea' id='block_1_29' title="bbox 170 1244 963 1279">
    <p class='ocr_par' dir='ltr' id='par_1_29' title="bbox 170 1244 963 1279">
     <span class='ocr_line' id='line_1_29' title="bbox 170 1244 963 1279; baseline 0.001 -8"><span class='ocrx_word' id='word_1_213' title='bbox 170 1245 232 1271; x_wconf 88' lang='lat' dir='ltr'><strong>dum</strong></span> <span class='ocrx_word' id='word_1_214' title='bbox 256 1244 403 1272; x_wconf 82' lang='lat' dir='ltr'><strong>essentiam</strong></span> <span class='ocrx_word' id='word_1_215' title='bbox 430 1244 531 1272; x_wconf 79' lang='lat' dir='ltr'><strong>factum</strong></span> <span class='ocrx_word' id='word_1_216' title='bbox 558 1244 724 1279; x_wconf 71' lang='lat' dir='ltr'><strong>significare,</strong></span> <span class='ocrx_word' id='word_1_217' title='bbox 748 1252 827 1279; x_wconf 89' lang='lat' dir='ltr'><strong>quem</strong></span> <span class='ocrx_word' id='word_1_218' title='bbox 852 1245 963 1272; x_wconf 89' lang='lat' dir='ltr'><strong>induere</strong></span> 
     </span>
    </p>
   </div>
   <div class='ocr_carea' id='block_1_30' title="bbox 169 1289 963 1324">
    <p class='ocr_par' dir='ltr' id='par_1_30' title="bbox 169 1289 963 1324">
     <span class='ocr_line' id='line_1_30' title="bbox 169 1289 963 1324; baseline 0.001 -8"><span class='ocrx_word' id='word_1_219' title='bbox 169 1293 306 1322; x_wconf 86' lang='lat' dir='ltr'><strong>oporteat,</strong></span> <span class='ocrx_word' id='word_1_220' title='bbox 332 1290 378 1316; x_wconf 88' lang='lat' dir='ltr'><strong>sed</strong></span> <span class='ocrx_word' id='word_1_221' title='bbox 404 1290 489 1317; x_wconf 85' lang='lat' dir='ltr'><strong>vitam</strong></span> <span class='ocrx_word' id='word_1_222' title='bbox 503 1289 580 1324; x_wconf 78' lang='lat' dir='ltr'><strong>juxta</strong></span> <span class='ocrx_word' id='word_1_223' title='bbox 602 1290 710 1318; x_wconf 82' lang='lat' dir='ltr'><strong>virtutis</strong></span> <span class='ocrx_word' id='word_1_224' title='bbox 735 1297 858 1318; x_wconf 83' lang='lat' dir='ltr'><strong>normam</strong></span> <span class='ocrx_word' id='word_1_225' title='bbox 886 1290 963 1318; x_wconf 90' lang='lat' dir='ltr'><strong>insti-</strong></span> 
     </span>
    </p>
   </div>
   <div class='ocr_carea' id='block_1_31' title="bbox 169 1335 961 1371">
    <p class='ocr_par' dir='ltr' id='par_1_31' title="bbox 169 1335 961 1371">
     <span class='ocr_line' id='line_1_31' title="bbox 169 1335 961 1371; baseline 0.003 -9"><span class='ocrx_word' id='word_1_226' title='bbox 169 1336 220 1369; x_wconf 90' lang='lat' dir='ltr'><strong>tui,</strong></span> <span class='ocrx_word' id='word_1_227' title='bbox 244 1341 271 1362; x_wconf 87' lang='lat' dir='ltr'><strong>et</strong></span> <span class='ocrx_word' id='word_1_228' title='bbox 299 1335 466 1362; x_wconf 83' lang='lat' dir='ltr'><strong>voluntatem</strong></span> <span class='ocrx_word' id='word_1_229' title='bbox 492 1336 640 1363; x_wconf 83' lang='lat' dir='ltr'><strong>instaurari</strong></span> <span class='ocrx_word' id='word_1_230' title='bbox 665 1340 748 1371; x_wconf 86' lang='lat' dir='ltr'><strong>atque</strong></span> <span class='ocrx_word' id='word_1_231' title='bbox 771 1336 905 1364; x_wconf 88' lang='lat' dir='ltr'><strong>innovari.</strong></span> <span class='ocrx_word' id='word_1_232' title='bbox 932 1335 961 1364; x_wconf 92' lang='lat' dir='ltr'><strong>Si</strong></span> 
     </span>
    </p>
   </div>
   <div class='ocr_carea' id='block_1_32' title="bbox 168 1380 960 1417">
    <p class='ocr_par' dir='ltr' id='par_1_32' title="bbox 168 1380 960 1417">
     <span class='ocr_line' id='line_1_32' title="bbox 168 1380 960 1417; baseline 0 -9"><span class='ocrx_word' id='word_1_233' title='bbox 168 1388 234 1416; x_wconf 71' lang='lat' dir='ltr'><strong>ergo</strong></span> <span class='ocrx_word' id='word_1_234' title='bbox 250 1381 338 1408; x_wconf 84' lang='lat' dir='ltr'><strong>creari</strong></span> <span class='ocrx_word' id='word_1_235' title='bbox 356 1389 408 1408; x_wconf 93' lang='lat' dir='ltr'><strong>non</strong></span> <span class='ocrx_word' id='word_1_236' title='bbox 424 1388 531 1415; x_wconf 89' lang='lat' dir='ltr'><strong>semper</strong></span> <span class='ocrx_word' id='word_1_237' title='bbox 546 1380 625 1417; x_wconf 80' lang='lat'><strong>151</strong></span> <span class='ocrx_word' id='word_1_238' title='bbox 647 1382 793 1409; x_wconf 79' lang='lat' dir='ltr'><strong>essentiam</strong></span> <span class='ocrx_word' id='word_1_239' title='bbox 810 1382 960 1417; x_wconf 80' lang='lat' dir='ltr'><strong>signiﬁcat,</strong></span> 
     </span>
    </p>
   </div>
   <div class='ocr_carea' id='block_1_33' title="bbox 169 1426 960 1462">
    <p class='ocr_par' dir='ltr' id='par_1_33' title="bbox 169 1426 960 1462">
     <span class='ocr_line' id='line_1_33' title="bbox 169 1426 960 1462; baseline 0.004 -10"><span class='ocrx_word' id='word_1_240' title='bbox 169 1435 249 1461; x_wconf 81' lang='lat' dir='ltr'><strong>quant</strong></span> <span class='ocrx_word' id='word_1_241' title='bbox 267 1426 400 1454; x_wconf 84' lang='lat' dir='ltr'><strong>rationem</strong></span> <span class='ocrx_word' id='word_1_242' title='bbox 423 1426 514 1460; x_wconf 81' lang='lat' dir='ltr'><strong>habet,</strong></span> <span class='ocrx_word' id='word_1_243' title='bbox 536 1431 583 1454; x_wconf 89' lang='lat' dir='ltr'><strong>aut</strong></span> <span class='ocrx_word' id='word_1_244' title='bbox 616 1427 753 1462; x_wconf 89' lang='lat' dir='ltr'><strong>quomodo</strong></span> <span class='ocrx_word' id='word_1_245' title='bbox 775 1435 828 1455; x_wconf 90' lang='lat' dir='ltr'><strong>non</strong></span> <span class='ocrx_word' id='word_1_246' title='bbox 851 1427 960 1455; x_wconf 87' lang='lat' dir='ltr'><strong>stultum</strong></span> 
     </span>
    </p>
   </div>
   <div class='ocr_carea' id='block_1_34' title="bbox 1018 181 1818 218">
    <p class='ocr_par' dir='ltr' id='par_1_34' title="bbox 1018 181 1818 218">
     <span class='ocr_line' id='line_1_34' title="bbox 1018 181 1818 218; baseline -0.001 -8"><span class='ocrx_word' id='word_1_247' title='bbox 1018 184 1072 210; x_wconf 87' lang='grc' dir='ltr'><strong>τῶν</strong></span> <span class='ocrx_word' id='word_1_248' title='bbox 1088 183 1172 210; x_wconf 73' lang='grc' dir='ltr'>ὅντων</span> <span class='ocrx_word' id='word_1_249' title='bbox 1187 183 1236 218; x_wconf 70' lang='grc' dir='ltr'><strong>ἤδη</strong></span> <span class='ocrx_word' id='word_1_250' title='bbox 1256 184 1305 210; x_wconf 76' lang='grc' dir='ltr'>καὶ</span> <span class='ocrx_word' id='word_1_251' title='bbox 1320 183 1373 209; x_wconf 82' lang='grc' dir='ltr'><strong>τῶν</strong></span> <span class='ocrx_word' id='word_1_252' title='bbox 1390 183 1528 215; x_wconf 75' lang='grc' dir='ltr'>κτίζεσθαι</span> <span class='ocrx_word' id='word_1_253' title='bbox 1548 184 1619 210; x_wconf 73' lang='grc' dir='ltr'>κατὰ</span> <span class='ocrx_word' id='word_1_254' title='bbox 1631 182 1661 210; x_wconf 82' lang='grc' dir='ltr'>τὸ</span> <span class='ocrx_word' id='word_1_255' title='bbox 1684 181 1756 210; x_wconf 75' lang='grc' dir='ltr'>εἶναι</span> <span class='ocrx_word' id='word_1_256' title='bbox 1778 191 1818 218; x_wconf 80' lang='grc' dir='ltr'><strong>μη</strong></span> 
     </span>
    </p>
   </div>
   <div class='ocr_carea' id='block_1_35' title="bbox 1017 229 1818 265">
    <p class='ocr_par' dir='ltr' id='par_1_35' title="bbox 1017 229 1818 265">
     <span class='ocr_line' id='line_1_35' title="bbox 1017 229 1818 265; baseline 0 -9"><span class='ocrx_word' id='word_1_257' title='bbox 1017 229 1162 264; x_wconf 77' lang='grc' dir='ltr'><strong>δεομένων,</strong></span> <span class='ocrx_word' id='word_1_258' title='bbox 1181 229 1275 255; x_wconf 77' lang='grc' dir='ltr'>οὐκέτι</span> <span class='ocrx_word' id='word_1_259' title='bbox 1291 229 1341 265; x_wconf 66' lang='grc' dir='ltr'><strong>τὴν</strong></span> <span class='ocrx_word' id='word_1_260' title='bbox 1360 229 1454 256; x_wconf 72' lang='grc' dir='ltr'>οὐσίαν</span> <span class='ocrx_word' id='word_1_261' title='bbox 1471 229 1609 265; x_wconf 72' lang='grc' dir='ltr'><strong>σημαίνει,</strong></span> <span class='ocrx_word' id='word_1_262' title='bbox 1629 229 1698 257; x_wconf 74' lang='grc' dir='ltr'>ἀλλὰ</span> <span class='ocrx_word' id='word_1_263' title='bbox 1716 230 1767 264; x_wconf 81' lang='grc' dir='ltr'>τὴν</span> <span class='ocrx_word' id='word_1_264' title='bbox 1785 230 1818 256; x_wconf 73' lang='lat' dir='ltr'><strong>Ex</strong></span> 
     </span>
    </p>
   </div>
   <div class='ocr_carea' id='block_1_36' title="bbox 1018 275 1818 312">
    <p class='ocr_par' dir='ltr' id='par_1_36' title="bbox 1018 275 1818 312">
     <span class='ocr_line' id='line_1_36' title="bbox 1018 275 1818 312; baseline 0 -10"><span class='ocrx_word' id='word_1_265' title='bbox 1018 283 1091 307; x_wconf 85' lang='grc' dir='ltr'>τινος</span> <span class='ocrx_word' id='word_1_266' title='bbox 1110 275 1204 310; x_wconf 72' lang='grc' dir='ltr'>ἑτέρου</span> <span class='ocrx_word' id='word_1_267' title='bbox 1226 275 1294 311; x_wconf 75' lang='grc' dir='ltr'>πρὸς</span> <span class='ocrx_word' id='word_1_268' title='bbox 1312 275 1405 312; x_wconf 77' lang='grc' dir='ltr'>ῑτερόν</span> <span class='ocrx_word' id='word_1_269' title='bbox 1427 284 1454 302; x_wconf 89' lang='grc' dir='ltr'><strong>τι</strong></span> <span class='ocrx_word' id='word_1_270' title='bbox 1483 276 1659 311; x_wconf 76' lang='grc' dir='ltr'>μετάστασιν.</span> <span class='ocrx_word' id='word_1_271' title='bbox 1683 276 1729 309; x_wconf 79' lang='grc' dir='ltr'>Ὦς</span> <span class='ocrx_word' id='word_1_272' title='bbox 1750 277 1818 304; x_wconf 78' lang='grc' dir='ltr'>ὅταν</span> 
     </span>
    </p>
   </div>
   <div class='ocr_carea' id='block_1_37' title="bbox 1018 321 1818 358">
    <p class='ocr_par' dir='ltr' id='par_1_37' title="bbox 1018 321 1818 358">
     <span class='ocr_line' id='line_1_37' title="bbox 1018 321 1818 358; baseline 0 -9"><span class='ocrx_word' id='word_1_273' title='bbox 1018 322 1086 357; x_wconf 74' lang='grc' dir='ltr'>λέγῃ</span> <span class='ocrx_word' id='word_1_274' title='bbox 1106 322 1207 349; x_wconf 77' lang='grc' dir='ltr'><strong>Δαϐίδ·</strong></span> <span class='ocrx_word' id='word_1_275' title='bbox 1227 331 1237 348; x_wconf 78' lang='grc' dir='ltr'><strong>ι</strong></span> <span class='ocrx_word' id='word_1_276' title='bbox 1259 322 1314 349; x_wconf 75' lang='grc' dir='ltr'><strong>Καὶ</strong></span> <span class='ocrx_word' id='word_1_277' title='bbox 1336 321 1400 355; x_wconf 73' lang='grc' dir='ltr'>λαὸς</span> <span class='ocrx_word' id='word_1_278' title='bbox 1415 323 1428 348; x_wconf 84' lang='grc' dir='ltr'><strong>ό</strong></span> <span class='ocrx_word' id='word_1_279' title='bbox 1446 322 1617 358; x_wconf 75' lang='grc' dir='ltr'>κτιζόμενος,</span> <span class='ocrx_word' id='word_1_280' title='bbox 1645 323 1748 350; x_wconf 80' lang='grc' dir='ltr'><strong>αἰνέσει</strong></span> <span class='ocrx_word' id='word_1_281' title='bbox 1771 324 1818 349; x_wconf 74' lang='grc' dir='ltr'>τὸν</span> 
     </span>
    </p>
   </div>
   <div class='ocr_carea' id='block_1_38' title="bbox 1019 368 1836 405">
    <p class='ocr_par' dir='ltr' id='par_1_38' title="bbox 1019 368 1836 405">
     <span class='ocr_line' id='line_1_38' title="bbox 1019 368 1836 405; baseline -0.004 -8"><span class='ocrx_word' id='word_1_282' title='bbox 1019 368 1132 404; x_wconf 75' lang='grc' dir='ltr'>Κύριον.</span> <span class='ocrx_word' id='word_1_283' title='bbox 1154 377 1164 394; x_wconf 80' lang='grc' dir='ltr'><strong>ι</strong></span> <span class='ocrx_word' id='word_1_284' title='bbox 1183 369 1239 396; x_wconf 80' lang='grc' dir='ltr'><strong>Καὶ</strong></span> <span class='ocrx_word' id='word_1_285' title='bbox 1259 369 1358 396; x_wconf 80' lang='grc' dir='ltr'>πάλιν·</span> <span class='ocrx_word' id='word_1_286' title='bbox 1386 378 1396 394; x_wconf 76' lang='grc' dir='ltr'><strong>ι</strong></span> <span class='ocrx_word' id='word_1_287' title='bbox 1423 369 1547 405; x_wconf 77' lang='grc' dir='ltr'><strong>Καρδίαν</strong></span> <span class='ocrx_word' id='word_1_288' title='bbox 1571 369 1697 405; x_wconf 82' lang='grc' dir='ltr'>καθαρὰν</span> <span class='ocrx_word' id='word_1_289' title='bbox 1720 370 1836 405; x_wconf 53' lang='grc' dir='ltr'>κτίσο-ιί</span> 
     </span>
    </p>
   </div>
   <div class='ocr_carea' id='block_1_39' title="bbox 1018 398 1836 451">
    <p class='ocr_par' dir='ltr' id='par_1_39' title="bbox 1018 398 1836 451">
     <span class='ocr_line' id='line_1_39' title="bbox 1018 398 1836 451; baseline 0.001 -10"><span class='ocrx_word' id='word_1_290' title='bbox 1018 416 1049 441; x_wconf 80' lang='grc' dir='ltr'>ὲν</span> <span class='ocrx_word' id='word_1_291' title='bbox 1063 398 1138 450; x_wconf 55' lang='grc' dir='ltr'>εμοὶ,</span> <span class='ocrx_word' id='word_1_292' title='bbox 1152 416 1167 442; x_wconf 83' lang='grc' dir='ltr'><strong>ό</strong></span> <span class='ocrx_word' id='word_1_293' title='bbox 1183 414 1260 447; x_wconf 76' lang='grc' dir='ltr'>Θεός.</span> <span class='ocrx_word' id='word_1_294' title='bbox 1275 425 1285 441; x_wconf 82' lang='grc' dir='ltr'><strong>ι</strong></span> <span class='ocrx_word' id='word_1_295' title='bbox 1301 415 1330 441; x_wconf 87' lang='lat'><strong>&#39;0</strong></span> <span class='ocrx_word' id='word_1_296' title='bbox 1345 415 1373 442; x_wconf 82' lang='grc' dir='ltr'><strong>δὲ</strong></span> <span class='ocrx_word' id='word_1_297' title='bbox 1393 398 1499 447; x_wconf 72' lang='grc' dir='ltr'>Παῦλός</span> <span class='ocrx_word' id='word_1_298' title='bbox 1513 415 1579 451; x_wconf 77' lang='grc' dir='ltr'>φησι</span> <span class='ocrx_word' id='word_1_299' title='bbox 1597 398 1654 442; x_wconf 47' lang='grc' dir='ltr'>που.</span> <span class='ocrx_word' id='word_1_300' title='bbox 1665 415 1731 451; x_wconf 74' lang='grc' dir='ltr'>περὶ</span> <span class='ocrx_word' id='word_1_301' title='bbox 1751 398 1836 451; x_wconf 43' lang='grc' dir='ltr'>Χριι,</span> 
     </span>
    </p>
   </div>
   <div class='ocr_carea' id='block_1_40' title="bbox 1019 461 1818 497">
    <p class='ocr_par' dir='ltr' id='par_1_40' title="bbox 1019 461 1818 497">
     <span class='ocr_line' id='line_1_40' title="bbox 1019 461 1818 497; baseline 0 -9"><span class='ocrx_word' id='word_1_302' title='bbox 1019 461 1082 488; x_wconf 84' lang='grc' dir='ltr'>στοῦ</span> <span class='ocrx_word' id='word_1_303' title='bbox 1093 470 1101 477; x_wconf 75' lang='grc' dir='ltr'><strong>ο</strong></span> <span class='ocrx_word' id='word_1_304' title='bbox 1117 471 1126 486; x_wconf 80' lang='grc' dir='ltr'><strong>ι</strong></span> <span class='ocrx_word' id='word_1_305' title='bbox 1145 461 1198 488; x_wconf 79' lang='grc' dir='ltr'><strong>Τὸν</strong></span> <span class='ocrx_word' id='word_1_306' title='bbox 1209 461 1291 496; x_wconf 86' lang='grc' dir='ltr'>νόμον</span> <span class='ocrx_word' id='word_1_307' title='bbox 1300 461 1355 488; x_wconf 84' lang='grc' dir='ltr'><strong>τῶν</strong></span> <span class='ocrx_word' id='word_1_308' title='bbox 1369 461 1482 488; x_wconf 69' lang='grc' dir='ltr'>ἐντολῶν</span> <span class='ocrx_word' id='word_1_309' title='bbox 1497 462 1525 488; x_wconf 86' lang='grc' dir='ltr'>ὲν</span> <span class='ocrx_word' id='word_1_310' title='bbox 1539 461 1658 496; x_wconf 79' lang='grc' dir='ltr'>δόγμασι</span> <span class='ocrx_word' id='word_1_311' title='bbox 1671 463 1818 497; x_wconf 83' lang='grc' dir='ltr'>καταργή-</span> 
     </span>
    </p>
   </div>
   <div class='ocr_carea' id='block_1_41' title="bbox 1018 507 1817 543">
    <p class='ocr_par' dir='ltr' id='par_1_41' title="bbox 1018 507 1817 543">
     <span class='ocr_line' id='line_1_41' title="bbox 1018 507 1817 543; baseline -0.003 -9"><span class='ocrx_word' id='word_1_312' title='bbox 1018 516 1078 540; x_wconf 82' lang='grc' dir='ltr'>σας,</span> <span class='ocrx_word' id='word_1_313' title='bbox 1095 507 1139 534; x_wconf 74' lang='grc' dir='ltr'><strong>ἵνα</strong></span> <span class='ocrx_word' id='word_1_314' title='bbox 1163 508 1230 539; x_wconf 82' lang='grc' dir='ltr'>τοὺς</span> <span class='ocrx_word' id='word_1_315' title='bbox 1254 507 1302 534; x_wconf 86' lang='grc' dir='ltr'><strong>δύο</strong></span> <span class='ocrx_word' id='word_1_316' title='bbox 1321 507 1401 543; x_wconf 80' lang='grc' dir='ltr'>κτίσῃ</span> <span class='ocrx_word' id='word_1_317' title='bbox 1426 507 1456 534; x_wconf 69' lang='grc' dir='ltr'>ἓν</span> <span class='ocrx_word' id='word_1_318' title='bbox 1479 507 1568 542; x_wconf 77' lang='grc' dir='ltr'>ἑαυτῷ</span> <span class='ocrx_word' id='word_1_319' title='bbox 1590 508 1630 539; x_wconf 79' lang='grc' dir='ltr'><strong>εἰς</strong></span> <span class='ocrx_word' id='word_1_320' title='bbox 1653 507 1701 535; x_wconf 75' lang='grc' dir='ltr'>ἕνα</span> <span class='ocrx_word' id='word_1_321' title='bbox 1718 508 1817 534; x_wconf 68' lang='grc' dir='ltr'>καινὸν</span> 
     </span>
    </p>
   </div>
   <div class='ocr_carea' id='block_1_42' title="bbox 1017 552 1816 589">
    <p class='ocr_par' dir='ltr' id='par_1_42' title="bbox 1017 552 1816 589">
     <span class='ocr_line' id='line_1_42' title="bbox 1017 552 1816 589; baseline -0.003 -8"><span class='ocrx_word' id='word_1_322' title='bbox 1017 553 1170 589; x_wconf 67' lang='grc' dir='ltr'>ἄνθρωπον.</span> <span class='ocrx_word' id='word_1_323' title='bbox 1203 562 1213 579; x_wconf 77' lang='grc' dir='ltr'><strong>ι</strong></span> <span class='ocrx_word' id='word_1_324' title='bbox 1240 553 1297 580; x_wconf 81' lang='grc' dir='ltr'><strong>Καὶ</strong></span> <span class='ocrx_word' id='word_1_325' title='bbox 1321 553 1420 581; x_wconf 82' lang='grc' dir='ltr'>πάλιν·</span> <span class='ocrx_word' id='word_1_326' title='bbox 1449 562 1458 579; x_wconf 76' lang='grc' dir='ltr'><strong>ι</strong></span> <span class='ocrx_word' id='word_1_327' title='bbox 1495 552 1658 580; x_wconf 72' lang='grc' dir='ltr'>Ἐνδύσασθε</span> <span class='ocrx_word' id='word_1_328' title='bbox 1682 553 1729 580; x_wconf 78' lang='grc' dir='ltr'>τὸν</span> <span class='ocrx_word' id='word_1_329' title='bbox 1755 553 1816 580; x_wconf 71' lang='grc' dir='ltr'>νέον</span> 
     </span>
    </p>
   </div>
   <div class='ocr_carea' id='block_1_43' title="bbox 1016 599 1814 635">
    <p class='ocr_par' dir='ltr' id='par_1_43' title="bbox 1016 599 1814 635">
     <span class='ocr_line' id='line_1_43' title="bbox 1016 599 1814 635; baseline -0.003 -8"><span class='ocrx_word' id='word_1_330' title='bbox 1016 600 1161 635; x_wconf 78' lang='grc' dir='ltr'>ἄνθρωπον</span> <span class='ocrx_word' id='word_1_331' title='bbox 1185 600 1231 626; x_wconf 76' lang='grc' dir='ltr'><strong>τὸν</strong></span> <span class='ocrx_word' id='word_1_332' title='bbox 1259 600 1330 626; x_wconf 85' lang='grc' dir='ltr'>κατὰ</span> <span class='ocrx_word' id='word_1_333' title='bbox 1349 599 1416 626; x_wconf 80' lang='grc' dir='ltr'>Θεὸν</span> <span class='ocrx_word' id='word_1_334' title='bbox 1439 599 1585 627; x_wconf 73' lang='grc' dir='ltr'><strong>κτισθέντα</strong></span> <span class='ocrx_word' id='word_1_335' title='bbox 1601 601 1630 626; x_wconf 80' lang='grc' dir='ltr'>ἐν</span> <span class='ocrx_word' id='word_1_336' title='bbox 1652 599 1814 634; x_wconf 75' lang='grc' dir='ltr'><strong>δικαιοσύνῃ</strong></span> 
     </span>
    </p>
   </div>
   <div class='ocr_carea' id='block_1_44' title="bbox 1017 645 1815 682">
    <p class='ocr_par' dir='ltr' id='par_1_44' title="bbox 1017 645 1815 682">
     <span class='ocr_line' id='line_1_44' title="bbox 1017 645 1815 682; baseline -0.004 -8"><span class='ocrx_word' id='word_1_337' title='bbox 1017 647 1064 674; x_wconf 79' lang='grc' dir='ltr'>καὶ</span> <span class='ocrx_word' id='word_1_338' title='bbox 1082 647 1202 682; x_wconf 82' lang='grc' dir='ltr'><strong>ὁσιότητι</strong></span> <span class='ocrx_word' id='word_1_339' title='bbox 1229 647 1280 682; x_wconf 81' lang='grc' dir='ltr'>τῆς</span> <span class='ocrx_word' id='word_1_340' title='bbox 1306 646 1444 682; x_wconf 82' lang='grc' dir='ltr'>ἀληθείας.</span> <span class='ocrx_word' id='word_1_341' title='bbox 1466 655 1475 672; x_wconf 75' lang='grc' dir='ltr'><strong>ι</strong></span> <span class='ocrx_word' id='word_1_342' title='bbox 1495 646 1550 673; x_wconf 68' lang='grc' dir='ltr'><strong>Καὶ</strong></span> <span class='ocrx_word' id='word_1_343' title='bbox 1567 646 1598 673; x_wconf 82' lang='grc' dir='ltr'>οὐ</span> <span class='ocrx_word' id='word_1_344' title='bbox 1618 646 1649 681; x_wconf 72' lang='grc' dir='ltr'><strong>δή</strong></span> <span class='ocrx_word' id='word_1_345' title='bbox 1678 655 1730 673; x_wconf 81' lang='grc' dir='ltr'><strong>που</strong></span> <span class='ocrx_word' id='word_1_346' title='bbox 1747 645 1815 672; x_wconf 77' lang='grc' dir='ltr'>λαὸν</span> 
     </span>
    </p>
   </div>
   <div class='ocr_carea' id='block_1_45' title="bbox 1018 691 1811 727">
    <p class='ocr_par' dir='ltr' id='par_1_45' title="bbox 1018 691 1811 727">
     <span class='ocr_line' id='line_1_45' title="bbox 1018 691 1811 727; baseline -0.001 -9"><span class='ocrx_word' id='word_1_347' title='bbox 1018 692 1068 727; x_wconf 75' lang='grc' dir='ltr'>μέν</span> <span class='ocrx_word' id='word_1_348' title='bbox 1080 700 1141 718; x_wconf 87' lang='grc' dir='ltr'>τινα</span> <span class='ocrx_word' id='word_1_349' title='bbox 1156 692 1216 719; x_wconf 82' lang='grc' dir='ltr'>κατ’</span> <span class='ocrx_word' id='word_1_350' title='bbox 1229 691 1324 720; x_wconf 81' lang='grc' dir='ltr'>οὐσίαν</span> <span class='ocrx_word' id='word_1_351' title='bbox 1337 691 1495 727; x_wconf 84' lang='grc' dir='ltr'>κτιζόμενον</span> <span class='ocrx_word' id='word_1_352' title='bbox 1513 691 1661 726; x_wconf 71' lang='grc' dir='ltr'>ἐσήμαινεν</span> <span class='ocrx_word' id='word_1_353' title='bbox 1677 692 1691 718; x_wconf 87' lang='grc' dir='ltr'><strong>ό</strong></span> <span class='ocrx_word' id='word_1_354' title='bbox 1710 691 1795 717; x_wconf 72' lang='grc' dir='ltr'>Δαὸίδ</span> <span class='ocrx_word' id='word_1_355' title='bbox 1804 695 1811 706; x_wconf 73' lang='grc'><strong><em>⁸</em></strong></span> 
     </span>
    </p>
   </div>
   <div class='ocr_carea' id='block_1_46' title="bbox 1016 736 1813 773">
    <p class='ocr_par' dir='ltr' id='par_1_46' title="bbox 1016 736 1813 773">
     <span class='ocr_line' id='line_1_46' title="bbox 1016 736 1813 773; baseline -0.005 -8"><span class='ocrx_word' id='word_1_356' title='bbox 1016 738 1084 765; x_wconf 74' lang='grc' dir='ltr'>ἀλλὰ</span> <span class='ocrx_word' id='word_1_357' title='bbox 1109 737 1154 765; x_wconf 79' lang='grc' dir='ltr'><strong>τὸν</strong></span> <span class='ocrx_word' id='word_1_358' title='bbox 1178 739 1211 765; x_wconf 70' lang='grc' dir='ltr'>ὲκ</span> <span class='ocrx_word' id='word_1_359' title='bbox 1236 738 1340 773; x_wconf 78' lang='grc' dir='ltr'>πλάνης</span> <span class='ocrx_word' id='word_1_360' title='bbox 1356 738 1396 769; x_wconf 81' lang='grc' dir='ltr'><strong>είς</strong></span> <span class='ocrx_word' id='word_1_361' title='bbox 1413 737 1561 771; x_wconf 72' lang='grc' dir='ltr'>ἐπίγνωσιν</span> <span class='ocrx_word' id='word_1_362' title='bbox 1577 737 1646 764; x_wconf 82' lang='grc' dir='ltr'>Θεοῦ</span> <span class='ocrx_word' id='word_1_363' title='bbox 1665 736 1813 772; x_wconf 83' lang='grc' dir='ltr'>μετατιθέ-</span> 
     </span>
    </p>
   </div>
   <div class='ocr_carea' id='block_1_47' title="bbox 1019 783 1812 820">
    <p class='ocr_par' dir='ltr' id='par_1_47' title="bbox 1019 783 1812 820">
     <span class='ocr_line' id='line_1_47' title="bbox 1019 783 1812 820; baseline -0.001 -9"><span class='ocrx_word' id='word_1_364' title='bbox 1019 793 1099 820; x_wconf 82' lang='grc' dir='ltr'>μενον</span> <span class='ocrx_word' id='word_1_365' title='bbox 1115 784 1201 820; x_wconf 85' lang='grc' dir='ltr'>λέγει.</span> <span class='ocrx_word' id='word_1_366' title='bbox 1225 783 1270 811; x_wconf 81' lang='grc' dir='ltr'>Ἑν</span> <span class='ocrx_word' id='word_1_367' title='bbox 1287 783 1377 819; x_wconf 80' lang='grc' dir='ltr'>ἑαυτῷ</span> <span class='ocrx_word' id='word_1_368' title='bbox 1400 783 1428 810; x_wconf 79' lang='grc' dir='ltr'>δὲ</span> <span class='ocrx_word' id='word_1_369' title='bbox 1455 783 1596 816; x_wconf 83' lang='grc' dir='ltr'>κτίζεσθαι</span> <span class='ocrx_word' id='word_1_370' title='bbox 1619 784 1734 819; x_wconf 83' lang='grc' dir='ltr'>καρδίαν</span> <span class='ocrx_word' id='word_1_371' title='bbox 1762 783 1812 817; x_wconf 73' lang='grc' dir='ltr'><strong>οὐχ</strong></span> 
     </span>
    </p>
   </div>
   <div class='ocr_carea' id='block_1_48' title="bbox 1016 826 1812 866">
    <p class='ocr_par' dir='ltr' id='par_1_48' title="bbox 1016 826 1812 866">
     <span class='ocr_line' id='line_1_48' title="bbox 1016 826 1812 866; baseline -0.004 -9"><span class='ocrx_word' id='word_1_372' title='bbox 1016 830 1114 866; x_wconf 81' lang='grc' dir='ltr'>ἑτέραν</span> <span class='ocrx_word' id='word_1_373' title='bbox 1141 830 1207 866; x_wconf 80' lang='grc' dir='ltr'>παρ’</span> <span class='ocrx_word' id='word_1_374' title='bbox 1226 830 1259 865; x_wconf 81' lang='grc' dir='ltr'>ἣν</span> <span class='ocrx_word' id='word_1_375' title='bbox 1282 826 1355 864; x_wconf 85' lang='grc' dir='ltr'>εῐχεν</span> <span class='ocrx_word' id='word_1_376' title='bbox 1379 828 1466 864; x_wconf 77' lang='grc' dir='ltr'>ἠξίου.</span> <span class='ocrx_word' id='word_1_377' title='bbox 1487 826 1545 855; x_wconf 76' lang='grc' dir='ltr'>ἀλλ’</span> <span class='ocrx_word' id='word_1_378' title='bbox 1569 829 1609 860; x_wconf 85' lang='grc' dir='ltr'><strong>είς</strong></span> <span class='ocrx_word' id='word_1_379' title='bbox 1633 828 1812 863; x_wconf 80' lang='grc' dir='ltr'>καθαρότητα</span> 
     </span>
    </p>
   </div>
   <div class='ocr_carea' id='block_1_49' title="bbox 1016 874 1811 912">
    <p class='ocr_par' dir='ltr' id='par_1_49' title="bbox 1016 874 1811 912">
     <span class='ocr_line' id='line_1_49' title="bbox 1016 874 1811 912; baseline -0.004 -9"><span class='ocrx_word' id='word_1_380' title='bbox 1016 876 1101 912; x_wconf 77' lang='grc' dir='ltr'>αὐτὴν</span> <span class='ocrx_word' id='word_1_381' title='bbox 1119 875 1326 912; x_wconf 80' lang='grc' dir='ltr'>μεταποιεῖσθαι</span> <span class='ocrx_word' id='word_1_382' title='bbox 1350 875 1511 911; x_wconf 74' lang='grc' dir='ltr'><strong>παρεκάλει.</strong></span> <span class='ocrx_word' id='word_1_383' title='bbox 1537 874 1568 901; x_wconf 88' lang='grc' dir='ltr'>Ὀ</span> <span class='ocrx_word' id='word_1_384' title='bbox 1590 874 1619 901; x_wconf 77' lang='grc' dir='ltr'><strong>δέ</strong></span> <span class='ocrx_word' id='word_1_385' title='bbox 1637 882 1668 908; x_wconf 90' lang='grc' dir='ltr'><strong>γε</strong></span> <span class='ocrx_word' id='word_1_386' title='bbox 1686 874 1811 908; x_wconf 57' lang='lat' dir='ltr'><strong>caediu-</strong></span> 
     </span>
    </p>
   </div>
   <div class='ocr_carea' id='block_1_50' title="bbox 1015 920 1810 956">
    <p class='ocr_par' dir='ltr' id='par_1_50' title="bbox 1015 920 1810 956">
     <span class='ocr_line' id='line_1_50' title="bbox 1015 920 1810 956; baseline -0.005 -6"><span class='ocrx_word' id='word_1_387' title='bbox 1015 931 1061 954; x_wconf 83' lang='grc' dir='ltr'><strong>τος</strong></span> <span class='ocrx_word' id='word_1_388' title='bbox 1086 922 1202 954; x_wconf 80' lang='grc' dir='ltr'><strong>Παῦλος,</strong></span> <span class='ocrx_word' id='word_1_389' title='bbox 1229 921 1259 948; x_wconf 79' lang='grc' dir='ltr'>οὺ</span> <span class='ocrx_word' id='word_1_390' title='bbox 1280 921 1327 947; x_wconf 79' lang='grc' dir='ltr'>δύο</span> <span class='ocrx_word' id='word_1_391' title='bbox 1345 921 1420 952; x_wconf 73' lang='grc' dir='ltr'>τινὰς</span> <span class='ocrx_word' id='word_1_392' title='bbox 1438 921 1597 956; x_wconf 76' lang='grc' dir='ltr'><strong>ἀνθρώπους</strong></span> <span class='ocrx_word' id='word_1_393' title='bbox 1629 921 1670 952; x_wconf 83' lang='grc' dir='ltr'><strong>εἰς</strong></span> <span class='ocrx_word' id='word_1_394' title='bbox 1692 920 1810 955; x_wconf 76' lang='grc' dir='ltr'><strong>ἑνότητα</strong></span> 
     </span>
    </p>
   </div>
   <div class='ocr_carea' id='block_1_51' title="bbox 1016 966 1810 1005">
    <p class='ocr_par' dir='ltr' id='par_1_51' title="bbox 1016 966 1810 1005">
     <span class='ocr_line' id='line_1_51' title="bbox 1016 966 1810 1005; baseline -0.004 -9"><span class='ocrx_word' id='word_1_395' title='bbox 1016 969 1133 1005; x_wconf 76' lang='grc' dir='ltr'>φυσικὴν</span> <span class='ocrx_word' id='word_1_396' title='bbox 1149 967 1343 1000; x_wconf 77' lang='grc' dir='ltr'>ἀνακτίζεσθαι</span> <span class='ocrx_word' id='word_1_397' title='bbox 1365 967 1439 1001; x_wconf 84' lang='grc' dir='ltr'>λέγει</span> <span class='ocrx_word' id='word_1_398' title='bbox 1455 967 1499 994; x_wconf 63' lang='grc' dir='ltr'>διὰ</span> <span class='ocrx_word' id='word_1_399' title='bbox 1516 967 1647 1003; x_wconf 77' lang='grc' dir='ltr'>Χριστοῦ,</span> <span class='ocrx_word' id='word_1_400' title='bbox 1665 967 1702 999; x_wconf 80' lang='grc' dir='ltr'><strong>ὡς</strong></span> <span class='ocrx_word' id='word_1_401' title='bbox 1720 966 1810 1002; x_wconf 73' lang='grc' dir='ltr'>ἀρχὴν</span> 
     </span>
    </p>
   </div>
   <div class='ocr_carea' id='block_1_52' title="bbox 1015 1012 1810 1050">
    <p class='ocr_par' dir='ltr' id='par_1_52' title="bbox 1015 1012 1810 1050">
     <span class='ocr_line' id='line_1_52' title="bbox 1015 1012 1810 1050; baseline -0.006 -8"><span class='ocrx_word' id='word_1_402' title='bbox 1015 1015 1062 1042; x_wconf 90' lang='grc' dir='ltr'><strong>τοῦ</strong></span> <span class='ocrx_word' id='word_1_403' title='bbox 1080 1012 1150 1042; x_wconf 77' lang='grc' dir='ltr'>εἶναι</span> <span class='ocrx_word' id='word_1_404' title='bbox 1164 1014 1351 1050; x_wconf 76' lang='grc' dir='ltr'>λαμῦάνοντας</span> <span class='ocrx_word' id='word_1_405' title='bbox 1363 1021 1370 1027; x_wconf 84' lang='lat'>&#39;</span> <span class='ocrx_word' id='word_1_406' title='bbox 1385 1013 1453 1041; x_wconf 78' lang='grc' dir='ltr'>ἀλλὰ</span> <span class='ocrx_word' id='word_1_407' title='bbox 1466 1013 1530 1046; x_wconf 82' lang='grc' dir='ltr'>τούς</span> <span class='ocrx_word' id='word_1_408' title='bbox 1543 1022 1572 1040; x_wconf 89' lang='grc' dir='ltr'><strong>τε</strong></span> <span class='ocrx_word' id='word_1_409' title='bbox 1587 1013 1616 1046; x_wconf 81' lang='grc' dir='ltr'>ὲξ</span> <span class='ocrx_word' id='word_1_410' title='bbox 1636 1012 1745 1048; x_wconf 74' lang='grc' dir='ltr'>Ἰσραὴλ</span> <span class='ocrx_word' id='word_1_411' title='bbox 1760 1012 1810 1038; x_wconf 73' lang='grc' dir='ltr'><strong>καὶ</strong></span> 
     </span>
    </p>
   </div>
   <div class='ocr_carea' id='block_1_53' title="bbox 1014 1057 1808 1094">
    <p class='ocr_par' dir='ltr' id='par_1_53' title="bbox 1014 1057 1808 1094">
     <span class='ocr_line' id='line_1_53' title="bbox 1014 1057 1808 1094; baseline -0.005 -7"><span class='ocrx_word' id='word_1_412' title='bbox 1014 1061 1078 1093; x_wconf 77' lang='grc' dir='ltr'>τοὺς</span> <span class='ocrx_word' id='word_1_413' title='bbox 1093 1060 1123 1093; x_wconf 75' lang='grc' dir='ltr'><strong>ἐξ</strong></span> <span class='ocrx_word' id='word_1_414' title='bbox 1136 1060 1220 1086; x_wconf 79' lang='grc' dir='ltr'>ἐθνῶν</span> <span class='ocrx_word' id='word_1_415' title='bbox 1237 1059 1278 1090; x_wconf 87' lang='grc' dir='ltr'><strong>είς</strong></span> <span class='ocrx_word' id='word_1_416' title='bbox 1292 1058 1441 1094; x_wconf 78' lang='grc' dir='ltr'>καινότητα</span> <span class='ocrx_word' id='word_1_417' title='bbox 1455 1057 1569 1094; x_wconf 83' lang='grc' dir='ltr'><strong>γνώμης</strong></span> <span class='ocrx_word' id='word_1_418' title='bbox 1588 1057 1808 1094; x_wconf 81' lang='grc' dir='ltr'>μεταποιηθήσε-</span> 
     </span>
    </p>
   </div>
   <div class='ocr_carea' id='block_1_54' title="bbox 1017 1105 1809 1141">
    <p class='ocr_par' dir='ltr' id='par_1_54' title="bbox 1017 1105 1809 1141">
     <span class='ocr_line' id='line_1_54' title="bbox 1017 1105 1809 1141; baseline -0.001 -8"><span class='ocrx_word' id='word_1_419' title='bbox 1017 1105 1078 1133; x_wconf 81' lang='grc' dir='ltr'>σθαι</span> <span class='ocrx_word' id='word_1_420' title='bbox 1094 1105 1185 1141; x_wconf 81' lang='grc' dir='ltr'>λέγει’</span> <span class='ocrx_word' id='word_1_421' title='bbox 1207 1105 1269 1138; x_wconf 77' lang='grc' dir='ltr'>τοὺς</span> <span class='ocrx_word' id='word_1_422' title='bbox 1286 1106 1335 1140; x_wconf 88' lang='grc' dir='ltr'>μὲν</span> <span class='ocrx_word' id='word_1_423' title='bbox 1355 1106 1425 1132; x_wconf 84' lang='grc' dir='ltr'>κατὰ</span> <span class='ocrx_word' id='word_1_424' title='bbox 1442 1105 1523 1140; x_wconf 78' lang='grc' dir='ltr'>νόμον</span> <span class='ocrx_word' id='word_1_425' title='bbox 1540 1105 1677 1140; x_wconf 78' lang='grc' dir='ltr'><strong>λατρείας,</strong></span> <span class='ocrx_word' id='word_1_426' title='bbox 1699 1107 1764 1138; x_wconf 78' lang='grc' dir='ltr'>τοὺς</span> <span class='ocrx_word' id='word_1_427' title='bbox 1779 1106 1809 1132; x_wconf 79' lang='grc' dir='ltr'><strong>δὲ</strong></span> 
     </span>
    </p>
   </div>
   <div class='ocr_carea' id='block_1_55' title="bbox 1014 1150 1808 1188">
    <p class='ocr_par' dir='ltr' id='par_1_55' title="bbox 1014 1150 1808 1188">
     <span class='ocr_line' id='line_1_55' title="bbox 1014 1150 1808 1188; baseline -0.001 -9"><span class='ocrx_word' id='word_1_428' title='bbox 1014 1153 1064 1188; x_wconf 81' lang='grc' dir='ltr'>τῆς</span> <span class='ocrx_word' id='word_1_429' title='bbox 1089 1151 1239 1187; x_wconf 66' lang='grc' dir='ltr'>συντρόφου</span> <span class='ocrx_word' id='word_1_430' title='bbox 1260 1151 1366 1187; x_wconf 80' lang='grc' dir='ltr'>πλάνης</span> <span class='ocrx_word' id='word_1_431' title='bbox 1388 1150 1611 1186; x_wconf 67' lang='grc' dir='ltr'>ἐπιλαθομένους.</span> <span class='ocrx_word' id='word_1_432' title='bbox 1641 1151 1697 1179; x_wconf 68' lang='grc' dir='ltr'>Καὶ</span> <span class='ocrx_word' id='word_1_433' title='bbox 1725 1151 1808 1179; x_wconf 81' lang='grc' dir='ltr'>πάλιν</span> 
     </span>
    </p>
   </div>
   <div class='ocr_carea' id='block_1_56' title="bbox 1015 1197 1809 1234">
    <p class='ocr_par' dir='ltr' id='par_1_56' title="bbox 1015 1197 1809 1234">
     <span class='ocr_line' id='line_1_56' title="bbox 1015 1197 1809 1234; baseline 0.001 -10"><span class='ocrx_word' id='word_1_434' title='bbox 1015 1198 1178 1226; x_wconf 78' lang='grc' dir='ltr'>ἐνδύσασθαι</span> <span class='ocrx_word' id='word_1_435' title='bbox 1195 1198 1279 1225; x_wconf 74' lang='grc' dir='ltr'>πᾶσιν</span> <span class='ocrx_word' id='word_1_436' title='bbox 1293 1199 1360 1233; x_wconf 76' lang='grc' dir='ltr'>ἡμῖν</span> <span class='ocrx_word' id='word_1_437' title='bbox 1374 1197 1513 1224; x_wconf 76' lang='grc' dir='ltr'><strong>ἐπιτάττει</strong></span> <span class='ocrx_word' id='word_1_438' title='bbox 1527 1197 1574 1224; x_wconf 76' lang='grc' dir='ltr'><strong>τὸν</strong></span> <span class='ocrx_word' id='word_1_439' title='bbox 1595 1198 1686 1225; x_wconf 80' lang='grc' dir='ltr'>καινὸν</span> <span class='ocrx_word' id='word_1_440' title='bbox 1701 1198 1809 1234; x_wconf 76' lang='grc' dir='ltr'>ἄνθρω-</span> 
     </span>
    </p>
   </div>
   <div class='ocr_carea' id='block_1_57' title="bbox 1015 1243 1808 1279">
    <p class='ocr_par' dir='ltr' id='par_1_57' title="bbox 1015 1243 1808 1279">
     <span class='ocr_line' id='line_1_57' title="bbox 1015 1243 1808 1279; baseline 0 -9"><span class='ocrx_word' id='word_1_441' title='bbox 1015 1253 1066 1271; x_wconf 87' lang='grc' dir='ltr'><strong>πον</strong></span> <span class='ocrx_word' id='word_1_442' title='bbox 1081 1245 1127 1270; x_wconf 77' lang='grc' dir='ltr'>τὸν</span> <span class='ocrx_word' id='word_1_443' title='bbox 1146 1243 1216 1270; x_wconf 82' lang='grc' dir='ltr'>κατὰ</span> <span class='ocrx_word' id='word_1_444' title='bbox 1231 1243 1297 1270; x_wconf 78' lang='grc' dir='ltr'>Θεὸν</span> <span class='ocrx_word' id='word_1_445' title='bbox 1317 1243 1471 1271; x_wconf 77' lang='grc' dir='ltr'>κτισθέντα.</span> <span class='ocrx_word' id='word_1_446' title='bbox 1491 1243 1545 1270; x_wconf 69' lang='grc' dir='ltr'><strong>Καὶ</strong></span> <span class='ocrx_word' id='word_1_447' title='bbox 1568 1243 1646 1279; x_wconf 74' lang='grc' dir='ltr'>δῆλον</span> <span class='ocrx_word' id='word_1_448' title='bbox 1670 1244 1745 1270; x_wconf 77' lang='grc' dir='ltr'>ἐστιν</span> <span class='ocrx_word' id='word_1_449' title='bbox 1769 1243 1808 1276; x_wconf 79' lang='grc' dir='ltr'>ὡς</span> 
     </span>
    </p>
   </div>
   <div class='ocr_carea' id='block_1_58' title="bbox 1013 1290 1807 1327">
    <p class='ocr_par' dir='ltr' id='par_1_58' title="bbox 1013 1290 1807 1327">
     <span class='ocr_line' id='line_1_58' title="bbox 1013 1290 1807 1327; baseline -0.001 -10"><span class='ocrx_word' id='word_1_450' title='bbox 1013 1291 1064 1318; x_wconf 80' lang='grc' dir='ltr'>οὐκ</span> <span class='ocrx_word' id='word_1_451' title='bbox 1087 1291 1230 1327; x_wconf 73' lang='grc' dir='ltr'>ἄνθρωπόν</span> <span class='ocrx_word' id='word_1_452' title='bbox 1251 1299 1312 1318; x_wconf 85' lang='grc' dir='ltr'>τινα</span> <span class='ocrx_word' id='word_1_453' title='bbox 1331 1291 1390 1318; x_wconf 84' lang='grc' dir='ltr'>κατ’</span> <span class='ocrx_word' id='word_1_454' title='bbox 1407 1290 1501 1317; x_wconf 77' lang='grc' dir='ltr'>οὐσίαν</span> <span class='ocrx_word' id='word_1_455' title='bbox 1518 1290 1648 1324; x_wconf 81' lang='grc' dir='ltr'>γεγονότα</span> <span class='ocrx_word' id='word_1_456' title='bbox 1665 1290 1807 1325; x_wconf 81' lang='grc' dir='ltr'>σημαίνει,</span> 
     </span>
    </p>
   </div>
   <div class='ocr_carea' id='block_1_59' title="bbox 1013 1335 1809 1373">
    <p class='ocr_par' dir='ltr' id='par_1_59' title="bbox 1013 1335 1809 1373">
     <span class='ocr_line' id='line_1_59' title="bbox 1013 1335 1809 1373; baseline -0.003 -9"><span class='ocrx_word' id='word_1_457' title='bbox 1013 1337 1043 1364; x_wconf 74' lang='grc' dir='ltr'>ὃν</span> <span class='ocrx_word' id='word_1_458' title='bbox 1061 1337 1223 1364; x_wconf 72' lang='grc' dir='ltr'>ἐνδύσασθαι</span> <span class='ocrx_word' id='word_1_459' title='bbox 1239 1336 1303 1373; x_wconf 81' lang='grc' dir='ltr'>χρὴ,</span> <span class='ocrx_word' id='word_1_460' title='bbox 1322 1336 1390 1363; x_wconf 76' lang='grc' dir='ltr'>ἀλλὰ</span> <span class='ocrx_word' id='word_1_461' title='bbox 1414 1335 1459 1363; x_wconf 81' lang='grc' dir='ltr'><strong>τὸν</strong></span> <span class='ocrx_word' id='word_1_462' title='bbox 1475 1336 1535 1363; x_wconf 81' lang='grc' dir='ltr'>κατ’</span> <span class='ocrx_word' id='word_1_463' title='bbox 1553 1335 1654 1372; x_wconf 77' lang='grc' dir='ltr'>ἀρετὴν</span> <span class='ocrx_word' id='word_1_464' title='bbox 1676 1335 1734 1371; x_wconf 85' lang='grc' dir='ltr'>βίον</span> <span class='ocrx_word' id='word_1_465' title='bbox 1759 1336 1809 1363; x_wconf 69' lang='grc' dir='ltr'><strong>καὶ</strong></span> 
     </span>
    </p>
   </div>
   <div class='ocr_carea' id='block_1_60' title="bbox 1012 1381 1808 1419">
    <p class='ocr_par' dir='ltr' id='par_1_60' title="bbox 1012 1381 1808 1419">
     <span class='ocr_line' id='line_1_60' title="bbox 1012 1381 1808 1419; baseline -0.003 -9"><span class='ocrx_word' id='word_1_466' title='bbox 1012 1383 1058 1410; x_wconf 73' lang='grc' dir='ltr'>τὸν</span> <span class='ocrx_word' id='word_1_467' title='bbox 1085 1383 1135 1418; x_wconf 83' lang='grc' dir='ltr'>τῆς</span> <span class='ocrx_word' id='word_1_468' title='bbox 1162 1383 1350 1419; x_wconf 78' lang='grc' dir='ltr'>προαιρέσεως</span> <span class='ocrx_word' id='word_1_469' title='bbox 1369 1382 1576 1418; x_wconf 79' lang='grc' dir='ltr'>ἀνακαινισμόν.</span> <span class='ocrx_word' id='word_1_470' title='bbox 1603 1383 1634 1409; x_wconf 76' lang='lat' dir='ltr'><strong>Et</strong></span> <span class='ocrx_word' id='word_1_471' title='bbox 1662 1383 1752 1409; x_wconf 80' lang='grc' dir='ltr'>τοίνυν</span> <span class='ocrx_word' id='word_1_472' title='bbox 1777 1381 1808 1408; x_wconf 76' lang='grc' dir='ltr'><strong>τὸ</strong></span> 
     </span>
    </p>
   </div>
   <div class='ocr_carea' id='block_1_61' title="bbox 1013 1427 1808 1463">
    <p class='ocr_par' dir='ltr' id='par_1_61' title="bbox 1013 1427 1808 1463">
     <span class='ocr_line' id='line_1_61' title="bbox 1013 1427 1808 1463; baseline -0.003 -8"><span class='ocrx_word' id='word_1_473' title='bbox 1013 1428 1155 1461; x_wconf 81' lang='grc' dir='ltr'>κτίζεσθαι</span> <span class='ocrx_word' id='word_1_474' title='bbox 1172 1428 1201 1454; x_wconf 81' lang='grc' dir='ltr'>οὺ</span> <span class='ocrx_word' id='word_1_475' title='bbox 1219 1427 1328 1460; x_wconf 82' lang='grc' dir='ltr'>πάντως</span> <span class='ocrx_word' id='word_1_476' title='bbox 1342 1427 1391 1462; x_wconf 86' lang='grc' dir='ltr'>τὴν</span> <span class='ocrx_word' id='word_1_477' title='bbox 1406 1427 1500 1454; x_wconf 77' lang='grc' dir='ltr'>οὐσίαν</span> <span class='ocrx_word' id='word_1_478' title='bbox 1513 1427 1598 1462; x_wconf 79' lang='grc' dir='ltr'>δηλοῖ,</span> <span class='ocrx_word' id='word_1_479' title='bbox 1611 1429 1686 1454; x_wconf 85' lang='grc' dir='ltr'>ποῖον</span> <span class='ocrx_word' id='word_1_480' title='bbox 1704 1427 1737 1454; x_wconf 78' lang='grc' dir='ltr'>ἂν</span> <span class='ocrx_word' id='word_1_481' title='bbox 1750 1427 1808 1463; x_wconf 81' lang='grc' dir='ltr'>ἔχοι</span> 
     </span>
    </p>
   </div>
   <div class='ocr_carea' id='block_1_62' title="bbox 169 1471 957 1510">
    <p class='ocr_par' dir='ltr' id='par_1_62' title="bbox 169 1471 957 1508">
     <span class='ocr_line' id='line_1_62' title="bbox 169 1471 957 1508; baseline 0.004 -10"><span class='ocrx_word' id='word_1_482' title='bbox 169 1471 267 1502; x_wconf 79' lang='lat' dir='ltr'><strong>fuerit.</strong></span> <span class='ocrx_word' id='word_1_483' title='bbox 295 1472 328 1498; x_wconf 85' lang='lat' dir='ltr'><strong>de</strong></span> <span class='ocrx_word' id='word_1_484' title='bbox 359 1471 391 1499; x_wconf 83' lang='lat' dir='ltr'><strong>iis</strong></span> <span class='ocrx_word' id='word_1_485' title='bbox 409 1472 518 1507; x_wconf 86' lang='lat' dir='ltr'><strong>quidem</strong></span> <span class='ocrx_word' id='word_1_486' title='bbox 548 1473 594 1508; x_wconf 89' lang='lat' dir='ltr'><strong>qui</strong></span> <span class='ocrx_word' id='word_1_487' title='bbox 620 1481 715 1501; x_wconf 85' lang='lat' dir='ltr'><strong>revera</strong></span> <span class='ocrx_word' id='word_1_488' title='bbox 743 1479 874 1501; x_wconf 72' lang='lat' dir='ltr'><strong>creaturae</strong></span> <span class='ocrx_word' id='word_1_489' title='bbox 897 1479 957 1502; x_wconf 89' lang='lat' dir='ltr'><strong>sunt</strong></span> 
     </span>
    </p>
   </div>
   <div class='ocr_carea' id='block_1_63' title="bbox 1024 1471 1809 1510">
    <p class='ocr_par' dir='ltr' id='par_1_63' title="bbox 1024 1473 1809 1510">
     <span class='ocr_line' id='line_1_63' title="bbox 1024 1473 1809 1510; baseline -0.001 -9"><span class='ocrx_word' id='word_1_490' title='bbox 1024 1475 1104 1508; x_wconf 83' lang='grc' dir='ltr'>.6γον,</span> <span class='ocrx_word' id='word_1_491' title='bbox 1120 1474 1138 1510; x_wconf 73' lang='grc' dir='ltr'>ἢ</span> <span class='ocrx_word' id='word_1_492' title='bbox 1157 1475 1216 1506; x_wconf 82' lang='grc' dir='ltr'><strong>πῶς</strong></span> <span class='ocrx_word' id='word_1_493' title='bbox 1236 1474 1286 1500; x_wconf 81' lang='grc' dir='ltr'>οὒκ</span> <span class='ocrx_word' id='word_1_494' title='bbox 1308 1473 1421 1509; x_wconf 77' lang='grc' dir='ltr'>ἀνόητον</span> <span class='ocrx_word' id='word_1_495' title='bbox 1442 1475 1488 1500; x_wconf 79' lang='grc' dir='ltr'><strong>ἐπὶ</strong></span> <span class='ocrx_word' id='word_1_496' title='bbox 1509 1474 1558 1509; x_wconf 81' lang='grc' dir='ltr'>μὲν</span> <span class='ocrx_word' id='word_1_497' title='bbox 1574 1474 1628 1501; x_wconf 82' lang='grc' dir='ltr'><strong>τῶν</strong></span> <span class='ocrx_word' id='word_1_498' title='bbox 1643 1474 1727 1506; x_wconf 73' lang='grc' dir='ltr'>ἧντως</span> <span class='ocrx_word' id='word_1_499' title='bbox 1749 1483 1809 1500; x_wconf 80' lang='grc' dir='ltr'>κτι-</span> 
     </span>
    </p>
   </div>
   <div class='ocr_carea' id='block_1_64' title="bbox 170 1517 957 1556">
    <p class='ocr_par' dir='ltr' id='par_1_64' title="bbox 170 1517 957 1555">
     <span class='ocr_line' id='line_1_64' title="bbox 170 1517 957 1555; baseline 0.006 -12"><span class='ocrx_word' id='word_1_500' title='bbox 170 1523 242 1544; x_wconf 79' lang='lat' dir='ltr'><strong>recte</strong></span> <span class='ocrx_word' id='word_1_501' title='bbox 258 1517 283 1544; x_wconf 90' lang='lat' dir='ltr'><strong>id</strong></span> <span class='ocrx_word' id='word_1_502' title='bbox 301 1518 373 1552; x_wconf 91' lang='lat' dir='ltr'><strong>quod</strong></span> <span class='ocrx_word' id='word_1_503' title='bbox 389 1519 519 1553; x_wconf 84' lang='lat' dir='ltr'><strong>scriptum</strong></span> <span class='ocrx_word' id='word_1_504' title='bbox 537 1524 580 1546; x_wconf 88' lang='lat' dir='ltr'><strong>est</strong></span> <span class='ocrx_word' id='word_1_505' title='bbox 592 1520 727 1555; x_wconf 89' lang='lat' dir='ltr'><strong>accipere,</strong></span> <span class='ocrx_word' id='word_1_506' title='bbox 749 1520 784 1548; x_wconf 89' lang='lat' dir='ltr'><strong>de</strong></span> <span class='ocrx_word' id='word_1_507' title='bbox 800 1519 890 1548; x_wconf 79' lang='lat' dir='ltr'><strong>Varbo</strong></span> <span class='ocrx_word' id='word_1_508' title='bbox 905 1528 957 1548; x_wconf 87' lang='lat' dir='ltr'><strong>au-</strong></span> 
     </span>
    </p>
   </div>
   <div class='ocr_carea' id='block_1_65' title="bbox 1024 1517 1808 1556">
    <p class='ocr_par' dir='ltr' id='par_1_65' title="bbox 1024 1519 1808 1556">
     <span class='ocr_line' id='line_1_65' title="bbox 1024 1519 1808 1556; baseline 0 -9"><span class='ocrx_word' id='word_1_509' title='bbox 1024 1521 1131 1556; x_wconf 71' lang='grc' dir='ltr'>ςμάτων</span> <span class='ocrx_word' id='word_1_510' title='bbox 1147 1519 1236 1556; x_wconf 74' lang='grc' dir='ltr'>ὀρθῶς</span> <span class='ocrx_word' id='word_1_511' title='bbox 1255 1520 1285 1546; x_wconf 79' lang='grc' dir='ltr'><strong>τὸ</strong></span> <span class='ocrx_word' id='word_1_512' title='bbox 1301 1520 1494 1556; x_wconf 81' lang='grc' dir='ltr'>γεγραμμένον</span> <span class='ocrx_word' id='word_1_513' title='bbox 1517 1520 1685 1556; x_wconf 77' lang='grc' dir='ltr'>ἐκδέχεσθαι,</span> <span class='ocrx_word' id='word_1_514' title='bbox 1705 1520 1752 1547; x_wconf 80' lang='grc' dir='ltr'>ἐπὶ</span> <span class='ocrx_word' id='word_1_515' title='bbox 1779 1521 1808 1547; x_wconf 67' lang='grc' dir='ltr'><strong>δὲ</strong></span> 
     </span>
    </p>
   </div>
   <div class='ocr_carea' id='block_1_66' title="bbox 170 1562 962 1600">
    <p class='ocr_par' dir='ltr' id='par_1_66' title="bbox 170 1562 962 1600">
     <span class='ocr_line' id='line_1_66' title="bbox 170 1562 962 1600; baseline 0.006 -12"><span class='ocrx_word' id='word_1_516' title='bbox 170 1568 222 1589; x_wconf 76' lang='lat' dir='ltr'><strong>tem</strong></span> <span class='ocrx_word' id='word_1_517' title='bbox 244 1562 302 1596; x_wconf 87' lang='lat' dir='ltr'><strong>Dei,</strong></span> <span class='ocrx_word' id='word_1_518' title='bbox 320 1563 347 1590; x_wconf 92' lang='lat' dir='ltr'><strong>in</strong></span> <span class='ocrx_word' id='word_1_519' title='bbox 361 1570 416 1598; x_wconf 88' lang='lat' dir='ltr'><strong>quo</strong></span> <span class='ocrx_word' id='word_1_520' title='bbox 431 1563 567 1598; x_wconf 60' lang='lat' dir='ltr'><strong>praecipue</strong></span> <span class='ocrx_word' id='word_1_521' title='bbox 587 1564 614 1592; x_wconf 90' lang='lat' dir='ltr'><strong>id</strong></span> <span class='ocrx_word' id='word_1_522' title='bbox 627 1563 767 1592; x_wconf 86' lang='lat' dir='ltr'><strong>observari</strong></span> <span class='ocrx_word' id='word_1_523' title='bbox 789 1569 906 1600; x_wconf 86' lang='lat' dir='ltr'><strong>oportet,</strong></span> <span class='ocrx_word' id='word_1_524' title='bbox 924 1567 962 1593; x_wconf 77' lang='lat' dir='ltr'><strong>si-</strong></span> 
     </span>
    </p>
   </div>
   <div class='ocr_carea' id='block_1_67' title="bbox 170 1611 961 1648">
    <p class='ocr_par' dir='ltr' id='par_1_67' title="bbox 170 1611 961 1648">
     <span class='ocr_line' id='line_1_67' title="bbox 170 1611 961 1648; baseline 0.004 -11"><span class='ocrx_word' id='word_1_525' title='bbox 170 1612 254 1638; x_wconf 66' lang='lat' dir='ltr'><strong>nistre</strong></span> <span class='ocrx_word' id='word_1_526' title='bbox 281 1611 332 1638; x_wconf 90' lang='lat' dir='ltr'><strong>hoc</strong></span> <span class='ocrx_word' id='word_1_527' title='bbox 347 1611 542 1645; x_wconf 75' lang='lat' dir='ltr'><strong>interpretari?</strong></span> <span class='ocrx_word' id='word_1_528' title='bbox 560 1620 570 1638; x_wconf 70' lang='grc' dir='ltr'><strong>ι</strong></span> <span class='ocrx_word' id='word_1_529' title='bbox 591 1612 720 1640; x_wconf 86' lang='lat' dir='ltr'><strong>Dominus</strong></span> <span class='ocrx_word' id='word_1_530' title='bbox 743 1612 835 1646; x_wconf 83' lang='lat' dir='ltr'><strong>enim,</strong></span> <span class='ocrx_word' id='word_1_531' title='bbox 856 1613 961 1648; x_wconf 87' lang='lat' dir='ltr'><strong>inquit,</strong></span> 
     </span>
    </p>
   </div>
   <div class='ocr_carea' id='block_1_68' title="bbox 169 1657 960 1693">
    <p class='ocr_par' dir='ltr' id='par_1_68' title="bbox 169 1657 960 1693">
     <span class='ocr_line' id='line_1_68' title="bbox 169 1657 960 1693; baseline 0.004 -9"><span class='ocrx_word' id='word_1_532' title='bbox 169 1657 273 1684; x_wconf 84' lang='lat' dir='ltr'><strong>ereavit</strong></span> <span class='ocrx_word' id='word_1_533' title='bbox 291 1665 344 1691; x_wconf 90' lang='lat' dir='ltr'><strong>me,</strong></span> <span class='ocrx_word' id='word_1_534' title='bbox 359 1667 368 1683; x_wconf 75' lang='grc' dir='ltr'><strong>ι</strong></span> <span class='ocrx_word' id='word_1_535' title='bbox 388 1665 476 1693; x_wconf 77' lang='lat' dir='ltr'><strong>neque</strong></span> <span class='ocrx_word' id='word_1_536' title='bbox 492 1657 517 1685; x_wconf 90' lang='lat' dir='ltr'><strong>in</strong></span> <span class='ocrx_word' id='word_1_537' title='bbox 534 1658 586 1686; x_wconf 84' lang='lat' dir='ltr'><strong>hoc</strong></span> <span class='ocrx_word' id='word_1_538' title='bbox 603 1659 697 1691; x_wconf 85' lang='lat' dir='ltr'><strong>verbo,</strong></span> <span class='ocrx_word' id='word_1_539' title='bbox 711 1668 720 1684; x_wconf 79' lang='grc' dir='ltr'><strong>ι</strong></span> <span class='ocrx_word' id='word_1_540' title='bbox 736 1659 849 1693; x_wconf 79' lang='lat' dir='ltr'><strong>creavit,</strong></span> <span class='ocrx_word' id='word_1_541' title='bbox 870 1669 880 1685; x_wconf 69' lang='grc' dir='ltr'><strong>ι</strong></span> <span class='ocrx_word' id='word_1_542' title='bbox 897 1660 960 1687; x_wconf 89' lang='lat' dir='ltr'><strong>dicti</strong></span> 
     </span>
    </p>
   </div>
   <div class='ocr_carea' id='block_1_69' title="bbox 172 1703 960 1736">
    <p class='ocr_par' dir='ltr' id='par_1_69' title="bbox 172 1703 960 1736">
     <span class='ocr_line' id='line_1_69' title="bbox 172 1703 960 1736; baseline 0.004 -7"><span class='ocrx_word' id='word_1_543' title='bbox 172 1703 226 1730; x_wconf 92' lang='lat' dir='ltr'><strong>vim</strong></span> <span class='ocrx_word' id='word_1_544' title='bbox 241 1703 325 1735; x_wconf 89' lang='lat' dir='ltr'><strong>sistit,</strong></span> <span class='ocrx_word' id='word_1_545' title='bbox 343 1703 390 1731; x_wconf 84' lang='lat' dir='ltr'><strong>sed</strong></span> <span class='ocrx_word' id='word_1_546' title='bbox 413 1703 498 1736; x_wconf 82' lang='lat' dir='ltr'><strong>addit,</strong></span> <span class='ocrx_word' id='word_1_547' title='bbox 528 1713 538 1730; x_wconf 78' lang='grc' dir='ltr'><strong>ι</strong></span> <span class='ocrx_word' id='word_1_548' title='bbox 553 1703 659 1732; x_wconf 89' lang='lat' dir='ltr'><strong>initium</strong></span> <span class='ocrx_word' id='word_1_549' title='bbox 677 1704 780 1732; x_wconf 76' lang='lat' dir='ltr'><strong>viarum</strong></span> <span class='ocrx_word' id='word_1_550' title='bbox 802 1712 910 1733; x_wconf 84' lang='lat' dir='ltr'><strong>suarum</strong></span> <span class='ocrx_word' id='word_1_551' title='bbox 934 1705 960 1732; x_wconf 90' lang='lat' dir='ltr'><strong>in</strong></span> 
     </span>
    </p>
   </div>
   <div class='ocr_carea' id='block_1_70' title="bbox 169 1748 963 1783">
    <p class='ocr_par' dir='ltr' id='par_1_70' title="bbox 169 1748 963 1783">
     <span class='ocr_line' id='line_1_70' title="bbox 169 1748 963 1783; baseline 0.005 -9"><span class='ocrx_word' id='word_1_552' title='bbox 169 1755 251 1782; x_wconf 81' lang='lat' dir='ltr'><strong>opera</strong></span> <span class='ocrx_word' id='word_1_553' title='bbox 265 1748 323 1782; x_wconf 90' lang='lat' dir='ltr'><strong>ejus</strong></span> <span class='ocrx_word' id='word_1_554' title='bbox 339 1757 348 1773; x_wconf 74' lang='grc' dir='ltr'><strong>ι</strong></span> <span class='ocrx_word' id='word_1_555' title='bbox 370 1748 485 1780; x_wconf 80' lang='lat' dir='ltr'><strong>creavit,</strong></span> <span class='ocrx_word' id='word_1_556' title='bbox 502 1754 531 1776; x_wconf 91' lang='lat' dir='ltr'><strong>et</strong></span> <span class='ocrx_word' id='word_1_557' title='bbox 546 1756 599 1776; x_wconf 92' lang='lat' dir='ltr'><strong>non</strong></span> <span class='ocrx_word' id='word_1_558' title='bbox 611 1749 646 1776; x_wconf 90' lang='lat' dir='ltr'><strong>ad</strong></span> <span class='ocrx_word' id='word_1_559' title='bbox 663 1756 723 1777; x_wconf 88' lang='lat' dir='ltr'><strong>esse</strong></span> <span class='ocrx_word' id='word_1_560' title='bbox 740 1749 895 1783; x_wconf 80' lang='lat' dir='ltr'><strong>traducens,</strong></span> <span class='ocrx_word' id='word_1_561' title='bbox 913 1751 963 1778; x_wconf 89' lang='lat' dir='ltr'><strong>sed</strong></span> 
     </span>
    </p>
   </div>
   <div class='ocr_carea' id='block_1_71' title="bbox 170 1794 961 1832">
    <p class='ocr_par' dir='ltr' id='par_1_71' title="bbox 170 1794 961 1832">
     <span class='ocr_line' id='line_1_71' title="bbox 170 1794 961 1832; baseline 0.005 -12"><span class='ocrx_word' id='word_1_562' title='bbox 170 1794 275 1821; x_wconf 84' lang='lat' dir='ltr'><strong>creavit</strong></span> <span class='ocrx_word' id='word_1_563' title='bbox 290 1794 396 1822; x_wconf 90' lang='lat' dir='ltr'><strong>initium</strong></span> <span class='ocrx_word' id='word_1_564' title='bbox 410 1795 512 1822; x_wconf 83' lang='lat' dir='ltr'><strong>viarum</strong></span> <span class='ocrx_word' id='word_1_565' title='bbox 527 1802 636 1822; x_wconf 88' lang='lat' dir='ltr'><strong>suarum</strong></span> <span class='ocrx_word' id='word_1_566' title='bbox 655 1795 681 1823; x_wconf 92' lang='lat' dir='ltr'><strong>in</strong></span> <span class='ocrx_word' id='word_1_567' title='bbox 694 1803 776 1831; x_wconf 82' lang='lat' dir='ltr'><strong>opera</strong></span> <span class='ocrx_word' id='word_1_568' title='bbox 792 1795 865 1830; x_wconf 83' lang='lat' dir='ltr'><strong>ejus;</strong></span> <span class='ocrx_word' id='word_1_569' title='bbox 889 1797 961 1832; x_wconf 87' lang='lat' dir='ltr'><strong>quod</strong></span> 
     </span>
    </p>
   </div>
   <div class='ocr_carea' id='block_1_72' title="bbox 171 1839 960 1876">
    <p class='ocr_par' dir='ltr' id='par_1_72' title="bbox 171 1839 960 1876">
     <span class='ocr_line' id='line_1_72' title="bbox 171 1839 960 1876; baseline 0.008 -12"><span class='ocrx_word' id='word_1_570' title='bbox 171 1839 208 1865; x_wconf 85' lang='lat' dir='ltr'><strong>ita</strong></span> <span class='ocrx_word' id='word_1_571' title='bbox 234 1839 371 1874; x_wconf 76' lang='lat' dir='ltr'><strong>intelliges</strong></span> <span class='ocrx_word' id='word_1_572' title='bbox 388 1839 470 1868; x_wconf 83' lang='lat' dir='ltr'><strong>:Vita</strong></span> <span class='ocrx_word' id='word_1_573' title='bbox 497 1840 593 1876; x_wconf 81' lang='lat' dir='ltr'><strong>legalis</strong></span> <span class='ocrx_word' id='word_1_574' title='bbox 621 1848 635 1868; x_wconf 92' lang='lat' dir='ltr'><strong>a</strong></span> <span class='ocrx_word' id='word_1_575' title='bbox 649 1840 750 1870; x_wconf 71' lang='lat' dir='ltr'><strong>Judzeis</strong></span> <span class='ocrx_word' id='word_1_576' title='bbox 773 1841 922 1875; x_wconf 81' lang='lat' dir='ltr'><strong>colebatur,</strong></span> <span class='ocrx_word' id='word_1_577' title='bbox 945 1849 960 1869; x_wconf 82' lang='lat' dir='ltr'><strong>a</strong></span> 
     </span>
    </p>
   </div>
   <div class='ocr_carea' id='block_1_73' title="bbox 170 1883 961 1921">
    <p class='ocr_par' dir='ltr' id='par_1_73' title="bbox 170 1883 961 1921">
     <span class='ocr_line' id='line_1_73' title="bbox 170 1883 961 1921; baseline 0.008 -11"><span class='ocrx_word' id='word_1_578' title='bbox 170 1883 375 1921; x_wconf 13' lang='lat' dir='ltr'><strong>gentihus‘vero</strong></span> <span class='ocrx_word' id='word_1_579' title='bbox 396 1885 450 1912; x_wconf 87' lang='lat' dir='ltr'><strong>vita</strong></span> <span class='ocrx_word' id='word_1_580' title='bbox 474 1886 620 1913; x_wconf 87' lang='lat' dir='ltr'><strong>secundum</strong></span> <span class='ocrx_word' id='word_1_581' title='bbox 639 1886 772 1920; x_wconf 82' lang='lat' dir='ltr'><strong>justitiam</strong></span> <span class='ocrx_word' id='word_1_582' title='bbox 790 1887 865 1915; x_wconf 92' lang='lat' dir='ltr'><strong>nullo</strong></span> <span class='ocrx_word' id='word_1_583' title='bbox 883 1889 961 1916; x_wconf 86' lang='lat' dir='ltr'><strong>modo</strong></span> 
     </span>
    </p>
   </div>
   <div class='ocr_carea' id='block_1_74' title="bbox 170 1929 961 1967">
    <p class='ocr_par' dir='ltr' id='par_1_74' title="bbox 170 1929 961 1967">
     <span class='ocr_line' id='line_1_74' title="bbox 170 1929 961 1967; baseline 0.006 -11"><span class='ocrx_word' id='word_1_584' title='bbox 170 1930 395 1964; x_wconf 73' lang='lat' dir='ltr'><strong>cognoscebalur.</strong></span> <span class='ocrx_word' id='word_1_585' title='bbox 413 1929 530 1958; x_wconf 80' lang='lat' dir='ltr'><strong>Verbum</strong></span> <span class='ocrx_word' id='word_1_586' title='bbox 551 1931 642 1967; x_wconf 87' lang='lat' dir='ltr'><strong>itaque</strong></span> <span class='ocrx_word' id='word_1_587' title='bbox 655 1931 701 1959; x_wconf 87' lang='lat' dir='ltr'><strong>Dei</strong></span> <span class='ocrx_word' id='word_1_588' title='bbox 720 1932 822 1960; x_wconf 78' lang='lat' dir='ltr'><strong>factum</strong></span> <span class='ocrx_word' id='word_1_589' title='bbox 835 1938 887 1966; x_wconf 87' lang='lat' dir='ltr'><strong>est,</strong></span> <span class='ocrx_word' id='word_1_590' title='bbox 903 1933 961 1962; x_wconf 76' lang='lat' dir='ltr'><strong>sive</strong></span> 
     </span>
    </p>
   </div>
   <div class='ocr_carea' id='block_1_75' title="bbox 170 1977 960 2013">
    <p class='ocr_par' dir='ltr' id='par_1_75' title="bbox 170 1977 960 2013">
     <span class='ocr_line' id='line_1_75' title="bbox 170 1977 960 2013; baseline 0.008 -11"><span class='ocrx_word' id='word_1_591' title='bbox 170 1981 290 2002; x_wconf 85' lang='lat' dir='ltr'><strong>creatum</strong></span> <span class='ocrx_word' id='word_1_592' title='bbox 313 1979 365 2009; x_wconf 83' lang='lat' dir='ltr'><strong>est,</strong></span> <span class='ocrx_word' id='word_1_593' title='bbox 389 1983 464 2009; x_wconf 87' lang='lat' dir='ltr'><strong>caro,</strong></span> <span class='ocrx_word' id='word_1_594' title='bbox 483 1977 534 2004; x_wconf 89' lang='lat' dir='ltr'><strong>hoc</strong></span> <span class='ocrx_word' id='word_1_595' title='bbox 555 1983 598 2005; x_wconf 84' lang='lat' dir='ltr'><strong>est</strong></span> <span class='ocrx_word' id='word_1_596' title='bbox 611 1978 710 2013; x_wconf 52' lang='lat' dir='ltr'><strong>dmino,</strong></span> <span class='ocrx_word' id='word_1_597' title='bbox 729 1983 758 2006; x_wconf 91' lang='lat' dir='ltr'><strong>ut</strong></span> <span class='ocrx_word' id='word_1_598' title='bbox 781 1980 885 2007; x_wconf 90' lang='lat' dir='ltr'><strong>initium</strong></span> <span class='ocrx_word' id='word_1_599' title='bbox 902 1987 960 2008; x_wconf 75' lang='lat' dir='ltr'><strong>vra-</strong></span> 
     </span>
    </p>
   </div>
   <div class='ocr_carea' id='block_1_76' title="bbox 170 2021 958 2058">
    <p class='ocr_par' dir='ltr' id='par_1_76' title="bbox 170 2021 958 2058">
     <span class='ocr_line' id='line_1_76' title="bbox 170 2021 958 2058; baseline 0.008 -11"><span class='ocrx_word' id='word_1_600' title='bbox 170 2028 230 2048; x_wconf 93' lang='lat' dir='ltr'><strong>rum</strong></span> <span class='ocrx_word' id='word_1_601' title='bbox 246 2021 350 2048; x_wconf 84' lang='lat' dir='ltr'><strong>Domini</strong></span> <span class='ocrx_word' id='word_1_602' title='bbox 369 2026 396 2049; x_wconf 94' lang='lat' dir='ltr'><strong>et</strong></span> <span class='ocrx_word' id='word_1_603' title='bbox 414 2029 525 2057; x_wconf 89' lang='lat' dir='ltr'><strong>operum</strong></span> <span class='ocrx_word' id='word_1_604' title='bbox 540 2023 601 2058; x_wconf 71' lang='lat' dir='ltr'><strong>eius</strong></span> <span class='ocrx_word' id='word_1_605' title='bbox 612 2025 738 2052; x_wconf 84' lang='lat' dir='ltr'><strong>omnibus</strong></span> <span class='ocrx_word' id='word_1_606' title='bbox 753 2025 915 2052; x_wconf 83' lang='lat' dir='ltr'><strong>inveniatur.</strong></span> <span class='ocrx_word' id='word_1_607' title='bbox 931 2025 958 2053; x_wconf 91' lang='lat' dir='ltr'><strong>ln</strong></span> 
     </span>
    </p>
   </div>
   <div class='ocr_carea' id='block_1_77' title="bbox 171 2067 961 2104">
    <p class='ocr_par' dir='ltr' id='par_1_77' title="bbox 171 2067 961 2104">
     <span class='ocr_line' id='line_1_77' title="bbox 171 2067 961 2104; baseline 0.008 -11"><span class='ocrx_word' id='word_1_608' title='bbox 171 2067 259 2101; x_wconf 83' lang='lat' dir='ltr'><strong>primo</strong></span> <span class='ocrx_word' id='word_1_609' title='bbox 282 2067 355 2094; x_wconf 85' lang='lat' dir='ltr'><strong>enim</strong></span> <span class='ocrx_word' id='word_1_610' title='bbox 379 2067 489 2095; x_wconf 88' lang='lat' dir='ltr'><strong>Christo</strong></span> <span class='ocrx_word' id='word_1_611' title='bbox 510 2070 665 2104; x_wconf 79' lang='lat' dir='ltr'><strong>evangeliea</strong></span> <span class='ocrx_word' id='word_1_612' title='bbox 687 2071 742 2098; x_wconf 88' lang='lat' dir='ltr'><strong>vita</strong></span> <span class='ocrx_word' id='word_1_613' title='bbox 764 2070 873 2099; x_wconf 85' lang='lat' dir='ltr'><strong>eﬂ‘ulsit.</strong></span> <span class='ocrx_word' id='word_1_614' title='bbox 897 2071 961 2099; x_wconf 77' lang='lat' dir='ltr'><strong>Vias</strong></span> 
     </span>
    </p>
   </div>
   <div class='ocr_carea' id='block_1_78' title="bbox 170 2114 960 2149">
    <p class='ocr_par' dir='ltr' id='par_1_78' title="bbox 170 2114 960 2149">
     <span class='ocr_line' id='line_1_78' title="bbox 170 2114 960 2149; baseline 0.006 -9"><span class='ocrx_word' id='word_1_615' title='bbox 170 2117 260 2140; x_wconf 76' lang='lat' dir='ltr'><strong>autem</strong></span> <span class='ocrx_word' id='word_1_616' title='bbox 286 2118 313 2140; x_wconf 85' lang='lat' dir='ltr'><strong>et</strong></span> <span class='ocrx_word' id='word_1_617' title='bbox 331 2121 411 2147; x_wconf 82' lang='lat' dir='ltr'><strong>opera</strong></span> <span class='ocrx_word' id='word_1_618' title='bbox 433 2114 550 2148; x_wconf 87' lang='lat' dir='ltr'><strong>Domini,</strong></span> <span class='ocrx_word' id='word_1_619' title='bbox 573 2115 637 2149; x_wconf 90' lang='lat' dir='ltr'><strong>quid</strong></span> <span class='ocrx_word' id='word_1_620' title='bbox 662 2116 734 2144; x_wconf 81' lang='lat' dir='ltr'><strong>aliud</strong></span> <span class='ocrx_word' id='word_1_621' title='bbox 759 2125 820 2145; x_wconf 87' lang='lat' dir='ltr'><strong>esse</strong></span> <span class='ocrx_word' id='word_1_622' title='bbox 847 2125 960 2145; x_wconf 75' lang='lat' dir='ltr'><strong>censea-</strong></span> 
     </span>
    </p>
   </div>
   <div class='ocr_carea' id='block_1_79' title="bbox 1011 1563 1807 1602">
    <p class='ocr_par' dir='ltr' id='par_1_79' title="bbox 1011 1563 1807 1602">
     <span class='ocr_line' id='line_1_79' title="bbox 1011 1563 1807 1602; baseline 0 -9"><span class='ocrx_word' id='word_1_623' title='bbox 1011 1566 1060 1593; x_wconf 82' lang='grc' dir='ltr'><strong>τοῦ</strong></span> <span class='ocrx_word' id='word_1_624' title='bbox 1080 1566 1148 1593; x_wconf 78' lang='grc' dir='ltr'>Θεοῦ</span> <span class='ocrx_word' id='word_1_625' title='bbox 1164 1566 1262 1601; x_wconf 84' lang='grc' dir='ltr'>Λόγου,</span> <span class='ocrx_word' id='word_1_626' title='bbox 1286 1566 1328 1601; x_wconf 78' lang='grc' dir='ltr'><strong>ἐφ’</strong></span> <span class='ocrx_word' id='word_1_627' title='bbox 1345 1563 1366 1600; x_wconf 81' lang='grc' dir='ltr'>ᾧ</span> <span class='ocrx_word' id='word_1_628' title='bbox 1381 1566 1413 1602; x_wconf 84' lang='grc' dir='ltr'><strong>δὴ</strong></span> <span class='ocrx_word' id='word_1_629' title='bbox 1432 1567 1549 1601; x_wconf 82' lang='grc' dir='ltr'>μάλιστα</span> <span class='ocrx_word' id='word_1_630' title='bbox 1568 1567 1647 1593; x_wconf 79' lang='grc' dir='ltr'>τοῦτο</span> <span class='ocrx_word' id='word_1_631' title='bbox 1670 1567 1807 1602; x_wconf 74' lang='grc' dir='ltr'>φυλάττε-</span> 
     </span>
    </p>
   </div>
   <div class='ocr_carea' id='block_1_80' title="bbox 1014 1611 1807 1649">
    <p class='ocr_par' dir='ltr' id='par_1_80' title="bbox 1014 1611 1807 1649">
     <span class='ocr_line' id='line_1_80' title="bbox 1014 1611 1807 1649; baseline -0.001 -9"><span class='ocrx_word' id='word_1_632' title='bbox 1014 1613 1073 1640; x_wconf 84' lang='grc' dir='ltr'>σθαι</span> <span class='ocrx_word' id='word_1_633' title='bbox 1085 1613 1148 1649; x_wconf 82' lang='grc' dir='ltr'>χρὴ,</span> <span class='ocrx_word' id='word_1_634' title='bbox 1159 1611 1248 1649; x_wconf 73' lang='grc' dir='ltr'>σαθρὰ</span> <span class='ocrx_word' id='word_1_635' title='bbox 1260 1612 1388 1644; x_wconf 82' lang='grc' dir='ltr'>νοοῦντας</span> <span class='ocrx_word' id='word_1_636' title='bbox 1400 1612 1586 1648; x_wconf 86' lang='grc' dir='ltr'>εὑρίσκεσθαι;</span> <span class='ocrx_word' id='word_1_637' title='bbox 1598 1622 1607 1638; x_wconf 85' lang='lat' dir='ltr'><strong>t</strong></span> <span class='ocrx_word' id='word_1_638' title='bbox 1620 1612 1722 1648; x_wconf 81' lang='grc' dir='ltr'>Κύριος</span> <span class='ocrx_word' id='word_1_639' title='bbox 1739 1613 1807 1648; x_wconf 78' lang='grc' dir='ltr'>γὰρ,</span> 
     </span>
    </p>
   </div>
   <div class='ocr_carea' id='block_1_81' title="bbox 1013 1657 1805 1696">
    <p class='ocr_par' dir='ltr' id='par_1_81' title="bbox 1013 1657 1805 1696">
     <span class='ocr_line' id='line_1_81' title="bbox 1013 1657 1805 1696; baseline -0.003 -10"><span class='ocrx_word' id='word_1_640' title='bbox 1013 1660 1105 1696; x_wconf 74' lang='grc' dir='ltr'>φησὶν,</span> <span class='ocrx_word' id='word_1_641' title='bbox 1120 1659 1212 1686; x_wconf 79' lang='grc' dir='ltr'>ἐκτισέ</span> <span class='ocrx_word' id='word_1_642' title='bbox 1227 1667 1260 1695; x_wconf 85' lang='grc' dir='ltr'><strong>με</strong></span> <span class='ocrx_word' id='word_1_643' title='bbox 1272 1666 1278 1673; x_wconf 92' lang='grc'><strong>·</strong></span> <span class='ocrx_word' id='word_1_644' title='bbox 1293 1669 1302 1685; x_wconf 76' lang='grc' dir='ltr'><strong>ι</strong></span> <span class='ocrx_word' id='word_1_645' title='bbox 1321 1659 1368 1685; x_wconf 74' lang='grc' dir='ltr'>καὶ</span> <span class='ocrx_word' id='word_1_646' title='bbox 1378 1659 1409 1685; x_wconf 85' lang='grc' dir='ltr'>οὺ</span> <span class='ocrx_word' id='word_1_647' title='bbox 1424 1659 1505 1694; x_wconf 82' lang='grc' dir='ltr'>μέχρι</span> <span class='ocrx_word' id='word_1_648' title='bbox 1517 1657 1575 1690; x_wconf 81' lang='grc' dir='ltr'>τοῦ,</span> <span class='ocrx_word' id='word_1_649' title='bbox 1591 1667 1600 1684; x_wconf 79' lang='grc' dir='ltr'><strong>ι</strong></span> <span class='ocrx_word' id='word_1_650' title='bbox 1621 1657 1712 1685; x_wconf 77' lang='grc' dir='ltr'>ἐκτισέ</span> <span class='ocrx_word' id='word_1_651' title='bbox 1730 1667 1776 1694; x_wconf 81' lang='grc' dir='ltr'><strong>με,</strong></span> <span class='ocrx_word' id='word_1_652' title='bbox 1795 1667 1805 1685; x_wconf 81' lang='grc' dir='ltr'><strong>ι</strong></span> 
     </span>
    </p>
   </div>
   <div class='ocr_carea' id='block_1_82' title="bbox 1012 1703 1808 1741">
    <p class='ocr_par' dir='ltr' id='par_1_82' title="bbox 1012 1703 1808 1741">
     <span class='ocr_line' id='line_1_82' title="bbox 1012 1703 1808 1741; baseline -0.003 -9"><span class='ocrx_word' id='word_1_653' title='bbox 1012 1705 1059 1733; x_wconf 83' lang='grc' dir='ltr'><strong>τοῦ</strong></span> <span class='ocrx_word' id='word_1_654' title='bbox 1075 1705 1154 1740; x_wconf 87' lang='grc' dir='ltr'>λόγου</span> <span class='ocrx_word' id='word_1_655' title='bbox 1178 1705 1228 1741; x_wconf 81' lang='grc' dir='ltr'><strong>τὴν</strong></span> <span class='ocrx_word' id='word_1_656' title='bbox 1244 1705 1361 1740; x_wconf 82' lang='grc' dir='ltr'>δύναμιν</span> <span class='ocrx_word' id='word_1_657' title='bbox 1383 1704 1500 1740; x_wconf 79' lang='grc' dir='ltr'>ἵστησιν,</span> <span class='ocrx_word' id='word_1_658' title='bbox 1523 1704 1591 1731; x_wconf 85' lang='grc' dir='ltr'><strong>ἀλλά</strong></span> <span class='ocrx_word' id='word_1_659' title='bbox 1615 1703 1808 1740; x_wconf 79' lang='grc' dir='ltr'>προστίθησιν.</span> 
     </span>
    </p>
   </div>
   <div class='ocr_carea' id='block_1_83' title="bbox 1011 1750 1807 1788">
    <p class='ocr_par' dir='ltr' id='par_1_83' title="bbox 1011 1750 1807 1788">
     <span class='ocr_line' id='line_1_83' title="bbox 1011 1750 1807 1788; baseline -0.001 -10"><span class='ocrx_word' id='word_1_660' title='bbox 1011 1752 1053 1778; x_wconf 84' lang='grc' dir='ltr'>ὃτι</span> <span class='ocrx_word' id='word_1_661' title='bbox 1073 1761 1082 1778; x_wconf 82' lang='grc' dir='ltr'><strong>ι</strong></span> <span class='ocrx_word' id='word_1_662' title='bbox 1101 1751 1189 1788; x_wconf 84' lang='grc' dir='ltr'>ἀρχὴν</span> <span class='ocrx_word' id='word_1_663' title='bbox 1204 1751 1272 1778; x_wconf 79' lang='grc' dir='ltr'>ὁδῶν</span> <span class='ocrx_word' id='word_1_664' title='bbox 1283 1750 1366 1778; x_wconf 75' lang='grc' dir='ltr'>αὐτοῦ</span> <span class='ocrx_word' id='word_1_665' title='bbox 1383 1761 1392 1777; x_wconf 78' lang='grc' dir='ltr'><strong>ι</strong></span> <span class='ocrx_word' id='word_1_666' title='bbox 1409 1752 1449 1783; x_wconf 86' lang='grc' dir='ltr'><strong>εἰς</strong></span> <span class='ocrx_word' id='word_1_667' title='bbox 1462 1750 1531 1786; x_wconf 72' lang='grc' dir='ltr'>ἔργα</span> <span class='ocrx_word' id='word_1_668' title='bbox 1545 1750 1626 1778; x_wconf 79' lang='grc' dir='ltr'>αὐτοῦ</span> <span class='ocrx_word' id='word_1_669' title='bbox 1641 1750 1744 1782; x_wconf 72' lang='grc' dir='ltr'>ἔκτισε,</span> <span class='ocrx_word' id='word_1_670' title='bbox 1760 1751 1807 1777; x_wconf 80' lang='grc' dir='ltr'>καὶ</span> 
     </span>
    </p>
   </div>
   <div class='ocr_carea' id='block_1_84' title="bbox 1012 1796 1808 1834">
    <p class='ocr_par' dir='ltr' id='par_1_84' title="bbox 1012 1796 1808 1834">
     <span class='ocr_line' id='line_1_84' title="bbox 1012 1796 1808 1834; baseline -0.004 -9"><span class='ocrx_word' id='word_1_671' title='bbox 1012 1798 1062 1825; x_wconf 82' lang='grc' dir='ltr'>οὐκ</span> <span class='ocrx_word' id='word_1_672' title='bbox 1083 1799 1124 1829; x_wconf 80' lang='grc' dir='ltr'><strong>είς</strong></span> <span class='ocrx_word' id='word_1_673' title='bbox 1145 1798 1176 1825; x_wconf 82' lang='grc' dir='ltr'>τὸ</span> <span class='ocrx_word' id='word_1_674' title='bbox 1203 1796 1272 1825; x_wconf 76' lang='grc' dir='ltr'>εἶναι</span> <span class='ocrx_word' id='word_1_675' title='bbox 1298 1796 1479 1834; x_wconf 83' lang='grc' dir='ltr'>παραγαγὼν,</span> <span class='ocrx_word' id='word_1_676' title='bbox 1503 1796 1561 1824; x_wconf 76' lang='grc' dir='ltr'>ἀλλ’</span> <span class='ocrx_word' id='word_1_677' title='bbox 1584 1796 1690 1823; x_wconf 74' lang='grc' dir='ltr'>ἔκτισεν</span> <span class='ocrx_word' id='word_1_678' title='bbox 1717 1797 1808 1832; x_wconf 74' lang='grc' dir='ltr'>ἀρχὴν</span> 
     </span>
    </p>
   </div>
   <div class='ocr_carea' id='block_1_85' title="bbox 1011 1842 1808 1879">
    <p class='ocr_par' dir='ltr' id='par_1_85' title="bbox 1011 1842 1808 1879">
     <span class='ocr_line' id='line_1_85' title="bbox 1011 1842 1808 1879; baseline -0.003 -8"><span class='ocrx_word' id='word_1_679' title='bbox 1011 1843 1079 1871; x_wconf 72' lang='grc' dir='ltr'>ὁδῶν</span> <span class='ocrx_word' id='word_1_680' title='bbox 1098 1843 1180 1871; x_wconf 80' lang='grc' dir='ltr'>αὑτοῦ</span> <span class='ocrx_word' id='word_1_681' title='bbox 1196 1844 1235 1875; x_wconf 79' lang='grc' dir='ltr'>εἰς</span> <span class='ocrx_word' id='word_1_682' title='bbox 1250 1843 1319 1879; x_wconf 65' lang='grc' dir='ltr'>ἔργα</span> <span class='ocrx_word' id='word_1_683' title='bbox 1340 1842 1422 1870; x_wconf 78' lang='grc' dir='ltr'>αὑτοῦ</span> <span class='ocrx_word' id='word_1_684' title='bbox 1435 1850 1441 1858; x_wconf 84' lang='lat'><strong>&#39;</strong></span> <span class='ocrx_word' id='word_1_685' title='bbox 1461 1843 1528 1879; x_wconf 79' lang='grc' dir='ltr'>ὅπερ</span> <span class='ocrx_word' id='word_1_686' title='bbox 1545 1842 1617 1869; x_wconf 79' lang='grc' dir='ltr'>οὕτω</span> <span class='ocrx_word' id='word_1_687' title='bbox 1631 1843 1750 1878; x_wconf 85' lang='grc' dir='ltr'>νοήσεις.</span> <span class='ocrx_word' id='word_1_688' title='bbox 1774 1843 1808 1869; x_wconf 87' lang='lat' dir='ltr'><strong>&#39;H</strong></span> 
     </span>
    </p>
   </div>
   <div class='ocr_carea' id='block_1_86' title="bbox 1013 1887 1807 1925">
    <p class='ocr_par' dir='ltr' id='par_1_86' title="bbox 1013 1887 1807 1925">
     <span class='ocr_line' id='line_1_86' title="bbox 1013 1887 1807 1925; baseline -0.005 -7"><span class='ocrx_word' id='word_1_689' title='bbox 1013 1890 1084 1918; x_wconf 76' lang='grc' dir='ltr'>κατὰ</span> <span class='ocrx_word' id='word_1_690' title='bbox 1103 1889 1184 1925; x_wconf 83' lang='grc' dir='ltr'>νόμον</span> <span class='ocrx_word' id='word_1_691' title='bbox 1201 1889 1324 1916; x_wconf 85' lang='grc' dir='ltr'>πολιτεία</span> <span class='ocrx_word' id='word_1_692' title='bbox 1342 1889 1487 1924; x_wconf 71' lang='grc' dir='ltr'>ὲτεςιίμητο</span> <span class='ocrx_word' id='word_1_693' title='bbox 1500 1889 1549 1924; x_wconf 77' lang='grc' dir='ltr'>μὲν</span> <span class='ocrx_word' id='word_1_694' title='bbox 1564 1889 1639 1924; x_wconf 79' lang='grc' dir='ltr'>παρὰ</span> <span class='ocrx_word' id='word_1_695' title='bbox 1658 1891 1713 1921; x_wconf 77' lang='grc' dir='ltr'>τοῖς</span> <span class='ocrx_word' id='word_1_696' title='bbox 1741 1887 1807 1915; x_wconf 68' lang='grc' dir='ltr'>Ἰον-</span> 
     </span>
    </p>
   </div>
   <div class='ocr_carea' id='block_1_87' title="bbox 1012 1935 1810 1972">
    <p class='ocr_par' dir='ltr' id='par_1_87' title="bbox 1012 1935 1810 1972">
     <span class='ocr_line' id='line_1_87' title="bbox 1012 1935 1810 1972; baseline -0.003 -7"><span class='ocrx_word' id='word_1_697' title='bbox 1012 1937 1107 1970; x_wconf 78' lang='grc' dir='ltr'>δαίοις,</span> <span class='ocrx_word' id='word_1_698' title='bbox 1123 1936 1200 1972; x_wconf 85' lang='grc' dir='ltr'>παρὰ</span> <span class='ocrx_word' id='word_1_699' title='bbox 1217 1936 1246 1963; x_wconf 77' lang='grc' dir='ltr'>δὲ</span> <span class='ocrx_word' id='word_1_700' title='bbox 1264 1937 1320 1968; x_wconf 85' lang='grc' dir='ltr'>τοῖς</span> <span class='ocrx_word' id='word_1_701' title='bbox 1345 1935 1448 1963; x_wconf 71' lang='grc' dir='ltr'>ἔθνεσιν</span> <span class='ocrx_word' id='word_1_702' title='bbox 1470 1935 1525 1962; x_wconf 74' lang='grc' dir='ltr'>οὐδ’</span> <span class='ocrx_word' id='word_1_703' title='bbox 1541 1935 1608 1967; x_wconf 83' lang='grc' dir='ltr'>ὅλως</span> <span class='ocrx_word' id='word_1_704' title='bbox 1633 1936 1646 1962; x_wconf 81' lang='grc' dir='ltr'>ὁ</span> <span class='ocrx_word' id='word_1_705' title='bbox 1671 1935 1744 1962; x_wconf 72' lang='grc' dir='ltr'>κατὰ</span> <span class='ocrx_word' id='word_1_706' title='bbox 1766 1935 1810 1963; x_wconf 63' lang='grc' dir='ltr'><strong>δια</strong></span> 
     </span>
    </p>
   </div>
   <div class='ocr_carea' id='block_1_88' title="bbox 1012 1981 1810 2019">
    <p class='ocr_par' dir='ltr' id='par_1_88' title="bbox 1012 1981 1810 2019">
     <span class='ocr_line' id='line_1_88' title="bbox 1012 1981 1810 2019; baseline -0.004 -9"><span class='ocrx_word' id='word_1_707' title='bbox 1012 1982 1161 2019; x_wconf 79' lang='grc' dir='ltr'>καιοσὺνην</span> <span class='ocrx_word' id='word_1_708' title='bbox 1175 1982 1232 2018; x_wconf 81' lang='grc' dir='ltr'>βίος</span> <span class='ocrx_word' id='word_1_709' title='bbox 1244 1981 1419 2017; x_wconf 75' lang='grc' dir='ltr'>ἐγινώσκετο.</span> <span class='ocrx_word' id='word_1_710' title='bbox 1434 1981 1529 2015; x_wconf 81' lang='grc' dir='ltr'>Γέγονε</span> <span class='ocrx_word' id='word_1_711' title='bbox 1545 1981 1646 2014; x_wconf 82' lang='grc' dir='ltr'>τοίνυν,</span> <span class='ocrx_word' id='word_1_712' title='bbox 1662 1982 1722 2017; x_wconf 68' lang='grc' dir='ltr'>ἦτοι</span> <span class='ocrx_word' id='word_1_713' title='bbox 1733 1981 1810 2008; x_wconf 75' lang='grc' dir='ltr'>ἐκτί-</span> 
     </span>
    </p>
   </div>
   <div class='ocr_carea' id='block_1_89' title="bbox 1014 2027 1806 2065">
    <p class='ocr_par' dir='ltr' id='par_1_89' title="bbox 1014 2027 1806 2065">
     <span class='ocr_line' id='line_1_89' title="bbox 1014 2027 1806 2065; baseline -0.004 -9"><span class='ocrx_word' id='word_1_714' title='bbox 1014 2029 1076 2065; x_wconf 83' lang='grc' dir='ltr'>σθη,</span> <span class='ocrx_word' id='word_1_715' title='bbox 1095 2028 1165 2064; x_wconf 79' lang='grc' dir='ltr'>σὰρξ</span> <span class='ocrx_word' id='word_1_716' title='bbox 1184 2029 1200 2054; x_wconf 79' lang='grc' dir='ltr'><strong>ὁ</strong></span> <span class='ocrx_word' id='word_1_717' title='bbox 1215 2027 1262 2054; x_wconf 87' lang='grc' dir='ltr'><strong>τοῦ</strong></span> <span class='ocrx_word' id='word_1_718' title='bbox 1282 2027 1349 2054; x_wconf 85' lang='grc' dir='ltr'>Θεοῦ</span> <span class='ocrx_word' id='word_1_719' title='bbox 1371 2028 1468 2062; x_wconf 82' lang='grc' dir='ltr'>Λόγος,</span> <span class='ocrx_word' id='word_1_720' title='bbox 1487 2027 1626 2054; x_wconf 77' lang='grc' dir='ltr'>τουτέστιν</span> <span class='ocrx_word' id='word_1_721' title='bbox 1648 2027 1806 2062; x_wconf 77' lang='grc' dir='ltr'>ἅνθρωπος,</span> 
     </span>
    </p>
   </div>
   <div class='ocr_carea' id='block_1_90' title="bbox 1012 2072 1808 2109">
    <p class='ocr_par' dir='ltr' id='par_1_90' title="bbox 1012 2072 1808 2109">
     <span class='ocr_line' id='line_1_90' title="bbox 1012 2072 1808 2109; baseline -0.001 -9"><span class='ocrx_word' id='word_1_722' title='bbox 1012 2074 1058 2101; x_wconf 82' lang='grc' dir='ltr'>ἵνα</span> <span class='ocrx_word' id='word_1_723' title='bbox 1072 2074 1120 2101; x_wconf 73' lang='grc' dir='ltr'>καὶ</span> <span class='ocrx_word' id='word_1_724' title='bbox 1131 2073 1203 2109; x_wconf 81' lang='grc' dir='ltr'><strong>ἀρχὴ</strong></span> <span class='ocrx_word' id='word_1_725' title='bbox 1219 2073 1274 2100; x_wconf 83' lang='grc' dir='ltr'><strong>τῶν</strong></span> <span class='ocrx_word' id='word_1_726' title='bbox 1290 2072 1358 2100; x_wconf 72' lang='grc' dir='ltr'>ὁδῶν</span> <span class='ocrx_word' id='word_1_727' title='bbox 1374 2072 1421 2099; x_wconf 87' lang='grc' dir='ltr'><strong>τοῦ</strong></span> <span class='ocrx_word' id='word_1_728' title='bbox 1442 2072 1545 2108; x_wconf 77' lang='grc' dir='ltr'>Κυρίου</span> <span class='ocrx_word' id='word_1_729' title='bbox 1570 2073 1616 2099; x_wconf 76' lang='grc' dir='ltr'>καὶ</span> <span class='ocrx_word' id='word_1_730' title='bbox 1637 2072 1692 2099; x_wconf 87' lang='grc' dir='ltr'><strong>τῶν</strong></span> <span class='ocrx_word' id='word_1_731' title='bbox 1715 2073 1808 2108; x_wconf 78' lang='grc' dir='ltr'>ἔργων</span> 
     </span>
    </p>
   </div>
   <div class='ocr_carea' id='block_1_91' title="bbox 1013 2118 1808 2155">
    <p class='ocr_par' dir='ltr' id='par_1_91' title="bbox 1013 2118 1808 2155">
     <span class='ocr_line' id='line_1_91' title="bbox 1013 2118 1808 2155; baseline -0.003 -7"><span class='ocrx_word' id='word_1_732' title='bbox 1013 2120 1096 2148; x_wconf 72' lang='grc' dir='ltr'>αὑτοῦ</span> <span class='ocrx_word' id='word_1_733' title='bbox 1126 2120 1209 2146; x_wconf 76' lang='grc' dir='ltr'>πᾶσιν</span> <span class='ocrx_word' id='word_1_734' title='bbox 1236 2119 1349 2155; x_wconf 76' lang='grc' dir='ltr'>εὑρεθῇ.</span> <span class='ocrx_word' id='word_1_735' title='bbox 1373 2119 1418 2146; x_wconf 86' lang='grc' dir='ltr'>Ἐν</span> <span class='ocrx_word' id='word_1_736' title='bbox 1448 2119 1502 2154; x_wconf 86' lang='grc' dir='ltr'><strong>γὰρ</strong></span> <span class='ocrx_word' id='word_1_737' title='bbox 1531 2118 1632 2154; x_wconf 76' lang='grc' dir='ltr'>πρώτῳ</span> <span class='ocrx_word' id='word_1_738' title='bbox 1655 2119 1769 2154; x_wconf 82' lang='grc' dir='ltr'>Χριστῷ</span> <span class='ocrx_word' id='word_1_739' title='bbox 1792 2120 1808 2146; x_wconf 82' lang='grc' dir='ltr'><strong>ό</strong></span> 
     </span>
    </p>
   </div>
   <div class='ocr_carea' id='block_1_92' title="bbox 171 2161 957 2204">
    <p class='ocr_par' dir='ltr' id='par_1_92' title="bbox 171 2161 957 2198">
     <span class='ocr_line' id='line_1_92' title="bbox 171 2161 957 2198; baseline 0.01 -15"><span class='ocrx_word' id='word_1_740' title='bbox 171 2165 242 2189; x_wconf 77' lang='lat' dir='ltr'><strong>mus,</strong></span> <span class='ocrx_word' id='word_1_741' title='bbox 265 2165 346 2193; x_wconf 86' lang='lat' dir='ltr'><strong>quam</strong></span> <span class='ocrx_word' id='word_1_742' title='bbox 368 2165 504 2194; x_wconf 75' lang='lat' dir='ltr'><strong>praecepta</strong></span> <span class='ocrx_word' id='word_1_743' title='bbox 525 2161 600 2194; x_wconf 65' lang='lat' dir='ltr'><strong>eius?</strong></span> <span class='ocrx_word' id='word_1_744' title='bbox 614 2169 676 2196; x_wconf 77' lang='lat' dir='ltr'><strong>qua:</strong></span> <span class='ocrx_word' id='word_1_745' title='bbox 698 2167 860 2196; x_wconf 73' lang='lat' dir='ltr'><strong>praestantes</strong></span> <span class='ocrx_word' id='word_1_746' title='bbox 878 2168 957 2198; x_wconf 81' lang='lat' dir='ltr'><strong>atque</strong></span> 
     </span>
    </p>
   </div>
   <div class='ocr_carea' id='block_1_93' title="bbox 1024 2161 1806 2204">
    <p class='ocr_par' dir='ltr' id='par_1_93' title="bbox 1024 2165 1806 2202">
     <span class='ocr_line' id='line_1_93' title="bbox 1024 2165 1806 2202; baseline -0.003 -9"><span class='ocrx_word' id='word_1_747' title='bbox 1024 2166 1193 2201; x_wconf 62' lang='grc' dir='ltr'>ῑῦαγγελικὺς</span> <span class='ocrx_word' id='word_1_748' title='bbox 1205 2165 1344 2201; x_wconf 78' lang='grc' dir='ltr'>ἀνέλαμψε</span> <span class='ocrx_word' id='word_1_749' title='bbox 1360 2165 1426 2200; x_wconf 83' lang='grc' dir='ltr'>βίος.</span> <span class='ocrx_word' id='word_1_750' title='bbox 1453 2165 1547 2197; x_wconf 77' lang='grc' dir='ltr'>Ὁδοὺς</span> <span class='ocrx_word' id='word_1_751' title='bbox 1558 2165 1587 2191; x_wconf 83' lang='grc' dir='ltr'><strong>δὲ</strong></span> <span class='ocrx_word' id='word_1_752' title='bbox 1604 2165 1651 2192; x_wconf 82' lang='grc' dir='ltr'>καὶ</span> <span class='ocrx_word' id='word_1_753' title='bbox 1669 2165 1739 2202; x_wconf 74' lang='grc' dir='ltr'>ἔργα</span> <span class='ocrx_word' id='word_1_754' title='bbox 1752 2167 1806 2192; x_wconf 84' lang='grc' dir='ltr'><strong>Κυ-</strong></span> 
     </span>
    </p>
   </div>
   <div class='ocr_carea' id='block_1_94' title="bbox 170 2204 960 2243">
    <p class='ocr_par' dir='ltr' id='par_1_94' title="bbox 170 2204 960 2243">
     <span class='ocr_line' id='line_1_94' title="bbox 170 2204 960 2243; baseline 0.008 -14"><span class='ocrx_word' id='word_1_755' title='bbox 170 2208 350 2238; x_wconf 77' lang='lat' dir='ltr'><strong>exsequeutes</strong></span> <span class='ocrx_word' id='word_1_756' title='bbox 369 2204 452 2232; x_wconf 88' lang='lat' dir='ltr'><strong>veluti</strong></span> <span class='ocrx_word' id='word_1_757' title='bbox 476 2205 568 2234; x_wconf 83' lang='lat' dir='ltr'><strong>multis</strong></span> <span class='ocrx_word' id='word_1_758' title='bbox 588 2214 620 2233; x_wconf 87' lang='lat' dir='ltr'><strong>ac</strong></span> <span class='ocrx_word' id='word_1_759' title='bbox 633 2207 717 2234; x_wconf 89' lang='lat' dir='ltr'><strong>variis</strong></span> <span class='ocrx_word' id='word_1_760' title='bbox 741 2208 793 2235; x_wconf 89' lang='lat' dir='ltr'><strong>viis</strong></span> <span class='ocrx_word' id='word_1_761' title='bbox 816 2207 849 2234; x_wconf 86' lang='lat' dir='ltr'><strong>ad</strong></span> <span class='ocrx_word' id='word_1_762' title='bbox 872 2208 960 2243; x_wconf 83' lang='lat' dir='ltr'><strong>ipsum</strong></span> 
     </span>
    </p>
   </div>
   <div class='ocr_carea' id='block_1_95' title="bbox 171 2249 959 2286">
    <p class='ocr_par' dir='ltr' id='par_1_95' title="bbox 171 2249 959 2286">
     <span class='ocr_line' id='line_1_95' title="bbox 171 2249 959 2286; baseline 0.008 -11"><span class='ocrx_word' id='word_1_763' title='bbox 171 2249 352 2283; x_wconf 83' lang='lat' dir='ltr'><strong>precedimus.</strong></span> <span class='ocrx_word' id='word_1_764' title='bbox 375 2250 451 2282; x_wconf 82' lang='lat' dir='ltr'><strong>Quod</strong></span> <span class='ocrx_word' id='word_1_765' title='bbox 474 2257 539 2278; x_wconf 86' lang='lat' dir='ltr'><strong>vero</strong></span> <span class='ocrx_word' id='word_1_766' title='bbox 555 2259 640 2286; x_wconf 80' lang='lat' dir='ltr'><strong>opera</strong></span> <span class='ocrx_word' id='word_1_767' title='bbox 659 2252 788 2280; x_wconf 79' lang='lat' dir='ltr'><strong>eximiam</strong></span> <span class='ocrx_word' id='word_1_768' title='bbox 812 2258 838 2280; x_wconf 90' lang='lat' dir='ltr'><strong>et</strong></span> <span class='ocrx_word' id='word_1_769' title='bbox 856 2258 959 2281; x_wconf 83' lang='lat' dir='ltr'><strong>rectam</strong></span> 
     </span>
    </p>
   </div>
   <div class='ocr_carea' id='block_1_96' title="bbox 170 2293 959 2334">
    <p class='ocr_par' dir='ltr' id='par_1_96' title="bbox 170 2293 959 2334">
     <span class='ocr_line' id='line_1_96' title="bbox 170 2293 959 2334; baseline 0.009 -14"><span class='ocrx_word' id='word_1_770' title='bbox 170 2293 253 2322; x_wconf 86' lang='lat' dir='ltr'><strong>vitam</strong></span> <span class='ocrx_word' id='word_1_771' title='bbox 268 2294 434 2330; x_wconf 70' lang='lat' dir='ltr'><strong>significent,</strong></span> <span class='ocrx_word' id='word_1_772' title='bbox 447 2301 474 2323; x_wconf 85' lang='lat' dir='ltr'><strong>et</strong></span> <span class='ocrx_word' id='word_1_773' title='bbox 487 2301 626 2331; x_wconf 68' lang='lat' dir='ltr'><strong>praecepta</strong></span> <span class='ocrx_word' id='word_1_774' title='bbox 642 2297 701 2330; x_wconf 86' lang='lat' dir='ltr'><strong>Dei,</strong></span> <span class='ocrx_word' id='word_1_775' title='bbox 720 2298 781 2326; x_wconf 89' lang='lat' dir='ltr'><strong>audi</strong></span> <span class='ocrx_word' id='word_1_776' title='bbox 799 2299 863 2334; x_wconf 88' lang='lat' dir='ltr'><strong>quid</strong></span> <span class='ocrx_word' id='word_1_777' title='bbox 882 2307 959 2327; x_wconf 80' lang='lat' dir='ltr'><strong>sacra</strong></span> 
     </span>
    </p>
   </div>
   <div class='ocr_carea' id='block_1_97' title="bbox 171 2340 958 2382">
    <p class='ocr_par' dir='ltr' id='par_1_97' title="bbox 171 2340 958 2382">
     <span class='ocr_line' id='line_1_97' title="bbox 171 2340 958 2382; baseline 0.008 -15"><span class='ocrx_word' id='word_1_778' title='bbox 171 2340 311 2375; x_wconf 88' lang='lat' dir='ltr'><strong>Scriptura</strong></span> <span class='ocrx_word' id='word_1_779' title='bbox 330 2341 425 2369; x_wconf 86' lang='lat' dir='ltr'><strong>dicat:</strong></span> <span class='ocrx_word' id='word_1_780' title='bbox 442 2351 452 2368; x_wconf 80' lang='grc' dir='ltr'><strong>ι</strong></span> <span class='ocrx_word' id='word_1_781' title='bbox 471 2341 515 2369; x_wconf 77' lang='lat' dir='ltr'><strong>Va:</strong></span> <span class='ocrx_word' id='word_1_782' title='bbox 533 2343 578 2378; x_wconf 87' lang='lat' dir='ltr'><strong>qui</strong></span> <span class='ocrx_word' id='word_1_783' title='bbox 597 2343 701 2370; x_wconf 84' lang='lat' dir='ltr'><strong>faciunt</strong></span> <span class='ocrx_word' id='word_1_784' title='bbox 713 2351 794 2380; x_wconf 83' lang='lat' dir='ltr'><strong>opera</strong></span> <span class='ocrx_word' id='word_1_785' title='bbox 810 2345 856 2372; x_wconf 92' lang='lat' dir='ltr'><strong>Dei</strong></span> <span class='ocrx_word' id='word_1_786' title='bbox 873 2346 958 2382; x_wconf 77' lang='lat' dir='ltr'><strong>negli-</strong></span> 
     </span>
    </p>
   </div>
   <div class='ocr_carea' id='block_1_98' title="bbox 171 2388 960 2426">
    <p class='ocr_par' dir='ltr' id='par_1_98' title="bbox 171 2388 960 2426">
     <span class='ocr_line' id='line_1_98' title="bbox 171 2388 960 2426; baseline 0.008 -12"><span class='ocrx_word' id='word_1_787' title='bbox 171 2392 265 2422; x_wconf 76' lang='lat' dir='ltr'><strong>genter</strong></span> <span class='ocrx_word' id='word_1_788' title='bbox 276 2388 321 2416; x_wconf 87' lang='grc'>¹¹·.</span> <span class='ocrx_word' id='word_1_789' title='bbox 340 2397 351 2414; x_wconf 88' lang='grc' dir='ltr'><strong>ι</strong></span> <span class='ocrx_word' id='word_1_790' title='bbox 373 2388 472 2416; x_wconf 84' lang='lat' dir='ltr'><strong>Beatus</strong></span> <span class='ocrx_word' id='word_1_791' title='bbox 492 2393 581 2417; x_wconf 82' lang='lat' dir='ltr'><strong>autem</strong></span> <span class='ocrx_word' id='word_1_792' title='bbox 597 2389 679 2417; x_wconf 85' lang='lat' dir='ltr'><strong>David</strong></span> <span class='ocrx_word' id='word_1_793' title='bbox 697 2396 831 2426; x_wconf 59' lang='lat' dir='ltr'><strong>pracepta</strong></span> <span class='ocrx_word' id='word_1_794' title='bbox 851 2391 898 2419; x_wconf 88' lang='lat' dir='ltr'><strong>Dei</strong></span> <span class='ocrx_word' id='word_1_795' title='bbox 913 2400 960 2426; x_wconf 84' lang='lat' dir='ltr'><strong>ap-</strong></span> 
     </span>
    </p>
   </div>
   <div class='ocr_carea' id='block_1_99' title="bbox 171 2432 959 2472">
    <p class='ocr_par' dir='ltr' id='par_1_99' title="bbox 171 2432 959 2472">
     <span class='ocr_line' id='line_1_99' title="bbox 171 2432 959 2472; baseline 0.009 -12"><span class='ocrx_word' id='word_1_796' title='bbox 171 2432 274 2467; x_wconf 87' lang='lat' dir='ltr'><strong>pellans</strong></span> <span class='ocrx_word' id='word_1_797' title='bbox 297 2435 366 2468; x_wconf 84' lang='lat' dir='ltr'><strong>vias,</strong></span> <span class='ocrx_word' id='word_1_798' title='bbox 393 2436 428 2462; x_wconf 82' lang='lat' dir='ltr'><strong>ita</strong></span> <span class='ocrx_word' id='word_1_799' title='bbox 451 2436 607 2464; x_wconf 85' lang='lat' dir='ltr'><strong>exclamat:</strong></span> <span class='ocrx_word' id='word_1_800' title='bbox 626 2446 635 2463; x_wconf 84' lang='lat' dir='ltr'><strong>l</strong></span> <span class='ocrx_word' id='word_1_801' title='bbox 653 2437 716 2465; x_wconf 84' lang='lat' dir='ltr'><strong>Vias</strong></span> <span class='ocrx_word' id='word_1_802' title='bbox 740 2442 811 2470; x_wconf 86' lang='lat' dir='ltr'><strong>tuas.</strong></span> <span class='ocrx_word' id='word_1_803' title='bbox 837 2439 959 2472; x_wconf 88' lang='lat' dir='ltr'><strong>Domine,</strong></span> 
     </span>
    </p>
   </div>
   <div class='ocr_carea' id='block_1_100' title="bbox 173 2481 857 2515">
    <p class='ocr_par' dir='ltr' id='par_1_100' title="bbox 173 2481 857 2515">
     <span class='ocr_line' id='line_1_100' title="bbox 173 2481 857 2515; baseline 0.01 -8"><span class='ocrx_word' id='word_1_804' title='bbox 173 2486 250 2509; x_wconf 82' lang='lat' dir='ltr'><strong>notas</strong></span> <span class='ocrx_word' id='word_1_805' title='bbox 271 2481 313 2508; x_wconf 81' lang='lat' dir='ltr'><strong>fac</strong></span> <span class='ocrx_word' id='word_1_806' title='bbox 328 2482 406 2515; x_wconf 89' lang='lat' dir='ltr'><strong>mihi,</strong></span> <span class='ocrx_word' id='word_1_807' title='bbox 423 2487 450 2510; x_wconf 90' lang='lat' dir='ltr'><strong>et</strong></span> <span class='ocrx_word' id='word_1_808' title='bbox 465 2483 579 2512; x_wconf 82' lang='lat' dir='ltr'><strong>semitas</strong></span> <span class='ocrx_word' id='word_1_809' title='bbox 591 2488 651 2513; x_wconf 83' lang='lat' dir='ltr'><strong>tuas</strong></span> <span class='ocrx_word' id='word_1_810' title='bbox 664 2485 730 2513; x_wconf 85' lang='lat' dir='ltr'><strong>doce</strong></span> <span class='ocrx_word' id='word_1_811' title='bbox 746 2487 830 2514; x_wconf 79' lang='lat' dir='ltr'><strong>me“.</strong></span> <span class='ocrx_word' id='word_1_812' title='bbox 849 2496 857 2511; x_wconf 77' lang='grc' dir='ltr'><strong>ι</strong></span> 
     </span>
    </p>
   </div>
   <div class='ocr_carea' id='block_1_101' title="bbox 1016 2210 1803 2250">
    <p class='ocr_par' dir='ltr' id='par_1_101' title="bbox 1016 2210 1803 2250">
     <span class='ocr_line' id='line_1_101' title="bbox 1016 2210 1803 2250; baseline -0.004 -11"><span class='ocrx_word' id='word_1_813' title='bbox 1016 2213 1086 2250; x_wconf 87' lang='grc' dir='ltr'>ρίου,</span> <span class='ocrx_word' id='word_1_814' title='bbox 1102 2212 1129 2238; x_wconf 84' lang='grc' dir='ltr'><strong>τί</strong></span> <span class='ocrx_word' id='word_1_815' title='bbox 1143 2211 1196 2247; x_wconf 81' lang='grc' dir='ltr'><strong>χρὴ</strong></span> <span class='ocrx_word' id='word_1_816' title='bbox 1209 2212 1280 2238; x_wconf 82' lang='grc' dir='ltr'>νοεῖν</span> <span class='ocrx_word' id='word_1_817' title='bbox 1292 2211 1394 2246; x_wconf 73' lang='grc' dir='ltr'>ἓτερον,</span> <span class='ocrx_word' id='word_1_818' title='bbox 1411 2211 1428 2246; x_wconf 77' lang='grc' dir='ltr'>ἢ</span> <span class='ocrx_word' id='word_1_819' title='bbox 1444 2211 1551 2243; x_wconf 78' lang='grc' dir='ltr'>πάντως</span> <span class='ocrx_word' id='word_1_820' title='bbox 1566 2210 1617 2242; x_wconf 79' lang='grc' dir='ltr'><strong>τὰς</strong></span> <span class='ocrx_word' id='word_1_821' title='bbox 1632 2210 1743 2242; x_wconf 74' lang='grc' dir='ltr'>ἐντολὰς</span> <span class='ocrx_word' id='word_1_822' title='bbox 1758 2211 1803 2237; x_wconf 74' lang='grc' dir='ltr'><strong>αὐο</strong></span> 
     </span>
    </p>
   </div>
   <div class='ocr_carea' id='block_1_102' title="bbox 1014 2256 1806 2294">
    <p class='ocr_par' dir='ltr' id='par_1_102' title="bbox 1014 2256 1806 2294">
     <span class='ocr_line' id='line_1_102' title="bbox 1014 2256 1806 2294; baseline -0.003 -9"><span class='ocrx_word' id='word_1_823' title='bbox 1014 2258 1081 2291; x_wconf 83' lang='grc' dir='ltr'>τοῦ;</span> <span class='ocrx_word' id='word_1_824' title='bbox 1109 2258 1197 2294; x_wconf 76' lang='grc' dir='ltr'>ἇσπερ</span> <span class='ocrx_word' id='word_1_825' title='bbox 1223 2257 1408 2289; x_wconf 77' lang='grc' dir='ltr'>ἐπιτελοῦντες</span> <span class='ocrx_word' id='word_1_826' title='bbox 1431 2258 1478 2285; x_wconf 81' lang='grc' dir='ltr'>καὶ</span> <span class='ocrx_word' id='word_1_827' title='bbox 1499 2256 1689 2292; x_wconf 78' lang='grc' dir='ltr'>ἐργαζόμενοι,</span> <span class='ocrx_word' id='word_1_828' title='bbox 1709 2256 1806 2293; x_wconf 79' lang='grc' dir='ltr'>ὥσπερ</span> 
     </span>
    </p>
   </div>
   <div class='ocr_carea' id='block_1_103' title="bbox 1014 2302 1805 2340">
    <p class='ocr_par' dir='ltr' id='par_1_103' title="bbox 1014 2302 1805 2340">
     <span class='ocr_line' id='line_1_103' title="bbox 1014 2302 1805 2340; baseline -0.003 -8"><span class='ocrx_word' id='word_1_829' title='bbox 1014 2305 1058 2332; x_wconf 83' lang='grc' dir='ltr'>διὰ</span> <span class='ocrx_word' id='word_1_830' title='bbox 1072 2304 1178 2331; x_wconf 86' lang='grc' dir='ltr'>πολλῶν</span> <span class='ocrx_word' id='word_1_831' title='bbox 1190 2304 1237 2332; x_wconf 81' lang='grc' dir='ltr'>καὶ</span> <span class='ocrx_word' id='word_1_832' title='bbox 1247 2304 1372 2340; x_wconf 79' lang='grc' dir='ltr'>ποικίλης</span> <span class='ocrx_word' id='word_1_833' title='bbox 1387 2303 1446 2331; x_wconf 83' lang='grc' dir='ltr'>ὁδοῦ</span> <span class='ocrx_word' id='word_1_834' title='bbox 1462 2303 1606 2339; x_wconf 75' lang='grc' dir='ltr'>βαδίζομεν</span> <span class='ocrx_word' id='word_1_835' title='bbox 1624 2303 1692 2338; x_wconf 79' lang='grc' dir='ltr'>πρὸς</span> <span class='ocrx_word' id='word_1_836' title='bbox 1710 2302 1805 2330; x_wconf 75' lang='grc' dir='ltr'>αὐτόν.</span> 
     </span>
    </p>
   </div>
   <div class='ocr_carea' id='block_1_104' title="bbox 1016 2348 1806 2386">
    <p class='ocr_par' dir='ltr' id='par_1_104' title="bbox 1016 2348 1806 2386">
     <span class='ocr_line' id='line_1_104' title="bbox 1016 2348 1806 2386; baseline -0.004 -9"><span class='ocrx_word' id='word_1_837' title='bbox 1016 2351 1076 2378; x_wconf 83' lang='grc' dir='ltr'>’Ότι</span> <span class='ocrx_word' id='word_1_838' title='bbox 1100 2351 1129 2377; x_wconf 79' lang='grc' dir='ltr'><strong>δὲ</strong></span> <span class='ocrx_word' id='word_1_839' title='bbox 1152 2350 1187 2377; x_wconf 84' lang='grc' dir='ltr'><strong>τὰ</strong></span> <span class='ocrx_word' id='word_1_840' title='bbox 1202 2350 1270 2386; x_wconf 77' lang='grc' dir='ltr'>ἔργα</span> <span class='ocrx_word' id='word_1_841' title='bbox 1289 2350 1335 2377; x_wconf 84' lang='grc' dir='ltr'>τδν</span> <span class='ocrx_word' id='word_1_842' title='bbox 1358 2349 1497 2384; x_wconf 75' lang='grc' dir='ltr'>ἐξαίρετον</span> <span class='ocrx_word' id='word_1_843' title='bbox 1517 2348 1642 2385; x_wconf 87' lang='grc' dir='ltr'>σημαίνει</span> <span class='ocrx_word' id='word_1_844' title='bbox 1663 2348 1733 2384; x_wconf 82' lang='grc' dir='ltr'>βίον,</span> <span class='ocrx_word' id='word_1_845' title='bbox 1760 2349 1806 2374; x_wconf 78' lang='grc' dir='ltr'>καὶ</span> 
     </span>
    </p>
   </div>
   <div class='ocr_carea' id='block_1_105' title="bbox 1014 2394 1806 2432">
    <p class='ocr_par' dir='ltr' id='par_1_105' title="bbox 1014 2394 1806 2432">
     <span class='ocr_line' id='line_1_105' title="bbox 1014 2394 1806 2432; baseline -0.005 -8"><span class='ocrx_word' id='word_1_846' title='bbox 1014 2397 1048 2424; x_wconf 84' lang='grc' dir='ltr'><strong>τὰ</strong></span> <span class='ocrx_word' id='word_1_847' title='bbox 1065 2396 1264 2432; x_wconf 81' lang='grc' dir='ltr'>προστάγματα</span> <span class='ocrx_word' id='word_1_848' title='bbox 1284 2395 1331 2423; x_wconf 84' lang='grc' dir='ltr'><strong>τοῦ</strong></span> <span class='ocrx_word' id='word_1_849' title='bbox 1356 2395 1435 2428; x_wconf 83' lang='grc' dir='ltr'>Θεοῦ,</span> <span class='ocrx_word' id='word_1_850' title='bbox 1459 2395 1541 2422; x_wconf 75' lang='grc' dir='ltr'>ἄκουε</span> <span class='ocrx_word' id='word_1_851' title='bbox 1565 2394 1591 2421; x_wconf 85' lang='grc' dir='ltr'><strong>τί</strong></span> <span class='ocrx_word' id='word_1_852' title='bbox 1608 2402 1690 2430; x_wconf 82' lang='grc' dir='ltr'>φησιν</span> <span class='ocrx_word' id='word_1_853' title='bbox 1706 2395 1724 2429; x_wconf 76' lang='grc' dir='ltr'><strong>ἡ</strong></span> <span class='ocrx_word' id='word_1_854' title='bbox 1747 2395 1806 2421; x_wconf 82' lang='grc' dir='ltr'>θεία</span> 
     </span>
    </p>
   </div>
   <div class='ocr_carea' id='block_1_106' title="bbox 1015 2440 1805 2480">
    <p class='ocr_par' dir='ltr' id='par_1_106' title="bbox 1015 2440 1805 2480">
     <span class='ocr_line' id='line_1_106' title="bbox 1015 2440 1805 2480; baseline -0.006 -10"><span class='ocrx_word' id='word_1_855' title='bbox 1015 2444 1125 2480; x_wconf 82' lang='grc' dir='ltr'>Γραφή·</span> <span class='ocrx_word' id='word_1_856' title='bbox 1146 2452 1155 2468; x_wconf 78' lang='grc' dir='ltr'><strong>ι</strong></span> <span class='ocrx_word' id='word_1_857' title='bbox 1180 2443 1248 2470; x_wconf 80' lang='grc' dir='ltr'><strong>Οὐαὶ</strong></span> <span class='ocrx_word' id='word_1_858' title='bbox 1261 2442 1287 2470; x_wconf 78' lang='lat' dir='ltr'><strong>oi</strong></span> <span class='ocrx_word' id='word_1_859' title='bbox 1311 2441 1451 2473; x_wconf 78' lang='grc' dir='ltr'>ποιοῦντες</span> <span class='ocrx_word' id='word_1_860' title='bbox 1474 2441 1509 2468; x_wconf 81' lang='grc' dir='ltr'>τὰ</span> <span class='ocrx_word' id='word_1_861' title='bbox 1527 2440 1595 2476; x_wconf 72' lang='grc' dir='ltr'>ἔργα</span> <span class='ocrx_word' id='word_1_862' title='bbox 1613 2440 1716 2475; x_wconf 81' lang='grc' dir='ltr'>Κυρίου</span> <span class='ocrx_word' id='word_1_863' title='bbox 1736 2440 1805 2476; x_wconf 83' lang='grc' dir='ltr'>ἀμε-</span> 
     </span>
    </p>
   </div>
   <div class='ocr_carea' id='block_1_107' title="bbox 1013 2484 1805 2524">
    <p class='ocr_par' dir='ltr' id='par_1_107' title="bbox 1013 2484 1805 2524">
     <span class='ocr_line' id='line_1_107' title="bbox 1013 2484 1805 2524; baseline -0.006 -7"><span class='ocrx_word' id='word_1_864' title='bbox 1013 2490 1078 2522; x_wconf 84' lang='grc' dir='ltr'>λῶς.</span> <span class='ocrx_word' id='word_1_865' title='bbox 1098 2499 1106 2516; x_wconf 81' lang='grc' dir='ltr'><strong>ι</strong></span> <span class='ocrx_word' id='word_1_866' title='bbox 1130 2489 1160 2516; x_wconf 81' lang='grc'><strong>’0</strong></span> <span class='ocrx_word' id='word_1_867' title='bbox 1177 2489 1206 2515; x_wconf 68' lang='grc' dir='ltr'><strong>δὲ</strong></span> <span class='ocrx_word' id='word_1_868' title='bbox 1223 2489 1358 2524; x_wconf 81' lang='grc' dir='ltr'>μακάριος</span> <span class='ocrx_word' id='word_1_869' title='bbox 1372 2487 1464 2520; x_wconf 71' lang='grc' dir='ltr'>Δαϐὶδ,</span> <span class='ocrx_word' id='word_1_870' title='bbox 1484 2487 1558 2519; x_wconf 78' lang='grc' dir='ltr'>ὁδοὺς</span> <span class='ocrx_word' id='word_1_871' title='bbox 1574 2484 1643 2513; x_wconf 78' lang='grc' dir='ltr'>εἶναι</span> <span class='ocrx_word' id='word_1_872' title='bbox 1657 2486 1745 2521; x_wconf 83' lang='grc' dir='ltr'>λέγων</span> <span class='ocrx_word' id='word_1_873' title='bbox 1757 2486 1805 2518; x_wconf 78' lang='grc' dir='ltr'><strong>τὰς</strong></span> 
     </span>
    </p>
   </div>
   <div class='ocr_carea' id='block_1_108' title="bbox 171 2526 1749 2573">
    <p class='ocr_par' dir='ltr' id='par_1_108' title="bbox 171 2526 1749 2573">
     <span class='ocr_line' id='line_1_108' title="bbox 171 2526 1749 2573; baseline -0.003 -9"><span class='ocrx_word' id='word_1_874' title='bbox 171 2526 289 2559; x_wconf 51' lang='grc' dir='ltr'><strong>ἐντολὰς)</strong></span> <span class='ocrx_word' id='word_1_875' title='bbox 309 2528 525 2564; x_wconf 73' lang='grc' dir='ltr'>ἀναφθέγγεταιο</span> <span class='ocrx_word' id='word_1_876' title='bbox 550 2540 560 2557; x_wconf 71' lang='grc' dir='ltr'><strong>ί</strong></span> <span class='ocrx_word' id='word_1_877' title='bbox 591 2531 647 2564; x_wconf 83' lang='grc' dir='ltr'><strong>Τὰς</strong></span> <span class='ocrx_word' id='word_1_878' title='bbox 669 2531 744 2565; x_wconf 78' lang='grc' dir='ltr'>ὁδούς</span> <span class='ocrx_word' id='word_1_879' title='bbox 772 2541 829 2565; x_wconf 65' lang='grc' dir='ltr'><strong>σου,</strong></span> <span class='ocrx_word' id='word_1_880' title='bbox 857 2535 956 2571; x_wconf 79' lang='grc' dir='ltr'>Κυριε,</span> <span class='ocrx_word' id='word_1_881' title='bbox 975 2536 1107 2573; x_wconf 71' lang='grc' dir='ltr'>γνώρισον</span> <span class='ocrx_word' id='word_1_882' title='bbox 1140 2545 1197 2571; x_wconf 79' lang='grc' dir='ltr'>μοι,</span> <span class='ocrx_word' id='word_1_883' title='bbox 1221 2535 1268 2562; x_wconf 78' lang='grc' dir='ltr'>καὶ</span> <span class='ocrx_word' id='word_1_884' title='bbox 1289 2535 1338 2568; x_wconf 79' lang='grc' dir='ltr'><strong>τὰς</strong></span> <span class='ocrx_word' id='word_1_885' title='bbox 1358 2534 1469 2570; x_wconf 75' lang='grc' dir='ltr'>τρίϐους</span> <span class='ocrx_word' id='word_1_886' title='bbox 1483 2543 1529 2561; x_wconf 84' lang='grc' dir='ltr'><strong>σου</strong></span> <span class='ocrx_word' id='word_1_887' title='bbox 1546 2533 1650 2567; x_wconf 80' lang='grc' dir='ltr'>δίδαξόν</span> <span class='ocrx_word' id='word_1_888' title='bbox 1672 2542 1717 2568; x_wconf 86' lang='grc' dir='ltr'>με.</span> <span class='ocrx_word' id='word_1_889' title='bbox 1741 2543 1749 2558; x_wconf 76' lang='grc' dir='ltr'><strong>ι</strong></span> 
     </span>
    </p>
   </div>
   <div class='ocr_carea' id='block_1_109' title="bbox 471 2597 655 2627">
    <p class='ocr_par' dir='ltr' id='par_1_109' title="bbox 471 2597 655 2627">
     <span class='ocr_line' id='line_1_109' title="bbox 471 2597 655 2627; baseline 0.005 -2"><span class='ocrx_word' id='word_1_890' title='bbox 471 2597 546 2626; x_wconf 80' lang='lat' dir='ltr'><strong>Idem</strong></span> <span class='ocrx_word' id='word_1_891' title='bbox 567 2599 655 2627; x_wconf 73' lang='lat' dir='ltr'><strong>aliter.</strong></span> 
     </span>
    </p>
   </div>
   <div class='ocr_carea' id='block_1_110' title="bbox 209 2665 956 2698">
    <p class='ocr_par' dir='ltr' id='par_1_110' title="bbox 209 2665 956 2698">
     <span class='ocr_line' id='line_1_110' title="bbox 209 2665 956 2698; baseline 0.008 -8"><span class='ocrx_word' id='word_1_892' title='bbox 209 2673 219 2690; x_wconf 76' lang='grc' dir='ltr'><strong>ι</strong></span> <span class='ocrx_word' id='word_1_893' title='bbox 236 2665 365 2694; x_wconf 87' lang='lat' dir='ltr'><strong>Dominus</strong></span> <span class='ocrx_word' id='word_1_894' title='bbox 379 2668 480 2696; x_wconf 87' lang='lat' dir='ltr'><strong>creavit</strong></span> <span class='ocrx_word' id='word_1_895' title='bbox 499 2676 540 2696; x_wconf 91' lang='lat' dir='ltr'><strong>me</strong></span> <span class='ocrx_word' id='word_1_896' title='bbox 554 2669 659 2696; x_wconf 84' lang='lat' dir='ltr'><strong>initium</strong></span> <span class='ocrx_word' id='word_1_897' title='bbox 676 2669 782 2696; x_wconf 86' lang='lat' dir='ltr'><strong>viarum</strong></span> <span class='ocrx_word' id='word_1_898' title='bbox 800 2676 913 2696; x_wconf 87' lang='lat' dir='ltr'><strong>suarum</strong></span> <span class='ocrx_word' id='word_1_899' title='bbox 927 2670 956 2698; x_wconf 87' lang='lat' dir='ltr'><strong>in</strong></span> 
     </span>
    </p>
   </div>
   <div class='ocr_carea' id='block_1_111' title="bbox 171 2712 958 2750">
    <p class='ocr_par' dir='ltr' id='par_1_111' title="bbox 171 2712 958 2750">
     <span class='ocr_line' id='line_1_111' title="bbox 171 2712 958 2750; baseline 0.006 -11"><span class='ocrx_word' id='word_1_900' title='bbox 171 2719 253 2747; x_wconf 81' lang='lat' dir='ltr'><strong>opera</strong></span> <span class='ocrx_word' id='word_1_901' title='bbox 278 2712 371 2747; x_wconf 78' lang='lat' dir='ltr'><strong>ipsius.</strong></span> <span class='ocrx_word' id='word_1_902' title='bbox 387 2723 396 2740; x_wconf 79' lang='grc' dir='ltr'><strong>ι</strong></span> <span class='ocrx_word' id='word_1_903' title='bbox 422 2714 540 2743; x_wconf 80' lang='lat' dir='ltr'><strong>Verbum</strong></span> <span class='ocrx_word' id='word_1_904' title='bbox 559 2715 620 2750; x_wconf 86' lang='lat' dir='ltr'><strong>hoc,</strong></span> <span class='ocrx_word' id='word_1_905' title='bbox 643 2725 652 2742; x_wconf 84' lang='lat' dir='ltr'><strong>t</strong></span> <span class='ocrx_word' id='word_1_906' title='bbox 668 2715 783 2749; x_wconf 89' lang='lat' dir='ltr'><strong>creavit,</strong></span> <span class='ocrx_word' id='word_1_907' title='bbox 801 2725 811 2742; x_wconf 78' lang='grc' dir='ltr'><strong>ι</strong></span> <span class='ocrx_word' id='word_1_908' title='bbox 838 2723 890 2744; x_wconf 89' lang='lat' dir='ltr'><strong>non</strong></span> <span class='ocrx_word' id='word_1_909' title='bbox 914 2724 958 2744; x_wconf 88' lang='lat' dir='ltr'><strong>es-</strong></span> 
     </span>
    </p>
   </div>
   <div class='ocr_carea' id='block_1_112' title="bbox 172 2791 918 2855">
    <p class='ocr_par' dir='ltr' id='par_1_112' title="bbox 172 2791 918 2855">
     <span class='ocr_line' id='line_1_112' title="bbox 172 2791 918 2855; baseline 0.003 -37"><span class='ocrx_word' id='word_1_910' title='bbox 172 2835 189 2855; x_wconf 54' lang='grc' dir='ltr'><strong>Χ</strong></span> <span class='ocrx_word' id='word_1_911' title='bbox 205 2792 228 2807; x_wconf 82' lang='grc'>¹¹</span> <span class='ocrx_word' id='word_1_912' title='bbox 239 2791 308 2854; x_wconf 55' lang='grc' dir='ltr'><strong>Ρῗθι.</strong></span> <span class='ocrx_word' id='word_1_913' title='bbox 323 2800 361 2828; x_wconf 78' lang='lat' dir='ltr'><strong>et,</strong></span> <span class='ocrx_word' id='word_1_914' title='bbox 377 2793 418 2820; x_wconf 83' lang='lat' dir='ltr'><strong>l9.</strong></span> <span class='ocrx_word' id='word_1_915' title='bbox 456 2793 558 2822; x_wconf 84' lang='lat' dir='ltr'><strong>&quot;Psal.</strong></span> <span class='ocrx_word' id='word_1_916' title='bbox 569 2793 651 2828; x_wconf 74' lang='grc' dir='ltr'>ι,12.</span> <span class='ocrx_word' id='word_1_917' title='bbox 688 2793 710 2809; x_wconf 77' lang='grc'><strong>’⁸</strong></span> <span class='ocrx_word' id='word_1_918' title='bbox 721 2792 817 2829; x_wconf 82' lang='lat' dir='ltr'><strong>Ephes.</strong></span> <span class='ocrx_word' id='word_1_919' title='bbox 832 2793 918 2824; x_wconf 73' lang='grc' dir='ltr'>ιι,1ἱ².</span> 
     </span>
     <span class='ocr_line' id='line_1_113' title="bbox 192 2836 285 2855; baseline 0 0"><span class='ocrx_word' id='word_1_920' title='bbox 192 2836 248 2855; x_wconf 79' lang='lat' dir='ltr'><strong>xiv.</strong></span> <span class='ocrx_word' id='word_1_921' title='bbox 279 2849 285 2855; x_wconf 89' lang='lat'>.</span> 
     </span>
    </p>
   </div>
   <div class='ocr_carea' id='block_1_113' title="bbox 192 2836 285 2859">
    <p class='ocr_par' dir='ltr' id='par_1_113' title="bbox 192 2836 285 2859">
     <span class='ocr_line' id='line_1_114' title="bbox 192 2836 285 2859; baseline 0.011 -4"><span class='ocrx_word' id='word_1_922' title='bbox 192 2836 248 2859; x_wconf 73' lang='lat' dir='ltr'><strong>XIV,</strong></span> <span class='ocrx_word' id='word_1_923' title='bbox 259 2836 285 2856; x_wconf 72' lang='grc'><strong>4.</strong></span> 
     </span>
    </p>
   </div>
   <div class='ocr_carea' id='block_1_114' title="bbox 994 2793 1274 2828">
    <p class='ocr_par' dir='ltr' id='par_1_114' title="bbox 994 2793 1274 2828">
     <span class='ocr_line' id='line_1_115' title="bbox 994 2793 1274 2828; baseline 0 -7"><span class='ocrx_word' id='word_1_924' title='bbox 994 2793 1017 2809; x_wconf 89' lang='lat'><strong>&quot;</strong></span> <span class='ocrx_word' id='word_1_925' title='bbox 1041 2793 1138 2828; x_wconf 83' lang='lat' dir='ltr'><strong>Epltes.</strong></span> <span class='ocrx_word' id='word_1_926' title='bbox 1164 2801 1202 2827; x_wconf 87' lang='lat' dir='ltr'><strong>tv,</strong></span> <span class='ocrx_word' id='word_1_927' title='bbox 1228 2794 1274 2821; x_wconf 63' lang='grc' dir='ltr'><strong>Ἃ.</strong></span> 
     </span>
    </p>
   </div>
   <div class='ocr_carea' id='block_1_115' title="bbox 1269 2602 1536 2635">
    <p class='ocr_par' dir='ltr' id='par_1_115' title="bbox 1269 2602 1536 2635">
     <span class='ocr_line' id='line_1_116' title="bbox 1269 2602 1536 2635; baseline 0 -5"><span class='ocrx_word' id='word_1_928' title='bbox 1269 2603 1387 2635; x_wconf 64' lang='grc' dir='ltr'><em>Ἄλλως</em></span> <span class='ocrx_word' id='word_1_929' title='bbox 1405 2603 1437 2629; x_wconf 79' lang='grc' dir='ltr'>τὸ</span> <span class='ocrx_word' id='word_1_930' title='bbox 1454 2602 1536 2630; x_wconf 70' lang='grc' dir='ltr'>αὐτό.</span> 
     </span>
    </p>
   </div>
   <div class='ocr_carea' id='block_1_116' title="bbox 1052 2669 1802 2708">
    <p class='ocr_par' dir='ltr' id='par_1_116' title="bbox 1052 2669 1802 2708">
     <span class='ocr_line' id='line_1_117' title="bbox 1052 2669 1802 2708; baseline -0.005 -10"><span class='ocrx_word' id='word_1_931' title='bbox 1052 2681 1062 2698; x_wconf 76' lang='grc' dir='ltr'><strong>ε</strong></span> <span class='ocrx_word' id='word_1_932' title='bbox 1086 2671 1187 2708; x_wconf 77' lang='grc' dir='ltr'>Κύριος</span> <span class='ocrx_word' id='word_1_933' title='bbox 1210 2671 1300 2698; x_wconf 77' lang='grc' dir='ltr'>ἐκτισέ</span> <span class='ocrx_word' id='word_1_934' title='bbox 1328 2680 1361 2707; x_wconf 76' lang='grc' dir='ltr'><strong>με</strong></span> <span class='ocrx_word' id='word_1_935' title='bbox 1381 2671 1468 2707; x_wconf 78' lang='grc' dir='ltr'>ἀρχὴν</span> <span class='ocrx_word' id='word_1_936' title='bbox 1489 2670 1556 2697; x_wconf 77' lang='grc' dir='ltr'>ὁδῶν</span> <span class='ocrx_word' id='word_1_937' title='bbox 1574 2669 1657 2696; x_wconf 79' lang='grc' dir='ltr'>αὐτοῦ</span> <span class='ocrx_word' id='word_1_938' title='bbox 1678 2669 1718 2700; x_wconf 76' lang='grc' dir='ltr'>εἰς</span> <span class='ocrx_word' id='word_1_939' title='bbox 1738 2669 1802 2704; x_wconf 69' lang='grc' dir='ltr'>ἔργα</span> 
     </span>
    </p>
   </div>
   <div class='ocr_carea' id='block_1_117' title="bbox 1013 2714 1804 2751">
    <p class='ocr_par' dir='ltr' id='par_1_117' title="bbox 1013 2714 1804 2751">
     <span class='ocr_line' id='line_1_118' title="bbox 1013 2714 1804 2751; baseline -0.004 -8"><span class='ocrx_word' id='word_1_940' title='bbox 1013 2716 1107 2744; x_wconf 83' lang='grc' dir='ltr'>αὑτοῦ.</span> <span class='ocrx_word' id='word_1_941' title='bbox 1132 2726 1141 2743; x_wconf 77' lang='grc' dir='ltr'><strong>ι</strong></span> <span class='ocrx_word' id='word_1_942' title='bbox 1161 2717 1208 2749; x_wconf 86' lang='grc' dir='ltr'><strong>Τὸ,</strong></span> <span class='ocrx_word' id='word_1_943' title='bbox 1234 2726 1242 2741; x_wconf 78' lang='grc' dir='ltr'><strong>ι</strong></span> <span class='ocrx_word' id='word_1_944' title='bbox 1269 2717 1385 2750; x_wconf 76' lang='grc' dir='ltr'>ἔκτισεν,</span> <span class='ocrx_word' id='word_1_945' title='bbox 1408 2727 1417 2742; x_wconf 70' lang='grc' dir='ltr'><strong>ι</strong></span> <span class='ocrx_word' id='word_1_946' title='bbox 1438 2717 1467 2743; x_wconf 80' lang='grc' dir='ltr'>οὐ</span> <span class='ocrx_word' id='word_1_947' title='bbox 1492 2715 1563 2743; x_wconf 84' lang='grc' dir='ltr'>κατὰ</span> <span class='ocrx_word' id='word_1_948' title='bbox 1578 2715 1627 2751; x_wconf 84' lang='grc' dir='ltr'>τῆς</span> <span class='ocrx_word' id='word_1_949' title='bbox 1647 2715 1745 2747; x_wconf 71' lang='grc' dir='ltr'>οὖσίας</span> <span class='ocrx_word' id='word_1_950' title='bbox 1759 2714 1804 2741; x_wconf 75' lang='grc' dir='ltr'><strong>τοῦ</strong></span> 
     </span>
    </p>
   </div>
   <div class='ocr_carea' id='block_1_118' title="bbox 1327 2793 1801 2828">
    <p class='ocr_par' dir='ltr' id='par_1_118' title="bbox 1327 2793 1801 2828">
     <span class='ocr_line' id='line_1_119' title="bbox 1327 2793 1801 2828; baseline -0.002 -5"><span class='ocrx_word' id='word_1_951' title='bbox 1327 2794 1362 2810; x_wconf 76' lang='grc'><strong>’⁸⁸</strong></span> <span class='ocrx_word' id='word_1_952' title='bbox 1381 2794 1480 2823; x_wconf 80' lang='lat' dir='ltr'><strong>Jerem.</strong></span> <span class='ocrx_word' id='word_1_953' title='bbox 1500 2800 1592 2828; x_wconf 74' lang='lat' dir='ltr'><strong>XU‘lll,</strong></span> <span class='ocrx_word' id='word_1_954' title='bbox 1610 2793 1653 2821; x_wconf 89' lang='lat' dir='ltr'><strong>l0.</strong></span> <span class='ocrx_word' id='word_1_955' title='bbox 1692 2793 1717 2809; x_wconf 86' lang='lat'>“</span> <span class='ocrx_word' id='word_1_956' title='bbox 1731 2793 1801 2822; x_wconf 69' lang='lat' dir='ltr'><strong>Psal.</strong></span> 
     </span>
    </p>
   </div>
  </div>
