1904 3026
60 185 107 214 265

757 174 977 219 'rnEsaunus.

1641 196 1694 224 266

62 246 140 282 Λόγου
151 245 248 273 θετέον
261 255 268 260 ·
285 246 430 283 δύσφημον
450 248 504 284 γὰρ
519 249 602 281 ὅντως
620 249 667 276 καὶ
686 250 793 282 ἀσεὸὲς.
810 251 852 277 τὸν

908 252 1022 279 sentiam
1048 251 1129 279 Verbi
1152 236 1287 287 significat
1306 261 1312 278 :
1332 251 1519 287 blasphemum
1544 253 1616 281 enim
1645 255 1695 282 im—

64 293 102 319 ἀεὶ
113 292 160 317 καὶ
181 290 321 323 ὡσαύτως
345 292 410 319 ὄντα
436 293 506 328 μετὰ
527 294 643 329 Πατρὸς,
663 294 710 321 νῦν
735 294 856 321 ἐκτίσθαι

64 339 148 373 λέγειν
183 338 308 373 Νοήσεις
335 339 365 365 δὲ
387 339 459 366 οὕτω
482 339 684 376 πιθανώτερον·
709 350 719 366 ι
745 341 857 368 "Exstat

68 393 108 420 με,
119 384 212 419 φησὶν,
230 384 322 420 ἀρχὴν
336 385 404 412 ὸδῶν
419 385 513 413 αὑτοῦ.
534 395 543 412 ι
568 386 659 418 Ὁδοὺς
674 386 767 414 ἐνθάδε
779 387 856 422 φησὶ,

67 431 107 458 τόν
119 438 148 456 τε
162 429 319 465 νομοθέτην
335 431 437 458 Μωσέα
456 431 503 458 καὶ
514 432 577 464 τοὺς
590 433 740 468 προφήτας,
756 433 799 467 ἐφ’
812 432 858 465 οὓς

68 476 132 511 ἀρχή
145 484 186 506 τις
202 474 304 511 ὥσπερ
322 477 368 502 καὶ
385 476 492 509 ἐξουσία
508 476 637 504 τέτακται
656 478 786 513 Χριστός
808 487 858 512 με-

68 520 241 553 τατκευάζων
265 522 307 554 εἰς
331 522 380 557 τὴν
396 523 450 549 τῶν
469 523 654 557 εὐαγγελικιῗψ
674 524 858 559 κηρυγμάτων

68 567 212 602 καινότητα
241 567 276 594 τὰ
302 568 369 604 παρ’
397 569 508 595 ἐκείνων
530 569 681 605 εἰρημένα,
706 569 754 596 καὶ
780 568 859 596 τοῦτο

68 613 288 646 ἑξουσιαστικῶς.
312 614 341 641 '0
355 615 405 657 μὲν
416 615 470 650 γὰρ
484 615 564 650 νόμος
580 615 662 650 φησίν
675 623 681 630 '
702 624 711 641 ⁴
731 615 767 641 οὗ
791 624 856 651 ποθ·

69 660 180 692 νεύσεις,
188 669 198 685 ι
215 661 231 686 ὁ
241 660 271 686 δὲ
283 660 412 696 Χριστός·
426 670 436 686 ι
448 661 519 695 Ἐγὼ
530 661 639 695 δὲλέγω
649 661 724 696 ὑμῖν
733 661 789 687 Οὐκ
798 662 858 687 ἐπι-

69 705 209 741 θυμήσεις.
233 715 242 731 ι
254 706 348 738 Ὁδοὺς
363 705 390 732 δὲ
403 706 466 738 τοὺς
479 706 572 740 ἁγίους
587 706 715 733 ἐκάλεσεν
729 706 766 738 ὡς
777 706 858 733 δυνα-

69 752 162 786 μένους
188 752 341 787 ἀποφέρειν
363 752 406 779 διὰ
431 752 573 784 νουθεσίας
595 752 664 788 πρὸς
682 752 758 780 Θεόν.
781 751 859 778 Οὕτω

68 798 173 833 νοήσεις
189 794 226 828 τὸ,
237 798 314 834 παρὰ
326 798 365 833 τῷ
387 798 504 834 Ἱερεμίᾳ
520 799 644 834 κείμενον
654 808 661 815 ·
683 809 692 824 ί
712 798 798 834 Στῆτε
813 799 859 825 ἐπὶ

66 845 123 875 ταῖς
143 843 288 878 ὀδοίς,”κᾳὶ
306 844 457 879 ἐρωτήσετε
478 844 587 879 τρίϐους
602 844 704 880 Κυρίου
722 845 857 877 αἰωνίους,

67 889 111 915 καὶ
129 889 234 924 μάθετε
251 890 316 920 πτοία
332 890 405 917 ἐστὶν
420 892 435 925 ή
452 890 509 922 ὁδὸς
524 891 540 926 ή
553 890 652 926 ἀγαθὴ,
670 891 717 919 καὶ
734 891 857 926 βαδίζετε

908 297 1036 332 piumque
1060 297 1112 325 hoc
1140 302 1224 329 esset.
1251 304 1313 325 eum
1345 299 1390 333 qui
1414 305 1522 332 semper
1545 299 1695 335 eodemque

908 344 986 370 modo
1000 350 1061 370 cum
1077 343 1158 371 Patre
1176 343 1294 375 exsistit,
1315 348 1437 382 creatum
1456 343 1557 372 dicere.
1575 343 1614 371 lta
1632 352 1696 372 vero

907 388 1013 416 facilius
1041 389 1195 424 intelliges:
1216 388 1350 416 «Creavit
1377 396 1429 421 me,
1458 389 1559 424 inquit,
1588 390 1694 417 initium

909 435 1012 461 viarum
1036 443 1158 462 suarum.
1176 446 1185 461 ι
1213 435 1277 463 Vias
1300 435 1344 462 hic
1367 436 1491 463 nominat
1511 435 1694 470 legislatorem

908 479 998 507 Mosen
1015 485 1041 507 et
1059 482 1217 516 prophetas,
1236 481 1332 516 quibus
1347 481 1418 508 velut
1435 481 1596 516 principium
1609 482 1696 516 quod-

909 525 969 552 dam
986 533 1016 552 ac
1031 531 1111 560 caput
1127 531 1154 553 et
1177 531 1295 561 potestas
1318 527 1480 555 constitutus
1497 531 1538 554 cst
1555 527 1694 561 Christus;

908 570 1013 604 quze'ab
1029 571 1082 599 illis
1098 572 1169 599 dicta
1186 576 1249 599 sunt
1268 572 1301 599 ad
1318 572 1480 607 evangelica:
1495 573 1695 608 prazdicationis

909 616 1055 643 novitatem
1065 617 1218 650 traducens,
1228 618 1306 653 idque
1315 626 1376 645 cum
1386 619 1550 653 proprietate
1559 618 1693 646 absoluta.

910 661 964 689 Lex
987 663 1059 689 enim
1083 663 1171 691 dicit:
1190 673 1198 689 I
1214 663 1271 690 Non
1295 664 1474 692 mtechaheris
1486 665 1525 697 '7;
1542 674 1551 690 ι
1570 664 1696 692 Christus

908 716 972 735 vero
985 718 991 735 :
1008 717 1017 734 ι
1029 708 1084 744 Ego
1094 714 1184 736 autem
1200 709 1260 736 dico
1274 711 1348 736 vobis
1362 716 1369 736 :
1381 709 1438 736 Non
1456 710 1631 744 concupisces
1641 710 1691 737 ¹⁸.›

909 753 973 780 Vias
988 759 1078 781 autem
1092 759 1204 782 sanctos
1220 755 1334 787 vocavit,
1356 756 1455 790 quippe
1472 755 1517 790 qui
1530 756 1587 782 Suis
1601 755 1695 782 admo-

911 798 1058 826 nitionibus
1081 800 1114 826 ad
1140 801 1223 828 Deum
1250 801 1349 828 ducere
1366 801 1480 836 possint.
1504 801 1542 828 lta
1559 801 1694 835 intelliges

909 844 973 871 illud
991 844 1116 872 Jeremiac
1140 846 1239 873 dictum
1255 855 1260 872 :
1276 855 1284 871 ι
1303 845 1379 874 State
1404 845 1431 872 in
1456 846 1518 878 viis,
1537 851 1564 873 et
1583 846 1695 880 quaerite

909 892 1020 919 semitas
1043 893 1147 919 Domini
1173 893 1365 927 sempiternas,
1391 898 1417 920 et
1439 892 1535 920 discite
1556 892 1643 927 qualis
1659 892 1695 919 sit

67 936 94 961 ὲν
106 936 188 971 αὐτῇ,
204 937 253 962 καὶ
265 936 394 972 εὑρήσετε
409 936 541 972 ἁγνισμὸν
556 938 614 968 ταῖς
627 938 726 972 ψυχαῖς
743 937 829 972 ὑμῶν.
846 947 852 962 l

911 938 953 964 via
975 938 1034 972 ejus
1050 938 1130 969 bona,
1151 941 1179 965 et
1205 938 1341 965 ambulate
1369 939 1394 965 in
1411 938 1479 972 ipsa,
1504 943 1530 965 et
1553 937 1695 965 invenietis

68 983 119 1008 Καὶ
138 982 198 1008 ἔστι
216 982 294 1018 δῆλον
314 982 352 1014 ὡς
371 982 400 1009 οὐ
423 983 487 1018 περὶ
510 983 612 1010 τούτων
635 983 702 1019 φησι
720 983 774 1009 τῶν
789 982 856 1009 ὁδῶν

66 1028 117 1054 τῶν
140 1028 214 1055 κατᾶ
241 1028 385 1063 συνήθειαν
411 1028 573 1064 νοουμένων.
601 1028 662 1060 Πῶς
683 1029 737 1064 γὰρ
760 1029 792 1056 ἄν
815 1037 871 1060 τις.

67 1075 149 1107 αὑτὰς
165 1076 333 1110 ἐρωτήσειε;
354 1075 416 1107 Πῶς
429 1075 458 1102 δὲ
474 1076 539 1110 παρ’
556 1075 667 1101 ἐκείνων
683 1075 834 1110 μαθήσεται
848 1084 854 1108 ;

68 1121 96 1146 Εί
110 1120 138 1146 δὲ
153 1130 195 1151 τις
214 1121 260 1147 ἐπὶ
275 1121 338 1153 τοὺς
352 1121 446 1155 ἁγίους
461 1122 560 1156 ἀγάγοι
579 1121 624 1147 τὸν
639 1121 727 1155 λόγον,
744 1121 856 1156 εὑρήσει

68 1166 96 1192 τὸ
119 1167 152 1194 ἐκ
174 1166 222 1193 τοῦ
248 1168 382 1202 νοήματος
405 1168 549 1203 χρήσιμον.
576 1168 607 1194 Εἰ
629 1167 682 1203 γάρ
700 1175 742 1199 τις
762 1167 856 1202 ὥσπερ

69 1213 134 1238 τισὶν
151 1213 262 1245 ὁδείαις,
284 1214 342 1245 τοῖς
365 1213 453 1247 ἁγίοις
475 1214 628 1249 προφήταις
649 1214 794 1248 ἐπιστήσαι
809 1213 855 1240 τὸν

69 1258 137 1291 νοῦν,
149 1259 186 1293 μὴ
203 1259 431 1295 παρατρεχόντως
445 1260 534 1291 αὐτοῖς
545 1259 657 1294 ὁμιλῶν,
675 1259 733 1286 ἀλλ’
751 1259 855 1293 ἐξάγων

68 1305 187 1340 ἀκριϐῶς
208 1304 263 1331 τῶν
284 1305 484 1341 γεγραμμένων
504 1306 532 1332 ἐν
555 1305 645 1337 αὐτοῖς
661 1306 710 1341 τήν
724 1305 853 1336 διάνοιαν,

71 1351 220 1386 μαθήσεται
243 1351 294 1386 τὴν
318 1352 375 1378 ὁδὸν
392 1352 440 1387 τήν
455 1351 570 1387 ἀγαθήν,
588 1353 722 1384 τουτέστι,
743 1352 789 1378 τὸν
812 1352 855 1378 λέ-

69 1405 147 1431 γοντα
162 1397 281 1432 Χριστόν
293 1406 316 1423 ⁸(
338 1397 409 1432 Ἐγώ
424 1398 481 1433 εἰμι
499 1398 516 1434 ή
529 1398 614 1429 ὁδός.)
626 1397 666 1424 Δι’
677 1399 762 1433 αὐτῆς
779 1399 855 1433 ἁγνι-

70 1443 197 1479 σῡήσεται
222 1444 276 1472 τῶν
301 1444 444 1480 ἁμαρτιῶν
467 1443 518 1480 τὴν
544 1444 640 1479 ἄφεσιν
665 1444 853 1480 κακιζόμενος.

71 1489 196 1516 Ἐκτισεν
221 1488 269 1516 οὖν
298 1498 342 1525 με,
363 1490 440 1525 φησὶ,
466 1490 604 1524 τουτέστι,
632 1491 783 1526 πεποίηκεν
808 1491 854 1518 ἐπὶ

71 1536 148 1570 νόμον
173 1535 222 1562 καὶ
249 1536 392 1571 προφήτας
413 1536 500 1571 ἀρχὴν
525 1536 584 1571 ἦτοι
611 1536 800 1569 ἐξουσίανγού
820 1536 853 1563 τὰ

73 1581 178 1607 ἐκείνων
199 1581 307 1612 πάντως
329 1579 444 1606 ἱστῶντα
467 1581 579 1616 ῥήματα
602 1580 715 1613 τυπικὰ,
742 1581 798 1608 ἀλλ’
814 1583 854 1613 εις

72 1626 135 1661 ἔργα
159 1626 242 1652 αὐτοῦ
266 1625 463 1660 νομοθετοῦντα
487 1626 522 1652 τὰ
547 1625 745 1660 βελτίονα.”οτι
759 1626 788 1653 δὲ
812 1626 853 1659 τὸ,

77 1681 85 1697 ι
102 1672 217 1702 ἔκτισεν,
235 1681 246 1697 ι
264 1671 294 1698 οὐ
310 1672 418 1703 πάντως
432 1671 481 1707 τήν
490 1671 584 1698 οὐσίαν
597 1671 681 1707 δηλοῖ,
698 1672 854 1708 ἀρκούντως

73 1718 118 1754 ήδη
135 1719 310 1755 προείρηται.

320 1807 437 1840 Ἄλλως
452 1807 486 1834 τὸ
504 1808 588 1834 αὑτό.

104 1883 113 1899 ι
134 1873 238 1908 Κύριος
266 1873 357 1900 ἔκτισέ
383 1882 427 1909 με,
447 1883 457 1900 ι
473 1874 565 1908 ὅμοιον
587 1874 681 1910 ὥσπερ
706 1874 739 1901 ἂν
760 1875 785 1902 εί
808 1874 854 1901 καὶ

69 1916 153 1952 λέγοι·
177 1919 207 1945 ’0
235 1919 331 1954 Πατήρ
349 1927 394 1953 μοι
419 1918 497 1954 σῶμα
522 1920 714 1954 κατηρτίσατο,
734 1921 781 1947 καὶ
798 1917 853 1946 οἷον

68 1964 207 1999 ἄνθρωπόν
220 1972 256 1999 με
269 1964 376 1991 ἔκτισεν
393 1965 462 2000 ὑπὲρ
477 1966 526 2000 τῆς
539 1964 691 2000 ἀνθρώπιον
705 1965 852 2001 σωτηρίας.

68 2011 168 2045 Ὠσπερ
191 2011 247 2045 γὰρ
266 2010 391 2037 Ἰωάννου
417 2010 465 2044 μὲν
487 2009 629 2045 λέγοντος·
659 2021 668 2036 ι
709 2011 738 2037 Ὁ
767 2011 852 2045 Λόγος

67 2057 131 2092 σὰρξ
146 2057 267 2091 ἐγένετο,
285 2066 294 2082 ι
309 2057 415 2083 Παύλου
429 2057 458 2083 δὲ
472 2057 622 2091 γράφοντος
637 2056 701 2092 περὶ
718 2057 851 2093 Χριστοῦ·

69 2113 76 2129 ι
97 2105 156 2131 Ὀτι
176 2103 292 2137 γέγονεν
315 2102 385 2137 ὑπὲρ
406 2101 483 2137 ήμῶν
505 2102 623 2137 κατάρα,
650 2112 658 2128 ι
678 2103 725 2129 καὶ
751 2103 850 2129 πάλιν

69 2160 77 2175 ι
96 2150 145 2176 Τδν
161 2149 201 2184 μὴ
225 2149 325 2183 γνόντα
341 2148 489 2183 ἁμαρτίαν,
514 2148 584 2183 ὑπὲρ
610 2149 689 2183 ήμῶν
714 2149 852 2184 ἁμαρτίαν

64 2196 197 2231 ἐποίησεν,
219 2204 228 2220 ι
246 2193 307 2221 οὔτε
323 2194 368 2220 τὸν
385 2194 470 2228 Λόγον
494 2194 534 2225 εἰς
559 2194 648 2230 σάρκα
665 2195 851 2230 μεταπεποιῆ-

64 2241 122 2268 σθαι
141 2240 321 2275 πιστεύομεν,
345 2239 407 2266 οὔτε
426 2240 479 2274 μὴν
499 2240 565 2266 αὐτὸ
583 2240 706 2276 κατάραν
728 2240 745 2275 ή
761 2241 851 2276 ἁμαρ-

62 2287 120 2313 τίαν
132 2287 220 2317 δντως
243 2286 334 2320 φαμὲν
350 2285 475 2320 γενέσθαι
494 2286 621 2321 Χριστὸν,
636 2287 704 2318 ἀλλ’,
722 2286 794 2313 οὕτω
805 2286 849 2312 λε-

913 985 1072 1012 munditiam
1097 985 1241 1012 animabus
1254 983 1353 1011 vestris
1362 984 1395 1011 “.
1413 992 1422 1009 ι
1442 982 1613 1010 Manifestum
1631 989 1695 1008 vero

911 1036 954 1058 est
979 1038 1039 1057 eum
1055 1039 1106 1058 non
1124 1031 1157 1058 de
1175 1031 1225 1058 viis
1240 1030 1342 1065 vulgari
1356 1029 1552 1065 signiﬁcatione
1566 1029 1602 1055 ita
1616 1028 1695 1055 dictis

911 1078 994 1112 loqui.
1022 1077 1162 1111 Quomodo
1184 1077 1255 1104 enim
1282 1076 1416 1111 quispiam
1443 1075 1502 1103 illas
1526 1073 1697 1109 interroget?

910 1124 964 1150 Ant
979 1125 1113 1159 quomodo
1133 1123 1167 1149 ab
1183 1122 1215 1149 iis
1229 1122 1337 1150 discat?
1354 1121 1382 1148 Si
1402 1121 1462 1156 quis
1479 1127 1569 1148 autem
1593 1127 1696 1148 sermo-

910 1178 970 1197 nem
994 1171 1027 1197 ad
1050 1174 1159 1197 sanctos
1171 1168 1282 1201 referat,
1300 1167 1529 1204 lﬁﬁscntcntia:
1552 1166 1695 1193 utilitatem

910 1216 1050 1250 percipiet.
1069 1215 1136 1242 Nam
1158 1216 1180 1242 si
1196 1216 1269 1250 quis,
1288 1221 1416 1249 tanquam
1440 1214 1491 1241 viis
1517 1213 1692 1248 quibusdam,

909 1263 1009 1289 sanctis
1026 1262 1164 1297 prophetis
1177 1267 1294 1289 mcntem
1312 1261 1440 1294 applicet,
1456 1268 1507 1287 nou
1522 1260 1618 1288 leviter
1634 1259 1695 1287 illos

909 1315 1084 1341 percurrens,
1095 1307 1142 1334 sed
1157 1312 1282 1335 accurate
1293 1307 1400 1333 illorum
1410 1306 1570 1333 sententiam
1583 1313 1692 1338 eruens,

909 1353 995 1381 discet
1013 1353 1082 1380 viam
1107 1356 1215 1385 bonam,
1235 1353 1286 1380 hoc
1310 1358 1361 1385 est,
1379 1352 1515 1379 Christum
1535 1351 1668 1379 dicentem
1685 1361 1692 1378 :

913 1397 983 1433 «Ego
992 1406 1051 1426 sum
1063 1399 1106 1426 via
1117 1397 1166 1431 ὀρ
1178 1406 1226 1433 per
1233 1399 1304 1425 hanc
1313 1397 1494 1429 inundabitur,
1505 1397 1692 1437 remissionem

909 1449 1083 1479 peccatorum
1099 1451 1281 1479 consequens.
1303 1443 1410 1470 Creavit
1424 1443 1506 1478 igitur
1525 1450 1578 1474 me,
1593 1442 1691 1477 inquit.

909 1490 960 1518 hoc
981 1496 1033 1524 est,
1053 1492 1194 1518 constituit
1209 1498 1251 1516 me
1266 1489 1444 1525 principatum
1469 1493 1549 1523 atque
1565 1489 1692 1523 pietatem

908 1537 1053 1564 habentem
1077 1544 1158 1571 super
1173 1536 1260 1571 legem
1278 1541 1304 1562 et
1328 1535 1484 1570 prophetas,
1509 1543 1562 1562 non
1585 1534 1692 1562 illorum

909 1583 980 1610 dicta
999 1582 1087 1617 typica
1105 1582 1132 1609 in
1148 1582 1303 1609 universum
1318 1585 1491 1613 statuentem,
1508 1580 1555 1608 scd
1572 1580 1597 1607 in
1610 1588 1692 1616 opera

908 1628 993 1662 ipsius
1011 1627 1122 1655 meliora
1138 1627 1224 1662 legem
1251 1626 1469 1654 transferentem.
1487 1626 1562 1659 Quod
1578 1634 1640 1653 vero
1661 1627 1690 1654 il-

906 1672 963 1706 lud,
989 1682 998 1698 (
1014 1673 1126 1706 creavit,
1145 1681 1154 1698 ›
1169 1680 1223 1699 non
1247 1672 1359 1699 omnino
1375 1671 1521 1699 essentiam
1545 1671 1691 1706 signiticet,

905 1719 1011 1747 abunde
1029 1718 1097 1747 satis
1110 1723 1188 1747 antea
1204 1718 1306 1747 dictum
1320 1722 1372 1746 est.

1204 1805 1281 1833 Idem
1306 1805 1393 1834 aliter.

942 1883 951 1900 ι
967 1873 1098 1901 Dominus
1111 1873 1214 1901 creavit
1231 1881 1285 1907 me,
1303 1882 1313 1898 ι
1331 1872 1443 1908 perinde
1455 1877 1496 1900 est
1513 1880 1545 1899 ac
1560 1872 1581 1900 si
1597 1873 1668 1900 dicat
1682 1883 1689 1900 ε

905 1919 986 1946 Pater
1007 1919 1073 1946 mihi
1093 1925 1192 1954 corpus
1216 1919 1367 1949 constituit.
1394 1922 1421 1945 et
1444 1918 1527 1945 veluti
1553 1919 1689 1946 hominem

905 1973 948 1992 me
968 1965 1085 1996 creavit,
1103 1972 1152 1998 pro
1177 1963 1264 1991 salute
1285 1964 1435 1991 hominum.
1457 1964 1690 1996 Quemadmodum

904 2011 976 2038 enim
1001 2018 1062 2037 eum
1086 2009 1205 2037 Joannes
1227 2010 1312 2036 dicit:
1329 2019 1339 2035 ι
1355 2009 1472 2036 Verbum
1500 2017 1565 2036 caro
1589 2009 1688 2036 factum

903 2056 992 2088 est“;
1016 2065 1025 2080 ι
1061 2062 1089 2082 et
1113 2055 1213 2082 Paulus
1236 2056 1269 2082 de
1301 2055 1409 2082 Christo
1434 2063 1441 2082 :
1469 2065 1478 2081 ι
1498 2055 1574 2089 Quod
1602 2056 1690 2083 lactus

903 2107 945 2128 est
967 2109 1016 2136 pro
1045 2101 1121 2128 nobis
1147 2100 1300 2128 maledictio
1311 2101 1351 2133 u;
1368 2111 1376 2126 1
1407 2106 1434 2127 et
1461 2109 1555 2128 rursus
1570 2111 1576 2129 :
1594 2111 1603 2128 ι
1620 2102 1687 2128 Eum

903 2147 949 2181 qni
975 2155 1028 2174 non
1054 2147 1129 2173 novit
1155 2151 1305 2181 peccatum,
1330 2154 1378 2181 pro
1400 2147 1476 2174 nobis
1492 2152 1631 2182 peccatum
1647 2147 1687 2174 fe-

902 2193 991 2225 cit";
1007 2203 1016 2219 ι
1037 2200 1123 2227 neque
1144 2193 1258 2220 Verbum
1285 2193 1312 2220 in
1339 2200 1448 2219 carnem
1476 2197 1607 2220 mutatum
1628 2201 1689 2221 esse

904 2239 1060 2270 credimus,
1085 2246 1172 2273 neque
1196 2238 1331 2266 Christum
1359 2238 1445 2273 ipsam
1471 2238 1686 2267 maledictionem

903 2288 949 2311 aut
964 2289 1101 2318 peccatum
1123 2291 1215 2310 revera
1232 2283 1331 2310 factum
1346 2283 1439 2315 fuisse,
1468 2284 1516 2310 sed
1532 2291 1592 2311 cum
1609 2292 1686 2310 sacra

62 2332 161 2366 γούσής
186 2332 236 2366 τῆς
260 2331 337 2362 θείας
363 2331 486 2366 Γραφῆς,
515 2331 629 2366 νοοῦμεν
656 2332 785 2364 εὐσεὸὦς·
803 2332 848 2358 τὸν

908 2328 1042 2363 Scriptura
1071 2329 1107 2355 ita
1133 2329 1268 2363 loquatur,
1299 2328 1340 2362 pie
1369 2328 1543 2363 intelligimus
1565 2337 1570 2354 :
1592 2329 1686 2355 eadem

63 2378 139 2404 αὺτὸν
151 2377 183 2412 δή
198 2377 310 2412 τρόπον,
327 2377 350 2402 εἰ
364 2376 437 2410 λέγοι
462 2377 525 2411 περὶ
540 2376 637 2403 ἑαυτοῦ
661 2377 701 2409 τὺ,
719 2377 848 2404 (Ἐκτισέ

65 2432 104 2458 με,
117 2433 125 2449 ι
141 2425 155 2450 ὁ
165 2423 214 2450 τοῦ
224 2422 291 2449 Θεοῦ
303 2422 401 2456 Λόγος,
410 2423 470 2448 ἀντὶ
487 2421 545 2454 τοῦ,
557 2422 716 2458 Ἄνθρωπον
725 2423 846 2458 ἐποίησε,

62 2469 176 2503 νοητέον,
193 2468 242 2494 καὶ
258 2467 296 2503 μὴ
311 2467 382 2493 κατὰ
394 2468 444 2502 τῆς
456 2467 550 2498 οὐσίας
564 2467 646 2493 αὑτοῦ
661 2467 691 2494 τὸ
704 2468 848 2503 είρημένον

63 2514 244 2550 ὲκὰχιῦμεθσ.

154 2580 257 2612 ΑΛΛΟ,
277 2579 322 2606 ὅτι
338 2579 374 2605 οὑ
390 2579 501 2613 κτίσμα
517 2580 533 2606 ό
553 2579 625 2612 Θεὸς
640 2579 743 2613 Λόγος.

95 2647 124 2672 Εἰ
141 2645 267 2681 γέννημα
289 2645 349 2671 ἐστι
370 2645 416 2671 τοῦ
434 2645 541 2680 Πατρδς
561 2646 575 2671 ὁ
596 2645 643 2671 τοῦ
665 2645 732 2671 Θεοῦ
749 2645 845 2678 Λόγος,

64 2691 104 2716 καὶ
117 2691 187 2717 οὕτω
206 2690 333 2717 καλεῖται
347 2690 421 2726 παρὰ
432 2692 465 2725 τῇ
482 2691 542 2726 θείᾳ
557 2691 662 2725 Γραφῇ.
680 2690 738 2724 πῶς
754 2690 787 2717 ἂν
801 2691 844 2725 εἴη

64 2738 105 2763 καὶ
125 2738 245 2772 κτίσμα;
271 2737 391 2771 Ἀνάγκη
408 2737 462 2772 γὰρ
484 2737 564 2763 αὑτὸν
586 2737 660 2763 δυοῖν
677 2735 746 2763 εἶναι
767 2736 846 2763 θάτε-

66 2789 118 2815 ρον·
135 2783 151 2817 ἢ
165 2783 220 2818 γὰρ
236 2783 361 2816 γέννημα
381 2783 521 2818 ὑπάρχων,
536 2782 566 2808 τὺ
580 2780 649 2808 εἶναι
671 2782 772 2816 κτίσμα
787 2782 845 2808 δια-

95 2873 115 2887 ¹⁷
133 2873 215 2899 Exod.
235 2881 278 2899 xv.
304 2873 347 2899 Η.
387 2872 408 2887 ’⁸
423 2872 516 2899 Matth.
532 2880 559 2905 ν,
587 2872 633 2899 28.

67 2915 102 2940 In,
115 2909 154 2935 l3.
202 2909 222 2923 "
243 2908 262 2934 ll
279 2908 344 2935 Cur.
366 2915 392 2937 ν,
407 2907 451 2934 2!.

174 2955 311 2985 Parnm.
335 2953 394 2985 Gn.
418 2954 493 2983 LXX
499 2953 530 2983 ν.

688 2874 710 2888 ¹⁹
727 2871 827 2900 Jerem.
848 2879 884 2903 \‘l,
902 2871 944 2898 16.

904 2375 1006 2401 ratione
1027 2375 1049 2400 si
1077 2374 1141 2400 dicit
1164 2374 1196 2400 de
1224 2373 1312 2408 seipso
1337 2373 1452 2401 Verbum
1477 2374 1536 2406 Dei,
1554 2383 1562 2399 ι
1578 2373 1686 2401 Crcaiit

904 2428 957 2451 me,
974 2429 982 2445 ι
1001 2420 1036 2447 ita
1051 2419 1252 2453 intelligeudmn
1266 2423 1318 2450 est,
1334 2418 1474 2447 Hominum
1493 2421 1618 2451 mel'eeit,
1631 2427 1685 2446 non

902 2472 966 2492 vero
979 2465 1014 2491 de
1029 2465 1147 2491 essentia
1165 2465 1248 2497 ipsius
1264 2464 1365 2490 dictum
1387 2464 1618 2499 interpretandum
1632 2470 1684 2491 est.

954 2575 1068 2607 ALIUD,
1089 2576 1157 2610 quod
1182 2573 1292 2601 Verbum
1311 2574 1357 2601 Dei
1372 2583 1422 2601 non
1445 2576 1477 2601 sil
1499 2581 1630 2603 creatura.

937 2644 964 2671 Si
980 2643 1098 2671 Verbum
1126 2642 1170 2669 Dei
1194 2646 1234 2669 est
1248 2643 1370 2677 genimen
1397 2642 1494 2674 Patris,
1520 2648 1601 2678 atque
1617 2644 1652 2670 ita
1668 2653 1683 2671 a

900 2691 988 2717 divina
1005 2691 1143 2724 Scriptura
1163 2682 1284 2722 vocatur:
1300 2690 1434 2724 quomodo
1450 2689 1485 2716 sit
1500 2695 1528 2716 et
1541 2691 1684 2717 creatura?

900 2735 1015 2763 Necesse
1031 2736 1102 2762 enim
1119 2741 1157 2762 est
1173 2735 1258 2770 ipsum
1274 2743 1289 2763 e
1301 2736 1405 2762 duolms
1421 2735 1463 2762 his
1481 2736 1594 2763 alterum
1610 2743 1682 2763 esse.

900 2782 952 2808 Aut
975 2782 1058 2813 enim,
1078 2789 1138 2808 cum
1163 2781 1198 2807 sit
1219 2780 1326 2815 genitus
1342 2788 1355 2807 a
1373 2779 1464 2814 Patre,
1481 2785 1605 2808 creatura
1629 2788 1682 2808 non

1285 2871 1305 2887 "
1323 2870 1400 2899 Joan.
1422 2878 1442 2903 ι,
1459 2868 1503 2896 Η.
1555 2867 1577 2884 ³¹
1593 2865 1680 2895 Galat.

1485 2945 1506 2976 9

996 2872 1017 2887 ³⁰
1036 2870 1112 2898 Joan.
1134 2878 1190 2902 XIV,
1206 2871 1232 2898 6.
