1904 3026
171 163 228 192 27S

669 159 698 186 S.
719 157 858 186 CYRILLI
876 154 1112 184 ALEXANDRINI
1130 154 1288 182 ARCHIEI’.

1750 147 1806 176 276

170 222 250 256 longe
268 225 331 248 ante
348 226 398 247 nos
417 218 476 246 fuit.
495 216 571 252 Quod
590 216 614 244 si
632 223 696 243 vero
714 216 776 251 quis
795 215 847 242 hoc
863 221 963 241 conce-

1032 214 1083 240 τολὺ
1099 213 1152 248 πρδ
1165 212 1253 248 ἡμῶν.
1266 212 1297 238 El
1313 211 1342 238 δέ
1357 219 1399 243 τις
1416 210 1496 236 τοῦτο
1513 209 1571 243 δοίη
1598 208 1719 244 κρατεῖν,
1740 206 1807 233 οὔτε

170 269 216 296 dat
229 288 236 301 ,
258 274 346 301 neque
366 273 416 293 nos
435 265 520 292 creati
539 270 633 290 sumus
652 262 679 289 in
700 262 772 296 ipso,
795 267 882 294 neque
902 260 959 292 ipse

173 320 222 345 nos
239 312 265 338 in
288 318 319 338 se
337 309 442 342 habuit,
460 307 596 343 quomodo
614 307 695 341 igitur
712 305 738 332 in
757 312 840 331 unum
861 311 959 330 novum

173 357 309 384 hominem
325 356 351 382 in
364 355 476 382 Christo
488 351 631 381 creamur?
644 350 725 385 Atqui
739 350 869 384 pudorem
884 349 960 376 vobis

172 403 255 428 etiam
275 401 428 428 nolentibus
446 398 559 426 incutiet
576 396 686 429 Paulus,
703 395 797 423 dicens
816 404 823 422 :
843 404 853 420 ‹
874 395 961 430 Ipsius

172 448 245 474 enim
260 452 384 474 creatura
398 451 503 476 sumus,
515 442 602 470 creati
618 442 644 468 in
659 441 769 469 Christo
781 439 844 468 Jesu
854 441 888 468 "'.
906 450 915 466 ι
932 440 960 467 Si

173 498 264 520 autem
282 492 364 519 creati
382 498 476 518 sumus
495 490 521 517 in
540 488 663 521 Christo.
681 488 797 515 Verbum
817 487 899 522 igitur
914 487 960 513 Dei

174 545 274 566 creata!
298 537 424 564 essentia:
448 543 501 562 non
526 539 578 562 est.
603 533 656 561 Sed
678 533 788 568 quando
811 533 900 560 factus
921 537 963 559 est.

176 586 272 615 homo,
291 583 315 609 iu
335 582 393 617 ipso
411 588 548 612 creamur,
565 584 591 606 et
609 580 666 614 ipse
681 579 881 613 quodammodo
899 586 961 613 pro-

177 635 238 664 pter
253 636 302 656 nos
313 627 379 655 dicit
397 636 404 654 :
425 636 435 653 ι
455 626 583 653 Dominus
601 626 706 653 creavit
717 632 770 652 me.
783 635 793 651 ι
810 625 875 651 Nam
893 632 961 659 qua-

176 681 253 701 tenus
266 679 308 701 est
319 673 448 705 Verbum,
464 673 521 700 haec
533 679 582 699 vox
600 679 769 706 nequaquam
785 671 809 698 ei
825 671 961 703 convenit,

174 721 221 746 sed
237 724 346 754 propter
359 724 481 746 nostram
497 718 623 749 salutem,
639 724 700 744 cum
717 717 817 751 alioqui
834 717 870 744 sit
884 724 962 744 crea-

177 772 228 797 tor,
249 766 404 791 incarnatus
424 770 481 797 est,
501 767 530 791 ut
549 763 653 796 nos,in
673 762 765 797 seipso
785 767 893 789 creams
913 762 963 789 ha-

176 811 252 841 hens,
265 809 358 836 dicatr
367 818 377 834 ι
396 808 526 835 Dominus
538 807 640 836 creavit
654 815 708 834 me.
725 816 734 833 ι
749 807 788 834 Ac
801 807 871 834 sicut
881 811 963 834 teter-

176 862 236 881 nam
255 862 332 881 suam
350 861 411 881 cunt
430 853 509 880 Patre
528 851 716 880 assistentium
737 852 878 882 declarans
898 852 935 879 ait
955 861 962 879 :

1013 260 1094 294 ἡμεῖς
1111 258 1274 293 ὲκτίσθημεν
1291 258 1320 284 ἐν
1333 256 1418 291 αὐτῷ,
1434 255 1496 282 οὔτε
1509 255 1587 286 αὐτὸς
1599 252 1671 289 εἶχεν
1688 253 1762 288 ἡμᾶς
1774 252 1808 278 ἐν

1014 305 1111 340 ἑαυτῷ,
1129 305 1187 335 πῶς
1202 302 1248 331 οὖν
1260 304 1299 335 εἰς
1314 302 1363 329 ἕνα
1377 301 1470 329 καινὸν
1486 301 1628 336 ἄνθρωπον
1646 300 1673 325 ὲν
1691 296 1808 333 Χριστῷ

1014 350 1178 386 πιζὸμεθας
1192 349 1352 384 Δυσωπήσει
1363 348 1416 383 γὰρ
1432 348 1515 383 ὑμᾶς,
1531 346 1583 375 κᾶν
1604 345 1640 381 μὴ
1658 343 1806 380 βούλησθε,

1013 398 1100 432 λέγων
1112 399 1127 424 ό
1151 396 1272 427 Παῦλος·
1289 404 1298 420 ι
1315 394 1402 422 Ani-:06
1425 394 1479 429 γάρ
1501 394 1584 428 ἐσμεν
1599 392 1716 427 ποίημα,
1743 398 1807 417 κτι-

1015 443 1125 475 σθέντες
1153 444 1181 470 ὲν
1207 441 1317 477 Χριστῷ
1348 440 1467 475 Ἰησοῦ.»
1489 439 1520 466 Εἰ
1540 439 1569 466 δὲ
1589 437 1754 473 ὲκτῐσθημεν
1775 437 1808 462 ἑν

1014 489 1135 525 Χριστῷ,
1159 489 1210 515 οὐκ
1227 488 1282 524 ἄρα
1300 488 1411 521 κτιστῆς
1427 486 1521 517 οὐσίας
1545 485 1620 512 ἐστὶν
1641 485 1656 511 ό
1673 483 1720 510 τοῦ
1735 482 1809 509 Θεοῦ

1015 537 1112 570 Λόγος.
1136 534 1205 561 Ἀλλ’
1214 535 1259 560 ὅτε
1273 533 1384 568 γέγονεν
1397 532 1552 568 ἄνθρωπος.
1572 531 1601 558 ὲν
1623 528 1698 564 αὑτῷ
1711 527 1809 560 κτιζό-

1017 582 1097 618 μεῦα.
1112 581 1160 608 καὶ
1177 580 1258 611 αὐτός
1274 580 1330 606 ἐστι
1345 579 1446 614 τρόπον
1459 577 1521 604 τινὰ
1534 577 1568 603 δι’
1581 576 1660 612 ἡμῶν
1673 576 1686 602 ὁ
1699 575 1789 609 λέγων
1799 580 1808 588 ·

1020 638 1029 654 ι
1046 627 1146 662 Κύριος
1164 626 1257 652 ἔκτισέ
1280 634 1323 660 με.
1340 634 1349 650 ι
1365 624 1402 651 Οὐ
1418 624 1472 659 γὰρ
1519 623 1604 656 Λόγος
1615 622 1698 651 ἐστὶν.
1717 619 1811 659 ἁρμό⁴

1017 681 1059 699 σει
1075 672 1164 706 λέγειν
1179 669 1252 705 αὐτῷ
1267 670 1317 705 τὴν
1334 668 1461 703 τοιαύτην
1479 667 1580 702 φωνὴν,
1601 665 1668 693 ἀλλὰ
1687 665 1732 691 διὰ
1758 664 1811 699 τὴν

1017 718 1154 754 ἡμετέραν
1171 716 1319 752 σωτηρίαν,
1335 714 1423 742 καίτοι
1440 714 1553 748 κτίστης
1573 711 1621 744 ὣν,
1641 711 1754 745 γέγονεν
1779 710 1812 736 ἐν

1019 764 1114 801 σαρκὶ,
1134 764 1178 790 ἵνα
1192 765 1265 799 ἡμᾶς
1281 763 1310 789 ἐν
1336 760 1424 796 ἑαυτῷ
1440 760 1614 795 κτιζομένους
1627 758 1697 794 ἔχων
1721 757 1790 793 εἴπῃ
1802 764 1809 770 ·

1020 822 1029 838 ι
1049 811 1150 847 Κύριος
1167 810 1257 838 ἔκτισέ
1275 818 1319 844 με.
1339 819 1347 835 ι
1364 808 1420 835 Καὶ
1439 807 1533 842 ὥσπερ
1545 805 1594 841 τὴν
1615 805 1700 832 ἀΐδιον
1723 802 1812 830 αὑτοῦ

1019 857 1066 884 καὶ
1082 857 1151 892 μετὰ
1162 855 1267 890 Πατρδς
1281 853 1462 890 ἐξηγούμενος
1475 852 1592 886 ὓπαρξιν
1605 851 1678 885 λέγει
1688 859 1694 865 ·
1717 859 1726 876 ι
1740 848 1813 883 Ἐγὼ

178 910 188 925 ι
209 900 264 934 Ego
283 907 355 926 eram
376 907 430 933 qua
451 899 603 933 gaudebat,
622 903 649 926 et
669 898 791 936 quotidie
811 898 923 925 lmtabar
940 899 965 925 in

1032 899 1120 939 γμηνῇ
1136 901 1313 938 προσέχαιρε,
1331 900 1392 927 καθ’
1405 899 1513 934 ἡμέραν
1527 898 1554 924 δὲ
1579 897 1766 932 εὖφραινόμην
1782 895 1814 921 ὲν

177 948 247 975 facie
275 946 360 980 ipsius
371 946 411 979 "‘;
428 955 438 972 ι
458 951 486 973 et
510 953 603 972 rursus
620 954 627 972 :
650 955 660 971 ι
681 945 750 971 Ante
771 951 866 971 omnes
886 945 967 972 colles

177 993 271 1027 genuit
284 1001 326 1020 tne
334 993 372 1019 "z
386 1002 395 1018 ι
411 993 446 1019 ita
461 993 570 1027 quando
584 997 694 1026 propter
705 990 827 1017 omnium
843 995 966 1017 nostrum

177 1037 291 1065 salutent
310 1038 455 1064 humanam
487 1037 603 1064 formam
625 1035 724 1066 induit.
743 1039 817 1062 recte
838 1040 864 1061 ut
888 1035 967 1062 homo

177 1083 244 1113 dicit
260 1103 267 1113 .
287 1093 298 1110 (
316 1084 446 1113 Dominus
460 1083 565 1111 creavit
581 1090 634 1110 me.
655 1093 664 1109 ι

517 1149 633 1179 ALIUD.

214 1216 245 1245 Si
260 1217 385 1244 Christus
401 1223 464 1244 vere
481 1215 561 1244 homo
577 1215 665 1244 factus
679 1224 739 1245 esse
754 1217 886 1249 creditur,
902 1223 968 1250 quo-

181 1263 260 1291 modo
275 1271 326 1289 non
342 1262 524 1289 necessarium
547 1262 630 1290 fuerit
644 1267 673 1289 ut
688 1263 791 1290 homini
809 1263 892 1290 etiam
905 1269 971 1289 con-

179 1308 316 1335 venientia
330 1307 473 1343 loquatur?
488 1307 637 1342 Oportebat
652 1309 724 1335 enim
741 1308 831 1336 dicere
848 1316 855 1335 :
873 1307 930 1335 Non
943 1307 969 1334 in

181 1354 312 1389 principio
325 1361 398 1381 eram
415 1354 505 1387 homo,
519 1354 590 1388 qttod
605 1354 655 1381 soli
672 1353 770 1382 divinae
787 1359 891 1381 natura:
905 1361 970 1380 con—

180 1400 268 1433 venit,
285 1400 331 1427 sed
349 1400 422 1434 quod
439 1405 539 1426 creatae
557 1400 718 1427 substantiae
735 1400 860 1435 congruit
878 1400 971 1427 obser-

181 1453 258 1475 vare.
279 1446 393 1473 Creatus
411 1451 502 1473 autent
525 1451 565 1473 est
589 1447 670 1473 homo
691 1455 698 1473 :
724 1446 824 1473 idcirco
852 1445 940 1480 inquit
963 1454 970 1473 :

186 1500 197 1517 ι
216 1491 346 1522 Dominus
361 1491 464 1519 creavit
481 1498 524 1518 me
543 1501 548 1518 :
569 1501 578 1517 ι
596 1492 659 1526 quia
675 1491 764 1519 factus
779 1497 820 1518 est
836 1492 927 1524 homo,
943 1496 972 1517 ut

181 1545 288 1574 semper
305 1543 332 1566 et
349 1539 450 1572 absque
470 1538 602 1573 principio
619 1539 753 1568 exsistere
771 1538 823 1566 soli
842 1538 898 1565 Deo
915 1545 972 1566 ser-

183 1587 271 1610 vetor.

521 1652 636 1681 ALIUD.

221 1733 233 1750 σ
257 1722 386 1750 Dominus
406 1721 510 1750 creavit
531 1728 575 1748 tne
596 1719 759 1755 principium
779 1719 886 1746 viarum
908 1726 972 1747 sua-

184 1777 255 1796 rnm.
278 1778 287 1795 ι
312 1767 340 1795 Si
360 1767 461 1795 idcirco
479 1771 598 1794 creatam
619 1765 730 1793 omnino
748 1764 808 1792 Filii
828 1764 972 1791 essentiam

184 1814 358 1846 existimatis,
373 1821 434 1841 cum
449 1813 578 1847 deinceps
594 1811 658 1839 iilttd
686 1811 819 1838 dicentem
833 1810 950 1837 audiatis
965 1819 972 1837 ε

187 1861 271 1887 «Ante
284 1868 378 1887 omnes
392 1859 475 1887 colles
488 1859 579 1894 genuit
593 1865 662 1890 Ine,»
677 1857 753 1884 irrita
768 1863 800 1883 ac
814 1863 881 1882 vana
896 1863 973 1890 pror-

185 1915 231 1934 sus
243 1906 421 1940 fueritvestra
433 1904 582 1936 accusatio,
593 1911 645 1938 qua
656 1906 778 1930 creatum
789 1902 863 1929 illttm
873 1901 972 1934 dicitis,

185 1961 244 1979 cum
261 1953 303 1980 ille
317 1952 436 1987 genitum
451 1959 479 1979 se
492 1958 555 1978 esse
567 1950 650 1977 dicat.
663 1949 743 1976 Aliud
756 1948 829 1975 enim
843 1952 883 1974 est
898 1954 974 1974 crea-

186 2005 257 2030 tura.
276 1998 348 2024 aliud
366 1998 500 2032 genimen.
530 1995 586 2023 Iloc
605 1995 677 2022 enim
696 2001 728 2021 ex
748 1993 898 2021 substantia
917 1992 976 2025 ejus

185 2045 230 2078 qni
253 2044 337 2078 gignit
359 2042 517 2070 naturaliter
536 2041 616 2077 164
638 2041 759 2076 procedit
783 2048 790 2066 :
813 2039 876 2066 illud
898 2042 974 2065 extra

185 2092 301 2126 pOsitunt
326 2095 382 2122 est,
406 2095 533 2124 tanquam
557 2089 686 2116 alienum.
710 2088 776 2115 Cum
801 2087 883 2121 igitur
905 2085 975 2112 Deus

185 2137 321 2163 exsisteus
334 2136 468 2166 Verbum,
488 2135 570 2162 homo
592 2134 691 2161 factum
711 2138 768 2165 est,
787 2137 932 2159 censeatur
947 2135 976 2157 ιιι

186 2184 266 2208 homo
284 2182 373 2209 dicere
391 2191 397 2208 :
419 2190 428 2206 ι
449 2181 579 2208 Dominus
600 2180 703 2207 creavit
724 2186 778 2205 me.
800 2187 809 2204 ι
826 2177 892 2205 Cum
911 2184 975 2204 vero

186 2228 320 2255 exclamat
338 2236 361 2254 τι
372 2227 440 2254 Ante
457 2233 551 2253 omnes
569 2225 650 2252 colles
658 2224 750 2259 genuit
760 2231 812 2255 me,
826 2232 835 2249 ι
846 2228 973 2250 mternam

187 2281 262 2299 suam
276 2277 338 2300 ante
346 2272 436 2300 omnia
451 2272 547 2300 saecula
562 2270 750 2298 exsistentiam
766 2269 918 2304 signiﬁcare
933 2269 974 2295 iu-
990 2257 1013 2286 θ

187 2320 300 2346 dicetur.

400 2385 518 2420 Objectio
536 2384 761 2411 adversariorum.

225 2453 317 2487 Atqui,
331 2451 465 2486 inquiunt.
478 2451 588 2478 verbum
602 2451 662 2483 hoc,
679 2459 688 2475 ι
704 2449 806 2484 genuit,
823 2458 831 2474 ι
850 2456 901 2475 non
916 2456 974 2474 ont—

190 2500 253 2526 niuo
270 2498 366 2526 Filium
383 2505 414 2524 ex
432 2497 548 2524 essentia
566 2496 654 2524 Patris
671 2503 732 2523 esse
748 2495 876 2522 ostendit.
894 2493 976 2521 ludif-

190 2545 308 2571 l‘erenter
319 2543 390 2570 enim
407 2542 492 2569 utitur
506 2542 595 2570 verbis
610 2549 686 2570 sacra
702 2541 852 2575 Scriptura.
869 2539 934 2566 Nam
949 2543 977 2566 et

191 2591 224 2616 de
239 2588 371 2616 creaturis
389 2588 421 2615 de
438 2587 536 2621 quibus
551 2587 623 2615 nulla
641 2587 824 2614 controversia
842 2590 892 2617 est,
911 2593 976 2612 voce

192 2643 203 2660 ι
220 2633 319 2661 Genuit
337 2642 346 2658 ι
363 2633 456 2666 utitur,
469 2639 497 2659 ut
509 2640 569 2659 cum
584 2633 667 2661 dicit:
683 2641 692 2659 ‹
708 2626 790 2659 Filios
802 2631 881 2666 genui
895 2635 978 2665 atque

191 2679 306 2707 exaltavi
320 2679 353 2706 ‘°.
372 2689 382 2705 ι
402 2678 435 2706 Et
452 2687 545 2707 rursus
563 2687 569 2706 :
588 2687 598 2704 ‹
617 2678 700 2706 Deum
716 2678 762 2712 qui
780 2682 806 2705 te
821 2677 912 2710 genuit
928 2677 978 2703 de-

194 2724 326 2758 reliquisti
339 2724 372 2751 “.
393 2734 402 2750 ›
422 2725 485 2752 Item
505 2734 511 2754 :
532 2735 540 2751 ε
561 2724 627 2759 Quis
643 2729 685 2752 est
705 2723 751 2758 qui
771 2723 865 2758 genuit
886 2722 977 2757 glebas

193 2768 263 2800 roris
273 2769 316 2795 “1’
335 2779 344 2795 ι
363 2769 454 2806 Neque
468 2771 538 2798 enim
556 2778 604 2805 per
619 2771 670 2798 hoc
688 2770 771 2797 Deunt
789 2769 857 2796 roris
873 2773 977 2802 patrem

1019 950 1157 985 προσώπῳ
1170 948 1263 975 αὑτοῦ·
1279 957 1288 973 ι
1305 947 1353 974 καὶ
1365 946 1462 973 πόιλιν⁸
1481 955 1489 970 t
1506 944 1562 978 Πρὸ
1576 943 1604 970 δὲ
1619 943 1730 970 πάντων
1749 940 1813 975 βου-

1018 984 1072 1022 νῶν
1086 994 1168 1030 γεννᾷ
1189 1002 1238 1029 με·
1260 1003 1269 1020 ι
1281 992 1375 1024 οὕτως
1393 992 1438 1018 ὅτε
1456 990 1499 1017 διὰ
1519 989 1568 1024 τὴν
1585 987 1714 1015 ἁπάντων
1731 984 1813 1020 ἡμῶν

1020 1040 1158 1075 σωτηρίαν
1171 1040 1221 1075 τὴν
1238 1038 1382 1074 ἀνθρώπου
1404 1035 1509 1072 μορφὴν
1523 1033 1675 1065 ἐνεδύσατο,
1696 1031 1813 1061 εἰκότως

1018 1088 1056 1119 ὡς
1073 1087 1216 1122 ἄνθρωπος
1232 1085 1324 1119 λέγει’
1343 1093 1352 1109 ι
1371 1083 1472 1118 Κύριος
1489 1080 1580 1108 ἐκτισέ
1599 1087 1643 1114 με.
1662 1088 1671 1104 r

1363 1150 1465 1177 AAAO.

1055 1224 1087 1250 Εί
1111 1222 1254 1257 ἄνθρωπος
1272 1220 1356 1250 ὅντως
1379 1215 1543 1252 γεγενῆσθαι
1564 1212 1722 1240 πιστεύεται
1743 1210 1812 1257 Χρι-

1022 1270 1093 1302 στὸς,
1186 1268 1237 1294 οὐκ
1249 1266 1397 1300 ἀναγκαῖον
1411 1264 1445 1291 τὰ
1458 1261 1594 1298 ἀνθρώπῳ
1610 1259 1752 1294 πρέποντα
1766 1256 1814 1282 λα.

1024 1317 1081 1342 λεῖν
1093 1324 1100 1348 ;
1117 1314 1191 1341 Ἔδει
1201 1313 1254 1347 γὰρ
1267 1312 1364 1339 εἰπεῖν·
1379 1311 1435 1337 Οὐκ
1446 1310 1475 1336 ὲν
1485 1309 1555 1344 ἀρχῇ
1567 1307 1641 1342 ήμην
1655 1303 1814 1348 ᾶνθρωττος,

1021 1361 1035 1387 ὃ
1055 1346 1123 1395 μόνῃ
1143 1346 1244 1393 πρέττει
1258 1358 1292 1392 τῇ
1309 1355 1370 1390 θείᾳ
1384 1354 1475 1388 φύσει,
1490 1351 1558 1379 ἀλλὰ
1575 1349 1702 1395 τηρῆσαι
1714 1346 1746 1372 τὸ
1762 1346 1813 1380 ἀρ-

1024 1393 1146 1442 μόζον
1161 1403 1215 1430 τῶν
1226 1401 1348 1437 γενητῶν
1360 1400 1449 1435 οὐσίᾳ.
1460 1397 1576 1432 Γενητδς
1590 1395 1618 1422 δὲ
1630 1393 1813 1442 όμᾶνθρινπος·

1022 1437 1069 1478 otii
1079 1437 1159 1476 τοῦτό
1174 1456 1254 1483 φησι·
1281 1455 1291 1472 t
1313 1445 1416 1480 Κύριος
1434 1442 1526 1469 ἒκτισέ
1545 1450 1589 1476 με,
1617 1450 1626 1465 ι
1644 1439 1686 1465 ὃτι
1701 1437 1816 1472 γέγονεν

1023 1497 1175 1532 ἄνθρωπος,
1198 1495 1241 1521 ἵνα
1256 1493 1285 1520 τὸ
1299 1492 1342 1519 ἀεὶ
1359 1491 1484 1525 ἀνάρχως
1500 1486 1570 1515 εἶναι
1594 1486 1667 1521 μόνῳ
1692 1483 1816 1518 σώζηται

1023 1543 1092 1570 Θεῶ.

1367 1648 1468 1675 ΛΛΛΟ.

1061 1732 1070 1748 t
1090 1720 1192 1756 Κύριος
1213 1716 1303 1744 ἐκτισὲ
1321 1724 1354 1750 με
1374 1714 1462 1749 ἀρχὴν
1478 1711 1546 1738 όδῶν
1571 1709 1665 1737 αὐτοῦ.
1687 1718 1696 1733 ι
1717 1707 1749 1733 Εί
1772 1705 1815 1733 διὰ

1024 1768 1126 1802 ταύτην
1138 1764 1226 1792 οἴεσθε
1241 1763 1289 1799 τὴν
1308 1761 1410 1796 φωνὴν,
1427 1757 1539 1793 κτιστὴν
1556 1754 1624 1782 εἶναι
1645 1754 1757 1784 πάντως
1769 1751 1815 1779 τοῦ

1026 1812 1091 1849 Τίοῦ
1161 1809 1254 1836 οὐσίαν
1262 1796 1340 1840 {am
1354 1804 1452 1840 ἑφεξῆς
1471 1802 1600 1837 φαίνηται
1614 1800 1717 1849 λέγων--
1739 1807 1749 1823 t
1761 1796 1816 1849 Πρδ

1024 1860 1052 1886 δὲ
1062 1858 1170 1884 πάντων
1184 1855 1285 1891 βουνῶν
1299 1853 1382 1888 γεννᾷ
1397 1860 1442 1887 με,
1458 1860 1466 1876 i
1479 1848 1648 1883 διαφευγέτιιι
1663 1845 1710 1872 τοῦ
1725 1844 1816 1870 κεκτί-

1026 1904 1087 1932 σθαι
1098 1903 1129 1929 τὸ
1147 1890 1283 1936 ἔγκλημα,
1297 1896 1477 1934 γεγεννῆσθαι
1492 1894 1604 1932 φάσκων
1620 1891 1727 1919 ἑαυτόν.
1738 1890 1815 1916 ’Ἑτε-

1027 1959 1073 1985 ρον
1085 1949 1139 1984 γάρ
1153 1947 1179 1974 τί
1195 1947 1252 1973 ἐστι
1269 1945 1344 1980 παρὰ
1359 1943 1388 1970 τὸ
1406 1943 1510 1977 κτίσμα
1525 1940 1555 1967 τὺ
1567 1939 1701 1974 γέννημα.
1713 1937 1751 1963 Τὸ
1768 1936 1816 1970 μὲν

1025 1982 1079 2033 γὰρ
1092 1982 1130 2021 ἐκ
1146 1993 1195 2028 τῆς
1207 1991 1301 2022 οὐσίας
1321 1990 1368 2017 τοῦ
1381 1988 1530 2024 γεννῶντος
1550 1985 1658 2022 πρόεισι
1674 1982 1798 2032 φυσικῶξ
1808 1989 1814 1994 ·

1025 2025 1054 2068 τί)
1065 2025 1098 2066 ’δὲ
1114 2025 1214 2072 ἑξωίλέν
1228 2038 1312 2068 ἐστιν,
1327 2035 1364 2066 ὡς
1384 2033 1535 2068 ἀλλότριον.
1553 2032 1583 2057 Εἰ
1596 2029 1685 2056 τοίνυν
1698 2027 1765 2058 Θεὸς
1780 2025 1816 2052 ὣν

1025 2089 1039 2114 ὁ
1054 2087 1137 2120 Λόγος
1148 2085 1259 2119 γέγονεν
1273 2082 1427 2118 ἄνθρωπος,
1441 2079 1544 2113 λεγέτω
1554 2077 1602 2113 μὲν
1613 2076 1650 2107 ὡς
1662 2075 1814 2120 ἄνθρωπος·

1029 2143 1038 2158 ι
1058 2119 1158 2166 Κύριος
1188 2129 1278 2156 ἐκτισὲ
1297 2137 1341 2164 με.
1362 2136 1371 2153 ι
1395 2126 1449 2161 Τὴν
1473 2125 1501 2151 δὲ
1519 2122 1682 2158 προαιώνιον
1700 2119 1817 2166 ὓπαρξιν

1026 2177 1107 2205 αὑτοῦ
1128 2175 1302 2212 σημαινέτω,
1320 2173 1404 2209 βοῶν’
1428 2182 1436 2198 t
1454 2171 1511 2209 Πρὸ
1527 2170 1554 2196 δὲ
1580 2168 1691 2197 πάντων
1716 2165 1817 2201 βουνῶν

1025 2231 1107 2258 γεννᾳ
1120 2231 1163 2257 με.
1180 2233 1188 2248 ι

1139 2377 1304 2408 Ἀντίθεσις
1324 2375 1364 2408 ὡς
1380 2375 1414 2401 ἐκ
1429 2374 1488 2400 τῶν
1504 2373 1540 2400 δι’
1560 2371 1711 2403 ἐναντίας.

1064 2444 1101 2469 Οὐ
1113 2443 1232 2474 πάντως,
1251 2443 1327 2477 φασὶ,
1340 2441 1370 2467 τὸ
1390 2449 1400 2466 t
1415 2440 1560 2474 ἐγέννησεν
1582 2447 1591 2462 ι
1615 2437 1647 2462 ἐκ
1663 2435 1714 2469 τῆς
1726 2433 1817 2463 οὐσίας

1030 2489 1077 2515 τοῦ
1091 2489 1196 2524 Harpe;
1213 2488 1277 2514 ὄντα
1292 2487 1410 2514 δεικνύει
1428 2486 1474 2512 τὸν
1497 2484 1571 2511 Υἱόν.
1596 2482 1753 2515 Ἀδιαφορεί
1765 2480 1817 2513 γὰρ

1032 2534 1096 2571 περὶ
1107 2535 1154 2565 τὰς
1168 2534 1254 2566 λέξεις
1272 2534 1288 2568 ἡ
1304 2532 1364 2559 Θεία
1375 2532 1482 2567 Γραφή.
1499 2529 1554 2556 Καὶ
1574 2528 1628 2563 γὰρ
1643 2527 1691 2554 καὶ
1706 2526 1753 2552 ἐπὶ
1766 2525 1817 2550 τῶν

1030 2584 1115 2614 ὅντως
1143 2582 1301 2617 κτισμάτων
1323 2580 1370 2607 καὶ
1384 2578 1539 2611 ἀντιλογίαν
1562 2576 1612 2602 οὐκ
1641 2574 1759 2608 ἐχόντων
1780 2572 1817 2602 εἰς

1030 2629 1109 2655 τοῦτο
1123 2628 1213 2663 τίθησι
1225 2627 1265 2658 τὸ,
1281 2636 1290 2652 ι
1310 2626 1465 2659 ἐγέννησεν,
1478 2634 1486 2648 ι
1496 2623 1533 2654 ὡς
1548 2622 1613 2648 ὃταν
1625 2620 1692 2655 λέγῃ
1702 2627 1709 2634 ο
1725 2617 1817 2648 σΐίοὺς

1031 2674 1163 2709 ἐγέννησα
1175 2673 1219 2699 καὶ
1233 2672 1337 2707 ὖψωσα.
1355 2680 1364 2696 ι
1382 2671 1437 2697 Καὶ
1451 2669 1546 2696 πάλιν·
1564 2676 1573 2692 ι
1585 2666 1651 2693 Θεὸν
1665 2665 1712 2691 τὸν
1726 2663 1818 2698 γεννή-

1032 2720 1116 2749 σαντά
1132 2728 1161 2746 σε
1175 2718 1364 2753 ἐγκατέλιπες.
1385 2726 1394 2743 ι
1417 2716 1482 2746 Καὶ,
1501 2725 1510 2740 ι
1529 2714 1577 2745 Τίς
1592 2712 1689 2739 ἐστινὸ
1702 2708 1817 2740 τετοκὼς

1033 2766 1133 2800 βώλους
1153 2765 1247 2800 δρόσου
1260 2772 1283 2796 ;i
1300 2763 1336 2790 υἷι
1347 2763 1400 2797 γὰρ
1414 2762 1444 2796 δή
1459 2769 1508 2787 που
1523 2760 1569 2785 καὶ
1584 2758 1680 2794 Goliam:
1694 2754 1816 2790 γενέσθαι

227 2867 251 2886 ⁸⁷
269 2867 366 2907 Ephes.
381 2878 411 2902 ιι,
429 2870 471 2898 t0.
510 2869 532 2886 ⁸⁸
545 2868 626 2896 Prov.
642 2875 700 2899 vtu,
712 2867 757 2894 ⁸51.
795 2866 818 2882 "
837 2865 905 2892 Ibid.
917 2863 962 2891 25.

1038 2861 1089 2889 Isa.
1107 2861 1166 2888 1.2.
1205 2861 1224 2876 ιι
1245 2859 1312 2886 ibid.
1329 2859 1354 2886 t.
1395 2858 1415 2875 "
1434 2857 1482 2885 .iob
1499 2863 1613 2887 xxmu,
1630 2854 1674 2882 38.
