1904 3026
71 160 115 189 197

763 167 985 198 THESAURUS.

1644 178 1696 205 298

76 222 136 252 είαις
148 220 183 247 τὰ
195 219 227 253 ὲε
240 221 336 249 αὐτῶν
346 223 507 259 τικτόμενα.
524 225 602 252 Οὕτω
616 234 661 261 μοι
674 227 727 253 νόει
740 227 784 254 τὸν
799 227 859 253 Tia»

915 229 997 255 etiam
1016 234 1120 257 statuas
1142 230 1240 258 Filium
1256 238 1289 259 ex
1307 231 1424 259 essentia
1444 231 1531 259 Patris
1551 235 1696 267 proceden-

74 269 102 294 ὲκ
118 268 166 302 τῆς
181 266 229 293 τοῦ
249 267 362 304 Πατρὸς
379 269 474 302 οὐσίας
491 272 703 307 προερχόμενον,
719 272 812 304 ἀῖδίως
832 281 860 298 τε

73 313 130 340 ὂντα
150 313 180 339 ἐν
201 313 290 349 αὐτῷ,
307 315 358 341 καὶ
375 315 405 341 ἐν
422 315 474 351 ἰδίᾳ
486 316 630 352 νοούμενον
644 317 802 349 ὑποστάσει,
815 317 861 344 καὶ

73 359 127 385 κατ’
142 358 239 386 οὐδένα
261 360 366 395 τρόπον
391 361 554 389 ἑλαττοῦντα
570 363 620 398 τὴν
636 362 684 389 τοῦ
700 363 804 398 Πατρὺς
818 363 862 390 οὺ-

74 403 139 437 σιαν,
153 405 171 439 ἢ
186 404 271 431 αὐτὸν
289 405 395 441 ταύτης
409 407 658 443 ἀπομεριζόμενον·
674 409 731 436 ἀλλ’
745 406 814 436 εἷναὶ
832 418 861 436 τε

74 450 149 477 αὐτὸν
169 451 198 477 ἐν
214 451 316 487 Πατρὶ,
331 452 380 479 καὶ
397 452 468 487 ἔχειν
482 454 510 480 ὲν
524 454 613 489 ἑαυτῷ
628 454 674 481 τὸν
691 455 809 491 Πατέρα,
824 455 862 487 ὡς

74 496 116 522 καὶ
126 495 278 532 ’ἀληθεύειν
299 497 431 532 λέγοντα·
449 499 540 534 (Ἐγὼ
561 501 590 526 ὲν
613 500 652 536 τῷ
674 501 772 536 Πατρὶ,
789 501 861 528 καὶὸ

75 541 166 577 Πατὴρ
179 543 209 568 ὲν
224 542 303 576 ἐμοί·
320 552 329 568 ι
350 544 398 570 καὶ
411 544 455 571 διὰ
469 545 499 572 τὸ
520 547 570 582 τῆς
588 546 684 578 οὐσίας
704 546 862 582 ἀπαράλλαο

74 596 142 618 κτον,
159 587 243 615 αὐτόν
258 597 287 615 τε
309 589 339 615 ἐν
361 590 401 625 τῷ
414 591 512 626 Πατρὶ,
527 591 574 618 καὶ
588 592 617 618 ὲν
631 592 707 628 αὐτῷ
719 593 862 627 φαίνεσθαι

46 669 55 675 ἡ
74 633 115 659 τὸν
130 633 254 669 Πατέρα,
265 634 337 661 οὕτω
360 643 390 662 τε
412 635 541 663 δύνασθαι
559 637 663 672 λέγειν’
681 647 691 664 ‹
702 638 773 672 Ἐγὼ
785 639 832 665 καὶ
848 640 862 666 ό

73 678 165 714 Πατὴρ
179 679 208 705 ἐν
223 680 307 715 ἐσμεν
317 688 323 695 ·
347 681 376 706 '0
392 681 522 717 ἑωρακὼς
536 683 596 717 ἐμὲ,
613 682 718 717 ἑώρακε
739 684 784 710 τὸν
810 685 863 711 [Ια-

72 724 146 760 τίρα.
163 735 172 751 ι
474 720 481 726 ’

416 785 517 812 ΛΛΛΟ.

105 838 138 864 Οί
162 838 288 873 λέγοντες
306 840 496 873 ἀποκεκόφθαι
510 841 560 876 τῆς
575 841 622 868 τοῦ
637 842 743 877 Πατρδς
766 844 861 876 οὐσίας

913 277 978 305 tem,
994 273 1028 300 ab
1039 278 1139 302 aeterno
1152 275 1177 301 in
1194 275 1253 310 ipso
1264 276 1408 308 exsistere,
1425 277 1533 304 tametsi
1550 277 1576 304 in
1591 279 1697 312 propria

912 318 1050 352 hypostasi
1074 319 1214 352 subsistat,
1230 320 1357 355 nullaque
1372 321 1475 348 ratione
1493 321 1581 349 Patris
1604 329 1698 350 essen-

913 364 976 391 tiam
1001 364 1178 399 imminuere,
1208 371 1255 394 aut
1279 367 1313 394 ab
1338 367 1382 394 illa
1404 368 1525 402 separari
1541 377 1548 395 :
1564 369 1612 395 sed
1639 376 1700 396 esse

913 409 998 444 ipsum
1021 410 1046 438 in
1062 410 1151 444 Patre,
1170 416 1197 439 et
1210 413 1329 440 vicissim
1355 413 1461 440 Patrem
1478 414 1504 440 iu
1530 420 1558 440 se
1580 414 1697 445 habere;

912 455 980 482 adeo
1004 460 1033 482 ut
1056 463 1119 484 vere
1141 457 1236 484 dicat:
1255 467 1264 483 ι
1279 457 1336 491 Ego
1350 458 1376 484 in
1401 457 1492 490 Patre,
1518 461 1546 485 et
1566 458 1647 485 Pater
1671 459 1698 485 in

913 507 956 528 me
970 501 991 516 “
1008 510 1014 528 :
1030 511 1039 527 ι
1054 506 1081 529 et
1102 507 1213 536 propter
1229 503 1411 530 omnintodam
1429 504 1556 531 essentia;
1572 503 1698 530 similitu-

912 546 1002 574 dinem
1022 547 1108 582 ipsum
1125 547 1152 574 in
1166 547 1256 582 Patre,
1272 552 1299 576 et
1310 548 1417 576 Patrem
1434 548 1460 576 in
1478 548 1538 583 ipso
1555 550 1642 582 cerni,
1655 553 1697 576 at-

912 600 964 628 que
988 593 1025 620 ita
1049 601 1129 628 posse
1153 594 1262 622 dicere:
1280 603 1289 620 ι
1306 594 1361 629 Ego
1386 599 1414 622 et
1437 595 1518 622 Pater
1543 604 1626 624 unum
1651 604 1698 624 su-

913 639 1026 666 mus":
1041 638 1090 673 Qui
1107 639 1173 666 vidit
1192 647 1244 673 me,
1262 640 1328 667 vidit
1340 646 1367 667 et
1380 640 1488 668 Patrem
1501 641 1532 668 ¹³.
1551 651 1559 666 ι

1250 781 1364 809 ALIUD.

948 839 998 872 Qui
1017 839 1111 866 dicunt
1139 843 1273 866 resectum
1288 845 1369 875 atque
1384 840 1498 867 divrsum
1523 848 1583 868 esse
1605 842 1638 869 ab
1653 850 1698 870 es—

71 884 114 910 τὺν
131 885 206 916 Υἱδν,
221 885 265 912 διὰ
278 885 308 912 τὸ
321 886 351 918 ἐξ
364 886 450 920 αὐτῆς
467 886 618 922 προελθεῖν,
632 888 680 915 καὶ
692 885 761 914 εἶναι
778 889 859 924 μέρος

914 884 998 912 sentia
1014 883 1103 911 Patris
1120 883 1228 916 Filium,
1243 885 1305 919 quia
1328 892 1360 912 ex
1384 885 1442 920 ipso
1460 886 1590 919 procedit,
1615 891 1698 921 atque

71 929 162 957 λοιπὸν
187 931 237 966 οὐχ
262 931 419 968 ὁλόκληρον,
434 931 588 966 λεγέτωσαν
610 933 796 968 ἀποκεκόφθαι
811 936 858 962 καὶ

71 975 115 1003 τοῦ
129 976 219 1010 φωτὸς
230 977 262 1003 τὸ
275 977 457 1011 ἀπαύγασμα,
476 977 522 1004 καὶ
537 977 584 1004 τοῦ
600 979 686 1014 πυρὸς
700 979 749 1015 τὴν
765 979 794 1012 ἐξ
808 980 858 1006 αὑ-

71 1022 115 1049 τοῦ
130 1023 279 1058 προϊοῦσαν
292 1022 455 1059 θερμασίαν,
469 1023 516 1050 καὶ
529 1023 576 1050 τοῦ
588 1024 634 1051 νοῦ
648 1024 693 1051 τὸν
706 1024 783 1059 λόγον
793 1033 799 1040 '
812 1027 858 1052 aut

71 1068 252 1096 διικνύτωσαν
278 1069 318 1096 ὅτι
338 1069 408 1105 μέρη
429 1068 516 1096 ταῦτα
541 1069 712 1105 διῃρημένως
730 1071 788 1098 ἐστὶ
804 1071 858 1098 τῶν

71 1114 177 1147 οὐσιῶν,
193 1114 222 1147 ἐξ
250 1111 287 1141 ὧν
313 1115 359 1141 καὶ
383 1114 573 1149 προέρχονται,
595 1114 611 1150 ἢ
634 1115 674 1142 ὅτι
699 1116 783 1151 χωρὶς
809 1116 858 1152 μὲν

73 1160 284 1194 ἁπαυγάσματος
299 1157 333 1196 ἦν
349 1169 414 1187 ποτε
436 1161 466 1187 τὸ
487 1161 555 1196 φῶς,
571 1161 654 1196 χωρὶς
666 1161 694 1188 δὲ
708 1161 858 1197 θερμασίας

73 1206 100 1232 τὸ
116 1205 180 1241 πῦρ,
198 1205 296 1240 ἄλογος
315 1206 344 1232 δὲ
365 1207 379 1233 ό
397 1206 469 1238 νοῦς.
485 1207 540 1234 Καὶ
552 1207 613 1233 τότε
629 1206 858 1242 φανταζέσθωσαν

73 1251 179 1278 τοιαῦτά
191 1260 254 1278 τινα
268 1252 390 1287 καὶπερὶ
403 1252 447 1278 τὸν
456 1252 502 1279 τοῦ
513 1252 579 1279 Θεοῦ
588 1252 682 1287 Λόγον.
691 1253 723 1279 Εἰ
732 1253 761 1280 δὲ
773 1253 858 1281 ταῦτα

74 1297 176 1324 σύνεστι
189 1298 240 1333 μὲν
249 1298 295 1324 ἀεὶ
304 1299 364 1330 ταῖς
375 1298 489 1330 οὐσίαις,
500 1299 546 1333 ἀφ’
555 1295 593 1325 ὧν
607 1299 654 1325 καὶ
666 1299 856 1335 προέρχονται,

73 1343 224 1379 ἀμερίστως
237 1343 266 1370 δὲ
279 1343 359 1370 τοῦτο
367 1343 482 1377 ποιοῦσι,
495 1344 542 1370 καὶ
554 1344 584 1371 οὐ
597 1345 806 1380 κεχωρισμένως
817 1346 857 1380 (οὐ

73 1389 121 1424 γὰρ
137 1389 212 1424 πάθη
229 1391 278 1416 καὶ
291 1390 434 1422 ἀποκοπὰς
446 1389 606 1425 ἐμποιοῦσιν
621 1390 738 1425 αὑταῖς),
755 1390 813 1422 πῶς
826 1391 857 1418 οὐ

73 1434 157 1470 πάσης
175 1435 247 1462 εἰσὶν
261 1435 390 1468 ἀσεϐείας
407 1436 534 1462 ἐπέκεινα
547 1435 633 1462 ταῦτα
648 1437 681 1472 τῇ
697 1435 757 1472 θείᾳ
779 1436 857 1471 φύσει

73 1481 284 1516 προσάπτοντες,
299 1481 318 1509 ἃ
338 1481 406 1517 μηδὲ
426 1481 490 1517 περὶ
508 1481 557 1517 τὴν
573 1481 627 1508 τῶν
642 1481 763 1517 γενητῶν
777 1482 858 1517 φύσιν

71 1526 193 1559 γενέσθαι
216 1527 276 1563 δοίη
297 1536 340 1558 τις
356 1528 401 1558 ἂν,
424 1528 450 1554 εί
464 1536 496 1561 γε
513 1527 576 1554 νοῦν
593 1527 648 1562 ἔχοι
675 1528 722 1554 καὶ
746 1527 856 1564 φρονοίη

71 1571 175 1605 amt;
871 1581 892 1608 (ἒ

411 1629 512 1657 AAAO.

184 1686 235 1718 Ὠς
253 1685 289 1718 ἐξ
307 1685 485 1719 ἀντιθέσεως
504 1685 562 1712 τῶν
580 1685 746 1720 α]ρετικῶν.

103 1752 158 1779 Καὶ
178 1752 250 1783 πῶς,
267 1751 344 1786 φασὶ,
361 1751 471 1778 δύναται
485 1752 499 1778 ὁ
513 1752 576 1784 Υἱὸς
597 1751 679 1782 ἀΐδιος
704 1749 774 1778 εἶναι
790 1751 860 1786 μετὰ

72 1797 193 1833 Πατρός;
218 1797 275 1824 Καὶ
291 1797 344 1831 γὰρ
366 1797 391 1823 οἱ
411 1797 466 1823 τῶν
481 1796 632 1832 ἀνθρώπων
656 1797 709 1823 υἱοὶ
721 1797 858 1824 τίκτονται

73 1843 141 1877 μετὰ
164 1843 230 1874 τοὺς
251 1841 385 1877 πατέρας,
411 1842 459 1868 καὶ
481 1842 586 1878 χρόνοις
610 1841 722 1876 ὕστερον
741 1841 859 1875 γίνονται

72 1888 186 1920 Δῑιιιιλλοῖς,
201 1888 252 1914 οὐκ
267 1887 341 1918 ὄντες
356 1887 420 1922 πρὶν
440 1886 614 1922 γεννηθῆναι.
631 1887 692 1918 Πῶς
708 1886 735 1913 δὲ
751 1886 830 1912 πάλιν
845 1887 860 1912 ό

73 1932 134 1964 Υἱὸς
146 1933 234 1967 Λόγος
247 1930 318 1959 εἶναι
327 1932 448 1964 δύναται,
461 1932 478 1967 ἢ
489 1932 570 1958 εἰκὼν
581 1931 627 1958 τοῦ
640 1931 707 1958 Θεοῦ
718 1939 725 1963 ;
738 1931 792 1958 Καὶ
804 1930 859 1966 γὰρ

71 1979 86 2004 ὁ
100 1978 153 2005 τῶν
171 1977 326 2013 ἀνθρώπων
339 1977 416 2012 λόγος
431 1977 492 2004 οὕτε
507 1977 686 2023 ἐνυπόσταῄς
703 1978 787 2010 ἐστιν,
798 1977 859 2004 οὒτε

73 2025 141 2060 μετὰ
157 2025 187 2051 τὸ
205 2025 324 2060 ῥηθῆναι
347 2024 462 2055 σώζεται
473 2032 481 2040 ⁸
505 2024 562 2051 ἀλλ’
577 2024 657 2057 εὐθὺς
680 2026 720 2056 είς
733 2024 763 2051 τὸ
780 2024 817 2060 μὴ
830 2024 859 2051 ὃν

73 2071 226 2102 ἀναλύεται,
242 2070 366 2105 σημήνας
391 2070 421 2096 τὸ
447 2070 517 2096 κατὰ
539 2070 660 2097 διάνοιαν
680 2070 720 2105 τῷ
736 2070 859 2096 λαλοῦντι

72 2117 205 2152 κείμενον,
224 2117 273 2143 καὶ
296 2116 331 2142 τὰ
346 2117 375 2142 ὲν
389 2115 428 2151 τῷ
444 2115 519 2151 βάθει
536 2115 586 2151 τῆς
608 2116 722 2152 καρδίας
745 2124 860 2152 φανερο-

72 2163 187 2198 ποιήσας
199 2163 248 2197 νοή
253 2171 335 2197 ματα.

314 2216 392 2251 Πρὸς
410 2216 498 2243 τοῦτο
517 2216 618 2250 λύσις.

874 2249 897 2277 1)

106 2274 136 2300 Et
160 2273 212 2308 μὲν
233 2272 272 2304 ὡς
295 2272 439 2308 ἅνθρωπος
456 2272 542 2304 οὕτως
567 2273 626 2300 ἐπὶ
649 2274 697 2300 καὶ
720 2274 796 2306 θὼς*
812 2274 860 2301 καὶ

73 2319 151 2346 πλέον
165 2319 221 2346 τῶν
234 2319 264 2345 ἐν
280 2319 348 2354 ἡμῖν
362 2318 438 2345 οὐδὲν
453 2320 482 2345 ὲν
499 2319 582 2354 αὐτῷ,
599 2320 734 2355 κρατείτω
749 2320 796 2348 καὶ
810 2320 856 2347 ἐπ’

73 2364 153 2393 αὑτοῦ
181 2364 217 2391 τὰ
241 2364 417 2400 ἀνθρώπινα·
442 2364 489 2391 καὶ
512 2365 713 2401 προῦπαρχέτω
728 2365 776 2392 τοῦ
794 2365 859 2392 ἰδίου

73 2411 241 2446 γεννήματος
254 2409 348 2445 ὥσπερ
370 2410 416 2436 καὶ
433 2410 528 2445 ἡμεῖς·
546 2410 593 2436 καὶ
608 2411 640 2437 ὲκ
653 2409 699 2438 τοῦ
726 2410 763 2446 μὴ
785 2410 861 2442 ὄντος

73 2457 140 2483 Im
155 2456 186 2482 τὸ
208 2454 239 2487 ἐξ
253 2454 337 2482 αὑτοῦ
352 2455 491 2490 προελθόν.
509 2456 540 2482 ΕΙ
555 2455 583 2482 δὲ
598 2455 666 2482 πολὺ
688 2455 742 2482 τῶν
762 2457 861 2491 ἡμετέ-

74 2510 125 2538 ρων
138 2502 169 2529 ea
177 2501 257 2528 Θεῖον
270 2501 436 2537 ἀταξλκισται,
449 2501 498 2528 καὶ
510 2501 586 2528 οὐδὲν
599 2501 672 2537 αὐτῷ
689 2503 776 2529 κοινὸν
792 2502 860 2539 πρὸς

72 2548 153 2583 ἡμᾶς,
167 2548 230 2574 ὅσον
244 2549 286 2579 εἰς
302 2547 348 2574 τὸν
372 2546 421 2582 τῆς
436 2546 528 2578 οὐσίας
541 2546 631 2580 λόγον,
650 2546 708 2578 πῶς
722 2547 787 2574 αὐτὸ
803 2549 859 2580 τοῖς

73 2592 252 2628 ἀνθρωπίνοις
269 2591 471 2627 καταδεομοῦσι
495 2593 598 2624 κακοῖς,
613 2591 660 2618 καὶ
682 2592 743 2623 ταῖς
762 2593 860 2627 ἡμετέ-

75 2646 132 2674 ραις
148 2639 283 2672 ἀνάγκαις
307 2637 481 2669 ὑποτιθέντες
504 2637 554 2663 οὐκ
577 2636 766 2672 αἰσχύνονται;
784 2637 860 2672 "Octo

73 2685 125 2720 γὰρ
145 2684 180 2711 ἂν
203 2684 254 2720 τὴν
281 2683 435 2718 ἀνθρώπου.
451 2681 532 2716 φύσιν
554 2681 708 2717 ὲξὰλληται,
723 2681 859 2714 τοσοῦτον,

73 2728 157 2765 οἶμαι,
171 2729 219 2756 καὶ
231 2729 288 2756 τῶν
299 2728 364 2764 παρ’
377 2729 443 2763 ἡμῖν
450 2727 519 2754 ἐθῶν
532 2736 560 2753 τε
576 2727 622 2754 καὶ
635 2728 724 2763 νόμων
739 2726 861 2762 φυσικῶν

75 2774 147 2802 [nat
160 2775 208 2802 καὶ
220 2774 353 2810 ἀμείνων.
361 2773 463 2800 Οὐκοῦν
472 2773 586 2808 φθαρτοὶ
599 2773 646 2807 μὲν
658 2773 748 2808 ἡμεῖς,
758 2772 862 2808 ἄφθαρ-

109 2862 130 2879 ¹¹
143 2861 221 2890 Joan.
237 2869 294 2895 xtv,
312 2861 357 2888 ll.
396 2861 417 2875 "
431 2860 508 2888 Joan.
528 2868 556 2890 x.
569 2860 614 2887 50.
654 2861 675 2876 ¹³
691 2860 769 2889 .loau.
788 2868 842 2893 xw,
855 2861 882 2888 9.

272 2910 409 2942 Parma.
432 2909 488 2939 Gn.
511 2909 625 2939 LXXV.

913 929 973 956 ideo
987 933 1091 964 partem
1107 936 1177 961 esse,
1193 937 1246 956 non
1263 936 1327 957 vero
1341 929 1474 965 integrum
1491 939 1498 958 :
1515 931 1606 959 dicant
1617 933 1696 960 etiam

911 975 1081 1009 splendorem
1098 979 1251 1009 separatum
1272 982 1333 1002 esse
1358 983 1373 1002 a
1392 975 1502 1008 lumine,
1527 981 1555 1003 et
1570 977 1695 1005 calidita-

913 1026 966 1048 tem
988 1021 1022 1048 ab
1037 1021 1108 1056 igne,
1133 1029 1148 1049 c
1160 1029 1214 1056 quo
1229 1021 1362 1056 procedit,
1378 1026 1404 1050 et
1418 1023 1530 1050 verbum
1555 1031 1568 1050 a
1585 1029 1674 1051 mente
1689 1033 1696 1049 :

912 1067 1109 1101 ostendantque
1133 1067 1190 1094 haec
1213 1074 1276 1094 esse
1294 1067 1437 1101 separatim
1457 1072 1548 1102 partes
1572 1068 1699 1096 substan-

913 1114 1024 1146 tiarum,
1049 1121 1065 1142 e
1092 1114 1190 1149 quibus
1218 1113 1444 1149 procedunt;aut
1469 1114 1584 1149 probent
1607 1115 1697 1143 lumen

911 1161 1058 1195 aliquando
1072 1161 1154 1188 fuisse
1169 1161 1272 1196 absque
1287 1161 1442 1196 splendore,
1465 1165 1512 1188 aut
1525 1161 1614 1197 ignem
1632 1162 1697 1190 abs-

911 1211 965 1238 que
987 1203 1136 1237 caliditate,
1155 1209 1182 1232 et
1205 1209 1324 1232 mentem
1346 1205 1449 1240 absque
1467 1206 1559 1233 verbo.
1577 1206 1616 1234 Ac
1641 1211 1696 1234 tum

911 1249 1020 1276 demum
1036 1257 1096 1277 cum
1116 1250 1168 1277 hoc
1185 1251 1336 1285 probarint,
1353 1251 1534 1286 imaginentur
1548 1252 1628 1279 etiam
1645 1253 1698 1279 tale

911 1294 1051 1329 quidpiam
1067 1295 1100 1323 de
1111 1295 1200 1324 Verbo
1214 1296 1270 1324 Dei.
1286 1296 1314 1324 Si
1332 1304 1396 1325 vero
1414 1298 1470 1325 hate
1485 1298 1576 1325 insunt
1591 1305 1698 1334 semper

911 1340 1072 1368 substantiis
1089 1348 1104 1368 e
1121 1341 1219 1376 quibus
1233 1342 1532 1377 proceduutycitraque
1553 1343 1633 1371 ullam
1651 1352 1696 1372 se-

911 1378 1078 1421 paratiouem
1103 1387 1155 1414 hoc
1174 1391 1302 1421 pratstaut
1317 1387 1416 1422 (neque
1435 1389 1510 1414 enim
1534 1388 1613 1415 ullam
1630 1397 1696 1424 pas—

910 1432 1014 1459 sionem
1026 1436 1072 1459 aut
1086 1432 1234 1460 sectionem
1250 1432 1276 1459 in
1292 1432 1332 1460 eis
1340 1433 1480 1468 efﬁciunt),
1493 1435 1628 1468 quomodo
1642 1443 1694 1462 nou

911 1477 965 1505 sint
981 1478 1109 1505 censendi
1126 1478 1299 1506 vehementer
1318 1478 1406 1513 impii,
1421 1479 1466 1514 qui
1482 1480 1579 1507 divinae
1593 1485 1695 1508 natura:

911 1523 955 1550 illa
972 1523 1104 1556 tribuunt,
1119 1531 1177 1557 qua:
1199 1531 1278 1550 nemo
1291 1531 1365 1551 sana:
1382 1525 1480 1552 mentis
1502 1533 1535 1552 ne
1555 1530 1695 1553 creatura—

912 1576 970 1595 rum
985 1569 1097 1604 quidem‘
1113 1573 1214 1596 natura:
1228 1569 1354 1596 accidere
1370 1576 1448 1604 posse
1463 1570 1598 1598 fateatur?

1247 1627 1363 1656 ALlUD.

1099 1683 1140 1710 Ea:
1153 1683 1298 1718 abjettione
1309 1684 1504 1712 haereticorum.

950 1750 1002 1778 Sed
1029 1750 1174 1785 quomodo,
1199 1750 1334 1784 inquiunt,
1357 1755 1445 1785 potest
1469 1750 1554 1779 Filius
1577 1757 1696 1781 aeternus

910 1803 970 1824 esse
980 1804 1040 1823 cum
1053 1796 1148 1823 Patre?
1160 1796 1228 1823 Nam
1243 1795 1289 1823 filii
1303 1797 1442 1824 hominum
1468 1803 1618 1825 nascuntur
1636 1804 1698 1834 post

912 1849 975 1869 sttos
996 1847 1132 1876 parentes,
1157 1841 1296 1877 multoque
1319 1847 1379 1876 post
1396 1847 1516 1878 tempore
1541 1844 1618 1877 fiunt,
1643 1851 1696 1871 non

910 1887 1073 1915 exsistcntes
1088 1887 1244 1922 priusquam
1265 1887 1341 1914 ﬁant.
1362 1888 1417 1915 Aut
1439 1895 1492 1922 quo
1517 1893 1596 1923 pacto
1612 1888 1697 1917 Filius

911 1933 996 1967 possit
1014 1940 1074 1960 esse
1088 1933 1215 1966 Verbum,
1232 1937 1280 1959 aut
1305 1933 1394 1967 imago
1410 1931 1477 1960 Dei?
1494 1933 1560 1960 Nam
1584 1935 1696 1962 verbum

911 1978 982 2013 quod
1007 1977 1041 2005 ab
1060 1978 1215 2005 hominibus
1231 1977 1378 2012 profertur,
1400 1985 1486 2013 neque
1501 1986 1549 2011 per
1565 1986 1595 2006 se
1609 1979 1697 2006 subsi-

911 2023 968 2056 stit,
986 2028 1074 2057 neque
1090 2027 1232 2057 postquam
1252 2021 1388 2056 prolatum
1403 2027 1445 2049 est
1460 2027 1559 2055 manet,
1576 2023 1622 2050 sed
1637 2029 1695 2050 sta-

913 2067 959 2095 tim
981 2067 1008 2094 in
1027 2066 1139 2094 nihilum
1156 2067 1304 2099 evanescit,
1327 2074 1388 2094 cum
1410 2067 1553 2101 explicarit
1568 2069 1639 2102 quod
1654 2068 1696 2096 Ιυυ

910 2121 997 2149 quens
1009 2118 1100 2141 mente
1109 2118 1281 2149 conceperat,
1294 2120 1411 2148 cumque
1423 2113 1603 2148 cogitationes
1613 2115 1695 2143 animi

911 2159 1079 2195 patefecerit.

1162 2215 1264 2244 Solutio
1283 2216 1448 2258 objeclinnit.

949 2273 978 2302 Si
992 2273 1062 2301 Deus
1082 2272 1192 2308 perinde
1209 2276 1249 2300 est
1266 2277 1348 2308 atque
1371 2273 1466 2306 homo,
1484 2274 1563 2310 177
1578 2275 1698 2310 nihilque

911 2319 1030 2354 amplius
1053 2318 1079 2345 in
1095 2324 1127 2345 eo
1153 2322 1194 2346 est
1208 2325 1288 2352 quam
1309 2319 1334 2345 in
1358 2319 1458 2346 nobis:
1481 2319 1597 2346 humana
1614 2321 1696 2348 etiam

912 2365 938 2392 in
951 2365 1009 2399 ipso
1026 2364 1115 2391 locum
1134 2363 1262 2397 habeant,
1286 2367 1313 2391 et
1329 2363 1386 2398 ipse
1407 2372 1514 2399 quoque
1534 2365 1608 2399 prior
1622 2367 1694 2393 exsi-

911 2414 967 2438 stat
981 2409 1049 2437 Filio
1065 2416 1125 2442 suo,
1142 2414 1171 2435 ut
1185 2416 1246 2442 nos,
1259 2414 1285 2436 et
1298 2417 1330 2436 ex
1346 2410 1430 2436 nihilo
1445 2410 1490 2442 sit,
1508 2410 1578 2444 quod
1594 2418 1627 2438 ex
1640 2411 1697 2446 ipso

913 2454 1043 2490 procedit.
1058 2454 1094 2481 At
1109 2461 1173 2482 vero
1185 2454 1207 2482 si
1219 2454 1308 2482 Deitas
1318 2455 1395 2490 longe
1404 2461 1419 2481 a
1431 2461 1521 2482 nostra
1538 2460 1633 2482 natura
1643 2457 1697 2483 dif-

912 2500 976 2532 fert,
995 2499 1115 2534 nihilque
1136 2499 1160 2527 ei
1177 2499 1316 2528 nobiscum
1335 2508 1478 2528 commune
1499 2505 1550 2534 est,
1567 2506 1696 2537 quantum

913 2546 946 2573 ad
962 2545 1094 2573 rationem
1109 2544 1266 2573 substantiae
1281 2546 1377 2574 attinet
1393 2555 1400 2573 :
1413 2554 1466 2582 quo
1481 2552 1560 2581 pacto
1572 2555 1632 2575 eam
1647 2549 1696 2575 hu-

913 2591 1001 2619 manis
1025 2591 1205 2619 incommodis
1223 2596 1250 2619 et
1272 2591 1352 2620 malis
1367 2593 1531 2628 astringunt,
1552 2597 1578 2620 ct
1596 2597 1698 2620 nostra:

913 2637 1068 2665 necessitati
1085 2637 1217 2672 subjicere
1235 2645 1287 2665 non
1307 2638 1456 2665 verentur?
1474 2637 1608 2671 Quantum
1624 2640 1697 2666 enim

914 2682 1059 2710 humanam
1086 2687 1209 2710 naturam
1235 2682 1352 2716 excellit,
1380 2687 1481 2711 tantum
1500 2684 1581 2711 etiam
1605 2688 1696 2711 nostra

915 2729 1107 2757 consuetudine
1128 2733 1155 2757 et
1182 2728 1350 2756 naturalibus
1375 2729 1478 2765 legibus
1498 2735 1540 2757 est
1562 2731 1696 2764 superior.

915 2773 970 2802 Nos
985 2774 1075 2809 itaque
1089 2774 1278 2809 corruptibiles
1295 2783 1302 2802 τ
1319 2773 1389 2802 Deus
1402 2779 1491 2802 autem
1505 2774 1698 2810 incorruptibi-

1484 2907 1517 2938 10
