1904 3026
214 168 266 201 299'

706 174 735 202 S.
753 173 887 201 CYRILLI
909 172 1143 200 ALEXANDIIINI
1164 173 1322 201 AIICIIIEI’.

1785 173 1839 202 300

216 234 258 260 Iis.
284 232 339 261 Nos
361 240 393 260 ex
417 233 503 261 nihilo
524 234 557 260 ad
575 240 634 261 esse
659 233 775 260 traducti
797 239 910 259 sumus:
926 231 993 258 Deus

1049 241 1091 264 τος
1104 232 1132 260 δὲ
1143 232 1157 258 ὁ
1167 231 1244 262 Θεός.
1253 231 1300 258 Ἐκ
1312 230 1358 257 τοῦ
1376 230 1412 266 μὴ
1426 231 1501 262 ὄντος
1517 231 1557 262 εἰς
1568 231 1598 257 τὸ
1610 229 1679 258 εἶναι
1692 231 1840 267 παρήχοηο

219 286 285 305 vero
303 286 411 314 semper
428 284 453 306 et
467 284 536 312 erat,
550 283 578 306 et
589 278 651 306 erit.
669 278 760 311 Qualis
773 285 838 304 vero
855 282 896 304 est
916 277 938 304 is
950 277 996 311 qui

214 323 311 359 gignit,
333 324 412 351 talem
430 324 512 351 etiatn
536 330 596 351 esse
618 326 723 357 oportet
739 322 783 357 qui
804 329 837 348 ex
862 329 894 349 eo
910 321 996 356 gigni-

215 374 267 395 tur.
285 368 413 396 Eternus
439 375 528 396 autent
549 374 590 396 est
612 368 682 396 Deus
708 375 739 395 ac
754 368 843 399 Pater,
866 372 996 395 aeternum

217 413 305 446 itaqtte
340 413 419 439 etiam
454 414 523 447 quod
553 420 586 439 ex
619 412 677 446 ipso
705 412 825 446 procedit
849 411 951 443 lumen.
971 417 998 438 ct

215 464 285 490 eral,
300 464 326 485 ct
336 464 388 485 est.
403 459 502 485 Aderat
516 459 597 492 igitur
608 458 701 484 lumini
717 458 851 492 splendor.
865 458 997 485 Praeterea

215 504 326 530 verbum
349 504 418 537 quod
432 511 464 530 ex
483 504 590 530 homine
604 503 737 538 procedit,
758 503 784 530 in
802 503 914 530 nihilum
933 511 995 530 eva-

216 549 313 581 nescit,
328 554 355 575 et
369 556 456 583 neque
474 549 563 575 vivunt
578 553 631 580 est,
649 556 737 583 neque
752 548 856 576 ellieax.
871 548 936 575 Nam
951 549 996 583 qui

213 594 277 620 illud
290 593 374 628 gignit
395 594 475 627 homq
495 602 526 620 ex
544 594 628 621 nihilo
644 599 695 626 est,
718 599 744 622 et
763 594 929 628 eorruptioni
948 595 996 621 ob-

213 640 318 667 noxius.
343 638 458 667 Verbum
477 644 566 667 autettt
583 640 629 668 Dei
655 641 745 667 vivum
765 645 817 670 est.
836 645 862 667 et
880 648 912 667 ex
937 641 997 668 vivo

212 685 372 719 procedens,
395 690 456 712 erat
479 691 506 713 et
528 690 569 713 est
587 693 704 722 semper.
727 685 818 720 Neque
839 686 910 713 enim
928 685 997 713 Deus

212 738 328 765 unquam
354 736 400 758 aut
417 735 485 764 erat,
511 736 557 758 aut
583 732 635 759 erit
657 732 757 767 absque
772 731 871 759 Verbo.
896 731 997 758 Idcirco

213 777 311 804 Paulus
327 778 360 805 de
378 778 436 812 ipso
452 777 555 812 inquit:
569 787 578 803 ‹
596 778 692 806 Vivum
708 783 749 805 est
767 778 883 805 Verbum
901 777 945 804 Dei
960 782 998 804 at-

211 829 264 856 que
285 821 379 849 eilicax
392 822 424 849 ιι.
442 833 451 849 ι
471 822 583 850 Creator
605 823 696 858 itaque
717 829 768 855 est,
793 828 820 850 ct
842 823 932 850 omnia
949 831 997 858 per

213 869 297 902 ipsttttt
313 868 383 896 facta
405 874 478 902 sunt,
495 873 521 896 et
535 869 593 897 sine
610 869 668 904 ipso
685 869 783 897 factum
799 874 840 897 est
857 869 922 896 nihil
936 870 966 896 ”.
984 879 992 895 t

544 926 661 959 ALIUD.

399 983 440 1009 Ex
459 984 600 1018 objections
614 985 796 1011 ltwrelicorum
802 1004 808 1010 .

248 1047 304 1074 Non
318 1053 370 1080 est,
391 1048 528 1083 inquiunt,
549 1049 675 1077 Christus
697 1050 787 1077 innata
801 1055 881 1086 atque
899 1051 996 1079 mcxsi-

212 1097 286 1120 stens
297 1093 350 1120 Deo
365 1095 482 1128 potentia
498 1102 528 1122 ac
540 1095 683 1130 sapientia,
701 1097 746 1123 sed
762 1095 869 1124 diversa
886 1098 994 1132 quidem

212 1143 254 1166 est
277 1139 332 1171 illa,
353 1140 385 1166 de
409 1147 460 1174 qua
486 1139 585 1168 Paulus
601 1141 688 1175 inquit.
700 1142 731 1175 ‘°,
748 1141 859 1170 Eterna
874 1145 932 1177 ejus
947 1152 995 1177 po-

213 1178 296 1212 Ie'ntia
318 1189 345 1212 et
367 1185 455 1212 deitas
472 1196 478 1213 :
494 1186 565 1213 alius
587 1194 652 1214 vero
669 1187 703 1214 ab
721 1188 771 1215 hac
795 1193 837 1215 est
860 1188 994 1222 Christus,

211 1231 324 1265 aliasque
349 1231 439 1258 multas
462 1239 522 1259 cuttt
551 1232 609 1266 ipso
635 1237 782 1267 potestates
806 1238 832 1261 et
857 1235 996 1268 sapientia:

212 1276 364 1311 appellata}.
382 1276 462 1312 Atqui
489 1277 579 1304 innata
603 1286 635 1306 ac
654 1287 718 1306 vera
742 1280 788 1307 Dei
815 1282 934 1314 potentia
953 1287 995 1309 est

211 1323 328 1349 creatrix
347 1324 553 1356 universorum;
572 1326 612 1352 hae
628 1334 691 1354 vero
709 1327 743 1353 ab
757 1327 812 1361 ipsa
828 1327 906 1355 factae
920 1334 993 1361 sunt,

212 1368 317 1395 tametsi
344 1369 442 1395 eximia
470 1370 592 1403 qumdam
617 1371 662 1398 Dei
686 1373 804 1406 potentia
831 1381 911 1408 supra
930 1374 994 1402 reli-

213 1421 279 1448 qttas
295 1415 330 1441 sil
349 1410 485 1448 Christus,
504 1416 604 1443 idcirco
622 1416 691 1444 facta
707 1422 734 1444 ut
749 1418 875 1446 virtutem
899 1427 930 1447 ac
947 1428 995 1455 po-

210 1458 320 1485 tentiam
339 1459 438 1486 tribuat
454 1460 485 1487 iis
501 1461 545 1495 qui
562 1469 591 1488 ca
608 1467 688 1496 egent.
705 1472 711 1489 :
728 1468 755 1490 et
770 1465 929 1498 sapientiam
948 1467 992 1494 det

209 1512 240 1531 ea
263 1505 412 1540 egentibus,
436 1511 518 1540 utque
538 1507 610 1542 jttsta
636 1508 733 1535 eﬂieiat
751 1517 809 1544 quae
823 1510 926 1544 justitia
948 1520 994 1540 ea-

211 1554 281 1576 rent.
301 1549 346 1576 Est
366 1550 468 1585 itaque,
484 1551 570 1583 aiunt,
588 1553 678 1579 innata
696 1553 742 1581 Dei
758 1556 874 1589 potentia
891 1558 992 1590 princi-

192 1621 195 1623 _
209 1595 253 1628 pio
265 1602 360 1623 carens
377 1601 404 1622 et
419 1604 469 1623 non
487 1597 569 1630 facta,
583 1598 616 1624 ab
628 1604 730 1626 aeterno
749 1601 773 1627 in
788 1600 879 1629 Patre.
895 1602 994 1631 Factus

209 1645 250 1667 est
268 1645 355 1667 autent
373 1641 499 1670 Christus
521 1643 600 1671 dictis
617 1645 649 1672 de
671 1646 769 1673 causis.
796 1647 823 1674 Si
843 1655 907 1675 vero
924 1655 994 1675 non.

210 1686 275 1712 nulli
293 1686 451 1713 existimant
468 1687 605 1715 Christum
623 1689 710 1723 ipsutn
727 1698 787 1718 esse
808 1692 931 1720 ittnatam
947 1694 993 1721 Dei

209 1732 370 1764 potentiam,
386 1733 448 1766 quia
463 1732 561 1761 Paulus
574 1735 670 1762 scribit
685 1743 693 1762 :
710 1745 719 1762 ‹
735 1736 859 1766 Christus
873 1740 992 1774 potentia

209 1776 268 1808 Dei,
290 1781 316 1803 et
345 1777 477 1811 sapientia
498 1778 545 1805 Dei
559 1779 579 1795 "
596 1787 603 1806 :
622 1789 631 1805 ι
648 1780 711 1815 quid
740 1781 830 1810 dicent
853 1784 994 1812 audientes

211 1820 292 1848 Deum
321 1821 454 1849 dicentem
481 1823 514 1850 de
538 1831 618 1851 eruca
640 1835 646 1852 :
668 1834 677 1851 ε
693 1825 815 1854 Potentia
834 1829 915 1864 178
936 1837 993 1856 mea

210 1873 304 1901 magna
319 1866 361 1893 '3'!
376 1876 385 1892 ι
402 1867 456 1894 Aut
471 1869 535 1903 quid
551 1869 662 1903 facient,
684 1879 743 1898 cum
760 1873 901 1900 Psalmista
927 1875 994 1901 mul-

210 1915 251 1939 tas
271 1911 319 1940 Dei
337 1913 450 1941 virtutes
467 1922 498 1941 ac
512 1916 646 1948 potentias
661 1922 772 1950 statuat,
788 1919 881 1946 dicens
896 1928 901 1945 :
920 1929 929 1945 ‹
945 1920 993 1947 Bc-

208 1957 324 1984 nedicite
341 1958 435 1991 Deuttt,
455 1967 549 1987 omnes
566 1962 692 1995 potentia!
710 1962 766 1996 ejus
779 1963 799 1978 ‘5‘
813 1963 824 1989 ?
840 1973 848 1988 ›

461 2060 563 2088 Salutio
576 2062 737 2095 objectionis.

243 2116 272 2144 Si
295 2116 395 2145 idcirco
418 2117 507 2145 factus
531 2123 574 2145 est
589 2118 725 2151 Christus,
742 2123 771 2145 ut
784 2119 930 2153 justitiam,
950 2127 994 2147 sa-

207 2162 348 2197 pientiam,
369 2163 494 2191 virtutem
515 2164 572 2191 sive
588 2165 735 2199 potentiam
753 2164 884 2199 largiatur
900 2165 933 2192 iis
946 2166 993 2200 qui

207 2208 348 2244 indigent:
365 2217 413 2236 nos
430 2217 495 2245 ergo
527 2217 609 2237 causa
646 2217 740 2237 smnus
762 2217 809 2237 cur
833 2210 889 2243 ipse
905 2210 994 2238 factus

1049 285 1097 311 μεν
1107 286 1114 292 ·
1130 275 1173 303 ἀεὶ
1186 276 1214 303 δὲ
1225 273 1258 310 ἧν
1271 275 1317 301 καὶ
1332 274 1408 302 ἔσται
1423 275 1499 307 Θεός.
1509 275 1612 307 Ὀποῑος
1625 276 1648 302 δ’
1663 275 1696 302 ἂν
1710 277 1725 302 6
1739 275 1841 303 τίκτων

1047 323 1168 357 ὑπάρχῃ,
1182 321 1301 348 τοιοῦτον
1318 319 1386 348 εἶναι
1402 322 1455 357 χρὴ
1471 321 1518 348 καὶ
1535 322 1580 348 τὸν
1597 321 1626 354 ἐξ
1649 321 1733 348 αὑτοῦ
1749 322 1841 348 τικτό-

1049 368 1243 404 μενον.’Δῖδιος
1263 367 1291 394 δὲ
1306 369 1321 394 6
1335 368 1400 400 Θεὸς
1424 368 1469 394 καὶ
1485 368 1590 404 Πατὴρ,
1609 369 1694 395 ἀΐδιον
1717 369 1772 404 ἄρα
1794 369 1842 394 καὶ

1047 415 1077 440 τὸ
1089 414 1118 446 ἐξ
1135 414 1216 441 αὺτοῦ
1232 413 1289 448 φῶς
1305 412 1339 448 ἦν
1353 414 1398 440 καὶ
1411 413 1477 440 ἔστι.
1495 415 1579 449 Συνῆν
1593 414 1647 450 ἄρα
1665 414 1705 449 τῷ
1723 414 1794 448 φωτὶ
1811 414 1842 440 τὸ

1048 459 1225 494 ἀπαύγασμα.
1242 460 1296 486 Καὶ
1320 461 1334 486 6
1360 459 1408 494 μὲν
1430 460 1458 492 ἐξ
1482 459 1624 495 ἀνθρώπου
1637 460 1841 495 προερχόμενος

1047 505 1135 539 λόγος,
1151 507 1190 536 εἰς
1203 505 1233 532 τὸ
1252 505 1288 541 μὴ
1312 505 1341 531 ὃν
1365 505 1518 534 ἀναλύεται.
1537 505 1583 531 καὶ
1596 504 1657 531 οὔτε
1675 505 1729 536 ζῶν
1751 506 1838 536 ἐστιν,

1047 550 1109 577 οὔτε
1124 550 1248 585 ἐνεργής.
1260 550 1314 576 Καὶ
1329 549 1383 584 γὰρ
1397 549 1443 575 καὶ
1457 549 1470 575 ό
1482 548 1574 575 τοῦτον
1588 549 1722 583 γεννήσας
1733 548 1838 583 ἅνθρω-

1048 605 1107 628 πος,
1123 597 1155 622 ὲκ
1168 596 1213 622 τοῦ
1230 596 1266 630 μὴ
1279 595 1354 627 ὄντος
1369 596 1426 621 ἐστὶ
1438 595 1484 621 καὶ
1502 594 1643 621 ὑπόκειται
1660 595 1760 630 φθορᾷ.
1769 595 1800 620 '0
1813 595 1841 620 δὲ

1047 642 1094 668 τοῦ
1106 641 1174 668 Θεοῦ
1189 641 1274 675 Λόγος
1293 640 1346 672 ζῶν
1365 642 1422 667 ἐστι
1433 648 1439 655 ·
1457 641 1502 667 καὶ
1518 641 1550 667 ὲκ
1565 640 1665 672 ζῶντος
1685 640 1840 675 προελθὼν,

1046 685 1080 722 ἦν
1099 687 1143 714 ἀεὶ
1156 687 1203 713 καὶ
1219 686 1302 713 ἐστιν.
1316 686 1352 712 Οὐ
1367 686 1419 721 γὰρ
1433 683 1477 720 ἦν,
1495 686 1554 712 οὐδὲ
1569 686 1644 712 ἔσται
1661 686 1737 718 ποτὲ,
1753 687 1841 721 χωρὶς

1048 734 1133 767 Λόγου
1143 733 1217 764 Θεός.
1233 733 1288 760 Καὶ
1303 733 1366 766 γοῦν
1379 733 1393 758 ὁ
1407 731 1512 763 Παῦλός
1528 740 1593 766 φησι
1610 732 1672 767 περὶ
1684 731 1784 763 αὐτοῦ,
1799 733 1840 758 ὅτι

1051 790 1058 804 ι
1074 779 1131 805 Ζῶν
1149 779 1162 805 6
1179 778 1264 813 Λόγος
1278 778 1324 804 τοῦ
1339 777 1406 804 Θεοῦ
1432 778 1479 804 καὶ
1499 778 1621 812 ἐνεργής.
1640 787 1649 803 ι
1667 778 1840 813 Δημιουργὺς

1047 822 1112 856 γοῦν
1126 822 1194 852 ἐστι,
1209 821 1255 848 καὶ
1271 822 1358 848 πάντα
1372 816 1466 856 γέκξονε
1480 822 1513 848 δι’
1526 821 1617 854 αὐτοῦ,
1634 822 1680 848 καὶ
1692 822 1780 858 χωρὶς
1793 822 1841 849 αὑ-

1046 866 1092 894 ἐοῦ
1108 867 1215 901 ἐγένετο
1229 867 1289 893 οὐδὲ
1303 867 1341 893 ἓν.

1393 925 1493 952 ΑᾹΛΟ.

1165 980 1214 1013 Ὡς
1233 980 1268 1012 ἐξ
1286 981 1464 1014 ἀντιθέσεως
1484 981 1542 1008 τῶν
1560 983 1724 1017 αὶρετικῶν.

1085 1046 1140 1073 Οὐκ
1156 1046 1223 1078 ἔστι,
1240 1046 1333 1080 φασὶν,
1347 1048 1360 1073 6
1373 1047 1490 1082 Χριστὸς
1510 1048 1526 1083 ἡ
1553 1047 1673 1083 ἔμφυτος
1690 1048 1739 1075 καὶ
1756 1049 1840 1075 ἐνυπ-

1050 1092 1169 1127 άρχουσα
1186 1092 1224 1126 τῷ
1237 1092 1296 1127 Θεῷ
1309 1092 1424 1127 δύναμις
1447 1093 1493 1119 καὶ
1513 1093 1602 1127 σοφία,
1619 1093 1676 1120 ἀλλ’
1689 1093 1773 1128 ἑτέρα
1791 1093 1857 1128 μὲν¹

1049 1137 1139 1172 ἐκείνη
1156 1138 1219 1172 περὶ
1231 1135 1265 1173 ἧς
1279 1138 1325 1164 καὶ
1337 1138 1351 1164 6
1360 1137 1467 1169 Παῦλος
1482 1146 1574 1173 φησιν,
1584 1138 1601 1173 ἡ
1613 1147 1642 1164 τε
1659 1132 1745 1170 ἀΐδιος
1756 1139 1840 1165 αὐτοῦ

1049 1183 1162 1218 δύναμις
1180 1183 1226 1210 καὶ
1243 1183 1337 1218 θεότης
1348 1192 1354 1198 ·
1375 1184 1468 1219 ἕτερος
1486 1184 1514 1210 δὲ
1539 1185 1603 1220 παρ’
1619 1185 1728 1220 ἐκείνην
1743 1186 1758 1211 6
1770 1186 1840 1220 Χρι-

1051 1228 1124 1260 στὸς,
1144 1228 1191 1255 καὶ
1213 1228 1304 1264 ἕτεραι
1324 1229 1419 1256 πολλαὶ
1438 1230 1486 1256 σὺν
1508 1230 1582 1265 αὐτῷ
1597 1230 1729 1265 δυνάμεις
1744 1239 1774 1257 τε
1792 1231 1840 1257 καὶ

1050 1274 1140 1309 σοφίαι
1162 1274 1336 1309 καλούμεναι.
1361 1275 1415 1301 Καὶ
1437 1276 1453 1309 ὴ
1473 1275 1522 1310 μὲν
1546 1276 1665 1310 ἔμφυτος
1686 1277 1771 1308 ὅντως
1793 1277 1840 1303 καὶ

1049 1320 1151 1355 ἀληθὴς
1162 1319 1209 1346 τοῦ
1224 1319 1291 1346 Θεοῦ
1309 1320 1434 1355 δύναμις,
1449 1321 1577 1356 ποιητικὴ
1594 1322 1648 1348 τῶν
1664 1322 1734 1348 ὅλων
1749 1323 1820 1349 ἐστίν
1832 1333 1839 1338 ·

1050 1365 1077 1392 αἱ
1097 1365 1125 1391 δὲ
1146 1365 1274 1399 γεγόνασι
1291 1366 1356 1400 παρ’
1369 1366 1463 1401 αὐτῆς,
1477 1367 1500 1392 εἰ
1517 1366 1563 1392 καί
1577 1375 1619 1398 τις
1638 1367 1779 1402 ἐξαίρετος
1792 1368 1839 1394 τοῦ

1049 1411 1115 1437 Θεοῦ
1128 1410 1242 1445 δύναμις
1258 1411 1332 1446 παρὰ
1357 1412 1404 1443 τὰς
1427 1412 1506 1444 ἄλλας
1522 1413 1638 1448 ὑπάρχει
1657 1413 1784 1448 Χριστὸς,
1798 1415 1840 1445 εἰς

1049 1456 1126 1482 τοῦτο
1134 1456 1277 1491 γενομένη,
1290 1457 1332 1483 ἵνα
1343 1457 1486 1493 δυναμὼσῃ
1498 1459 1532 1485 τὰ
1540 1459 1680 1494 δυνάμεως
1689 1459 1825 1494 χρῄζοντα
1832 1468 1838 1475 ·

1048 1503 1091 1528 ἴνα
1115 1502 1223 1537 σοφώςῃ
1241 1503 1275 1529 τὰ
1288 1503 1402 1538 δεόμενα
1428 1504 1572 1539 σοφισμοῦ,
1589 1505 1630 1531 ἵνα
1652 1506 1786 1542 δικαιώσῃ
1805 1507 1840 1532 τὰ

1048 1547 1219 1583 δικαιοσύνην
1239 1549 1288 1575 οὐκ
1315 1549 1526 1584 ἕχοντα.Ἒστιν
1546 1548 1602 1583 οὖν,
1628 1552 1722 1585 φησὶν,
1746 1553 1762 1587 ἡ
1789 1553 1840 1587 μὲν

1009 1580 1031 1610 C
1047 1593 1168 1627 ἔμφυτος
1180 1580 1226 1619 τοῦ
1243 1593 1310 1620 Θεοῦ
1327 1580 1440 1629 δύναμις
1455 1594 1571 1631 ἄναρχός
1583 1580 1612 1621 ὀε
1628 1580 1674 1622 καὶ
1692 1580 1836 1631 uirgineo;

1046 1637 1136 1668 ἁῖδίως
1151 1639 1180 1664 ὲν
1195 1638 1292 1673 Πατρί.
1311 1639 1407 1672 Γέγονε
1421 1639 1449 1665 δὲ
1465 1641 1479 1665 ὁ
1496 1639 1612 1676 Χριστὸς
1627 1641 1672 1667 ἐπὶ
1687 1643 1748 1672 ταῖς
1761 1642 1839 1676 εἰρη-

1047 1682 1141 1717 μέναις
1154 1682 1266 1713 αἰτὶαις.
1281 1683 1312 1709 Εἰ
1326 1683 1354 1709 δὲ
1367 1683 1507 1718 νομίζουσί
1525 1692 1597 1715 τινες
1611 1684 1693 1711 αὐτὸν
1706 1682 1778 1712 εἶναι
1792 1686 1839 1712 τὸν

1045 1727 1162 1762 Χριστὸν
1177 1728 1225 1762 τὴν
1242 1727 1361 1763 ἔμφυτον
1386 1728 1432 1754 τοῦ
1457 1729 1524 1755 Θεοῦ
1541 1729 1656 1765 δύναμιν
1676 1730 1720 1756 διὰ
1737 1731 1768 1757 τὸ
1789 1739 1837 1765 γε-

1045 1773 1166 1808 γράφθαι
1185 1774 1261 1809 παρὰ
1277 1766 1376 1809 Παύλῳ
1387 1782 1393 1788 ·
1412 1785 1420 1800 ι
1436 1775 1552 1810 Χριστὸς
1573 1775 1640 1802 Θεοῦ
1660 1777 1778 1812 δύναμις
1791 1778 1838 1804 καὶ

1045 1818 1111 1844 Θεοῦ
1133 1819 1223 1852 σοφία,
1240 1828 1248 1844 ι
1272 1819 1298 1844 τί
1324 1819 1376 1854 ἄρα
1398 1819 1507 1854 ἐροῦσιν
1530 1820 1676 1852 ἀκούοντες
1697 1821 1744 1848 τοῦ
1770 1822 1837 1849 Θεοῦ

1045 1863 1171 1898 λέγοντος
1189 1865 1253 1899 περὶ
1269 1865 1318 1900 τῆς
1337 1865 1451 1900 κάμπης
1463 1874 1469 1879 ·
1492 1876 1499 1892 t
1513 1867 1542 1892 'H
1561 1867 1676 1901 δύναμίς
1694 1876 1746 1903 μου
1760 1870 1776 1904 ἠ
1790 1877 1837 1903 με-

1044 1910 1132 1945 γάλη;
1149 1920 1157 1936 ι
1177 1910 1208 1936 Τί
1231 1910 1259 1936 δὲ
1280 1911 1421 1946 ποιήσουσι
1439 1913 1540 1944 πολλὰς
1553 1913 1620 1940 Θεοῦ
1637 1914 1768 1948 δυνάμεις
1788 1923 1837 1950 ση-

1046 1955 1187 1990 μαίνοντος
1203 1955 1249 1982 τοῦ
1269 1956 1433 1992 Ψαλμῳδοῦ,
1453 1958 1486 1984 δι’
1499 1955 1536 1984 ὧν
1552 1967 1634 1994 φησιν
1644 1967 1650 1974 ·
1668 1969 1677 1985 ι
1693 1960 1834 1994 Εὐλογεῖτε

1043 2001 1089 2028 τὸν
1103 2002 1215 2038 Κύριον,
1230 2003 1314 2030 πᾶσαι
1331 2004 1357 2029 αἱ
1370 2003 1499 2038 δυνάμεις
1513 2005 1610 2038 afﬁci;
1628 2015 1636 2030 t

1290 2060 1363 2094 Πρὸς
1384 2060 1476 2087 ταῦτα
1495 2062 1596 2095 λύσις.

1079 2116 1110 2142 Εἰ
1131 2116 1175 2143 διὰ
1198 2115 1277 2142 τοῦτο
1299 2116 1410 2149 γέγονεν
1426 2117 1439 2142 ὁ
1452 2116 1579 2151 Χριστὸς,
1597 2117 1639 2144 ἵνα
1654 2118 1786 2154 δικαιώσῃ
1801 2120 1835 2146 τὰ

1044 2161 1217 2197 δικαιοσύνης
1239 2162 1363 2197 δεόμενα,
1378 2162 1421 2188 ἵνα
1441 2162 1550 2199 σοφὼσῃ
1567 2163 1600 2190 τὰ
1623 2164 1739 2199 δεόμενα
1761 2174 1834 2200 σοφι-

1045 2207 1126 2242 σμοῦ,
1145 2208 1189 2235 ἴνα
1210 2207 1357 2243 δυναμώσῃ
1379 2207 1412 2233 τὰ
1432 2207 1572 2242 δυνάμεως
1595 2208 1740 2244 χρῄζοντα,
1755 2212 1834 2245 ἡμεῖς

207 2254 260 2287 sit;
284 2262 370 2288 neqtte
388 2254 475 2282 factus
494 2254 589 2282 fuisset
618 2255 701 2282 nostri
725 2255 831 2287 similis,
851 2255 901 2282 nisi
922 2255 992 2282 Dctts

1049 2254 1098 2289 Ξρα
1123 2253 1197 2289 αὐτῷ
1220 2254 1372 2288 γεγόναμεν
1393 2253 1439 2279 τοῦ
1458 2252 1528 2279 εἶναι
1551 2254 1642 2286 αἴτιοι,
1664 2255 1711 2282 καὶ
1734 2257 1788 2282 οὐδ’
1802 2257 1833 2283 ἂν

209 2299 325 2333 primum
340 2299 373 2326 de
394 2299 574 2334 producendis
590 2299 723 2326 creaturis
740 2299 895 2334 cogitasset.
914 2298 945 2327 Et
969 2300 991 2327 si

207 2347 264 2373 haec
276 2345 332 2380 ipsa
354 2351 395 2373 est
412 2345 497 2372 nostri
510 2352 575 2372 usus
589 2352 681 2378 causa,
698 2352 761 2380 ergo
782 2345 991 2373 instrumentum

205 2397 248 2418 est
263 2395 361 2418 nostrae
376 2391 534 2422 creationis,
549 2398 601 2417 non
618 2398 651 2418 ex
667 2391 757 2426 seipse
770 2391 830 2418 talis
845 2392 990 2425 exsistens,

206 2436 253 2464 sed
276 2437 309 2463 ita
326 2435 413 2464 Iactus
434 2440 544 2471 propter
569 2444 628 2465 nos.
657 2435 890 2470 Quemadmodum
913 2438 994 2472 igitur

205 2487 317 2509 vocatur
330 2482 462 2516 potentia,
479 2486 589 2516 propter
607 2489 638 2509 ea
651 2482 749 2517 quibus
764 2483 884 2516 potentia
900 2483 989 2517 datur,

205 2532 234 2554 et
257 2527 400 2561 sapientia,
425 2532 535 2561 propter
559 2533 589 2553 ea
610 2527 706 2562 quibus
723 2527 857 2562 sapientia
882 2528 991 2556 confer-

207 2579 250 2601 tur
272 2583 279 2601 :
300 2573 338 2600 ita
363 2572 443 2599 etiam
470 2572 540 2600 Illius
564 2574 720 2607 vocabitur,
741 2578 850 2609 propter
870 2581 917 2602 eos
944 2574 990 2609 qui

205 2619 274 2646 .tlunt
288 2618 334 2645 lilii
350 2628 356 2645 :
379 2618 501 2653 nihilque
516 2618 569 2646 erit
592 2621 700 2655 proprie
715 2628 764 2655 per
779 2628 819 2654 se,
838 2620 885 2648 sed
900 2621 990 2648 omnia

205 2666 263 2692 haec
283 2668 392 2699 propter
408 2671 468 2692 nos.
492 2663 550 2698 Quo
567 2670 645 2700 pacto
662 2665 744 2701 igitur
768 2666 903 2694 constabit
925 2666 990 2694 illud

205 2709 276 2745 quod
297 2710 324 2737 itt
345 2709 459 2738 Psalmis
483 2711 598 2745 canitur,
621 2721 630 2738 ‹
646 2712 705 2748 Ipse
728 2712 791 2741 fecit
809 2720 867 2746 nos,
891 2717 918 2740 et
935 2720 988 2740 non

205 2756 255 2790 ipsi
277 2764 326 2784 nos
336 2756 359 2772 ¹⁰
387 2765 397 2782 ι
418 2757 442 2784 si
465 2764 512 2785 nos
533 2757 570 2784 illi
595 2765 689 2786 sumus
715 2764 840 2786 auctores
860 2762 887 2785 et
907 2765 988 2785 causa

241 2843 353 2872 “Hebr.
371 2853 406 2879 l\',
424 2846 466 2875 19..
509 2846 530 2862 ”
545 2845 620 2874 Joau.
639 2854 656 2879 ι,
673 2846 699 2873 5.

205 2885 277 2912 XCIX,
294 2879 318 2905 5.

739 2845 760 2861 ¹⁸
778 2845 785 2872 1
801 2845 862 2872 Cor.
879 2853 897 2878 I,
912 2844 957 2872 Ἡ.
1003 2844 1023 2860 ¹⁷
1039 2844 1104 2871 Iltid.

1043 2299 1151 2333 ἐγένετο
1164 2299 1224 2325 καθ’
1236 2299 1319 2334 ἡμᾶς.
1335 2300 1359 2325 εἰ
1379 2298 1416 2334 μὴ
1431 2299 1496 2330 Θεὸς
1508 2299 1686 2327 ἐϐουλεύσατο
1697 2295 1832 2336 ’δημιουρ-

1041 2345 1124 2380 γῆσαι
1150 2344 1185 2371 τὰ
1208 2344 1319 2380 γενητὰ.
1337 2344 1390 2370 Καὶ
1415 2346 1439 2370 εἰ
1456 2345 1506 2379 τῆς
1533 2345 1611 2380 ἡμῶν
1632 2346 1714 2372 ἕνεκα
1740 2347 1834 2382 χρείας

1041 2391 1129 2418 ταῦτά
1153 2392 1245 2422 ἐστιν,
1267 2391 1382 2426 ὄργανον
1403 2391 1457 2426 ἄρα
1476 2392 1526 2426 τῆς
1550 2391 1628 2427 ἡμῶν
1650 2393 1834 2428 δημιουργίας

1043 2436 1126 2469 ἐστὶν,
1144 2436 1193 2462 οὐκ
1217 2435 1246 2468 ἐξ
1266 2436 1362 2462 ἑαυτοῦ
1384 2436 1504 2468 τοιοῦτος
1527 2437 1667 2472 ὑπάρχων,
1689 2438 1749 2465 ἀλλ’
1764 2438 1833 2465 οὕτω

1044 2480 1164 2516 γεγονὼς
1188 2481 1222 2507 δι’
1236 2479 1385 2516 ὴμᾶςῖΛεΐ
1401 2480 1446 2508 οὖν
1468 2482 1562 2516 ὥσπερ
1577 2482 1699 2509 καλεῖται
1720 2484 1832 2519 δύναμις

1044 2528 1088 2555 διὰ
1110 2528 1143 2554 τὰ
1158 2527 1358 2563 δυναμούμενα,
1373 2528 1419 2555 καὶ
1444 2529 1524 2562 σοφία
1546 2528 1589 2554 διὰ
1608 2529 1642 2555 τὰ
1665 2530 1830 2564 σοφούμενα,

1043 2573 1114 2601 οὕτω
1129 2574 1176 2600 καὶ
1194 2574 1207 2599 6
1225 2573 1286 2605 Υἱδς
1300 2573 1343 2601 διὰ
1358 2573 1391 2600 τὰ
1404 2574 1606 2609 υἱοποιούμενα,
1621 2576 1667 2601 καὶ
1680 2576 1759 2602 οὐδέν
1776 2577 1830 2602 ἐστι

1043 2621 1144 2656 κυρίως
1159 2619 1192 2645 δι’
1208 2619 1313 2650 ἑαυτὸν.
1328 2619 1415 2646 πάντα
1429 2619 1456 2646 δὲ
1469 2620 1554 2647 ταῦτα
1567 2620 1600 2647 δι’
1611 2622 1694 2656 ἡμᾶς.
1714 2622 1777 2654 Πῶς
1788 2620 1831 2648 οὖν

1044 2666 1197 2701 σωθήσεται
1210 2666 1240 2692 τὸ
1260 2667 1289 2692 ὲν
1304 2666 1427 2701 Ψαλμοῖς
1439 2666 1567 2702 ᾀδόμενον
1577 2675 1584 2681 ·
1600 2677 1608 2692 ι
1623 2667 1710 2699 Αὐτὸς
1722 2668 1831 2702 ἐποίησε

1042 2711 1126 2746 ἡμᾶς,
1144 2711 1190 2737 καὶ
1202 2710 1250 2745 οὐχ
1265 2711 1354 2746 ἡμεῖς,
1370 2720 1378 2737 ι
1394 2711 1473 2747 εἴπερ
1491 2713 1573 2746 ἡμεῖς
1589 2712 1663 2747 αὐτῷ
1676 2712 1831 2748 δεδώκαμεν

1041 2755 1088 2782 τοῦ
1105 2754 1175 2783 εἶναι
1190 2755 1239 2787 τὰς
1255 2755 1360 2789 αἱτίαςς
1374 2756 1403 2783 Εἰ
1421 2757 1474 2792 γὰρ
1489 2758 1534 2784 καὶ
1551 2757 1631 2789 αὐτὸς
1649 2758 1772 2792 φαίνοιτο
1785 2759 1831 2793 τῆς

1721 2845 1744 2862 '°
1760 2845 1829 2874 Psal.

1157 2843 1177 2859 η
1191 2843 1247 2871 Jocl
1261 2851 1290 2878 tt,
1393 2844 1500 2871 'B'Psal.
1513 2852 1624 2878 cvrvttt,
1648 2845 1676 2872 2.
