1904 3026
77 161 118 189 stu
507 190 511 193 _
757 157 875 184 TllESAl

933 157 974 185 JS.

1641 159 1694 188 502

78 220 203 255 ποιήσεως
222 219 307 254 ἡμῶν
323 219 480 257 αὐτουργὸς,
494 220 550 247 ἀλλ’
562 221 641 256 ἡμεῖς
659 219 733 255 αὑτῷ
747 220 862 254 γεγόνα‹

933 220 1081 248 xsisteudi?
1101 219 1157 246 Etsr
1185 219 1256 246 enim
1277 219 1399 247 videatur
1428 219 1573 247 crcationis
1595 225 1696 248 nostra:

79 272 123 300 μεν
144 263 189 290 τοῦ
211 260 286 290 εἶναι
302 263 340 291 τὰ
354 264 509 300 σπέρματα,
526 265 573 291 καὶ
591 263 635 291 διὰ
655 264 705 299 τὴν
725 263 862 299 ἡμετέραν

79 309 162 345 χρείαν
183 309 315 345 ἐκτίσθη,
330 309 392 337 καθ’
409 310 597 345 ὑμᾶς.”Ὠσπερ
610 310 704 345 ἀμέλει
720 309 767 335 καὶ
786 309 801 335 ὁ
820 309 864 334 οὺ-

80 355 159 391 ρανὸς,
175 355 218 382 ἵνα
237 355 366 391 καλύπτῃ
392 356 454 387 τοὺς
479 356 525 382 ἐπὶ
550 356 612 391 γῆς,
629 355 675 382 καὶ
693 356 707 381 ὁ
723 355 798 390 ἥλιος
821 354 864 381 ἵνα.

80 400 153 436 φαίνῃ
167 402 222 431 τοῖς
236 401 332 434 φωτὸς
345 401 481 432 δεομένοις
492 408 499 415 ⁸
517 401 562 427 καὶ
579 402 596 436 ἡ
611 401 647 435 γῆ
661 400 688 426 δὲ
702 400 803 435 ὁμοίως
821 399 864 426 ἵνα

79 445 155 481 τρέφῃ
169 445 203 472 τὰ
215 446 327 481 τροφῆς
340 446 465 481 δεόμενα.
480 447 534 473 Καὶ
556 447 585 473 τὺ
608 446 733 481 περιττὸν
745 445 821 473 οὐδὲν
835 447 864 473 ὲν

66 503 69 506 -
81 491 130 526 Υἱῴ
144 492 189 518 καὶ
203 492 368 527 κτίσμασιν,
383 493 409 519 et
425 502 455 527 γε
474 494 522 520 καὶ
534 494 615 525 αὐτὸς
629 493 666 525 ὼς
683 494 775 520 ἐκεῖνα
787 493 864 525 τάξιν

80 537 129 574 ἔχει
146 538 192 573 τὴν
206 538 384 575 ὑπουργικήν
394 548 401 556 ·
418 539 502 574 φεῦγε
517 539 564 566 τοῦ
578 540 657 574 λόγου
671 539 721 576 τὴν
737 539 863 566 ἀτοπίαν.

294 688 399 719 ΑΛΛΟ,
418 687 452 714 ἐκ
471 687 530 714 τῶν
547 688 654 715 αὐτῶν.

117 741 271 776 ὐμολογεῖς
301 743 349 769 καὶ
372 743 457 776 ἄκων,
473 727 604 779 αἱρετικὲ,
620 744 669 780 τὴν
685 744 803 779 ἔμφυτον
818 745 865 771 τοῦ

84 787 142 814 Θεοῦ
155 788 250 822 σοφίαν
272 789 322 814 καὶ
343 788 468 824 δύναμιν,
486 790 624 826 ἀγενήτως
640 791 804 825 ἐνυπάρχειν
821 791 867 817 αὺ-

84 834 129 869 τῷ·
145 835 205 861 ὃταν
226 832 275 861 οὖν
302 835 423 871 ἀκούσῃς
437 835 567 871 ἀγένητον
580 836 625 863 τὸν
643 836 715 868 Υίὸν,
733 836 769 871 μὴ
786 836 867 862 πάλιν

913 273 974 294 esse
994 266 1096 301 opifex,
1114 273 1164 293 nos
1180 270 1270 292 tamen
1294 273 1386 293 sumus
1406 272 1486 293 causa
1509 271 1536 292 et
1549 266 1627 300 quasi
1652 273 1697 293 se-

913 312 986 339 mina
1003 311 1092 347 ipsius
1102 310 1278 343 exsisteutiaz,
1298 316 1326 338 et
1340 311 1367 338 in
1385 314 1507 338 nostrum
1525 319 1603 338 usum
1620 318 1697 338 crea-

915 363 956 385 tus
973 361 1026 390 est,
1046 363 1076 385 ut
1090 365 1137 385 vos
1151 358 1244 385 vultis.
1260 356 1494 390 Quemadmodum
1509 357 1624 384 fortasse
1643 363 1700 384 co:-

915 403 968 430 lum
984 408 1014 430 ut
1027 408 1099 439 tegat
1117 411 1163 432 eos
1176 404 1222 439 qui
1238 403 1264 430 in
1281 404 1361 431 terris
1374 408 1447 436 sunt,
1464 408 1491 430 et
1509 403 1547 430 sol
1568 408 1597 430 ut
1610 403 1699 429 lucent

915 449 949 476 iis
966 450 1011 484 qui
1033 449 1134 477 lumine
1158 454 1249 485 egent,
1273 454 1300 477 et
1318 453 1389 476 terra
1410 455 1439 477 ut
1464 449 1564 476 nutriat
1585 457 1615 476 ea
1639 456 1699 484 quae

917 495 1082 523 nutrimento
1098 495 1230 531 indigent.
1248 496 1336 530 Atque
1353 496 1390 523 ita
1403 496 1469 523 nihil
1485 496 1599 530 amplius
1613 495 1639 523 in
1656 495 1700 522 Fi-

916 540 962 573 lio,
984 547 1065 575 quam
1089 541 1115 567 in
1135 541 1286 574 creaturis;
1311 541 1443 576 siquidem
1466 546 1492 568 et
1509 541 1566 575 ipse
1589 541 1700 575 perinde

917 590 996 621 atque
1018 585 1069 613 illa:
1093 587 1264 614 ministrandi
1283 595 1381 614 munus
1403 587 1482 626 habet
1497 597 1503 613 :
1516 588 1586 622 quod
1604 587 1629 613 in
1647 587 1703 621 pti-

917 633 969 661 mis
982 633 1127 660 absurdum
1144 638 1194 660 est.

1170 691 1283 723 ALIUD,
1298 700 1330 718 ex
1344 692 1445 718 iisdem.

954 749 1061 777 Fateris
1076 749 1155 776 etiam
1170 749 1281 782 invitus,
1297 749 1434 781 hteretice,
1456 750 1575 776 innatant
1594 750 1639 776 Dei
1656 757 1700 776 sa-

919 795 1050 831 pientiam
1065 803 1096 822 ac
1109 794 1257 830 potentiam
1275 794 1421 822 increntam
1439 794 1464 820 in
1480 795 1536 828 ipso
1548 794 1679 822 exsistere
1695 805 1700 820 ε

920 849 980 869 cum
1007 841 1090 876 igitur
1107 841 1203 868 audies
1223 840 1370 875 ingenitum
1391 847 1451 867 esse
1465 839 1574 872 Filium,
1589 848 1622 866 ne
1643 848 1701 866 rur-

85 880 154 915 λέγε”
169 880 218 907 Δύο
232 879 280 908 οὖν
298 881 427 917 ἀγένητα.
443 882 530 918 Αὐτὴν
543 882 571 908 δὲ
587 882 689 917 ταύτην
700 882 748 918 τὴν
760 883 789 908 ἐν
809 883 868 918 Θεῷ

935 895 979 915 um
1008 887 1101 914 dicas:
1120 886 1176 913 Duo
1199 886 1281 921 igitur
1299 890 1362 913 sunt
1378 885 1506 920 ingenita.
1529 884 1604 912 Hanc
1631 885 1703 911 enim

87 927 171 962 σοφίαν
184 928 231 954 καὶ
245 927 365 961 δύναμιν
383 929 521 963 ἀγενήτως
533 937 562 954 τε
579 929 625 955 καὶ
644 929 764 964 ἁχρόνως
780 929 868 965 ὑπάρ-

86 981 176 1008 χουσαν
190 973 361 1009 πιστεύομεν
374 972 443 1018 εἶναι
454 974 499 1000 τὸν
510 974 585 1006 Υίδν,
596 974 625 1011 ἃς
636 975 682 1000 καὶ
695 974 783 1000 πάντα
797 975 870 1010 δεδη-

89 1018 239 1055 μιούργηκε,
249 1019 301 1046 καὶ
311 1020 343 1046 δι’
357 1021 431 1055 ἡμᾶς
442 1020 537 1054 γέγονε
554 1019 632 1054 σὰρξ,
644 1020 713 1046 κατὰ
723 1021 773 1056 τὴν
782 1020 870 1047 Ἰωάν-

87 1074 126 1093 νου
140 1066 242 1102 φωνήν.

90 1123 179 1155 MAO,
200 1123 241 1156 ὡς
259 1123 299 1150 ἐν
316 1123 489 1158 ἐρωτήσεως
508 1124 649 1159 σχήματι,
660 1124 872 1157 ἀποδεικτικὴν

363 1159 436 1193 ἕχον
455 1159 595 1195 δύναμιν,

119 1214 189 1241 Διατί
208 1214 243 1241 τὰ
270 1215 362 1242 πάντα
382 1217 395 1242 ὁ
417 1216 685 1252 Πατὴρ-ἐργάζεται
708 1217 742 1243 δι’
757 1217 871 1251 Υἰοῧςῆ

89 1261 150 1288 διατί
173 1261 254 1288 πάλιν
271 1263 303 1287 ὲν
326 1261 365 1297 τῷ
386 1262 456 1297 ἁγίῳ
473 1262 639 1297 βαπτίσματι
653 1263 700 1289 καὶ
719 1264 733 1289 ὁ
750 1262 814 1294 Υἱὸς
835 1262 873 1297 τῷ

90 1307 168 1342 Πατρὶ
191 1307 488 1342 συγκατονομάζεταις
514 1308 589 1335 Διατί
604 1308 632 1334 δὲ
652 1309 767 1343 γενητῆς
785 1307 874 1343 ὑπάρ-

91 1362 137 1387 χων
147 1353 264 1388 φύσεως,
285 1353 346 1380 καθ’
363 1354 446 1388 ὑμᾶς,
460 1354 669 1389 συναριθμεῖται
682 1353 721 1388 τῷ
733 1353 873 1385 mtuam;

91 1399 131 1431 Τίς
151 1400 178 1426 δὲ
201 1400 286 1435 χρεία
305 1400 352 1426 τοῦ
367 1400 552 1435 πεποιημένου
575 1401 615 1431 εἰς
634 1400 684 1435 τὴν
697 1400 750 1426 τῶν
767 1399 875 1426 πάντων

90 1445 219 1472 τελείωσιν
236 1446 288 1472 καὶ
307 1446 460 1480 ἀγιασμόν;
486 1445 548 1477 Πῶς
560 1445 588 1472 δὲ
607 1445 702 1480 βοηθὸν
719 1445 800 1472 αὑτὸν
816 1446 876 1471 ὲπι-

92 1490 256 1526 καλιν3μεθα;
279 1491 377 1518 Καίτοι
401 1491 486 1518 πολλὰ
510 1491 558 1526 μὲν
575 1491 621 1518 καὶ
642 1491 723 1526 ἕτερα
739 1491 876 1526 κτίσματι

92 1536 212 1568 γεγονότα
232 1535 372 1570 φαίνεται,
389 1536 456 1564 ἀλλὰ
472 1537 574 1563 τούτων
590 1537 665 1563 οὐδὲν
688 1538 728 1568 εἰς
748 1537 798 1571 τὴν
823 1536 876 1563 τῶν

93 1565 351 1616 εἰρημένιιιιίχρείαν
365 1565 608 1616 λκαραλαμῧάνεται
619 1590 626 1596 ·
649 1565 728 1617 μόνοξ
744 1565 800 1608 63's
815 1581 876 1613 Υἱὸς
891 1565 914 1596 C

94 1628 131 1654 ἀεὶ
146 1628 330 1663 συνυπάρχων
346 1627 386 1662 τῷ
401 1627 496 1663 Πατρί.
515 1629 593 1654 Ποῖον
613 1627 668 1663 γὰρ
681 1627 736 1663 ἔχει
752 1627 839 1662 λόγον,
855 1628 878 1654 εἰ

96 1672 127 1709 μὴ
142 1673 205 1704 Θεὸς
217 1674 340 1710 ὑπάρχοι
356 1675 402 1700 καὶ
420 1673 511 1706 αὐτὸς,
530 1674 568 1706 εἰς
585 1674 695 1708 κτίστην
709 1674 757 1700 καὶ
778 1673 879 1708 κτίσμα

95 1721 137 1755 τὴν
161 1721 251 1747 πίστιν
278 1720 480 1755 κυρήττεσθαι;
502 1720 577 1746 Διατί
601 1720 629 1746 δὲ
655 1719 701 1746 καὶ
716 1719 880 1754 δημιουργὸς

95 1766 262 1800 ὀνομάζεται,
279 1766 304 1792 εἱ
323 1765 360 1800 μὴ
374 1765 452 1792 τοῦτό
465 1767 522 1792 ἐστι
540 1765 610 1792 κατὰ
626 1765 706 1800 φύσιν
721 1765 789 1800 ὅπερ
807 1765 853 1791 καὶ
868 1766 880 1791 ὁ

96 1812 198 1846 Πατήρ;
212 1812 272 1838 Καὶ
289 1812 342 1847 μὴν
361 1811 441 1843 αὐτὸς
461 1811 561 1846 ἔφησεν
578 1812 592 1837 ὁ
606 1811 684 1842 Υἱός·
707 1821 714 1836 ι
731 1811 822 1837 Πάντα
832 1811 882 1837 ὅσα

97 1858 146 1892 ἔχει
159 1859 172 1884 ὁ
190 1858 299 1892 Πατὴρ,
317 1857 371 1892 ὲμά
386 1858 456 1883 ἐστι.
475 1857 566 1892 »Ἔχει
579 1857 606 1883 δὲ
621 1858 634 1882 ό
647 1857 742 1892 Πατὴρ
755 1856 785 1883 τὸ
801 1856 881 1882 δύνα-

98 1902 153 1930 σθαι
165 1903 353 1938 δημιουργεῖν,
366 1903 445 1929 τοῦτο
461 1903 507 1929 καὶ
521 1904 550 1929 ὲν
563 1902 619 1938 Υἱῷ
632 1902 757 1934 σώζεται.
767 1903 882 1938 Ὁμοίως

98 1949 126 1976 τὺ
137 1950 273 1983 ἁγιάζειν,
293 1949 324 1976 τὸ
338 1949 445 1981 σώζειν,
461 1949 509 1976 καὶ
529 1949 578 1976 ὅσα
594 1950 692 1984 πρέπει
712 1950 780 1984 Θεῷ,
793 1950 882 1976 πάντα

99 1995 128 2021 δι’
141 1996 214 2023 Tia}.
229 1995 350 2022 Σύνεστι
365 1995 420 2030 γὰρ
437 1995 480 2021 ἀεὶ
497 1994 537 2030 τῷ
554 1996 651 2030 Πατρὶ,
668 1995 707 2026 ὡς
721 1995 759 2030 τῷ
773 1995 842 2029 φωτὶ
853 1995 883 2021 τὸ

99 2040 276 2077 ἀπαύγασμα.
299 2041 365 2073 Θεὸς
381 2042 434 2077 ἄρα
453 2041 527 2072 Υἱὸς,
543 2042 573 2067 οὐ
593 2041 785 2076 πεποιημένος,
798 2042 882 2068 καθά-

101 2094 147 2122 περ
173 2088 274 2114 ἐκεῖνοι
302 2079 462 2122 ᾁευδόμενοι
484 2086 619 2120 λέγουσιν,
639 2087 696 2113 ἀλλ’
711 2088 742 2112 ἐκ
764 2088 812 2122 τῆς
837 2086 883 2112 τοῦ

101 2133 198 2168 Πατρὸς
213 2134 311 2165 οὐσίας
326 2133 465 2168 προελοὼν
480 2134 589 2168 γνήσιον
603 2132 734 2168 γέννημα.

350 2195 529 2238 ΛΟΓΟΣ
566 2193 639 2236 ΙΖ’.

103 2271 161 2300 ὀτι
179 2274 238 2300 τῶν
253 2274 430 2308 προσόντων
454 2273 493 2306 τῷ
524 2273 588 2306 Υἱῷ,
610 2273 700 2300 οὐδὲν
726 2273 764 2307 τῇ
785 2273 881 2300 κτίσει

134 2310 278 2342 πρόσεστι
306 2308 450 2343 φυσικῶς·
480 2308 579 2335 πάντα
600 2308 633 2335 δὲ
657 2309 691 2335 ἐκ
711 2309 843 2343 μετοχῆς
862 2308 880 2341 ἢ

133 2344 194 2378 καθ’
209 2344 353 2378 ὁμοίωσιν
374 2343 432 2377 τὴν
458 2344 534 2377 πρὸς
550 2343 604 2369 τὸν
619 2343 741 2369 διδόντα
755 2343 848 2378 saepe?
867 2345 883 2369 ό

132 2377 165 2404 δὲ
178 2378 244 2411 Υἱὸς
258 2381 314 2412 οὐχ
330 2378 432 2410 οὕτως.
455 2379 560 2412 Διόπερ
579 2378 679 2411 ἕτερος
695 2379 762 2411 παρ’
774 2377 880 2411 αὐτήν.

133 2413 165 2439 Ei
180 2413 324 2445 δὲτοῦτο,
334 2414 390 2441 οὐκ
402 2413 459 2447 ἄρα
469 2414 581 2446 κτίσμα
592 2413 688 2440 ἐστίν.

320 2477 480 2512 Ἀπολογία
497 2477 663 2510 αὐτολεξεί.

135 2533 164 2559 Εἰ
177 2533 252 2560 πᾶσα
267 2534 284 2568 ἡ
311 2533 399 2564 κτίσις
413 2533 442 2559 ὲν
469 2533 566 2569 ἀγνοίᾳ
586 2533 738 2568 καθέστηκε
764 2535 797 2568 τῇ
820 2534 884 2569 περὶ

102 2577 144 2604 τὸν
163 2577 290 2614 Πατέρα,
314 2577 401 2610 οὐδεὶς
421 2577 475 2612 γὰρ
498 2575 552 2604 οἶδε
576 2578 618 2609 τίς
640 2578 713 2604 ἔστιν
737 2579 751 2604 ὸ
769 2578 882 2614 Πατὴρ,

104 2621 151 2649 οἶδε
163 2623 191 2650 δὲ
207 2624 287 2660 μόνος
304 2624 318 2649 ὁ
330 2623 403 2656 Υἱὸς,
418 2624 467 2650 οὐκ
480 2624 533 2659 ἄρα
550 2624 653 2659 κτίσμα
663 2625 802 2659 τυγχάνει.

440 2680 541 2707 ΛΔΛΟ.

136 2734 165 2760 El
182 2735 264 2770 μηδὲν
280 2735 336 2761 τῶν
354 2736 502 2769 γεγονότων
526 2736 585 2764 ἐστὶ
601 2736 679 2770 φύσει
699 2736 775 2769 Θεὸς,
804 2737 885 2772 φύσει

104 2778 127 2804 δὲ
140 2780 202 2812 θεὸς
220 2782 234 2807 ὁ
250 2780 324 2813 Υἱὸς,
340 2781 390 2808 οὐκ
406 2781 458 2816 ἄρα
486 2781 540 2807 τῶν
566 2783 714 2817 γεγονότων
736 2783 819 2810 ἐστίν.
832 2782 886 2810 ἾΙν

137 2868 154 2882 “
171 2867 249 2896 Joan.
266 2876 285 2903 t,
301 2869 342 2896 Η.
383 2870 404 2885 ’³
421 2869 494 2897 Juau.
516 2878 569 2903 xvi,
589 2870 628 2897 lii.

922 934 1006 969 ipsam
1025 933 1051 960 in
1073 933 1126 960 Deo
1146 931 1307 967 sapientiam
1331 936 1358 959 et
1372 931 1519 966 potentiam
1544 931 1704 961 increatam,

921 984 1002 1015 atque
1028 979 1062 1006 ab
1089 984 1191 1006 aeterno
1216 978 1267 1013 ipsi
1294 978 1496 1005 inexsistenlcm
1520 977 1618 1004 Filium
1646 984 1705 1004 esse

922 1025 1067 1058 credimus,
1082 1024 1127 1059 qui
1143 1024 1233 1054 omnia
1255 1024 1368 1056 crearit,
1388 1027 1415 1050 et
1429 1027 1538 1058 propter
1556 1030 1616 1055 nos,
1630 1022 1705 1057 juxta

922 1070 1033 1098 Joannis
1043 1077 1137 1098 vocem
1149 1071 1182 1103 “,
1199 1070 1286 1113 factus
1303 1075 1345 1097 est
1357 1078 1429 1097 caro.

922 1126 1038 1159 ALIUD,
1062 1134 1108 1160 per
1129 1125 1370 1160 interrogationem,
1395 1124 1630 1151 demonstrationis
1656 1124 1707 1150 vim

1266 1160 1373 1187 habens.

960 1219 1139 1252 Quamobrem
1162 1217 1241 1244 Pater
1263 1217 1352 1243 omnia
1376 1223 1424 1250 per
1446 1215 1542 1242 Filium
1566 1215 1709 1250 operatur?

925 1270 971 1291 aut
989 1272 1073 1299 quare
1095 1264 1121 1290 in
1146 1268 1240 1291 sancto
1261 1263 1423 1297 baptismate
1442 1263 1521 1289 ctiam
1547 1261 1630 1289 Filius
1649 1269 1709 1288 cum

925 1309 1006 1337 Patre
1031 1309 1205 1336 nominatur?
1229 1308 1286 1342 Qua
1312 1309 1345 1336 de
1367 1315 1449 1334 causa
1472 1307 1565 1338 ctiam,
1590 1314 1651 1334 cum
1677 1307 1709 1333 sit

926 1359 1024 1382 creata:
1048 1359 1166 1386 naturrc,
1189 1358 1219 1381 ut
1241 1361 1289 1381 vos
1316 1353 1476 1388 opinamini,
1502 1356 1713 1379 connumeratur

927 1400 1065 1429 creatori?
1087 1400 1152 1433 Quae.
1178 1407 1242 1428 vero
1267 1399 1415 1427 necessitas
1441 1403 1500 1426 erat
1523 1402 1654 1426 creatura:
1680 1398 1713 1425 ad

926 1447 1047 1474 omnium
1063 1445 1254 1480 perfectionem
1275 1450 1302 1473 et
1317 1445 1580 1473 sanctiﬁcationem?
1598 1446 1651 1472 Aut
1665 1452 1713 1472 cur

928 1492 1117 1520 auxiliatorem
1152 1497 1274 1519 nostrum
1308 1491 1484 1519 invocamus?
1512 1491 1594 1525 Atqui
1625 1490 1714 1518 multa:

929 1539 1010 1565 etiam
1024 1538 1082 1566 alia:
1097 1543 1230 1566 creaturae
1243 1537 1322 1565 factae
1334 1542 1482 1572 apparent:
1495 1537 1576 1572 179
1586 1537 1632 1565 sed
1644 1537 1713 1563 nulla

930 1585 1025 1612 harum
1040 1585 1074 1611 ad
1089 1584 1232 1618 prazdictos
1246 1591 1312 1612 usus
1330 1584 1562 1616 accommodatur,
1583 1583 1629 1610 sed
1642 1583 1714 1610 solus

930 1628 1016 1656 Filius
1030 1635 1136 1663 semper
1146 1629 1314 1655 coexsistcns
1327 1628 1412 1655 Patri.
1430 1627 1559 1661 Qumnam
1574 1627 1649 1662 igitur
1670 1635 1714 1653 ra-

932 1673 969 1701 tio
985 1678 1037 1707 cst,
1050 1674 1073 1700 si
1091 1673 1148 1707 ipse
1163 1680 1217 1700 non
1233 1673 1268 1700 sit
1285 1673 1365 1704 Deus,
1386 1672 1412 1699 in
1429 1677 1580 1699 creatorem
1596 1676 1622 1698 et
1637 1677 1713 1698 crea—

932 1724 1018 1746 turam
1036 1718 1164 1745 credere?
1180 1718 1234 1745 Aut
1253 1725 1336 1753 quare
1355 1722 1462 1744 creator
1482 1722 1605 1749 vocatur,
1622 1724 1643 1744 ει
1658 1723 1712 1744 non

932 1770 973 1792 est
983 1769 1079 1791 natura
1094 1764 1118 1791 id
1133 1763 1203 1798 quod
1216 1763 1312 1790 Pater?
1325 1763 1356 1790 At
1374 1771 1437 1790 vero
1453 1763 1536 1790 Filius
1552 1763 1590 1789 ait
1603 1772 1609 1790 :
1624 1771 1633 1788 ι
1650 1762 1715 1789 0m-

933 1811 976 1838 nia
999 1817 1058 1844 quae
1081 1810 1163 1837 habet
1186 1809 1265 1836 Pater
1291 1817 1349 1836 mea
1377 1809 1506 1836 sunt".r
1528 1807 1606 1834 Pater
1628 1813 1716 1834 autem

933 1855 1014 1883 habet
1031 1855 1186 1882 facultatem
1203 1854 1324 1886 creandi,
1341 1854 1421 1881 habet
1437 1860 1502 1888 ergo
1517 1857 1543 1879 et
1560 1852 1653 1880 Filius.
1674 1851 1718 1878 Si-

933 1901 1035 1928 militer
1046 1906 1073 1927 et
1084 1900 1263 1931 sanctiﬁcarc,
1276 1904 1303 1926 et
1317 1906 1436 1931 servare,
1449 1904 1475 1925 et
1487 1905 1653 1933 qumcunque
1665 1897 1719 1924 Deo

934 1947 1111 1978 conveniunt,
1132 1946 1222 1973 omnia
1239 1952 1287 1980 per
1306 1944 1416 1971 Filium.
1444 1944 1558 1977 Semper
1577 1944 1649 1970 enim
1665 1951 1717 1969 una

935 2001 994 2020 cum
1020 1993 1099 2020 l’atre
1123 1992 1239 2024 exsistit,
1263 1990 1487 2025 quemadmodum
1512 1989 1640 2023 splendor
1657 1996 1718 2015 cum

935 2039 1048 2066 lumine.
1073 2038 1142 2065 Deus
1167 2029 1258 2071 itaque
1275 2041 1316 2063 est
1339 2035 1433 2066 Filius,
1459 2042 1510 2061 non
1531 2034 1629 2066 lactus,
1650 2034 1718 2061 sicut

936 2085 973 2112 illi
989 2084 1149 2111 mentientes
1166 2087 1300 2114 asserunt,
1317 2081 1363 2108 sed
1384 2080 1542 2107 naturaliter
1557 2087 1589 2106 ex
1603 2080 1719 2106 essentia

937 2131 1023 2158 l‘atris
1042 2129 1166 2164 genimcn
1184 2128 1343 2164 procedens.

1083 2193 1370 2238 ASSERTIO
1406 2195 1564 2240 XVII.-

938 2271 1014 2304 ριιοιί
1035 2278 1124 2297 eorum
1147 2277 1204 2304 qua:
1222 2268 1293 2296 Filio
1315 2269 1414 2301 insunt,
1438 2268 1503 2295 nihil
1520 2268 1658 2304 creaturis
1672 2275 1721 2293 na-

973 2305 1096 2332 turaliter
1111 2302 1186 2336 insit.
1208 2305 1253 2330 sed
1276 2312 1305 2330 ea
1320 2313 1365 2338 per
1379 2304 1605 2337 participationem
1620 2302 1658 2328 vel
1679 2311 1718 2338 se-

973 2341 1088 2367 cundum
1109 2339 1308 2365 similitudinem
1320 2336 1383 2373 ejus
1396 2339 1440 2372 qui
1463 2339 1507 2364 dat
1527 2339 1638 2363 Ιιηὺιιαηι
1652 2344 1660 2363 ;
1676 2336 1722 2362 ("i-

972 2375 1024 2402 lius
1039 2379 1127 2401 autem
1146 2382 1196 2401 non
1213 2374 1258 2399 ita.
1280 2373 1363 2407 Atque
1375 2374 1474 2399 idcirco
1489 2373 1521 2398 ab
1540 2374 1571 2398 iis
1591 2373 1720 2398 diversus.

973 2410 1049 2442 Quod
1066 2417 1125 2436 cum
1137 2409 1175 2436 ita
1191 2409 1236 2440 sit,
1252 2407 1352 2434 Filium
1371 2412 1520 2434 creaturam
1537 2415 1588 2433 non
1601 2414 1667 2433 esse.

1045 2476 1169 2510 Defensio
1183 2474 1293 2508 simplex
1311 2483 1343 2501 ea:
1354 2475 1426 2508 puris
1443 2473 1613 2508 syllogismis.

975 2533 1003 2560 Si
1021 2533 1109 2560 oumis
1133 2537 1255 2559 creatura
1273 2531 1417 2558 constituta
1443 2535 1482 2557 est
1509 2530 1534 2556 in
1553 2530 1723 2564 ignoratione

938 2580 1036 2611 Patris,
1056 2587 1135 2607 nemo
1156 2579 1226 2606 cnim
1245 2579 1317 2605 novit
1336 2577 1396 2612 quis
1416 2577 1450 2604 sil
1475 2576 1564 2608 Pater,
1589 2577 1661 2604 novit
1677 2585 1723 2603 au-

941 2631 992 2653 tcm
1012 2625 1085 2653 solus
1100 2625 1202 2652 Filius:
1218 2633 1270 2652 non
1289 2630 1329 2652 est
1346 2631 1409 2657 ergo
1424 2629 1563 2650 creatura.

1275 2681 1388 2708 ALIUD.

978 2737 1006 2764 Si
1021 2737 1087 2764 nihil
1103 2744 1197 2764 corum
1212 2745 1271 2772 qua:
1292 2737 1362 2764 facta
1375 2741 1446 2768 sunt,
1465 2739 1506 2762 est
1530 2739 1625 2762 natura
1644 2735 1723 2766 Deus,

942 2783 1026 2811 Filius
1042 2787 1132 2810 autem
1146 2787 1188 2810 est
1202 2787 1295 2810 natura
1315 2783 1383 2811 Dcus
1399 2792 1404 2809 ς
1421 2790 1474 2809 non
1490 2786 1531 2808 cst
1548 2781 1627 2815 igitur
1642 2787 1673 2807 ex
1692 2780 1724 2806 iis
