1904 3026
177 152 229 181 503

671 144 698 172 S.
719 141 856 171 CYRILLI
875 140 1110 169 ALEXANDRINI
1130 141 1290 169 ARCHIEP.

1749 136 1809 166 30$

179 216 238 243 quat
253 207 323 235 facta
342 209 414 233 sunt.
431 203 511 238 Atqui
531 203 553 230 si
582 201 694 230 ridicula
715 201 763 228 fuit
784 201 857 236 prior
870 204 961 227 nostra

1032 200 1124 236 ’ἡμῶν
1139 200 1339 234 καταγέλαστος
1355 200 1370 225 ὁ
1395 199 1526 235 πρότερος
1547 197 1613 232 βίος,
1634 197 1675 223 ὅτι
1691 196 1730 232 μὴ
1744 193 1808 223 οὖσι

180 254 245 285 vita,
270 251 341 286 quod
365 250 417 277 diis
435 249 480 283 qui
501 251 596 274 natura
623 254 675 274 non
699 249 817 278 exstant,
839 244 964 272 servieri-

180 306 256 331 mus;
281 302 355 324 certe
375 302 445 323 nunc
459 293 544 321 multo
563 293 716 319 miseriores
734 290 838 318 censeri
853 290 966 319 debere-

181 352 248 377 mus,
265 343 335 378 quod
349 349 410 369 eum
425 340 470 375 qui
493 343 587 366 natura
610 338 677 364 deus
688 345 740 365 uon
754 337 800 370 sit,
819 336 940 364 colamus
956 346 962 364 :

179 390 251 425 quod
267 388 413 416 absurdum
427 390 476 413 est.

512 441 625 469 ALIUD.

214 505 242 532 Si
257 503 327 536 quod
341 502 439 528 factum
459 505 510 531 est,
529 499 665 526 diversum
682 503 723 526 cst
739 497 850 525 omnino
867 501 963 524 natura

179 552 212 579 ab
231 558 263 578 eo
277 549 347 584 quod
371 547 469 573 factum
495 553 547 572 non
570 549 621 577 est,
647 552 698 571 non
715 549 803 579 potest
825 543 966 578 mqualiter

179 596 251 624 illius
262 593 352 629 gloria:
373 591 508 626 particeps
524 597 594 618 esse.
615 600 623 615 1
639 590 759 617 Gloriam
778 590 848 616 enim
866 596 964 622 meum,

179 641 276 675 inquit,
292 638 368 666 alteri
390 644 442 664 non
464 637 533 664 dabo
544 636 577 662 ¹³.
595 645 604 661 ι
624 636 651 663 Si
667 643 730 663 vero
751 636 889 670 :uqualiter
905 643 966 669 par—

179 687 264 721 ticeps
280 689 322 712 est
337 683 421 711 Filius
437 682 549 709 veniens
563 682 590 709 in
608 682 693 717 gloria
717 681 806 708 Patris
822 690 829 708 :
846 689 899 708 non
924 685 966 708 est

178 733 257 767 igitur
270 735 406 762 creatura,
420 730 465 764 qui
482 729 595 756 increati
611 728 725 763 gloriam
742 727 852 755 indutus
871 731 920 755 cst.

464 783 680 820 lsoauuu

213 843 305 871 Sacrae
332 841 481 877 Scriptura!
499 840 595 868 Filium
620 847 712 867 verum
736 840 819 866 Deum
844 845 964 867 vocant:

1016 248 1096 282 φύσει
1116 248 1187 279 θεοῖς
1201 246 1408 281 ἑδουλεύσαμεν,
1423 244 1514 280 πολλῷ
1541 244 1640 279 μᾶλλον
1657 242 1705 269 νῦν
1720 243 1809 276 ἐσμεν

1015 292 1185 328 ἀθλιώτεροι,
1199 291 1238 326 τῷ
1254 291 1291 326 μὴ
1304 290 1383 325 φύσει
1408 290 1462 325 θεῷ
1486 289 1668 326 προσάγοντες
1691 287 1742 321 τὴν
1759 286 1809 312 λαο

1015 339 1118 376 τρείαν·
1137 339 1221 374 φεῦγε
1237 339 1266 365 τὸ
1279 339 1387 366 ἄτοπον.

1356 441 1457 468 AAAO.

1051 501 1082 527 Εὶ
1095 501 1148 527 πᾶν
1162 500 1192 526 τὸ
1202 499 1314 535 γενητὸν
1329 499 1423 534 ἔτερόν
1438 499 1495 524 ἐστι
1511 497 1600 533 πάντη
1609 497 1656 524 τοῦ
1670 496 1808 531 ἀγενήτου

1016 547 1086 574 κατὰ
1097 547 1146 582 τὴν
1164 546 1255 581 φύσιν,
1270 547 1300 572 οὐ
1311 546 1423 572 δύναται
1435 544 1483 580 τῆς
1500 544 1606 571 ἐκείνου
1618 544 1697 578 δόξης
1713 543 1808 578 ἰσομέ-

1015 602 1087 629 τρως
1104 594 1252 620 κοινωνεῖν.
1270 602 1278 617 ι
1293 592 1347 627 Τὴν
1361 592 1415 626 γὰρ
1430 590 1508 623 δόξαν
1531 599 1592 626 μου,
1611 591 1692 625 φησιν
1707 589 1808 622 ὁΘεὺς,

1016 639 1101 674 ἑτέρῳ
1115 639 1146 664 οὺ
1161 637 1248 665 δώσω.
1266 648 1274 663 ι
1298 638 1328 664 Εἰ
1343 638 1371 664 δὲ
1397 638 1520 663 κοινωνεῖ
1535 637 1549 662 ὁ
1566 636 1630 667 Υἱὸς
1658 635 1809 670 ἐρχόμενος

1015 684 1045 710 ἐν
1060 685 1092 719 τῇ
1112 683 1174 718 δόξῃ
1188 682 1236 709 τοῦ
1252 682 1367 719 Πατρὸς,
1385 683 1435 708 οὑκ
1451 682 1504 717 ἄρα
1521 681 1628 716 κτίσμα-
1645 682 1720 707 ἐστὶν
1733 681 1747 706 ὁ
1761 680 1810 714 τὴν

1016 729 1062 756 τοῦ
1078 729 1206 756 ἀκτίστου
1218 728 1505 764 δόξαντὴμφιεσμένος.

1362 786 1463 812 ΑΛΛΟ.

1052 843 1118 870 Θεὸν
1128 843 1255 878 ἀληθινὸν
1277 841 1461 869 ἀποκαλοῦσιν
1486 842 1513 868 αἱ
1539 841 1609 868 Οεῖαι
1635 838 1744 875 Γραφαὶ
1765 838 1810 864 τὸν

181 896 262 926 atque
286 889 323 917 ita
348 889 495 916 credimus.
518 887 546 915 Si
563 894 627 914 vero
642 887 770 921 quidquid
792 886 891 913 factum
913 891 963 919 est,

1032 889 1092 922 Ἴον,
1107 889 1152 915 καὶ
1167 889 1238 915 οὕτω
1255 888 1430 923 πιστεύομεν.
1444 888 1474 914 Εἰ
1489 887 1518 914 δὲ
1534 888 1586 913 πᾶν
1609 886 1639 912 τὸ
1658 884 1810 919 γενόμενον

179 944 273 964 recens
285 940 326 963 est
342 939 466 970 respectu
479 933 609 966 increali;
624 940 711 967 neque
725 941 772 968 par
786 939 827 960 est
842 938 871 959 nt
884 933 965 959 Deum

179 986 318 1011 recentem
343 989 374 1008 ac
404 988 502 1008 novum
521 979 662 1006 colamus:
680 986 732 1005 non
759 982 800 1006 est
822 978 903 1012 igitur
922 978 967 1005 Fi—

179 1029 231 1056 lius
249 1029 318 1055 Deus
333 1034 437 1059 recens,
463 1025 564 1060 quippe
580 1024 626 1060 qui
649 1029 690 1052 est
711 1025 738 1052 id
757 1024 828 1060 quod
845 1028 966 1052 creatqu

179 1083 232 1102 non
249 1078 301 1102 est.

510 1127 630 1167 suum

215 1188 244 1216 Si
260 1187 331 1223 quod
350 1190 470 1214 creatum
493 1190 546 1217 est,
562 1185 698 1213 diversum
713 1184 792 1219 plane
814 1189 856 1212 est
871 1185 905 1213 ab
926 1185 966 1212 in-

178 1237 281 1264 creato,
303 1231 410 1259 adorari
440 1237 493 1258 non
517 1230 608 1258 debet.
634 1229 729 1256 Divino
747 1230 818 1257 enim
832 1236 965 1266 prmeepto

180 1280 230 1306 huc
245 1278 358 1305 vetitum
382 1281 433 1304 est.
457 1276 486 1303 Si
507 1283 570 1303 vero
584 1275 682 1303 Filium
695 1275 820 1310 jubemnr
840 1277 964 1310 adorare,

180 1331 232 1351 uon
249 1327 338 1350 autem
357 1322 439 1350 alium
459 1322 548 1354 deum,
565 1321 611 1356 qui
627 1321 663 1349 sit
678 1327 785 1350 creatus
803 1331 809 1350 :
828 1322 965 1351 increatus

179 1369 261 1405 igitur
275 1374 315 1397 est
327 1368 422 1396 Filius.

511 1422 629 1452 ALIUD.

213 1480 241 1509 Si
257 1480 386 1516 quidquid
401 1479 503 1507 factum
525 1484 577 1512 est,
604 1486 710 1507 servum
734 1485 776 1508 est
792 1481 861 1516 ejus,
878 1489 892 1508 a
913 1489 967 1517 quo

178 1527 280 1555 factum
297 1531 340 1554 est
353 1535 361 1554 :
375 1526 543 1561 impossibile
559 1526 641 1561 igitur
658 1526 695 1553 illi
709 1531 749 1554 est
762 1527 914 1554 libertatem
926 1528 965 1554 al-

180 1573 229 1601 teri
244 1571 370 1600 couferre
385 1579 465 1606 quant
484 1579 537 1599 non
558 1571 648 1599 habet.
665 1571 695 1599 Si
712 1577 801 1600 autem
821 1580 879 1600 eam
900 1581 964 1601 con-

181 1619 232 1646 fert
244 1618 340 1649 Filius,
354 1624 448 1645 servus
461 1617 553 1652 itaque
571 1624 624 1644 nou
641 1622 693 1651 est,
711 1618 757 1644 sed
772 1618 859 1652 potius
875 1618 966 1646 Domi-

181 1672 232 1692 nus
244 1671 270 1692 et
284 1665 364 1691 Deus.

514 1720 627 1748 ALIUD.

215 1776 244 1804 Si
260 1776 348 1804 omnis
364 1780 489 1804 creatura
515 1776 565 1804 sub
585 1781 680 1803 natura
694 1776 847 1804 consistens
864 1781 966 1805 natura
993 1791 1000 1795 -

180 1821 229 1855 illi,
244 1822 294 1849 sub
309 1830 360 1856 qua
378 1828 420 1850 est
444 1826 471 1849 et
487 1821 557 1849 facta
577 1825 630 1855 est,
646 1822 742 1855 servit,
769 1823 855 1850 deitas
875 1828 964 1850 autem

181 1867 263 1895 libera
284 1871 334 1900 est.
354 1868 482 1902 omnique
498 1867 614 1895 naturali
639 1868 803 1896 necessitate
820 1869 963 1903 superior:

180 1912 352 1940 manifestum
380 1918 421 1940 cst
447 1913 530 1941 Deum
550 1921 602 1941 non
627 1914 729 1942 servire
758 1918 870 1942 naturtc.
898 1915 964 1942 Cum

178 1965 241 1986 vero
255 1958 340 1987 Filius
363 1959 399 1986 sit
421 1960 503 1992 Dens,
529 1965 603 1986 certe
627 1964 730 1987 natum
749 1960 887 1995 subjectus
912 1969 965 1989 non

175 2003 238 2036 erit,
259 2003 330 2038 quod
354 2004 490 2030 creaturis
511 2004 648 2038 proprium
671 2009 722 2032 est.
745 2006 780 2031 At
797 2004 842 2039 qui
865 2012 965 2041 cogna-

176 2048 250 2076 tione
264 2049 380 2076 naturali
403 2056 417 2075 a
436 2052 562 2076 creatura
584 2047 684 2081 ditl‘ert,
699 2055 752 2082 quo
767 2053 846 2082 pacto
861 2057 914 2076 non
930 2049 965 2077 sit

177 2092 291 2120 diversa:
307 2092 340 2119 ab
358 2100 389 2119 ea
407 2092 528 2120 uatum?

510 2156 624 2185 ALIUD.

215 2214 243 2242 Si
260 2214 331 2241 nulla
349 2218 475 2241 creatura
496 2213 657 2241 naturaliter
671 2213 848 2249 perfectoque
861 2214 916 2243 Deo
932 2222 963 2243 ac

178 2259 251 2287 Patri
270 2259 366 2286 similis
381 2264 433 2290 cst,
451 2259 549 2286 similis
564 2264 653 2287 autem
670 2264 712 2288 est
727 2259 822 2293 Filius,
846 2262 913 2289 adeo
935 2267 964 2289 ut

177 2305 223 2339 qui
251 2312 312 2331 eum
337 2303 437 2335 videat,
465 2303 573 2331 Patrem
602 2305 715 2332 videat:
737 2313 790 2332 non
814 2312 856 2334 est
885 2307 965 2342 igitur

177 2354 314 2380 creatura,
332 2349 378 2382 qui
399 2349 546 2382 perfectam
564 2350 768 2386 absolutamque
785 2350 871 2380 Patris
888 2353 963 2380 simi-

180 2395 318 2423 litudinem
333 2398 430 2428 gestat.

511 2452 627 2481 ALIUD.

212 2510 242 2540 Si
266 2512 360 2536 omnes
382 2512 513 2536 creatum
541 2509 597 2537 Deo
622 2511 761 2544 serviunt,
789 2519 843 2540 nou
870 2517 960 2539 autem

176 2560 241 2586 sunt
260 2554 374 2584 domina:
396 2554 497 2590 gloriae,
521 2555 604 2584 Filius
620 2564 683 2586 vero
695 2565 746 2585 non
767 2558 814 2591 ita,
835 2559 881 2586 sed
907 2559 959 2586 De-

175 2603 265 2631 tuinus
279 2600 371 2637 gloria
382 2601 422 2629 ’δι
439 2609 491 2630 non
510 2607 550 2631 est
569 2603 650 2639 igitur
668 2608 803 2632 creatura.

506 2659 622 2688 ALIUD.

207 2713 238 2743 Si
250 2713 379 2750 quidquid
392 2723 424 2743 ex
439 2716 522 2744 nihilo
538 2717 570 2743 ad
587 2723 648 2745 esse
665 2718 818 2745 traductum
835 2723 885 2751 est,
901 2719 956 2746 [icri

173 2763 262 2796 potest
279 2765 307 2788 ut
322 2760 417 2789 iterum
435 2763 462 2790 iu
477 2763 590 2791 nihilum
607 2763 755 2799 redigatur,
783 2765 838 2793 hoc
851 2773 916 2794 vero
931 2767 958 2795 in

206 2849 232 2867 ⁸⁸
247 2849 298 2878 in.
312 2857 377 2886 XL",
395 2853 420 2881 3.
458 2853 482 2870 “
503 2852 586 2882 lCor.
601 2860 631 2884 n.
645 2853 671 2880 8.

1018 935 1174 971 πρόσφατόν
1190 936 1264 962 ἐστιν
1278 935 1314 967 ὡς
1326 935 1394 970 πρὸς
1423 934 1452 960 τὸ
1467 935 1607 969 ἀγένητον·
1625 933 1674 968 οὺχ
1689 932 1764 958 ὅσιον
1781 929 1810 956 δὲ

1017 979 1086 1008 εἶναι
1103 981 1169 1008 Θεὸν
1180 981 1337 1017 πρόσφατον
1352 982 1380 1008 ἐν
1392 981 1469 1016 ἡμῖν,
1492 980 1542 1006 οὑκ
1565 979 1641 1007 ἐσται
1661 978 1716 1014 ἄρα
1741 976 1809 1007 Θεὸς

1016 1028 1172 1063 πρόσφατος
1187 1027 1202 1053 ὀ
1213 1027 1285 1060 Υἱὸς,
1301 1027 1369 1062 ὅπερ
1384 1026 1441 1053 ἐστὶ
1460 1025 1490 1052 τὸ
1511 1024 1650 1059 ἀγένητον.

1359 1130 1461 1157 ΑΛΛΟ.

1051 1187 1083 1214 El
1095 1187 1124 1214 τὺ
1144 1187 1256 1221 γενητὸν
1273 1185 1388 1213 καθόλου
1404 1185 1497 1220 ἕτερον
1511 1184 1569 1211 ἐστι
1593 1183 1639 1210 τοῦ
1653 1183 1787 1218 ἀγενήτου
1801 1203 1809 1214 ,

1016 1233 1046 1260 οὐ
1065 1233 1106 1260 δεῖ
1119 1233 1194 1268 αὐτῷ
1209 1233 1382 1269 προσκυνεῖν.
1407 1232 1591 1267 Ἀπηγόρευσε
1611 1230 1666 1265 γὰρ
1686 1228 1766 1255 τοῦτο
1781 1229 1811 1254 τὸ

1016 1281 1088 1308 θεῖον
1105 1279 1204 1314 λόγιον.
1227 1279 1258 1306 Εἰ
1274 1279 1302 1305 δὲ
1329 1279 1368 1313 τῷ
1392 1278 1448 1313 Υἱῷ
1475 1276 1703 1313 προστασσόμεοα
1724 1283 1808 1310 προσ-

1017 1325 1117 1358 κυνεῖν,
1132 1324 1182 1350 οὺκ
1196 1323 1236 1350 ἔτι
1249 1323 1277 1350 δὲ
1293 1324 1340 1350 καὶ
1357 1322 1442 1359 ἑτέρῳ
1457 1322 1525 1358 Θεῷ,
1554 1323 1623 1356 ὅπερ
1638 1321 1698 1347 ἐστὶ
1716 1320 1747 1347 τὺ
1761 1328 1808 1354 γε-

1016 1370 1103 1406 νητόν·
1116 1371 1145 1397 οὐ
1160 1369 1272 1406 γενητὸς
1285 1369 1338 1405 ἄρα
1353 1370 1366 1396 ὸ
1380 1369 1453 1401 Υἱός.

1359 1427 1462 1453 ΔΛΛΟ.

1052 1487 1083 1514 Ei
1099 1487 1153 1514 πᾶν
1165 1486 1195 1512 τὸ
1206 1485 1352 1520 γενόμενον
1364 1484 1457 1511 δοῦλόν
1472 1484 1528 1510 ἐστι
1547 1482 1594 1509 τοῦ
1610 1482 1808 1516 πεποιηκότος,

1018 1534 1156 1564 ἀδυνάτως
1169 1532 1222 1568 ἄρα
1244 1531 1299 1567 ἔχει
1318 1531 1404 1566 ἑτέρῳ
1429 1530 1478 1565 τὴν
1506 1529 1662 1564 ἐλευθερίαν
1683 1528 1809 1563 ὀρέγειν,

1017 1575 1050 1613 ἧς
1064 1579 1131 1604 αὐτὸ
1150 1578 1199 1604 οὐκ
1214 1577 1317 1612 ἔτυχεν.
1348 1577 1378 1603 Εἰ
1391 1576 1419 1603 δὲ
1446 1575 1561 1611 παρέχει
1575 1577 1589 1602 ὁ
1605 1575 1679 1608 Υἱὸς,
1691 1575 1744 1610 οὐχ
1772 1574 1809 1605 ὡς

1017 1624 1108 1656 δοῦλος
1121 1623 1252 1659 δηλονότι,
1264 1623 1364 1658 Κύριος
1376 1622 1404 1649 δὲ
1417 1622 1517 1658 μᾶλλον
1532 1622 1579 1649 καὶ
1595 1622 1671 1653 Θεός.

1367 1721 1470 1748 ΑΛΛΟ.

1051 1779 1170 1807 Eluas-:1.
1185 1780 1201 1815 ἡ
1219 1778 1307 1810 κτίσις
1333 1778 1386 1805 ὑπὸ
1413 1778 1495 1813 φύσιν
1507 1775 1575 1805 οὖσα
1594 1780 1627 1814 τῇ
1645 1778 1726 1813 φύσει
1747 1779 1808 1807 δου-

1015 1826 1088 1853 λεύει
1107 1825 1152 1860 ὑφ’
1169 1825 1203 1861 ἢν
1215 1825 1261 1851 καὶ
1275 1824 1432 1860 πεποίηται,
1463 1824 1605 1860 ἐλεύθερον
1623 1825 1652 1852 δὲ
1667 1825 1759 1861 πάντη
1778 1826 1808 1852 τὸ

1015 1871 1086 1898 θεῖον
1101 1870 1148 1897 καὶ
1165 1870 1286 1905 κρεῖττον
1301 1868 1423 1904 ἀνάγκης
1450 1870 1578 1904 φυσικῆς,
1609 1869 1688 1904 δῆλον
1715 1869 1753 1902 ὡς
1777 1870 1806 1896 οὐ

1015 1915 1174 1942 δεδούλωται
1191 1914 1270 1948 φύσει
1289 1913 1365 1944 Θεός.
1387 1913 1463 1940 Ἐπεὶ
1489 1914 1517 1940 δὲ
1543 1913 1608 1945 Θεὸς
1629 1915 1643 1940 ὁ
1665 1914 1741 1948 Υἱὸς,
1759 1915 1807 1942 οὐκ

1016 1960 1093 1987 ἔσται
1106 1960 1160 1996 ἄρα
1169 1959 1222 1986 ὑπὸ
1236 1959 1329 1994 φύσιν.
1344 1960 1413 1995 ὅπερ
1426 1959 1481 1986 τῶν
1503 1960 1653 1994 γεγονότων
1671 1960 1747 1986 ἐστὶν
1769 1962 1806 1987 οἰ-

1015 2008 1100 2034 κεῖον.
1122 2007 1151 2033 Ὀ
1165 2006 1194 2033 δὲ
1204 2007 1253 2042 τῆς
1264 2005 1331 2042 πρὸς
1343 2005 1391 2040 τὴν
1410 2006 1496 2033 κτίσιν
1512 2006 1671 2042 ὁμογενείας
1684 2007 1804 2041 φυσικῶς

1015 2051 1219 2086 ἀπῳκισμένος,
1242 2050 1301 2082 πῶς
1317 2051 1368 2078 οὐκ
1390 2051 1425 2078 ἂν
1456 2051 1500 2087 εῑη
1517 2051 1584 2088 παρ’
1598 2051 1683 2087 αὐτὴν
1711 2052 1804 2087 ἑτερο-

1015 2098 1087 2133 φυής
1097 2105 1127 2124 τε
1140 2097 1186 2124 καὶ
1201 2096 1274 2130 ξένος
1286 2105 1293 2130 ;

1359 2166 1462 2193 ΑΛΛΟ.

1051 2221 1083 2247 Et
1095 2221 1178 2256 μηδὲν
1191 2221 1247 2248 τῶν
1263 2221 1291 2249 ὲν
1310 2223 1343 2257 τῇ
1360 2222 1448 2249 κτίσει
1468 2221 1590 2256 φυσικῶς
1610 2223 1801 2258 ἀπηκρίϐωται

1015 2267 1084 2304 πρὸς
1102 2268 1150 2304 τὴν
1162 2268 1207 2296 τοῦ
1220 2269 1288 2296 Θεοῦ
1305 2269 1352 2296 καὶ
1363 2269 1470 2305 [ἰατρὸς
1489 2269 1647 2304 ὁμοιότητα,
1671 2270 1764 2305 ὅμοιος
1777 2271 1803 2296 δὲ

1015 2315 1029 2342 ὸ
1046 2314 1120 2347 Υἱὸς,
1135 2315 1172 2346 ὡς
1187 2315 1232 2341 τὸν
1247 2315 1353 2350 ὁρῶντα
1368 2315 1459 2348 αὐτὸν,
1474 2314 1519 2341 τὸν
1539 2315 1649 2350 Πατέρα
1662 2316 1740 2350 ὁρᾷν,
1756 2316 1802 2342 οὐκ

1015 2361 1069 2396 ἄρα
1084 2360 1187 2396 κτίσμα
1208 2361 1222 2387 ὁ
1249 2361 1297 2396 τὴν
1320 2361 1424 2387 ἐκείνου
1457 2360 1696 2397 ἀπηκριϐωμένως
1713 2362 1802 2397 φέρων

1013 2407 1168 2442 ὁμοιότητα.

1358 2463 1460 2490 ΑΛΛΟ.

1048 2518 1081 2545 Et
1096 2518 1183 2545 πάντα
1197 2518 1230 2545 τὰ
1241 2518 1378 2554 κτίσματα
1391 2518 1471 2545 δοῦλα
1481 2518 1528 2546 τοῦ
1544 2519 1623 2551 Θεοῦ,
1642 2519 1739 2546 ἀλλὀὐ
1754 2520 1802 2547 κύ-

1015 2573 1059 2600 ρια
1074 2565 1123 2600 τῆς
1135 2565 1222 2600 δόξης,
1239 2566 1330 2592 οὐκέτι
1344 2565 1372 2591 δὲ
1385 2567 1399 2592 ό
1415 2566 1488 2598 Υἱός·
1507 2568 1557 2602 τῆς
1575 2567 1629 2602 γὰρ
1645 2567 1725 2603 δρξης
1747 2567 1801 2594 Κύ-

1013 2617 1078 2644 ριος·
1097 2610 1146 2636 οὑκ
1162 2609 1216 2645 ἄρα
1231 2610 1332 2645 κτίσμα
1347 2611 1487 2646 τυγχάνει.

1352 2667 1454 2693 ΛΑΛΟ.

1047 2722 1078 2748 Εἰ
1095 2722 1149 2748 πᾶν
1162 2722 1192 2749 τὸ
1203 2723 1234 2749 ἐκ
1245 2722 1291 2749 τοῦ
1303 2723 1341 2758 μὴ
1355 2723 1432 2755 ὄντος
1445 2724 1484 2755 εἰς
1493 2723 1524 2750 τὸ
1539 2721 1607 2752 εἶναι
1622 2725 1799 2761 παρενεχθὲν,

1011 2764 1088 2800 αὖθις
1100 2768 1234 2803 ἐνδέχεται
1253 2770 1300 2796 καὶ
1314 2769 1353 2801 εἰς
1364 2770 1394 2796 τὺ
1408 2769 1445 2805 μὴ
1470 2769 1500 2797 ὃν
1514 2771 1648 2806 χωρῆσαι,
1672 2772 1722 2798 οὐκ
1744 2771 1799 2798 ἔστι
