1904 3026
100 157 151 186 305

794 166 1013 195 THESAURUS.

1674 167 1725 196 506

100 217 125 243 δὲ
138 216 216 244 τοῦτο
230 218 412 254 ἐνδεχόμενον
439 220 486 247 ἐπὶ
507 220 554 248 τοῦ
586 221 662 252 Υὶοῦ,
683 222 762 258 εἴπερ
789 222 896 257 ἀληθῶς

955 222 1044 250 Filium
1062 223 1160 250 cadere
1178 229 1230 249 non
1245 225 1343 257 potest,
1360 222 1492 257 siquidem
1507 229 1571 249 vere
1586 227 1626 249 est
1638 222 1724 251 Deus:

101 263 155 289 ἐστι
173 263 252 296 Θεὸς,
268 265 321 291 οὐκ
335 265 390 301 ἄρα
405 266 436 292 ἐκ
456 266 502 292 τοῦ
519 266 556 301 μὴ
569 267 643 299 ὄντος
668 268 681 294 6
703 267 777 301 Υἱὸς,
794 267 850 295 ἀλλ’
861 269 892 299 ἐξ(

102 308 145 335 τοῦ
163 309 250 342 ὄντως
262 310 373 346 Πατρὸς
384 312 505 347 γενητός.

445 368 547 394 ΔΛΛο.

138 421 168 449 Εἰ
185 423 345 467 κτισμᾲτων
358 424 423 452 ἴδιον
438 425 470 451 τὸ
483 425 612 452 δύνασθαι
639 425 818 461 ἁμαρτάνειν,
844 426 894 452 οὐκ

104 468 141 494 ἔτι
156 468 183 495 δὲ
196 469 244 496 καὶ
257 469 305 496 τοῦ
322 469 403 503 Υἰοῦ,
417 471 466 498 οὐκ
481 470 535 506 ἄρα
549 472 653 507 κτίσμα
667 471 806 507 τυγχάνει.

448 527 551 554 AAAU.

137 580 169 606 Εἰ
181 581 265 615 μηδὲν
294 582 349 608 τῶν
372 583 522 617 γεγονότων
552 585 692 621 ἀνεδείχθη
714 586 779 612 ποτὲ
807 587 838 613 ὲκ
858 586 895 622 μὴ

101 624 186 651 ὅντων
203 626 299 653 ποιοῦν
312 627 419 660 οὐσίας⁷
438 630 510 655 ποιεῖ
531 629 560 656 δὲ
579 631 592 656 ὁ
610 630 683 663 Υἱὸς,
700 630 758 662 πῶς
772 631 826 658 τῶν
849 639 896 666 γε-

102 671 221 704 γονότων
238 673 313 699 ἐστίν
323 681 330 705 ;

458 731 560 760 AAAO.

140 784 171 810 El.
188 785 244 811 πᾶν
260 785 291 812 τὸ
303 787 416 822 γενητὸν
427 788 519 823 ὅμοιον
532 788 570 820 ὡς
586 789 655 823 πρὸς
673 789 752 816 ἑαυτὸ
767 789 837 816 κατὰ
849 789 895 816 τὸν

103 829 152 856 τοῦ
171 831 339 866 πεποιῆσθαι
355 832 443 867 λόγον,
470 835 516 861 καὶ
544 835 620 862 οὐδὲν
641 835 748 867 οὐδενὸς
772 836 895 871 διαφέρει

104 875 172 902 καθὸ
189 877 301 911 γέγονεν
315 878 440 907 ἕκαστον·
457 880 513 907 ἔστι
532 881 560 907 δὲ
583 881 697 917 γενητὸς
711 882 758 909 καὶ
778 883 791 908 6
813 883 893 914 Υἱὸς,

103 922 210 953 οὐδενὸς
223 923 278 959 ἄρα
290 924 366 952 ἔσται
381 926 519 962 διαφέρων
565 928 613 954 και
629 927 711 959 αὐτὸς
726 927 846 962 γέγονεν.
864 928 894 954 Εἰ

103 969 132 995 δὲ
152 969 264 996 πάντων
275 971 331 998 τῶν
348 972 470 1008 γενητῶν
484 973 556 1000 κατὰ
570 974 658 1000 πάντα
673 974 806 1010 διαφέρει,
817 974 895 1009 δῆλον

103 1014 144 1041 ὃτι
156 1015 205 1041 καὶ
220 1016 292 1043 κατὰ
306 1016 351 1043 τὸν
364 1017 413 1052 τῆς
426 1018 559 1052 γενέσεως
573 1019 673 1054 τρόπον
682 1040 689 1051 ,
705 1020 772 1054 ὅπερ
790 1019 855 1046 ἐστὶ.
865 1019 896 1046 τὸ

105 1059 293 1109 μὶγγενέσραι.
305 1062 385 1109 ρῦτω
401 1062 455 1098 γὰρ
470 1063 563 1090 διοίσει
574 1064 627 1091 τῶν
647 1064 804 1099 γεγονότων.
823 1065 853 1092 Εἰ
867 1065 896 1091 δὲ

103 1106 192 1138 τοῦτο,
208 1106 267 1138 πῶς
286 1107 316 1133 οὐ
333 1108 398 1140 Θεός
412 1117 419 1141 ;

450 1155 553 1183 ΔΛΛΟ.

138 1205 171 1232 Εἰ
187 1207 263 1234 πᾶσα
277 1208 294 1243 ἡ
307 1210 395 1241 κτίσις
409 1211 436 1237 ὲν
447 1210 609 1246 διαστήματι
633 1212 692 1247 ἦτοι
717 1213 804 1248 χρόνῳ
818 1213 897 1248 γέγο-

103 1260 158 1284 νεν,
172 1253 249 1281 οὐδὲν
264 1254 293 1281 δὲ
308 1255 411 1282 τούτων
427 1257 614 1292 προλαμϐάνει
627 1259 677 1294 τὴν
684 1258 747 1285 Υἱοῦ
757 1259 895 1294 γέννησιν,

103 1299 152 1326 αὖθι
165 1300 220 1335 ἄρα
235 1300 347 1336 γέγονεν
357 1302 449 1334 αὐτός.
461 1304 493 1329 El
506 1303 534 1331 δὲ
554 1305 775 1340 προλαμϐάνεται
784 1305 895 1339 διειστή-

105 1354 168 1380 ματι
186 1347 306 1383 χρονικῷ
321 1357 349 1375 τε
371 1350 418 1376 καὶ
433 1350 550 1386 γενητῷ,
565 1351 625 1383 πῶς
649 1353 758 1379 πάντων
775 1353 832 1378 ἐστὶ
848 1353 896 1388 δη-

105 1393 246 1428 μιουργὸς,
262 1393 428 1430 διαστήματι
452 1396 709 1433 προλαμϐανόμενος
729 1398 851 1433 γενητῷς
864 1398 896 1425 Εἰ

103 1436 126 1463 δ’
140 1438 275 1473 ἀγένητον
287 1440 330 1476 εἴη
346 1440 424 1468 τοῦτο
438 1442 469 1468 τὸ
484 1442 630 1478 διάστημα,
646 1444 808 1479 συναμιλλον
819 1445 896 1480 εὑρή-

105 1490 146 1510 σει
165 1484 232 1516 Θεὸς
245 1485 298 1521 τῆς
311 1486 408 1514 ἑαυτοῦ
419 1488 566 1524 ἀγενησίας
593 1490 624 1516 τὸ
652 1490 799 1526 διάστημα.
820 1491 851 1517 El
867 1491 895 1517 δὲ

106 1529 174 1565 μήτε
192 1531 277 1566 ῥοπὴ,
306 1532 375 1567 μήτε
389 1533 535 1570 διάστημα,
562 1535 630 1571 μήτε
649 1535 713 1563 ἄλλο
724 1536 751 1563 τί
767 1537 825 1563 ἐστι
843 1537 895 1572 πρὸ

946 275 999 294 non
1016 267 1097 303 igitur
1115 274 1148 295 ex
1164 267 1249 295 nihilo
1262 267 1351 295 factus
1374 272 1417 294 est
1441 266 1535 298 Filius,
1550 266 1596 293 sed
1613 273 1646 293 ex
1663 273 1727 293 vero

945 313 1025 341 Patre
1039 313 1156 349 genitus.

1276 370 1390 399 ALIUD.

980 425 1008 454 Si
1029 427 1166 460 proprium
1189 425 1322 453 creaturis
1347 430 1388 453 est
1408 433 1532 461 peccare,
1554 425 1614 453 Filii
1639 429 1728 453 autem

945 479 1117 508 nequaquam
1128 473 1151 488 "
1164 480 1172 500 :
1194 480 1247 500 nou
1259 473 1340 508 igitur
1349 477 1390 499 est
1404 477 1538 499 creatura.

1281 529 1394 557 ALIUD.

983 576 1011 603 Si
1028 576 1094 604 nihil
1109 583 1142 603 ex
1157 576 1190 604 iis
1205 583 1265 610 quae
1278 576 1348 603 facta
1363 579 1436 608 sunt,
1456 575 1534 610 181
1550 573 1729 602 substantiam

946 630 978 650 ex
999 622 1084 650 nihilo
1109 629 1203 650 creare
1220 622 1314 656 possit,
1339 626 1428 656 potest
1450 626 1538 649 autem
1553 621 1659 648 Filius:
1676 627 1728 654 quo

887 694 891 699 ,
947 671 1026 702 pacto
1041 674 1073 694 ex
1088 675 1181 695 eorum
1200 674 1312 694 numero
1328 667 1392 700 erit,
1406 674 1466 702 quae
1482 666 1551 694 facta
1563 666 1647 694 sunt?

1281 721 1396 749 ALIUD.

983 781 1010 808 Si
1032 780 1122 808 omnia
1150 784 1242 807 creata
1270 780 1368 807 similia
1396 779 1446 807 sibi
1471 782 1534 805 sunt
1560 778 1585 805 in
1615 785 1647 805 eo
1659 776 1729 810 qttod

947 830 1036 854 creata
1055 829 1128 856 sunt,
1141 825 1266 859 nullaque
1282 828 1404 851 creatura
1422 823 1455 850 ab
1470 822 1521 850 alia
1539 821 1627 850 differt
1637 828 1669 848 ea
1684 828 1729 847 ra-

951 873 1025 900 tione
1035 879 1086 906 qua
1100 871 1176 898 factm
1192 875 1264 902 sunt,
1287 870 1372 896 laetus
1398 873 1487 896 autem
1517 873 1559 895 est
1573 872 1600 895 et
1621 867 1705 894 Filius
1721 875 1729 892 :

947 919 971 946 in
986 918 1057 946 nulla
1074 918 1164 952 itaque
1183 924 1212 944 re
1227 916 1342 949 dilTeret,
1359 916 1421 950 quia
1437 920 1464 943 et
1476 915 1532 949 ipse
1547 914 1634 941 {actus
1642 912 1730 940 est.Si

947 972 1011 992 vero
1020 964 1053 991 ab
1061 963 1185 991 omnibus
1196 962 1293 990 creatis
1301 969 1348 996 per
1356 961 1444 988 omnia
1454 960 1541 988 dill‘ert
1551 968 1557 986 :
1566 963 1639 987 certe
1648 958 1728 986 etiam

945 1009 1127 1044 generationis
1140 1008 1228 1040 modo,
1244 1008 1370 1034 nimirum
1388 1006 1459 1041 quod
1490 1005 1576 1033 factus
1608 1011 1660 1032 non
1684 1003 1731 1030 sit.

945 1057 985 1083 lta
1001 1055 1073 1083 enim
1085 1053 1187 1082 differet
1199 1062 1213 1080 a
1225 1053 1333 1081 creatis.
1345 1053 1421 1086 Quod
1435 1052 1457 1080 si
1471 1052 1506 1079 ita
1519 1055 1559 1078 est
1574 1059 1580 1077 :
1595 1048 1730 1085 qttontodo

946 1109 1000 1130 non
1012 1102 1049 1129 sit
1061 1101 1152 1129 Deus?

1281 1146 1397 1174 ALIUD.

983 1206 1010 1234 Si
1034 1207 1124 1234 omnis
1141 1211 1266 1234 creatura
1282 1205 1307 1232 iu
1335 1204 1423 1239 spatio
1441 1203 1499 1230 sive
1513 1206 1633 1236 tempore
1662 1199 1731 1226 facta

946 1258 997 1286 est,
1017 1252 1084 1280 nihil
1097 1259 1160 1279 vero
1170 1252 1265 1278 horum
1281 1250 1341 1277 Filii
1357 1248 1559 1284 generationem
1576 1244 1732 1280 prmcessit:

947 1299 1033 1327 factus
1050 1299 1140 1332 itaque
1164 1305 1216 1324 non
1244 1301 1296 1324 est.
1329 1295 1357 1323 Si
1377 1302 1440 1322 vero
1465 1293 1540 1321 illum
1556 1291 1671 1327 spatium
1685 1289 1734 1317 ali-

946 1345 1017 1380 quod
1030 1343 1222 1378 temporarium
1235 1342 1275 1369 vel
1300 1342 1400 1369 factttm
1429 1339 1578 1374 praecessit,
1599 1335 1734 1372 quomodo

946 1393 988 1417 est
1001 1388 1120 1416 omnium
1131 1391 1247 1420 creator,
1259 1394 1338 1421 quem
1354 1385 1469 1420 spatium
1482 1388 1601 1411 creatum
1616 1387 1734 1416 prmces-

946 1434 1046 1462 sit?At
1060 1434 1082 1461 si
1095 1434 1213 1468 spatium
1244 1432 1306 1460 illud
1337 1432 1394 1460 sive
1420 1430 1525 1458 duratio
1541 1430 1660 1456 increata
1687 1426 1733 1458 sit,

946 1480 1114 1515 eritaliquod
1134 1479 1251 1514 spatium
1267 1476 1439 1506 siveduratio
1465 1476 1563 1503 divinas
1589 1473 1732 1502 aeternitati

947 1535 1004 1563 par.
1024 1528 1051 1554 Si
1067 1534 1131 1554 vero
1147 1527 1249 1554 nullum
1267 1529 1432 1553 momentum
1458 1523 1501 1551 vel
1520 1522 1636 1557 spatium
1665 1525 1734 1548 tem-

104 1575 150 1601 τοῦ
165 1576 242 1609 Υίοῦ,
261 1566 345 1605 πόθεν
361 1566 548 1616 προϋπάρχειν
562 1566 674 1616 ,λέγουσι
702 1582 749 1608 τὸν
766 1566 893 1618 Πατέρα,

955 1574 1031 1609 )οι’ὶε,
1054 1581 1140 1608 neque
1165 1572 1237 1600 aliud
1279 1572 1425 1606 quidquam
1460 1570 1557 1597 Filium
1587 1566 1735 1602 praecessit,

105 1622 182 1649 τοῦτο
201 1625 393 1661 προϋπάρχειν
416 1627 597 1663 σημαίνοντος
619 1629 668 1664 οὐχ
682 1629 894 1664 εὑρισκομένου;

447 1761 549 1790 AAAO.

139 1812 171 1839 Εί
190 1813 275 1849 μηδὲν
302 1815 358 1842 τῶν
379 1817 533 1852 γενομένων
559 1818 684 1845 λέλεκταί
701 1828 731 1846 τε
763 1820 809 1846 καὶ
822 1820 895 1848 ἔστιν

107 1857 154 1885 ἰπὶ
168 1858 278 1886 πάντων
294 1861 370 1893 Θεὸς,
388 1861 446 1889 ἐστι
458 1863 486 1889 δὲ
499 1864 546 1890 ἐπὶ
574 1864 681 1892 πάντων
703 1866 768 1897 Θεὸς
781 1867 795 1892 6
814 1867 877 1898 Υίὸς
887 1887 896 1900 ,

107 1904 156 1931 οὐκ
171 1905 226 1940 ἄρα
239 1906 296 1932 τῶν
310 1908 464 1943 γενομένων
477 1910 560 1937 ἐστίν.
587 1911 618 1937 Εἰ
630 1911 658 1938 δὲ
677 1912 743 1943 Θεὸς
759 1913 806 1939 ἐπὶ
830 1913 898 1939 πάν-

107 1958 161 1978 των
177 1951 310 1987 ὑπάρχων
322 1954 336 1979 ὁ
350 1954 423 1986 Υἱὸς,
441 1957 487 1982 καὶ
503 1957 616 1992 γενητός
640 1959 724 1990 ἐστιν,
745 1958 803 1985 ἔστι
815 1959 843 1986 δὲ
854 1960 900 1986 ἐπὶ

108 1994 217 2021 πάντων
232 1995 300 2028 Θεὸς
314 1998 361 2024 καὶ
387 1999 402 2024 6
426 1999 530 2035 Πατὴρ,
542 2002 655 2037 γενητὸς
675 2002 750 2030 ἔσται
773 2004 832 2030 κατ’
852 2004 900 2030 αὐ-

108 2040 180 2074 τοὺς,
193 2041 264 2077 ὅπερ
278 2043 375 2075 ἀσεϐὲς
387 2044 495 2073 ἐννοεῖν.

460 2148 561 2176 ΔΛΛΟ.

144 2199 176 2226 El
195 2200 280 2235 μηδὲν
291 2201 347 2229 τῶν
359 2203 514 2239 γενομένων
537 2205 572 2232 τὰ
593 2205 661 2232 αὐτὰ
685 2206 798 2235 δύναται
813 2209 901 2235 ποιεῖν

947 1618 1082 1655 quomodo
1125 1619 1201 1645 aiunt
1232 1618 1340 1645 Patrem
1381 1616 1457 1651 prius
1491 1614 1639 1646 exstitisse,
1672 1619 1734 1639 cum

949 1664 976 1691 id
1013 1662 1084 1697 quod
1121 1662 1196 1696 prius
1236 1666 1344 1690 exstare
1384 1660 1543 1695 signiticet,
1577 1666 1631 1686 non
1662 1657 1736 1684 inve-

950 1709 1040 1737 niant?

1287 1752 1392 1781 ALIUD

989 1813 1017 1840 Si
1031 1811 1098 1842 nihil
1123 1819 1216 1839 eorum
1233 1818 1294 1845 quae
1314 1810 1385 1837 faeta
1414 1813 1487 1841 sunt,
1508 1807 1608 1835 dicitur
1623 1810 1669 1834 aut
1695 1809 1738 1833 est

951 1858 1138 1886 universorum
1154 1856 1234 1888 Deus.
1263 1855 1347 1882 Filius
1364 1859 1454 1882 autem
1468 1853 1635 1882 estomnium
1649 1851 1736 1878 Deus:

951 1913 1005 1932 non
1036 1908 1078 1932 est
1109 1903 1190 1939 igitur
1218 1909 1252 1930 ex
1277 1902 1310 1929 iis
1339 1908 1399 1936 qua:
1431 1901 1500 1927 facta
1529 1903 1602 1927 sunt.
1617 1898 1645 1925 Si
1671 1904 1736 1924 vero

951 1950 1036 1977 Filius
1067 1957 1128 1977 cum
1154 1949 1190 1976 sit
1215 1947 1336 1975 omniutn
1364 1946 1447 1979 Deus,
1472 1945 1559 1974 factus
1578 1944 1660 1970 etiam
1683 1947 1734 1974 est,

952 1994 1033 2022 Pater
1071 1999 1160 2022 autem
1198 1993 1279 2021 etiam
1312 1992 1433 2019 omnium
1465 1989 1536 2017 Deus
1564 1992 1603 2016 est
1631 1997 1639 2016 ι
1664 1991 1739 2015 certe

951 2040 1002 2069 erit
1018 2040 1114 2073 factus,
1125 2039 1272 2067 secundum
1287 2037 1359 2069 illos,
1380 2036 1453 2071 quod
1477 2035 1589 2070 impium
1619 2033 1738 2068 cogitatu

951 2091 1002 2115 est.

1288 2141 1368 2169 ALIU
1374 2140 1403 2168 D.

990 2203 1018 2231 Si
1033 2202 1097 2230 nihil
1115 2208 1207 2229 eorum
1223 2206 1282 2234 quae
1299 2199 1368 2226 facta
1384 2201 1445 2225 sunt
1458 2198 1552 2225 eadem
1569 2200 1659 2231 potest
1671 2201 1739 2231 ιιι-εε-

111 2244 150 2280 τῷ
161 2245 232 2281 Θεῷ,
240 2247 329 2274 πάντα
341 2247 369 2274 δὲ
380 2248 398 2275 ἃ
409 2251 483 2276 ποιεῖ
492 2252 506 2277 6
516 2251 621 2288 Πατὴρ,
630 2253 730 2288 ὁμοίως
740 2253 787 2280 καὶ
800 2254 814 2280 ὁ
825 2254 897 2288 Υἱὸς,

955 2254 1026 2278 stare
1041 2256 1100 2284 qua:
1113 2247 1193 2280 Deus,
1218 2247 1308 2273 omnia
1339 2252 1404 2272 vero
1438 2251 1496 2278 quae
1525 2241 1736 2278 prastatPaler,

111 2290 161 2317 οὐκ
176 2291 230 2327 ἄρα
239 2291 295 2326 τῶν
309 2293 462 2329 γενομένων
474 2295 557 2323 ἐστίν.

455 2351 558 2379 ΑΛΛΟ.

145 2403 179 2431 El.
191 2404 281 2431 πάντα
297 2405 331 2432 τὰ
345 2407 447 2442 γενητὰ
468 2407 497 2441 ἐξ
512 2407 605 2443 ἐτέρου
622 2408 651 2435 τὸ
666 2407 734 2436 εἶναι
754 2409 821 2445 ἕχει,
838 2411 899 2437 πολ-

111 2448 150 2484 λῷ
167 2451 269 2486 μᾶλλον
280 2452 311 2478 τὸ
327 2452 454 2487 λέγεσθαι
480 2454 578 2487 αὐτοὺς
597 2455 684 2487 θεούς.
709 2456 740 2482 Εί
755 2456 783 2482 δὲ
802 2458 901 2492 μετοχῇ

113 2495 203 2531 ἔχουσι
218 2497 251 2523 τὸ
265 2495 335 2525 εἶναι
351 2498 406 2525 Θεοὶ
423 2498 469 2535 (οὐ
488 2499 567 2535 φύσει
581 2500 700 2537 δηλονότι
711 2502 765 2528 Osol
778 2502 811 2528 τὰ
824 2510 904 2538 γενη-

113 2541 163 2575 τὰ)
175 2561 183 2574 ,
210 2543 268 2574 τοῖς
290 2542 312 2568 δ’
331 2543 362 2570 οὐ
383 2543 462 2578 φύσει
479 2544 551 2576 θεοῖς
569 2546 732 2581 προσκυνεῖν
748 2546 902 2581 ἀπαγορευ-

113 2587 182 2614 τέον.
201 2589 233 2615 Εἰ
249 2589 278 2616 δὲ
294 2589 399 2622 τούτοις
415 2591 465 2626 μὲν
476 2591 689 2626 ἀπαγορευτέον,
702 2592 793 2619 οὐκέτι
807 2592 835 2619 δὲ
855 2592 901 2619 καὶ

115 2633 152 2668 τῷ
164 2634 240 2669 Υίῷ,
261 2636 311 2671 οὐχ
326 2635 364 2668 ὡς
386 2636 424 2671 μὴ
452 2636 530 2671 φύσει
551 2637 604 2674 ἄρα
629 2637 689 2674 Θεῷ
711 2638 779 2674 ὅπερ
796 2638 855 2664 ἐστὶ
867 2637 901 2665 τὰ

116 2682 241 2717 γεννητά.

459 2742 560 2768 ΔΛΛΟ.

151 2794 180 2820 El
195 2794 242 2821 τὸν
259 2795 293 2821 ἐκ
306 2794 345 2830 μὴ
358 2795 442 2823 ὄντων
469 2797 624 2833 ὑφιστῶντα
651 2798 742 2831 οὐσίας
768 2798 903 2835 ἐνεδέχετο

149 2873 173 2889 ¹¹
185 2873 196 2902 l
209 2874 285 2904 Pctr.
308 2881 340 2910 ιι,
353 2875 399 2902 2‘2.

953 2300 1065 2332 praestat
1076 2300 1103 2323 et
1119 2295 1203 2322 Filius
1217 2300 1224 2319 :
1241 2300 1294 2320 non
1308 2296 1351 2321 est
1363 2291 1445 2326 igitur
1457 2289 1554 2318 factus.

1289 2347 1406 2375 ALIUD.

991 2409 1018 2436 Si
1032 2414 1199 2443 quaecunque
1213 2406 1284 2434 facta
1307 2409 1368 2433 sunt
1394 2404 1427 2431 ab
1453 2402 1506 2430 alio
1520 2409 1580 2429 esse
1594 2408 1672 2429 suum
1691 2401 1738 2428 ha-

955 2456 1028 2488 bent,
1048 2453 1131 2481 mullo
1149 2453 1233 2488 magis
1257 2453 1369 2480 deorum
1391 2449 1608 2485 appellationem.
1622 2447 1649 2474 Si
1674 2454 1738 2474 vero

953 2509 1001 2537 per
1018 2499 1251 2536 participationem
1263 2502 1325 2526 sunt.
1338 2497 1483 2532 dii(neque
1511 2495 1582 2521 enim
1607 2497 1738 2520 creatura:

953 2551 1049 2575 uatttra
1083 2549 1145 2573 sunt
1162 2544 1219 2579 dii),
1238 2548 1265 2571 et
1284 2544 1329 2579 qui
1353 2547 1448 2570 natura
1468 2541 1503 2569 dii
1522 2548 1573 2568 nou
1594 2544 1667 2572 sunt,
1689 2540 1737 2566 ad-

952 2593 1024 2620 orari
1038 2591 1229 2628 prohibentur,
1240 2589 1323 2617 Filius
1339 2594 1428 2616 autem
1441 2587 1547 2615 adorari
1561 2585 1681 2620 iubetur,
1697 2589 1740 2611 ut-

954 2643 1016 2674 pote
1028 2642 1124 2666 natura
1138 2641 1218 2669 Deus,
1232 2636 1302 2671 (μιοά
1321 2639 1453 2663 creaturae
1482 2641 1535 2662 non
1552 2636 1615 2661 sunt
1631 2642 1638 2662 :
1667 2631 1738 2660 aliud

955 2684 1037 2720 igitur
1052 2687 1092 2711 est
1103 2689 1182 2718 quam
1196 2686 1330 2709 creatura.

1288 2735 1405 2764 ALIUD.

993 2797 1021 2826 Si
1038 2796 1163 2833 possibile
1174 2799 1256 2829 esset,
1273 2798 1303 2823 ut
1321 2795 1344 2824 is
1361 2794 1406 2830 qui
1419 2802 1453 2824 ex
1469 2793 1553 2822 nihilo
1575 2792 1741 2822 substantias
