1904 3026
184 154 236 182 507

689 155 717 182 S.
739 154 875 182 CYRILLI
897 154 1130 184 ALEXANDRINI
1150 158 1309 186 ARCIIIEI‘.

1752 165 1805 194 508

183 213 308 248 producit
317 213 630 249 alqueeonstituit,ﬁeret
639 214 695 241 sive
707 219 845 241 crearetur
860 213 894 240 ab
907 213 964 246 aiio1

1026 217 1067 252 ὑφ’
1083 217 1176 253 ἐτέρου
1189 219 1325 253 γενέσθαι,
1338 221 1409 247 ποιεῖ
1422 220 1448 247 δὲ
1462 221 1493 248 ὲκ
1507 221 1544 257 μὴ
1564 221 1648 260 ὄντων
1660 222 1674 248 ὅ
1692 222 1803 258 Πατὴρ,

185 260 265 288 l‘.:ter
277 267 341 288 vero
355 268 386 288 ex
400 260 484 288 nihilo
495 265 584 288 creat:
601 260 658 287 ﬁeri
670 260 758 294 itaque
767 264 866 294 potest,
878 267 910 287 ex
931 261 964 287 il-

185 306 271 334 iorum
291 306 434 339 sententia,
449 311 478 333 ut
492 311 518 334 et
532 306 610 334 Pater
629 314 661 334 ex
673 306 756 333 nihilo
767 306 823 334 ﬁat.
838 306 903 334 Αιδί
915 307 966 334 hoc

186 354 387 386 inconveniens,
408 359 488 389 atque
500 355 567 381 adeo
596 354 761 388 impossibile
784 359 835 387 est,
864 360 893 381 ιιι
919 355 965 390 qui

185 400 253 427 alias
267 405 379 427 naturas
398 405 482 433 creat,
500 400 578 435 182
599 400 633 426 ab
664 400 716 426 alia
733 405 829 427 natura
859 406 964 428 creatus

185 446 220 472 sit
238 453 245 472 :
263 446 341 481 longe
359 446 478 480 profecto
497 446 640 473 absurdius
662 450 714 478 est,
735 447 867 474 universa:
887 451 966 474 natu-

185 498 221 518 ra:
233 491 354 523 opiﬁcem
375 492 408 518 ab
421 492 471 517 alia
489 496 583 518 natura
599 496 717 518 creatum
725 499 785 519 esse
797 493 964 520 existimare.

184 535 252 562 Nam
266 535 336 569 quod
356 541 428 563 creat
438 541 557 563 creatum
567 542 649 569 esset,
668 542 694 564 et
708 537 779 572 quod
794 542 913 565 creatum
924 543 966 565 est

183 587 298 614 crearet,
321 583 343 609 si
359 582 442 610 Filius
458 590 518 610 cum
533 583 566 610 sit
582 583 680 616 factus,
692 588 720 610 ut
741 584 790 618 ipsi
806 585 963 618 opinantur,

182 626 301 658 faceret,
326 628 396 661 quod
424 632 465 655 est
492 629 738 657 absurdissimum:
757 630 889 664 siquidem
914 630 963 658 soli

181 676 284 699 natura;
301 673 397 700 divina:
419 674 560 701 tribuenda
575 679 602 701 et
619 675 794 709 relinquenda
806 680 879 708 sunt,
905 683 964 709 qua:

181 716 265 750 ipsius
280 721 345 744 sunt
357 718 463 752 propria
477 723 504 746 et
521 719 677 753 peculiaria,
705 727 819 754 quorum
838 727 919 747 unum
933 727 964 748 ac

180 763 345 796 praecipuum
360 768 411 797 est,
429 771 461 791 ex
478 765 562 792 nihilo
576 773 669 793 creare
685 773 773 801 posse.

315 827 600 874 ASSICRTIO
637 831 821 877 XVIII.

1019 263 1156 299 ἐνδέχεται
1172 264 1226 300 ἄρα
1237 265 1327 298 αὐτὸν,
1342 266 1401 292 κατ’
1416 266 1524 298 αὐτοὺς,
1535 268 1565 293 ἐκ
1578 266 1614 302 μὴ
1626 268 1710 294 ὄντων
1723 277 1803 302 γεγοο

1019 308 1102 335 νέναι.
1119 309 1150 335 El
1166 309 1194 335 δὲ
1220 310 1340 344 ἀπρεπὲς
1363 311 1409 337 καὶ
1429 311 1559 338 ἀδύνατον
1578 312 1680 347 ἑτέρων
1695 313 1804 347 φύσεων

1019 354 1183 389 δημιουργὸν
1207 356 1306 382 ἐννοεῖν
1335 356 1380 390 ὑφ’
1402 357 1499 392 ἐτέρας
1528 358 1651 384 ἐκτίσθαι
1683 358 1802 392 φύσεως,

1020 399 1190 436 ἀτοπώτερον
1203 401 1266 436 ἄρα,
1284 401 1329 427 τὸν
1347 402 1455 437 ἁπάσης
1473 403 1579 436 φύσεως
1595 403 1745 439 αὐτουργὸν
1758 404 1802 438 ὑφ’

1019 446 1112 482 ἑτέρας
1137 447 1360 482 δημιουργεῖσθαι
1384 448 1492 483 φύσεως
1522 449 1733 484 ὑπολαμϐάνειν.
1749 451 1803 477 Καὶ

1019 491 1071 527 γὰρ
1086 492 1118 519 ἂν
1129 492 1158 518 τὸ
1175 492 1267 519 ποιοῦν
1283 493 1386 527 ἐγίνετο
1415 494 1464 521 καὶ
1492 495 1523 521 τὸ
1537 495 1677 530 γινόμενον
1697 496 1782 522 ἐποίει
1794 516 1801 528 ,

1019 537 1097 572 εἴπερ
1113 538 1126 563 ὁ
1139 537 1202 569 Υἱὸς
1227 539 1368 573 γινόμενος
1388 540 1484 572 ἐποίει,
1502 540 1561 567 κατ’
1583 541 1715 572 ἐκείνους,
1735 541 1802 577 ὅπερ

1019 582 1093 609 ἐστὶν
1107 582 1296 610 ἀτοπώτατον·
1321 584 1348 610 ei
1361 593 1393 619 γε
1415 586 1482 621 μόνῃ
1508 587 1640 621 προσήκει
1660 587 1802 622 τηρεῖσθαι

1010 630 1052 671 ,τῇ
1071 627 1130 664 Θείᾳ
1148 629 1227 662 φύσει
1245 629 1279 656 τὰ
1294 630 1378 665 αὐτῆς
1393 630 1529 666 ἐξαίρετα,
1544 628 1582 658 ὧν
1606 631 1634 658 ἓν
1657 632 1704 658 καὶ
1729 632 1802 667 πρῶ-

1019 683 1064 700 τον
1078 675 1195 711 ὑπάρχει
1211 676 1240 702 τὸ
1258 676 1289 702 ὲκ
1310 676 1347 712 μὴ
1359 676 1442 705 ὄντων
1459 677 1588 704 δύνασθαι
1614 679 1802 714 δημιουργεῖν.

1253 827 1433 870 ΛΟΓΟΣ
1470 816 1557 869 ιιινέ

182 898 258 930 Quod
275 908 325 926 non
339 900 453 944 filicith
469 908 590 944 creatura
606 908 629 930 et
645 904 716 944 ﬁlias
730 913 742 944 _:
760 906 876 944 nequcin
901 906 952 933 Deo

1026 905 1083 932 Ὀτι
1095 904 1140 944 γέὴ
1166 904 1276 944 (at;th
1298 906 1409 944 θετίοςμα
1427 905 1648 944 καὶ-τένιςημα,
1667 903 1745 944 unde
1765 903 1802 944 {(5')

216 942 306 960 creare
318 940 344 975 ,ει
356 936 461 975 gignere
476 945 484 963 :
499 938 606 975 aliaque
619 936 811 975 conclusionem
825 941 964 975 inferenliu

214 977 261 1000 per
278 971 452 997 reductionem
469 973 503 998 ad
518 973 686 1006 impossibile.

288 1049 407 1083 Defensio
423 1050 532 1084 simplex
546 1058 577 1077 ea:
595 1051 671 1077 nudis
688 1053 856 1086 argumentis.

216 1105 244 1130 Si
262 1105 371 1139 gignere
387 1109 414 1132 et
426 1112 518 1132 creare
527 1105 596 1133 idem
613 1110 684 1133 esset
701 1106 726 1133 in
737 1106 800 1139 Deo,
828 1115 880 1134 non
896 1107 963 1135 fuis-

181 1154 224 1176 set
234 1150 287 1176 lata
300 1150 325 1177 in
340 1149 510 1185 Unigenitum
525 1159 574 1178 vox
591 1151 645 1183 illa,
656 1161 664 1177 ι
679 1151 727 1178 Ilic
742 1157 783 1179 est
795 1151 878 1180 Filius
888 1161 963 1182 meus

182 1197 294 1224 dilectus
310 1197 332 1212 "
347 1206 352 1223 :
370 1206 378 1222 ι
396 1204 456 1224 cum
469 1196 549 1223 etiam
564 1204 594 1224 ea
610 1204 670 1231 quze
695 1202 790 1224 natura
811 1199 960 1226 inanimata

182 1247 253 1274 sum,
271 1242 316 1270 ﬁlii
331 1242 376 1270 Dei
404 1242 468 1275 sint,
497 1242 519 1269 si
537 1243 605 1270 idem
630 1247 672 1270 est
695 1248 820 1270 creatura
844 1248 871 1271 et
889 1245 963 1280 geni-

182 1296 254 1314 ιιιιξιι.

515 1345 630 1374 ALIUD.

215 1401 254 1433 Si,
274 1401 498 1436 quemadmodum
521 1407 645 1430 creatura
678 1404 785 1438 proprie
807 1404 906 1432 dicitur
931 1405 965 1432 de

180 1448 266 1480 nobis,
283 1448 318 1475 ita
335 1449 416 1476 etiam
429 1449 563 1483 genimen,
578 1457 608 1477 ac
624 1450 735 1485 perinde
751 1452 783 1477 de
798 1451 864 1479 Filio
877 1461 884 1479 :
899 1452 965 1479 nihil

180 1494 295 1528 amplius
311 1502 390 1528 quam
403 1502 451 1522 nos
465 1495 581 1527 habebit,
597 1503 658 1522 eum
674 1496 826 1531 sitproprie
841 1502 962 1524 creatura

179 1543 206 1564 et
225 1538 358 1572 genimen.

516 1594 629 1621 ALIUD.

218 1651 246 1678 Si
259 1651 384 1686 genimen
399 1656 424 1679 et
435 1655 557 1679 creatura
573 1657 636 1680 sunt
650 1652 729 1686 idem,
747 1659 787 1681 est
805 1661 867 1682 vero
883 1655 964 1683 etiam

183 1697 300 1731 Spiritus
322 1701 439 1730 sanctus,
454 1702 483 1724 ut
498 1697 542 1725 isti
566 1698 669 1730 volunt,
681 1703 822 1726 creatura:
841 1705 913 1728 certe
939 1705 966 1728 et

183 1744 317 1777 genimen.
330 1743 358 1771 Si
372 1749 459 1771 autem
470 1748 496 1772 et
510 1744 627 1780 Spiritus
639 1750 748 1774 sanctus
764 1751 807 1774 est
827 1748 963 1781 genimen,

183 1795 208 1816 et
224 1789 306 1817 Filius
322 1790 368 1817 Dei
393 1794 434 1817 est
449 1790 582 1825 genimen,
612 1793 756 1826 omniaque
785 1797 851 1820 sunt
889 1793 966 1829 geni-

185 1835 276 1862 mina:
300 1835 433 1869 quomodo
450 1836 605 1872 unigenitus
623 1837 723 1866 dicitur
735 1838 857 1867 Filiusin
875 1839 966 1867 multis

183 1881 312 1908 fratribus
328 1881 371 1915 ’⁷2

515 1938 631 1967 ALIUD.

218 1985 246 2012 Si
263 1985 390 2020 quidquid
416 1991 540 2014 creatura
567 1985 613 2014 Dei
638 1991 690 2019 est,
710 1986 834 2021 gcnimen
861 1994 967 2022 quoque

182 2035 244 2058 est:
263 2031 329 2058 nihil
344 2039 504 2066 eorumquae
520 2031 589 2058 facta
618 2036 690 2064 sunt,
719 2033 752 2059 ab
771 2032 912 2066 adoptione
939 2034 966 2059 in

182 2076 252 2104 ﬁlios
267 2081 308 2104 est
329 2077 457 2104 alienum.
485 2077 559 2110 Quod
573 2078 594 2105 si
610 2085 703 2104 verum
714 2082 765 2110 est,
787 2078 885 2104 frustra
916 2086 965 2105 no-

183 2122 224 2148 bis
241 2122 411 2156 adoptionem
429 2123 569 2149 annuntiat
593 2122 673 2156 Deus,
698 2131 758 2150 cum
781 2128 808 2150 et
822 2123 967 2151 inanimata

182 2167 344 2194 naturaliter
382 2175 442 2194 eam
482 2168 850 2203 consequanturzsiquidem
891 2169 968 2203 quid-

182 2211 248 2246 quid
275 2216 336 2244 est,
374 2212 497 2246 genimen
533 2220 639 2248 quoque
671 2213 728 2240 sive
760 2213 829 2241 ﬁlius
859 2215 1003 2250 proprien

181 2261 232 2284 εει.

516 2304 631 2332 ALIUD.

218 2361 245 2388 Si
263 2361 385 2396 genimen
398 2366 424 2389 et
441 2365 566 2389 creatura
582 2361 652 2388 idem
665 2366 738 2395 sunt,
752 2363 822 2398 quod
842 2371 906 2392 vero
921 2371 967 2399 ge-

183 2408 268 2434 nitum
291 2415 307 2434 a
335 2407 390 2434 Deo
417 2412 468 2440 est,
496 2412 620 2435 creatura
645 2408 805 2436 naturaliter
817 2415 859 2436 est
878 2419 885 2436 :
901 2417 965 2445 ergo

182 2458 306 2480 creatura
320 2453 367 2480 Dei
384 2458 411 2480 et
421 2453 544 2480 naturale
558 2453 679 2489 genimen
697 2454 742 2482 Dei
767 2455 835 2482 idem
851 2460 923 2482 sunt.
937 2455 964 2482 Si

183 2507 246 2526 vero
258 2499 284 2527 id
296 2499 367 2534 quod
381 2504 488 2533 natura,
502 2507 554 2527 non
570 2504 660 2528 autem
674 2501 744 2536 quod
756 2501 900 2536 adoptione
919 2509 966 2537 ge-

183 2545 267 2572 nitum
291 2549 341 2577 est.
371 2545 599 2574 consubstantiale
633 2545 688 2574 Deo
714 2552 778 2575 est:
796 2555 876 2575 omne
895 2548 965 2582 quod

185 2591 264 2626 183
279 2590 379 2618 factum
398 2598 450 2625 est,
467 2596 561 2620 natura
580 2592 632 2620 tale
643 2593 794 2621 invenietur
810 2600 818 2620 :
834 2593 965 2628 siquidem

184 2641 306 2664 creatura
320 2638 443 2672 genimen
455 2646 562 2673 quoque
575 2643 669 2666 natura
685 2643 735 2672 est,
748 2644 775 2666 et
790 2647 841 2666 non
860 2640 968 2674 partici-

184 2683 300 2717 potione.

517 2728 632 2756 ALIUD.

220 2782 248 2809 Si
280 2789 400 2812 creatura
423 2785 504 2812 etiam
537 2785 662 2819 genimcn
691 2784 799 2818 proprie
830 2789 880 2818 estl
894 2790 966 2813 certe

221 2862 243 2878 "
258 2862 349 2891 Matth.
367 2872 406 2898 ιιι,
425 2864 473 2898 17;
491 2871 555 2896 xm,
574 2863 599 2891 5.
639 2864 659 2879 ³⁷
676 2862 752 2891 “om.
770 2870 828 2897 τιιι,
845 2863 890 2891 ‘29.

1053 940 1158 970 κτίζειν
1176 940 1209 966 τὸ
1229 940 1340 974 γεννᾷν
1357 939 1406 967 ἐπὶ
1425 941 1507 967 Θεοῦ·
1525 940 1573 966 καὶ
1589 940 1668 966 ἄλλα
1684 939 1733 966 διὰ
1751 939 1802 971 τῆς

1050 977 1093 1008 εἱς
1132 975 1244 1002 ἄτοπον
1282 975 1441 1010 ἀπαγωγῆς
1475 976 1583 1009 ἔχοντα
1620 975 1654 1002 τὸ
1690 974 1802 1009 συμπέ-

1046 1017 1158 1045 ριισμα.

1242 1058 1397 1092 Ἀπολογία
1415 1056 1581 1089 αὑτολεξεί.

1050 1119 1080 1145 Εἰ
1096 1119 1126 1145 τὸ
1144 1117 1266 1153 γέννημα
1277 1117 1315 1153 τῷ
1329 1117 1455 1152 κτίσματι
1480 1114 1576 1142 ταυτὸν
1590 1112 1623 1149 ἦν
1644 1112 1720 1147 παρὰ
1732 1111 1802 1147 Θεῷ,

1015 1164 1064 1190 οὐκ
1080 1164 1113 1191 ἂν
1124 1164 1170 1191 ἐπὶ
1181 1164 1225 1190 τὸν
1236 1163 1376 1198 Μονογενῆ
1387 1163 1498 1198 ἐφέρετο
1509 1161 1596 1196 φωνή·
1613 1170 1622 1185 ί
1635 1155 1720 1190 Οὗτός
1729 1159 1803 1185 ἐστιν

1015 1210 1029 1236 ὁ
1042 1209 1105 1241 Υἱός
1125 1218 1174 1243 μου
1193 1209 1207 1236 ὁ
1233 1209 1383 1244 ἀγαπητός¹
1403 1218 1412 1233 ι
1434 1208 1482 1234 at:
1509 1207 1540 1242 δὴ
1565 1205 1676 1234 καὶτῶν
1691 1205 1802 1238 ἀψύχων

1016 1255 1085 1282 κατὰ
1100 1255 1180 1289 φύσιν
1194 1254 1259 1281 υἱῶν
1274 1254 1357 1280 ὄντων
1373 1252 1452 1286 Θεοῦ,
1469 1253 1548 1287 εἴπερ
1568 1252 1598 1278 τὸ
1622 1250 1725 1285 κτίσμα
1739 1258 1803 1275 ταυ-

1016 1300 1059 1327 τὸν
1122 1301 1268 1335 γεννήματι
1286 1299 1423 1333 τυγχάνει.

1358 1356 1459 1382 ΛᾹΛΟ.

1052 1413 1082 1439 Εἰ
1096 1413 1189 1448 ὥσπερ
1201 1413 1231 1439 τὸ
1257 1412 1359 1448 κτίσμα
1382 1412 1483 1447 κυρίως
1510 1411 1618 1444 λέγεται
1645 1410 1689 1444 ἐφ’
1708 1409 1803 1444 ἡμῶν,

1016 1460 1101 1490 οὕτως
1113 1460 1158 1486 καὶ⁴
1169 1459 1198 1486 τὸ
1214 1459 1347 1494 γέννημα,
1359 1458 1489 1490 ὡσαύτως
1504 1458 1532 1484 δὲ
1548 1458 1594 1484 καὶ
1609 1457 1654 1483 ἐπὶ
1666 1457 1714 1483 τοῦ
1725 1455 1804 1486 ¹Υἱοῦ,

1016 1505 1091 1531 οὐδὲν
1105 1504 1182 1539 ἡμῶν
1207 1504 1262 1536 ἕξει
1286 1504 1366 1530 πλέον
1397 1504 1436 1535 εἰς
1464 1502 1601 1537 ὑπεροχὴν
1638 1501 1741 1536 κτίσμα
1759 1500 1806 1526 καὶ

978 1552 1000 1581 C
1017 1551 1138 1586 γέννημα
1160 1551 1261 1586 κυρίως
1285 1550 1331 1578 ὢν.

1351 1608 1454 1635 AAAO.

1051 1665 1082 1692 Εἰ
1096 1665 1125 1692 τὺ
1139 1666 1261 1700 γέννημα
1278 1665 1325 1692 καὶ
1348 1665 1379 1691 τὸ
1406 1664 1507 1699 κτίσμα
1529 1662 1627 1690 ταυτὸν
1658 1662 1804 1697 τυγχάνει,

1016 1711 1111 1738 ἔστιδὲ
1131 1711 1230 1747 κτίσμα
1242 1712 1289 1738 καὶ
1308 1710 1338 1738 τὸ
1354 1711 1466 1745 Πνεῦμα
1479 1710 1509 1736 τὸ
1520 1710 1607 1744 ἅγιον,
1623 1709 1683 1736 κατ’
1694 1709 1803 1740 αὐτοὺς,

1016 1758 1096 1793 δῆλον
1110 1758 1150 1784 ὅτι
1165 1758 1211 1784 καὶ
1224 1758 1358 1792 γέννημα.
1382 1757 1413 1783 Εἰ
1432 1756 1461 1782 δὲ
1484 1756 1530 1782 καὶ
1549 1755 1579 1781 τὸ
1607 1754 1720 1789 Πνεῦμα
1743 1754 1803 1787 γέν-

1017 1812 1102 1838 νημα,
1114 1804 1160 1829 καὶ
1171 1804 1184 1829 ὀ
1202 1803 1265 1834 Υἱὸς
1280 1802 1326 1828 τοῦ
1341 1801 1408 1828 Θεοῦ
1420 1802 1553 1836 γέννημα,
1583 1800 1631 1826 καὶ
1652 1799 1686 1826 τὰ
1717 1799 1804 1825 πάντα

1017 1850 1172 1885 γεννήματα
1184 1869 1191 1880 ,
1218 1849 1273 1880 πῶς
1301 1847 1446 1883 μονογενὴς
1463 1849 1476 1873 ὁ
1489 1847 1553 1878 Υἱὸς
1571 1847 1584 1872 ὁ
1611 1845 1680 1881 μετὰ
1699 1844 1804 1871 πολλῶν

1017 1896 1138 1931 ἀδελφῶν
1154 1895 1329 1930 εἰσαγόμενος
1340 1903 1347 1925 ;

1357 1952 1458 1978 ΑΛΛΟ.

1053 2001 1094 2032 Ei,
1109 1999 1174 2026 εἴτι
1191 1999 1292 2034 κτίσμα
1303 1998 1381 2028 Θεοῦ.
1409 1997 1487 2023 τοῦτο
1511 1995 1558 2023 καὶ
1575 1994 1705 2029 γέννημα,
1730 1990 1804 2020 οὐδὲν

1017 2046 1070 2073 τῶν
1083 2046 1233 2080 γεγονότων
1247 2045 1370 2071 λείπεται
1387 2043 1437 2079 τῆς
1461 2041 1605 2073 υἱοθεσίας.
1625 2040 1657 2067 Εἰ
1668 2040 1695 2066 δὲ
1708 2039 1785 2066 τοῦτο
1794 2060 1802 2071 ,

1019 2093 1108 2128 μάτην
1125 2093 1190 2127 ἡμῖν
1204 2091 1338 2118 υἱοθεσίαν
1363 2089 1544 2125 ἐπηγγείλατο
1558 2089 1572 2114 ὁ
1599 2087 1675 2118 Θεὸς,
1697 2086 1745 2113 are
1772 2085 1804 2120 δὴ

1018 2138 1065 2164 καὶ
1078 2138 1131 2164 τῶν
1148 2136 1259 2172 ἀψύχως
1281 2136 1396 2171 ἐχόντων
1413 2135 1491 2161 τοῦτο
1513 2133 1582 2160 κατὰ
1609 2133 1699 2167 φύσιν,
1715 2131 1802 2166 εἴπερ,

1019 2183 1044 2209 εἴ
1056 2192 1080 2209 τι
1094 2182 1204 2217 κτίσμα,
1220 2181 1299 2208 τοῦτο
1314 2181 1360 2207 καὶ
1374 2180 1496 2215 γέννημα
1512 2177 1612 2212 κυρίως
1626 2177 1710 2203 ἐστίν.

1365 2312 1467 2340 ΑΛΛΟ.

1054 2373 1084 2399 Εἰ
1100 2373 1129 2399 τὺ
1147 2372 1269 2408 γέννημα
1281 2371 1327 2398 καὶ
1341 2371 1371 2398 τὸ
1382 2370 1484 2405 κτίσμα
1493 2368 1591 2396 ταυτόν
1605 2368 1689 2398 ἐστιν,
1710 2365 1804 2392 ἔστιδὲ

1017 2420 1047 2446 τὸ
1062 2418 1206 2454 γενόμενον
1220 2418 1285 2445 Θεοῦ
1301 2417 1403 2452 κτίσμα
1412 2416 1501 2452 φύσει,
1517 2414 1618 2449 κτίσμα
1631 2412 1698 2440 Θεοῦ
1714 2412 1804 2447 δηλον-

1020 2466 1060 2491 ότι.
1085 2465 1131 2491 καὶ
1153 2463 1233 2498 φύσει
1251 2463 1372 2499 γέννημα
1391 2462 1457 2489 Θεοῦ
1475 2461 1506 2488 τὸ
1519 2460 1595 2487 αὐτό.
1614 2460 1644 2486 Εἰ
1659 2458 1688 2486 δὲ
1705 2458 1735 2484 τὸ
1756 2457 1805 2492 9'3—

1021 2520 1071 2543 σει,
1080 2510 1135 2538 ἀλλ’
1148 2510 1178 2537 οὑ
1193 2510 1266 2537 θέσει
1277 2509 1456 2544 γεννώμενον,
1467 2507 1608 2542 ὁμοούσιον
1621 2504 1659 2540 τῷ
1671 2503 1741 2538 Θεῷ,
1753 2503 1804 2529 πᾶν

1019 2557 1049 2583 τὸ
1063 2557 1205 2592 γενόμενον
1231 2556 1408 2592 εὑρεθήσεται
1428 2554 1515 2589 φύσει,
1544 2553 1622 2588 εἰπερ
1650 2550 1682 2577 τὸ
1703 2550 1804 2585 κτίσμα

1020 2602 1098 2638 φύσει
1114 2603 1159 2629 καὶ
1169 2602 1290 2637 γέννημα
1301 2601 1437 2636 τυγχάνει,
1451 2600 1496 2626 καὶ
1509 2599 1539 2625 οὐ
1554 2598 1664 2634 μετοχῇ.

1362 2728 1464 2755 ΑΛΛΟ.

1054 2786 1084 2812 ΕΞ
1098 2785 1128 2812 τὸ
1140 2785 1240 2822 κτίσμα
1251 2785 1328 2813 τοῦτο
1345 2786 1391 2812 καὶ
1406 2785 1529 2820 γέννημα
1544 2782 1645 2818 κυρίως
1655 2779 1699 2816 ἦν,
1718 2777 1804 2814 πολλῷ
