  <div class='ocr_page' id='page_1' title='image "/cluster/home/n/w/nwhite01/storage/ocr_20150623/75/njp.32101077772786/175.png"; bbox 0 0 1904 3026; ppageno 0'>
   <div class='ocr_carea' id='block_1_1' title="bbox 201 138 248 167">
    <p class='ocr_par' dir='ltr' id='par_1_1' title="bbox 201 138 248 167">
     <span class='ocr_line' id='line_1_1' title="bbox 201 138 248 167; baseline 0.043 -2"><span class='ocrx_word' id='word_1_1' title='bbox 201 138 248 167; x_wconf 77' lang='lat' dir='ltr'><strong>3H</strong></span> 
     </span>
    </p>
   </div>
   <div class='ocr_carea' id='block_1_2' title="bbox 716 142 1333 186">
    <p class='ocr_par' dir='ltr' id='par_1_2' title="bbox 716 142 1333 186">
     <span class='ocr_line' id='line_1_2' title="bbox 716 142 1333 186; baseline 0.013 -8"><span class='ocrx_word' id='word_1_2' title='bbox 716 150 745 178; x_wconf 88' lang='lat' dir='ltr'><strong>S.</strong></span> <span class='ocrx_word' id='word_1_3' title='bbox 767 151 905 180; x_wconf 73' lang='lat' dir='ltr'><strong>CYRlLLl</strong></span> <span class='ocrx_word' id='word_1_4' title='bbox 923 142 1157 183; x_wconf 78' lang='lat' dir='ltr'><strong>ALEXANDRINI</strong></span> <span class='ocrx_word' id='word_1_5' title='bbox 1175 157 1333 186; x_wconf 78' lang='lat' dir='ltr'><strong>ARCHIEP.</strong></span> 
     </span>
    </p>
   </div>
   <div class='ocr_carea' id='block_1_3' title="bbox 1773 163 1831 193">
    <p class='ocr_par' dir='ltr' id='par_1_3' title="bbox 1773 163 1831 193">
     <span class='ocr_line' id='line_1_3' title="bbox 1773 163 1831 193; baseline 0.034 -2"><span class='ocrx_word' id='word_1_6' title='bbox 1773 163 1831 193; x_wconf 62' lang='grc' dir='ltr'>διε</span> 
     </span>
    </p>
   </div>
   <div class='ocr_carea' id='block_1_4' title="bbox 203 195 968 257">
    <p class='ocr_par' dir='ltr' id='par_1_4' title="bbox 203 195 967 257">
     <span class='ocr_line' id='line_1_4' title="bbox 203 195 967 238; baseline 0.022 -17"><span class='ocrx_word' id='word_1_7' title='bbox 203 195 307 224; x_wconf 86' lang='lat' dir='ltr'><strong>ratione</strong></span> <span class='ocrx_word' id='word_1_8' title='bbox 322 203 442 233; x_wconf 76' lang='lat' dir='ltr'><strong>generat,</strong></span> <span class='ocrx_word' id='word_1_9' title='bbox 471 208 524 236; x_wconf 89' lang='lat' dir='ltr'><strong>qua</strong></span> <span class='ocrx_word' id='word_1_10' title='bbox 552 207 756 234; x_wconf 75' lang='lat' dir='ltr'><strong>creatzeadcm</strong></span> <span class='ocrx_word' id='word_1_11' title='bbox 776 209 858 236; x_wconf 89' lang='lat' dir='ltr'><strong>etiam</strong></span> <span class='ocrx_word' id='word_1_12' title='bbox 882 210 967 238; x_wconf 89' lang='lat' dir='ltr'><strong>ration</strong></span> 
     </span>
     <span class='ocr_line' id='line_1_5' title="bbox 203 246 930 257; baseline 0.001 -1"><span class='ocrx_word' id='word_1_13' title='bbox 203 249 349 257; x_wconf 46' lang='grc' dir='ltr'><strong>...Μυκη</strong></span> <span class='ocrx_word' id='word_1_14' title='bbox 370 253 417 257; x_wconf 80' lang='lat'><strong>.____</strong></span> <span class='ocrx_word' id='word_1_15' title='bbox 546 253 571 257; x_wconf 33' lang='grc' dir='ltr'><em>ν,</em></span> <span class='ocrx_word' id='word_1_16' title='bbox 603 250 610 256; x_wconf 93' lang='grc'>.</span> <span class='ocrx_word' id='word_1_17' title='bbox 642 250 647 256; x_wconf 98' lang='grc'>.</span> <span class='ocrx_word' id='word_1_18' title='bbox 751 252 757 257; x_wconf 94' lang='grc'>.</span> <span class='ocrx_word' id='word_1_19' title='bbox 816 254 822 257; x_wconf 92' lang='grc'>.</span> <span class='ocrx_word' id='word_1_20' title='bbox 925 255 930 257; x_wconf 69' lang='lat'>.</span> 
     </span>
    </p>
   </div>
   <div class='ocr_carea' id='block_1_5' title="bbox 1024 195 1831 257">
    <p class='ocr_par' dir='ltr' id='par_1_5' title="bbox 1037 212 1831 257">
     <span class='ocr_line' id='line_1_6' title="bbox 1037 212 1831 257; baseline 0.013 -18"><span class='ocrx_word' id='word_1_21' title='bbox 1037 212 1085 248; x_wconf 79' lang='grc' dir='ltr'><strong>νᾷν</strong></span> <span class='ocrx_word' id='word_1_22' title='bbox 1097 213 1127 240; x_wconf 80' lang='grc' dir='ltr'>τὸ</span> <span class='ocrx_word' id='word_1_23' title='bbox 1145 216 1231 242; x_wconf 80' lang='grc' dir='ltr'>ποιεῖν</span> <span class='ocrx_word' id='word_1_24' title='bbox 1243 235 1251 248; x_wconf 84' lang='grc'><strong>,</strong></span> <span class='ocrx_word' id='word_1_25' title='bbox 1273 216 1403 249; x_wconf 80' lang='grc' dir='ltr'><strong>ὡσαύτως</strong></span> <span class='ocrx_word' id='word_1_26' title='bbox 1432 218 1486 251; x_wconf 68' lang='grc' dir='ltr'>ἕξει</span> <span class='ocrx_word' id='word_1_27' title='bbox 1509 219 1555 246; x_wconf 82' lang='grc' dir='ltr'><strong>καὶ</strong></span> <span class='ocrx_word' id='word_1_28' title='bbox 1573 219 1603 246; x_wconf 81' lang='grc' dir='ltr'><strong>τὸ</strong></span> <span class='ocrx_word' id='word_1_29' title='bbox 1622 221 1831 257; x_wconf 82' lang='grc' dir='ltr'><strong>προγινώσκειν</strong></span> 
     </span>
    </p>
   </div>
   <div class='ocr_carea' id='block_1_6' title="bbox 203 246 968 301">
    <p class='ocr_par' dir='ltr' id='par_1_6' title="bbox 203 246 967 301">
     <span class='ocr_line' id='line_1_7' title="bbox 203 246 967 283; baseline 0.017 -13"><span class='ocrx_word' id='word_1_30' title='bbox 203 249 419 280; x_wconf 65' lang='lat' dir='ltr'><strong>praenoscet,qua</strong></span> <span class='ocrx_word' id='word_1_31' title='bbox 436 246 530 282; x_wconf 78' lang='lat' dir='ltr'><strong>faciet,</strong></span> <span class='ocrx_word' id='word_1_32' title='bbox 545 253 574 276; x_wconf 84' lang='lat' dir='ltr'><strong>ut</strong></span> <span class='ocrx_word' id='word_1_33' title='bbox 585 250 710 278; x_wconf 87' lang='lat' dir='ltr'><strong>nimirum</strong></span> <span class='ocrx_word' id='word_1_34' title='bbox 722 252 802 281; x_wconf 88' lang='lat' dir='ltr'><strong>etiam</strong></span> <span class='ocrx_word' id='word_1_35' title='bbox 815 254 866 282; x_wconf 84' lang='lat' dir='ltr'><strong>hac</strong></span> <span class='ocrx_word' id='word_1_36' title='bbox 880 255 967 283; x_wconf 86' lang='lat' dir='ltr'><strong>ration</strong></span> 
     </span>
     <span class='ocr_line' id='line_1_8' title="bbox 203 286 936 301; baseline 0 0"><span class='ocrx_word' id='word_1_37' title='bbox 203 286 234 301; x_wconf 67' lang='grc' dir='ltr'><strong>εἰ·</strong></span> <span class='ocrx_word' id='word_1_38' title='bbox 246 295 297 301; x_wconf 73' lang='grc' dir='ltr'>..ιι-</span> <span class='ocrx_word' id='word_1_39' title='bbox 316 291 459 301; x_wconf 50' lang='grc' dir='ltr'><strong>ΑΑ----εμ</strong></span> <span class='ocrx_word' id='word_1_40' title='bbox 490 292 509 301; x_wconf 73' lang='grc' dir='ltr'>Α</span> <span class='ocrx_word' id='word_1_41' title='bbox 556 294 563 301; x_wconf 75' lang='grc'><strong>1</strong></span> <span class='ocrx_word' id='word_1_42' title='bbox 587 294 594 301; x_wconf 78' lang='grc' dir='ltr'><strong>ο</strong></span> <span class='ocrx_word' id='word_1_43' title='bbox 610 296 625 301; x_wconf 65' lang='lat'><strong>.,</strong></span> <span class='ocrx_word' id='word_1_44' title='bbox 754 298 760 301; x_wconf 89' lang='lat'><strong><em>_</em></strong></span> <span class='ocrx_word' id='word_1_45' title='bbox 847 299 852 301; x_wconf 37' lang='grc' dir='ltr'><strong>Α</strong></span> <span class='ocrx_word' id='word_1_46' title='bbox 933 300 936 301; x_wconf 65' lang='lat'>,</span> 
     </span>
    </p>
   </div>
   <div class='ocr_carea' id='block_1_7' title="bbox 1024 246 1828 301">
    <p class='ocr_par' dir='ltr' id='par_1_7' title="bbox 1035 246 1828 301">
     <span class='ocr_line' id='line_1_9' title="bbox 1035 246 1828 301; baseline 0.014 -17"><span class='ocrx_word' id='word_1_47' title='bbox 1035 246 1074 293; x_wconf 76' lang='grc' dir='ltr'>τῷ</span> <span class='ocrx_word' id='word_1_48' title='bbox 1092 260 1188 294; x_wconf 81' lang='grc' dir='ltr'>ποιεῖν,</span> <span class='ocrx_word' id='word_1_49' title='bbox 1203 246 1248 288; x_wconf 79' lang='grc' dir='ltr'>ἵνα</span> <span class='ocrx_word' id='word_1_50' title='bbox 1258 263 1304 289; x_wconf 79' lang='grc' dir='ltr'>καὶ</span> <span class='ocrx_word' id='word_1_51' title='bbox 1317 246 1401 300; x_wconf 74' lang='grc' dir='ltr'>ταύτῇ</span> <span class='ocrx_word' id='word_1_52' title='bbox 1453 246 1607 294; x_wconf 64' lang='grc' dir='ltr'>άσύνθετον.</span> <span class='ocrx_word' id='word_1_53' title='bbox 1629 246 1660 293; x_wconf 63' lang='grc' dir='ltr'><strong>ἑξ</strong></span> <span class='ocrx_word' id='word_1_54' title='bbox 1681 246 1714 294; x_wconf 82' lang='grc' dir='ltr'><strong>Ιδὲ</strong></span> <span class='ocrx_word' id='word_1_55' title='bbox 1727 269 1828 301; x_wconf 73' lang='grc' dir='ltr'>τοῦτο,</span> 
     </span>
    </p>
   </div>
   <div class='ocr_carea' id='block_1_8' title="bbox 201 286 984 330">
    <p class='ocr_par' dir='ltr' id='par_1_8' title="bbox 201 286 984 330">
     <span class='ocr_line' id='line_1_10' title="bbox 201 286 984 330; baseline 0.019 -17"><span class='ocrx_word' id='word_1_56' title='bbox 201 286 298 316; x_wconf 80' lang='lat' dir='ltr'><strong>sitnon</strong></span> <span class='ocrx_word' id='word_1_57' title='bbox 315 291 474 325; x_wconf 82' lang='lat' dir='ltr'><strong>composita.</strong></span> <span class='ocrx_word' id='word_1_58' title='bbox 488 292 563 326; x_wconf 88' lang='lat' dir='ltr'><strong>Quod</strong></span> <span class='ocrx_word' id='word_1_59' title='bbox 571 294 594 322; x_wconf 98' lang='lat' dir='ltr'><strong>si</strong></span> <span class='ocrx_word' id='word_1_60' title='bbox 608 296 643 322; x_wconf 85' lang='lat' dir='ltr'><strong>ita</strong></span> <span class='ocrx_word' id='word_1_61' title='bbox 658 300 707 330; x_wconf 84' lang='lat' dir='ltr'><strong>est,</strong></span> <span class='ocrx_word' id='word_1_62' title='bbox 722 298 891 327; x_wconf 86' lang='lat' dir='ltr'><strong>eritomnino</strong></span> <span class='ocrx_word' id='word_1_63' title='bbox 903 300 984 328; x_wconf 78' lang='lat' dir='ltr'><strong>etiam</strong></span> 
     </span>
    </p>
   </div>
   <div class='ocr_carea' id='block_1_9' title="bbox 202 333 985 374">
    <p class='ocr_par' dir='ltr' id='par_1_9' title="bbox 202 333 985 374">
     <span class='ocr_line' id='line_1_11' title="bbox 202 333 985 374; baseline 0.019 -15"><span class='ocrx_word' id='word_1_64' title='bbox 202 333 305 361; x_wconf 77' lang='lat' dir='ltr'><strong>faciens</strong></span> <span class='ocrx_word' id='word_1_65' title='bbox 335 336 404 363; x_wconf 82' lang='lat' dir='ltr'><strong>mala</strong></span> <span class='ocrx_word' id='word_1_66' title='bbox 429 344 489 371; x_wconf 68' lang='lat' dir='ltr'><strong>qua:</strong></span> <span class='ocrx_word' id='word_1_67' title='bbox 516 340 670 374; x_wconf 65' lang='lat' dir='ltr'><strong>praenoscit,</strong></span> <span class='ocrx_word' id='word_1_68' title='bbox 685 341 707 369; x_wconf 88' lang='lat' dir='ltr'><strong>si</strong></span> <span class='ocrx_word' id='word_1_69' title='bbox 729 345 808 371; x_wconf 88' lang='lat' dir='ltr'><strong>modo</strong></span> <span class='ocrx_word' id='word_1_70' title='bbox 823 345 893 372; x_wconf 93' lang='lat' dir='ltr'><strong>idem</strong></span> <span class='ocrx_word' id='word_1_71' title='bbox 920 351 985 374; x_wconf 88' lang='lat' dir='ltr'><strong>sunt</strong></span> 
     </span>
    </p>
   </div>
   <div class='ocr_carea' id='block_1_10' title="bbox 201 377 984 426">
    <p class='ocr_par' dir='ltr' id='par_1_10' title="bbox 201 377 984 426">
     <span class='ocr_line' id='line_1_12' title="bbox 201 377 984 426; baseline 0.02 -22"><span class='ocrx_word' id='word_1_72' title='bbox 201 377 259 406; x_wconf 81' lang='lat' dir='ltr'><strong>haec</strong></span> <span class='ocrx_word' id='word_1_73' title='bbox 283 379 310 406; x_wconf 94' lang='lat' dir='ltr'><strong>in</strong></span> <span class='ocrx_word' id='word_1_74' title='bbox 330 380 398 415; x_wconf 89' lang='lat' dir='ltr'><strong>ipso,</strong></span> <span class='ocrx_word' id='word_1_75' title='bbox 422 382 492 417; x_wconf 89' lang='lat' dir='ltr'><strong>quod</strong></span> <span class='ocrx_word' id='word_1_76' title='bbox 512 384 619 418; x_wconf 86' lang='lat' dir='ltr'><strong>quidem</strong></span> <span class='ocrx_word' id='word_1_77' title='bbox 640 390 681 413; x_wconf 84' lang='lat' dir='ltr'><strong>est</strong></span> <span class='ocrx_word' id='word_1_78' title='bbox 696 394 747 414; x_wconf 91' lang='lat' dir='ltr'><strong>non</strong></span> <span class='ocrx_word' id='word_1_79' title='bbox 767 396 827 416; x_wconf 89' lang='lat' dir='ltr'><strong>esse</strong></span> <span class='ocrx_word' id='word_1_80' title='bbox 851 391 984 426; x_wconf 89' lang='lat' dir='ltr'><strong>composi-</strong></span> 
     </span>
    </p>
   </div>
   <div class='ocr_carea' id='block_1_11' title="bbox 202 428 268 452">
    <p class='ocr_par' dir='ltr' id='par_1_11' title="bbox 202 428 268 452">
     <span class='ocr_line' id='line_1_13' title="bbox 202 428 268 452; baseline 0.061 -4"><span class='ocrx_word' id='word_1_81' title='bbox 202 428 268 452; x_wconf 85' lang='grc' dir='ltr'>ιιιιη.</span> 
     </span>
    </p>
   </div>
   <div class='ocr_carea' id='block_1_12' title="bbox 531 485 648 515">
    <p class='ocr_par' dir='ltr' id='par_1_12' title="bbox 531 485 648 515">
     <span class='ocr_line' id='line_1_14' title="bbox 531 485 648 515; baseline 0.017 -3"><span class='ocrx_word' id='word_1_82' title='bbox 531 485 648 515; x_wconf 78' lang='lat' dir='ltr'><strong>ALIUD.</strong></span> 
     </span>
    </p>
   </div>
   <div class='ocr_carea' id='block_1_13' title="bbox 235 534 983 581">
    <p class='ocr_par' dir='ltr' id='par_1_13' title="bbox 235 534 983 581">
     <span class='ocr_line' id='line_1_15' title="bbox 235 534 983 581; baseline 0.02 -20"><span class='ocrx_word' id='word_1_83' title='bbox 235 534 264 562; x_wconf 89' lang='lat' dir='ltr'><strong>Si</strong></span> <span class='ocrx_word' id='word_1_84' title='bbox 277 534 348 564; x_wconf 86' lang='lat' dir='ltr'><strong>Deus</strong></span> <span class='ocrx_word' id='word_1_85' title='bbox 359 538 451 565; x_wconf 88' lang='lat' dir='ltr'><strong>eadem</strong></span> <span class='ocrx_word' id='word_1_86' title='bbox 466 540 569 569; x_wconf 83' lang='lat' dir='ltr'><strong>ratione</strong></span> <span class='ocrx_word' id='word_1_87' title='bbox 577 547 689 577; x_wconf 82' lang='lat' dir='ltr'><strong>general</strong></span> <span class='ocrx_word' id='word_1_88' title='bbox 699 549 726 572; x_wconf 84' lang='lat' dir='ltr'><strong>et</strong></span> <span class='ocrx_word' id='word_1_89' title='bbox 741 550 826 580; x_wconf 88' lang='lat' dir='ltr'><strong>creat,</strong></span> <span class='ocrx_word' id='word_1_90' title='bbox 840 547 902 581; x_wconf 85' lang='lat' dir='ltr'><strong>quia</strong></span> <span class='ocrx_word' id='word_1_91' title='bbox 913 555 983 575; x_wconf 84' lang='lat' dir='ltr'><strong>com-</strong></span> 
     </span>
    </p>
   </div>
   <div class='ocr_carea' id='block_1_14' title="bbox 199 579 982 622">
    <p class='ocr_par' dir='ltr' id='par_1_14' title="bbox 199 579 982 622">
     <span class='ocr_line' id='line_1_16' title="bbox 199 579 982 622; baseline 0.02 -17"><span class='ocrx_word' id='word_1_92' title='bbox 199 579 303 613; x_wconf 77' lang='lat' dir='ltr'><strong>positus</strong></span> <span class='ocrx_word' id='word_1_93' title='bbox 316 588 370 609; x_wconf 88' lang='lat' dir='ltr'><strong>non</strong></span> <span class='ocrx_word' id='word_1_94' title='bbox 386 587 426 610; x_wconf 82' lang='lat' dir='ltr'><strong>est</strong></span> <span class='ocrx_word' id='word_1_95' title='bbox 441 592 448 611; x_wconf 94' lang='lat'>:</span> <span class='ocrx_word' id='word_1_96' title='bbox 475 584 566 614; x_wconf 85' lang='lat' dir='ltr'><strong>videre</strong></span> <span class='ocrx_word' id='word_1_97' title='bbox 579 591 605 614; x_wconf 87' lang='lat' dir='ltr'><strong>et</strong></span> <span class='ocrx_word' id='word_1_98' title='bbox 618 595 748 622; x_wconf 75' lang='lat' dir='ltr'><strong>generare</strong></span> <span class='ocrx_word' id='word_1_99' title='bbox 762 579 832 619; x_wconf 84' lang='lat' dir='ltr'><strong>idem</strong></span> <span class='ocrx_word' id='word_1_100' title='bbox 849 579 937 620; x_wconf 67' lang='lat' dir='ltr'><strong>etiam</strong></span> <span class='ocrx_word' id='word_1_101' title='bbox 955 593 982 621; x_wconf 91' lang='lat' dir='ltr'><strong>in</strong></span> 
     </span>
    </p>
   </div>
   <div class='ocr_carea' id='block_1_15' title="bbox 199 625 981 674">
    <p class='ocr_par' dir='ltr' id='par_1_15' title="bbox 199 625 981 674">
     <span class='ocr_line' id='line_1_17' title="bbox 199 625 981 674; baseline 0.02 -22"><span class='ocrx_word' id='word_1_102' title='bbox 199 625 257 660; x_wconf 86' lang='lat' dir='ltr'><strong>ipso</strong></span> <span class='ocrx_word' id='word_1_103' title='bbox 272 626 364 662; x_wconf 79' lang='lat' dir='ltr'><strong>fuerit,</strong></span> <span class='ocrx_word' id='word_1_104' title='bbox 381 633 410 656; x_wconf 90' lang='lat' dir='ltr'><strong>ut</strong></span> <span class='ocrx_word' id='word_1_105' title='bbox 424 629 451 657; x_wconf 92' lang='lat' dir='ltr'><strong>in</strong></span> <span class='ocrx_word' id='word_1_106' title='bbox 461 631 615 662; x_wconf 87' lang='lat' dir='ltr'><strong>universum</strong></span> <span class='ocrx_word' id='word_1_107' title='bbox 631 643 684 663; x_wconf 92' lang='lat' dir='ltr'><strong>non</strong></span> <span class='ocrx_word' id='word_1_108' title='bbox 696 636 732 664; x_wconf 82' lang='lat' dir='ltr'><strong>sit</strong></span> <span class='ocrx_word' id='word_1_109' title='bbox 757 639 934 674; x_wconf 84' lang='lat' dir='ltr'><strong>compositus.</strong></span> <span class='ocrx_word' id='word_1_110' title='bbox 953 639 981 667; x_wconf 90' lang='lat' dir='ltr'><strong>Si</strong></span> 
     </span>
    </p>
   </div>
   <div class='ocr_carea' id='block_1_16' title="bbox 197 673 983 721">
    <p class='ocr_par' dir='ltr' id='par_1_16' title="bbox 197 673 983 721">
     <span class='ocr_line' id='line_1_18' title="bbox 197 673 983 721; baseline 0.022 -24"><span class='ocrx_word' id='word_1_111' title='bbox 197 677 261 699; x_wconf 89' lang='lat' dir='ltr'><strong>vero</strong></span> <span class='ocrx_word' id='word_1_112' title='bbox 293 673 351 702; x_wconf 62' lang='lat' dir='ltr'><strong>haec</strong></span> <span class='ocrx_word' id='word_1_113' title='bbox 384 682 436 703; x_wconf 93' lang='lat' dir='ltr'><strong>non</strong></span> <span class='ocrx_word' id='word_1_114' title='bbox 463 683 526 706; x_wconf 88' lang='lat' dir='ltr'><strong>sunt</strong></span> <span class='ocrx_word' id='word_1_115' title='bbox 552 679 580 707; x_wconf 89' lang='lat' dir='ltr'><strong>in</strong></span> <span class='ocrx_word' id='word_1_116' title='bbox 605 688 638 709; x_wconf 90' lang='lat' dir='ltr'><strong>eo</strong></span> <span class='ocrx_word' id='word_1_117' title='bbox 661 681 839 712; x_wconf 75' lang='lat' dir='ltr'><strong>indiﬂ‘erentia</strong></span> <span class='ocrx_word' id='word_1_118' title='bbox 855 705 862 717; x_wconf 89' lang='lat'><strong>,</strong></span> <span class='ocrx_word' id='word_1_119' title='bbox 902 690 983 721; x_wconf 88' lang='lat' dir='ltr'><strong>atque</strong></span> 
     </span>
    </p>
   </div>
   <div class='ocr_carea' id='block_1_17' title="bbox 197 716 981 767">
    <p class='ocr_par' dir='ltr' id='par_1_17' title="bbox 197 716 981 767">
     <span class='ocr_line' id='line_1_19' title="bbox 197 716 981 767; baseline 0.019 -25"><span class='ocrx_word' id='word_1_120' title='bbox 197 716 291 767; x_wconf 78' lang='lat' dir='ltr'><strong>eadem</strong></span> <span class='ocrx_word' id='word_1_121' title='bbox 314 719 412 755; x_wconf 88' lang='lat' dir='ltr'><strong>(neque</strong></span> <span class='ocrx_word' id='word_1_122' title='bbox 432 723 503 751; x_wconf 87' lang='lat' dir='ltr'><strong>enim</strong></span> <span class='ocrx_word' id='word_1_123' title='bbox 535 727 606 759; x_wconf 90' lang='lat' dir='ltr'><strong>quod</strong></span> <span class='ocrx_word' id='word_1_124' title='bbox 637 727 720 761; x_wconf 82' lang='lat' dir='ltr'><strong>videt,</strong></span> <span class='ocrx_word' id='word_1_125' title='bbox 742 728 795 756; x_wconf 88' lang='lat' dir='ltr'><strong>hoc</strong></span> <span class='ocrx_word' id='word_1_126' title='bbox 820 716 981 767; x_wconf 12' lang='lat' dir='ltr'><strong>eligener&#39;at)</strong></span> 
     </span>
    </p>
   </div>
   <div class='ocr_carea' id='block_1_18' title="bbox 198 761 980 811">
    <p class='ocr_par' dir='ltr' id='par_1_18' title="bbox 198 761 980 811">
     <span class='ocr_line' id='line_1_20' title="bbox 198 761 980 811; baseline 0.022 -24"><span class='ocrx_word' id='word_1_127' title='bbox 198 761 355 796; x_wconf 79' lang='lat' dir='ltr'><strong>simplicitas</strong></span> <span class='ocrx_word' id='word_1_128' title='bbox 378 764 437 800; x_wconf 85' lang='lat' dir='ltr'><strong>ejus</strong></span> <span class='ocrx_word' id='word_1_129' title='bbox 467 775 519 796; x_wconf 93' lang='lat' dir='ltr'><strong>non</strong></span> <span class='ocrx_word' id='word_1_130' title='bbox 548 769 653 798; x_wconf 68' lang='lat' dir='ltr'><strong>laeditur</strong></span> <span class='ocrx_word' id='word_1_131' title='bbox 671 780 677 798; x_wconf 93' lang='lat'><em>:</em></span> <span class='ocrx_word' id='word_1_132' title='bbox 696 780 730 801; x_wconf 89' lang='lat' dir='ltr'><strong>ne</strong></span> <span class='ocrx_word' id='word_1_133' title='bbox 744 773 770 801; x_wconf 93' lang='lat' dir='ltr'><strong>id</strong></span> <span class='ocrx_word' id='word_1_134' title='bbox 787 761 894 809; x_wconf 67' lang='lat' dir='ltr'><strong>quidem</strong></span> <span class='ocrx_word' id='word_1_135' title='bbox 910 761 980 811; x_wconf 81' lang='lat' dir='ltr'><strong>quod</strong></span> 
     </span>
    </p>
   </div>
   <div class='ocr_carea' id='block_1_19' title="bbox 196 807 978 851">
    <p class='ocr_par' dir='ltr' id='par_1_19' title="bbox 196 807 978 851">
     <span class='ocr_line' id='line_1_21' title="bbox 196 807 978 851; baseline 0.023 -18"><span class='ocrx_word' id='word_1_136' title='bbox 196 807 275 835; x_wconf 86' lang='lat' dir='ltr'><strong>aliter</strong></span> <span class='ocrx_word' id='word_1_137' title='bbox 299 816 421 846; x_wconf 76' lang='lat' dir='ltr'><strong>generet,</strong></span> <span class='ocrx_word' id='word_1_138' title='bbox 446 814 524 842; x_wconf 81' lang='lat' dir='ltr'><strong>aliter</strong></span> <span class='ocrx_word' id='word_1_139' title='bbox 551 821 633 850; x_wconf 85' lang='lat' dir='ltr'><strong>creet,</strong></span> <span class='ocrx_word' id='word_1_140' title='bbox 660 817 756 847; x_wconf 86' lang='lat' dir='ltr'><strong>eﬂiciet</strong></span> <span class='ocrx_word' id='word_1_141' title='bbox 785 807 821 848; x_wconf 76' lang='lat' dir='ltr'><strong>ut.</strong></span> <span class='ocrx_word' id='word_1_142' title='bbox 841 821 876 849; x_wconf 87' lang='lat' dir='ltr'><strong>sit</strong></span> <span class='ocrx_word' id='word_1_143' title='bbox 901 829 978 851; x_wconf 87' lang='lat' dir='ltr'><strong>com-</strong></span> 
     </span>
    </p>
   </div>
   <div class='ocr_carea' id='block_1_20' title="bbox 195 853 309 887">
    <p class='ocr_par' dir='ltr' id='par_1_20' title="bbox 195 853 309 887">
     <span class='ocr_line' id='line_1_22' title="bbox 195 853 309 887; baseline 0.035 -9"><span class='ocrx_word' id='word_1_144' title='bbox 195 853 309 887; x_wconf 84' lang='lat' dir='ltr'><strong>positus.</strong></span> 
     </span>
    </p>
   </div>
   <div class='ocr_carea' id='block_1_21' title="bbox 526 917 642 947">
    <p class='ocr_par' dir='ltr' id='par_1_21' title="bbox 526 917 642 947">
     <span class='ocr_line' id='line_1_23' title="bbox 526 917 642 947; baseline 0.026 -3"><span class='ocrx_word' id='word_1_145' title='bbox 526 917 642 947; x_wconf 82' lang='lat' dir='ltr'><strong>ALIUD.</strong></span> 
     </span>
    </p>
   </div>
   <div class='ocr_carea' id='block_1_22' title="bbox 229 967 979 1015">
    <p class='ocr_par' dir='ltr' id='par_1_22' title="bbox 229 967 979 1015">
     <span class='ocr_line' id='line_1_24' title="bbox 229 967 979 1015; baseline 0.021 -21"><span class='ocrx_word' id='word_1_146' title='bbox 229 967 258 995; x_wconf 87' lang='lat' dir='ltr'><strong>Si</strong></span> <span class='ocrx_word' id='word_1_147' title='bbox 271 968 297 996; x_wconf 92' lang='lat' dir='ltr'><strong>in</strong></span> <span class='ocrx_word' id='word_1_148' title='bbox 309 971 407 1004; x_wconf 84' lang='lat' dir='ltr'><strong>quibus</strong></span> <span class='ocrx_word' id='word_1_149' title='bbox 422 979 552 1008; x_wconf 76' lang='lat' dir='ltr'><strong>generare</strong></span> <span class='ocrx_word' id='word_1_150' title='bbox 567 981 593 1003; x_wconf 86' lang='lat' dir='ltr'><strong>et</strong></span> <span class='ocrx_word' id='word_1_151' title='bbox 618 984 711 1006; x_wconf 84' lang='lat' dir='ltr'><strong>crearo</strong></span> <span class='ocrx_word' id='word_1_152' title='bbox 741 979 847 1008; x_wconf 83' lang='lat' dir='ltr'><strong>diversa</strong></span> <span class='ocrx_word' id='word_1_153' title='bbox 859 986 933 1015; x_wconf 91' lang='lat' dir='ltr'><strong>sunt,</strong></span> <span class='ocrx_word' id='word_1_154' title='bbox 960 983 979 1010; x_wconf 91' lang='lat' dir='ltr'><strong>ii</strong></span> 
     </span>
    </p>
   </div>
   <div class='ocr_carea' id='block_1_23' title="bbox 192 1019 978 1057">
    <p class='ocr_par' dir='ltr' id='par_1_23' title="bbox 192 1019 978 1057">
     <span class='ocr_line' id='line_1_25' title="bbox 192 1019 978 1057; baseline 0.023 -17"><span class='ocrx_word' id='word_1_155' title='bbox 192 1020 323 1048; x_wconf 74' lang='lat' dir='ltr'><strong>generant</strong></span> <span class='ocrx_word' id='word_1_156' title='bbox 337 1024 370 1044; x_wconf 78' lang='lat' dir='ltr'><strong>ex</strong></span> <span class='ocrx_word' id='word_1_157' title='bbox 385 1019 493 1054; x_wconf 81' lang='lat' dir='ltr'><strong>seipsis,</strong></span> <span class='ocrx_word' id='word_1_158' title='bbox 519 1027 612 1050; x_wconf 84' lang='lat' dir='ltr'><strong>creant</strong></span> <span class='ocrx_word' id='word_1_159' title='bbox 639 1031 703 1052; x_wconf 89' lang='lat' dir='ltr'><strong>vero</strong></span> <span class='ocrx_word' id='word_1_160' title='bbox 727 1027 917 1056; x_wconf 76' lang='lat' dir='ltr'><strong>extrinsecus:</strong></span> <span class='ocrx_word' id='word_1_161' title='bbox 951 1029 978 1057; x_wconf 94' lang='lat' dir='ltr'><strong>in</strong></span> 
     </span>
    </p>
   </div>
   <div class='ocr_carea' id='block_1_24' title="bbox 191 1060 978 1104">
    <p class='ocr_par' dir='ltr' id='par_1_24' title="bbox 191 1060 978 1104">
     <span class='ocr_line' id='line_1_26' title="bbox 191 1060 978 1104; baseline 0.022 -19"><span class='ocrx_word' id='word_1_162' title='bbox 191 1060 290 1094; x_wconf 85' lang='lat' dir='ltr'><strong>quibus</strong></span> <span class='ocrx_word' id='word_1_163' title='bbox 302 1069 364 1090; x_wconf 88' lang='lat' dir='ltr'><strong>vero</strong></span> <span class='ocrx_word' id='word_1_164' title='bbox 376 1070 506 1098; x_wconf 76' lang='lat' dir='ltr'><strong>generare</strong></span> <span class='ocrx_word' id='word_1_165' title='bbox 520 1070 547 1094; x_wconf 81' lang='lat' dir='ltr'><strong>et</strong></span> <span class='ocrx_word' id='word_1_166' title='bbox 557 1075 652 1096; x_wconf 82' lang='lat' dir='ltr'><strong>creare</strong></span> <span class='ocrx_word' id='word_1_167' title='bbox 667 1068 738 1098; x_wconf 90' lang='lat' dir='ltr'><strong>idem</strong></span> <span class='ocrx_word' id='word_1_168' title='bbox 749 1076 800 1104; x_wconf 82' lang='lat' dir='ltr'><strong>est,</strong></span> <span class='ocrx_word' id='word_1_169' title='bbox 813 1072 839 1100; x_wconf 93' lang='lat' dir='ltr'><strong>in</strong></span> <span class='ocrx_word' id='word_1_170' title='bbox 852 1073 884 1100; x_wconf 77' lang='lat' dir='ltr'><strong>iis</strong></span> <span class='ocrx_word' id='word_1_171' title='bbox 899 1081 978 1102; x_wconf 86' lang='lat' dir='ltr'><strong>crea-</strong></span> 
     </span>
    </p>
   </div>
   <div class='ocr_carea' id='block_1_25' title="bbox 192 1107 978 1155">
    <p class='ocr_par' dir='ltr' id='par_1_25' title="bbox 192 1107 978 1155">
     <span class='ocr_line' id='line_1_27' title="bbox 192 1107 978 1155; baseline 0.02 -23"><span class='ocrx_word' id='word_1_172' title='bbox 192 1113 221 1134; x_wconf 92' lang='lat' dir='ltr'><strong>re</strong></span> <span class='ocrx_word' id='word_1_173' title='bbox 235 1107 404 1137; x_wconf 83' lang='lat' dir='ltr'><strong>extrinsecus</strong></span> <span class='ocrx_word' id='word_1_174' title='bbox 421 1118 474 1138; x_wconf 90' lang='lat' dir='ltr'><strong>non</strong></span> <span class='ocrx_word' id='word_1_175' title='bbox 497 1113 615 1147; x_wconf 82' lang='lat' dir='ltr'><strong>exsistit,</strong></span> <span class='ocrx_word' id='word_1_176' title='bbox 637 1117 863 1150; x_wconf 83' lang='lat' dir='ltr'><strong>quemadmodum</strong></span> <span class='ocrx_word' id='word_1_177' title='bbox 890 1127 978 1155; x_wconf 85' lang='lat' dir='ltr'><strong>neque</strong></span> 
     </span>
    </p>
   </div>
   <div class='ocr_carea' id='block_1_26' title="bbox 189 1157 974 1193">
    <p class='ocr_par' dir='ltr' id='par_1_26' title="bbox 189 1157 974 1193">
     <span class='ocr_line' id='line_1_28' title="bbox 189 1157 974 1193; baseline 0.02 -16"><span class='ocrx_word' id='word_1_178' title='bbox 189 1158 223 1178; x_wconf 78' lang='lat' dir='ltr'><strong>ex</strong></span> <span class='ocrx_word' id='word_1_179' title='bbox 241 1159 302 1180; x_wconf 79' lang='lat' dir='ltr'><strong>sese</strong></span> <span class='ocrx_word' id='word_1_180' title='bbox 318 1161 459 1188; x_wconf 74' lang='lat' dir='ltr'><strong>generare.</strong></span> <span class='ocrx_word' id='word_1_181' title='bbox 476 1157 504 1185; x_wconf 89' lang='lat' dir='ltr'><strong>Si</strong></span> <span class='ocrx_word' id='word_1_182' title='bbox 536 1166 601 1187; x_wconf 88' lang='lat' dir='ltr'><strong>vero</strong></span> <span class='ocrx_word' id='word_1_183' title='bbox 630 1161 798 1190; x_wconf 83' lang='lat' dir='ltr'><strong>extrinsecus</strong></span> <span class='ocrx_word' id='word_1_184' title='bbox 816 1168 919 1192; x_wconf 84' lang='lat' dir='ltr'><strong>tantum</strong></span> <span class='ocrx_word' id='word_1_185' title='bbox 938 1166 974 1193; x_wconf 92' lang='lat' dir='ltr'><strong>illi</strong></span> 
     </span>
    </p>
   </div>
   <div class='ocr_carea' id='block_1_27' title="bbox 189 1199 976 1242">
    <p class='ocr_par' dir='ltr' id='par_1_27' title="bbox 189 1199 976 1242">
     <span class='ocr_line' id='line_1_29' title="bbox 189 1199 976 1242; baseline 0.02 -20"><span class='ocrx_word' id='word_1_186' title='bbox 189 1199 350 1232; x_wconf 83' lang='lat' dir='ltr'><strong>concedunt,</strong></span> <span class='ocrx_word' id='word_1_187' title='bbox 364 1201 434 1234; x_wconf 91' lang='lat' dir='ltr'><strong>quod</strong></span> <span class='ocrx_word' id='word_1_188' title='bbox 451 1203 558 1236; x_wconf 86' lang='lat' dir='ltr'><strong>quidem</strong></span> <span class='ocrx_word' id='word_1_189' title='bbox 574 1209 616 1232; x_wconf 88' lang='lat' dir='ltr'><strong>est</strong></span> <span class='ocrx_word' id='word_1_190' title='bbox 627 1205 726 1239; x_wconf 81' lang='lat' dir='ltr'><strong>facere,</strong></span> <span class='ocrx_word' id='word_1_191' title='bbox 750 1215 883 1242; x_wconf 76' lang='lat' dir='ltr'><strong>generare</strong></span> <span class='ocrx_word' id='word_1_192' title='bbox 913 1218 976 1238; x_wconf 81' lang='lat' dir='ltr'><strong>vero</strong></span> 
     </span>
    </p>
   </div>
   <div class='ocr_carea' id='block_1_28' title="bbox 188 1241 972 1285">
    <p class='ocr_par' dir='ltr' id='par_1_28' title="bbox 188 1241 972 1285">
     <span class='ocr_line' id='line_1_30' title="bbox 188 1241 972 1285; baseline 0.022 -19"><span class='ocrx_word' id='word_1_193' title='bbox 188 1247 241 1267; x_wconf 92' lang='lat' dir='ltr'><strong>non</strong></span> <span class='ocrx_word' id='word_1_194' title='bbox 255 1241 319 1269; x_wconf 87' lang='lat' dir='ltr'><strong>item</strong></span> <span class='ocrx_word' id='word_1_195' title='bbox 338 1252 344 1270; x_wconf 90' lang='lat'>:</span> <span class='ocrx_word' id='word_1_196' title='bbox 358 1244 500 1280; x_wconf 85' lang='lat' dir='ltr'><strong>adoptione</strong></span> <span class='ocrx_word' id='word_1_197' title='bbox 516 1247 568 1275; x_wconf 88' lang='lat' dir='ltr'><strong>erit</strong></span> <span class='ocrx_word' id='word_1_198' title='bbox 582 1253 669 1284; x_wconf 78' lang='lat' dir='ltr'><strong>pater,</strong></span> <span class='ocrx_word' id='word_1_199' title='bbox 685 1251 731 1285; x_wconf 85' lang='lat' dir='ltr'><strong>qui</strong></span> <span class='ocrx_word' id='word_1_200' title='bbox 749 1241 882 1282; x_wconf 79' lang='lat' dir='ltr'><strong>naturalis</strong></span> <span class='ocrx_word' id='word_1_201' title='bbox 894 1262 972 1282; x_wconf 87' lang='lat' dir='ltr'><strong>crea-</strong></span> 
     </span>
    </p>
   </div>
   <div class='ocr_carea' id='block_1_29' title="bbox 189 1291 294 1315">
    <p class='ocr_par' dir='ltr' id='par_1_29' title="bbox 189 1291 294 1315">
     <span class='ocr_line' id='line_1_31' title="bbox 189 1291 294 1315; baseline 0.029 -3"><span class='ocrx_word' id='word_1_202' title='bbox 189 1291 231 1313; x_wconf 81' lang='lat' dir='ltr'><strong>l0l&#39;</strong></span> <span class='ocrx_word' id='word_1_203' title='bbox 244 1292 294 1315; x_wconf 86' lang='lat' dir='ltr'><strong>est.</strong></span> 
     </span>
    </p>
   </div>
   <div class='ocr_carea' id='block_1_30' title="bbox 520 1350 635 1380">
    <p class='ocr_par' dir='ltr' id='par_1_30' title="bbox 520 1350 635 1380">
     <span class='ocr_line' id='line_1_32' title="bbox 520 1350 635 1380; baseline 0.026 -3"><span class='ocrx_word' id='word_1_204' title='bbox 520 1350 635 1380; x_wconf 83' lang='lat' dir='ltr'><strong>ALIUD.</strong></span> 
     </span>
    </p>
   </div>
   <div class='ocr_carea' id='block_1_31' title="bbox 222 1399 973 1449">
    <p class='ocr_par' dir='ltr' id='par_1_31' title="bbox 222 1399 973 1449">
     <span class='ocr_line' id='line_1_33' title="bbox 222 1399 973 1449; baseline 0.021 -23"><span class='ocrx_word' id='word_1_205' title='bbox 222 1399 250 1427; x_wconf 90' lang='lat' dir='ltr'><strong>Si</strong></span> <span class='ocrx_word' id='word_1_206' title='bbox 266 1407 396 1435; x_wconf 74' lang='lat' dir='ltr'><strong>generare</strong></span> <span class='ocrx_word' id='word_1_207' title='bbox 424 1408 452 1431; x_wconf 86' lang='lat' dir='ltr'><strong>et</strong></span> <span class='ocrx_word' id='word_1_208' title='bbox 477 1412 571 1434; x_wconf 85' lang='lat' dir='ltr'><strong>creare</strong></span> <span class='ocrx_word' id='word_1_209' title='bbox 594 1408 620 1435; x_wconf 94' lang='lat' dir='ltr'><strong>in</strong></span> <span class='ocrx_word' id='word_1_210' title='bbox 649 1408 714 1442; x_wconf 90' lang='lat' dir='ltr'><strong>Deo,</strong></span> <span class='ocrx_word' id='word_1_211' title='bbox 729 1410 793 1445; x_wconf 82' lang='lat' dir='ltr'><strong>quia</strong></span> <span class='ocrx_word' id='word_1_212' title='bbox 806 1414 973 1449; x_wconf 85' lang='lat' dir='ltr'><strong>compositus</strong></span> 
     </span>
    </p>
   </div>
   <div class='ocr_carea' id='block_1_32' title="bbox 185 1447 971 1494">
    <p class='ocr_par' dir='ltr' id='par_1_32' title="bbox 185 1447 971 1494">
     <span class='ocr_line' id='line_1_34' title="bbox 185 1447 971 1494; baseline 0.022 -24"><span class='ocrx_word' id='word_1_213' title='bbox 185 1451 239 1471; x_wconf 88' lang='lat' dir='ltr'><strong>non</strong></span> <span class='ocrx_word' id='word_1_214' title='bbox 251 1451 303 1479; x_wconf 87' lang='lat' dir='ltr'><strong>est,</strong></span> <span class='ocrx_word' id='word_1_215' title='bbox 323 1447 393 1474; x_wconf 89' lang='lat' dir='ltr'><strong>idem</strong></span> <span class='ocrx_word' id='word_1_216' title='bbox 408 1455 483 1482; x_wconf 86' lang='lat' dir='ltr'><strong>sunt,</strong></span> <span class='ocrx_word' id='word_1_217' title='bbox 497 1458 549 1478; x_wconf 95' lang='lat' dir='ltr'><strong>non</strong></span> <span class='ocrx_word' id='word_1_218' title='bbox 565 1457 654 1481; x_wconf 88' lang='lat' dir='ltr'><strong>autem</strong></span> <span class='ocrx_word' id='word_1_219' title='bbox 666 1455 748 1482; x_wconf 81' lang='lat' dir='ltr'><strong>etiam</strong></span> <span class='ocrx_word' id='word_1_220' title='bbox 763 1457 789 1483; x_wconf 93' lang='lat' dir='ltr'><strong>in</strong></span> <span class='ocrx_word' id='word_1_221' title='bbox 807 1447 895 1493; x_wconf 72' lang='lat' dir='ltr'><strong>nobis,</strong></span> <span class='ocrx_word' id='word_1_222' title='bbox 908 1460 971 1494; x_wconf 87' lang='lat' dir='ltr'><strong>quia</strong></span> 
     </span>
    </p>
   </div>
   <div class='ocr_carea' id='block_1_33' title="bbox 185 1491 971 1540">
    <p class='ocr_par' dir='ltr' id='par_1_33' title="bbox 185 1491 971 1540">
     <span class='ocr_line' id='line_1_35' title="bbox 185 1491 971 1540; baseline 0.022 -23"><span class='ocrx_word' id='word_1_223' title='bbox 185 1491 252 1519; x_wconf 79' lang='lat' dir='ltr'><strong>tales</strong></span> <span class='ocrx_word' id='word_1_224' title='bbox 265 1500 318 1520; x_wconf 94' lang='lat' dir='ltr'><strong>non</strong></span> <span class='ocrx_word' id='word_1_225' title='bbox 330 1501 423 1523; x_wconf 78' lang='lat' dir='ltr'><strong>suntne</strong></span> <span class='ocrx_word' id='word_1_226' title='bbox 440 1504 447 1522; x_wconf 89' lang='lat'>:</span> <span class='ocrx_word' id='word_1_227' title='bbox 466 1497 535 1525; x_wconf 88' lang='lat' dir='ltr'><strong>idem</strong></span> <span class='ocrx_word' id='word_1_228' title='bbox 545 1499 598 1526; x_wconf 84' lang='lat' dir='ltr'><strong>erit</strong></span> <span class='ocrx_word' id='word_1_229' title='bbox 612 1499 638 1527; x_wconf 94' lang='lat' dir='ltr'><strong>in</strong></span> <span class='ocrx_word' id='word_1_230' title='bbox 648 1500 693 1528; x_wconf 93' lang='lat' dir='ltr'><strong>illo</strong></span> <span class='ocrx_word' id='word_1_231' title='bbox 703 1509 872 1535; x_wconf 64' lang='lat' dir='ltr'><strong>prmooscere</strong></span> <span class='ocrx_word' id='word_1_232' title='bbox 886 1510 912 1533; x_wconf 86' lang='lat' dir='ltr'><strong>et</strong></span> <span class='ocrx_word' id='word_1_233' title='bbox 925 1512 971 1540; x_wconf 75' lang='lat' dir='ltr'><strong>ge-</strong></span> 
     </span>
    </p>
   </div>
   <div class='ocr_carea' id='block_1_34' title="bbox 1036 302 1830 346">
    <p class='ocr_par' dir='ltr' id='par_1_34' title="bbox 1036 302 1830 346">
     <span class='ocr_line' id='line_1_36' title="bbox 1036 302 1830 346; baseline 0.015 -18"><span class='ocrx_word' id='word_1_234' title='bbox 1036 302 1112 330; x_wconf 81' lang='grc' dir='ltr'>ἐσται</span> <span class='ocrx_word' id='word_1_235' title='bbox 1126 305 1210 332; x_wconf 86' lang='grc' dir='ltr'>ποιῶν</span> <span class='ocrx_word' id='word_1_236' title='bbox 1219 305 1236 332; x_wconf 70' lang='grc' dir='ltr'>ἃ</span> <span class='ocrx_word' id='word_1_237' title='bbox 1253 308 1432 342; x_wconf 80' lang='grc' dir='ltr'>προγινώσκει</span> <span class='ocrx_word' id='word_1_238' title='bbox 1444 310 1527 342; x_wconf 81' lang='grc' dir='ltr'>κακὰ,</span> <span class='ocrx_word' id='word_1_239' title='bbox 1539 311 1617 346; x_wconf 85' lang='grc' dir='ltr'>εῑπερ</span> <span class='ocrx_word' id='word_1_240' title='bbox 1629 313 1726 340; x_wconf 76' lang='grc' dir='ltr'>ταυτὸν</span> <span class='ocrx_word' id='word_1_241' title='bbox 1735 313 1830 340; x_wconf 74' lang='grc' dir='ltr'>ταῦτα</span> 
     </span>
    </p>
   </div>
   <div class='ocr_carea' id='block_1_35' title="bbox 1036 351 1530 390">
    <p class='ocr_par' dir='ltr' id='par_1_35' title="bbox 1036 351 1530 390">
     <span class='ocr_line' id='line_1_37' title="bbox 1036 351 1530 390; baseline 0.018 -15"><span class='ocrx_word' id='word_1_242' title='bbox 1036 351 1101 385; x_wconf 84' lang='grc' dir='ltr'>παρ’</span> <span class='ocrx_word' id='word_1_243' title='bbox 1117 351 1201 388; x_wconf 83' lang='grc' dir='ltr'>αὐτῷ,</span> <span class='ocrx_word' id='word_1_244' title='bbox 1217 353 1257 380; x_wconf 76' lang='grc' dir='ltr'>ὅτι</span> <span class='ocrx_word' id='word_1_245' title='bbox 1271 354 1302 390; x_wconf 84' lang='grc' dir='ltr'><strong>δὴ</strong></span> <span class='ocrx_word' id='word_1_246' title='bbox 1316 356 1362 382; x_wconf 78' lang='grc' dir='ltr'>καὶ</span> <span class='ocrx_word' id='word_1_247' title='bbox 1375 355 1530 384; x_wconf 84' lang='grc' dir='ltr'><strong>ἀσύνθετον.</strong></span> 
     </span>
    </p>
   </div>
   <div class='ocr_carea' id='block_1_36' title="bbox 1375 498 1476 526">
    <p class='ocr_par' dir='ltr' id='par_1_36' title="bbox 1375 498 1476 526">
     <span class='ocr_line' id='line_1_38' title="bbox 1375 498 1476 526; baseline 0.02 -2"><span class='ocrx_word' id='word_1_248' title='bbox 1375 498 1440 525; x_wconf 78' lang='grc' dir='ltr'><strong>ΛΛΛ</strong></span> <span class='ocrx_word' id='word_1_249' title='bbox 1445 499 1476 526; x_wconf 91' lang='grc'><strong>0.</strong></span> 
     </span>
    </p>
   </div>
   <div class='ocr_carea' id='block_1_37' title="bbox 1070 549 1826 593">
    <p class='ocr_par' dir='ltr' id='par_1_37' title="bbox 1070 549 1826 593">
     <span class='ocr_line' id='line_1_39' title="bbox 1070 549 1826 593; baseline 0.015 -18"><span class='ocrx_word' id='word_1_250' title='bbox 1070 549 1100 576; x_wconf 79' lang='lat' dir='ltr'><strong>El</strong></span> <span class='ocrx_word' id='word_1_251' title='bbox 1116 549 1146 576; x_wconf 80' lang='grc' dir='ltr'>τὸ</span> <span class='ocrx_word' id='word_1_252' title='bbox 1162 551 1258 586; x_wconf 82' lang='grc' dir='ltr'>γεννᾷν</span> <span class='ocrx_word' id='word_1_253' title='bbox 1276 552 1325 580; x_wconf 84' lang='grc' dir='ltr'>καὶ</span> <span class='ocrx_word' id='word_1_254' title='bbox 1345 553 1379 581; x_wconf 82' lang='grc' dir='ltr'>τὸ</span> <span class='ocrx_word' id='word_1_255' title='bbox 1392 554 1493 586; x_wconf 78' lang='grc' dir='ltr'>κτίζειν</span> <span class='ocrx_word' id='word_1_256' title='bbox 1515 555 1647 589; x_wconf 79' lang='grc' dir='ltr'><strong>ὡσαύτως</strong></span> <span class='ocrx_word' id='word_1_257' title='bbox 1664 556 1721 593; x_wconf 76' lang='grc' dir='ltr'>ἔχει</span> <span class='ocrx_word' id='word_1_258' title='bbox 1735 558 1805 591; x_wconf 73' lang='grc' dir='ltr'>Θεὸς</span> <span class='ocrx_word' id='word_1_259' title='bbox 1815 579 1826 591; x_wconf 83' lang='grc'><strong>,</strong></span> 
     </span>
    </p>
   </div>
   <div class='ocr_carea' id='block_1_38' title="bbox 1034 593 1825 639">
    <p class='ocr_par' dir='ltr' id='par_1_38' title="bbox 1034 593 1825 639">
     <span class='ocr_line' id='line_1_40' title="bbox 1034 593 1825 639; baseline 0.015 -19"><span class='ocrx_word' id='word_1_260' title='bbox 1034 593 1126 631; x_wconf 74' lang='grc' dir='ltr'>ἐπειδὴ</span> <span class='ocrx_word' id='word_1_261' title='bbox 1139 596 1294 630; x_wconf 80' lang='grc' dir='ltr'>ἀσύνθετος,</span> <span class='ocrx_word' id='word_1_262' title='bbox 1307 599 1353 626; x_wconf 67' lang='grc' dir='ltr'>καὶ</span> <span class='ocrx_word' id='word_1_263' title='bbox 1364 601 1395 626; x_wconf 85' lang='grc' dir='ltr'>τὸ</span> <span class='ocrx_word' id='word_1_264' title='bbox 1405 601 1471 636; x_wconf 83' lang='grc' dir='ltr'>όρᾷν</span> <span class='ocrx_word' id='word_1_265' title='bbox 1499 601 1537 637; x_wconf 85' lang='grc' dir='ltr'>τῷ</span> <span class='ocrx_word' id='word_1_266' title='bbox 1553 604 1650 639; x_wconf 78' lang='grc' dir='ltr'>γεννᾷν</span> <span class='ocrx_word' id='word_1_267' title='bbox 1666 604 1767 631; x_wconf 76' lang='grc' dir='ltr'>ταυτὸν</span> <span class='ocrx_word' id='word_1_268' title='bbox 1788 605 1825 633; x_wconf 71' lang='grc' dir='ltr'>ἂν</span> 
     </span>
    </p>
   </div>
   <div class='ocr_carea' id='block_1_39' title="bbox 1033 640 1823 689">
    <p class='ocr_par' dir='ltr' id='par_1_39' title="bbox 1033 640 1823 689">
     <span class='ocr_line' id='line_1_41' title="bbox 1033 640 1823 689; baseline 0.016 -23"><span class='ocrx_word' id='word_1_269' title='bbox 1033 640 1075 676; x_wconf 73' lang='grc' dir='ltr'>εἴη</span> <span class='ocrx_word' id='word_1_270' title='bbox 1090 643 1154 678; x_wconf 84' lang='grc' dir='ltr'>παρ’</span> <span class='ocrx_word' id='word_1_271' title='bbox 1168 643 1254 679; x_wconf 79' lang='grc' dir='ltr'>αὐτῷ,</span> <span class='ocrx_word' id='word_1_272' title='bbox 1280 644 1322 671; x_wconf 78' lang='grc' dir='ltr'>ἵνα</span> <span class='ocrx_word' id='word_1_273' title='bbox 1347 646 1435 683; x_wconf 87' lang='grc' dir='ltr'>πάντη</span> <span class='ocrx_word' id='word_1_274' title='bbox 1447 648 1476 674; x_wconf 73' lang='grc' dir='ltr'>ἐν</span> <span class='ocrx_word' id='word_1_275' title='bbox 1495 648 1568 684; x_wconf 84' lang='grc' dir='ltr'>αύτῷ</span> <span class='ocrx_word' id='word_1_276' title='bbox 1580 650 1610 676; x_wconf 85' lang='grc' dir='ltr'>τδ</span> <span class='ocrx_word' id='word_1_277' title='bbox 1623 650 1771 678; x_wconf 72' lang='grc' dir='ltr'><strong>ἀσύνθετον</strong></span> 
     </span>
    </p>
   </div>
   <div class='ocr_carea' id='block_1_40' title="bbox 1033 687 1825 734">
    <p class='ocr_par' dir='ltr' id='par_1_40' title="bbox 1033 687 1825 734">
     <span class='ocr_line' id='line_1_42' title="bbox 1033 687 1825 734; baseline 0.015 -20"><span class='ocrx_word' id='word_1_278' title='bbox 1033 687 1065 714; x_wconf 85' lang='grc' dir='ltr'>Ει</span> <span class='ocrx_word' id='word_1_279' title='bbox 1081 687 1110 714; x_wconf 80' lang='grc' dir='ltr'><strong>δὲ</strong></span> <span class='ocrx_word' id='word_1_280' title='bbox 1123 688 1160 724; x_wconf 84' lang='grc' dir='ltr'><strong>μὴ</strong></span> <span class='ocrx_word' id='word_1_281' title='bbox 1173 689 1238 717; x_wconf 72' lang='grc' dir='ltr'>οντα</span> <span class='ocrx_word' id='word_1_282' title='bbox 1251 692 1315 727; x_wconf 84' lang='grc' dir='ltr'>παρ’</span> <span class='ocrx_word' id='word_1_283' title='bbox 1332 692 1406 728; x_wconf 81' lang='grc' dir='ltr'><strong>αύτῷ</strong></span> <span class='ocrx_word' id='word_1_284' title='bbox 1437 694 1523 722; x_wconf 82' lang='grc' dir='ltr'>ταῦτα</span> <span class='ocrx_word' id='word_1_285' title='bbox 1545 695 1681 733; x_wconf 76' lang='grc' dir='ltr'><strong>ἀδιάφορα</strong></span> <span class='ocrx_word' id='word_1_286' title='bbox 1701 697 1747 733; x_wconf 77' lang='grc' dir='ltr'>(οὐ</span> <span class='ocrx_word' id='word_1_287' title='bbox 1765 687 1825 734; x_wconf 66' lang='grc' dir='ltr'><strong>γδὶρ</strong></span> 
     </span>
    </p>
   </div>
   <div class='ocr_carea' id='block_1_41' title="bbox 1032 733 1823 777">
    <p class='ocr_par' dir='ltr' id='par_1_41' title="bbox 1032 733 1823 777">
     <span class='ocr_line' id='line_1_43' title="bbox 1032 733 1823 777; baseline 0.015 -18"><span class='ocrx_word' id='word_1_288' title='bbox 1032 733 1100 770; x_wconf 84' lang='grc' dir='ltr'>ὅπερ</span> <span class='ocrx_word' id='word_1_289' title='bbox 1114 736 1174 770; x_wconf 83' lang='grc' dir='ltr'>ὁρᾷ,</span> <span class='ocrx_word' id='word_1_290' title='bbox 1188 737 1268 764; x_wconf 78' lang='grc' dir='ltr'>τοῦτο</span> <span class='ocrx_word' id='word_1_291' title='bbox 1281 738 1390 771; x_wconf 86' lang='grc' dir='ltr'>πάντως</span> <span class='ocrx_word' id='word_1_292' title='bbox 1402 740 1450 767; x_wconf 78' lang='grc' dir='ltr'>καὶ</span> <span class='ocrx_word' id='word_1_293' title='bbox 1464 741 1573 777; x_wconf 84' lang='grc' dir='ltr'>τίκτει),</span> <span class='ocrx_word' id='word_1_294' title='bbox 1582 742 1613 770; x_wconf 77' lang='grc' dir='ltr'><strong>τὺ</strong></span> <span class='ocrx_word' id='word_1_295' title='bbox 1626 743 1727 772; x_wconf 81' lang='grc' dir='ltr'>ἁπλοῦν</span> <span class='ocrx_word' id='word_1_296' title='bbox 1737 733 1823 771; x_wconf 57' lang='lat' dir='ltr'><strong>autat“:</strong></span> 
     </span>
    </p>
   </div>
   <div class='ocr_carea' id='block_1_42' title="bbox 1032 779 1823 826">
    <p class='ocr_par' dir='ltr' id='par_1_42' title="bbox 1032 779 1823 826">
     <span class='ocr_line' id='line_1_44' title="bbox 1032 779 1823 826; baseline 0.016 -21"><span class='ocrx_word' id='word_1_297' title='bbox 1032 779 1061 805; x_wconf 86' lang='grc' dir='ltr'><strong>ού</strong></span> <span class='ocrx_word' id='word_1_298' title='bbox 1082 779 1251 816; x_wconf 86' lang='grc' dir='ltr'>λυμαίνεται.</span> <span class='ocrx_word' id='word_1_299' title='bbox 1260 784 1319 810; x_wconf 81' lang='grc' dir='ltr'>οὐδὲ</span> <span class='ocrx_word' id='word_1_300' title='bbox 1332 785 1362 812; x_wconf 82' lang='grc' dir='ltr'>τὸ</span> <span class='ocrx_word' id='word_1_301' title='bbox 1371 787 1469 822; x_wconf 81' lang='grc' dir='ltr'>γεννᾷν</span> <span class='ocrx_word' id='word_1_302' title='bbox 1483 787 1604 822; x_wconf 84' lang='grc' dir='ltr'>δηλονότι</span> <span class='ocrx_word' id='word_1_303' title='bbox 1621 789 1702 816; x_wconf 83' lang='grc' dir='ltr'>αὑτὸν</span> <span class='ocrx_word' id='word_1_304' title='bbox 1716 791 1823 826; x_wconf 79' lang='grc' dir='ltr'>ἑτέρως</span> 
     </span>
    </p>
   </div>
   <div class='ocr_carea' id='block_1_43' title="bbox 1031 827 1823 869">
    <p class='ocr_par' dir='ltr' id='par_1_43' title="bbox 1031 827 1823 869">
     <span class='ocr_line' id='line_1_45' title="bbox 1031 827 1823 869; baseline 0.014 -16"><span class='ocrx_word' id='word_1_305' title='bbox 1031 827 1078 853; x_wconf 77' lang='grc' dir='ltr'>καὶ</span> <span class='ocrx_word' id='word_1_306' title='bbox 1103 828 1205 860; x_wconf 79' lang='grc' dir='ltr'>κτίζειν</span> <span class='ocrx_word' id='word_1_307' title='bbox 1231 829 1328 864; x_wconf 71' lang='grc' dir='ltr'>ἄλλως,</span> <span class='ocrx_word' id='word_1_308' title='bbox 1356 831 1483 868; x_wconf 82' lang='grc' dir='ltr'><strong>στέρησιν</strong></span> <span class='ocrx_word' id='word_1_309' title='bbox 1505 834 1579 869; x_wconf 80' lang='grc' dir='ltr'><strong>αὑτῷ</strong></span> <span class='ocrx_word' id='word_1_310' title='bbox 1598 834 1645 862; x_wconf 81' lang='grc' dir='ltr'>τοῦ</span> <span class='ocrx_word' id='word_1_311' title='bbox 1670 835 1823 863; x_wconf 67' lang='grc' dir='ltr'>άσυνθῦτου</span> 
     </span>
    </p>
   </div>
   <div class='ocr_carea' id='block_1_44' title="bbox 993 872 1186 910">
    <p class='ocr_par' dir='ltr' id='par_1_44' title="bbox 993 872 1186 910">
     <span class='ocr_line' id='line_1_46' title="bbox 993 872 1186 910; baseline 0.021 -12"><span class='ocrx_word' id='word_1_312' title='bbox 993 880 1018 910; x_wconf 72' lang='grc' dir='ltr'><strong>Β</strong></span> <span class='ocrx_word' id='word_1_313' title='bbox 1031 872 1186 907; x_wconf 73' lang='grc' dir='ltr'>ἐργάζεται.</span> 
     </span>
    </p>
   </div>
   <div class='ocr_carea' id='block_1_45' title="bbox 1372 932 1483 960">
    <p class='ocr_par' dir='ltr' id='par_1_45' title="bbox 1372 932 1483 960">
     <span class='ocr_line' id='line_1_47' title="bbox 1372 932 1483 960; baseline 0.018 -2"><span class='ocrx_word' id='word_1_314' title='bbox 1372 932 1483 960; x_wconf 81' lang='grc' dir='ltr'><strong>ΑΛΛο.·</strong></span> 
     </span>
    </p>
   </div>
   <div class='ocr_carea' id='block_1_46' title="bbox 1065 984 1822 1027">
    <p class='ocr_par' dir='ltr' id='par_1_46' title="bbox 1065 984 1822 1027">
     <span class='ocr_line' id='line_1_48' title="bbox 1065 984 1822 1027; baseline 0.009 -15"><span class='ocrx_word' id='word_1_315' title='bbox 1065 985 1096 1012; x_wconf 77' lang='grc' dir='ltr'><strong>Εἰ</strong></span> <span class='ocrx_word' id='word_1_316' title='bbox 1113 987 1177 1022; x_wconf 82' lang='grc' dir='ltr'>παρ’</span> <span class='ocrx_word' id='word_1_317' title='bbox 1194 984 1235 1018; x_wconf 73' lang='grc' dir='ltr'><strong>οἷς</strong></span> <span class='ocrx_word' id='word_1_318' title='bbox 1260 987 1307 1015; x_wconf 86' lang='grc' dir='ltr'>τοῦ</span> <span class='ocrx_word' id='word_1_319' title='bbox 1333 989 1429 1024; x_wconf 85' lang='grc' dir='ltr'>γεννᾷν</span> <span class='ocrx_word' id='word_1_320' title='bbox 1448 989 1478 1016; x_wconf 87' lang='grc' dir='ltr'>τδ</span> <span class='ocrx_word' id='word_1_321' title='bbox 1508 990 1610 1023; x_wconf 76' lang='grc' dir='ltr'>κτίζειν</span> <span class='ocrx_word' id='word_1_322' title='bbox 1624 991 1728 1026; x_wconf 75' lang='grc' dir='ltr'>ἕτερον,</span> <span class='ocrx_word' id='word_1_323' title='bbox 1743 993 1822 1027; x_wconf 77' lang='grc' dir='ltr'>παρὰ</span> 
     </span>
    </p>
   </div>
   <div class='ocr_carea' id='block_1_47' title="bbox 1028 1031 1821 1074">
    <p class='ocr_par' dir='ltr' id='par_1_47' title="bbox 1028 1031 1821 1074">
     <span class='ocr_line' id='line_1_49' title="bbox 1028 1031 1821 1074; baseline 0.008 -16"><span class='ocrx_word' id='word_1_324' title='bbox 1028 1031 1133 1063; x_wconf 80' lang='grc' dir='ltr'>τούτοις</span> <span class='ocrx_word' id='word_1_325' title='bbox 1144 1032 1176 1058; x_wconf 81' lang='grc' dir='ltr'>τὸ</span> <span class='ocrx_word' id='word_1_326' title='bbox 1189 1032 1218 1064; x_wconf 79' lang='grc' dir='ltr'><strong>ἐξ</strong></span> <span class='ocrx_word' id='word_1_327' title='bbox 1233 1032 1337 1059; x_wconf 81' lang='grc' dir='ltr'>ἑαυτῶν</span> <span class='ocrx_word' id='word_1_328' title='bbox 1346 1035 1454 1070; x_wconf 80' lang='grc' dir='ltr'>γεννᾷν,</span> <span class='ocrx_word' id='word_1_329' title='bbox 1468 1035 1566 1068; x_wconf 75' lang='grc' dir='ltr'>ἔξωθεν</span> <span class='ocrx_word' id='word_1_330' title='bbox 1576 1035 1604 1062; x_wconf 81' lang='grc' dir='ltr'><strong>δὲ</strong></span> <span class='ocrx_word' id='word_1_331' title='bbox 1620 1036 1721 1069; x_wconf 79' lang='grc' dir='ltr'>κτίζειν</span> <span class='ocrx_word' id='word_1_332' title='bbox 1733 1037 1821 1074; x_wconf 77' lang='grc' dir='ltr'>ὑπάρ-</span> 
     </span>
    </p>
   </div>
   <div class='ocr_carea' id='block_1_48' title="bbox 1029 1074 1820 1116">
    <p class='ocr_par' dir='ltr' id='par_1_48' title="bbox 1029 1074 1820 1116">
     <span class='ocr_line' id='line_1_50' title="bbox 1029 1074 1820 1116; baseline 0.01 -14"><span class='ocrx_word' id='word_1_333' title='bbox 1029 1084 1081 1111; x_wconf 91' lang='grc' dir='ltr'>χει,</span> <span class='ocrx_word' id='word_1_334' title='bbox 1095 1077 1159 1113; x_wconf 79' lang='grc' dir='ltr'>παρ’</span> <span class='ocrx_word' id='word_1_335' title='bbox 1175 1074 1197 1112; x_wconf 84' lang='grc' dir='ltr'>ᾧ</span> <span class='ocrx_word' id='word_1_336' title='bbox 1211 1078 1238 1104; x_wconf 79' lang='grc' dir='ltr'><strong>δὲ</strong></span> <span class='ocrx_word' id='word_1_337' title='bbox 1254 1078 1284 1105; x_wconf 80' lang='grc' dir='ltr'><strong>τὸ</strong></span> <span class='ocrx_word' id='word_1_338' title='bbox 1293 1080 1390 1114; x_wconf 83' lang='grc' dir='ltr'>γεννᾷν</span> <span class='ocrx_word' id='word_1_339' title='bbox 1399 1080 1439 1115; x_wconf 84' lang='grc' dir='ltr'>τῷ</span> <span class='ocrx_word' id='word_1_340' title='bbox 1455 1080 1557 1113; x_wconf 75' lang='grc' dir='ltr'>κτίζειν</span> <span class='ocrx_word' id='word_1_341' title='bbox 1577 1083 1684 1115; x_wconf 76' lang='grc' dir='ltr'>ταυτὸν,</span> <span class='ocrx_word' id='word_1_342' title='bbox 1699 1083 1729 1110; x_wconf 85' lang='grc' dir='ltr'>τδ</span> <span class='ocrx_word' id='word_1_343' title='bbox 1751 1083 1820 1116; x_wconf 76' lang='grc' dir='ltr'><strong>ἔξω·</strong></span> 
     </span>
    </p>
   </div>
   <div class='ocr_carea' id='block_1_49' title="bbox 1028 1121 1819 1164">
    <p class='ocr_par' dir='ltr' id='par_1_49' title="bbox 1028 1121 1819 1164">
     <span class='ocr_line' id='line_1_51' title="bbox 1028 1121 1819 1164; baseline 0.01 -17"><span class='ocrx_word' id='word_1_344' title='bbox 1028 1121 1074 1148; x_wconf 86' lang='grc' dir='ltr'><strong>θεν</strong></span> <span class='ocrx_word' id='word_1_345' title='bbox 1090 1122 1192 1154; x_wconf 79' lang='grc' dir='ltr'>κτίζειν</span> <span class='ocrx_word' id='word_1_346' title='bbox 1202 1123 1250 1158; x_wconf 84' lang='grc' dir='ltr'><strong>οὐχ</strong></span> <span class='ocrx_word' id='word_1_347' title='bbox 1262 1124 1390 1160; x_wconf 81' lang='grc' dir='ltr'>ὑπάρχει,</span> <span class='ocrx_word' id='word_1_348' title='bbox 1416 1125 1454 1158; x_wconf 85' lang='grc' dir='ltr'><strong>ὡς</strong></span> <span class='ocrx_word' id='word_1_349' title='bbox 1468 1126 1527 1153; x_wconf 77' lang='grc' dir='ltr'><strong>οὐδὲ</strong></span> <span class='ocrx_word' id='word_1_350' title='bbox 1542 1126 1573 1153; x_wconf 80' lang='grc' dir='ltr'>τὸ</span> <span class='ocrx_word' id='word_1_351' title='bbox 1584 1126 1689 1154; x_wconf 70' lang='grc' dir='ltr'>οἴκοθεν</span> <span class='ocrx_word' id='word_1_352' title='bbox 1706 1129 1819 1164; x_wconf 81' lang='grc' dir='ltr'>γεννᾷν.</span> 
     </span>
    </p>
   </div>
   <div class='ocr_carea' id='block_1_50' title="bbox 1027 1167 1820 1211">
    <p class='ocr_par' dir='ltr' id='par_1_50' title="bbox 1027 1167 1820 1211">
     <span class='ocr_line' id='line_1_52' title="bbox 1027 1167 1820 1211; baseline 0.011 -18"><span class='ocrx_word' id='word_1_353' title='bbox 1027 1167 1058 1193; x_wconf 76' lang='lat' dir='ltr'><strong>Ei</strong></span> <span class='ocrx_word' id='word_1_354' title='bbox 1074 1167 1101 1194; x_wconf 81' lang='grc' dir='ltr'><strong>δὲ</strong></span> <span class='ocrx_word' id='word_1_355' title='bbox 1114 1168 1144 1194; x_wconf 82' lang='grc' dir='ltr'>τὸ</span> <span class='ocrx_word' id='word_1_356' title='bbox 1161 1168 1261 1200; x_wconf 76' lang='grc' dir='ltr'>ἔξωθεν</span> <span class='ocrx_word' id='word_1_357' title='bbox 1273 1170 1351 1204; x_wconf 82' lang='grc' dir='ltr'>μόνον</span> <span class='ocrx_word' id='word_1_358' title='bbox 1367 1172 1441 1207; x_wconf 81' lang='grc' dir='ltr'><strong>αὺτῷ</strong></span> <span class='ocrx_word' id='word_1_359' title='bbox 1455 1173 1651 1209; x_wconf 83' lang='grc' dir='ltr'>συγχωροῦσιν,</span> <span class='ocrx_word' id='word_1_360' title='bbox 1666 1174 1680 1202; x_wconf 82' lang='grc' dir='ltr'><strong><em>ὃ</em></strong></span> <span class='ocrx_word' id='word_1_361' title='bbox 1695 1175 1752 1201; x_wconf 81' lang='grc' dir='ltr'>ὲστι</span> <span class='ocrx_word' id='word_1_362' title='bbox 1765 1175 1820 1211; x_wconf 83' lang='grc' dir='ltr'><strong>μὲν</strong></span> 
     </span>
    </p>
   </div>
   <div class='ocr_carea' id='block_1_51' title="bbox 1027 1215 1820 1257">
    <p class='ocr_par' dir='ltr' id='par_1_51' title="bbox 1027 1215 1820 1257">
     <span class='ocr_line' id='line_1_53' title="bbox 1027 1215 1820 1257; baseline 0.011 -18"><span class='ocrx_word' id='word_1_363' title='bbox 1027 1215 1124 1247; x_wconf 84' lang='grc' dir='ltr'>ποιεῖν,</span> <span class='ocrx_word' id='word_1_364' title='bbox 1141 1216 1238 1250; x_wconf 84' lang='grc' dir='ltr'>γεννᾷν</span> <span class='ocrx_word' id='word_1_365' title='bbox 1254 1215 1282 1242; x_wconf 80' lang='grc' dir='ltr'><strong>δὲ</strong></span> <span class='ocrx_word' id='word_1_366' title='bbox 1298 1217 1327 1243; x_wconf 79' lang='grc' dir='ltr'>οὺ</span> <span class='ocrx_word' id='word_1_367' title='bbox 1341 1216 1460 1251; x_wconf 84' lang='grc' dir='ltr'><strong>θέλουσι,</strong></span> <span class='ocrx_word' id='word_1_368' title='bbox 1489 1218 1562 1246; x_wconf 83' lang='grc' dir='ltr'>θέσει</span> <span class='ocrx_word' id='word_1_369' title='bbox 1584 1219 1660 1247; x_wconf 78' lang='grc' dir='ltr'>ἔσται</span> <span class='ocrx_word' id='word_1_370' title='bbox 1685 1221 1778 1257; x_wconf 82' lang='grc' dir='ltr'>πατὴρ</span> <span class='ocrx_word' id='word_1_371' title='bbox 1803 1221 1820 1247; x_wconf 73' lang='grc' dir='ltr'><strong>ὁ</strong></span> 
     </span>
    </p>
   </div>
   <div class='ocr_carea' id='block_1_52' title="bbox 1027 1260 1378 1297">
    <p class='ocr_par' dir='ltr' id='par_1_52' title="bbox 1027 1260 1378 1297">
     <span class='ocr_line' id='line_1_54' title="bbox 1027 1260 1378 1297; baseline 0.011 -11"><span class='ocrx_word' id='word_1_372' title='bbox 1027 1260 1097 1286; x_wconf 84' lang='grc' dir='ltr'>κατὰ</span> <span class='ocrx_word' id='word_1_373' title='bbox 1109 1260 1188 1294; x_wconf 75' lang='grc' dir='ltr'>φύσιν</span> <span class='ocrx_word' id='word_1_374' title='bbox 1204 1261 1378 1297; x_wconf 81' lang='grc' dir='ltr'>δημιουργός.</span> 
     </span>
    </p>
   </div>
   <div class='ocr_carea' id='block_1_53' title="bbox 1358 1362 1459 1389">
    <p class='ocr_par' dir='ltr' id='par_1_53' title="bbox 1358 1362 1459 1389">
     <span class='ocr_line' id='line_1_55' title="bbox 1358 1362 1459 1389; baseline 0.01 -2"><span class='ocrx_word' id='word_1_375' title='bbox 1358 1362 1459 1389; x_wconf 84' lang='grc' dir='ltr'><strong>ΑΔΛΟ.</strong></span> 
     </span>
    </p>
   </div>
   <div class='ocr_carea' id='block_1_54' title="bbox 1059 1415 1815 1456">
    <p class='ocr_par' dir='ltr' id='par_1_54' title="bbox 1059 1415 1815 1456">
     <span class='ocr_line' id='line_1_56' title="bbox 1059 1415 1815 1456; baseline 0.007 -15"><span class='ocrx_word' id='word_1_376' title='bbox 1059 1416 1090 1442; x_wconf 77' lang='grc' dir='ltr'>Εἰ</span> <span class='ocrx_word' id='word_1_377' title='bbox 1117 1415 1147 1442; x_wconf 76' lang='grc' dir='ltr'><strong>τὸ</strong></span> <span class='ocrx_word' id='word_1_378' title='bbox 1167 1417 1263 1452; x_wconf 80' lang='grc' dir='ltr'>γεννᾷν</span> <span class='ocrx_word' id='word_1_379' title='bbox 1289 1417 1336 1443; x_wconf 76' lang='grc' dir='ltr'>καὶ</span> <span class='ocrx_word' id='word_1_380' title='bbox 1353 1417 1384 1443; x_wconf 83' lang='grc' dir='ltr'>τὸ</span> <span class='ocrx_word' id='word_1_381' title='bbox 1406 1417 1510 1449; x_wconf 79' lang='grc' dir='ltr'>κτίζειν</span> <span class='ocrx_word' id='word_1_382' title='bbox 1530 1418 1606 1453; x_wconf 80' lang='grc' dir='ltr'>παρὰ</span> <span class='ocrx_word' id='word_1_383' title='bbox 1621 1418 1692 1454; x_wconf 86' lang='grc' dir='ltr'>Θεῷ,</span> <span class='ocrx_word' id='word_1_384' title='bbox 1719 1419 1815 1456; x_wconf 74' lang='grc' dir='ltr'>ἐπειδὴ</span> 
     </span>
    </p>
   </div>
   <div class='ocr_carea' id='block_1_55' title="bbox 1024 1461 1814 1501">
    <p class='ocr_par' dir='ltr' id='par_1_55' title="bbox 1024 1461 1814 1501">
     <span class='ocr_line' id='line_1_57' title="bbox 1024 1461 1814 1501; baseline 0.006 -13"><span class='ocrx_word' id='word_1_385' title='bbox 1024 1461 1180 1495; x_wconf 82' lang='grc' dir='ltr'>ἀσύνθετος,</span> <span class='ocrx_word' id='word_1_386' title='bbox 1192 1462 1288 1489; x_wconf 86' lang='grc' dir='ltr'>ταυτόν</span> <span class='ocrx_word' id='word_1_387' title='bbox 1304 1463 1388 1495; x_wconf 80' lang='grc' dir='ltr'>ἐστιν,</span> <span class='ocrx_word' id='word_1_388' title='bbox 1403 1463 1494 1490; x_wconf 74' lang='grc' dir='ltr'>οὐκέτι</span> <span class='ocrx_word' id='word_1_389' title='bbox 1521 1464 1549 1491; x_wconf 82' lang='grc' dir='ltr'><strong>δὲ</strong></span> <span class='ocrx_word' id='word_1_390' title='bbox 1576 1465 1623 1492; x_wconf 79' lang='grc' dir='ltr'>καὶ</span> <span class='ocrx_word' id='word_1_391' title='bbox 1639 1466 1704 1501; x_wconf 81' lang='grc' dir='ltr'>παρ’</span> <span class='ocrx_word' id='word_1_392' title='bbox 1727 1467 1814 1501; x_wconf 79' lang='grc' dir='ltr'>ἡμῖν.</span> 
     </span>
    </p>
   </div>
   <div class='ocr_carea' id='block_1_56' title="bbox 1023 1508 1816 1547">
    <p class='ocr_par' dir='ltr' id='par_1_56' title="bbox 1023 1508 1816 1547">
     <span class='ocr_line' id='line_1_58' title="bbox 1023 1508 1816 1547; baseline 0.004 -12"><span class='ocrx_word' id='word_1_393' title='bbox 1023 1508 1085 1535; x_wconf 76' lang='grc' dir='ltr'>ἐπεὶ</span> <span class='ocrx_word' id='word_1_394' title='bbox 1103 1508 1142 1544; x_wconf 73' lang='grc' dir='ltr'><strong>μὴ</strong></span> <span class='ocrx_word' id='word_1_395' title='bbox 1152 1509 1278 1542; x_wconf 83' lang='grc' dir='ltr'>τοιοῦτοι,</span> <span class='ocrx_word' id='word_1_396' title='bbox 1289 1509 1366 1536; x_wconf 79' lang='grc' dir='ltr'>ἔσται</span> <span class='ocrx_word' id='word_1_397' title='bbox 1375 1510 1473 1537; x_wconf 80' lang='grc' dir='ltr'>ταυτὸν</span> <span class='ocrx_word' id='word_1_398' title='bbox 1490 1511 1553 1546; x_wconf 74' lang='grc' dir='ltr'>παρ’</span> <span class='ocrx_word' id='word_1_399' title='bbox 1563 1511 1636 1547; x_wconf 77' lang='grc' dir='ltr'>αὐτῷ</span> <span class='ocrx_word' id='word_1_400' title='bbox 1645 1511 1675 1538; x_wconf 78' lang='grc' dir='ltr'>τὸ</span> <span class='ocrx_word' id='word_1_401' title='bbox 1689 1514 1816 1547; x_wconf 83' lang='grc' dir='ltr'>προνοεῖν</span> 
     </span>
    </p>
   </div>
   <div class='ocr_carea' id='block_1_57' title="bbox 185 1538 968 1593">
    <p class='ocr_par' dir='ltr' id='par_1_57' title="bbox 185 1538 965 1593">
     <span class='ocr_line' id='line_1_59' title="bbox 185 1538 965 1584; baseline 0.019 -21"><span class='ocrx_word' id='word_1_402' title='bbox 185 1538 360 1566; x_wconf 85' lang='lat' dir='ltr'><strong>nerare.Non</strong></span> <span class='ocrx_word' id='word_1_403' title='bbox 370 1541 443 1568; x_wconf 89' lang='lat' dir='ltr'><strong>enim</strong></span> <span class='ocrx_word' id='word_1_404' title='bbox 457 1541 508 1570; x_wconf 86' lang='lat' dir='ltr'><strong>hoc</strong></span> <span class='ocrx_word' id='word_1_405' title='bbox 526 1543 552 1570; x_wconf 90' lang='lat' dir='ltr'><strong>in</strong></span> <span class='ocrx_word' id='word_1_406' title='bbox 565 1545 642 1572; x_wconf 79' lang='lat' dir='ltr'><strong>nobis</strong></span> <span class='ocrx_word' id='word_1_407' title='bbox 655 1545 725 1573; x_wconf 87' lang='lat' dir='ltr'><strong>idem</strong></span> <span class='ocrx_word' id='word_1_408' title='bbox 742 1553 793 1581; x_wconf 88' lang='lat' dir='ltr'><strong>est,</strong></span> <span class='ocrx_word' id='word_1_409' title='bbox 811 1550 873 1584; x_wconf 88' lang='lat' dir='ltr'><strong>quia</strong></span> <span class='ocrx_word' id='word_1_410' title='bbox 893 1557 965 1578; x_wconf 89' lang='lat' dir='ltr'><strong>com-</strong></span> 
     </span>
     <span class='ocr_line' id='line_1_60' title="bbox 185 1581 680 1593; baseline 0 0"><span class='ocrx_word' id='word_1_411' title='bbox 185 1581 263 1593; x_wconf 55' lang='lat' dir='ltr'><strong>...&quot;Js:</strong></span> <span class='ocrx_word' id='word_1_412' title='bbox 277 1589 368 1593; x_wconf 57' lang='lat'><strong>-..-_.__</strong></span> <span class='ocrx_word' id='word_1_413' title='bbox 392 1583 420 1593; x_wconf 72' lang='grc' dir='ltr'><strong>ο·</strong></span> <span class='ocrx_word' id='word_1_414' title='bbox 529 1588 535 1593; x_wconf 87' lang='grc'>.</span> <span class='ocrx_word' id='word_1_415' title='bbox 585 1588 591 1593; x_wconf 81' lang='grc' dir='ltr'>ι</span> <span class='ocrx_word' id='word_1_416' title='bbox 643 1589 680 1593; x_wconf 81' lang='grc'>....</span> 
     </span>
    </p>
   </div>
   <div class='ocr_carea' id='block_1_58' title="bbox 1024 1538 1815 1593">
    <p class='ocr_par' dir='ltr' id='par_1_58' title="bbox 1024 1538 1815 1593">
     <span class='ocr_line' id='line_1_61' title="bbox 1024 1538 1815 1593; baseline 0.005 -12"><span class='ocrx_word' id='word_1_417' title='bbox 1024 1554 1060 1590; x_wconf 83' lang='grc' dir='ltr'><strong>τῷ</strong></span> <span class='ocrx_word' id='word_1_418' title='bbox 1075 1538 1180 1590; x_wconf 39' lang='grc' dir='ltr'>γειννᾷν.</span> <span class='ocrx_word' id='word_1_419' title='bbox 1192 1556 1229 1581; x_wconf 82' lang='grc' dir='ltr'><strong>Οὐ</strong></span> <span class='ocrx_word' id='word_1_420' title='bbox 1241 1538 1295 1592; x_wconf 71' lang='grc' dir='ltr'><strong>γάρ</strong></span> <span class='ocrx_word' id='word_1_421' title='bbox 1305 1556 1388 1583; x_wconf 82' lang='grc' dir='ltr'>ταυτὸ</span> <span class='ocrx_word' id='word_1_422' title='bbox 1402 1556 1481 1583; x_wconf 88' lang='grc' dir='ltr'>τοῦτο</span> <span class='ocrx_word' id='word_1_423' title='bbox 1494 1538 1558 1592; x_wconf 66' lang='grc' dir='ltr'>παρ’</span> <span class='ocrx_word' id='word_1_424' title='bbox 1569 1538 1645 1593; x_wconf 70' lang='grc' dir='ltr'>ἡμῖν,</span> <span class='ocrx_word' id='word_1_425' title='bbox 1661 1559 1702 1585; x_wconf 83' lang='grc' dir='ltr'><strong>ὅτι</strong></span> <span class='ocrx_word' id='word_1_426' title='bbox 1711 1538 1815 1585; x_wconf 70' lang='grc' dir='ltr'><strong>⁸σύνθε-</strong></span> 
     </span>
    </p>
   </div>
   <div class='ocr_carea' id='block_1_59' title="bbox 184 1581 968 1622">
    <p class='ocr_par' dir='ltr' id='par_1_59' title="bbox 184 1581 968 1622">
     <span class='ocr_line' id='line_1_62' title="bbox 184 1581 968 1622; baseline 0.018 -15"><span class='ocrx_word' id='word_1_427' title='bbox 184 1581 264 1615; x_wconf 84' lang='lat' dir='ltr'><strong>positi</strong></span> <span class='ocrx_word' id='word_1_428' title='bbox 276 1589 380 1611; x_wconf 88' lang='lat' dir='ltr'><strong>sumus.</strong></span> <span class='ocrx_word' id='word_1_429' title='bbox 392 1583 421 1611; x_wconf 92' lang='lat' dir='ltr'><strong>Si</strong></span> <span class='ocrx_word' id='word_1_430' title='bbox 439 1593 503 1613; x_wconf 89' lang='lat' dir='ltr'><strong>vero</strong></span> <span class='ocrx_word' id='word_1_431' title='bbox 514 1588 626 1622; x_wconf 82' lang='lat' dir='ltr'><strong>simplex</strong></span> <span class='ocrx_word' id='word_1_432' title='bbox 643 1589 715 1617; x_wconf 90' lang='lat' dir='ltr'><strong>illius</strong></span> <span class='ocrx_word' id='word_1_433' title='bbox 730 1581 826 1619; x_wconf 73' lang='lat' dir='ltr'><strong>natura</strong></span> <span class='ocrx_word' id='word_1_434' title='bbox 845 1597 872 1619; x_wconf 90' lang='lat' dir='ltr'><strong>et</strong></span> <span class='ocrx_word' id='word_1_435' title='bbox 895 1601 968 1621; x_wconf 87' lang='lat' dir='ltr'><strong>com-</strong></span> 
     </span>
    </p>
   </div>
   <div class='ocr_carea' id='block_1_60' title="bbox 184 1627 968 1669">
    <p class='ocr_par' dir='ltr' id='par_1_60' title="bbox 184 1627 968 1669">
     <span class='ocr_line' id='line_1_63' title="bbox 184 1627 968 1669; baseline 0.017 -16"><span class='ocrx_word' id='word_1_436' title='bbox 184 1627 324 1659; x_wconf 85' lang='lat' dir='ltr'><strong>positionis</strong></span> <span class='ocrx_word' id='word_1_437' title='bbox 338 1636 444 1664; x_wconf 83' lang='lat' dir='ltr'><strong>expers,</strong></span> <span class='ocrx_word' id='word_1_438' title='bbox 474 1638 534 1659; x_wconf 88' lang='lat' dir='ltr'><strong>eam</strong></span> <span class='ocrx_word' id='word_1_439' title='bbox 561 1640 620 1667; x_wconf 70' lang='lat' dir='ltr'><strong>quae</strong></span> <span class='ocrx_word' id='word_1_440' title='bbox 634 1634 660 1662; x_wconf 95' lang='lat' dir='ltr'><strong>in</strong></span> <span class='ocrx_word' id='word_1_441' title='bbox 674 1636 752 1663; x_wconf 77' lang='lat' dir='ltr'><strong>nobis</strong></span> <span class='ocrx_word' id='word_1_442' title='bbox 768 1641 819 1669; x_wconf 90' lang='lat' dir='ltr'><strong>cst,</strong></span> <span class='ocrx_word' id='word_1_443' title='bbox 839 1637 968 1666; x_wconf 81' lang='lat' dir='ltr'><strong>diﬂ‘eren-</strong></span> 
     </span>
    </p>
   </div>
   <div class='ocr_carea' id='block_1_61' title="bbox 183 1672 968 1718">
    <p class='ocr_par' dir='ltr' id='par_1_61' title="bbox 183 1672 968 1718">
     <span class='ocr_line' id='line_1_64' title="bbox 183 1672 968 1718; baseline 0.017 -20"><span class='ocrx_word' id='word_1_444' title='bbox 183 1672 259 1706; x_wconf 88' lang='lat' dir='ltr'><strong>tiam,</strong></span> <span class='ocrx_word' id='word_1_445' title='bbox 277 1681 330 1701; x_wconf 92' lang='lat' dir='ltr'><strong>non</strong></span> <span class='ocrx_word' id='word_1_446' title='bbox 347 1675 482 1703; x_wconf 83' lang='lat' dir='ltr'><strong>diversum</strong></span> <span class='ocrx_word' id='word_1_447' title='bbox 500 1678 533 1705; x_wconf 81' lang='lat' dir='ltr'><strong>ab</strong></span> <span class='ocrx_word' id='word_1_448' title='bbox 549 1685 582 1705; x_wconf 86' lang='lat' dir='ltr'><strong>eo</strong></span> <span class='ocrx_word' id='word_1_449' title='bbox 605 1687 664 1708; x_wconf 89' lang='lat' dir='ltr'><strong>esse</strong></span> <span class='ocrx_word' id='word_1_450' title='bbox 676 1682 784 1716; x_wconf 80' lang='lat' dir='ltr'><strong>coegit:</strong></span> <span class='ocrx_word' id='word_1_451' title='bbox 798 1689 832 1710; x_wconf 92' lang='lat' dir='ltr'><strong>ne</strong></span> <span class='ocrx_word' id='word_1_452' title='bbox 845 1682 895 1711; x_wconf 87' lang='lat' dir='ltr'><strong>hoc</strong></span> <span class='ocrx_word' id='word_1_453' title='bbox 913 1685 968 1718; x_wconf 88' lang='lat' dir='ltr'><strong>qui-</strong></span> 
     </span>
    </p>
   </div>
   <div class='ocr_carea' id='block_1_62' title="bbox 183 1717 968 1760">
    <p class='ocr_par' dir='ltr' id='par_1_62' title="bbox 183 1717 968 1760">
     <span class='ocr_line' id='line_1_65' title="bbox 183 1717 968 1760; baseline 0.018 -17"><span class='ocrx_word' id='word_1_454' title='bbox 183 1717 243 1745; x_wconf 88' lang='lat' dir='ltr'><strong>dem</strong></span> <span class='ocrx_word' id='word_1_455' title='bbox 257 1719 328 1753; x_wconf 88' lang='lat' dir='ltr'><strong>quod</strong></span> <span class='ocrx_word' id='word_1_456' title='bbox 343 1720 422 1748; x_wconf 81' lang='lat' dir='ltr'><strong>aliter</strong></span> <span class='ocrx_word' id='word_1_457' title='bbox 436 1726 558 1756; x_wconf 81' lang='lat' dir='ltr'><strong>generet,</strong></span> <span class='ocrx_word' id='word_1_458' title='bbox 577 1723 658 1752; x_wconf 86' lang='lat' dir='ltr'><strong>aliter</strong></span> <span class='ocrx_word' id='word_1_459' title='bbox 670 1732 755 1760; x_wconf 78' lang='lat' dir='ltr'><strong>creet,</strong></span> <span class='ocrx_word' id='word_1_460' title='bbox 774 1727 871 1756; x_wconf 78' lang='lat' dir='ltr'><strong>elﬁciet</strong></span> <span class='ocrx_word' id='word_1_461' title='bbox 886 1717 968 1758; x_wconf 20' lang='lat' dir='ltr'><strong>utrsit</strong></span> 
     </span>
    </p>
   </div>
   <div class='ocr_carea' id='block_1_63' title="bbox 183 1765 358 1800">
    <p class='ocr_par' dir='ltr' id='par_1_63' title="bbox 183 1765 358 1800">
     <span class='ocr_line' id='line_1_66' title="bbox 183 1765 358 1800; baseline 0.017 -10"><span class='ocrx_word' id='word_1_462' title='bbox 183 1765 358 1800; x_wconf 87' lang='lat' dir='ltr'><strong>compositus.</strong></span> 
     </span>
    </p>
   </div>
   <div class='ocr_carea' id='block_1_64' title="bbox 519 1826 630 1854">
    <p class='ocr_par' dir='ltr' id='par_1_64' title="bbox 519 1826 630 1854">
     <span class='ocr_line' id='line_1_67' title="bbox 519 1826 630 1854; baseline 0.009 -1"><span class='ocrx_word' id='word_1_463' title='bbox 519 1826 630 1854; x_wconf 83' lang='lat' dir='ltr'><strong>ALIUD.</strong></span> 
     </span>
    </p>
   </div>
   <div class='ocr_carea' id='block_1_65' title="bbox 217 1877 965 1921">
    <p class='ocr_par' dir='ltr' id='par_1_65' title="bbox 217 1877 965 1921">
     <span class='ocr_line' id='line_1_68' title="bbox 217 1877 965 1921; baseline 0.019 -17"><span class='ocrx_word' id='word_1_464' title='bbox 217 1877 245 1904; x_wconf 91' lang='lat' dir='ltr'><strong>Si</strong></span> <span class='ocrx_word' id='word_1_465' title='bbox 268 1885 396 1912; x_wconf 78' lang='lat' dir='ltr'><strong>generare</strong></span> <span class='ocrx_word' id='word_1_466' title='bbox 415 1880 484 1908; x_wconf 87' lang='lat' dir='ltr'><strong>idem</strong></span> <span class='ocrx_word' id='word_1_467' title='bbox 501 1887 543 1909; x_wconf 88' lang='lat' dir='ltr'><strong>est</strong></span> <span class='ocrx_word' id='word_1_468' title='bbox 555 1885 626 1917; x_wconf 91' lang='lat' dir='ltr'><strong>quod</strong></span> <span class='ocrx_word' id='word_1_469' title='bbox 639 1891 744 1919; x_wconf 83' lang='lat' dir='ltr'><strong>creare,</strong></span> <span class='ocrx_word' id='word_1_470' title='bbox 768 1894 901 1921; x_wconf 78' lang='lat' dir='ltr'><strong>generans</strong></span> <span class='ocrx_word' id='word_1_471' title='bbox 914 1891 965 1918; x_wconf 85' lang='lat' dir='ltr'><strong>erit</strong></span> 
     </span>
    </p>
   </div>
   <div class='ocr_carea' id='block_1_66' title="bbox 181 1923 964 1967">
    <p class='ocr_par' dir='ltr' id='par_1_66' title="bbox 181 1923 964 1967">
     <span class='ocr_line' id='line_1_69' title="bbox 181 1923 964 1967; baseline 0.019 -19"><span class='ocrx_word' id='word_1_472' title='bbox 181 1930 275 1950; x_wconf 77' lang='lat' dir='ltr'><strong>creatis</strong></span> <span class='ocrx_word' id='word_1_473' title='bbox 288 1923 313 1950; x_wconf 91' lang='lat' dir='ltr'><strong>id</strong></span> <span class='ocrx_word' id='word_1_474' title='bbox 343 1925 413 1959; x_wconf 87' lang='lat' dir='ltr'><strong>quod</strong></span> <span class='ocrx_word' id='word_1_475' title='bbox 442 1933 600 1961; x_wconf 76' lang='lat' dir='ltr'><strong>generatum</strong></span> <span class='ocrx_word' id='word_1_476' title='bbox 633 1935 683 1963; x_wconf 88' lang='lat' dir='ltr'><strong>est,</strong></span> <span class='ocrx_word' id='word_1_477' title='bbox 717 1936 743 1958; x_wconf 92' lang='lat' dir='ltr'><strong>et</strong></span> <span class='ocrx_word' id='word_1_478' title='bbox 773 1940 907 1967; x_wconf 75' lang='lat' dir='ltr'><strong>generatis</strong></span> <span class='ocrx_word' id='word_1_479' title='bbox 938 1936 964 1964; x_wconf 87' lang='lat' dir='ltr'><strong>id</strong></span> 
     </span>
    </p>
   </div>
   <div class='ocr_carea' id='block_1_67' title="bbox 179 1968 964 2010">
    <p class='ocr_par' dir='ltr' id='par_1_67' title="bbox 179 1968 964 2010">
     <span class='ocr_line' id='line_1_70' title="bbox 179 1968 964 2010; baseline 0.022 -16"><span class='ocrx_word' id='word_1_480' title='bbox 179 1968 249 2002; x_wconf 89' lang='lat' dir='ltr'><strong>quod</strong></span> <span class='ocrx_word' id='word_1_481' title='bbox 261 1975 380 1998; x_wconf 85' lang='lat' dir='ltr'><strong>creatum</strong></span> <span class='ocrx_word' id='word_1_482' title='bbox 396 1977 446 2000; x_wconf 82' lang='lat' dir='ltr'><strong>est.</strong></span> <span class='ocrx_word' id='word_1_483' title='bbox 458 1973 494 2000; x_wconf 82' lang='lat' dir='ltr'><strong>At</strong></span> <span class='ocrx_word' id='word_1_484' title='bbox 510 1981 574 2002; x_wconf 88' lang='lat' dir='ltr'><strong>vero</strong></span> <span class='ocrx_word' id='word_1_485' title='bbox 602 1975 691 2003; x_wconf 78' lang='lat' dir='ltr'><strong>facere</strong></span> <span class='ocrx_word' id='word_1_486' title='bbox 717 1978 774 2005; x_wconf 90' lang='lat' dir='ltr'><strong>sive</strong></span> <span class='ocrx_word' id='word_1_487' title='bbox 795 1986 891 2009; x_wconf 85' lang='lat' dir='ltr'><strong>creare</strong></span> <span class='ocrx_word' id='word_1_488' title='bbox 920 1987 964 2010; x_wconf 89' lang='lat' dir='ltr'><strong>est</strong></span> 
     </span>
    </p>
   </div>
   <div class='ocr_carea' id='block_1_68' title="bbox 179 2015 961 2056">
    <p class='ocr_par' dir='ltr' id='par_1_68' title="bbox 179 2015 961 2056">
     <span class='ocr_line' id='line_1_71' title="bbox 179 2015 961 2056; baseline 0.02 -16"><span class='ocrx_word' id='word_1_489' title='bbox 179 2015 352 2049; x_wconf 82' lang='lat' dir='ltr'><strong>operationis,</strong></span> <span class='ocrx_word' id='word_1_490' title='bbox 382 2025 514 2052; x_wconf 81' lang='lat' dir='ltr'><strong>generare</strong></span> <span class='ocrx_word' id='word_1_491' title='bbox 527 2028 591 2048; x_wconf 84' lang='lat' dir='ltr'><strong>vero</strong></span> <span class='ocrx_word' id='word_1_492' title='bbox 605 2026 717 2050; x_wconf 51' lang='lat' dir='ltr'><strong>natura.</strong></span> <span class='ocrx_word' id='word_1_493' title='bbox 734 2023 836 2052; x_wconf 83' lang='lat' dir='ltr'><strong>Natura</strong></span> <span class='ocrx_word' id='word_1_494' title='bbox 872 2032 961 2056; x_wconf 87' lang='lat' dir='ltr'><strong>autem</strong></span> 
     </span>
    </p>
   </div>
   <div class='ocr_carea' id='block_1_69' title="bbox 178 2062 962 2106">
    <p class='ocr_par' dir='ltr' id='par_1_69' title="bbox 178 2062 962 2106">
     <span class='ocr_line' id='line_1_72' title="bbox 178 2062 962 2106; baseline 0.019 -20"><span class='ocrx_word' id='word_1_495' title='bbox 178 2065 205 2086; x_wconf 88' lang='lat' dir='ltr'><strong>ct</strong></span> <span class='ocrx_word' id='word_1_496' title='bbox 219 2062 338 2096; x_wconf 85' lang='lat' dir='ltr'><strong>operatio</strong></span> <span class='ocrx_word' id='word_1_497' title='bbox 349 2071 401 2091; x_wconf 89' lang='lat' dir='ltr'><strong>non</strong></span> <span class='ocrx_word' id='word_1_498' title='bbox 413 2070 474 2093; x_wconf 86' lang='lat' dir='ltr'><strong>sunt</strong></span> <span class='ocrx_word' id='word_1_499' title='bbox 489 2066 558 2094; x_wconf 87' lang='lat' dir='ltr'><strong>idem</strong></span> <span class='ocrx_word' id='word_1_500' title='bbox 572 2074 580 2094; x_wconf 86' lang='lat'><strong>:</strong></span> <span class='ocrx_word' id='word_1_501' title='bbox 592 2075 722 2102; x_wconf 78' lang='lat' dir='ltr'><strong>generare</strong></span> <span class='ocrx_word' id='word_1_502' title='bbox 734 2069 816 2106; x_wconf 76' lang='lat' dir='ltr'><strong>igitur</strong></span> <span class='ocrx_word' id='word_1_503' title='bbox 826 2076 852 2100; x_wconf 88' lang='lat' dir='ltr'><strong>ct</strong></span> <span class='ocrx_word' id='word_1_504' title='bbox 869 2080 962 2102; x_wconf 85' lang='lat' dir='ltr'><strong>creare</strong></span> 
     </span>
    </p>
   </div>
   <div class='ocr_carea' id='block_1_70' title="bbox 178 2108 404 2136">
    <p class='ocr_par' dir='ltr' id='par_1_70' title="bbox 178 2108 404 2136">
     <span class='ocr_line' id='line_1_73' title="bbox 178 2108 404 2136; baseline 0.018 -4"><span class='ocrx_word' id='word_1_505' title='bbox 178 2113 229 2133; x_wconf 94' lang='lat' dir='ltr'><strong>non</strong></span> <span class='ocrx_word' id='word_1_506' title='bbox 245 2111 306 2134; x_wconf 86' lang='lat' dir='ltr'><strong>sunt</strong></span> <span class='ocrx_word' id='word_1_507' title='bbox 323 2108 404 2136; x_wconf 89' lang='lat' dir='ltr'><strong>idem.</strong></span> 
     </span>
    </p>
   </div>
   <div class='ocr_carea' id='block_1_71' title="bbox 507 2168 622 2197">
    <p class='ocr_par' dir='ltr' id='par_1_71' title="bbox 507 2168 622 2197">
     <span class='ocr_line' id='line_1_74' title="bbox 507 2168 622 2197; baseline 0.009 -1"><span class='ocrx_word' id='word_1_508' title='bbox 507 2168 622 2197; x_wconf 83' lang='lat' dir='ltr'><strong>ALIUD.</strong></span> 
     </span>
    </p>
   </div>
   <div class='ocr_carea' id='block_1_72' title="bbox 1023 1602 1814 1640">
    <p class='ocr_par' dir='ltr' id='par_1_72' title="bbox 1023 1602 1814 1640">
     <span class='ocr_line' id='line_1_75' title="bbox 1023 1602 1814 1640; baseline 0.005 -12"><span class='ocrx_word' id='word_1_509' title='bbox 1023 1602 1108 1628; x_wconf 83' lang='grc' dir='ltr'>τοι-εί</span> <span class='ocrx_word' id='word_1_510' title='bbox 1125 1602 1195 1629; x_wconf 81' lang='grc' dir='ltr'>δὲτὸ</span> <span class='ocrx_word' id='word_1_511' title='bbox 1211 1602 1314 1630; x_wconf 75' lang='grc' dir='ltr'>ἁπλοῦν</span> <span class='ocrx_word' id='word_1_512' title='bbox 1335 1602 1417 1629; x_wconf 83' lang='grc' dir='ltr'>αὑτοῦ</span> <span class='ocrx_word' id='word_1_513' title='bbox 1439 1603 1485 1630; x_wconf 72' lang='grc' dir='ltr'>καὶ</span> <span class='ocrx_word' id='word_1_514' title='bbox 1504 1604 1650 1631; x_wconf 81' lang='grc' dir='ltr'>ἀσύνθετον</span> <span class='ocrx_word' id='word_1_515' title='bbox 1676 1605 1726 1640; x_wconf 82' lang='grc' dir='ltr'>τὴν</span> <span class='ocrx_word' id='word_1_516' title='bbox 1745 1605 1814 1640; x_wconf 79' lang='grc' dir='ltr'>παρ’</span> 
     </span>
    </p>
   </div>
   <div class='ocr_carea' id='block_1_73' title="bbox 1024 1647 1813 1686">
    <p class='ocr_par' dir='ltr' id='par_1_73' title="bbox 1024 1647 1813 1686">
     <span class='ocr_line' id='line_1_76' title="bbox 1024 1647 1813 1686; baseline 0.006 -13"><span class='ocrx_word' id='word_1_517' title='bbox 1024 1647 1088 1682; x_wconf 84' lang='grc' dir='ltr'>ἡμῖν</span> <span class='ocrx_word' id='word_1_518' title='bbox 1099 1647 1229 1683; x_wconf 78' lang='grc' dir='ltr'>διαφορὰν</span> <span class='ocrx_word' id='word_1_519' title='bbox 1240 1649 1290 1675; x_wconf 81' lang='grc' dir='ltr'>οὐκ</span> <span class='ocrx_word' id='word_1_520' title='bbox 1307 1649 1417 1676; x_wconf 81' lang='grc' dir='ltr'>ἀλλοίαν</span> <span class='ocrx_word' id='word_1_521' title='bbox 1433 1647 1502 1676; x_wconf 77' lang='grc' dir='ltr'>εἶναι</span> <span class='ocrx_word' id='word_1_522' title='bbox 1522 1651 1588 1685; x_wconf 85' lang='grc' dir='ltr'>παρ’</span> <span class='ocrx_word' id='word_1_523' title='bbox 1605 1650 1680 1686; x_wconf 85' lang='grc' dir='ltr'>αὐτῷ</span> <span class='ocrx_word' id='word_1_524' title='bbox 1702 1651 1813 1684; x_wconf 73' lang='grc' dir='ltr'>ἐξεϐιά-</span> 
     </span>
    </p>
   </div>
   <div class='ocr_carea' id='block_1_74' title="bbox 1023 1694 1811 1734">
    <p class='ocr_par' dir='ltr' id='par_1_74' title="bbox 1023 1694 1811 1734">
     <span class='ocr_line' id='line_1_77' title="bbox 1023 1694 1811 1734; baseline 0.008 -15"><span class='ocrx_word' id='word_1_525' title='bbox 1023 1702 1097 1725; x_wconf 70' lang='lat' dir='ltr'><strong>eam,</strong></span> <span class='ocrx_word' id='word_1_526' title='bbox 1106 1694 1166 1721; x_wconf 82' lang='grc' dir='ltr'><strong>οὐδὲ</strong></span> <span class='ocrx_word' id='word_1_527' title='bbox 1179 1695 1209 1721; x_wconf 79' lang='grc' dir='ltr'>τὸ</span> <span class='ocrx_word' id='word_1_528' title='bbox 1221 1696 1318 1730; x_wconf 79' lang='grc' dir='ltr'>γεννᾷν</span> <span class='ocrx_word' id='word_1_529' title='bbox 1331 1696 1411 1722; x_wconf 75' lang='grc' dir='ltr'>αὑτὸν</span> <span class='ocrx_word' id='word_1_530' title='bbox 1421 1695 1517 1729; x_wconf 75' lang='grc' dir='ltr'>άλλως,</span> <span class='ocrx_word' id='word_1_531' title='bbox 1527 1697 1573 1723; x_wconf 73' lang='grc' dir='ltr'>καὶ</span> <span class='ocrx_word' id='word_1_532' title='bbox 1584 1697 1685 1729; x_wconf 81' lang='grc' dir='ltr'>κτίζειν</span> <span class='ocrx_word' id='word_1_533' title='bbox 1697 1697 1811 1734; x_wconf 76' lang='grc' dir='ltr'>ἑτέρως,</span> 
     </span>
    </p>
   </div>
   <div class='ocr_carea' id='block_1_75' title="bbox 1023 1738 1632 1776">
    <p class='ocr_par' dir='ltr' id='par_1_75' title="bbox 1023 1738 1632 1776">
     <span class='ocr_line' id='line_1_78' title="bbox 1023 1738 1632 1776; baseline 0.007 -12"><span class='ocrx_word' id='word_1_534' title='bbox 1023 1738 1148 1774; x_wconf 77' lang='grc' dir='ltr'>στέρησιν</span> <span class='ocrx_word' id='word_1_535' title='bbox 1164 1739 1236 1775; x_wconf 78' lang='grc' dir='ltr'>αὐτῷ</span> <span class='ocrx_word' id='word_1_536' title='bbox 1252 1739 1298 1766; x_wconf 85' lang='grc' dir='ltr'>τοῦ</span> <span class='ocrx_word' id='word_1_537' title='bbox 1315 1740 1461 1767; x_wconf 81' lang='grc' dir='ltr'>ἀσυνθέτου</span> <span class='ocrx_word' id='word_1_538' title='bbox 1476 1740 1632 1776; x_wconf 74' lang='grc' dir='ltr'>ἐργάζεται.</span> 
     </span>
    </p>
   </div>
   <div class='ocr_carea' id='block_1_76' title="bbox 1365 1841 1466 1869">
    <p class='ocr_par' dir='ltr' id='par_1_76' title="bbox 1365 1841 1466 1869">
     <span class='ocr_line' id='line_1_79' title="bbox 1365 1841 1466 1869; baseline 0.03 -3"><span class='ocrx_word' id='word_1_539' title='bbox 1365 1841 1466 1869; x_wconf 74' lang='grc' dir='ltr'><strong>ΑΛΛΟ.</strong></span> 
     </span>
    </p>
   </div>
   <div class='ocr_carea' id='block_1_77' title="bbox 1055 1895 1808 1932">
    <p class='ocr_par' dir='ltr' id='par_1_77' title="bbox 1055 1895 1808 1932">
     <span class='ocr_line' id='line_1_80' title="bbox 1055 1895 1808 1932; baseline 0.005 -11"><span class='ocrx_word' id='word_1_540' title='bbox 1055 1895 1086 1922; x_wconf 81' lang='lat' dir='ltr'><strong>Et</strong></span> <span class='ocrx_word' id='word_1_541' title='bbox 1098 1896 1135 1930; x_wconf 85' lang='grc' dir='ltr'>τῷ</span> <span class='ocrx_word' id='word_1_542' title='bbox 1145 1897 1241 1930; x_wconf 79' lang='grc' dir='ltr'>γεννᾷν</span> <span class='ocrx_word' id='word_1_543' title='bbox 1255 1897 1352 1923; x_wconf 78' lang='grc' dir='ltr'>ταυτόν</span> <span class='ocrx_word' id='word_1_544' title='bbox 1369 1898 1426 1923; x_wconf 75' lang='grc' dir='ltr'>ἐστι</span> <span class='ocrx_word' id='word_1_545' title='bbox 1440 1897 1469 1924; x_wconf 73' lang='grc' dir='ltr'><strong>τὸ</strong></span> <span class='ocrx_word' id='word_1_546' title='bbox 1481 1898 1577 1929; x_wconf 82' lang='grc' dir='ltr'>ποιεῖν,</span> <span class='ocrx_word' id='word_1_547' title='bbox 1589 1899 1603 1925; x_wconf 81' lang='grc' dir='ltr'>ὁ</span> <span class='ocrx_word' id='word_1_548' title='bbox 1614 1898 1715 1932; x_wconf 80' lang='grc' dir='ltr'>γεννῶν</span> <span class='ocrx_word' id='word_1_549' title='bbox 1730 1898 1808 1926; x_wconf 78' lang='grc' dir='ltr'>ἔσται</span> 
     </span>
    </p>
   </div>
   <div class='ocr_carea' id='block_1_78' title="bbox 1019 1941 1806 1980">
    <p class='ocr_par' dir='ltr' id='par_1_78' title="bbox 1019 1941 1806 1980">
     <span class='ocr_line' id='line_1_81' title="bbox 1019 1941 1806 1980; baseline 0.005 -13"><span class='ocrx_word' id='word_1_550' title='bbox 1019 1941 1103 1969; x_wconf 86' lang='grc' dir='ltr'>ποιῶν</span> <span class='ocrx_word' id='word_1_551' title='bbox 1126 1941 1156 1968; x_wconf 83' lang='grc' dir='ltr'><strong>τὸ</strong></span> <span class='ocrx_word' id='word_1_552' title='bbox 1180 1942 1362 1977; x_wconf 78' lang='grc' dir='ltr'>γεννώμενον,</span> <span class='ocrx_word' id='word_1_553' title='bbox 1388 1943 1434 1969; x_wconf 76' lang='grc' dir='ltr'>καὶ</span> <span class='ocrx_word' id='word_1_554' title='bbox 1456 1943 1557 1977; x_wconf 86' lang='grc' dir='ltr'>γεννῶν</span> <span class='ocrx_word' id='word_1_555' title='bbox 1577 1944 1607 1970; x_wconf 81' lang='grc' dir='ltr'><strong>τὺ</strong></span> <span class='ocrx_word' id='word_1_556' title='bbox 1632 1944 1806 1980; x_wconf 80' lang='grc' dir='ltr'>ποιούμενον,</span> 
     </span>
    </p>
   </div>
   <div class='ocr_carea' id='block_1_79' title="bbox 1024 1987 1806 2026">
    <p class='ocr_par' dir='ltr' id='par_1_79' title="bbox 1024 1987 1806 2026">
     <span class='ocr_line' id='line_1_82' title="bbox 1024 1987 1806 2026; baseline 0.006 -12"><span class='ocrx_word' id='word_1_557' title='bbox 1024 1987 1103 2014; x_wconf 81' lang='grc' dir='ltr'>Ἀλλὰ</span> <span class='ocrx_word' id='word_1_558' title='bbox 1119 1988 1149 2014; x_wconf 87' lang='grc' dir='ltr'>τὸ</span> <span class='ocrx_word' id='word_1_559' title='bbox 1161 1988 1211 2021; x_wconf 78' lang='grc' dir='ltr'><strong>μὲν</strong></span> <span class='ocrx_word' id='word_1_560' title='bbox 1225 1990 1322 2021; x_wconf 79' lang='grc' dir='ltr'>ποιεῖν,</span> <span class='ocrx_word' id='word_1_561' title='bbox 1340 1989 1480 2024; x_wconf 76' lang='grc' dir='ltr'>ἐνεργείας</span> <span class='ocrx_word' id='word_1_562' title='bbox 1506 1991 1574 2024; x_wconf 77' lang='grc' dir='ltr'>ἐστὶ,</span> <span class='ocrx_word' id='word_1_563' title='bbox 1601 1991 1708 2026; x_wconf 79' lang='grc' dir='ltr'>φύσεως</span> <span class='ocrx_word' id='word_1_564' title='bbox 1734 1991 1762 2018; x_wconf 76' lang='grc' dir='ltr'><strong>δὲ</strong></span> <span class='ocrx_word' id='word_1_565' title='bbox 1775 1992 1806 2018; x_wconf 78' lang='grc' dir='ltr'>τὸ</span> 
     </span>
    </p>
   </div>
   <div class='ocr_carea' id='block_1_80' title="bbox 1016 2034 1805 2073">
    <p class='ocr_par' dir='ltr' id='par_1_80' title="bbox 1016 2034 1805 2073">
     <span class='ocr_line' id='line_1_83' title="bbox 1016 2034 1805 2073; baseline 0.006 -14"><span class='ocrx_word' id='word_1_566' title='bbox 1016 2034 1123 2069; x_wconf 81' lang='grc' dir='ltr'>γεννᾷν.</span> <span class='ocrx_word' id='word_1_567' title='bbox 1140 2034 1222 2066; x_wconf 81' lang='grc' dir='ltr'>Φύσις</span> <span class='ocrx_word' id='word_1_568' title='bbox 1234 2035 1263 2061; x_wconf 82' lang='grc' dir='ltr'>δὲ</span> <span class='ocrx_word' id='word_1_569' title='bbox 1284 2035 1331 2061; x_wconf 74' lang='grc' dir='ltr'>καὶ</span> <span class='ocrx_word' id='word_1_570' title='bbox 1362 2035 1487 2070; x_wconf 78' lang='grc' dir='ltr'>ἐνέργεια</span> <span class='ocrx_word' id='word_1_571' title='bbox 1508 2037 1539 2063; x_wconf 85' lang='grc' dir='ltr'>οὺ</span> <span class='ocrx_word' id='word_1_572' title='bbox 1565 2037 1671 2064; x_wconf 82' lang='grc' dir='ltr'>ταυτόν·</span> <span class='ocrx_word' id='word_1_573' title='bbox 1688 2037 1738 2064; x_wconf 84' lang='grc' dir='ltr'>οὑκ</span> <span class='ocrx_word' id='word_1_574' title='bbox 1750 2037 1805 2073; x_wconf 83' lang='grc' dir='ltr'>ἄρα</span> 
     </span>
    </p>
   </div>
   <div class='ocr_carea' id='block_1_81' title="bbox 1015 2079 1536 2115">
    <p class='ocr_par' dir='ltr' id='par_1_81' title="bbox 1015 2079 1536 2115">
     <span class='ocr_line' id='line_1_84' title="bbox 1015 2079 1536 2115; baseline 0.006 -10"><span class='ocrx_word' id='word_1_575' title='bbox 1015 2079 1054 2105; x_wconf 83' lang='grc' dir='ltr'>τῶ</span> <span class='ocrx_word' id='word_1_576' title='bbox 1069 2081 1164 2115; x_wconf 82' lang='grc' dir='ltr'>γεννᾷν</span> <span class='ocrx_word' id='word_1_577' title='bbox 1187 2080 1217 2107; x_wconf 83' lang='grc' dir='ltr'>τὸ</span> <span class='ocrx_word' id='word_1_578' title='bbox 1236 2081 1323 2107; x_wconf 85' lang='grc' dir='ltr'>ποιεῖν</span> <span class='ocrx_word' id='word_1_579' title='bbox 1338 2081 1435 2108; x_wconf 82' lang='grc' dir='ltr'>ταυτὸν</span> <span class='ocrx_word' id='word_1_580' title='bbox 1449 2081 1536 2109; x_wconf 80' lang='grc' dir='ltr'>ἔσται.</span> 
     </span>
    </p>
   </div>
   <div class='ocr_carea' id='block_1_82' title="bbox 1358 2184 1460 2211">
    <p class='ocr_par' dir='ltr' id='par_1_82' title="bbox 1358 2184 1460 2211">
     <span class='ocr_line' id='line_1_85' title="bbox 1358 2184 1460 2211; baseline 0.01 -1"><span class='ocrx_word' id='word_1_581' title='bbox 1358 2184 1460 2211; x_wconf 83' lang='grc' dir='ltr'><strong>ΑΛΛΟ.</strong></span> 
     </span>
    </p>
   </div>
   <div class='ocr_carea' id='block_1_83' title="bbox 211 2218 968 2277">
    <p class='ocr_par' dir='ltr' id='par_1_83' title="bbox 211 2218 960 2265">
     <span class='ocr_line' id='line_1_86' title="bbox 211 2218 960 2265; baseline 0.019 -20"><span class='ocrx_word' id='word_1_582' title='bbox 211 2218 239 2245; x_wconf 89' lang='lat' dir='ltr'><strong>Si</strong></span> <span class='ocrx_word' id='word_1_583' title='bbox 265 2220 310 2254; x_wconf 87' lang='lat' dir='ltr'><strong>qui</strong></span> <span class='ocrx_word' id='word_1_584' title='bbox 322 2219 422 2255; x_wconf 89' lang='lat' dir='ltr'><strong>aliquid</strong></span> <span class='ocrx_word' id='word_1_585' title='bbox 439 2223 505 2251; x_wconf 79' lang='lat' dir='ltr'><strong>facit</strong></span> <span class='ocrx_word' id='word_1_586' title='bbox 522 2224 610 2258; x_wconf 79' lang='lat' dir='ltr'><strong>cpifcx</strong></span> <span class='ocrx_word' id='word_1_587' title='bbox 626 2231 677 2258; x_wconf 81' lang='lat' dir='ltr'><strong>est,</strong></span> <span class='ocrx_word' id='word_1_588' title='bbox 694 2228 739 2261; x_wconf 90' lang='lat' dir='ltr'><strong>qui</strong></span> <span class='ocrx_word' id='word_1_589' title='bbox 766 2236 830 2256; x_wconf 87' lang='lat' dir='ltr'><strong>vero</strong></span> <span class='ocrx_word' id='word_1_590' title='bbox 849 2237 960 2265; x_wconf 80' lang='lat' dir='ltr'><strong>generat</strong></span> 
     </span>
    </p>
   </div>
   <div class='ocr_carea' id='block_1_84' title="bbox 1024 2218 1799 2277">
    <p class='ocr_par' dir='ltr' id='par_1_84' title="bbox 1047 2236 1799 2277">
     <span class='ocr_line' id='line_1_87' title="bbox 1047 2236 1799 2277; baseline 0.008 -15"><span class='ocrx_word' id='word_1_591' title='bbox 1047 2236 1077 2263; x_wconf 85' lang='grc' dir='ltr'>Εἰ</span> <span class='ocrx_word' id='word_1_592' title='bbox 1089 2236 1127 2271; x_wconf 86' lang='grc' dir='ltr'>τῷ</span> <span class='ocrx_word' id='word_1_593' title='bbox 1141 2239 1227 2265; x_wconf 77' lang='grc' dir='ltr'>ποιεῖν</span> <span class='ocrx_word' id='word_1_594' title='bbox 1241 2238 1406 2274; x_wconf 79' lang='grc' dir='ltr'>δημιουργός</span> <span class='ocrx_word' id='word_1_595' title='bbox 1417 2240 1458 2272; x_wconf 80' lang='grc' dir='ltr'><strong>τῖς</strong></span> <span class='ocrx_word' id='word_1_596' title='bbox 1469 2241 1535 2273; x_wconf 73' lang='grc' dir='ltr'>ἐστι,</span> <span class='ocrx_word' id='word_1_597' title='bbox 1548 2240 1587 2276; x_wconf 80' lang='grc' dir='ltr'>τῷ</span> <span class='ocrx_word' id='word_1_598' title='bbox 1596 2241 1624 2267; x_wconf 74' lang='grc' dir='ltr'><strong>δὲ</strong></span> <span class='ocrx_word' id='word_1_599' title='bbox 1638 2242 1734 2277; x_wconf 83' lang='grc' dir='ltr'>γεννᾷν</span> <span class='ocrx_word' id='word_1_600' title='bbox 1749 2250 1799 2268; x_wconf 86' lang='grc' dir='ltr'>πα-</span> 
     </span>
    </p>
   </div>
   <div class='ocr_carea' id='block_1_85' title="bbox 175 2267 955 2307">
    <p class='ocr_par' dir='ltr' id='par_1_85' title="bbox 175 2267 955 2307">
     <span class='ocr_line' id='line_1_88' title="bbox 175 2267 955 2307; baseline 0.021 -18"><span class='ocrx_word' id='word_1_601' title='bbox 175 2267 261 2297; x_wconf 86' lang='lat' dir='ltr'><strong>pater,</strong></span> <span class='ocrx_word' id='word_1_602' title='bbox 273 2270 345 2293; x_wconf 85' lang='lat' dir='ltr'><strong>certe</strong></span> <span class='ocrx_word' id='word_1_603' title='bbox 360 2274 412 2294; x_wconf 94' lang='lat' dir='ltr'><strong>non</strong></span> <span class='ocrx_word' id='word_1_604' title='bbox 424 2273 485 2295; x_wconf 82' lang='lat' dir='ltr'><strong>sunt</strong></span> <span class='ocrx_word' id='word_1_605' title='bbox 497 2268 567 2296; x_wconf 87' lang='lat' dir='ltr'><strong>idem</strong></span> <span class='ocrx_word' id='word_1_606' title='bbox 596 2270 685 2299; x_wconf 83' lang='lat' dir='ltr'><strong>facere</strong></span> <span class='ocrx_word' id='word_1_607' title='bbox 706 2277 733 2300; x_wconf 75' lang='lat' dir='ltr'><strong>ct</strong></span> <span class='ocrx_word' id='word_1_608' title='bbox 748 2281 846 2307; x_wconf 78' lang='lat' dir='ltr'><strong>genera</strong></span> <span class='ocrx_word' id='word_1_609' title='bbox 854 2283 882 2303; x_wconf 86' lang='lat' dir='ltr'><strong>re</strong></span> <span class='ocrx_word' id='word_1_610' title='bbox 897 2286 903 2304; x_wconf 91' lang='lat'>:</span> <span class='ocrx_word' id='word_1_611' title='bbox 919 2279 955 2304; x_wconf 83' lang='lat' dir='ltr'><strong>si-</strong></span> 
     </span>
    </p>
   </div>
   <div class='ocr_carea' id='block_1_86' title="bbox 174 2309 956 2352">
    <p class='ocr_par' dir='ltr' id='par_1_86' title="bbox 174 2309 956 2352">
     <span class='ocr_line' id='line_1_89' title="bbox 174 2309 956 2352; baseline 0.02 -17"><span class='ocrx_word' id='word_1_612' title='bbox 174 2309 281 2344; x_wconf 86' lang='lat' dir='ltr'><strong>quidem</strong></span> <span class='ocrx_word' id='word_1_613' title='bbox 302 2311 373 2339; x_wconf 82' lang='lat' dir='ltr'><strong>aliud</strong></span> <span class='ocrx_word' id='word_1_614' title='bbox 393 2313 471 2348; x_wconf 75' lang='lat'><strong>185</strong></span> <span class='ocrx_word' id='word_1_615' title='bbox 495 2315 602 2348; x_wconf 89' lang='lat' dir='ltr'><strong>quidem</strong></span> <span class='ocrx_word' id='word_1_616' title='bbox 624 2321 665 2344; x_wconf 91' lang='lat' dir='ltr'><strong>est</strong></span> <span class='ocrx_word' id='word_1_617' title='bbox 685 2325 769 2352; x_wconf 87' lang='lat' dir='ltr'><strong>pater,</strong></span> <span class='ocrx_word' id='word_1_618' title='bbox 791 2325 818 2348; x_wconf 92' lang='lat' dir='ltr'><strong>et</strong></span> <span class='ocrx_word' id='word_1_619' title='bbox 839 2322 956 2351; x_wconf 88' lang='lat' dir='ltr'><strong>vicissim</strong></span> 
     </span>
    </p>
   </div>
   <div class='ocr_carea' id='block_1_87' title="bbox 173 2356 952 2402">
    <p class='ocr_par' dir='ltr' id='par_1_87' title="bbox 173 2356 952 2402">
     <span class='ocr_line' id='line_1_90' title="bbox 173 2356 952 2402; baseline 0.019 -20"><span class='ocrx_word' id='word_1_620' title='bbox 173 2356 261 2390; x_wconf 77' lang='lat' dir='ltr'><strong>opifex</strong></span> <span class='ocrx_word' id='word_1_621' title='bbox 277 2357 359 2385; x_wconf 87' lang='lat' dir='ltr'><strong>aliud.</strong></span> <span class='ocrx_word' id='word_1_622' title='bbox 372 2358 400 2385; x_wconf 86' lang='lat' dir='ltr'><strong>Si</strong></span> <span class='ocrx_word' id='word_1_623' title='bbox 417 2367 479 2386; x_wconf 76' lang='lat' dir='ltr'><strong>vero</strong></span> <span class='ocrx_word' id='word_1_624' title='bbox 491 2360 579 2389; x_wconf 80' lang='lat' dir='ltr'><strong>facere</strong></span> <span class='ocrx_word' id='word_1_625' title='bbox 589 2362 658 2390; x_wconf 87' lang='lat' dir='ltr'><strong>idem</strong></span> <span class='ocrx_word' id='word_1_626' title='bbox 674 2369 716 2392; x_wconf 83' lang='lat' dir='ltr'><strong>est</strong></span> <span class='ocrx_word' id='word_1_627' title='bbox 730 2366 801 2400; x_wconf 88' lang='lat' dir='ltr'><strong>quod</strong></span> <span class='ocrx_word' id='word_1_628' title='bbox 811 2375 952 2402; x_wconf 79' lang='lat' dir='ltr'><strong>generare,</strong></span> 
     </span>
    </p>
   </div>
   <div class='ocr_carea' id='block_1_88' title="bbox 172 2402 956 2444">
    <p class='ocr_par' dir='ltr' id='par_1_88' title="bbox 172 2402 956 2444">
     <span class='ocr_line' id='line_1_91' title="bbox 172 2402 956 2444; baseline 0.022 -17"><span class='ocrx_word' id='word_1_629' title='bbox 172 2402 259 2437; x_wconf 80' lang='lat' dir='ltr'><strong>opifex</strong></span> <span class='ocrx_word' id='word_1_630' title='bbox 284 2404 335 2432; x_wconf 88' lang='lat' dir='ltr'><strong>erit</strong></span> <span class='ocrx_word' id='word_1_631' title='bbox 367 2409 395 2432; x_wconf 88' lang='lat' dir='ltr'><strong>et</strong></span> <span class='ocrx_word' id='word_1_632' title='bbox 428 2411 514 2440; x_wconf 86' lang='lat' dir='ltr'><strong>pater.</strong></span> <span class='ocrx_word' id='word_1_633' title='bbox 538 2408 566 2435; x_wconf 85' lang='lat' dir='ltr'><strong>Si</strong></span> <span class='ocrx_word' id='word_1_634' title='bbox 594 2414 683 2437; x_wconf 79' lang='lat' dir='ltr'><strong>autent</strong></span> <span class='ocrx_word' id='word_1_635' title='bbox 710 2412 779 2441; x_wconf 87' lang='lat' dir='ltr'><strong>lilius</strong></span> <span class='ocrx_word' id='word_1_636' title='bbox 802 2419 844 2441; x_wconf 85' lang='lat' dir='ltr'><strong>est</strong></span> <span class='ocrx_word' id='word_1_637' title='bbox 870 2415 956 2444; x_wconf 80' lang='lat' dir='ltr'><strong>factor</strong></span> 
     </span>
    </p>
   </div>
   <div class='ocr_carea' id='block_1_89' title="bbox 172 2453 953 2491">
    <p class='ocr_par' dir='ltr' id='par_1_89' title="bbox 172 2453 953 2491">
     <span class='ocr_line' id='line_1_92' title="bbox 172 2453 953 2491; baseline 0.019 -17"><span class='ocrx_word' id='word_1_638' title='bbox 172 2455 223 2475; x_wconf 85' lang='lat' dir='ltr'><strong>una</strong></span> <span class='ocrx_word' id='word_1_639' title='bbox 248 2457 308 2476; x_wconf 91' lang='lat' dir='ltr'><strong>cum</strong></span> <span class='ocrx_word' id='word_1_640' title='bbox 341 2455 427 2485; x_wconf 80' lang='lat' dir='ltr'><strong>patre,</strong></span> <span class='ocrx_word' id='word_1_641' title='bbox 457 2453 502 2487; x_wconf 89' lang='lat' dir='ltr'><strong>qni</strong></span> <span class='ocrx_word' id='word_1_642' title='bbox 524 2461 589 2482; x_wconf 91' lang='lat' dir='ltr'><strong>vero</strong></span> <span class='ocrx_word' id='word_1_643' title='bbox 616 2455 702 2485; x_wconf 83' lang='lat' dir='ltr'><strong>factor</strong></span> <span class='ocrx_word' id='word_1_644' title='bbox 732 2465 784 2491; x_wconf 85' lang='lat' dir='ltr'><strong>est,</strong></span> <span class='ocrx_word' id='word_1_645' title='bbox 801 2465 842 2487; x_wconf 89' lang='lat' dir='ltr'><strong>est</strong></span> <span class='ocrx_word' id='word_1_646' title='bbox 872 2462 953 2490; x_wconf 89' lang='lat' dir='ltr'><strong>etiam</strong></span> 
     </span>
    </p>
   </div>
   <div class='ocr_carea' id='block_1_90' title="bbox 170 2493 952 2539">
    <p class='ocr_par' dir='ltr' id='par_1_90' title="bbox 170 2493 952 2539">
     <span class='ocr_line' id='line_1_93' title="bbox 170 2493 952 2539; baseline 0.022 -21"><span class='ocrx_word' id='word_1_647' title='bbox 170 2497 246 2526; x_wconf 85' lang='lat' dir='ltr'><strong>pater</strong></span> <span class='ocrx_word' id='word_1_648' title='bbox 264 2501 270 2520; x_wconf 90' lang='lat'><strong>:</strong></span> <span class='ocrx_word' id='word_1_649' title='bbox 287 2493 358 2522; x_wconf 79' lang='lat' dir='ltr'><strong>ﬁlius</strong></span> <span class='ocrx_word' id='word_1_650' title='bbox 382 2496 462 2523; x_wconf 84' lang='lat' dir='ltr'><strong>etiam</strong></span> <span class='ocrx_word' id='word_1_651' title='bbox 482 2497 538 2533; x_wconf 85' lang='lat' dir='ltr'><strong>ipse</strong></span> <span class='ocrx_word' id='word_1_652' title='bbox 559 2500 612 2528; x_wconf 89' lang='lat' dir='ltr'><strong>erit</strong></span> <span class='ocrx_word' id='word_1_653' title='bbox 626 2507 711 2537; x_wconf 80' lang='lat' dir='ltr'><strong>pater,</strong></span> <span class='ocrx_word' id='word_1_654' title='bbox 721 2506 791 2539; x_wconf 88' lang='lat' dir='ltr'><strong>quod</strong></span> <span class='ocrx_word' id='word_1_655' title='bbox 806 2507 952 2535; x_wconf 86' lang='lat' dir='ltr'><strong>absurdum</strong></span> 
     </span>
    </p>
   </div>
   <div class='ocr_carea' id='block_1_91' title="bbox 170 2543 223 2566">
    <p class='ocr_par' dir='ltr' id='par_1_91' title="bbox 170 2543 223 2566">
     <span class='ocr_line' id='line_1_94' title="bbox 170 2543 223 2566; baseline 0.019 -2"><span class='ocrx_word' id='word_1_656' title='bbox 170 2543 223 2566; x_wconf 81' lang='lat' dir='ltr'><strong>est.</strong></span> 
     </span>
    </p>
   </div>
   <div class='ocr_carea' id='block_1_92' title="bbox 503 2599 617 2631">
    <p class='ocr_par' dir='ltr' id='par_1_92' title="bbox 503 2599 617 2631">
     <span class='ocr_line' id='line_1_95' title="bbox 503 2599 617 2631; baseline 0.026 -4"><span class='ocrx_word' id='word_1_657' title='bbox 503 2599 617 2631; x_wconf 80' lang='lat' dir='ltr'><strong>ALIUD.</strong></span> 
     </span>
    </p>
   </div>
   <div class='ocr_carea' id='block_1_93' title="bbox 205 2661 950 2711">
    <p class='ocr_par' dir='ltr' id='par_1_93' title="bbox 205 2661 950 2711">
     <span class='ocr_line' id='line_1_96' title="bbox 205 2661 950 2711; baseline 0.024 -24"><span class='ocrx_word' id='word_1_658' title='bbox 205 2661 233 2688; x_wconf 90' lang='lat' dir='ltr'><strong>Si</strong></span> <span class='ocrx_word' id='word_1_659' title='bbox 248 2662 317 2689; x_wconf 88' lang='lat' dir='ltr'><strong>idem</strong></span> <span class='ocrx_word' id='word_1_660' title='bbox 333 2669 395 2690; x_wconf 87' lang='lat' dir='ltr'><strong>sunt</strong></span> <span class='ocrx_word' id='word_1_661' title='bbox 406 2670 518 2700; x_wconf 82' lang='lat' dir='ltr'><strong>pateret</strong></span> <span class='ocrx_word' id='word_1_662' title='bbox 535 2674 651 2704; x_wconf 84' lang='lat' dir='ltr'><strong>creator,</strong></span> <span class='ocrx_word' id='word_1_663' title='bbox 669 2672 801 2707; x_wconf 85' lang='lat' dir='ltr'><strong>siquidem</strong></span> <span class='ocrx_word' id='word_1_664' title='bbox 819 2683 950 2711; x_wconf 78' lang='lat' dir='ltr'><strong>generare</strong></span> 
     </span>
    </p>
   </div>
   <div class='ocr_carea' id='block_1_94' title="bbox 168 2706 948 2755">
    <p class='ocr_par' dir='ltr' id='par_1_94' title="bbox 168 2706 948 2755">
     <span class='ocr_line' id='line_1_97' title="bbox 168 2706 948 2755; baseline 0.023 -23"><span class='ocrx_word' id='word_1_665' title='bbox 168 2706 295 2734; x_wconf 80' lang='lat' dir='ltr'><strong>etfacere</strong></span> <span class='ocrx_word' id='word_1_666' title='bbox 308 2708 378 2736; x_wconf 86' lang='lat' dir='ltr'><strong>idem</strong></span> <span class='ocrx_word' id='word_1_667' title='bbox 388 2715 459 2745; x_wconf 77' lang='lat' dir='ltr'><strong>sunt,</strong></span> <span class='ocrx_word' id='word_1_668' title='bbox 471 2717 498 2740; x_wconf 86' lang='lat' dir='ltr'><strong>et</strong></span> <span class='ocrx_word' id='word_1_669' title='bbox 511 2719 617 2743; x_wconf 83' lang='lat' dir='ltr'><strong>creator</strong></span> <span class='ocrx_word' id='word_1_670' title='bbox 631 2723 674 2744; x_wconf 90' lang='lat' dir='ltr'><strong>est</strong></span> <span class='ocrx_word' id='word_1_671' title='bbox 692 2706 789 2747; x_wconf 83' lang='lat' dir='ltr'><strong>nomen</strong></span> <span class='ocrx_word' id='word_1_672' title='bbox 813 2706 948 2755; x_wconf 64' lang='lat' dir='ltr'><strong>operatio-</strong></span> 
     </span>
    </p>
   </div>
   <div class='ocr_carea' id='block_1_95' title="bbox 167 2751 948 2796">
    <p class='ocr_par' dir='ltr' id='par_1_95' title="bbox 167 2751 948 2796">
     <span class='ocr_line' id='line_1_98' title="bbox 167 2751 948 2796; baseline 0.024 -19"><span class='ocrx_word' id='word_1_673' title='bbox 167 2751 210 2779; x_wconf 83' lang='lat' dir='ltr'><strong>nis</strong></span> <span class='ocrx_word' id='word_1_674' title='bbox 224 2759 231 2778; x_wconf 84' lang='lat'><strong>:</strong></span> <span class='ocrx_word' id='word_1_675' title='bbox 249 2757 326 2786; x_wconf 87' lang='lat' dir='ltr'><strong>pater</strong></span> <span class='ocrx_word' id='word_1_676' title='bbox 337 2762 444 2791; x_wconf 81' lang='lat' dir='ltr'><strong>quoque</strong></span> <span class='ocrx_word' id='word_1_677' title='bbox 456 2760 550 2787; x_wconf 85' lang='lat' dir='ltr'><strong>merito</strong></span> <span class='ocrx_word' id='word_1_678' title='bbox 560 2763 737 2796; x_wconf 85' lang='lat' dir='ltr'><strong>operationis,</strong></span> <span class='ocrx_word' id='word_1_679' title='bbox 763 2773 814 2793; x_wconf 90' lang='lat' dir='ltr'><strong>non</strong></span> <span class='ocrx_word' id='word_1_680' title='bbox 841 2767 948 2796; x_wconf 80' lang='lat' dir='ltr'><strong>relatio-</strong></span> 
     </span>
    </p>
   </div>
   <div class='ocr_carea' id='block_1_96' title="bbox 167 2797 947 2846">
    <p class='ocr_par' dir='ltr' id='par_1_96' title="bbox 167 2797 947 2846">
     <span class='ocr_line' id='line_1_99' title="bbox 167 2797 947 2846; baseline 0.024 -23"><span class='ocrx_word' id='word_1_681' title='bbox 167 2797 210 2824; x_wconf 90' lang='lat' dir='ltr'><strong>nis</strong></span> <span class='ocrx_word' id='word_1_682' title='bbox 223 2806 320 2827; x_wconf 86' lang='lat' dir='ltr'><strong>nomen</strong></span> <span class='ocrx_word' id='word_1_683' title='bbox 335 2800 424 2830; x_wconf 86' lang='lat' dir='ltr'><strong>l&#39;uerit.</strong></span> <span class='ocrx_word' id='word_1_684' title='bbox 444 2803 470 2832; x_wconf 93' lang='lat' dir='ltr'><strong>Si</strong></span> <span class='ocrx_word' id='word_1_685' title='bbox 489 2812 552 2833; x_wconf 90' lang='lat' dir='ltr'><strong>vero</strong></span> <span class='ocrx_word' id='word_1_686' title='bbox 564 2812 591 2834; x_wconf 88' lang='lat' dir='ltr'><strong>ct</strong></span> <span class='ocrx_word' id='word_1_687' title='bbox 617 2807 667 2835; x_wconf 89' lang='lat' dir='ltr'><strong>hoc</strong></span> <span class='ocrx_word' id='word_1_688' title='bbox 683 2815 710 2836; x_wconf 87' lang='lat' dir='ltr'><strong>et</strong></span> <span class='ocrx_word' id='word_1_689' title='bbox 727 2810 789 2838; x_wconf 92' lang='lat' dir='ltr'><strong>illud</strong></span> <span class='ocrx_word' id='word_1_690' title='bbox 812 2815 947 2846; x_wconf 84' lang='lat' dir='ltr'><strong>operatio-</strong></span> 
     </span>
    </p>
   </div>
   <div class='ocr_carea' id='block_1_97' title="bbox 166 2843 945 2893">
    <p class='ocr_par' dir='ltr' id='par_1_97' title="bbox 166 2843 945 2893">
     <span class='ocr_line' id='line_1_100' title="bbox 166 2843 945 2893; baseline 0.023 -22"><span class='ocrx_word' id='word_1_691' title='bbox 166 2843 208 2872; x_wconf 87' lang='lat' dir='ltr'><strong>nis</strong></span> <span class='ocrx_word' id='word_1_692' title='bbox 220 2851 316 2874; x_wconf 82' lang='lat' dir='ltr'><strong>nOmen</strong></span> <span class='ocrx_word' id='word_1_693' title='bbox 339 2853 400 2876; x_wconf 74' lang='lat' dir='ltr'><strong>est:</strong></span> <span class='ocrx_word' id='word_1_694' title='bbox 423 2855 494 2879; x_wconf 83' lang='lat' dir='ltr'><strong>certe</strong></span> <span class='ocrx_word' id='word_1_695' title='bbox 520 2860 572 2881; x_wconf 91' lang='lat' dir='ltr'><strong>uno</strong></span> <span class='ocrx_word' id='word_1_696' title='bbox 595 2859 674 2889; x_wconf 79' lang='lat' dir='ltr'><strong>atque</strong></span> <span class='ocrx_word' id='word_1_697' title='bbox 704 2856 798 2885; x_wconf 87' lang='lat' dir='ltr'><strong>eodem</strong></span> <span class='ocrx_word' id='word_1_698' title='bbox 827 2863 945 2893; x_wconf 81' lang='lat' dir='ltr'><strong>tempore</strong></span> 
     </span>
    </p>
   </div>
   <div class='ocr_carea' id='block_1_98' title="bbox 1012 2283 1800 2323">
    <p class='ocr_par' dir='ltr' id='par_1_98' title="bbox 1012 2283 1800 2323">
     <span class='ocr_line' id='line_1_101' title="bbox 1012 2283 1800 2323; baseline 0.008 -15"><span class='ocrx_word' id='word_1_699' title='bbox 1012 2285 1073 2317; x_wconf 70' lang='grc' dir='ltr'>τηρ,</span> <span class='ocrx_word' id='word_1_700' title='bbox 1098 2283 1148 2310; x_wconf 80' lang='grc' dir='ltr'>οὐκ</span> <span class='ocrx_word' id='word_1_701' title='bbox 1169 2284 1202 2310; x_wconf 84' lang='grc' dir='ltr'>ἂν</span> <span class='ocrx_word' id='word_1_702' title='bbox 1218 2285 1259 2319; x_wconf 86' lang='grc' dir='ltr'><strong>εῐη</strong></span> <span class='ocrx_word' id='word_1_703' title='bbox 1275 2286 1372 2312; x_wconf 77' lang='grc' dir='ltr'>ταυτὸν</span> <span class='ocrx_word' id='word_1_704' title='bbox 1386 2286 1415 2312; x_wconf 83' lang='grc' dir='ltr'>τὸ</span> <span class='ocrx_word' id='word_1_705' title='bbox 1429 2288 1516 2314; x_wconf 83' lang='grc' dir='ltr'>ποιεῖν</span> <span class='ocrx_word' id='word_1_706' title='bbox 1541 2287 1579 2323; x_wconf 87' lang='grc' dir='ltr'>τῷ</span> <span class='ocrx_word' id='word_1_707' title='bbox 1595 2289 1703 2323; x_wconf 82' lang='grc' dir='ltr'>γεννᾷν,</span> <span class='ocrx_word' id='word_1_708' title='bbox 1720 2288 1800 2323; x_wconf 78' lang='grc' dir='ltr'>εἰπερ</span> 
     </span>
    </p>
   </div>
   <div class='ocr_carea' id='block_1_99' title="bbox 1010 2328 1797 2369">
    <p class='ocr_par' dir='ltr' id='par_1_99' title="bbox 1010 2328 1797 2369">
     <span class='ocr_line' id='line_1_102' title="bbox 1010 2328 1797 2369; baseline 0.009 -15"><span class='ocrx_word' id='word_1_709' title='bbox 1010 2328 1102 2363; x_wconf 71' lang='grc' dir='ltr'>ἕτερον</span> <span class='ocrx_word' id='word_1_710' title='bbox 1116 2330 1164 2364; x_wconf 83' lang='grc' dir='ltr'><strong>μὲν</strong></span> <span class='ocrx_word' id='word_1_711' title='bbox 1180 2330 1237 2356; x_wconf 74' lang='grc' dir='ltr'>ἐστι</span> <span class='ocrx_word' id='word_1_712' title='bbox 1252 2331 1352 2366; x_wconf 80' lang='grc' dir='ltr'>πατὴρ,</span> <span class='ocrx_word' id='word_1_713' title='bbox 1365 2331 1528 2368; x_wconf 76' lang='grc' dir='ltr'>δημιουργὸς</span> <span class='ocrx_word' id='word_1_714' title='bbox 1541 2333 1569 2359; x_wconf 82' lang='grc' dir='ltr'><strong>δὲ</strong></span> <span class='ocrx_word' id='word_1_715' title='bbox 1583 2334 1683 2368; x_wconf 82' lang='grc' dir='ltr'>ὁμοίως</span> <span class='ocrx_word' id='word_1_716' title='bbox 1695 2334 1797 2369; x_wconf 73' lang='grc' dir='ltr'>ἕτερον.</span> 
     </span>
    </p>
   </div>
   <div class='ocr_carea' id='block_1_100' title="bbox 1010 2374 1797 2414">
    <p class='ocr_par' dir='ltr' id='par_1_100' title="bbox 1010 2374 1797 2414">
     <span class='ocr_line' id='line_1_103' title="bbox 1010 2374 1797 2414; baseline 0.009 -15"><span class='ocrx_word' id='word_1_717' title='bbox 1010 2374 1040 2399; x_wconf 82' lang='grc' dir='ltr'><strong>Εἰ</strong></span> <span class='ocrx_word' id='word_1_718' title='bbox 1056 2374 1084 2400; x_wconf 81' lang='grc' dir='ltr'><strong>δὲ</strong></span> <span class='ocrx_word' id='word_1_719' title='bbox 1094 2374 1133 2409; x_wconf 83' lang='grc' dir='ltr'>τῷ</span> <span class='ocrx_word' id='word_1_720' title='bbox 1144 2377 1230 2402; x_wconf 88' lang='grc' dir='ltr'>ποιεῖν</span> <span class='ocrx_word' id='word_1_721' title='bbox 1248 2377 1346 2403; x_wconf 83' lang='grc' dir='ltr'>ταυτόν</span> <span class='ocrx_word' id='word_1_722' title='bbox 1360 2378 1417 2404; x_wconf 75' lang='grc' dir='ltr'>ἐστι</span> <span class='ocrx_word' id='word_1_723' title='bbox 1436 2378 1465 2404; x_wconf 75' lang='grc' dir='ltr'>τδ</span> <span class='ocrx_word' id='word_1_724' title='bbox 1477 2379 1583 2414; x_wconf 86' lang='grc' dir='ltr'>γεννᾷν,</span> <span class='ocrx_word' id='word_1_725' title='bbox 1597 2380 1610 2405; x_wconf 83' lang='grc' dir='ltr'>ὁ</span> <span class='ocrx_word' id='word_1_726' title='bbox 1625 2380 1709 2406; x_wconf 85' lang='grc' dir='ltr'>ποιῶν</span> <span class='ocrx_word' id='word_1_727' title='bbox 1721 2379 1797 2406; x_wconf 76' lang='grc' dir='ltr'>ἔσται</span> 
     </span>
    </p>
   </div>
   <div class='ocr_carea' id='block_1_101' title="bbox 1009 2420 1797 2460">
    <p class='ocr_par' dir='ltr' id='par_1_101' title="bbox 1009 2420 1797 2460">
     <span class='ocr_line' id='line_1_104' title="bbox 1009 2420 1797 2460; baseline 0.006 -13"><span class='ocrx_word' id='word_1_728' title='bbox 1009 2420 1055 2447; x_wconf 79' lang='grc' dir='ltr'>καὶ</span> <span class='ocrx_word' id='word_1_729' title='bbox 1072 2422 1171 2457; x_wconf 76' lang='grc' dir='ltr'>πατήρ.</span> <span class='ocrx_word' id='word_1_730' title='bbox 1187 2423 1217 2448; x_wconf 78' lang='lat' dir='ltr'><strong>El</strong></span> <span class='ocrx_word' id='word_1_731' title='bbox 1240 2422 1268 2448; x_wconf 80' lang='grc' dir='ltr'><strong>δὲ</strong></span> <span class='ocrx_word' id='word_1_732' title='bbox 1295 2423 1352 2449; x_wconf 77' lang='grc' dir='ltr'>ἐστι</span> <span class='ocrx_word' id='word_1_733' title='bbox 1369 2423 1481 2459; x_wconf 86' lang='grc' dir='ltr'>ποιητὴς</span> <span class='ocrx_word' id='word_1_734' title='bbox 1501 2425 1515 2450; x_wconf 86' lang='grc' dir='ltr'><em>ὁ</em></span> <span class='ocrx_word' id='word_1_735' title='bbox 1531 2424 1588 2456; x_wconf 77' lang='grc' dir='ltr'><strong>υἱὸς</strong></span> <span class='ocrx_word' id='word_1_736' title='bbox 1611 2424 1670 2459; x_wconf 78' lang='grc' dir='ltr'><strong>ἅμα</strong></span> <span class='ocrx_word' id='word_1_737' title='bbox 1686 2425 1725 2460; x_wconf 83' lang='grc' dir='ltr'>τῷ</span> <span class='ocrx_word' id='word_1_738' title='bbox 1745 2434 1797 2452; x_wconf 84' lang='grc' dir='ltr'>πα-</span> 
     </span>
    </p>
   </div>
   <div class='ocr_carea' id='block_1_102' title="bbox 1007 2467 1795 2505">
    <p class='ocr_par' dir='ltr' id='par_1_102' title="bbox 1007 2467 1795 2505">
     <span class='ocr_line' id='line_1_105' title="bbox 1007 2467 1795 2505; baseline 0.006 -13"><span class='ocrx_word' id='word_1_739' title='bbox 1007 2467 1062 2503; x_wconf 77' lang='grc' dir='ltr'>τρὶ,</span> <span class='ocrx_word' id='word_1_740' title='bbox 1079 2468 1092 2494; x_wconf 89' lang='grc' dir='ltr'>ὁ</span> <span class='ocrx_word' id='word_1_741' title='bbox 1110 2467 1137 2493; x_wconf 81' lang='grc' dir='ltr'><strong>δὲ</strong></span> <span class='ocrx_word' id='word_1_742' title='bbox 1171 2469 1254 2494; x_wconf 81' lang='grc' dir='ltr'>ποιῶν</span> <span class='ocrx_word' id='word_1_743' title='bbox 1278 2468 1400 2496; x_wconf 77' lang='grc' dir='ltr'>ἐστικαὶ</span> <span class='ocrx_word' id='word_1_744' title='bbox 1427 2469 1528 2505; x_wconf 87' lang='grc' dir='ltr'>πατὴρ,</span> <span class='ocrx_word' id='word_1_745' title='bbox 1550 2469 1626 2497; x_wconf 82' lang='grc' dir='ltr'>ἔσται</span> <span class='ocrx_word' id='word_1_746' title='bbox 1642 2471 1688 2497; x_wconf 80' lang='grc' dir='ltr'><strong>καὶ</strong></span> <span class='ocrx_word' id='word_1_747' title='bbox 1715 2470 1795 2502; x_wconf 82' lang='grc' dir='ltr'>αὐτὸς</span> 
     </span>
    </p>
   </div>
   <div class='ocr_carea' id='block_1_103' title="bbox 1007 2513 1312 2549">
    <p class='ocr_par' dir='ltr' id='par_1_103' title="bbox 1007 2513 1312 2549">
     <span class='ocr_line' id='line_1_106' title="bbox 1007 2513 1312 2549; baseline 0.007 -10"><span class='ocrx_word' id='word_1_748' title='bbox 1007 2513 1107 2549; x_wconf 80' lang='grc' dir='ltr'>πατὴρ,</span> <span class='ocrx_word' id='word_1_749' title='bbox 1122 2514 1189 2549; x_wconf 81' lang='grc' dir='ltr'>ὅπερ</span> <span class='ocrx_word' id='word_1_750' title='bbox 1204 2514 1312 2541; x_wconf 84' lang='grc' dir='ltr'>ἄτοπον.</span> 
     </span>
    </p>
   </div>
   <div class='ocr_carea' id='block_1_104' title="bbox 1345 2614 1445 2641">
    <p class='ocr_par' dir='ltr' id='par_1_104' title="bbox 1345 2614 1445 2641">
     <span class='ocr_line' id='line_1_107' title="bbox 1345 2614 1445 2641; baseline 0.01 -1"><span class='ocrx_word' id='word_1_751' title='bbox 1345 2614 1445 2641; x_wconf 85' lang='grc' dir='ltr'><strong>ΔΛΛΟ.</strong></span> 
     </span>
    </p>
   </div>
   <div class='ocr_carea' id='block_1_105' title="bbox 1040 2680 1789 2722">
    <p class='ocr_par' dir='ltr' id='par_1_105' title="bbox 1040 2680 1789 2722">
     <span class='ocr_line' id='line_1_108' title="bbox 1040 2680 1789 2722; baseline 0.011 -17"><span class='ocrx_word' id='word_1_752' title='bbox 1040 2680 1071 2706; x_wconf 86' lang='grc' dir='ltr'>Εἰ</span> <span class='ocrx_word' id='word_1_753' title='bbox 1082 2680 1178 2706; x_wconf 78' lang='grc' dir='ltr'>ταυτόν</span> <span class='ocrx_word' id='word_1_754' title='bbox 1191 2681 1248 2706; x_wconf 77' lang='grc' dir='ltr'>ἐστι</span> <span class='ocrx_word' id='word_1_755' title='bbox 1266 2681 1357 2717; x_wconf 81' lang='grc' dir='ltr'>πατὴρ</span> <span class='ocrx_word' id='word_1_756' title='bbox 1370 2683 1416 2709; x_wconf 72' lang='grc' dir='ltr'><strong>καὶ</strong></span> <span class='ocrx_word' id='word_1_757' title='bbox 1431 2682 1607 2719; x_wconf 79' lang='grc' dir='ltr'>δημιουργὸς,</span> <span class='ocrx_word' id='word_1_758' title='bbox 1617 2685 1679 2712; x_wconf 73' lang='grc' dir='ltr'>ἐπεὶ</span> <span class='ocrx_word' id='word_1_759' title='bbox 1693 2686 1740 2712; x_wconf 79' lang='grc' dir='ltr'><strong>καὶ</strong></span> <span class='ocrx_word' id='word_1_760' title='bbox 1751 2686 1789 2722; x_wconf 81' lang='grc' dir='ltr'>τῷ</span> 
     </span>
    </p>
   </div>
   <div class='ocr_carea' id='block_1_106' title="bbox 1003 2725 1788 2768">
    <p class='ocr_par' dir='ltr' id='par_1_106' title="bbox 1003 2725 1788 2768">
     <span class='ocr_line' id='line_1_109' title="bbox 1003 2725 1788 2768; baseline 0.011 -17"><span class='ocrx_word' id='word_1_761' title='bbox 1003 2726 1099 2761; x_wconf 82' lang='grc' dir='ltr'>γεννᾷν</span> <span class='ocrx_word' id='word_1_762' title='bbox 1114 2725 1143 2752; x_wconf 80' lang='grc' dir='ltr'>τὸ</span> <span class='ocrx_word' id='word_1_763' title='bbox 1160 2728 1244 2752; x_wconf 89' lang='grc' dir='ltr'>ποιεῖν</span> <span class='ocrx_word' id='word_1_764' title='bbox 1262 2727 1359 2754; x_wconf 72' lang='grc' dir='ltr'>ταυτὸν</span> <span class='ocrx_word' id='word_1_765' title='bbox 1372 2747 1379 2758; x_wconf 82' lang='lat'><strong>,</strong></span> <span class='ocrx_word' id='word_1_766' title='bbox 1397 2728 1454 2755; x_wconf 80' lang='grc' dir='ltr'>ἐστι</span> <span class='ocrx_word' id='word_1_767' title='bbox 1471 2729 1499 2755; x_wconf 81' lang='grc' dir='ltr'><strong>δὲ</strong></span> <span class='ocrx_word' id='word_1_768' title='bbox 1522 2730 1660 2766; x_wconf 78' lang='grc' dir='ltr'>ἐνεργείας</span> <span class='ocrx_word' id='word_1_769' title='bbox 1675 2731 1760 2768; x_wconf 70' lang='grc' dir='ltr'>ὄνομα</span> <span class='ocrx_word' id='word_1_770' title='bbox 1775 2732 1788 2760; x_wconf 69' lang='grc' dir='ltr'>ὁ</span> 
     </span>
    </p>
   </div>
   <div class='ocr_carea' id='block_1_107' title="bbox 1001 2770 1785 2812">
    <p class='ocr_par' dir='ltr' id='par_1_107' title="bbox 1001 2770 1785 2812">
     <span class='ocr_line' id='line_1_110' title="bbox 1001 2770 1785 2812; baseline 0.013 -17"><span class='ocrx_word' id='word_1_771' title='bbox 1001 2770 1175 2806; x_wconf 84' lang='grc' dir='ltr'>δημιουργὸς,</span> <span class='ocrx_word' id='word_1_772' title='bbox 1194 2772 1240 2797; x_wconf 75' lang='grc' dir='ltr'><strong>καὶ</strong></span> <span class='ocrx_word' id='word_1_773' title='bbox 1254 2771 1283 2798; x_wconf 75' lang='grc' dir='ltr'>τὸ</span> <span class='ocrx_word' id='word_1_774' title='bbox 1297 2773 1387 2808; x_wconf 64' lang='grc' dir='ltr'>πατὴρ</span> <span class='ocrx_word' id='word_1_775' title='bbox 1400 2774 1510 2807; x_wconf 80' lang='grc' dir='ltr'>εἰκότως</span> <span class='ocrx_word' id='word_1_776' title='bbox 1525 2777 1673 2812; x_wconf 78' lang='grc' dir='ltr'>ἐνεργείας,</span> <span class='ocrx_word' id='word_1_777' title='bbox 1689 2778 1746 2804; x_wconf 75' lang='grc' dir='ltr'>ἀλλ’</span> <span class='ocrx_word' id='word_1_778' title='bbox 1757 2779 1785 2805; x_wconf 89' lang='grc' dir='ltr'><strong>ού</strong></span> 
     </span>
    </p>
   </div>
   <div class='ocr_carea' id='block_1_108' title="bbox 1003 2816 1784 2859">
    <p class='ocr_par' dir='ltr' id='par_1_108' title="bbox 1003 2816 1784 2859">
     <span class='ocr_line' id='line_1_111' title="bbox 1003 2816 1784 2859; baseline 0.013 -18"><span class='ocrx_word' id='word_1_779' title='bbox 1003 2816 1121 2851; x_wconf 79' lang='grc' dir='ltr'>σχέσεως</span> <span class='ocrx_word' id='word_1_780' title='bbox 1141 2817 1174 2843; x_wconf 85' lang='grc' dir='ltr'>ἂν</span> <span class='ocrx_word' id='word_1_781' title='bbox 1187 2817 1229 2852; x_wconf 72' lang='grc' dir='ltr'>εἴη</span> <span class='ocrx_word' id='word_1_782' title='bbox 1241 2826 1247 2832; x_wconf 82' lang='grc'><em>’</em></span> <span class='ocrx_word' id='word_1_783' title='bbox 1263 2819 1287 2844; x_wconf 84' lang='grc' dir='ltr'>εἰ</span> <span class='ocrx_word' id='word_1_784' title='bbox 1307 2819 1334 2845; x_wconf 78' lang='grc' dir='ltr'><strong>δὲ</strong></span> <span class='ocrx_word' id='word_1_785' title='bbox 1349 2820 1395 2846; x_wconf 83' lang='grc' dir='ltr'>καὶ</span> <span class='ocrx_word' id='word_1_786' title='bbox 1419 2822 1497 2848; x_wconf 82' lang='grc' dir='ltr'>τοῦτο</span> <span class='ocrx_word' id='word_1_787' title='bbox 1519 2823 1628 2849; x_wconf 81' lang='grc' dir='ltr'>κάκεῖνο</span> <span class='ocrx_word' id='word_1_788' title='bbox 1645 2825 1784 2859; x_wconf 76' lang='grc' dir='ltr'>ἐνεργείας</span> 
     </span>
    </p>
   </div>
   <div class='ocr_carea' id='block_1_109' title="bbox 1001 2862 1784 2903">
    <p class='ocr_par' dir='ltr' id='par_1_109' title="bbox 1001 2862 1784 2903">
     <span class='ocr_line' id='line_1_112' title="bbox 1001 2862 1784 2903; baseline 0.011 -15"><span class='ocrx_word' id='word_1_789' title='bbox 1001 2862 1069 2897; x_wconf 74' lang='grc' dir='ltr'>ἐστὶ,</span> <span class='ocrx_word' id='word_1_790' title='bbox 1087 2862 1156 2890; x_wconf 61' lang='grc' dir='ltr'>κατὰ</span> <span class='ocrx_word' id='word_1_791' title='bbox 1171 2863 1215 2891; x_wconf 70' lang='grc' dir='ltr'>τὸν</span> <span class='ocrx_word' id='word_1_792' title='bbox 1229 2863 1309 2891; x_wconf 73' lang='grc' dir='ltr'>αὑτὸν</span> <span class='ocrx_word' id='word_1_793' title='bbox 1323 2865 1417 2900; x_wconf 81' lang='grc' dir='ltr'>χρόνον</span> <span class='ocrx_word' id='word_1_794' title='bbox 1431 2867 1505 2895; x_wconf 83' lang='grc' dir='ltr'>ἔσται</span> <span class='ocrx_word' id='word_1_795' title='bbox 1521 2869 1621 2903; x_wconf 77' lang='grc' dir='ltr'>γεννῶν</span> <span class='ocrx_word' id='word_1_796' title='bbox 1638 2870 1684 2898; x_wconf 72' lang='grc' dir='ltr'>καὶ</span> <span class='ocrx_word' id='word_1_797' title='bbox 1699 2870 1784 2898; x_wconf 84' lang='grc' dir='ltr'>ποιῶν</span> 
     </span>
    </p>
   </div>
  </div>
