1904 3026
58 155 102 184 515

744 159 966 190 THESAUHUS.

1625 164 1682 193 5Ῑό

57 213 152 246 δθεὸς,
175 214 225 250 τῆς
244 214 392 251 ἐνεργείας
410 217 455 244 καὶ
468 216 497 244 ὲν
510 217 548 252 τῷ
571 218 668 254 γεννᾷν
692 219 737 245 καὶ
754 220 783 245 ἐν
803 219 834 254 τᾷ

893 221 1023 249 eritDeus
1049 225 1076 249 et
1092 228 1235 257 generatis,
1250 225 1278 249 et
1291 228 1478 254 creans;cum
1505 222 1625 256 operatio
1651 228 1681 250 et

57 260 153 292 χτξζειν
160 261 211 288 οὐκ
224 261 314 293 ἄλλως
327 262 456 299 ἐχούσης.

282 364 467 408 ΛΟΓΟΣ
503 365 586 410 ΙΘ’.

56 441 129 479 Πρός
148 441 221 479 τοὺς
235 442 393 479 λέγοντας,
409 443 453 479 ὅτι
463 444 480 471 ὸ
493 443 558 476 Υἱὸς
572 445 628 472 οὐκ
641 444 727 471 ἐστιν
737 446 843 479 ἀληθι-

87 477 141 515 νός
153 478 254 515 -Λότρς
269 478 323 515 τοῦ
341 478 467 515 Πατρός,
481 479 552 515 Mf
570 479 671 513 ἕτερός
689 481 756 507 ἐστι
773 477 843 515 :iap'

89 513 183 538 αὑτὸν
192 512 231 546 τῇ
238 513 331 547 φύσει
346 515 395 540 καὶ
406 514 503 546 ξένος,
521 513 554 540 τὸ
570 514 603 540 δὲ
614 512 754 542 ἐντεῦθεν
769 512 844 543 0v}-

89 547 246 584 rzpﬁjwror,
260 547 305 574 ὅτι
317 549 370 584 Vacat
384 549 543 584 ῥμοούσιος
554 549 593 582 τῷ
608 550 708 584 Πατρὶ,
721 551 770 577 καὶ
787 553 843 578 οὐκ

87 582 210 614 ἔξωθεν,
226 582 296 610 ἀλλ’
309 583 344 610 ἐκ
364 583 419 618 τῆς
434 584 542 617 οὐσίας
558 584 645 611 ἐστὶν
663 582 770 613 αὐτοῦ.

180 636 344 672 Ἀντίθεσις
363 638 403 672 ὡς
422 639 456 666 ἐκ
476 639 536 668 τῶν
549 642 714 676 Εὐνομιου.

86 694 116 720 ει
129 693 226 728 Λόγος,
243 695 337 730 φησὶν,
350 695 365 722 6
380 695 444 728 Υἱός
457 696 541 731 ἑστιν,
562 697 705 733 ὁμοούσιον
719 699 746 725 δὲ
771 697 842 726 εἶναι

54 747 117 773 φατε
128 738 167 774 τῷ
181 739 282 774 Πατρὶ,
301 739 338 775 μὴ
363 740 542 769 διαλλαττέτω
567 743 638 771 κατὰ
661 753 686 770 τι
712 744 779 779 γοῦν
804 745 848 776 ὡς.

54 784 117 819 πρὸς
134 785 217 811 αὐτόν
230 793 238 801 ο
264 784 335 811 οὕτω
356 785 411 822 γὰρ
425 786 457 813 ἄν
469 786 511 822 εἵη
527 787 573 814 καὶ
590 788 742 822 ὁμουύσιος.
766 789 798 815 El.
813 789 842 815 δὲ

51 830 138 861 τοῦτο,
155 830 291 857 καλείσθω
305 831 350 857 καὶ
366 831 436 858 ἔστω
455 831 540 866 Λόγος
555 833 602 860 καὶ
617 833 631 859 6
651 834 756 869 Πατήρ.
768 833 840 860 Ἀλλ’

896 266 921 292 in
930 266 1057 300 creando,
1068 269 1096 294 et
1112 266 1138 294 in
1165 267 1319 302 generando
1331 267 1426 294 eodem
1445 268 1525 295 modo
1542 274 1603 295 sese
1628 267 1679 294 ha-

895 311 968 339 beat.

1058 377 1349 423 ASSERTIO
1382 378 1515 422 XIX.

895 449 1025 486 Aduersus
1037 450 1162 483 dicentes,
1178 451 1248 486 quod
1259 450 1344 478 Filius
1357 460 1408 479 non
1421 452 1455 479 sit
1468 461 1553 480 verum
1570 451 1679 479 Verbum

932 484 1023 522 Patris
1037 494 1046 512 :
1065 486 1113 522 sed,
1120 484 1238 522 diversus
1253 487 1285 512 ab
1309 487 1375 519 ipso,
1392 492 1415 514 et
1426 493 1587 522 extraneas:
1600 493 1678 522 atque

932 521 991 546 hinc
1005 521 1179 553 concluditur,
1195 521 1263 554 quod
1275 522 1546 549 consubstantialissit
1559 521 1645 555 Patri,
1654 527 1679 550 ιι

932 563 983 582 non
999 555 1170 587 extrinsecus,
1185 556 1229 582 sed
1238 564 1269 582 ex
1278 557 1358 590 ipsius
1375 558 1498 584 essentia.

1163 642 1283 677 Objectio
1311 641 1447 672 Eunomil.

928 700 956 728 Si
975 699 1076 731 Filius.
1103 699 1201 734 inquit,
1226 703 1269 726 est
1296 698 1426 731 Verbum,
1450 698 1680 727 consubstantiale

893 753 956 773 vero
973 746 999 773 id
1015 753 1075 773 esse
1091 745 1179 773 dicitis
1193 744 1267 772 Patri
1283 751 1289 770 :
1307 744 1381 771 nulla
1402 744 1484 779 igitur
1497 745 1523 771 in
1552 751 1628 780 parte
1644 745 1679 773 ab

892 800 924 820 eo
940 791 1060 820 dill'erat:
1078 792 1113 818 ita
1126 791 1198 819 enim
1228 790 1466 821 consubstantialis
1491 789 1580 817 fuerit.
1602 790 1679 824 Quod

892 839 913 865 si
930 839 965 865 ita
981 841 1033 870 est,
1051 841 1163 864 vocetur
1177 841 1204 863 et
1228 836 1264 863 sit
1278 836 1393 863 Verbum
1409 836 1490 863 etiam
1511 835 1600 863 Pater.
1625 836 1679 864 Sed

51 876 79 902 οὐ
95 876 277 911 παραδέξεται
298 877 377 904 τοῦτο
396 878 445 913 τῆς
468 878 543 910 Θείας
559 879 671 914 Γραφῆς
694 881 708 906 6
725 881 834 914 σκοπὸς¹

893 884 986 912 divinae
1004 883 1151 918 Scriptura:
1171 889 1279 916 scopus,
1301 886 1327 909 et
1354 886 1508 908 sanctorum
1537 882 1678 916 apostolo—

51 922 156 949 καὶτῶν
174 922 260 956 ἁγίων
273 923 430 950 ἀποστόλων
443 923 473 950 τὸ
492 924 631 960 κήρυγμα.
659 926 768 961 Πατέρα
784 926 837 962 γὰρ

50 965 99 994 οἶδε
113 968 159 995 τὸν
183 969 295 1004 Πατέρα
309 969 356 995 καὶ
372 969 421 1004 οὺχ
432 969 495 996 Υῑόν
504 978 510 985 ’
524 971 571 997 καὶ
587 971 666 998 πάλιν
679 971 723 998 τὸν
735 972 798 999 Υῐὸν
809 973 838 1000 ἐν

52 1014 114 1051 μόνῃ
130 1016 163 1050 τῇ
177 1014 224 1041 τοῦ
243 1014 309 1041 Υιοῦ
323 1015 494 1051 προσηγορίᾳ
508 1018 605 1051 τηρεῖ,
627 1018 677 1044 οὐκ
697 1017 770 1045 ἐῶσα
784 1027 838 1046 κα-

50 1060 148 1086 λεῖσθαι
162 1060 225 1086 οὐδὲ
241 1058 311 1087 εἶναι
326 1060 437 1096 Πατέρα
447 1068 454 1076 ·
470 1061 564 1097 ἕτερος
588 1062 643 1098 ἄρα
667 1063 732 1099 παρ’
756 1064 839 1091 αὐτόν

51 1107 102 1132 ἐστι
115 1106 163 1132 καὶ
185 1106 337 1141 διεστηκὼς
361 1106 432 1133 κατὰ
446 1107 496 1142 τὴν
512 1107 617 1136 οὐσίαν.
644 1109 750 1136 Οὐκοῦν
777 1109 838 1136 οὐδὲ

49 1153 128 1186 Λὸγος
139 1152 280 1188 ἀληθινὸς,
296 1152 356 1179 οὐδὲ
372 1152 401 1185 ἐξ
412 1152 493 1179 αὑτοῦ
509 1153 647 1189 προελθὼν
661 1155 676 1181 6
692 1154 773 1189 φύσει
789 1163 838 1190 με-

49 1200 222 1235 μερισμένος.

295 1256 373 1291 Πρὸς
388 1256 476 1284 τοῦτο
488 1257 590 1290 λύσις.

76 1313 129 1339 Καὶ
146 1311 200 1339 ποῦ
215 1312 263 1338 τὸν
284 1312 421 1348 Ἰωάννην,
438 1309 460 1339 ὦ
477 1312 609 1348 βέλτιστε,
630 1313 734 1348 θήσεις,
749 1313 837 1348 Λόγον

46 1357 231 1385 ἀποκαλοῦντα
248 1358 295 1384 τὸν
306 1358 380 1391 Υἱὸν,
396 1359 442 1385 καὶ
453 1358 555 1394 ταύτην
569 1358 643 1394 αὐτῷ
665 1359 837 1394 κυριωτάτην

45 1405 203 1432 ἀνατιθέντα
216 1405 267 1441 τὴν
277 1405 436 1440 ἐπωνυμίαν
449 1405 495 1431 καὶ
509 1405 559 1440 τῆς
570 1405 665 1437 οὐσίας
685 1405 768 1432 αὑτοῦ
783 1405 836 1441 μά-

44 1450 118 1477 λιστα
150 1451 345 1486 σημαντικήνς
365 1451 467 1477 Φάσκει
496 1451 567 1486 γάρ·
586 1461 595 1477 t
619 1452 662 1477 Ἑν
680 1452 751 1486 ἀρχῇ
775 1449 836 1487 ἧνό

43 1496 136 1529 Λόγος,
154 1496 204 1523 καὶ
217 1497 232 1522 ὁ
246 1496 333 1530 Λόγος
348 1494 382 1531 ἦν
397 1496 466 1532 πρὸς
478 1495 524 1523 τὸν
535 1496 612 1529 Θεὸν,
631 1496 679 1523 καὶ
692 1496 759 1529 θεὸς
773 1495 807 1532 ἦν
821 1497 835 1523 6

43 1541 134 1575 Λόγος.
151 1551 161 1567 ι
177 1542 260 1577 Ὁρᾷς
280 1542 355 1574 ὅπως
366 1542 416 1576 τῆς
430 1542 525 1574 οὐσίας
540 1542 587 1569 τοῦ
607 1543 672 1569 Υὶοῦ
692 1551 833 1578 παραστα-

42 1587 114 1613 τικόν
134 1588 195 1614 ἐστι
210 1586 351 1622 τοῦνομα,
373 1587 421 1614 καὶ
439 1588 469 1614 τὸ
484 1588 625 1615 καλεῖσθαι
644 1588 741 1623 Λόγον.
764 1589 833 1625 ὅπερ

43 1633 98 1659 ἐστὶ
113 1633 185 1659 κατὰ
198 1632 280 1667 φύσιν
298 1633 436 1668 σημαίνει.
451 1633 517 1665 Θεὸς
535 1633 589 1670 γὰρ
600 1632 634 1669 ἦν
647 1635 660 1661 6
673 1634 769 1668 Λόγος,
783 1643 835 1670 φη-

43 1677 91 1704 σίν.
107 1678 141 1705 Εἰ
159 1678 188 1704 δὲ
208 1678 246 1713 μὴ
266 1678 375 1712 φύσεως
390 1679 432 1714 εῐη
450 1679 559 1714 καὶτῆς
571 1679 664 1711 οὐσίας
685 1679 833 1716 δηλωτικὸν

44 1723 87 1750 ἐπὶ
103 1722 150 1749 τοῦ
168 1723 236 1749 Υἰοῦ
256 1723 286 1749 τὸ
301 1723 397 1757 Λόγος
412 1723 506 1759 ὕνομα,
530 1723 657 1759 σημαίνει
673 1732 699 1750 τι
724 1725 832 1758 πάντως

42 1768 142 1804 ἕτερον.
155 1769 211 1795 Καὶ
228 1769 283 1803 γὰρ
298 1768 391 1803 ζητεῖν
401 1770 559 1803 ἀναγκαῖον.
572 1769 598 1796 τι
614 1770 685 1796 κατὰ
700 1770 781 1804 φύσιν
795 1770 833 1798 ὣν

44 1813 57 1840 6
70 1814 142 1846 Υἱὸς,
156 1814 259 1849 ἐκλήθη
271 1814 367 1848 Λόγος,
379 1815 404 1841 εἰ
419 1814 455 1850 μὴ
471 1815 519 1850 τὴν
529 1815 623 1842 οὐσίαν
636 1815 719 1842 αὑτοῦ
733 1817 833 1851 σημαί-

45 1859 219 1894 νειτοῦνομσ..
237 1858 300 1886 υἶον
320 1860 434 1887 τέκτονα
451 1870 494 1892 τις
508 1861 593 1887 εἰπὼν
604 1880 611 1893 ,
629 1861 645 1897 ἦ
660 1861 781 1893 λιθοξόον
791 1881 798 1894 ,
814 1863 831 1898 ῆ

44 1906 226 1940 ταχυτράφον,
239 1905 269 1931 οὐ
281 1905 307 1932 τί
317 1906 375 1932 ἐστι
386 1906 456 1933 κατά
471 1906 551 1941 φύσιν
562 1907 760 1943 σημαινόμενον
773 1908 832 1943 ὁρί-

46 1950 125 1982 ζεται,
140 1950 199 1976 ἀλλ’
216 1947 272 1976 οἷον
286 1950 343 1984 ἔχει
359 1950 388 1976 τὸ
403 1951 572 1985 ἐπιτήδευμα
582 1950 689 1986 μηνύει.
699 1951 729 1977 El
742 1950 831 1978 τοίνυν

46 1996 71 2021 οὺ
84 1997 132 2031 τὴν
146 1995 243 2022 οὐσίαν
256 1994 305 2022 τοῦ
321 1996 387 2022 Υἱοῦ
401 1996 527 2031 σημαίνει
539 1995 669 2031 τοῦνομα,
683 1996 766 2023 καὶτὸ
780 2005 831 2022 και

46 2040 144 2066 λεῖσθαι
162 2040 261 2074 Λόγον,
277 2040 308 2066 οὐ
323 2040 348 2066 τι
371 2040 445 2067 ἐστιν
467 2040 538 2067 κατὰ
566 2040 647 2075 φύσιν
667 2041 831 2076 παρίστησιν

47 2087 130 2119 αὐτὸν,
142 2087 211 2113 ἀλλὰ
228 2086 296 2122 φέρε
313 2087 401 2113 εἰπεῖν
417 2083 473 2113 οἷον
483 2087 540 2122 ἔχει
556 2087 586 2113 τὸ
605 2087 784 2122 ἐπιτήδευμα,
805 2086 830 2114 τί

47 2133 128 2167 μάτην
142 2132 188 2158 τὸν
203 2131 402 2167 εὐαγγελιστὴν
414 2131 606 2167 θαυμάζομεν;
624 2132 687 2163 Πῶς
699 2132 727 2158 δὲ
743 2133 756 2159 6
775 2131 831 2163 υἱὸς

45 2179 139 2214 ἐκλήθη
153 2179 271 2214 βροντῆς
285 2178 323 2210 ὡς
338 2178 410 2213 μέγα
421 2187 448 2204 τι
460 2177 582 2213 λαλήσας
596 2178 645 2205 καὶ
660 2177 829 2214 ὑπέρογκον;

890 937 947 957 rum
963 928 1118 964 pragdicatio
1135 927 1162 955 id
1176 934 1228 954 non
1242 926 1344 953 ierunt.
1363 925 1470 956 Patrem
1499 926 1571 952 enim
1592 927 1680 953 sciunt

888 981 948 1002 esse
959 974 1065 1001 Patrem
1082 977 1110 1000 et
1122 980 1174 999 non
1189 971 1286 999 Filium
1302 979 1309 999 ί
1325 976 1352 998 et
1365 971 1483 998 vicissim
1504 970 1583 1001 ,Filio
1596 971 1679 998 solam

888 1019 948 1048 Filii
966 1019 1172 1055 appellationem
1187 1018 1318 1049 tribuunt,
1336 1025 1388 1045 non
1420 1022 1507 1044 autem
1521 1018 1680 1052 permittunt

888 1070 918 1092 ut
932 1070 1045 1093 vocetur
1062 1063 1153 1091 autsit
1167 1062 1268 1089 Pater:
1285 1062 1355 1089 alius
1378 1061 1469 1096 itaque
1487 1062 1521 1089 ab
1551 1062 1609 1096 ipso
1624 1067 1677 1094 est.

887 1115 914 1139 et
926 1110 1087 1139 substantia:
1098 1108 1202 1136 ratione
1215 1108 1348 1134 diversus.
1365 1106 1496 1140 Quocirca
1511 1114 1599 1141 neque
1612 1106 1679 1134 \‘er-

887 1157 949 1185 bum
963 1163 1037 1188 vere,
1055 1161 1143 1190 neque
1155 1162 1188 1182 ex
1204 1155 1263 1189 ipso
1280 1153 1412 1189 procedit,
1443 1159 1503 1180 cum
1530 1153 1565 1181 sit
1582 1157 1678 1182 natura

887 1202 1046 1237 disjunctus.

1155 1255 1258 1284 Salutio
1273 1255 1439 1290 objectiouir.

922 1315 956 1341 At
968 1314 1042 1350 quid.
1065 1314 1189 1346 obsecro,
1204 1313 1237 1341 de
1253 1312 1356 1340 Joanne
1384 1316 1500 1346 statues,
1516 1312 1562 1347 qui
1576 1311 1675 1339 Filium

886 1365 965 1387 vocat
981 1359 1112 1392 Verbum,
1129 1364 1209 1394 atque
1222 1359 1292 1386 hanc
1306 1359 1424 1386 maxime
1437 1358 1572 1392 propriam
1589 1357 1677 1393 appel-

887 1403 1014 1431 lationem
1029 1404 1052 1430 ei
1077 1403 1300 1437 tribuit,qumque
1314 1402 1461 1429 essentiam
1489 1401 1573 1434 ipsius
1588 1401 1676 1436 signi-

888 1448 1044 1477 ﬁcatissime
1054 1448 1210 1482 exprimat?
1223 1448 1267 1474 Ait
1282 1448 1353 1475 enim
1369 1456 1377 1475 :
1398 1456 1408 1474 ‹
1427 1447 1454 1474 In
1468 1447 1600 1483 principio
1615 1451 1676 1474 erat.

887 1495 1016 1527 Verbum,
1029 1498 1056 1522 et
1070 1493 1186 1521 Verbum
1203 1498 1262 1520 erat
1281 1494 1353 1528 apud
1374 1494 1468 1525 Deum,
1480 1498 1507 1520 et
1534 1493 1603 1520 Deus
1616 1496 1676 1520 erat

889 1540 1003 1569 Verbum
1020 1540 1054 1567 “.
1072 1549 1082 1564 ι
1100 1539 1180 1567 Vides
1195 1539 1331 1574 quomodo
1346 1539 1431 1573 ipsam
1446 1538 1506 1566 Filii
1523 1539 1673 1566 esscntiam

886 1586 942 1613 haec
953 1592 1003 1612 vox
1018 1584 1178 1619 explicet,et
1191 1591 1250 1611 cum
1264 1588 1375 1610 vocetur
1383 1582 1599 1619 Verbum,186
1612 1582 1677 1618 quid

885 1631 1044 1659 naturaliter
1055 1631 1090 1658 sit
1101 1630 1253 1665 signiﬁcet?
1276 1631 1345 1657 Deus
1375 1629 1460 1662 enim,
1491 1629 1588 1664 inquit,
1612 1633 1672 1657 erat

885 1677 1012 1704 Verbum.
1030 1675 1057 1703 Si
1074 1684 1136 1704 vero
1147 1683 1199 1703 vox
1221 1675 1288 1707 lucc,
1308 1674 1432 1708 Verbum,
1451 1683 1504 1703 non
1526 1675 1676 1710 explicaret

884 1723 969 1757 ipsam
988 1727 1111 1749 naturam
1137 1726 1218 1757 atque
1231 1721 1378 1749 essentiam
1391 1720 1470 1754 Filii,
1488 1720 1560 1748 aliud
1573 1719 1677 1756 aliquid

884 1767 1005 1803 profecto
1027 1767 1174 1802 signiﬁcat.
1202 1767 1382 1799 Quasrcndum
1412 1773 1495 1800 porro
1512 1766 1591 1792 nobis
1616 1768 1671 1797 est,

883 1814 1012 1848 quidnam
1029 1818 1123 1840 natura
1138 1811 1364 1840 exsistensFilius
1392 1816 1508 1840 vocatus
1539 1812 1575 1839 sit
1608 1810 1677 1839 Ver-

883 1859 958 1892 bum,
970 1859 1019 1886 nisi
1027 1866 1076 1886 vox
1088 1859 1145 1886 haec
1154 1857 1298 1885 essentiam
1313 1857 1398 1892 ipsius
1408 1858 1554 1892 signiﬁcat.
1572 1857 1674 1890 Quem-

883 1905 1025 1932 admodum
1045 1904 1067 1931 si
1084 1904 1144 1938 quis
1166 1903 1271 1930 fabrum
1290 1908 1336 1930 aut
1354 1903 1513 1930 statuarium
1526 1925 1533 1935 ,
1559 1908 1605 1930 aut
1623 1911 1675 1930 no-

883 1951 980 1978 tarium
996 1949 1079 1982 dicat,
1097 1957 1150 1976 non
1173 1949 1236 1983 quid
1269 1949 1433 1976 naturaliter
1468 1948 1514 1980 sit,
1530 1949 1577 1975 sed
1591 1949 1672 1983 quale

882 1998 944 2024 vitae
959 1996 1110 2023 institutum
1127 1999 1257 2027 sectetur,
1272 1994 1399 2028 explicat.
1420 1993 1448 2020 Si
1462 2001 1526 2029 ergo
1544 2002 1593 2021 vox
1605 1995 1674 2028 haec,

888 2041 1012 2075 Verbum,
1027 2041 1170 2069 essentiam
1187 2040 1250 2068 Filii
1267 2048 1318 2067 non
1327 2040 1472 2075 signiﬁcat,
1490 2047 1577 2075 neque
1589 2041 1674 2074 ipsius

882 2093 1004 2116 naturam
1019 2086 1149 2119 declarat,
1167 2086 1214 2113 sed
1232 2086 1295 2113 vitae
1314 2086 1398 2120 ipsius
1421 2085 1587 2118 institutum,
1623 2094 1673 2114 cur

881 2133 983 2160 frustra
1005 2132 1197 2167 evangelistam
1216 2131 1402 2158 admiramur?
1425 2130 1478 2158 Aut
1498 2139 1546 2159 cur
1559 2139 1619 2159 eum
1641 2133 1674 2160 li-

881 2177 946 2204 lium
966 2177 1077 2204 tonitrui
1094 2184 1232 2210 vocamus,
1260 2176 1336 2212 quasi
1363 2184 1490 2211 magnum
1521 2177 1621 2213 aliquid
1645 2183 1674 2206 et

45 2225 135 2251 Καίτοι
162 2225 272 2256 πολλοῖς
295 2224 401 2260 ἑτέροις
419 2224 549 2259 ὀνόμασιν
570 2223 762 2259 ἀποκαλούσης
785 2224 830 2250 τὸν

893 2223 997 2250 iublime
1013 2223 1126 2250 dixerit?
1142 2222 1222 2257 Atqui
1238 2230 1299 2249 cum
1319 2222 1410 2249 multis
1434 2223 1494 2249 aliis
1515 2224 1671 2251 nominibus

45 2270 101 2296 Tibv
112 2271 159 2306 τῆς
177 2271 254 2302 θείας
271 2271 391 2306 Γραφῖμ,
406 2270 474 2297 ἀλλὰ
485 2270 572 2305 Λόγον
586 2270 705 2306 εἰρηκὼς
716 2290 723 2302 ,
739 2270 828 2307 παρά-

45 2315 111 2348 δοξόν
126 2325 150 2343 τι
163 2317 211 2342 καὶ
225 2316 365 2351 ὑπερφυὲς
386 2316 554 2350 ἐφθέγξατο·
575 2316 623 2342 καὶ
646 2316 722 2342 οὐδὲν
737 2317 830 2353 ἕτερον

46 2361 82 2387 ἐπ’
95 2362 167 2396 αὐτῷ
182 2361 388 2397 προστέθεικεν,
398 2359 452 2388 οἷον
463 2362 509 2388 ἐπὶ
518 2362 564 2388 τοῦ
576 2361 680 2389 Παύλου
693 2362 828 2397 φαίνεται,

44 2407 80 2438 τὸ,
93 2417 101 2433 ι
115 2408 222 2439 Παῦλος
241 2407 404 2439 ἀπόστολος.
424 2417 433 2433 ›
455 2407 593 2443 Ἠρκέσθη
620 2407 648 2434 δὲ
671 2408 710 2443 τῷ
730 2409 828 2441 εἰπεῖν,

45 2454 133 2488 Λόγον,
149 2456 189 2486 εἰς
204 2455 235 2481 τὺ
250 2455 429 2490 παραστῆσαι
443 2454 488 2480 τοῦ
505 2453 571 2480 Υἱοῦ
586 2454 635 2490 τὴν
656 2453 759 2481 οὐσίαν.
775 2455 830 2481 Αὑ-

44 2500 83 2531 76;
98 2502 148 2536 ἆρα
166 2501 244 2528 ἐστὶν
258 2503 273 2527 6
285 2500 414 2536 ἀληθινὸς
427 2501 512 2535 Λόγος
531 2500 578 2527 τοῦ
594 2499 711 2535 Πατρὺς,
726 2500 773 2528 καὶ
780 2501 829 2536 οὐχ

45 2546 127 2581 ἕτερός
140 2556 182 2580 τις
199 2548 268 2583 παρ’
283 2548 399 2573 ἐκεῖνον.

385 2604 486 2631 ΛΛΛΟ.

74 2662 102 2688 Εἰ
111 2661 267 2696 διὰταύτην
280 2660 450 2695 ὑπειλήφασι
470 2661 518 2696 τὴν
534 2661 623 2688 αἰτίαν
639 2662 662 2688 οἱ
681 2661 829 2697 χριστομὰ-

45 2716 81 2742 χοι
95 2709 129 2744 μὴ
143 2707 213 2735 εἶναι
228 2708 277 2734 τὸν
289 2707 356 2734 Υἱδν
370 2707 513 2742 ὀμοούσιον
524 2707 563 2742 τῷ
579 2708 675 2742 "arpi,
685 2708 746 2734 ἐπεὶ
761 2709 829 2744 μήτε

45 2755 57 2779 6
69 2754 152 2791 Πατὴρ
167 2755 256 2789 Λόγος
274 2752 348 2783 ἐστὶ.
367 2753 436 2786 μήτε
453 2753 467 2778 6
484 2752 569 2786 Λόγος
585 2753 679 2787 Πατὴρ
690 2772 698 2786 ,
717 2752 764 2779 καὶ
780 2752 830 2788 τὴν

47 2800 145 2836 ἑνότητα
155 2801 207 2836 τῆς
223 2800 338 2835 φᾶπεως
353 2798 394 2833 τῷ
410 2798 530 2834 διαφόρῳ
546 2799 599 2825 τῶν
620 2800 758 2835 ὀνομάτων
773 2800 829 2827 δια-

75 2881 94 2896 ¹³
106 2880 180 2910 Joan.
199 2890 218 2915 t,
235 2881 259 2908 l.
303 2881 328 2896 ’³
344 2878 367 2906 ll
383 2878 449 2907 Cor.
465 2885 486 2912 t,
506 2878 517 2906 1
535 2883 561 2907 ct
578 2878 649 2906 alibi.

884 2276 960 2297 sacra
973 2268 1112 2303 Scriptura
1125 2267 1221 2294 Filium
1237 2267 1362 2302 appellet,
1380 2275 1442 2295 cum
1474 2267 1591 2295 Verbum
1622 2276 1671 2296 vo-

883 2319 937 2346 cat,
951 2314 1136 2340 admiramluin
1155 2313 1346 2348 aliquidatque
1370 2313 1498 2340 eximium
1534 2314 1618 2348 dixit;
1634 2314 1672 2341 ni-

883 2360 975 2394 hilque
986 2359 1057 2387 aliud
1072 2360 1103 2386 ad
1120 2360 1187 2386 hanc
1205 2366 1299 2386 vocem
1313 2358 1420 2392 adjecit,
1435 2362 1463 2385 ut
1484 2358 1509 2385 in
1532 2358 1615 2386 Paulo
1631 2359 1673 2386 vi-

882 2407 961 2434 detur
974 2405 1046 2438 illud,
1062 2415 1070 2431 t
1089 2405 1186 2433 Paulus
1204 2405 1341 2440 apostolus
1354 2405 1386 2431 '9.
1404 2413 1413 2430 ι
1431 2403 1543 2431 Suﬂ'ecit
1556 2404 1627 2431 enim
1645 2405 1671 2432 ci

881 2453 991 2485 dixisse,
1008 2442 1141 2483 Verbum,~
1154 2452 1187 2479 ad
1200 2452 1346 2479 essentiam
1380 2451 1441 2478 Filii
1467 2450 1669 2478 declarandam.

880 2499 939 2534 Ipse
952 2499 1042 2533 itaque
1055 2503 1096 2525 cst
1110 2505 1204 2524 verum
1233 2497 1352 2525 Verbum
1380 2497 1478 2530 Patris,
1498 2504 1550 2524 non
1580 2500 1670 2524 autem

880 2544 978 2580 aliquis
995 2543 1063 2571 alius
1075 2546 1171 2578 praster
1185 2542 1283 2577 ipsum.

1217 2597 1333 2625 ALIUD.

916 2657 943 2685 Si
957 2664 1016 2684 eam
1031 2655 1065 2684 ob
1078 2663 1186 2683 causam
1202 2654 1360 2682 existimant
1383 2654 1477 2682 hostes
1506 2652 1606 2680 Christi
1629 2651 1671 2680 Fi-

880 2703 945 2730 lium
962 2710 1014 2730 non
1027 2709 1087 2729 esse
1103 2698 1361 2729 consubstantialem
1390 2697 1477 2730 Patri,
1494 2697 1556 2732 quia
1583 2703 1671 2731 neque

881 2749 961 2777 Pater
975 2753 1016 2776 est
1032 2747 1159 2780 Verbum,
1177 2753 1263 2781 neque
1276 2744 1394 2772 Verbum
1410 2743 1500 2776 Pater,
1525 2747 1553 2770 et
1580 2742 1666 2768 unita-

881 2802 934 2825 tem
950 2801 1054 2824 natura:
1067 2796 1101 2824 ob
1114 2793 1291 2824 dilicrentiam
1306 2792 1443 2820 nominum
1461 2789 1574 2819 convelli
1591 2796 1668 2824 posse
