1904 3026
42 149 79 179 517

724 157 940 189 TIIESAURUS.

1608 177 1660 204 51⁵3

41 212 63 237 Εἰ
78 209 125 246 γὰρ
138 209 289 248 ἐθελήσαις
304 213 464 248 ἀποσώζειν
483 217 514 253 τῇ
532 216 669 253 ἀσωμάτῳ
689 218 768 252 φύσει
778 219 818 246 τοι

875 221 921 249 sit.
940 222 1006 251 Nam
1029 224 1052 252 si
1067 226 1135 254 velis
1156 234 1267 256 servare
1284 228 1450 265 incorporeae
1467 237 1569 260 natum
1593 243 1660 262 con-

40 257 91 291 αὐτῇ
109 257 278 292 κατάλληλον
291 259 380 294 λόγον
391 261 439 296 (1),
454 261 484 288 οὐ
496 261 622 298 τοιαύτην
636 261 706 289 εἶναι
719 265 822 298 νομιεῖς

40 300 73 327 τοῦ
84 301 185 336 Πατρὺς
198 303 250 337 τὴν
265 306 379 342 φωνὴν,
391 307 428 338 ὠς
442 308 481 339 εἰς
492 307 576 343 ἀκοὴν
589 308 718 344 φέρεσθαι
732 318 823 344 σωμα-

39 347 114 379 τικῶς.
123 348 158 374 Οὐ
174 348 230 384 γὰρ
244 350 333 385 μόνος
348 353 364 378 ὁ
375 352 474 389 Κύριος
487 354 640 389 ἠκροάσατο
656 355 702 382 τοῦ
716 356 823 392 Πατρὺς

39 393 158 427 λὲγοντος·
178 403 187 420 ι
203 395 262 421 Καὶ
283 397 416 430 ἐδόξασα,
431 398 479 425 καὶ
496 399 576 425 πάλιν
588 400 692 433 δοξάσω
704 409 711 416 ·
726 410 735 426 ι
755 400 823 428 ἀλλὰ

39 439 80 473 τὰρ
93 439 135 465 καὶ
148 440 173 465 οἱ
184 440 320 474 συνόντες
330 443 416 478 αὐτῷ.
431 444 570 471 Διδάσκων
584 445 612 471 δὲ
630 446 724 484 σαφῶς
733 447 746 472 6
755 446 823 483 Χρι-

41 484 97 516 στὸς,
110 485 148 511 ὅτι
158 486 266 520 κυρίως
285 489 338 514 καὶ
352 489 473 523 φυσικῶς
488 490 538 516 οὐκ
553 490 642 526 ἐκείνη
656 491 701 518 τοῦ
715 493 822 529 Πατρδς

39 529 64 566 ἦν
79 532 93 566 ἡ
106 531 187 566 φωνὴ,
206 532 280 559 ἀλλά
293 543 341 566 τις
359 535 460 567 κτύπος
474 537 547 572 φωνῇ
560 537 727 572 προσεοικὼς
743 539 822 574 ἐξήγ-

39 577 102 611 γελλε
116 577 161 603 τοῦ
174 578 287 614 Πατρὺς
299 580 353 615 τὴν
369 582 412 615 ἐφ’
427 582 485 617 Υἱῷ
507 582 643 618 βούλησιν.
658 584 712 611 Καὶ
724 585 820 622 ὅτιπερ

39 623 71 658 εἴη
87 624 170 659 τίμιος
186 625 255 661 παρ’
265 626 359 661 αὐτῷ,
374 627 448 661 λέγει
463 628 531 664 πρὸς
545 629 606 660 τοὺς
618 630 819 666 ἀκροωμένους·

43 669 88 695 (οὗ
101 669 130 695 δι’
142 670 191 705 ἐμὲ
207 671 224 704 ἡ
243 672 328 707 φωνὴ
342 672 412 708 αὕτη
430 673 553 708 γέγονεν,
575 674 643 701 ἀλλὰ
656 676 689 702 δι’
708 677 789 711 ὑμᾶς,
807 687 817 705 ι

40 715 140 750 Πρόσχες
152 716 206 752 γὰρ
217 717 352 753 ἀκριϐῶς
361 719 398 751 ὡς
409 720 458 746 οὐκ
470 720 579 755 ἔφησεν,
589 722 626 748 Οὐ
637 722 670 749 δι’
682 723 731 757 ἐμὲ
743 723 821 750 λελά-

39 762 104 796 ληκεν
122 763 136 788 6
153 763 262 799 Πατὴρ,
296 764 315 800 ἢ
345 765 468 801 ἐϐόησεν,
485 767 501 803 ἢ
528 767 621 804 ἕτερόν
644 777 670 795 τι
688 769 817 803 τοιοῦτον,

39 808 83 834 ἀλλ’
95 809 131 836 ὅτι
144 819 153 835 r
165 810 202 836 Οὐ
216 810 253 836 δι’
273 811 329 846 ἐμὲ
339 812 476 849 γέγονενή
491 813 576 849 φωνὴ,
588 814 656 841 ἀλλὰ
667 815 699 841 δι’
712 816 795 850 ὑμᾶς.
807 826 815 842 ι

40 854 62 880 Ei
74 854 153 881 τοίνυν
168 855 214 882 διά
228 865 310 888 τινος
326 857 403 890 θείας
414 859 555 894 ἐνεργείας
567 860 679 894 γέγονεν
696 862 712 896 ἡ
731 862 816 897 φωνὴ,

41 901 65 927 οὗ
75 900 113 927 διὰ
127 901 255 937 Χριστὸν,
273 903 316 935 ὡς
327 904 409 936 αὑτός
427 913 519 939 φησιν,
538 906 606 933 ἀλλὰ
620 906 664 933 διὰ
675 907 739 939 τοὺς
755 916 818 934 συν·
836 901 857 930 Β

41 947 104 978 tvm;
124 946 205 981 αὐτῷ.
221 948 375 983 ἀμήχανον
390 950 418 976 δὲ
434 947 468 985 ἦν
488 950 648 987 ἀνθρώπους
664 952 744 984 ὕντας
759 953 818 979 ἐπες

43 1001 83 1028 pro;
92 992 215 1020 δύνασθαι
233 995 339 1029 μαθεῖν
354 995 400 1022 τοῦ
411 996 517 1032 Πατρὺς
526 997 576 1033 τὴν
589 997 728 1034 βούλησιν,
745 1000 769 1026 εἰ
782 1000 818 1034 μὴ

23 1075 26 1078 ⁴
41 1038 177 1073 ἀνθρωπεία
193 1040 265 1074 πρὸς
283 1041 387 1073 αὐτοὺς
402 1042 512 1076 ἐγένετο
527 1044 603 1078 φωνή
616 1052 622 1059 ·
637 1044 665 1070 τί
682 1045 770 1080 μάτην
786 1046 819 1072 τὰ

41 1085 197 1121 οἰκονομικῶς
211 1087 351 1121 γεγονότα
369 1089 416 1115 καὶ
442 1088 620 1124 ἀνθρωπίνως
644 1090 820 1126 διοικούμενα

42 1130 136 1165 arma;
150 1131 232 1158 πάλιν
244 1133 399 1170 ἀναφέρεις
419 1135 465 1161 ἐπὶ
484 1135 536 1171 τὴν
553 1135 699 1172 ἀσώματον
713 1137 817 1170 οὐσίαν,

43 1176 216 1211 ῥιψοκινδύνως
229 1177 267 1204 τὰ
281 1179 317 1214 τῇ
332 1180 434 1215 γενητῇ
452 1180 593 1216 πρέποντα
615 1181 695 1216 φύσει
709 1183 756 1209 καὶ
773 1183 819 1209 ἐπὶ

43 1223 80 1258 τὴν
90 1224 211 1260 ἀγένητον
224 1226 385 1260 ἀνατιθείς;

369 1370 471 1397 ΔΛΛΟ.

167 1415 333 1449 Ἀγτίθεσις
345 1416 386 1449 ὡς
399 1416 433 1443 ἐκ
446 1416 506 1443 τῶν
516 1417 675 1452 Εὐνομίου.

70 1461 180 1488 Φαίνεταί
205 1471 257 1489 που
284 1463 385 1496 λέγων,
415 1463 509 1497 φασὶν,
535 1464 549 1489 6
565 1463 659 1499 Πατὴρ
683 1463 751 1499 πρὸς
772 1463 818 1491 τὸν

46 1505 107 1532 Υίὸν·
120 1516 129 1532 ι
145 1507 311 1543 Ποιήσωμεν
326 1508 479 1542 ἄνθρωπον.
497 1518 506 1534 ι
523 1508 578 1535 Καὶ
593 1509 673 1540 αὐτὸς
685 1509 721 1545 ’δὴ
736 1509 818 1536 πάλιν

45 1552 146 1588 ὀΣωτὴρ
165 1554 232 1589 πρὸς
256 1554 403 1586 Ἰουδαίους
415 1555 605 1590 διαλεγόμενος
621 1556 697 1589 λέγει
710 1563 717 1571 ·
734 1565 742 1581 ‹
753 1554 818 1583 Ἀπ’

46 1600 144 1634 ἐμαυτοῦ
159 1600 188 1626 οὺ
198 1600 286 1632 λαλῶ,
300 1601 361 1627 ἀλλ’
371 1602 421 1628 ὅσα
433 1602 536 1636 ἤκουσα
552 1601 627 1637 παρὰ
640 1601 686 1628 τοῦ
700 1602 817 1637 Πατρὺς,

45 1644 113 1672 ταῦτα
127 1646 293 1680 ἀπαγγέλλω
308 1647 384 1682 ὑμῖν.
399 1656 407 1672 ι
424 1644 543 1682 τιλρόὖν
556 1646 583 1673 εἴ
590 1656 631 1678 τις
646 1647 718 1682 ὑμᾶς
729 1647 818 1683 ἔροιτο

48 1691 96 1722 τοὺς
105 1692 145 1718 ἐπὶ
159 1692 309 1728 δογμάτων
328 1692 455 1728 ὀρθότητι
468 1693 753 1728 μεγαλαυχουμένους,
768 1694 818 1719 πό-

46 1737 107 1772 τερόν
121 1746 180 1764 ποτε
197 1738 235 1770 ὡς
254 1738 326 1774 πρὸς
343 1738 432 1765 εἰδότα
455 1738 501 1765 τὸν
518 1738 581 1766 Υίὶν
604 1740 618 1765 ὀ
642 1738 736 1775 Πατὴρ
749 1739 818 1774 ὅπερ

47 1783 135 1817 ἔμελλεν
149 1786 219 1819 ὲρεῖν
238 1785 414 1818 διαλέγεται,
436 1784 452 1819 ἢ
470 1785 507 1816 ὡς
521 1785 590 1821 πρὸς
614 1785 651 1820 μὴ
671 1785 771 1817 εἰδότα,
791 1786 817 1812 τί

47 1828 286 1866 ἇνάποκρίνοισθε;
312 1831 343 1857 Εἰ
360 1831 409 1866 μὲν
422 1829 468 1858 οὖν
480 1831 529 1857 οὐκ
546 1830 610 1864 οἶδε,
641 1831 772 1866 μανθάνει
788 1832 818 1859 δὲ

48 1875 93 1901 τότε
106 1876 242 1903 ὖτανότοῦ
265 1877 372 1912 Πατρός
396 1877 475 1912 λόγος
504 1878 573 1913 πρὸς
596 1877 675 1904 αὐτὸν
702 1878 816 1913 γένηται

49 1922 97 1956 περί
111 1923 294 1959 τινος,’ἐτερός
307 1924 365 1949 ἐστι
381 1924 456 1959 παρὰ
474 1923 518 1950 τὸν
534 1923 599 1950 ὄντα
619 1924 700 1958 φύσει
713 1933 719 1940 '
746 1925 770 1951 εί
789 1924 817 1950 δὲ

49 1963 98 1998 οἶδε,
109 1966 160 1998 πῶς
174 1968 223 1994 οὐκ
245 1967 357 2002 ἀμαθὲς
374 1968 421 1993 καὶ
448 1967 559 2002 ἀνόητον
581 1967 612 1994 τὸ
635 1965 703 2001 πρὸς
728 1967 816 1993 εἰδότα

49 2011 119 2045 λέγειν
135 2014 223 2049 ὥσπερ
249 2014 300 2040 οὑκ
321 2014 430 2046 εἰδότα;
456 2013 511 2039 Καὶ
529 2013 572 2040 ἐπ’
595 2013 746 2049 ἀνθρώπων
762 2013 817 2049 γὰρ

49 2058 86 2084 οὐκ
105 2059 150 2091 ἔξω
169 2060 252 2095 λόγου
268 2061 301 2087 τὸ
324 2060 444 2087 τοιοῦτον
459 2060 589 2087 κείσεται.
618 2060 650 2086 Εἰ
671 2059 699 2086 δὲ
716 2060 816 2087 ἄτοπον

51 2104 141 2140 τοιούτῳ
154 2107 204 2133 τινὶ
222 2105 403 2142 περιπίπτειν
424 2106 507 2145 φάν-αι
524 2106 570 2133 τὸν
585 2106 661 2138 Θεὸν,
681 2106 759 2141 δῆλον
775 2107 816 2132 ὅτι

51 2149 146 2186 ιῦςπρδς
165 2153 213 2179 οὐκ
230 2152 321 2179 εἰδότα
342 2152 427 2186 λέγει.
452 2151 521 2179 Οὔτε
542 2149 587 2178 οὗν
608 2152 690 2184 αὐτός
706 2152 780 2178 ἐστιν
802 2152 817 2178 6

51 2192 175 2228 ἐνδιάθετος
203 2197 302 2231 Λόγος,
320 2197 383 2224 οὒτε
408 2196 461 2232 μὴν
481 2195 550 2224 οἶδεν
577 2196 649 2232 ἆπερ
666 2196 788 2232 βούλεται
802 2197 816 2222 6

52 2240 102 2272 Θεὸς
116 2243 156 2268 καὶ
170 2243 275 2279 Πατὴρ,
299 2244 323 2270 εἰ
350 2243 387 2279 μὴ
403 2244 509 2278 γένοιτο
532 2242 600 2278 πρὸς
624 2242 707 2269 αὐτὸν
722 2242 735 2268 ό
752 2242 816 2277 παρ’
834 2241 856 2269 D

53 2286 117 2314 αὐτοῦ
129 2288 209 2322 λόγος,

272 2347 350 2382 Πρὸς
362 2347 449 2375 τοῦτο
467 2347 567 2380 λύσις.

81 2403 148 2430 Οὸδὲν
159 2402 202 2432 οὖν
213 2405 307 2432 διοίσει
324 2404 469 2440 προφητῶν
483 2405 497 2431 6
510 2405 540 2431 ὲν
559 2405 714 2440 προφήταις
729 2404 816 2431 λαλῶν

55 2446 90 2473 τοῦ
101 2448 158 2476 Θεοῦ
171 2451 266 2485 Λόγος,
281 2450 330 2476 καὶ
343 2449 377 2476 τὰ
393 2449 510 2485 ἐσόμενα
523 2449 689 2485 προμηνύων
705 2449 797 2481 αὐτοῖς
807 2457 815 2465 ο

56 2492 78 2517 οὺ
91 2492 135 2528 γὰρ
148 2492 216 2530 εἶχον
233 2495 269 2533 ἐξ.
283 2494 388 2522 ἑαυτῶν
404 2494 434 2521 τὺ
449 2494 549 2521 εἰδέναι
568 2494 654 2521 ταῦτα
664 2503 670 2510 ·
696 2495 769 2530 μόνῳ
788 2495 816 2522 δὲ

57 2538 148 2573 ἁρμόζει
160 2542 217 2576 Θεῷ
234 2542 400 2576 ἐσομένωνὴ
417 2542 577 2577 πρόγνωσις.
594 2541 649 2568 Καὶ
659 2541 684 2568 τί
700 2542 818 2577 ποιήσω«

59 2590 104 2617 ἕλεν.
118 2586 158 2614 τοῦ
176 2589 279 2624 Κυρίου
299 2588 395 2622 σαφῶς
414 2587 510 2614 ἑαυτὸν
533 2588 583 2623 τῆς
608 2587 677 2624 πρὸς
698 2588 818 2619 ἐκείνους

59 2629 156 2667 ίιτότητος
170 2634 407 2670 ἁποδιορίζοντος;
432 2634 465 2660 δι’
480 2630 517 2661 ὧν
542 2633 614 2660 οὕτω
640 2634 723 2669 φησίν
734 2642 740 2649 ·
761 2643 770 2660 ι
786 2635 817 2662 Εἰ

59 2675 154 2711 ὲκεὲνους
165 2678 223 2707 εἷπε
240 2680 331 2712 θεοὺς,
346 2679 413 2716 πρὸς
428 2679 474 2712 οὓς
492 2681 506 2707 6
520 2680 598 2714 λόγος
613 2680 659 2706 τοῦ
674 2680 741 2707 Θεοῦ
756 2681 817 2716 ἐγέ-

85 2752 178 2784 "Jonn.
195 2765 243 2790 xu,
255 2757 302 2785 50.
341 2757 444 2785 “Gen.
463 2765 482 2790 ι,
497 2756 542 2784 26.
580 2757 603 2773 "
615 2756 692 2785 Joan.
712 2765 759 2792 xu,
774 2759 817 2787 49.

86 2843 114 2877 ii)
128 2844 167 2873 Sic
179 2847 295 2884 Qoleler,
313 2847 338 2874 in
351 2846 513 2884 MontrnuE.
529 2847 561 2875 G.
574 2846 605 2879 ΙΙ,
616 2847 678 2876 591.
695 2847 765 2875 Edil.
782 2848 862 2884 Aul).,

62 2885 158 2913 tor/vorm
175 2883 229 2916 ﬁcri
246 2883 309 2910 ιτείίδ
328 2887 446 2909 "mnium
467 2883 534 2910 hunc
552 2891 705 2911 sermonem.
724 2884 801 2911 I‘Intr.

876 267 1029 296 venientem
1051 270 1076 297 ei
1101 272 1248 305 rationem,
1275 282 1326 301 non
1348 276 1425 303 talem
1450 284 1511 304 esse
1536 280 1660 307 censebis

874 311 963 340 Patris
995 322 1098 349 vocem,
1125 321 1153 344 ut
1176 318 1202 344 in
1233 319 1352 348 auditqu
1387 324 1564 357 corporaliter
1586 325 1659 352 fera-

874 363 927 386 tur.
969 359 1060 396 Neque
1090 363 1161 390 enim
1197 364 1269 391 solus
1304 366 1431 394 Dominus
1467 369 1570 397 audivit
1606 370 1659 398 Pa-

874 409 941 432 trem
972 406 1106 435 dicentem
1123 416 1130 435 :
1155 418 1164 435 ι
1186 409 1218 436 Ει
1235 410 1393 446 glorificavi,
1412 418 1438 440 et
1459 414 1559 442 iterum
1576 416 1660 450 glori-

875 451 971 484 ficabo,
991 462 1000 479 ι
1020 454 1065 481 sed
1083 454 1164 482 etiam
1181 456 1226 490 qui
1252 457 1366 485 Domino
1388 460 1512 488 aderant.
1532 462 1659 490 Christus

875 503 966 525 autem
988 500 1130 528 manifeste
1153 502 1251 529 docens
1274 504 1345 538 quod
1362 506 1471 540 proprie
1489 514 1521 533 ac
1546 511 1658 535 natura-

876 543 940 571 liter
961 552 1015 572 non
1031 551 1089 573 erat
1115 547 1204 575 Patris
1229 549 1272 576 illa
1293 558 1355 583 vox,
1377 551 1423 578 sed
1448 559 1530 580 sonus
1548 554 1658 587 quidam

876 589 933 615 voci
950 589 1049 617 similis
1072 593 1222 620 enuntiavit
1241 594 1329 623 Patris
1351 596 1384 623 de
1400 596 1467 624 Filio
1481 598 1658 627 voluntatem.

879 635 962 671 188
978 635 1053 668 Quod
1068 642 1157 665 autem
1179 646 1232 666 non
1253 640 1286 667 ad
1306 648 1336 669 se
1357 640 1426 668 facta
1447 642 1538 677 fuerit,
1558 645 1590 672 ad
1612 653 1658 674 eos

872 682 918 715 qui
944 690 1004 709 eum
1025 691 1121 710 sonum
1143 684 1296 718 audierant,
1313 689 1348 714 ita
1372 689 1430 716 ait:
1448 698 1457 714 ι
1475 689 1532 717 Νοη
1549 696 1659 726 propter

872 735 914 754 me
934 736 984 756 vox
1009 728 1059 756 ista
1078 730 1148 757 facta
1169 736 1220 764 est,
1238 732 1284 760 sed
1298 738 1408 767 propter
1421 742 1470 763 vos
1484 735 1515 763 ³¹.
1534 746 1543 762 ›
1562 737 1658 764 Anim-

872 774 981 801 adverte
1010 776 1082 803 enim
1108 776 1260 812 diligenter,
1287 787 1340 814 quo
1365 784 1443 815 pacto
1465 789 1517 809 non
1536 783 1656 811 dixerit:

871 819 929 847 NOII
949 827 1061 856 propter
1077 830 1119 849 me
1141 823 1248 852 locutus
1269 830 1310 852 est
1333 824 1424 859 Pater,
1448 832 1493 854 aut
1517 828 1656 863 clamavit,

871 867 1213 903 autaliquidejuscemodi,
1228 871 1287 903 sed,
1303 880 1313 896 ‹
1325 871 1381 898 Non
1400 878 1510 907 propter
1527 881 1569 901 me
1587 874 1656 902 facta

871 917 912 939 est
928 912 986 939 haec
1000 920 1061 946 vox,
1075 915 1122 941 sed
1137 920 1248 949 propter
1262 924 1319 944 vos.
1337 927 1345 942 ι
1365 917 1393 944 Si
1409 925 1474 952 ergo
1490 919 1579 946 divina
1590 928 1657 954 qua—

871 957 931 984 dam
949 957 1068 985 eﬂicacia
1083 966 1135 986 vox
1154 960 1196 986 illa
1219 960 1289 988 facta
1312 969 1364 989 non
1383 967 1493 998 propter
1506 963 1656 998 Christum,

871 1008 902 1030 ut
927 1004 1042 1037 ipsemet
1066 1009 1200 1038 testatur,
1220 1007 1266 1034 sed
1290 1012 1401 1042 propter
1429 1015 1477 1036 eos
1497 1009 1542 1044 qui
1564 1010 1587 1037 ei
1609 1011 1658 1038 ad-

870 1054 957 1081 erant,
980 1050 1148 1085 impossibile
1169 1060 1232 1080 vero
1246 1058 1320 1086 erat,
1336 1061 1396 1081 cum
1414 1055 1538 1083 homines
1556 1060 1658 1090 essent,

871 1100 901 1122 ut.
919 1095 1088 1123 voluntatem
1115 1097 1204 1124 Patris
1230 1097 1283 1125 alia
1303 1098 1408 1126 ratione
1434 1099 1580 1132 discerent,
1606 1100 1658 1128 nisi

871 1141 989 1169 humana
1005 1149 1071 1169 voce
1082 1142 1265 1171 docerentur:
1281 1145 1345 1179 quid
1361 1144 1464 1172 frustra
1491 1153 1551 1181 qua:
1575 1146 1660 1173 ratio-

871 1195 905 1214 ne
931 1188 1128 1217 incarnationis
1155 1194 1183 1216 et
1209 1190 1328 1218 humano
1371 1199 1445 1219 more
1468 1192 1658 1220 administrata

870 1237 935 1260 sunt
949 1234 1034 1261 nostri
1046 1242 1139 1267 causa,
1157 1235 1190 1262 ad
1203 1236 1391 1270 iucorpoream
1403 1240 1549 1265 essentiam
1561 1239 1658 1272 refers,

872 1280 1015 1307 temerarie
1030 1281 1174 1308 admodum
1184 1290 1243 1317 qua:
1253 1287 1350 1311 creatae
1362 1287 1466 1312 naturae
1482 1285 1658 1318 conveniunt,

871 1325 999 1354 increata:
1019 1327 1160 1356 tribuens?
1383 1323 1393 1329 Χ

1202 1375 1317 1404 ALIUD.

1120 1420 1239 1456 Objectio
1260 1422 1395 1450 Eunamii.

906 1466 1046 1494 Invenitur
1063 1466 1175 1502 alicubi,
1193 1469 1329 1503 inquiunt,
1349 1469 1430 1497 Pater
1448 1470 1481 1497 ad
1498 1470 1596 1498 Filium
1613 1472 1657 1499 di-

871 1518 935 1538 cens
953 1521 959 1539 :
986 1521 995 1538 ι
1019 1513 1163 1540 Faciamus
1191 1514 1327 1541 hominem
1341 1514 1402 1541 δ’..)
1426 1515 1458 1542 Et
1474 1516 1531 1550 ipse
1551 1524 1658 1544 rursum

833 1572 855 1600 ρ
874 1556 1001 1585 Servator
1016 1557 1123 1587 Judmos
1139 1560 1290 1594 alloquens,
1304 1561 1369 1588 dicit
1386 1570 1392 1588 :
1411 1571 1420 1588 r
1440 1561 1498 1597 Ego
1513 1570 1527 1589 a
1546 1570 1587 1590 me
1602 1563 1660 1598 ipso

872 1609 924 1627 non
951 1601 1056 1636 loquor,
1075 1604 1122 1630 sed
1139 1611 1198 1638 qua:
1217 1605 1307 1632 audivi
1332 1613 1346 1631 a
1368 1605 1459 1640 Patre,
1485 1607 1543 1634 haec
1564 1610 1660 1636 nuntio

871 1648 946 1675 vobis
956 1648 988 1675 ³³.
1001 1658 1011 1674 ι
1032 1649 1059 1676 Si
1076 1649 1138 1684 quis
1153 1650 1235 1685 igitur
1250 1651 1398 1686 interroget
1416 1659 1473 1686 vos,
1486 1653 1530 1686 qui
1546 1653 1660 1687 dogma-

872 1699 926 1721 tum
942 1696 1106 1722 rectitudine
1120 1696 1284 1731 gloriamini,
1307 1702 1396 1724 utrum
1414 1699 1447 1725 ad
1466 1699 1596 1726 scientem
1613 1700 1660 1727 Fi-

870 1739 933 1766 lium
949 1739 1030 1767 Pater
1043 1741 1115 1775 quod
1128 1741 1253 1768 dicturus
1266 1747 1337 1773 erat,
1355 1750 1387 1768 an
1403 1750 1468 1770 vero
1482 1744 1516 1770 ad
1532 1744 1658 1771 nescien-

872 1789 924 1812 tem
949 1785 1056 1814 iocutus
1077 1787 1122 1818 sit,
1151 1787 1279 1822 quidnam
1307 1789 1514 1822 respondeatis?
1538 1789 1605 1817 Nam
1636 1791 1660 1818 si

870 1831 1000 1864 nescivit,
1020 1839 1052 1859 ac
1083 1837 1138 1859 tum
1161 1832 1278 1868 primum
1301 1833 1404 1865 didicit,
1431 1834 1539 1869 quando
1569 1834 1660 1862 Patris

869 1884 959 1904 sermo
975 1878 1112 1912 q'uapiam
1131 1879 1164 1905 de
1181 1887 1210 1905 re
1225 1880 1257 1905 ad
1276 1879 1349 1906 illum
1366 1879 1474 1907 habitus
1488 1885 1540 1912 cet,
1571 1881 1660 1908 diver-

869 1930 915 1951 sus
938 1924 991 1950 erit
1018 1924 1052 1951 ab
1069 1932 1101 1951 eo
1121 1924 1166 1958 qui
1190 1929 1284 1951 natura
1301 1925 1428 1952 exsistit:
1444 1926 1466 1952 si
1485 1933 1550 1953 vero
1569 1927 1658 1960 scivit,

873 1970 1009 2004 quornodo
1026 1978 1078 1998 non
1097 1970 1179 1998 fuerit
1200 1971 1345 1998 absurdum
1365 1972 1398 1999 ad
1420 1973 1550 2000 scientem
1571 1973 1657 2008 loqui,

873 2021 1002 2051 tanquam
1019 2025 1071 2044 non
1089 2017 1238 2044 scientem?
1251 2018 1330 2052 Atqui
1347 2018 1428 2045 etiam
1444 2019 1515 2045 inter
1529 2019 1658 2046 homines

867 2062 920 2089 hoc
938 2062 1081 2090 ridiculum
1097 2062 1189 2089 fuerit.
1202 2062 1267 2090 Cum
1283 2059 1367 2098 igitur
1386 2063 1532 2091 absurdum
1546 2064 1581 2091 sit
1597 2064 1649 2092 hoc

868 2108 923 2136 Deo
948 2108 1078 2142 tribuere,
1113 2109 1284 2136 manifestum
1306 2113 1358 2142 est,
1377 2110 1410 2136 ad
1438 2117 1490 2137 non
1514 2110 1646 2138 scientem

879 2154 1000 2181 locutum
1024 2154 1118 2182 fuisse.
1140 2154 1197 2182 Non
1214 2159 1256 2182 est
1273 2155 1354 2190 igitur
1374 2155 1431 2190 ipse
1451 2154 1564 2183 Verbum
1583 2155 1656 2183 Patri

879 2200 1002 2232 insitum,
1025 2208 1112 2235 neque
1133 2200 1257 2228 scivissct
1272 2208 1331 2235 qua:
1347 2201 1403 2228 vult
1423 2200 1494 2228 Deus
1517 2209 1548 2228 ac
1565 2201 1655 2235 Pater,

873 2245 925 2273 nisi
949 2253 1040 2274 sermo
1054 2245 1144 2273 Patris
1164 2247 1196 2273 ad
1213 2247 1298 2281 ipsum
1314 2246 1421 2274 habitus
1438 2246 1543 2274 fuisset.

1111 2340 1222 2376 Δδοιιιιίο
1245 2349 1405 2384 objectionis.
1437 2361 1445 2368 -

903 2405 974 2432 Nihil
996 2405 1078 2441 igitur
1104 2406 1210 2433 differet
1232 2414 1245 2433 a
1269 2406 1407 2441 prophetis
1428 2405 1546 2434 Verbum
1564 2407 1610 2435 Dei
1630 2408 1655 2435 in

872 2453 1011 2488 prophetis
1031 2453 1144 2488 loquens
1166 2458 1194 2480 et
1215 2452 1304 2480 futura
1328 2453 1368 2480 eis
1383 2452 1554 2488 praedicens:
1571 2461 1658 2488 neque

870 2500 941 2527 enim
966 2507 1001 2526 ex
1025 2499 1125 2534 seipsis
1144 2499 1241 2527 horum
1272 2499 1395 2526 notitiam
1421 2498 1578 2527 habebant:
1605 2500 1655 2527 soli

872 2552 989 2579 namque
1015 2545 1070 2572 Deo
1096 2545 1222 2573 convertit
1248 2544 1400 2572 futurorum
1426 2545 1566 2580 praenotio.
1587 2544 1657 2578 Quid

869 2599 932 2619 vero
948 2591 1089 2624 faciemus,
1101 2599 1163 2619 cum
1177 2592 1306 2619 Dominus
1331 2591 1474 2619 manifeste
1497 2599 1527 2619 se
1548 2593 1583 2619 ab
1600 2592 1657 2619 illo-

868 2645 927 2665 rum
950 2638 1126 2665 similitudine
1149 2638 1269 2666 eximat?
1295 2639 1331 2666 ita
1367 2638 1480 2665 dicens:
1504 2647 1513 2664 ι
1542 2637 1571 2665 Si
1598 2638 1658 2666 illos

870 2684 937 2711 dixit
953 2684 1018 2712 deos
1031 2684 1064 2711 ad
1079 2691 1146 2718 quos
1159 2691 1249 2712 sermo
1263 2684 1310 2712 Dei
1324 2684 1411 2712 factus
1424 2689 1476 2717 est,
1493 2687 1520 2712 et
1537 2690 1591 2712 non
1607 2691 1657 2719 po-

878 2850 921 2877 τὺν
938 2849 1017 2877 αὑτὸν
1039 2851 1097 2877 κατ’
1112 2849 1225 2884 annm
1239 2849 1326 2883 λόγον.
1343 2848 1411 2876 Nam
1424 2850 1445 2877 si
1459 2849 1485 2877 iu
1503 2853 1597 2876 natura
1613 2847 1654 2874 in-
