1904 3026
232 160 299 188 ’519

249 224 300 247 test
320 219 386 247 solvi
411 218 570 253 Scriptura;
595 227 676 256 quem
702 219 772 248 Deus
796 219 989 251 sanctiﬁcavit,
1008 222 1034 245 ct
1049 219 1071 247 A

247 265 322 293 misit
345 266 372 293 in
395 267 536 300 mundum,
563 274 612 295 vos
634 267 725 294 dicitis
757 267 820 301 quia
849 266 1035 300 Blasphemas,

246 311 310 346 quia
332 311 386 338 dixi
401 322 408 338 :
428 311 512 340 Filius
529 312 575 340 Dei
592 320 651 340 sum
666 312 699 339 ".
718 321 727 338 ι
746 311 774 339 Si
791 312 865 339 enim
882 312 1034 339 naturalem

245 362 307 381 cum
330 356 470 390 prophetis
486 357 691 384 similitudinem
705 357 854 390 habuisset,
873 364 926 384 non
942 357 1036 392 utique

245 399 328 428 veluti
347 408 361 427 a
379 401 460 436 189
473 402 623 429 minoribus
645 409 674 429 se
696 402 926 436 comparationem
952 401 1035 429 fecis-

246 451 298 474 set.
319 445 385 473 Nam
404 454 463 474 cum
479 448 558 480 dixit|
575 457 585 474 ι
603 447 630 476 Si
648 448 708 476 illos
723 448 793 476 dixit
811 448 887 482 deos,
908 449 941 476 ad
966 456 1035 484 quos

246 499 336 520 sermo
354 491 401 520 Dei
427 492 516 520 factus
531 498 583 527 est,
599 494 744 522 manifeste
759 495 878 522 ostendit
902 495 950 522 Dei
975 502 1035 522 scr—

246 545 352 564 monem
369 537 402 564 ad
419 545 448 565 se
472 538 573 566 factum
592 546 644 565 non
658 545 731 571 esse,
749 539 822 566 sicut
841 539 874 566 ad
891 539 969 566 illos:
987 539 1034 567 sed

245 583 316 615 quod
339 582 396 617 ipse
417 584 454 611 sit
479 591 571 611 sermo
595 584 684 613 Patris
710 586 743 613 ad
769 587 915 621 prophetas
932 586 1031 613 dictus.

245 627 386 660 Quomodo
412 628 494 663 igitur
514 629 548 662 is,
562 630 608 665 qui
629 634 704 658 tanto
729 631 872 659 intervallo
887 632 1033 667 prophetas

244 678 365 708 superat,
379 674 447 701 nihil
460 675 542 703 habet
553 676 669 710 amplius
685 684 766 711 quam
781 678 931 713 prophetae,
948 682 976 705 ut
992 681 1032 711 tu,

244 718 409 755 blaspheme,
423 721 658 757 impudentissime
669 723 788 751 asseris‘t

576 863 692 893 ALIUD.

277 919 305 947 Si
321 920 433 948 nescivit
452 920 538 948 Filius
559 921 724 950 voluntatem
744 921 845 956 Patris,
859 923 918 955 sed,
932 931 1027 958 quem-

240 967 385 994 admodum
415 967 507 995 hostes
536 967 638 995 Christi
666 973 805 1000 asserunt,
820 976 974 996 sermonem
995 969 1029 997 ab

241 1011 300 1046 ipso
311 1013 436 1048 suscipit,
448 1019 476 1040 ut
486 1013 521 1040 ita
531 1013 627 1046 discat,
638 1018 665 1041 et
675 1014 785 1049 perinde
794 1021 826 1042 ac
837 1015 1028 1049 prophetarum

240 1058 358 1092 aliquem
372 1058 454 1086 Pater
464 1060 550 1094 ipsum
566 1059 714 1094 alloquitur
729 1068 737 1087 :
757 1060 872 1095 aequalis
890 1060 972 1095 igitur
987 1065 1029 1088 est

239 1103 388 1138 prophetis.
407 1103 477 1137 Quid
495 1104 580 1140 igitur
596 1111 704 1132 rursum
720 1108 839 1133 statuent
858 1106 892 1132 de
910 1105 1027 1133 Psalmi-

238 1153 293 1179 sta.
309 1149 334 1176 in
354 1148 457 1184 Spiritu
471 1149 579 1177 dicente
593 1159 601 1177 :
620 1158 629 1176 ι
646 1149 712 1183 Quis
727 1150 755 1177 in
771 1151 887 1178 nubibus
902 1157 1028 1186 exaequa-

238 1193 312 1220 bitur
329 1194 464 1222 Domino?
485 1201 512 1223 et
529 1196 590 1230 quis
605 1196 703 1224 similis
722 1197 774 1224 erit
791 1197 904 1225 Domino
918 1198 945 1225 in
965 1197 1026 1226 ﬁliis

238 1239 376 1266 hominum
388 1240 452 1267 "tv
471 1240 565 1268 Viden‘
587 1249 642 1276 quo
659 1246 739 1276 pacto
769 1246 862 1277 aperte
890 1243 1026 1270 neminem

238 1285 325 1318 inquit
335 1285 361 1312 in
372 1286 524 1321 prophetis,
535 1295 603 1321 quos
616 1287 730 1323 ﬁgurate
742 1288 827 1316 nubes
839 1293 927 1321 vocat,
939 1296 1026 1324 neque

236 1330 263 1358 in
282 1331 325 1364 iis,
341 1333 385 1367 qui
409 1340 457 1367 per
479 1334 594 1368 gratiam
622 1334 647 1360 in
664 1334 734 1362 ﬁlios
750 1334 795 1361 Dei
814 1334 934 1369 adoptati
951 1338 1025 1368 sunt,

235 1376 366 1410 :cqualetn
390 1377 448 1405 fore
467 1378 534 1406 Filio
549 1379 686 1406 naturali?
699 1380 838 1413 Quomodo
857 1381 938 1415 igitur
955 1389 1025 1409 cett—

235 1423 336 1450 sendus
349 1427 389 1450 est
405 1431 468 1451 vere
483 1424 554 1459 loqui
569 1424 667 1458 David,
683 1426 729 1460 qui
747 1426 810 1453 talia
824 1427 850 1454 in
864 1427 968 1462 Spiritu
982 1428 1023 1455 di-

235 1468 281 1500 cit,
298 1469 321 1496 si
344 1477 434 1497 sermo
452 1469 539 1499 Patris
560 1471 642 1499 etiam
667 1473 701 1499 ad
723 1472 812 1508 ipsum
835 1473 874 1506 ﬁt,
898 1473 969 1501 sicut
991 1474 1024 1502 ad

235 1519 354 1547 sanctos,
368 1520 459 1543 etnon
480 1517 555 1545 novit
568 1517 733 1546 voluntatem
746 1518 836 1547 Patris
856 1520 967 1554 perinde
982 1525 1024 1548 at-

235 1568 288 1595 que
303 1561 350 1591 illi.
360 1566 387 1588 et
401 1570 448 1596 per
459 1563 581 1590 auditum
595 1564 790 1592 ret/elationem
807 1565 880 1592 illius
889 1566 1023 1601 suscipit?
1036 1574 1061 1607 ο

236 1606 270 1632 At
288 1606 310 1633 si
330 1606 518 1642 blasphemum
535 1612 576 1636 est
588 1609 688 1642 dicere,
704 1609 837 1644 Spiritum
856 1612 977 1644 mentiri,
995 1617 1023 1639 ut

233 1651 346 1678 omnino
360 1657 400 1678 est
411 1652 608 1687 blasphemum,
621 1662 709 1688 neque
723 1655 804 1682 aliter
818 1662 848 1683 se
864 1664 908 1683 res
924 1656 1022 1684 habet:

237 1700 311 1723 certe
332 1696 403 1724 Deus
420 1697 624 1733 incomparabili
641 1700 801 1728 excellentia
819 1702 960 1736 prophetis
975 1709 1021 1730 sus

237 1739 328 1774 perior
339 1741 402 1773 erit,
416 1741 516 1777 quippe
529 1743 575 1776 qui
591 1751 672 1771 verus
687 1751 790 1777 sermo,
808 1750 836 1772 et
855 1746 978 1775 voluntas
991 1753 1024 1774 ac

235 1785 368 1819 sapientia
381 1785 480 1814 Patris.

571 1887 686 1916 ALIUD.

269 1940 297 1968 Si
312 1940 429 1969 Verbum
441 1942 514 1970 Patri
528 1945 686 1974 naturaliter
713 1947 877 1976 inexsistens
891 1950 965 1978 aliud
979 1956 1023 1979 est

231 1985 266 2012 ah
283 1991 315 2012 eo
329 1986 400 2020 quod
419 1994 503 2014 sacrae
525 1988 674 2024 Scriptura:
695 1991 774 2019 nobis
796 1999 961 2028 proponunt.
993 1999 1023 2022 ut

233 2032 268 2058 sit
281 2032 415 2066 quoddam
430 2034 567 2061 occultum
582 2041 609 2063 et
625 2036 711 2064 latens
724 2038 750 2064 iu
765 2038 857 2073 Patre,
885 2040 958 2068 aliud
976 2048 1024 2068 vc-

233 2084 264 2104 ro
289 2079 360 2112 quod
389 2079 513 2107 enuntiat
537 2088 596 2114 qua:
623 2081 704 2110 Pater
729 2083 861 2118 loquitur,
890 2086 971 2121 q‘uem
993 2092 1021 2114 et

232 2122 350 2151 Joannes
369 2123 450 2151 Deum
471 2132 532 2153 esse
545 2127 629 2154 dicit:
649 2130 784 2159 quomodo
804 2130 888 2164 igitur
906 2132 1021 2166 simplex

234 2172 261 2195 et
278 2170 482 2204 compositionis
500 2179 599 2206 expers
613 2180 673 2200 esse
688 2175 863 2203 censebitur?
880 2176 1020 2212 Siquidem

237 2215 391 2242 necessario
407 2216 452 2250 qui
478 2216 580 2251 aliquid
600 2218 736 2245 occultum
755 2224 781 2246 ct
803 2220 908 2255 aliquid
935 2229 1017 2256 appa-

238 2266 299 2286 rens
313 2258 402 2291 habet,
417 2267 469 2286 non
486 2261 610 2296 simplex,
629 2263 676 2290 sed
695 2263 784 2297 potius
795 2267 962 2300 compositus
977 2273 1018 2295 cst

233 2309 261 2330 et
275 2311 308 2330 ex
323 2304 428 2332 duobus
449 2311 588 2334 constans.
604 2308 684 2343 Atqui
705 2309 775 2338 Deus
793 2315 835 2338 est.
853 2317 950 2339 natura
969 2320 1018 2341 sua

232 2350 358 2385 simplex,
375 2351 497 2386 nihilque
520 2352 546 2380 in
568 2360 598 2380 se
623 2354 705 2382 habet
728 2357 920 2392 compositum.
944 2359 1020 2388 Unus

233 2395 323 2430 itaque
338 2397 363 2424 in
377 2397 434 2432 ipso
449 2402 490 2426 est
504 2399 636 2428 naturalis
648 2405 675 2428 et
689 2401 787 2430 insitus
799 2403 892 2432 Filius.

571 2501 649 2529 ALIU
656 2501 685 2529 D.

269 2554 308 2587 Si,
322 2554 548 2588 quemadmodum
571 2557 662 2587 hostes
681 2560 782 2588 Christi
809 2560 889 2598 190
917 2565 1018 2592 audent

231 2601 332 2632 dicere,
346 2600 465 2629 Verbum
482 2603 554 2637 quod
584 2604 610 2631 in
630 2605 776 2641 Evangelio
791 2609 867 2636 nobis
884 2608 1015 2644 praedica-

233 2652 286 2679 tur,
302 2647 438 2675 diversum
460 2653 501 2676 est
523 2650 556 2678 ab
576 2658 609 2678 eo
626 2652 696 2685 quod
710 2652 784 2680 Patri
806 2659 901 2682 natura
917 2656 1016 2684 inexsi-

230 2693 289 2724 stit,
308 2700 393 2727 neque
412 2694 486 2721 novit
505 2703 603 2724 arcana
620 2696 720 2731 Patris,
739 2699 786 2726 sed
807 2699 887 2726 discit
907 2692 1015 2735 quando

231 2745 292 2764 eum
310 2737 454 2772 alloquitur
474 2749 481 2767 :
502 2748 568 2776 ergo
582 2749 614 2768 ex
637 2742 790 2776 ignorantia
815 2744 848 2770 ad
875 2745 1014 2774 scientiam

233 2781 395 2811 traducitur.
417 2785 498 2820 Atqui
520 2794 572 2821 quo
593 2793 672 2822 pacto
693 2796 756 2816 vere
781 2789 863 2816 dicit:
882 2800 890 2816 ι
913 2790 967 2828 Ego
988 2798 1015 2820 ct

269 2857 290 2873 "
307 2857 383 2888 Joau.
400 2869 426 2895 x,
443 2862 488 2899 55,
503 2863 546 2890 56.
586 2865 607 2879 ³⁸
623 2863 695 2892 Psal.
712 2874 844 2901 Lxxxvttt,
859 2867 885 2894 7.

762 159 790 187 S.
813 156 946 187 CYRILLI
966 154 1200 184 ALEXANDRINI
1219 155 1380 186 ARCIHEP.

1841 158 1904 185 3‘3!

1085 226 1145 245 νετο
1157 239 1164 250 ,
1191 219 1237 246 καὶ
1252 219 1283 245 οὔ
1297 218 1412 246 δύναται
1432 219 1546 255 λυθῆναι
1565 219 1582 256 ﬂ
1602 216 1714 255 Γραφὴ.
1737 219 1768 245 ὃν
1783 219 1798 245 ό
1821 219 1904 245 Θεὸς

1088 262 1184 298 ὴγίασε
1202 264 1248 290 καὶ
1262 263 1423 291 ἀπέστειλεν
1439 265 1480 296 είς
1491 263 1538 290 τὸν
1553 264 1655 298 κόσμον
1665 284 1674 297 ,
1694 264 1777 300 ὑμεῖς
1789 264 1904 298 λέγετε

1087 308 1127 335 ὅτι
1143 309 1328 344 Βλασφημεῖς,
1344 311 1386 337 ὅτι
1399 307 1475 336 εἷπον
1486 317 1493 325 ·
1509 309 1572 341 Υἱὸς
1583 309 1628 336 τοῦ
1644 309 1713 336 Θεοῦ
1725 310 1816 344 ειμι.»
1834 309 1904 335 Ka‘

1087 355 1140 391 γὰρ
1156 356 1180 382 εί
1194 355 1243 391 τὴν
1260 355 1329 391 πρὸς
1343 357 1406 388 τοὺς
1421 356 1565 391 προφήτας
1582 353 1657 392 εἶχεν
1675 355 1793 391 ἰσότητα
1805 362 1904 389 φυσι-

1087 400 1148 436 κὴν,
1169 401 1220 427 οὐκ
1245 401 1277 428 ἂν
1305 401 1344 433 ὡς
1368 402 1401 428 ὲκ
1413 401 1460 428 τοῦ
1474 401 1615 432 ἐλάττονος
1637 401 1691 427 τῶν
1704 401 1770 428 καθ’
1790 400 1904 427 {au-:61

1086 447 1204 473 ἐποιεῖτο
1228 447 1278 481 τὴν
1306 446 1460 482 σύγκρισιν,
1479 445 1516 473 τὰ.
1537 446 1650 473 ἐκείνων
1671 445 1828 480 λαμϐάνων
1860 445 1904 474 εἰς

1086 492 1305 528 παραδείγματος
1322 492 1449 528 δύναμιν.
1473 492 1569 527 Λέγων
1592 492 1657 528 γὰρ,
1679 502 1688 518 ι
1706 493 1739 518 Et
1759 491 1904 521 ἐκείνους

1085 536 1146 565 εἷπε
1159 538 1248 570 θεοὺς,
1260 538 1328 574 πρὸς
1341 537 1387 570 οὒς
1403 538 1417 564 6
1427 538 1505 573 λόγος
1515 537 1565 565 τοῦ
1579 538 1647 565 Θεοῦ
1666 538 1795 573 ἐγένετο,
1811 547 1821 564 ι
1843 545 1904 564 σα-

1085 583 1143 617 φῶς
1157 582 1348 609 ἀποδείκνυσιν
1359 582 1389 609 οὐ
1403 582 1481 616 λόγον
1493 582 1659 616 γεγενῆσθαι
1669 582 1738 608 Θεοῦ
1753 581 1832 617 πρὸς
1845 581 1904 607 αὖ·

1083 629 1140 662 τὸν,
1153 629 1248 665 ὥσπερ
1263 630 1311 656 καὶ
1323 629 1392 665 πρὸς
1408 628 1540 660 ἐκείνους,
1559 628 1617 655 ἀλλ’
1626 629 1724 664 ὅτιπερ
1741 627 1834 658 αὐτὸς
1852 627 1904 661 εἴη

1083 674 1130 702 τοῦ
1145 675 1273 710 Πατρδςό
1284 675 1363 709 λόγος
1378 675 1393 700 6
1407 674 1475 710 πρὸς
1490 675 1553 706 τοὺς
1566 674 1709 709 προφήτας
1723 673 1904 708 λεγόμενος.

1084 717 1146 750 Πῶς
1159 716 1206 745 οὖν
1221 719 1235 744 6
1249 718 1378 744 τοσοῦτον
1394 717 1448 744 τῶν
1471 718 1619 754 προφητῶν
1632 718 1904 753 ἀπεσχοινισμένος

1084 762 1132 789 καὶ
1146 762 1202 789 ἀνω
1218 771 1270 789 που
1285 762 1422 798 κείμενος,
1445 762 1523 790 οὐδὲν
1537 763 1593 796 ἕξει
1605 763 1686 790 πλέον
1701 763 1798 790 αὐτῶν
1816 762 1902 789 κατὰ

1082 807 1132 843 τὴν
1144 807 1203 844 σὴν,
1216 804 1239 835 ὦ
1256 807 1412 844 βλάσφημε,
1426 809 1548 844 τόλμαν;

1426 865 1532 893 ΔΛΛΟ.

1118 921 1149 947 El
1164 921 1214 947 οὐκ
1224 919 1294 948 οἶδεν
1306 921 1321 948 6
1334 921 1398 954 Υἱὸς
1405 921 1454 958 τὴν
1464 921 1510 949 τοῦ
1524 922 1633 958 Πατρδς
1647 923 1794 959 βούλησιν,
1809 923 1900 950 ὲκδέ-

1083 974 1159 1001 χεται
1172 967 1211 999 δὲ,
1223 967 1348 1002 καθάπερ
1357 967 1381 994 οε
1393 967 1573 1003 χριπομάχοι
1585 968 1738 1003 νομίξουσι,
1753 969 1806 996 τὸν
1819 970 1897 1004 παρ’

1081 1011 1166 1038 αὐτοῦ
1176 1012 1264 1046 λόγον,
1283 1012 1326 1039 ἴνα
1341 1012 1372 1048 δή
1384 1020 1450 1039 ποτε
1466 1013 1515 1040 καὶ
1530 1012 1622 1048 μάθοι,
1639 1014 1687 1041 καὶ
1697 1014 1800 1050 ῶσπερ
1818 1014 1898 1048 πρός

1081 1066 1142 1084 τινα
1158 1057 1212 1084 τῶν
1230 1058 1379 1094 προφητῶν
1392 1060 1406 1085 6
1421 1059 1516 1094 Πατὴρ
1531 1059 1685 1094 διαλέγεται
1697 1060 1771 1095 πρὸς
1788 1060 1896 1089 αὐτὸν,

1083 1103 1139 1135 [σος
1155 1103 1210 1139 ἄρα
1224 1104 1376 1139 προφήταις
1391 1104 1460 1131 ὲστί.
1479 1105 1529 1131 Ποί
1553 1104 1587 1141 δὴ
1608 1103 1655 1132 οὖν
1672 1105 1726 1140 ἀρα
1755 1106 1895 1140 χωρήσει

1081 1149 1164 1175 πάλιν
1187 1150 1253 1184 ἡμῖν
1275 1150 1289 1175 6
1315 1149 1393 1184 ἅγιος
1406 1149 1558 1186 Ψαλμῳδὺς
1573 1151 1603 1177 ὲν
1618 1151 1763 1186 Πνεύματι
1782 1151 1893 1185 λέγων,

1081 1194 1122 1221 ὃτι
1141 1203 1150 1219 ι
1171 1194 1218 1226 Τίς
1245 1195 1274 1221 ὲν
1290 1195 1416 1230 νεφέλαις
1437 1196 1600 1232 ίσωθήσεται
1621 1197 1661 1232 τῷ
1683 1197 1811 1232 Κυρίῳ;
1843 1197 1894 1223 καὶ

1080 1240 1122 1272 τίς
1145 1240 1346 1276 ὁμοιωθήσεται
1365 1241 1404 1277 τῷ
1424 1242 1520 1278 Κυρίῳ
1535 1243 1564 1270 ἐν
1579 1243 1648 1275 υἱοῖς
1664 1243 1752 1274 Genii;
1777 1252 1788 1269 ι
1820 1243 1894 1270 Ἰδοὺ

1080 1286 1134 1322 γὰρ
1147 1286 1240 1313 ἐνθάδε
1254 1287 1347 1322 σαφῶς
1363 1287 1458 1314 οὐδένα
1476 1289 1557 1324 φησὶν
1571 1288 1634 1315 οὔτε
1655 1289 1685 1315 ὲν
1704 1289 1891 1325 προφήταις.

1079 1332 1126 1364 οὓς
1142 1332 1188 1358 καὶ
1203 1333 1319 1367 νεφέλας
1332 1333 1536 1370 τῳπικὼτερον
1553 1334 1646 1369 λέγει,
1671 1333 1734 1361 οὔτε
1752 1335 1815 1370 μὴν
1830 1335 1890 1366 τοῖς

1078 1379 1118 1410 είς
1136 1378 1246 1413 υίότητα
1262 1378 1329 1405 Θεοῦ
1352 1380 1600 1414 κατα-ταττομένοις
1616 1379 1660 1407 διὰ
1676 1380 1726 1416 τῆς
1750 1381 1889 1416 χάριτος,

1079 1423 1136 1450 ἴσον
1146 1424 1254 1451 ἔσεσθαι
1270 1425 1309 1460 τῷ
1323 1426 1394 1453 κατά
1408 1427 1489 1461 φύσιν
1500 1427 1567 1462 Υίῷ.
1590 1428 1653 1458 Πῶς
1665 1425 1712 1454 οὖν
1725 1427 1889 1464 ἀληθεύσει

1078 1469 1159 1496 Δαόὶδ
1167 1470 1182 1496 ό
1193 1470 1222 1496 ὲν
1229 1470 1368 1505 Πνεύματι
1376 1470 1412 1498 τὰ
1423 1471 1535 1500 τοιαῦτα
1545 1472 1640 1507 λέγων,
1648 1473 1728 1508 εἰπερ
1737 1473 1794 1500 καὶ
1802 1473 1887 1507 λόγος

1077 1515 1124 1542 τοῦ
1141 1516 1245 1552 Πατρὸς
1260 1517 1328 1552 πρὸς
1344 1517 1426 1545 αὑτὸν
1441 1518 1561 1552 γίνεται,
1578 1519 1704 1554 καθάπερ
1724 1519 1805 1554 πρὸς
1819 1520 1886 1550 τοὺς

1077 1561 1182 1596 ἁγίους,
1199 1562 1246 1588 καὶ
1260 1563 1311 1589 οὐκ
1324 1559 1378 1589 οἶδε
1396 1563 1446 1599 τὴν
1460 1564 1507 1590 τοῦ
1519 1564 1626 1599 Πατρὺς
1639 1563 1776 1599 βούλησιν
1793 1564 1884 1591 καθα-

1075 1615 1129 1642 περ
1146 1608 1256 1639 ἐκεῖνοι,
1284 1607 1342 1634 ἀλλ’
1362 1607 1505 1643 ἐκδέχεται
1529 1608 1579 1644 τὴν
1594 1608 1773 1644 ἀποκάλυψιν
1794 1610 1885 1644 αὐτῆς

1073 1652 1118 1678 διὰ
1132 1652 1182 1688 τῆς
1208 1653 1387 1688 ἀκροάσεως;
1405 1654 1437 1681 El
1453 1655 1482 1681 δὲ
1505 1655 1648 1690 δύσφημον
1668 1654 1700 1681 τδ
1723 1654 1883 1690 ψεύδεσθαι

1073 1698 1104 1724 τὸ
1119 1699 1232 1734 Πνεῦμα
1255 1699 1347 1734 λέγειν
1359 1719 1366 1732 ,
1385 1700 1528 1737 δύσφημον
1544 1701 1573 1728 δὲ
1591 1701 1700 1732 πάντως
1713 1721 1721 1734 ,
1752 1701 1807 1727 καὶ
1833 1701 1883 1736 οὐχ

1075 1743 1176 1779 ἑτέρως
1190 1744 1261 1779 ἔχον,
1274 1745 1402 1780 ὑπερέξει
1419 1746 1566 1782 προφητῶν
1578 1747 1592 1772 6
1611 1746 1714 1781 Κύριος
1736 1746 1880 1781 ἀσυγκρί-

1073 1797 1130 1821 τοις
1144 1790 1303 1825 ὑπεροχαῖς,
1319 1791 1400 1823 αὐτὸς
1412 1791 1450 1818 ὣν
1467 1793 1480 1818 6
1496 1792 1621 1827 ἀληθινὸς
1639 1791 1720 1826 λόγος
1735 1793 1787 1819 καὶ
1802 1793 1821 1827 ἠ
1833 1793 1880 1819 τοῦ

1074 1834 1181 1870 Πατρός
1194 1834 1322 1870 βούλησις
1340 1835 1387 1862 κα)⁵
1401 1836 1492 1870 σοφία..

1418 1892 1520 1919 ΑΛΛΟ.

1108 1949 1139 1976 Εἰ
1151 1949 1244 1985 ἕτερός
1257 1950 1330 1976 ἐστιν
1345 1950 1359 1976 6
1372 1949 1534 1986 ἐνυπάρχων
1548 1949 1587 1984 τῷ
1603 1949 1692 1984 Ilasz
1704 1949 1782 1976 κατὰ
1795 1950 1878 1985 φύσιν

1073 1993 1140 2026 Θεὸς
1157 1994 1244 2028 Λόγος
1259 1994 1336 2030 παρὰ
1347 1995 1392 2022 τὸν
1406 1995 1435 2022 ὲν
1456 1996 1516 2026 ταῖς
1529 1995 1615 2027 θείαις
1630 1995 1760 2031 Γραφαίς
1777 2005 1878 2032 σημαι-

1072 2040 1192 2074 νόμενον,
1202 2041 1248 2067 καὶ
1256 2043 1343 2068 κεῖται
1358 2041 1408 2076 μέν
1417 2050 1460 2073 τις
1473 2042 1502 2068 ἐν
1514 2042 1602 2076 Haupt
1617 2043 1821 2077 κεκρυμμένος
1831 2043 1877 2069 καὶ

1072 2087 1232 2120 ἐνδιάθετος·
1247 2087 1340 2124 ἕτερος
1348 2088 1377 2115 δέ
1390 2088 1430 2120 τίς
1441 2088 1514 2114 ἐστιν
1531 2087 1725 2123 ἐξαγγελτικὺς
1737 2089 1798 2115 τῶν
1811 2089 1875 2124 παρ’

1072 2133 1155 2160 αὐτοῦ
1167 2133 1351 2169 λαλουμένων,
1366 2134 1396 2160 ὃν
1412 2134 1458 2161 καὶ
1478 2133 1604 2169 Ἰωάννης
1615 2134 1683 2161 Θεὸν
1695 2134 1788 2168 Λόγον
1807 2133 1876 2161 εἷναί

1072 2187 1155 2214 φησι,
1185 2178 1244 2211 πῶς
1264 2179 1304 2206 ἔτι
1326 2180 1365 2216 τῷ
1386 2179 1444 2215 Θεῷ
1464 2179 1511 2207 καὶ
1533 2180 1621 2216 Ilasz
1638 2180 1669 2206 τὸ
1690 2180 1802 2216 ἁπλοῦν
1828 2182 1875 2208 καὶ

1073 2224 1220 2251 ἀσύνθετον
1235 2223 1402 2260 amendarat;
1421 2224 1506 2260 Εἴπερ
1531 2224 1688 2259 ἀναγκαίως
1712 2225 1727 2251 6
1745 2234 1875 2261 κεκρυμ-

1074 2269 1153 2304 μένον
1169 2278 1195 2296 τι
1209 2269 1256 2296 καὶ
1271 2269 1393 2304 ἐμφανὲς
1403 2269 1482 2305 ἔχων,
1499 2269 1603 2301 ἁπλοῦς
1616 2270 1668 2296 οὒκ
1685 2269 1718 2296 ἂν
1735 2271 1796 2306 εἵη,
1812 2271 1874 2297 σύν-

1071 2314 1147 2345 θετος
1162 2313 1190 2340 δὲ
1218 2314 1320 2349 μᾶλλον
1336 2314 1383 2340 καὶ⁸
1405 2314 1436 2339 ὲκ
1462 2313 1507 2340 δύο
1525 2313 1715 2348 συγκείμενος.
1737 2315 1823 2342 Ἐστι
1847 2315 1873 2342 δὲ

1071 2359 1172 2391 ἁπλοῦς
1188 2360 1258 2386 κατά
1274 2360 1356 2394 φύσιν
1369 2361 1383 2386 6
1398 2359 1465 2390 Θεὸς
1477 2379 1485 2392 ,
1510 2359 1558 2386 καὶ
1573 2359 1650 2386 οὐδὲν
1664 2359 1694 2386 ὲν
1706 2359 1788 2395 αὐτῷ
1809 2360 1871 2387 σύν-

1071 2405 1158 2432 θετον.
1175 2402 1222 2436 Εἷς
1237 2405 1291 2441 ἄρα
1307 2405 1394 2440 Λόγος
1411 2405 1441 2431 ἐν
1456 2404 1530 2440 αὐτῷ
1542 2405 1657 2439 φυσικός
1669 2413 1700 2431 τε
1713 2405 1767 2433 καὶ
1782 2406 1872 2433 ἐνδιά-

1071 2450 1147 2482 θετος
1163 2452 1177 2478 ό
1191 2451 1264 2482 Υἱός.

1414 2508 1518 2536 AAAU.

1107 2562 1279 2598 Εἱ,καθάπερ
1291 2564 1316 2590 οἱ
1328 2564 1507 2599 χριστομάχοι
1517 2563 1637 2599 τολμῶσι
1650 2564 1756 2599 λέγειν,
1773 2567 1867 2602 ἔτερος

1069 2609 1108 2635 ὣν
1124 2609 1196 2644 παρὰ
1216 2609 1261 2636 τὸν
1277 2610 1465 2645 ἐνυπάρχοντα
1490 2609 1570 2643 φύσει
1590 2610 1657 2636 Θεὸν
1686 2611 1778 2645 Λόγος
1793 2614 1808 2640 ὁ
1823 2613 1864 2639 διὰ

1069 2655 1123 2682 τῶν
1139 2655 1314 2690 Εὑαγγελίων
1328 2657 1394 2691 ἡμῖν
1410 2656 1621 2691 κηρυττόμενος,
1637 2657 1688 2683 οὐκ
1699 2655 1757 2684 οἶδε
1773 2659 1808 2685 τὰ
1822 2667 1864 2685 κε-

1069 2701 1214 2737 κρυμμένα
1230 2701 1276 2728 τοῦ
1299 2702 1413 2737 [ἰατρὸς.
1434 2702 1563 2737 μανθάνει
1583 2701 1611 2728 δὲ
1625 2702 1670 2729 ὅτε
1688 2703 1760 2738 πρὸς
1785 2705 1863 2731 αὐτὸν

1067 2748 1238 2783 διαλέγεται·
1258 2749 1287 2781 ἐξ
1311 2748 1448 2782 ἀγνωσίας
1467 2749 1520 2784 ἄρα
1542 2749 1582 2780 είς
1607 2748 1711 2782 γνῶσιν
1740 2750 1860 2785 ἔρχεται,

1069 2794 1116 2820 καὶ
1130 2793 1158 2827 ἐξ
1175 2793 1266 2825 ἀνοίας
1281 2795 1319 2825 εἰς
1332 2794 1434 2828 νόησιν.
1451 2794 1506 2820 Καὶ
1525 2794 1582 2826 πῶς
1602 2794 1859 2830 ἀληθεύσειλέγων·
