1904 3026
30 168 61 195 an
429 142 435 147 ’
685 159 906 189 TllESAURlJS.

1567 159 1620 187 322

31 223 104 257 «Ἐγὼ
114 221 157 248 καὶ
173 222 188 248 6
206 221 303 256 Πατὴρ
318 221 347 247 ἓν
363 220 455 256 ἐσμεν.
472 229 481 246 ι
498 219 558 251 ῐΙῶς
580 219 607 246 δὲ
629 219 788 255 ἀπαράλλα-

845 220 919 247 Pater
937 227 1018 247 unum
1041 225 1134 246 sumus
1150 218 1191 245 “‘3
1215 218 1268 245 Aut
1288 225 1342 253 quo
1361 221 1438 253 pacto
1456 217 1508 245 crit
1531 220 1619 246 omni-

30 279 73 301 m;
87 267 161 295 είκὼί
175 267 254 293 ἔσται
267 266 316 293 τοῦ
334 266 538 301 γεγεννηκότος,
554 266 578 292 sl
599 264 724 300 καθάπερ
737 264 784 291 ἄν·

29 318 110 351 θρωπος
119 313 215 348 ἀγνοὶᾳ
231 313 370 348 κρατεῖται
381 321 388 344 ;
399 312 458 347 Χρὴ
472 311 526 347 γὰρ
536 311 644 342 πάντως
655 311 672 346 ἢ
685 310 786 337 καὶτὸν

30 360 112 395 Πατέρα
125 359 214 392 λέγειν
226 367 253 384 τι
271 358 327 384 τῶν
348 357 484 392 ἐσομένων
500 358 617 392 ἀγνοεῖν,
628 357 645 392 ἦ
660 358 684 383 εἰ
698 357 786 383 πάντα

29 407 140 440 γινὼτκει,
149 405 196 431 καὶ
209 404 302 431 εἰκόνα
317 404 366 439 τῆς
380 404 447 436 ἰδίας
460 404 609 439 ἀῑδιότητος
618 404 655 438 (1)
674 403 729 438 ἔχει
741 402 785 429 τὸν

31 454 83 485 i'tiv,
96 451 220 479 ἀδύνατον
239 452 277 486 μὴ
289 451 416 486 τοιαύτην
431 451 502 486 ἔχειν
516 450 597 478 αὑτὸν
614 450 663 485 τὴν
676 450 784 485 γνῶσιν,

29 499 100 524 ὁποίαν
110 497 154 523 καὶ
167 498 181 523 ὸ
194 497 301 533 Πατὴρ,
319 493 350 524 οὓ
366 498 412 524 καὶ
424 497 481 524 ἔστι
494 496 634 534 χαρακτὴρ
647 496 693 523 καὶ
705 496 786 522 εἰκὼν

30 543 217 579 ἀπαράλλακτος.
242 549 253 560 ν

140 598 308 631 Ἀντίθεσις
321 599 362 632 ὡς
376 599 410 626 ἐκ
423 600 476 626 τοῦ
486 600 645 636 Εὐνομίου.

54 655 96 681 Καὶ
106 654 144 686 τίς
157 653 240 686 οὕτω,
259 654 354 689 φησὶν,
367 655 475 691 ἀμαθὴς
496 656 533 688 ὡς
552 657 686 693 τολμῆσαι
699 658 788 693 λέγειν

29 700 53 726 τὰ
70 699 176 734 ὀνόματα
195 699 267 726 κατὰ
292 699 463 735 πραγμάτων
491 701 617 737 κείμενα,
649 703 686 739 μὴ
705 703 786 740 ἕτερα

30 745 80 773 εἶναι
97 745 154 781 παρ’
172 746 258 778 αὑτάς
282 747 347 773 Ἰδοὺ
369 747 423 782 γὰρ
435 768 442 780 ,
459 748 473 774 6
489 747 539 782 μὲν
566 749 688 784 οὐρανὸς,
707 749 786 785 ἔργον

29 793 80 819 οὕτω
93 792 157 826 μέγα
169 792 216 818 καὶ
234 792 376 828 ἐξαίρετον
389 792 457 819 Θεοῦ
471 802 477 808 ·
493 793 524 820 τὸ
546 794 575 820 δὲ
589 794 674 830 δνομα
685 815 692 828 ,
707 795 741 822 δι’
757 793 788 823 οὗ

32 837 173 872 σημαίνεται,
187 838 282 872 ἕτερόν
303 839 361 865 ἐστι
376 839 442 874 παρ’
455 838 550 865 αὐτόν·
568 840 615 866 καὶ
629 840 789 875 γνωσόμεθα

30 883 87 909 τοῦτο
100 882 227 910 ἐντεῦθεν.
247 883 277 910 Ὀ
300 884 349 918 μὲν
365 883 419 920 γὰρ
436 883 550 919 οὐρανὸς
577 885 693 920 πρᾶγμά
716 886 789 912 ἐστιν

31 928 113 964 ὁρατὸν,
123 928 151 955 τὸ
160 928 188 954 δὲ
203 930 247 955 ἐπ’
263 929 339 963 αὐτῷ
351 929 476 964 κείμενον
490 929 575 965 ὕνομα
584 931 614 956 οὐ
625 932 686 961 ταῖς
697 931 790 965 ὕψεσιν

31 974 160 1007 ὑποπίπτει,
173 975 232 1001 ἀλλ’
251 975 312 1001 ἐστι
325 975 404 1010 μόνον
419 976 562 1003 ἀκουστόν.
580 976 636 1003 Οὐκ
649 974 697 1003 οὖν
706 976 748 1003 διὰ
761 977 791 1003 τὸ

31 1020 130 1055 λὲοβσθαι
146 1021 230 1055 Λόγος
243 1022 258 1047 6
272 1020 349 1054 Υίὸς,
369 1021 477 1053 πάντως
496 1022 556 1048 ἐστὶ
580 1022 659 1048 τοῦτο
676 1022 690 1048 ὃ
701 1022 790 1049 νοοῦσί

32 1075 97 1099 τινες,
112 1066 173 1093 ἀλλὰ
188 1067 316 1094 καλεῖται
340 1067 389 1104 μὲν
404 1068 502 1102 Λόγος,
520 1067 578 1094 ἐστι
602 1067 629 1094 δὲ
656 1068 749 1104 ἕτερόν
764 1077 790 1095 τι

32 1121 84 1138 12:1
92 1121 170 1147 φυσιν.

239 1167 320 1203 Πρὸς
339 1167 433 1195 ταῦτα
448 1168 550 1202 λύσις.

58 1225 148 1261 Σιωπᾷν
164 1226 226 1257 ἔδει,
250 1226 301 1252 καὶ
329 1225 412 1261 μηδὲν
435 1225 630 1260 ἀποκρίνεσθαι
653 1225 720 1260 πρὸς
742 1225 791 1260 τὴν

34 1273 97 1303 οὕτως
107 1272 211 1307 ἀνόητον
224 1271 275 1298 τοῦ
291 1271 370 1306 λόγου
386 1272 570 1307 κατασκευήν.
590 1272 684 1307 Ὅμως
699 1272 722 1298 δ’
745 1269 791 1298 οὖν

35 1317 153 1352 images
167 1317 230 1349 τοὺς
243 1317 304 1343 ὅσοι
317 1317 350 1344 τὰ
361 1316 474 1344 τοιαῦτά
489 1325 582 1352 φασιν,
596 1318 620 1343 εί
636 1317 673 1352 μὴ
688 1317 721 1343 τὰ
735 1318 792 1344 ὀνό-

36 1369 89 1395 ματα
101 1361 192 1396 κυρίως
207 1361 282 1388 κατὰ
300 1361 470 1397 πραγμάτων
491 1362 620 1398 κείμενα,
636 1362 684 1394 τὰς
699 1363 792 1394 οὐσίας

36 1406 102 1433 αὐτῶν
115 1408 248 1442 σημαίνει,
259 1407 313 1434 κᾶν
324 1407 406 1444 ἕτερα
417 1407 493 1444 παρὰ
503 1408 589 1434 ταῦτα
596 1409 727 1444 τυγχάνῃ,
738 1409 792 1435 Καὶ

34 1453 82 1487 τοῦν
91 1453 116 1479 τὸ
128 1453 267 1488 ἄνθρωπος
280 1453 374 1488 δνομα,
385 1454 512 1489 σημαίνει
528 1454 576 1488 μὲν
590 1454 637 1480 τοῦ
650 1455 791 1490 ἀνθρώπου

34 1498 69 1533 τὴν
79 1497 157 1532 φύσιν,
171 1498 268 1533 ἕτερον
282 1497 310 1524 δέ
323 1498 348 1524 τί
362 1499 420 1524 ἐστι
434 1498 498 1534 παρ’
516 1499 610 1525 αὐτόν.
635 1499 665 1525 ’0
677 1499 726 1534 μὲν
739 1499 792 1535 γὰρ

34 1543 146 1578 ἄνθρωπος
159 1544 279 1580 πρᾶγμα
291 1543 400 1578 ὁρατὸν,
411 1543 440 1570 τὺ
456 1544 484 1570 δὲ
499 1544 542 1570 ἐπ’
556 1543 630 1579 αὐτῷ
644 1544 729 1580 ὄνομα
743 1545 792 1580 μό-

35 1598 66 1615 νον
83 1590 210 1617 ἀιουστόν.
238 1589 347 1616 Οὐκοῦν
375 1589 456 1621 εἴτις
482 1589 626 1625 ἄνθρωπον
643 1590 791 1625 ὀνομάσαι,

36 1635 106 1670 ἐπειδὴ
128 1636 161 1671 μὴ
182 1636 264 1662 τοῦτό
290 1636 349 1662 ἐστι
364 1635 472 1666 πάντως
492 1635 506 1661 ὃ
523 1635 650 1670 σημαίνει
664 1635 792 1671 τοῦνομα,

36 1681 88 1707 κατὰ
95 1681 134 1707 τὸν
148 1682 259 1708 ἐκείνων
275 1681 468 1716 συλλογισμὸν,
484 1681 577 1716 ἕτερόν
586 1690 612 1708 τι
625 1682 730 1715 νοείτω,
746 1683 794 1709 καὶ

38 1726 65 1761 μὴ
74 1728 165 1759 πάντως
179 1727 260 1754 τοῦτο
279 1727 294 1753 ὃ
312 1727 438 1762 σημαίνει
448 1725 577 1762 τοῦνομα.
599 1727 630 1754 El
651 1727 679 1754 δὲ
695 1727 794 1762 μανίας

36 1771 158 1806 ἀνάμεστον
170 1773 248 1800 τοῦτό
261 1781 306 1807 γε,
321 1773 371 1799 οὐκ
383 1772 549 1808 ἂποῦλητέον
567 1772 616 1804 τὰς
630 1773 685 1799 τῶν
695 1773 794 1809 ὀνομά-

36 1824 76 1842 των
87 1818 255 1853 ιωριολογίας,
266 1818 330 1844 οὐδὲ
341 1817 434 1853 ἕτερόν
450 1826 477 1844 τι
490 1818 565 1854 παρὰ
578 1818 609 1844 τὸ
627 1818 795 1854 σημαινόμε-

37 1870 68 1887 νον
83 1863 110 1889 δι’
123 1863 205 1890 αὐτῶν
215 1863 343 1899 νοητέον·
361 1863 476 1898 ἀργήσει
489 1863 543 1900 γὰρ
558 1863 628 1890 οὕτω
647 1863 701 1890 τῶν
719 1865 795 1899 αἱρε-

37 1907 123 1944 Δεικὼνὴ
137 1909 224 1944 μανία.
244 1908 383 1936 Δεικνύτω
403 1909 432 1935 δὲ
446 1909 512 1944 ἡμῖν
527 1909 541 1935 ό
563 1909 649 1941 δεινὸς
666 1910 705 1941 είς
722 1909 795 1944 λογι-

38 1954 102 1987 σμοὺς
111 1954 146 1980 ὅτι
160 1955 196 1989 μὴ
208 1954 306 1990 κύριον
319 1954 406 1990 δνομα
420 1954 458 1989 τῷ
473 1954 530 1989 Υἰῷ
547 1954 592 1980 τοῦ
617 1953 683 1980 Θεοῦ
699 1954 729 1981 τὸ
744 1954 795 1981 Δό-

37 2007 80 2032 γος,
92 2000 131 2027 καὶ
143 2000 343 2028 ἀντιταττέσθω
361 2001 421 2032 ταῖς
438 1999 523 2031 θείαις
541 2000 679 2035 Γραφαῖς,
695 1998 743 2026 καὶ
756 1999 795 2034 τῷ

39 2047 138 2082 μακαρίῳ
152 2047 332 2082 εὖαγγελιστῇ
353 2047 463 2082 Ἰωάννῃ
473 2066 480 2077 ,
501 2046 733 2082 πρεπωδεστάτην
747 2046 795 2073 καὶ

38 2093 185 2128 κυριωτάτην
208 2092 290 2119 εἰδότι
318 2091 364 2119 τοῦ
378 2091 443 2118 Υἱοῦ
469 2091 518 2127 τὴν
544 2090 729 2127 προσηγορίαν
751 2091 795 2118 διὰ

37 2135 72 2162 τοῦ
83 2137 209 2165 κυεῖσθαι
220 2137 308 2172 Λόγον
319 2145 327 2153 ’
349 2147 358 2161 ι
385 2137 430 2163 Ἐν
444 2137 515 2173 ἀρχῇ
531 2137 585 2173 γὰρ
598 2157 605 2169 ,
622 2137 714 2172 φησιν,
728 2134 763 2172 ἦν
781 2137 796 2164 6

39 2181 112 2216 Λόγος.
130 2193 138 2209 ι

149 2249 311 2282 Ἀντίθεσις
325 2249 366 2282 ὡς
379 2249 413 2276 ἐκ
426 2248 485 2276 τῶν
497 2248 659 2283 Eure/1100.

65 2305 109 2331 Kal
121 2306 172 2337 πῶς
187 2307 219 2333 ἆν
234 2306 354 2336 δύναιτο.
367 2306 445 2341 φησὶ,
457 2305 534 2340 λόγος
547 2303 616 2332 εἶναι
631 2305 677 2331 τοῦ
691 2305 797 2341 Πατρὸς

40 2351 74 2376 καὶ
84 2352 152 2385 σοφία
165 2353 178 2378 ὀ
192 2353 265 2385 Υἱὸς,
280 2353 360 2389 εἴπερ
375 2353 391 2388 ἠ
408 2353 458 2387 μὲν
472 2352 551 2387 σοφία
561 2353 699 2387 ἐπιστήμη
712 2352 797 2385 ἐστὶν,

40 2394 88 2420 ὁδὶ
101 2395 171 2429 λόγος
196 2398 317 2433 ῥήματος
332 2397 405 2433 ἀργὴ
428 2397 572 2433 προφορὰ;
592 2397 745 2432 Ἐπιστήμη
769 2396 798 2422 δὲ

40 2439 254 2468 οὐκένυπόστατόν
267 2443 293 2469 τί
310 2443 395 2474 ἐστιν,
411 2443 467 2469 ἀλλ’
483 2443 544 2469 οὐδὲ
557 2442 626 2474 ζῶον
656 2442 703 2468 καὶ
720 2441 798 2476 λόγος

40 2484 127 2518 ὁμοίως.
145 2487 172 2513 '0
185 2487 212 2513 δὲ
229 2488 293 2519 Υἱὸς
308 2487 377 2519 ζῶόν
393 2489 482 2514 ἐστιν·
501 2488 550 2514 οὐκ
572 2487 626 2522 ἄρα
647 2487 796 2522 ἐπιστήμη,

41 2529 86 2556 οὑδὲ
103 2532 174 2564 σοφία
186 2553 192 2563 ,
208 2532 270 2559 οὐδὲ
292 2532 381 2566 λόγος.
397 2531 463 2559 Εἶτα
485 2532 552 2568 πρὸς
568 2532 656 2568 τούτῳ
669 2553 676 2564 ,
695 2533 753 2564 πῶς
767 2532 800 2560 ἂν

43 2575 124 2607 γένοιτο
136 2577 208 2612 λόγος
227 2579 257 2606 ἐν
277 2579 362 2614 λόγῳ,
378 2579 506 2606 ἀδυνάτου
530 2579 707 2606 παντάπασιν
724 2580 800 2611 ὄντος

43 2620 77 2646 τοῦ
89 2622 113 2648 τὸ
126 2623 211 2658 ὅμοιον
222 2624 252 2651 ὲν
265 2624 350 2660 ὁμοίῳ
361 2625 494 2659 γίνεσθαι;
506 2625 565 2652 οὐδὲ
579 2626 633 2662 γὰρ
648 2625 680 2652 ἂν
697 2625 802 2660 γένοιτο

43 2666 120 2703 χρῶμα
132 2670 157 2696 ἐν
173 2670 309 2706 χρώματι.
324 2670 408 2706 Εἴπερ
425 2669 469 2698 οὖν
491 2669 525 2706 ἦν
549 2672 564 2698 6
587 2671 665 2706 λόγος
687 2671 771 2704 ὅντως
787 2673 801 2699 ό

68 2743 86 2760 ³⁸
99 2746 167 2776 loan.
182 2759 210 2785 ι,
224 2751 270 2778 50.
310 2750 332 2767 "
345 2749 426 2778 Hebr.
439 2758 458 2784 ι,
472 2751 499 2778 ’5.
536 2750 557 2766 ³¹
573 2750 649 2778 han.
663 2759 682 2785 ι,
703 2751 728 2779 l.

55 2836 100 2876 .(l)
112 2835 174 2873 Lege
183 2839 332 2876 illidentes,
348 2843 374 2866 et
382 2843 475 2876 _verte,
487 2839 624 2876 imaginem
643 2847 697 2866 sum
714 2847 791 2876 pecu-

47 2868 271 2907 liarisitraprietalis'
283 2868 358 2900 hdie:
378 2868 486 2903 Filiuni.
505 2868 640 2907 Sic'infra,
661 2883 686 2910 ιι.
704 2868 748 2907 60,
763 2875 791 2901 ἐν

840 265 918 292 moda
936 264 1084 291 similitudo
1092 263 1191 296 Patris,
1206 263 1226 291 si
1238 263 1350 298 perinde
1358 268 1437 298 atque
1449 264 1531 290 homo
1545 264 1622 298 igno-

839 311 925 337 rantia
942 310 1066 337 laborat?
1081 309 1268 337 Necessarium
1290 309 1363 337 enim
1383 313 1435 341 est,
1459 313 1489 336 ut
1503 313 1549 335 aut
1569 308 1621 336 Pa-

840 362 907 385 trem
932 357 1032 392 aliquid
1057 356 1207 384 futurorum
1231 356 1356 391 ignorare
1372 355 1513 382 dicamus:
1531 359 1577 382 aut
1597 355 1619 382 si

837 405 928 431 omnia
955 403 1040 436 novit,
1062 407 1090 430 et
1116 402 1259 437 imaginem
1277 400 1438 429 aeternitatis
1462 407 1518 428 suae
1540 399 1622 427 habet

837 449 949 482 Filium,
978 449 1034 476 ﬁeri
1058 455 1110 475 non
1126 453 1226 484 potest,
1242 447 1306 482 quin
1326 446 1420 474 eadem
1440 445 1568 481 praeditus
1585 445 1621 472 sit

838 495 933 523 notitia
949 502 1002 530 qua
1015 494 1108 528 Pater,
1127 494 1204 528 cujus
1219 494 1362 522 character
1377 496 1430 526 est,
1447 496 1475 520 et
1488 492 1621 520 omnimo-

838 542 871 570 da
887 541 1036 570 similitudo
1047 541 1080 568 ³⁷.

1091 596 1211 631 Objectio
1228 596 1364 624 Eunomii.

874 655 956 689 Atqui
975 654 1099 689 quisnam
1117 654 1184 682 adeo
1198 653 1339 688 imperitus
1356 653 1447 687 fuerit,
1461 653 1510 686 ait,
1524 657 1554 681 ut
1570 660 1620 680 au<

840 701 903 728 deat
918 701 1021 734 dicere,
1040 701 1148 728 nomina
1163 708 1222 735 quae
1238 700 1320 727 rebus
1336 700 1458 734 imposita
1473 704 1544 732 sunt,
1567 707 1620 726 non

839 754 899 775 esse
916 747 1023 774 diversa
1040 754 1056 774 a
1073 747 1152 774 rebus
1168 747 1252 782 ipsis?
1273 746 1340 774 Nam
1364 747 1473 778 omium,
1496 753 1620 780 magnum

839 793 904 821 illud
920 799 1000 828 atque
1014 793 1142 821 eximium
1160 793 1206 820 Dei
1221 801 1302 828 opus,
1317 793 1389 820 aliud
1413 798 1454 820 est
1475 800 1490 819 a
1515 792 1622 819 nomine

839 846 892 873 quo
909 838 1087 872 signiﬁcatur,
1106 839 1178 873 quod
1198 838 1306 872 quidem
1334 838 1395 865 inde
1416 843 1619 872 cognoscemus.

841 883 906 910 Nam
930 883 1028 910 ctrlum
1051 891 1095 910 res
1109 889 1151 910 est
1167 883 1292 915 visibilis,
1308 890 1405 910 nomen
1423 889 1487 909 vero
1502 881 1539 908 illi
1555 881 1623 908 indi-

842 932 896 955 tutn
914 928 941 956 in
955 932 1096 963 aspectum
1112 935 1165 955 non
1180 928 1262 960 cadit,
1273 927 1319 955 sed
1337 931 1439 954 tantum
1455 925 1546 952 auditu
1562 933 1622 960 pcr-

840 974 892 1008 cipi
907 978 1004 1008 potest.
1021 974 1106 1001 Filius
1119 974 1220 1008 itaque,
1240 981 1292 1001 non
1312 973 1413 1000 idcirco
1426 973 1489 1007 quia
1507 976 1622 999 vocatur

841 1020 969 1052 Verbum,
983 1025 1024 1047 est
1043 1021 1068 1047 in
1084 1020 1242 1047 universum
1266 1019 1292 1046 id
1308 1019 1379 1053 quod
1403 1019 1513 1054 quidam
1529 1017 1624 1045 existi-

841 1070 925 1098 mant,
947 1068 994 1093 sed
1007 1070 1118 1093 vocatur
1137 1066 1247 1101 quidem
1263 1065 1392 1099 Verbutn,
1411 1058 1452 1093 est
1473 1072 1538 1092 vero
1552 1064 1625 1092 aliud

841 1110 905 1146 quid
918 1112 1064 1139 secundum
1079 1116 1216 1138 naturam.

1087 1167 1189 1195 Solult‘o
1208 1168 1371 1203 objectiom‘a.

878 1222 1032 1251 Tacendum
1061 1228 1113 1256 est,
1135 1223 1256 1258 nihilque
1280 1223 1313 1250 ad
1338 1223 1489 1259 huiusmodi
1511 1224 1625 1259 ineptias

842 1269 1069 1303 respondendum.
1087 1269 1208 1304 Rogandi
1230 1274 1319 1297 tamen
1342 1275 1416 1302 sunt,
1433 1271 1478 1304 qni
1492 1269 1623 1303 ejusmodi

841 1315 976 1348 cli‘uIiunt,
994 1323 1083 1342 annon
1100 1316 1208 1342 nomina
1218 1323 1277 1350 quae
1289 1316 1396 1351 proprie
1408 1316 1488 1343 rebus
1502 1316 1624 1351 imposita

841 1365 915 1392 sunt.
925 1361 1107 1403 substantiam
1120 1368 1213 1388 earum
1223 1361 1387 1395 signiﬁcent,
1399 1362 1504 1389 tametsi
1518 1362 1624 1389 diversa

841 1408 875 1435 al)
889 1408 923 1436 iis
946 1408 1011 1435 sint.
1033 1407 1135 1435 Nomen
1156 1408 1238 1441 enim,
1252 1408 1344 1440 homo,
1360 1407 1625 1443 signiﬁcathominis

842 1458 964 1482 naturam
980 1464 987 1481 :
1005 1458 1047 1481 est
1069 1457 1158 1489 tamen
1176 1454 1311 1481 diversum
1334 1454 1396 1489 quid
1419 1455 1453 1482 ab
1475 1455 1542 1489 ipso.
1557 1454 1624 1482 Nam

842 1500 923 1527 homo
937 1504 979 1527 est
996 1507 1039 1527 res
1062 1499 1190 1533 visibilis,
1218 1507 1314 1528 nomen
1336 1507 1402 1528 vero
1421 1500 1446 1527 ei
1470 1500 1625 1535 impositum

844 1547 936 1574 auditu
952 1551 1054 1574 tantum
1075 1547 1176 1582 percipi
1193 1552 1291 1582 potest.
1312 1547 1446 1581 Quocirca
1463 1548 1486 1576 si
1501 1548 1562 1582 quis
1576 1548 1626 1576 ho-

845 1593 945 1620 minem
961 1593 1092 1625 nominet,
1106 1593 1324 1627 quandoquidem
1346 1601 1399 1620 non
1421 1593 1536 1628 idipsnm
1555 1594 1626 1629 quod

843 1643 885 1667 est
901 1647 998 1666 nomen
1013 1639 1129 1666 hominis
1140 1639 1283 1673 signiﬁcat,
1296 1643 1326 1666 ut
1341 1639 1378 1666 illi
1392 1644 1625 1674 argumentantur.

844 1684 915 1711 aliud
934 1684 1015 1719 igitur
1027 1684 1126 1718 aliquid
1144 1691 1206 1711 esse
1219 1689 1376 1715 censeatur,
1394 1688 1421 1711 et
1437 1691 1489 1710 non
1506 1683 1584 1718 plane
1601 1683 1627 1711 id

843 1730 914 1763 quod
933 1736 1032 1756 nomen
1048 1729 1193 1763 signiﬁcat.
1214 1728 1249 1755 At
1268 1728 1290 1756 si
1313 1729 1364 1756 hoc
1387 1729 1498 1756 insaniae
1518 1728 1627 1764 plentttn

843 1779 970 1802 esttuon
985 1779 1049 1802 sunt
1062 1775 1144 1810 igitur
1165 1774 1321 1810 rejicicndae
1347 1775 1462 1809 propria:
1489 1775 1628 1802 nominum

844 1819 1068 1855 signiﬁcationes,
1101 1827 1190 1854 neque
1213 1819 1283 1847 aliud
1310 1819 1454 1854 quidquam
1479 1823 1577 1854 praeter
1602 1819 1628 1846 id

844 1866 914 1900 quod
927 1865 1095 1901 signiﬁcatur
1115 1873 1163 1900 per
1177 1866 1234 1900 ipsa
1249 1865 1453 1900 intelligendum
1467 1869 1526 1896 est;
1548 1869 1630 1899 atque

846 1910 882 1938 ita
897 1910 1088 1937 haereticorum
1108 1910 1213 1937 insania
1227 1909 1401 1944 reprimetur.
1418 1908 1548 1936 Ostendat
1567 1916 1630 1935 vero

846 1955 924 1984 nobis
937 1955 1026 1991 gravis
1040 1955 1091 1983 iste
1103 1956 1265 1990 disputator,
1281 1954 1399 1982 Verbum
1422 1962 1473 1982 non
1489 1961 1550 1982 esse
1566 1962 1630 1989 pro-

845 2002 933 2036 prium
956 2000 1017 2028 Filii
1033 2001 1080 2028 Dei
1105 2008 1222 2028 nomen:
1249 2005 1433 2035 repugnetque
1452 2000 1538 2027 sacris
1555 1999 1630 2026 Scri-

845 2046 933 2081 pturis
941 2053 972 2073 ac
983 2046 1062 2074 beato
1073 2044 1169 2073 Joanni
1179 2045 1358 2080 evangelista.
1369 2045 1414 2079 qui
1430 2044 1631 2072 convenientis-

845 2093 943 2119 simam
976 2091 1149 2125 maximeque
1174 2090 1310 2125 propriam
1337 2089 1399 2117 Filii
1423 2089 1629 2126 appellationem

846 2138 932 2170 novit,
944 2145 1005 2165 cum
1021 2141 1098 2164 vocet
1115 2136 1252 2164 Verbum:
1272 2145 1282 2162 ι
1301 2135 1328 2164 In
1349 2135 1482 2171 principio
1492 2136 1574 2170 enim,
1590 2136 1630 2163 in-

846 2185 914 2219 quit,
929 2188 989 2211 erat
1003 2182 1119 2210 Verbum
1131 2182 1165 2208 ³⁸.
1186 2191 1196 2208 ι

1016 2249 1093 2284 191
1113 2249 1173 2276 Alia
1197 2248 1306 2283 objectia
1335 2246 1465 2274 Eunomii.

883 2307 917 2334 At
934 2315 986 2341 quo
1002 2311 1091 2341 pacto,
1110 2305 1207 2340 inquit,
1226 2305 1313 2339 possit
1326 2305 1412 2333 Filius
1427 2312 1486 2332 esse
1502 2311 1592 2332 sermo
1606 2309 1632 2332 ot

848 2353 982 2389 sapientia
996 2352 1096 2385 Patris,
1111 2359 1171 2380 cum
1190 2351 1323 2386 sapientia
1340 2351 1375 2378 sit
1400 2350 1523 2382 scientia,
1543 2357 1634 2377 sermo

848 2404 938 2427 autem
964 2398 1035 2426 nuda
1059 2398 1133 2425 verbi
1152 2397 1288 2432 prolatio?
1301 2396 1421 2424 Scientia
1437 2403 1502 2422 vero
1518 2403 1571 2422 non
1591 2400 1630 2422 est

850 2445 949 2480 aliquid
967 2444 1136 2480 hypostatice
1153 2444 1327 2476 inexsistens,
1342 2443 1389 2470 sed
1405 2449 1438 2469 ne
1454 2441 1553 2468 animal
1570 2441 1633 2476 qni-

851 2492 932 2524 dem;
947 2493 1041 2519 eadem
1059 2499 1121 2518 vero
1139 2491 1207 2518 ratio
1219 2496 1261 2518 est
1279 2496 1306 2518 et
1322 2490 1465 2517 sermonis.
1483 2489 1567 2516 Filius
1586 2495 1634 2515 au-

849 2542 903 2564 tem
919 2542 962 2564 est
977 2537 1076 2564 animal
1091 2547 1097 2564 ί
1115 2545 1166 2564 non
1183 2537 1266 2572 igitur
1280 2535 1406 2568 scientia,
1419 2542 1508 2569 neque
1523 2534 1633 2569 sapien<

849 2583 897 2614 tia,
919 2590 1006 2616 neque
1029 2590 1128 2610 sermo.
1154 2582 1255 2610 Deinde
1287 2581 1421 2617 quomodo
1444 2581 1480 2608 sit
1500 2587 1588 2608 sermo
1607 2580 1634 2607 in

849 2634 985 2660 set-itione,
1006 2634 1066 2653 cum
1086 2626 1251 2661 impossibile
1267 2634 1378 2661 prorsus
1394 2625 1428 2653 sit
1448 2630 1477 2652 ut
1497 2625 1584 2653 simile
1600 2625 1635 2652 sit

850 2673 876 2700 in
890 2672 991 2700 simili?
1008 2681 1094 2708 neque
1108 2673 1180 2699 enim
1201 2673 1284 2700 fuerit
1296 2672 1370 2700 color
1385 2673 1411 2698 in
1430 2671 1531 2699 colore.
1545 2670 1573 2698 Si
1589 2678 1634 2697 cr-

843 2839 877 2873 τῇ
894 2838 946 2873 ίδίᾳ
957 2838 1079 2873 ἰδιότητι,
1095 2843 1122 2864 et
1137 2837 1242 2872 dialogo
1257 2846 1293 2866 vn
1308 2840 1340 2866 de
1362 2838 1503 2870 Trinitate.
1521 2845 1546 2871 p.
1569 2837 1630 2873 βίη,

846 2872 913 2906 ἰδίας
929 2872 1064 2908 ἰδιότητος.
1078 2873 1216 2900 C'rrELsn.
1239 2873 1311 2901 Eccl.
1330 2873 1375 2900 (ἐν.
1391 2875 1510 2901 Monum.
1530 2873 1550 2905 l,
1569 2872 1631 2898 556.
