1904 3026
248 165 301 192 525

744 162 772 189 S.
796 160 932 189 CYRILLI
951 159 1184 188 ALEXANDBINI
1204 159 1361 187 ARCIIIEP.

1828 158 1891 185 δίἣν

249 232 283 260 go
302 224 347 259 qui
366 223 449 251 Filius
475 222 523 250 Dei
550 227 647 249 natura
669 226 720 255 est,
739 226 797 249 erat
818 229 910 249 revera
935 228 1036 252 sermo.

1100 221 1168 248 >ύσει
1183 222 1230 248 τοῦ
1248 221 1353 257 Πατρὺς
1370 221 1442 253 Υἱὸς,
1462 219 1519 252 πῶς
1536 220 1568 247 ἃν
1585 219 1653 256 πρὸς
1670 219 1753 247 αὑτὸν
1768 220 1892 253 ἐγένετο

250 271 384 304 quomodo
407 269 494 296 factus
516 273 557 295 est
583 268 616 294 ad
642 267 717 294 illuni
740 274 845 298 sermo,
871 273 932 294 cum
968 267 1036 294 dixit

251 316 332 348 Deus,
350 323 359 340 ι
375 315 517 342 Faciamus
533 313 669 340 hominem
685 312 726 338 ἐἳ
741 321 751 338 ι

497 379 601 407 Solulio
629 379 791 414 cbjcciionis.

288 439 393 465 Rursus
415 437 539 472 iinpingis
553 457 560 469 ,
587 444 638 463 non
657 436 782 463 attollens
801 440 827 463 te
846 435 917 463 ultra
944 436 1039 463 huma-

253 493 302 512 nas
319 484 511 519 cogitationes,
533 491 564 509 ac
582 482 663 509 Veluti
686 482 787 510 oblitus
808 482 878 516 quod
900 481 933 509 de
950 482 1038 508 divina

253 530 368 558 essentia
393 535 547 555 sermonem
571 527 682 561 habeas,
702 535 735 554 cx
760 528 792 554 iis
808 535 867 561 qua:
888 526 965 554 nobis
979 535 1040 561 pro—

253 577 310 611 pria
337 579 417 607 sunt,
442 575 515 601 illaiii
540 575 655 602 metiris.
677 575 715 600 An
737 574 845 609 ignoras
867 573 1039 600 Divinitatein

254 622 409 650 nominibus
440 621 518 648 nobis
548 621 656 648 usitatis
688 621 835 656 appellari,
862 621 953 648 omnia
977 628 1040 647 vero

253 667 330 700 longe
342 666 420 693 aliter
431 674 512 700 quam
526 671 616 693 nostra
633 673 662 692 se
682 666 800 693 habere?
817 665 874 692 Non
892 666 963 692 enim
978 665 1039 700 quia

252 713 363 738 verbum
380 712 437 738 sive
459 719 549 739 sermo
567 712 686 738 hominis
703 712 869 747 Iiypostatice
883 707 933 737 non
954 711 1041 738 subsi-

252 759 311 791 stit,
326 763 352 784 et
373 758 478 785 sonitus
490 758 598 792 quidam
623 758 719 792 linguae
742 763 784 784 est
801 758 826 784 in
851 764 939 784 aerem
960 756 1042 783 emis-

253 811 315 831 sus:
337 803 398 830 idco
415 803 522 830 divinus
540 803 622 830 etiam
644 810 734 830 sermo
758 803 792 829 ita
823 810 852 829 se
875 803 972 835 habet;
995 802 1041 828 scil

252 849 345 876 vivens
362 856 393 875 ex
408 849 480 880 vivo,
498 854 579 883 atque
595 849 764 883 liypostatice
789 848 921 874 exsistens
946 855 978 874 ex
994 847 1042 881 by-

256 896 391 930 postatice
407 896 556 922 exsislente
568 895 697 930 procedit.
718 894 831 926 Rursus,
848 902 901 920 non
923 894 983 928 quia
1000 901 1042 920 sa-

254 941 352 975 pientia
368 945 394 967 et
415 941 531 967 scientia
548 948 609 974 quae
633 940 659 967 in
682 940 757 966 nobis
773 945 825 971 est,
845 939 1040 975 hypostatieam

254 993 302 1020 per
320 994 350 1013 se
373 986 560 1012 exsistentiain
591 994 643 1013 non
664 986 766 1013 habet:
788 986 887 1012 idcirco
910 985 1041 1019 sapientia

254 1040 314 1068 quae
331 1033 357 1059 in
376 1032 430 1059 Deo
444 1036 486 1058 cst
504 1039 555 1058 non
571 1032 624 1058 erit
639 1031 814 1066 liypostatica.
832 1031 865 1057 At
881 1038 946 1057 vero
963 1031 985 1057 si
1004 1030 1043 1056 fa-

256 1078 321 1105 teris
336 1078 418 1104 Deum
438 1085 490 1104 non
507 1084 568 1104 esse
588 1076 665 1103 nobis
677 1076 805 1106 similem,
822 1074 950 1102 fateberis
962 1076 1041 1102 etiam

255 1123 350 1149 omnia
370 1122 454 1156 ipsius
467 1130 518 1149 non
531 1129 592 1149 csse
605 1126 707 1154 nostra,
728 1121 774 1148 sed
790 1125 864 1148 tanto
879 1128 938 1148 esse
954 1121 1043 1148 excel-

255 1167 369 1195 lentiora
387 1168 498 1199 nostris,
513 1172 616 1202 quanto
633 1167 690 1201 ipse
703 1167 784 1194 etiam
797 1167 922 1194 cssentiae
937 1168 1042 1196 ratione

254 1217 296 1241 est
311 1214 491 1249 praestantior.

519 1268 633 1302 ALIUD,
653 1269 680 1296 i'ri
698 1269 778 1296 idem.

290 1337 346 1365 Non
360 1336 549 1364 animadvertit
561 1335 707 1370 praeclarus
719 1335 769 1362 iste
781 1339 999 1369 argumentator,
1013 1335 1040 1362 in

253 1391 334 1418 quam
349 1382 488 1417 ingentem
506 1379 701 1416 blasphemiam
717 1386 777 1408 ruat
790 1390 796 1408 :
811 1381 954 1409 Dominum
971 1382 1041 1408 enim

253 1427 370 1463 appellat
392 1427 502 1459 animal,
524 1434 577 1453 non
600 1426 752 1460 intelligens
769 1426 841 1452 aliud
864 1433 924 1452 esse
943 1426 1042 1452 animal

254 1482 334 1508 quam
352 1474 444 1504 vitam,
457 1471 681 1507 quemadmodum
697 1471 810 1498 Scientia
826 1471 896 1497 aliud
909 1475 1041 1505 estquam

254 1519 354 1546 sciens.
366 1518 432 1545 Nam
447 1519 468 1545 si
482 1517 543 1552 quis
557 1518 629 1544 dicat
642 1517 735 1549 vitam,
750 1518 886 1552 signilieat
900 1525 955 1543 rein
970 1517 1041 1543 illam

255 1571 314 1599 quae
330 1565 352 1591 si
368 1564 449 1591 alicui
467 1563 540 1595 insit,
557 1563 646 1589 vivum
663 1566 691 1588 ut
702 1562 847 1589 sitellicit:
863 1562 963 1588 animal
976 1569 1040 1588 vero

255 1615 296 1638 est
320 1609 345 1637 id
369 1609 439 1644 quod
455 1609 513 1644 ejus
534 1609 573 1635 rei
596 1616 656 1642 qua:
678 1608 808 1639 vivilicat,
831 1607 966 1642 particeps
991 1613 1040 1634 est.

255 1655 337 1689 Atqui
357 1655 488 1682 Dominus
509 1662 561 1681 non
585 1654 621 1680 ita
645 1653 763 1688 scipsuin
779 1658 866 1685 vocat,
882 1654 929 1680 sed
953 1653 1043 1687 potius

255 1701 348 1729 vitam.
360 1701 387 1728 Si
400 1708 475 1734 vero,
487 1707 547 1727 cum
565 1699 599 1726 sit
614 1699 679 1731 vita,
695 1704 736 1726 est
751 1699 832 1726 etiam
848 1698 1042 1732 aniinal,juxta

257 1747 326 1774 illius
349 1746 501 1778 insaniam,
524 1746 628 1772 dicatur
647 1746 729 1772 etiam
754 1744 832 1771 Pater
852 1752 910 1772 esse
934 1745 1042 1776 animal,

256 1799 316 1820 cum
331 1792 387 1826 ipse
402 1793 434 1819 de
447 1799 476 1819 se
486 1791 577 1818 dicat:
595 1799 604 1816 ι
620 1791 688 1818 Vivo
699 1798 758 1825 ego,
774 1791 836 1818 dicit
850 1790 1018 1818 Dominus“.
1031 1799 1040 1816 ι

257 1837 310 1865 Sed
328 1837 417 1864 valere
430 1837 513 1871 jussis
530 1837 627 1871 perditi
643 1836 763 1863 hominis
782 1837 871 1870 nugis,
889 1841 917 1862 et
936 1841 1044 1870 aposto-

257 1883 338 1911 licum
363 1883 429 1910 illud
445 1883 468 1910 ei
483 1883 604 1910 dicentes
620 1892 626 1910 :
646 1891 655 1907 ι
675 1881 857 1916 Cogitationes
874 1883 927 1908 sint
952 1883 1000 1908 tibi
1016 1883 1042 1908 in

257 1929 435 1964 perditionem
452 1929 485 1961 ",
505 1938 514 1955 ι
536 1929 568 1955 ail
588 1928 667 1963 192
685 1928 826 1955 veritatem
847 1928 975 1955 doctrinm.
996 1935 1044 1954 nos

256 1974 440 2006 conferamus,
460 1979 487 2001 et
503 1974 647 2001 Dominum
674 1981 727 2001 non
745 1973 857 2006 animal,
879 1978 906 2000 iit
929 1973 977 2005 illi,
997 1973 1043 2000 sed

257 2019 339 2046 vitam
356 2020 441 2054 ipsam
463 2027 523 2047 esse
540 2019 671 2050 dicamus.
691 2027 750 2053 qua:
770 2021 859 2047 omnia
877 2020 996 2047 viviﬁcat
1008 2020 1042 2052 ",

256 2065 355 2100 quippe
366 2072 425 2100 qua:
443 2065 468 2091 in
482 2065 549 2100 ipso,
564 2064 639 2098 juxta
655 2064 730 2091 Pauli
746 2065 918 2098 sententiam,
942 2069 968 2092 et
985 2072 1043 2092 mo-

257 2115 382 2144 veantur,
397 2115 423 2138 et
444 2111 498 2138 sint
516 2111 550 2138 ".

414 2177 528 2211 ALIUD,
546 2178 573 2204 in
586 2179 703 2205 eamdem
715 2164 885 2206 sententiam.

291 2243 402 2271 Sacram
431 2245 599 2279 Sizriptui-ain
623 2245 721 2272 Filium
745 2253 842 2273 vocare
869 2245 984 2273 Verbum
1005 2246 1045 2283 “,

255 2288 307 2317 hoc
329 2295 382 2323 est,
411 2290 591 2324 prolationem
624 2291 757 2325 ejusmodi
791 2292 933 2318 verborum
957 2292 1046 2326 qualia

258 2340 322 2362 sunt
335 2336 461 2375 humana,
483 2337 647 2362 temerarius
668 2337 718 2363 iste
737 2344 767 2363 ac
781 2337 926 2372 praeclarus
943 2338 1048 2365 scilicet

257 2388 416 2408 arcanorum
441 2380 489 2407 Dei
512 2381 649 2416 interpres
673 2382 852 2418 imaginatur:
875 2391 928 2410 non
949 2384 1047 2411 intelli-

258 2434 323 2461 gens
342 2427 414 2460 quod
431 2434 513 2453 sacra:
525 2426 636 2454 Littera:
649 2427 722 2454 illum
746 2429 780 2455 ita
805 2437 836 2456 ex
860 2434 950 2456 nostro
970 2437 1045 2456 more

235 2476 238 2479 '
257 2472 402 2506 appellent.
421 2471 551 2506 Loquitur
565 2474 636 2500 enim
654 2473 735 2501 Pater
751 2483 849 2502 arcane
873 2480 953 2509 atque
976 2474 1043 2502 incf-

257 2516 372 2543 l'abiliter
386 2517 418 2543 ad
442 2516 552 2550 Filium,
577 2519 618 2546 cui
645 2521 803 2548 naturaliter
818 2520 944 2547 voluntas
959 2519 1046 2547 Patris

257 2561 361 2595 cognita
377 2565 428 2593 εει,
444 2568 530 2596 neque
544 2568 682 2597 exspectat
706 2572 871 2596 sermonem,
887 2565 931 2598 qui
956 2564 1045 2590 occul-

257 2610 310 2632 tam
339 2605 409 2633 illius
432 2607 596 2635 voluntatem
620 2609 746 2644 explicet.
765 2609 877 2643 Quando
900 2610 983 2644 igitur
1008 2611 1042 2636 de

257 2651 311 2677 Deo
324 2651 422 2679 dicitur
436 2654 493 2680 sive
512 2655 674 2689 prxdicalur
687 2656 787 2689 aliquid
803 2664 897 2682 eorum
915 2664 974 2690 qua:
995 2656 1042 2683 ho-

256 2693 372 2721 minibus
388 2697 476 2729 potius
494 2699 669 2730 conveniunt.
689 2700 794 2726 auditor
807 2700 876 2726 ultra
892 2701 1039 2727 humanum

257 2745 357 2765 niorein
380 2742 568 2775 cogitationem
591 2751 668 2771 suam
691 2745 788 2779 erigat,
809 2750 836 2773 et
860 2746 893 2773 ad
913 2747 1040 2781 spiritua-

290 2826 311 2841 ”
324 2826 389 2855 Gen.
406 2837 424 2861 i,
437 2831 480 2858 9.6.

521 2833 541 2847 ‘°
560 2832 658 2860 Ezecli.
678 2841 775 2867 χχχιιι,
796 2835 836 2862 il.

268 2869 284 2894 t,
304 2862 313 2888 i
329 2870 404 2898 Seqq.

878 2836 897 2850 “
916 2836 975 2863 Act.
996 2843 1052 2869 viii,

1087 267 1181 301 λόγος,
1206 268 1271 303 φέρε
1297 268 1399 299 εἰπεῖν,
1425 268 1454 294 ὲν
1474 266 1530 302 τῷ,
1556 275 1565 292 i
1588 267 1752 301 Ποιήσωμεν
1772 265 1891 301 ἄνθρω-

1089 321 1156 346 πον;
1181 323 1190 339 ι

1332 380 1410 415 Πρὸς
1425 380 1513 407 τοῦτο
1529 381 1630 412 λύσις.

1124 437 1292 474 Σκανδαλίζῃ
1307 437 1387 464 πάλιν
1404 438 1453 464 οὐκ
1468 437 1620 464 ἀναϐαίνων
1636 437 1671 464 τὰ
1695 435 1864 472 ἀνθρώπινα
1877 442 1887 451 ⁵

1090 483 1146 510 ἀλλ’
1163 483 1257 519 ὥσπερ
1271 483 1481 519 ἐπιλελησμένος
1492 484 1532 510 ὅτι
1546 492 1586 510 σοι
1598 484 1662 519 περὶ
1675 483 1727 518 τῆς
1742 483 1820 514 θείας
1833 483 1888 508 οὑ-

1092 529 1151 560 σίας
1166 530 1180 555 ὸ
1195 529 1272 563 λόγος
1286 530 1370 561 ἐστὶν,
1380 530 1411 556 ἐκ
1423 529 1477 556 τῶν
1493 529 1552 556 καθ’
1564 530 1636 564 ἡμᾶς
1646 529 1725 565 ὁρίζῃ
1741 529 1776 555 τὰ
1787 529 1890 563 ἐκείνῃ

1091 575 1235 610 προσόντα.
1255 575 1289 601 ’Ἡ
1307 575 1356 601 οὐκ
1372 573 1449 601 οἷσϐα
1463 575 1504 601 ὅτι
1520 577 1575 606 τοῖς
1592 575 1652 601 καθ’
1672 575 1747 610 ἡμᾶς
1762 574 1891 609 ὀνόμασι

1090 621 1121 647 τὸ
1130 620 1207 647 Θεῖον
1221 621 1409 652 ἀποκαλείται,
1423 622 1510 647 πάντα
1522 621 1549 647 δὲ
1563 621 1663 656 ἑτέρως
1677 621 1752 647 ἐστὶν
1766 621 1783 656 ἦ
1798 620 1893 647 καθά-

1092 675 1144 702 περ
1161 668 1256 702 ἡμεῖς;
1271 667 1308 693 Οὐ
1320 667 1374 702 γὰρ
1389 667 1538 702 ἐπειδήπερ
1552 668 1566 693 ὁ
1579 666 1627 702 μὲν
1638 666 1785 702 ἀνθρώπου
1801 666 1892 700 λόγος

1092 713 1275 744 ἀνυπόστατος
1284 713 1331 739 καὶ
1339 712 1462 748 γλώττης
1476 713 1558 747 ὲξήχη
1565 721 1602 748 μα
1613 712 1681 748 πρὸς
1691 713 1764 748 ἀέρα
1774 712 1893 747 πεμπό-

1094 768 1184 794 μενον,
1206 758 1251 785 διὰ
1275 758 1353 785 τοῦτο
1369 759 1416 785 κατ¹
1432 760 1446 785 ὁ
1461 759 1532 787 θεῖος
1556 759 1686 791 ὡσαύτως
1707 759 1766 792 ἕξει
1790 759 1888 792 λόγος,

1093 804 1159 831 ἀλλὰ
1174 804 1227 835 ζῶν
1240 805 1271 830 ἐκ
1284 803 1394 836 ζῶντος,
1410 804 1457 830 καὶ
1471 803 1631 839 ὑφεστηκὼς
1646 803 1676 835 ἐξ
1693 803 1891 838 ὑφεστηκότος

1093 850 1160 876 ἐστι.
1181 851 1234 876 Καὶ
1247 850 1337 881 πάλιν,
1355 851 1405 877 οὐκ
1418 850 1567 885 ἐπειδήπερ
1580 851 1596 885 ἡ
1609 851 1637 876 ὲν
1652 851 1718 885 ἡμῖν
1735 851 1815 884 σοφία
1835 850 1891 876 καὶ

1059 901 1078 930 Β
1093 896 1232 931 ἐπιστήμη
1251 896 1300 922 οὐκ
1320 897 1348 922 ὲν
1362 896 1509 922 ὑποστάσει
1525 897 1612 922 κεῖται
1633 895 1694 922 καθ’
1707 895 1820 930 ἑαυτὴν,
1839 895 1892 920 διὰ

1093 941 1171 967 τοῦτο
1190 942 1237 968 καὶ
1259 942 1276 976 ὴ
1292 942 1482 977 ἐνυπάρχουσα
1503 941 1541 976 τῷ
1563 941 1621 976 Θεῷ
1636 940 1718 975 σοφία
1734 941 1764 967 τὸ
1784 940 1893 967 twn”;-

1093 995 1190 1018 στατος
1203 985 1271 1013 εἶναι
1286 987 1347 1013 καθ’
1361 987 1460 1022 ἑαυτὴν
1476 986 1692 1022 ζημιωθήσεται.
1713 986 1787 1012 Ἀλλ’
1801 985 1891 1020 εἴπερ

1092 1033 1232 1068 ὁμολογεῖς
1248 1034 1286 1069 μὴ
1299 1033 1359 1060 καθ’
1381 1034 1455 1069 ἡμᾶς
1477 1031 1545 1060 εἶναι
1571 1033 1616 1059 τὸν
1638 1033 1714 1064 Θεὸν,
1740 1032 1893 1067 ὁμολογεῖς

1093 1079 1212 1114 δηλονότι
1230 1079 1276 1106 καί
1293 1088 1351 1111 πως
1366 1079 1400 1105 τὰ
1413 1079 1496 1107 αὑτοῦ
1511 1079 1548 1114 μὴ
1565 1076 1633 1106 εἶναι
1646 1078 1700 1104 τῶν
1716 1077 1778 1105 καθ’
1794 1078 1887 1112 ἡμᾶς.

1093 1126 1150 1153 ἀλλ’
1169 1127 1239 1162 ὑπὲρ
1254 1127 1327 1162 ἡμᾶς
1341 1127 1477 1158 τοσοῦτον,
1489 1126 1551 1153 ὅσον
1566 1126 1612 1152 καὶ
1627 1125 1697 1152 κατὰ
1711 1125 1758 1151 τὸν
1772 1124 1824 1159 τῆς
1838 1124 1891 1149 οὖ-

1094 1171 1154 1202 alat;
1169 1172 1246 1206 λόγον
1260 1172 1410 1207 διέστηκεν.

1320 1270 1420 1303 ΔΛΛΟ,
1435 1271 1508 1304 πρὸς
1525 1270 1557 1297 τὸ
1574 1271 1657 1298 αὐτό.

1135 1335 1282 1370 Ἠγνόησεν
1292 1335 1305 1361 ὁ
1317 1336 1407 1370 σοφὸς,
1420 1336 1458 1367 ὡς
1472 1336 1567 1369 οἴεται,
1580 1337 1626 1363 καὶ
1642 1336 1704 1368 ὀξὺς
1720 1338 1762 1368 εἰς
1772 1337 1802 1363 τὸ
1811 1338 1890 1363 νοεῖν

1094 1380 1205 1415 ἀμέτρῳ
1223 1379 1379 1414 περιπεσὼν
1401 1381 1558 1417 δυσφημίᾳθ
1584 1381 1652 1413 ζῶον
1675 1382 1730 1416 γὰρ
1753 1383 1888 1417 ὀνομάζει

1093 1426 1138 1452 τὸν
1153 1425 1263 1461 Κύριον,
1277 1427 1326 1452 οὐκ
1343 1425 1419 1457 εἰδὼς
1434 1426 1475 1452 ὅτι
1490 1427 1520 1453 τὸ
1534 1426 1602 1459 ζῶον
1617 1427 1710 1462 ἕτερον
1730 1429 1789 1453 ἐστι
1807 1429 1888 1463 παρά

1094 1471 1143 1506 τὴν
1158 1471 1240 1506 ζωὴν,
1256 1470 1350 1505 ῶσπερ
1364 1471 1380 1506 ἡ
1396 1471 1532 1506 ἐπιστήμη
1548 1471 1623 1505 παρὰ
1640 1471 1684 1497 τὸν
1699 1472 1885 1505 ἐπιστήμονα.

1095 1517 1172 1552 Ζωὴν
1187 1519 1236 1552 μὲν
1252 1517 1305 1551 γὰρ
1316 1516 1342 1542 εἴ
1356 1525 1397 1548 τις
1408 1516 1491 1550 λέγοι,
1501 1516 1567 1542 αὐτὸ
1582 1517 1710 1551 σημαίνει
1723 1517 1755 1543 τὸ
1767 1518 1888 1552 πρᾶγμα

1095 1563 1125 1588 τὸ
1142 1563 1170 1588 έν
1183 1571 1238 1588 τισι
1258 1564 1399 1597 γινόμενον
1421 1562 1468 1589 καὶ
1491 1562 1638 1594 ζωοποιοῦν
1654 1563 1740 1589 αὐτὰ·
1765 1563 1836 1595 ζῶον
1858 1564 1886 1589 δὲ

1097 1607 1192 1641 λέγων,
1209 1608 1237 1633 τὸ
1250 1608 1361 1643 μετέχον
1372 1608 1418 1634 τοῦ
1433 1609 1626 1640 ζωοποιοῦντος
1641 1617 1734 1644 φησιν.
1754 1609 1827 1635 ’Λλλ¹
1838 1609 1889 1644 οὐχ

1097 1652 1181 1683 οὕτως
1196 1653 1290 1679 ἑαυτὸν
1303 1655 1317 1679 ὁ
1334 1654 1433 1688 Κύριος
1450 1655 1590 1689 ὀνομάζων
1605 1655 1741 1689 φαίνεται,
1767 1655 1842 1690 ζωὴν
1859 1655 1887 1681 δὲ

1099 1698 1198 1732 μᾶλλον
1215 1698 1356 1725 ἀποκαλεῖ.
1376 1699 1407 1725 Εἰ
1425 1699 1452 1724 δὲ
1469 1698 1524 1734 ζωὴ
1539 1700 1667 1734 ὑπάρχων
1680 1701 1728 1726 καὶ
1745 1700 1817 1731 ζῶόν
1830 1702 1888 1726 ἑστι

1097 1743 1167 1770 κατὰ
1184 1744 1232 1779 τὴν
1248 1744 1351 1770 ἐκείνου
1368 1745 1589 1778 φρενοὸλάὸειαν,
1602 1745 1725 1779 λεγέσθω
1739 1747 1789 1772 καὶ
1803 1747 1818 1772 ὁ
1831 1747 1888 1772 lla.-

1097 1789 1147 1824 τὴρ
1164 1788 1242 1822 ζῶον,
1259 1790 1408 1825 ἐπειδήπερ
1423 1790 1548 1824 φαίνεται
1562 1790 1658 1824 λέγων·
1678 1801 1686 1816 i
1700 1791 1743 1818 Ζῶ
1758 1791 1827 1825 ἐγὼ,
1843 1792 1887 1818 λέ-

1096 1843 1139 1868 γει
1151 1834 1263 1869 Κύριος.
1277 1845 1285 1861 ι
1297 1835 1378 1861 Ἀλλὰ
1392 1837 1452 1867 ταῖς
1467 1836 1569 1862 ἐκείνου
1588 1836 1734 1871 φλυαρίαις
1746 1837 1888 1872 ἐρρῶσθαι

1097 1881 1250 1916 φράσαντες
1263 1900 1269 1911 ,
1285 1881 1332 1907 καὶ
1350 1881 1381 1907 τὸ
1398 1882 1574 1908 ἁποστολικὺν
1591 1882 1679 1908 ἐκεῖνο
1700 1883 1886 1918 προσθέντες·

1101 1935 1109 1951 ι
1127 1926 1166 1952 Τὰ
1182 1926 1305 1961 νοήματά
1322 1935 1367 1953 σου
1385 1928 1433 1953 σὺν
1456 1928 1495 1953 σοὶ
1518 1928 1560 1963 εἴη
1579 1929 1618 1959 εἰς
1635 1928 1794 1962 ἀπώλειαν,
1813 1939 1822 1955 ι
1843 1930 1888 1955 ἐπὶ

1097 1972 1144 2007 τὴν
1152 1972 1284 2008 ὀρθότητα
1297 1973 1350 2000 τῶν
1363 1973 1505 2009 δογμάτων
1513 1974 1700 2009 δραμούμεθα,
1713 1976 1761 2002 καὶ
1774 1976 1805 2002 οὺ
1818 1976 1888 2007 ζῶον

1097 2019 1156 2045 κατ’
1174 2019 1306 2050 ἐκείνους,
1320 2019 1387 2045 ἀλλὰ
1405 2019 1477 2056 ζωὴν
1495 2020 1610 2055 ἐροῦμεν
1625 2021 1669 2047 τὸν
1685 2021 1802 2056 Κύριον,
1822 2021 1888 2053 ζωο-

1096 2062 1227 2097 γονοῦσαν
1241 2063 1275 2090 τὰ
1292 2063 1380 2091 πάντα
1402 2064 1439 2096 ὡς
1458 2065 1486 2091 ἐν
1503 2064 1575 2100 αὖτῷ
1591 2066 1723 2092 κινεῖσθαι
1739 2067 1788 2093 καὶ
1803 2065 1886 2100 εἶναι,

1098 2109 1169 2136 κατὰ
1180 2109 1229 2145 τὴν
1241 2109 1348 2136 Παύλου
1363 2111 1463 2146 φωνήν.

1345 2178 1446 2211 ΛΑΜ),
1459 2179 1501 2211 εἰς
1513 2179 1544 2205 τὸ
1557 2179 1640 2205 αὑτό.

1064 2253 1084 2280 D
1134 2244 1218 2278 Λόγον
1233 2245 1249 2279 ὴ
1268 2244 1328 2270 θεία
1338 2245 1432 2280 Γραφὴ
1447 2245 1492 2271 τὸν
1510 2246 1572 2272 Υἱὸν
1589 2246 1744 2281 ὀνομάζειν,
1758 2248 1807 2274 καὶ
1826 2257 1887 2284 προ-

1098 2289 1183 2325 φορὰν
1201 2291 1330 2325 ῥημάτων
1348 2291 1474 2317 τοιούτων
1494 2292 1572 2318 ὁποῖά
1587 2292 1644 2318 ὲστι
1659 2292 1692 2318 τὰ
1712 2293 1885 2329 ἀνθρώπινα,

1097 2333 1262 2368 φαντάζεται
1276 2335 1356 2362 πάλιν
1368 2336 1382 2362 ό
1393 2336 1491 2371 γοργὸς
1505 2337 1544 2368 εἰς
1555 2336 1683 2364 ἀϐουλίαν
1699 2338 1746 2364 καὶ
1760 2340 1885 2370 νεανικὸς

1096 2381 1136 2411 εἰς
1152 2381 1182 2407 τὸ
1203 2381 1240 2416 μὴ
1255 2383 1324 2407 νοεῖν
1346 2382 1432 2416 ὀρθῶς
1445 2382 1480 2408 τὰ
1495 2382 1553 2409 θεῖα
1570 2383 1706 2418 μυστήρια
1716 2392 1723 2398 ·
1741 2385 1794 2411 οὐκ
1809 2384 1884 2416 εἰδὼς

1097 2427 1138 2452 ὅτι
1156 2426 1224 2453 κατὰ
1241 2427 1291 2462 μὲν
1306 2428 1354 2463 τὴν
1369 2428 1508 2463 ἡμετέραν
1531 2428 1674 2464 συνήθειαν
1695 2429 1786 2461 οὕτως
1804 2432 1884 2457 αὐτὸν

1096 2472 1124 2498 αἰ
1144 2471 1213 2499 Θεῖαι
1232 2473 1394 2508 κηρύττουσι
1409 2474 1524 2508 Γραφαί.
1541 2474 1696 2509 Διαλέγεται
1711 2475 1740 2502 δὲ
1754 2477 1885 2512 ἀρρήτως

1097 2517 1190 2553 Πατὴρ
1205 2519 1272 2554 πρὸς
1285 2519 1356 2551 Υἱὺν,
1372 2519 1478 2554 ἔχοντος
1490 2520 1570 2546 αὑτοῦ
1584 2521 1707 2554 φυσικῶς
1720 2523 1770 2548 τοῦ
1785 2523 1883 2549 εἰδέναι

1095 2564 1141 2590 τοῦ
1157 2564 1282 2596 τεκόντος
1296 2565 1345 2599 τὴν
1360 2565 1497 2600 βούλησιν,
1513 2566 1543 2592 οὐ
1558 2565 1636 2600 λόγον
1646 2567 1790 2601 ἐκφαίνειν
1804 2568 1881 2594 δυνά-

1098 2618 1177 2644 μενον
1194 2609 1227 2637 τὰ
1247 2611 1426 2646 κεκρυμμένα
1439 2611 1630 2647 περιμένοντος
1642 2633 1649 2646 ,
1664 2613 1727 2639 ἐπεὶ
1741 2614 1790 2640 καὶ
1805 2614 1882 2645 αὑτάς

1097 2658 1169 2683 ἐστιν
1186 2659 1199 2683 ὀ
1216 2658 1310 2691 Λόγος.
1325 2658 1389 2684 Ὅτε
1406 2659 1494 2685 τοίνυν
1516 2660 1563 2686 ἐπὶ
1581 2659 1648 2686 Θεοῦ
1662 2669 1687 2686 τι
1700 2660 1818 2694 λέγεται.
1834 2661 1882 2687 τῶν

1093 2703 1144 2729 ὃσα
1168 2703 1269 2738 μᾶλλον
1283 2703 1436 2739 ἀνθρώποις
1451 2703 1510 2731 ἐστὶ
1529 2705 1751 2740 πρεπωδέστερα,
1768 2705 1881 2733 ἀνασαια

1093 2749 1161 2775 νέτω
1187 2749 1220 2776 τὰ
1243 2749 1303 2776 καθ“
1333 2750 1406 2785 ἡμᾶς
1428 2751 1442 2776 ό
1467 2751 1658 2786 ἀκροώμενος,
1686 2752 1732 2778 καὶ
1763 2752 1815 2778 ἐπὶ
1836 2751 1880 2784 τὴν

1069 2836 1112 2863 20.
1171 2838 1191 2852 η
1209 2837 1216 2864 1
1233 2837 1302 2865 Titii.
1319 2846 1354 2870 ri,
1378 2839 1417 2866 15.

1457 2840 1478 2856 ⁵³
1499 2842 1558 2869 Att.
1572 2848 1636 2874 xvii,
1657 2841 1702 2868 28.
1744 2841 1767 2858 “
1783 2841 1861 2870 Joaii.
