1904 3026
37 151 84 179 3'15

733 151 951 180 THESAURUS.

1617 160 1669 188 326

38 209 228 246 πνευματικὴν
255 210 304 237 καὶ
328 210 379 247 τὴν
401 211 430 238 ὲν
456 210 546 248 νοήσει
569 212 603 248 τῇ
628 211 689 247 Θείᾳ
713 212 830 251 τρεχέτω

888 213 949 246 lem,
965 212 1065 248 quique
1087 213 1112 241 in
1133 213 1224 242 divino
1244 214 1380 243 intellectu
1402 216 1535 252 consistit,
1559 225 1668 248 sensum

37 255 202 291 κατάληψιν.

176 313 342 346 ἏντΙθεσις
356 313 397 347 ὡς
415 314 449 341 ἐκ
465 313 524 341 τῶν
535 314 695 349 Εὑνομίου.

74 380 149 406 Ἀλλ’
172 380 225 407 οὐκ
249 381 372 417 ἐξαρκεῖ,
397 382 489 417 φησιν,
512 383 552 413 είς
577 383 642 410 Υίοῦ
663 384 778 420 δήλωσιν
803 381 834 412 τδ

37 425 120 460 Λόγος
135 426 236 461 δνομα,
260 426 317 453 οὐδ’
333 427 367 453 ἂν
382 426 488 462 γένοιτο
513 428 601 464 σαφὴς
618 430 634 465 ἡ
650 430 727 457 οὐσία
749 431 832 458 αὺτοῦ

37 473 77 498 διὰ
103 473 158 507 τῆς
179 473 290 500 τοιᾶσδε
320 473 524 509 προσηγορίας”
554 474 666 510 φέρεται
699 476 752 511 γὰρ
785 477 833 504 καὶ

37 519 107 545 κατὰ
123 517 239 546 πολλῶν
248 519 352 554 ἑτέρων
367 519 498 554 ῥημάτων
517 519 610 555 ἀργῶν
622 529 652 547 τε
667 523 714 549 καὶ
731 523 833 549 ἀνυπο-

39 572 155 591 στατων.

283 621 364 657 Πρὸς
376 622 468 650 ταῦτα
481 623 583 655 λύσις.

70 689 179 715 οὐκοῦν
204 689 333 724 ἀτονήσει
362 689 430 725 πρὸς
449 690 478 716 τὸ
500 690 676 726 παραστῆσαι
700 691 745 718 τοῦ
764 692 831 719 Θεοῦ

39 734 84 770 τὴν
99 734 199 761 οὖσίαν
224 734 255 760 τὸ
279 729 345 766 Θεὶς
359 735 454 770 ὄνομα.
480 735 668 771 Φέρεται,γὰρ
692 737 738 762 καὶ
762 736 834 763 κατὰ

39 780 89 806 τῶν
105 780 148 816 μὴ
161 781 241 815 φύσει
253 780 333 812 θεῶν,
346 781 416 808 κατὰ
428 780 468 813 τὸ,
480 790 489 806 t
502 781 571 815 Ἐγὼ
585 779 657 808 εἶπα·
667 781 728 808 Θεοί
741 783 812 810 ὲστε,
821 792 830 808 ι

40 826 68 852 τί
86 826 114 852 δὲ
132 825 254 852 κωλύσει
270 827 382 853 κάκεῖνο
396 826 496 860 λέγειν,
508 826 544 858 ὡς
558 827 673 863 ἐπείπερ
686 828 718 854 τὸ
730 828 833 860 δίκαιος

39 873 134 907 ὄνομα,
154 872 203 898 καὶ
219 872 249 898 τὸ
266 872 378 906 ἀγαθὸς,
394 873 441 899 καὶ
454 872 484 898 τὸ
501 872 587 906 ἅγιος,
602 873 650 899 καὶ
670 874 712 900 ἐπ’
729 873 833 909 ἀνθρὼ-

886 259 1062 287 conscettdat.

1095 316 1137 342 E1
1157 317 1301 352 objectione
1324 317 1458 346 Eunomit.

919 383 1000 418 Atqui
1019 391 1072 411 non
1091 384 1198 417 suiIicit,
1214 386 1311 421 inquit,
1328 387 1407 414 Verbi
1425 396 1521 416 nomen
1537 389 1570 416 ad
1586 389 1670 423 signi-

885 429 1041 458 ﬁcationem
1071 432 1143 465 Filii,
1165 440 1251 466 neque
1267 441 1298 460 ex
1316 433 1465 466 Itujusmodi
1494 435 1671 469 appellatione

884 477 1001 504 essentia
1030 477 1089 511 ejus
1113 479 1283 513 explicatur:
1303 479 1419 506 refertur
1434 481 1506 507 enim
1532 482 1612 508 etiam
1636 482 1671 508 ad

883 521 936 549 alia
951 522 1033 549 multa
1049 524 1130 551 verba
1143 532 1202 558 qua
1221 525 1390 560 bypostatice
1403 534 1455 553 non
1471 527 1616 554 exsistunt.

1126 623 1231 650 Solulio
1248 624 1413 658 objectiom's.

919 688 989 723 Ergo
1006 696 1040 716 ne
1051 689 1098 716 Dei
1111 690 1218 724 quidem
1245 698 1341 717 nomen
1362 692 1457 718 sulﬁrit
1475 693 1508 719 ad
1524 693 1669 720 essentiam

890 732 936 760 Dei
961 734 1162 768 explicandam.
1180 735 1308 762 Refertur
1325 737 1396 763 enirn
1416 738 1496 763 etiam
1516 737 1549 764 ad
1563 745 1608 764 eos
1625 738 1670 772 qui

885 785 980 806 natura
998 779 1035 806 dii
1063 787 1114 806 non
1133 785 1206 813 sunt,
1221 779 1300 814 juxta
1319 781 1384 808 illud
1401 791 1406 808 :
1429 792 1438 808 ‹
1462 782 1517 816 Ego
1535 783 1611 810 dixi:
1629 783 1670 810 Dii

884 824 950 851 estis
966 823 1000 850 ⁸³.
1019 833 1028 849 ι
1045 824 1114 856 Quid
1132 832 1197 851 vero
1216 825 1353 852 obstiterit
1368 827 1511 860 quominus
1534 816 1616 854 etiani
1639 828 1672 855 il-

885 870 929 897 lud
948 869 1088 897 dicamus:
1107 878 1167 897 cuin
1183 878 1280 897 nomen
1293 871 1396 904 justus,
1413 876 1439 898 et
1454 873 1548 905 bonus,
1568 877 1593 899 et
1608 880 1672 899 san-

39 926 94 944 πων
119 918 251 944 τάττεται
276 917 390 954 (πολλοὶ
413 918 467 953 γὰρ
483 918 597 944 ¹ιὀιοῦτοι
623 919 692 945 κατὰ
716 919 830 955 μετοχὴν

888 921 946 943 ctus
963 916 1045 943 etiam
1068 916 1101 943 de
1120 916 1276 944 hominibus
1291 917 1397 944 dicatur
1411 917 1496 953 (multi
1519 918 1590 944 enim
1608 924 1672 945 sunt

39 964 82 990 τοῦ
105 964 170 991 κατ’
187 964 320 1000 ἀλήθειαν
343 965 391 991 καὶ
410 964 494 996 ὅντως
518 964 620 999 ἀγαθοῦ
657 965 704 991 καὶ
726 965 832 991 δικαίου

39 1010 251 1045 τυγχάνοντος),
277 1011 308 1037 οὐ
329 1010 431 1046 κυρίως
452 1011 498 1037 ἐπὶ
523 1010 590 1036 Θεοῦ
612 1009 753 1042 τετάξεται
778 1010 832 1037 τῶν

41 1056 194 1092 εἰρημένων
209 1056 339 1089 ἓκαστον;
357 1056 386 1082 Εἰ
397 1056 425 1082 δὲ
442 1056 519 1083 κοινὰ
534 1056 583 1092 μὲν
595 1057 661 1091 ἡμῖν
675 1057 742 1092 πρὸς
753 1056 832 1082 αὑτὸν

40 1102 69 1127 τὰ
82 1091 218 1136 ονόματα,
238 1102 313 1137 αὐτῷ
333 1102 361 1128 δὲ
383 1102 456 1137 μόνῳ
477 1103 548 1129 κατὰ
565 1102 645 1136 φύσιν
668 1102 698 1129 τὸ
715 1103 832 1138 πρᾶγμα

41 1147 251 1182 ἐπαληθεύεται,
271 1148 347 1174 οὐδὲν
362 1147 478 1174 κωλύσει
496 1148 543 1175 καὶ
558 1148 644 1182 Λόγον
662 1148 764 1183 κυρίως
784 1157 830 1174 κε-

40 1191 154 1226 κλῆσθαι
168 1192 216 1218 τὸν
228 1192 304 1224 Υἱὸν,
320 1193 527 1228 παραστατικήν
537 1201 566 1218 τε
580 1193 629 1227 τῆς
644 1192 736 1224 οὐσίας
748 1192 830 1219 αὑτοῦ

41 1238 137 1272 ταύτην
153 1238 230 1273 ἔχειν
250 1238 301 1273 τὴν
323 1238 498 1273 ἐπωνυμίαν,
526 1239 550 1264 εί
578 1238 623 1264 καὶ
645 1237 734 1273 ἕτεροι
757 1237 831 1272 λόγοι

42 1283 127 1310 πολλοί
149 1293 226 1316 τινες
243 1282 298 1310 εῐεν
313 1284 540 1320 καταχρηστικῶς
557 1284 604 1310 καὶ
623 1283 691 1319 πρὸς
714 1283 830 1319 μίμησιν

41 1331 83 1356 τοῦ
98 1330 160 1356 κατ’
186 1330 318 1365 ἀλήθειαν
336 1330 516 1365 κεκλημένου.
534 1330 583 1356 Διά
597 1330 651 1366 γὰρ
665 1330 766 1365 ταύτην
781 1330 830 1364 τὴν

41 1376 125 1402 αἰτίαν
140 1377 206 1411 περὶ
218 1375 316 1403 ἑαυτοῦ
332 1384 414 1411 φησιν
427 1377 441 1402 ό
462 1376 525 1407 Υἱός
535 1384 541 1391 ’
555 1385 564 1401 ι
578 1376 649 1410 Ἐγώ
664 1376 721 1411 εἰμι
736 1377 752 1412 ἡ
765 1376 831 1412 ἁλή-

42 1421 104 1448 θεια.
120 1421 221 1449 fama
238 1422 306 1456 ὅπερ
317 1421 349 1447 ἄν
360 1429 401 1452 τις
415 1420 486 1447 εἴποι
501 1421 564 1457 περὶ
577 1420 659 1447 αὑτοῦ
676 1420 830 1456 θεοπρεπὲς

41 1476 66 1493 τε
82 1468 130 1494 καὶ
143 1467 220 1499 ἄξιον
232 1467 282 1502 τῆς
297 1466 372 1498 θείας
385 1466 548 1501 γεννήσεως,
559 1467 616 1502 ὲρεῖ
632 1466 680 1502 μὲν
693 1466 736 1492 ἐπ’
747 1465 829 1492 αὑτοῦ

41 1512 150 1548 xuphng,
163 1512 210 1538 ὲπὶ
221 1511 250 1538 δὲ
263 1511 318 1537 τῶν
333 1511 435 1546 ἐτέρων
445 1511 547 1540 οὐκέτι,
562 1510 790 1546 καταχρηστικῶς
802 1510 829 1536 δὲ

43 1557 150 1593 μᾶλλον,
170 1557 299 1592 καθάπερ
312 1557 430 1592 εἴρηται.

180 1625 342 1657 Ὰι-τίοεσις
355 1625 394 1658 ὡς
408 1624 443 1651 ἐκ
459 1624 520 1651 τῶν
532 1625 692 1659 Εὐνομίου,

72 1693 161 1727 Λόγος
176 1693 286 1729 εἴρηται
297 1714 304 1726 ,
324 1693 391 1728 φησὶ
401 1712 408 1724 ,
425 1692 500 1728 παρὰ
515 1693 575 1724 ταῖς
592 1692 678 1723 θείαις
693 1691 830 1727 Γραφαῖς,

42 1740 86 1775 οὐχ
99 1740 138 1773 ὡς
152 1740 185 1766 ἐκ
203 1740 313 1776 Πατρὺς
329 1739 401 1766 κατὰ
416 1739 497 1774 φύσιν
512 1740 653 1774 ὑπάρχων,
670 1739 686 1774 ἢ
699 1739 779 1769 αὐτὸς
794 1738 832 1765 ὢν

41 1788 54 1813 ὁ
76 1787 231 1818 ἐνδιάθετος
255 1787 355 1820 λόγος,
385 1785 442 1813 ἀλλ’
479 1787 519 1812 ὅτι
549 1786 594 1813 τὸν
621 1785 728 1821 Πατρὸς
754 1785 832 1819 λόγον

42 1832 160 1864 ἀκούσας
189 1833 237 1858 καὶ
271 1833 337 1868 ἡμῖν
376 1831 550 1866 ἐξαγγέλλει·
582 1831 676 1866 ὥσπερ
707 1829 753 1858 οὖν
785 1830 832 1857 καὶ

43 1879 176 1914 ἁγιασμὸς
191 1879 320 1914 εἴρηται,
336 1879 377 1904 ὅτι
390 1878 516 1912 ἁγιάζει,
534 1878 581 1904 καὶ
597 1876 770 1912 δικαιοσύνη,
791 1876 832 1903 ὅτι

43 1924 149 1951 δικαιοῖ.

297 1980 377 2014 Πρὸς
393 1980 480 2007 τοῦτο
493 1980 594 2013 λύσις.
634 2004 643 2011 ,

75 2050 106 2076 El
123 2050 210 2084 Λόγος
223 2048 325 2084 ἐκλήθη
340 2068 347 2080 ,
362 2048 433 2074 κατὰ
449 2048 498 2083 τὴν
513 2048 571 2082 σὴν,
585 2044 608 2074 ὦ
621 2047 753 2082 βέλτιστε,
769 2047 835 2091 oua:

44 2094 156 2130 φημίαν,
172 2094 222 2128 οὐχ
235 2094 277 2119 ὅτι
301 2093 372 2119 κατὰ
391 2092 472 2126 φύσιν
489 2092 568 2119 τοῦτό
588 2093 662 2119 ἐστιν
678 2093 710 2118 ὲκ
726 2091 833 2127 [ἰατρὸς

44 2139 180 2176 προελθὼν
194 2159 201 2170 ,
215 2139 264 2166 καὶ
279 2139 329 2173 τῆς
343 2138 390 2164 τοῦ
410 2138 536 2170 τεκόντος
551 2138 644 2169 οὐσίας
659 2137 832 2172 ὲκφαντικδς,

44 2184 95 2210 ἀλλ’
108 2185 149 2210 ὅτι
164 2183 212 2210 τὸν
223 2183 298 2219 παρὰ
312 2182 419 2218 Πατρὸς
431 2182 550 2214 ἀκούσας
573 2183 661 2217 λόγον,
676 2183 833 2216 ἐξαγγέλλει

44 2229 135 2255 τοῦτον
152 2229 194 2260 εἰς
212 2229 286 2263 ἡμᾶς
297 2236 303 2241 ·
321 2228 401 2262 τήρει
421 2228 468 2254 καὶ
485 2228 514 2254 ὲν
529 2229 586 2259 τοῖς
605 2227 693 2259 ἄλλοις
708 2229 757 2263 τὴν
771 2228 832 2262 ἴσην

887 962 956 989 tales
979 970 1028 997 per
1053 962 1290 997 participationem
1313 962 1369 997 ejus
1383 964 1429 998 qui
1447 970 1510 990 vere
1527 968 1608 998 atque
1626 971 1672 991 re-

887 1007 943 1043 ipsa
956 1008 1042 1035 bonus
1062 1008 1187 1042 etjustus
1201 1010 1263 1042 est).
1283 1017 1335 1035 non
1357 1010 1465 1044 proprie
1488 1010 1592 1044 singula
1615 1011 1673 1038 haec

886 1061 945 1088 qua:
970 1054 1086 1080 diximus
1109 1055 1142 1081 de
1168 1054 1222 1082 Deo
1245 1055 1406 1090 praedicari?
1420 1057 1454 1082 At
1475 1056 1499 1082 si
1520 1058 1672 1084 communia

885 1097 994 1131 quidem
1021 1097 1099 1124 nobis
1122 1103 1260 1127 suntcum
1286 1099 1332 1126 illo
1347 1101 1465 1132 nomina,
1490 1101 1536 1128 sed
1559 1103 1592 1129 de
1615 1102 1674 1137 ipso

863 1157 867 1161 -
887 1147 990 1169 tantum
1008 1150 1072 1170 vere
1086 1145 1232 1170 secundum
1248 1149 1372 1172 naturam
1390 1146 1525 1179 dicuntur,
1542 1147 1608 1174 nihil
1623 1148 1673 1174 im-

886 1187 960 1221 pedit
974 1184 1121 1222 quominus
1139 1187 1222 1216 Filius
1240 1190 1348 1223 proprie
1362 1191 1468 1218 dicatur
1484 1191 1612 1224 Verbum,
1627 1199 1674 1219 ea-

886 1240 938 1266 que
951 1233 1094 1268 appellatio
1110 1235 1257 1262 essentiam
1279 1236 1338 1270 ejus
1353 1237 1480 1271 explicet,
1495 1238 1606 1265 tametsi
1620 1238 1671 1265 alia

884 1287 992 1314 quoque
1007 1280 1089 1306 tnulta
1101 1281 1154 1307 sint
1170 1280 1250 1308 verba
1265 1282 1377 1310 abusive
1405 1289 1430 1310 et
1446 1284 1479 1320 ad
1494 1284 1672 1313 imitationem

885 1325 957 1352 illius
975 1327 1046 1360 quod
1065 1333 1128 1353 vere
1147 1327 1182 1354 ita
1201 1333 1323 1355 vocatur.
1337 1327 1403 1356 Eam
1419 1330 1489 1357 enim
1512 1331 1546 1358 ob
1561 1339 1671 1359 causam

884 1370 970 1399 Filius
979 1371 1011 1398 de
1020 1372 1110 1407 seipso
1126 1372 1233 1406 inquit:
1247 1382 1256 1399 ε
1270 1374 1324 1409 Ego
1339 1381 1398 1402 sum
1412 1376 1512 1403 veritas
1528 1377 1562 1403 “.
1581 1387 1590 1404 ι
1601 1379 1673 1410 Quo-

883 1417 956 1444 circa
974 1418 1104 1453 quidquid
1128 1420 1162 1446 de
1190 1428 1222 1448 eo
1239 1420 1341 1448 dixeris
1364 1421 1497 1449 divinitati
1520 1419 1672 1459 divinaeque

884 1462 942 1497 ejus
959 1464 1126 1498 generationi
1145 1465 1309 1493 conveniens
1322 1471 1350 1493 et
1363 1473 1422 1501 par.
1437 1467 1546 1502 proprie
1562 1469 1670 1503 quidem

883 1508 916 1536 de
933 1510 991 1544 ipso
1008 1510 1098 1543 dices;
1118 1511 1150 1538 de
1171 1511 1231 1538 aliis
1246 1519 1310 1539 vero
1340 1519 1393 1539 non
1413 1512 1490 1548 item,
1513 1515 1560 1542 sed
1584 1515 1673 1550 potius

884 1555 1006 1588 abusive,
1025 1561 1055 1583 ut
1067 1558 1169 1584 dictum
1185 1562 1236 1584 est.

1081 1624 1159 1659 193
1177 1624 1297 1659 Objectio
1323 1624 1461 1655 Eunantii.

919 1690 1052 1720 Verbum.
1061 1690 1158 1725 inquit,
1169 1691 1270 1718 dictum
1279 1696 1320 1719 est
1332 1692 1357 1719 in
1369 1700 1445 1721 sacra
1458 1692 1608 1729 Scriptura,
1618 1702 1672 1722 non

884 1736 947 1771 quia
965 1743 997 1763 ex
1014 1736 1095 1763 Patre
1110 1738 1258 1764 secundum
1270 1743 1393 1765 naturam
1405 1740 1528 1771 exsistat,
1543 1745 1589 1767 aut
1603 1741 1673 1774 quod

883 1783 918 1810 sit
934 1783 1110 1811 intrinsecum
1127 1784 1184 1811 sive
1200 1784 1309 1811 insitutn
1322 1784 1395 1812 Patri
1413 1786 1534 1819 verbum,
1548 1787 1593 1813 sed
1610 1787 1674 1820 quia

883 1829 971 1856 Patris
985 1830 1097 1856 verbum
1117 1830 1240 1862 audiens,
1256 1830 1282 1857 id
1297 1830 1374 1858 nobis
1391 1833 1530 1859 annuntiat
1545 1841 1551 1859 :
1565 1833 1634 1860 sicut
1647 1838 1675 1860 ct

884 1874 1064 1902 sanctiﬁcatio
1079 1875 1167 1902 dictus
1184 1880 1236 1907 est,
1249 1875 1312 1909 quia
1335 1877 1498 1910 sanctiﬁcat,
1517 1881 1544 1903 et
1557 1876 1673 1912 justitia,

882 1920 945 1956 quia
954 1921 1097 1955 justiﬁcat.

1141 1977 1243 2005 Salutio
1260 1978 1422 2013 objectiouis.

919 2044 959 2078 Si,
969 2045 1046 2081 juxta
1065 2049 1138 2072 tuam
1153 2045 1361 2080 blasphemiam,
1373 2045 1489 2073 Verbum
1506 2046 1605 2073 dictum
1620 2051 1672 2078 est,

883 2098 936 2118 non
953 2091 1023 2126 quod
1040 2091 1202 2118 naturaliter
1217 2093 1268 2119 hoc
1279 2092 1315 2119 sit
1329 2099 1361 2119 ex
1379 2091 1460 2118 Patre
1475 2092 1632 2126 procedens,
1646 2096 1674 2119 et

884 2137 1016 2171 genitoris
1031 2138 1071 2164 sui
1091 2137 1237 2164 essentiam
1251 2137 1405 2170 declarans,
1424 2138 1470 2165 sed
1486 2139 1558 2173 quod
1581 2138 1672 2166 Patris

885 2183 995 2210 verbum
1012 2184 1135 2215 audiens,
1154 2183 1232 2210 nobis
1248 2184 1273 2210 id
1290 2184 1442 2216 annuntiet,
1457 2184 1570 2211 observa
1591 2185 1672 2212 etiam

886 2229 912 2256 itt
928 2229 989 2256 aliis
1005 2229 1126 2256 eamdem
1145 2230 1275 2257 rationem
1287 2234 1314 2256 et
1323 2231 1555 2264 consequentiam,
1568 2235 1595 2257 ut
1612 2238 1673 2265 gra-

44 2274 214 2304 ἁκολουθίαν,
236 2273 280 2299 ἴνα
293 2273 341 2299 καὶ
359 2273 489 2307 μειζόνως
507 2273 709 2308 ἀσχημονήσῃς.
727 2273 758 2299 Et
777 2273 830 2308 γὰρ

888 2274 945 2301 vius
975 2276 1148 2309 apertiusque
1170 2275 1321 2309 delinquas.
1344 2273 1412 2301 Nam
1440 2275 1462 2302 si
1490 2275 1605 2302 Verbum
1631 2280 1673 2303 est

44 2321 127 2354 Λόγος
142 2320 239 2352 ἐστὶν,
262 2320 304 2346 ὅτι
326 2318 406 2353 λόγον
431 2319 559 2354 ἀκήκοεν,
584 2320 730 2353 ἀναγκαῖον
750 2319 836 2345 εἰπεῖν

45 2366 81 2392 an
97 2367 144 2393 καὶ
157 2365 318 2399 δικαιοσύνη
342 2365 390 2391 καὶ
408 2365 544 2400 ἁγιασμὸς
566 2366 650 2397 ἐστιν,
675 2365 712 2396 ὼς
730 2365 834 2391 δικαιο-

45 2411 124 2447 σύνης
147 2411 197 2438 καὶ
223 2410 362 2445 ἀγιασμοῦ
387 2410 512 2445 μέτοχος,
537 2411 583 2438 καὶ
605 2411 635 2437 οὐ
660 2411 731 2437 κατὰ
754 2410 835 2445 φύσιν

45 2456 124 2483 ταῦτα
138 2457 281 2491 ὑπάρχων.
297 2455 339 2481 Τὰ
360 2455 388 2482 δὲ
403 2457 441 2491 μὴ
458 2456 528 2482 κατὰ
548 2456 629 2490 φύσιν
646 2456 783 2491 προσόντα
798 2465 834 2482 τι-

47 2505 94 2537 σὶν,
109 2504 167 2531 ἀλλ’
184 2503 285 2537 ἔξωθεν
305 2504 483 2537 ὲπιγεγονότα
494 2524 500 2536 ,
528 2503 625 2539 ῥᾳδίως
641 2504 835 2539 ἀποσυμόήσε-

46 2559 96 2577 ⁴ται.
116 2551 170 2578 Καί
194 2559 262 2576 ποτε
285 2549 462 2584 δικαιοσύνης
481 2549 528 2576 καὶ
557 2549 695 2584 ἁγιασμοῦ
716 2550 834 2586 ἔρημος,

47 2595 100 2622 καθ’
118 2596 201 2631 ὑμᾶς,
215 2596 229 2622 ὁ
245 2594 294 2621 τοῦ
308 2594 378 2629 θεοῦ
395 2594 481 2628 Λόγος
499 2596 633 2629 φανεῖται,
649 2596 663 2621 ὁ
677 2594 774 2628 λέγων’
784 2604 792 2620 ι
805 2595 832 2633 ’φ

47 2640 169 2676 ἑωρακὼς
193 2640 265 2676 ἐμὲ,
289 2639 398 2675 ἑώρακε
429 2640 475 2666 τὸν
501 2640 621 2676 Πατέρα.
641 2650 649 2666 ›
675 2640 832 2674 Φθανούσης

46 2687 183 2722 τοιγαροῦν
217 2688 267 2713 καὶ
296 2687 337 2718 εἰς
366 2685 448 2712 αὐτὸν
480 2686 529 2722 ἤδη
558 2686 604 2713 τὸν
639 2686 749 2721 Πατέρα
783 2688 832 2722 τῆς

47 2733 211 2769 δυσφημίας,
231 2732 420 2768 παραιτητέον
438 2731 493 2757 τῶν
515 2731 707 2767 χριστομάχων
722 2732 771 2766 τὴν
784 2741 831 2759 κα-

49 2778 155 2806 διάνοιαν.

64 2868 83 2883 ⁸³
96 2868 162 2897 i’sal.
184 2876 281 2901 unt,
301 2867 334 2899 6;
351 2866 427 2894 Juztn.
447 2875 472 2900 ς,
489 2867 532 2893 Si.
573 2867 594 2881 ""'
609 2866 686 2894 Joan.
704 2875 755 2899 xit"
773 2868 798 2895 (ῑ,

888 2321 950 2356 quia
967 2321 1078 2348 verbum
1099 2321 1212 2352 audivit,
1233 2321 1414 2348 tteCCSsarium
1433 2325 1472 2348 est
1485 2322 1565 2348 etiam
1586 2322 1673 2356 ipsutn

887 2375 948 2396 esse
967 2368 1099 2401 justitiam
1121 2372 1146 2395 et
1175 2367 1417 2394 sanctiﬁcatiuucm
1436 2367 1497 2401 quia
1515 2368 1626 2402 justiti-az
1645 2373 1674 2394 et

886 2413 1110 2441 sanctificationis
1122 2417 1165 2440 est
1179 2413 1326 2448 particeps,
1342 2420 1393 2439 non
1408 2417 1496 2439 autem
1515 2412 1673 2439 naturaliter

885 2459 910 2487 id
925 2467 996 2487 esse.
1014 2459 1079 2492 Quae
1092 2466 1157 2485 vero
1173 2466 1225 2485 non
1242 2459 1400 2486 naturaliter
1412 2457 1492 2484 alicui
1510 2458 1611 2489 insunt,
1625 2457 1672 2484 sed

883 2505 1051 2532 extrinsecus
1063 2503 1203 2536 accidunt,
1216 2503 1296 2531 facile
1308 2505 1389 2531 etiam
1403 2508 1515 2538 possunt
1532 2510 1584 2529 non
1600 2503 1673 2530 acci-

883 2550 956 2577 dere.
969 2549 1101 2584 Atqueita
1118 2549 1274 2583 aliquando,
1284 2549 1363 2583 juxta
1376 2555 1493 2577 vestram
1505 2549 1671 2584 opinionem,

881 2595 986 2630 justitia
997 2600 1025 2622 ct
1036 2594 1250 2622 sanctiﬁcatione
1274 2602 1390 2622 vacuum
1408 2596 1461 2622 erit
1475 2595 1520 2622 Dei
1537 2593 1668 2627 Verbum,

885 2641 956 2675 quod
969 2641 1001 2668 de
1013 2649 1042 2668 se
1053 2641 1133 2668 dicit:
1147 2649 1156 2666 ι
1171 2640 1220 2672 Qui
1235 2639 1300 2667 vidit
1313 2647 1366 2672 me,
1379 2640 1480 2668 viditet
1493 2640 1601 2667 Patrem
1613 2639 1644 2666 δ’.
1661 2649 1670 2666 ι

884 2685 951 2712 Cum
971 2686 1051 2721 igitur
1063 2685 1096 2713 ad
1111 2685 1221 2713 Patrem
1236 2685 1323 2720 ipsum
1337 2685 1394 2712 liam
1408 2686 1573 2720 blasphemia
1587 2685 1674 2720 perti-

885 2737 957 2764 neat,
975 2731 1131 2759 dcteStanda
1152 2731 1248 2760 merito
1264 2735 1305 2760 est
1328 2731 1385 2758 haec
1413 2731 1538 2758 immanis
1556 2731 1673 2758 hostium

883 2777 983 2804 Christi
995 2778 1167 2813 perversitas.

839 2868 858 2882 ³⁷
875 2866 949 2893 .1‹ι;ιιι.
969 2875 1020 2899 xt\‘,
1038 2868 1063 2894 υ.
