1904 3026
222 142 273 170 327

559 194 671 223 ALIUD.

255 257 295 285 Ne
310 255 397 285 sacris
415 253 565 290 Scripturis
591 252 675 287 legem
701 250 834 284 imponas,
854 246 981 274 baeretice
1001 254 1007 272 :

221 311 300 331 nemo
317 309 382 330 vero
398 301 433 328 ita
458 303 554 328 emota:
570 297 667 325 mentis
687 295 749 327 erit,
767 297 797 321 ιιι
816 300 876 320 cum
895 291 1012 327 Spiriius

221 353 333 377 sanctus
359 347 410 374 alia
435 344 561 380 pradicet
583 342 617 369 de
640 340 727 373 Filio,
755 338 809 366 luis
835 337 1012 365 cavillatoriis

220 392 436 429 expositionibus
447 389 536 425 potius
551 393 630 422 quam
647 385 683 413 illi
700 384 779 411 ﬁdem
794 382 928 410 adhibeat.
947 381 1010 415 Spi-

222 427 292 467 ritus
316 439 398 473 igitur
420 439 530 463 sanctus
548 431 664 468 appellat
687 430 786 458 Filium
812 427 927 455 Verbum
952 436 958 454 :
983 431 1009 453 tu

220 492 287 512 vero
304 472 356 511 non
378 481 505 512 Verbum,
521 479 568 506 sed
582 477 662 504 Verbi
678 474 837 514 participem
853 481 915 501 eum
931 472 1009 500 facis.

221 530 287 558 Nam
312 530 334 556 si
356 528 458 556 idcirco
472 526 558 562 ipsum
576 523 644 551 dicis
659 526 784 549 vocatum
802 519 932 552 Verbum,
947 518 1009 553 quia

220 577 247 604 id
263 575 334 611 quod
361 574 435 602 audit
455 580 470 599 a
494 571 584 604 Patre,
607 569 684 596 nobis
707 567 861 598 annuntiat.
877 564 1011 600 quomodo

220 630 272 650 non
285 621 402 648 delirare
416 616 574 646 censearis?
586 615 636 649 Qui
653 613 725 641 enim
740 613 800 640 talis
817 615 867 644 est,
885 618 937 638 non
951 617 1010 636 am-

218 668 288 703 plius
305 666 434 698 Verbum,
449 664 497 692 sed
516 662 594 690 Verbi
607 661 742 696 particeps
759 664 820 686 est:
841 664 926 692 neque
937 656 1009 683 enint

220 714 291 740 idem
306 719 354 747 per
368 719 398 738 se
411 710 492 738 fuerit
505 708 640 743 particeps
654 710 680 733 et
696 705 896 740 partieipatum.
914 703 1011 730 Exem-

218 759 254 794 pli
281 758 379 793 gratia,
408 756 482 783 aliud
507 761 549 782 est
570 753 714 788 sapientia,
740 751 812 778 aliud
833 749 942 783 sapiens
965 748 1010 782 qui

218 804 359 841 sapientiae
383 803 518 838 particeps
543 805 599 833 est;
628 798 702 826 aliud
730 796 918 833 grammatica,
938 794 1010 822 aliud

218 849 438 885 grammaticus:
463 847 578 874 alterum
597 847 669 873 enim
685 849 728 872 est
744 851 786 870 res
805 843 873 877 ipsa,
896 841 1010 869 alterum

218 896 264 932 qui
284 895 323 923 rei
345 895 415 922 illius
432 893 571 929 particeps
589 895 641 920 est.
658 888 846 918 Necessarium
863 887 945 923 igitur
959 889 1010 918 est,

218 947 266 969 aut
278 937 398 969 Verbum
421 946 486 966 esse
508 938 600 968 fateri,
617 941 644 964 et
667 944 719 963 non
738 934 817 962 Verbi
832 933 988 969 participem
1005 941 1011 959 :

220 992 267 1014 aut
281 987 303 1015 si
318 986 454 1021 particeps
468 989 509 1012 est
526 983 619 1015 Verbi,
635 990 688 1010 non
704 982 756 1016 iam
774 979 890 1007 Verbum
905 985 1011 1006 vocare.

219 1033 286 1060 Nam
302 1036 447 1066 utrumque
470 1030 550 1057 simul
572 1032 695 1062 respectu
717 1027 758 1054 sui
781 1026 868 1060 ipsius
881 1031 941 1052 esse
959 1031 1011 1051 non

220 1083 319 1114 potest.
349 1078 484 1112 Planeqne
512 1082 622 1103 necesse
652 1079 704 1105 est,
734 1077 762 1100 ut
785 1071 868 1099 Filius
897 1070 1011 1097 alterum

221 1126 316 1152 horum
333 1124 369 1151 sit
392 1132 400 1150 :
415 1127 561 1156 utrumque
577 1127 640 1148 vero
661 1125 842 1153 nequaquam.
865 1115 932 1143 Cum
949 1122 1013 1142 vero

219 1171 311 1198 divina
334 1169 474 1202 Scriptura
494 1167 580 1202 ipsum
606 1164 721 1200 appellet
746 1163 882 1194 Verbum,
904 1161 1011 1188 valeant

223 1216 263 1242 illi
284 1215 329 1250 qui
348 1215 434 1249 ipsum
458 1220 510 1240 non
532 1211 663 1242 Verbum,
679 1209 726 1237 sed
751 1207 830 1236 Verbi
854 1207 1011 1242 participem

220 1269 282 1290 esse
300 1261 403 1289 volunt.

398 1319 689 1369 ASSEBTIO
725 1319 832 1364 XX.

221 1400 302 1436 ι,θῶ
324 1398 474 1436 ιιιλῇίίιιιίί
491 1406 500 1422 ι
514 1395 646 1436 Sustinuit
662 1401 767 1436 (rule-ent
781 1391 928 1436 ignominia
948 1399 1012 1436 [colui—

254 1426 349 1469 Tempta
364 1434 399 1466 ⁸⁸,
422 1433 520 1469 idcirco
533 1436 556 1460 et
570 1430 641 1457 Deus
654 1428 777 1456 exultavit
793 1426 879 1469 illqru,
901 1431 924 1453 ιι
939 1426 1010 1452 dedit

254 1461 280 1498 ei
296 1461 400 1501 nomen;
416 1467 485 1503 quod
499 1471 536 1494 est
548 1474 626 1500 super
640 1471 715 1492 omne
726 1471 818 1490 nomen
833 1461 866 1488 δ’.
883 1471 893 1487 ι

450 1523 566 1558 Objectio
589 1520 781 1548 hereticorum.

257 1580 395 1615 Scriptum
411 1583 464 1613 est,
482 1578 610 1613 inquiunt
625 1585 631 1603 :
651 1585 661 1602 ι
676 1575 797 1610 Cogitate
810 1574 863 1602 hoc
876 1573 971 1609 singuli
985 1573 1010 1600 in

221 1626 308 1657 vobis,
324 1624 432 1657 fratres,
441 1623 511 1657 quod
520 1626 547 1649 et
562 1621 588 1649 in
604 1620 714 1648 Christo
723 1619 796 1652 Jesu,
807 1618 853 1654 qui
866 1626 925 1646 eum
940 1622 1012 1645 esset

223 1671 250 1699 in
268 1670 354 1698 forma
372 1669 430 1700 Dei,
450 1675 503 1695 non
524 1667 644 1701 rapinam
668 1666 818 1692 arbitratus
840 1668 883 1692 est
901 1671 930 1692 se
951 1670 1012 1692 esse

223 1715 352 1751 aequalem
367 1713 440 1746 Deo;
459 1722 468 1739 ι
485 1719 570 1746 usque
585 1719 617 1740 eo
630 1719 638 1738 :
656 1721 665 1737 ι
680 1709 742 1738 Ideo
755 1715 784 1738 et
801 1711 870 1737 Deus
884 1709 1013 1737 exallavit

223 1761 310 1793 illum,
324 1765 351 1788 et
365 1759 439 1787 dedit
459 1759 483 1786 ei
506 1765 605 1786 nomen
624 1756 696 1792 quod
712 1761 755 1784 est
771 1763 851 1791 super
869 1762 949 1783 omne
964 1761 1013 1782 no-

224 1816 285 1837 men
295 1808 329 1835 '°.
340 1816 349 1834 ι
362 1807 390 1834 Si
405 1813 469 1841 ergo
481 1805 615 1833 exaltatus
626 1807 669 1831 est
683 1810 698 1830 a
715 1802 781 1835 Deo,
795 1806 821 1830 et
834 1801 1012 1837 gloriﬁcatus.

223 1861 256 1881 ac
270 1852 350 1880 veluti
378 1859 426 1887 per
447 1851 562 1886 gratiam
586 1849 689 1883 accepit
705 1855 800 1875 nomen
826 1853 908 1882 super
929 1852 1012 1874 omne

223 1905 335 1930 nomen,
350 1896 412 1931 quia
435 1896 586 1923 humiliavit
599 1895 716 1929 seipsum
728 1900 813 1928 usque
831 1892 863 1920 ad
881 1896 1011 1920 mortem:

223 1950 288 1978 ergo
303 1943 433 1969 honorem
447 1941 518 1968 hunc
527 1945 554 1968 et
566 1947 662 1967 nomen
671 1946 751 1974 super
758 1938 848 1966 omnia
862 1936 1012 1964 mercedem

224 1994 280 2017 sua!
295 1987 458 2016 humilitatis
471 1986 586 2021 accepit,
603 1993 657 2013 non
675 1990 772 2011 natura
793 1983 929 2010 exsistens
943 1982 1013 2010 Deus

223 2038 271 2062 aut
285 2033 380 2066 Filius,
403 2032 450 2060 sed
473 2031 631 2059 accessione
645 2030 763 2064 quadam
787 2029 813 2055 id
835 2027 957 2056 eﬂ‘ectus.
985 2027 1013 2054 Id

222 2087 290 2109 vero
302 2079 375 2114 quod
389 2078 539 2112 adiectione
555 2076 645 2111 aliqua
661 2080 731 2110 eget,
753 2073 940 2108 imperfectum
961 2077 1012 2106 est,

224 2131 314 2160 neque
328 2124 355 2151 in
372 2131 420 2151 sua
435 2128 532 2150 natura
549 2121 700 2149 absolutum
715 2125 798 2155 atque
816 2120 971 2154 integrum;
987 2124 1014 2148 et

225 2170 297 2206 quod
310 2169 459 2197 exaltatum
478 2167 624 2202 aliquando
641 2165 700 2199 fuit,
715 2172 826 2193 necesse
838 2170 881 2193 est
893 2173 926 2193 ex
942 2165 1012 2193 infe-

734 134 764 161 S.
787 129 924 161 CYRILLI
942 127 1175 156 ALEXANDRINI
1197 125 1354 153 ARCHIEP.

1793 124 1851 152 ΜΒ

1399 184 1500 211 ΛΛΛΟ.

1096 245 1152 271 Οὐκ
1166 243 1415 278 ἐπινομοθετήσεις,
1440 238 1462 268 ὦ
1485 240 1663 276 χριστομάχε,
1681 239 1740 271 tot:
1760 239 1851 270 θείαις

1063 291 1185 328 Γραφαῖς
1195 299 1202 306 ’
1226 289 1280 316 οὐδ’
1296 289 1328 316 ἂν
1342 287 1446 323 γένοιτό
1466 296 1508 319 τις
1524 287 1632 322 ἔκφρων
1650 285 1790 317 τοσοῦτον,
1810 285 1851 316 ὡς

1061 338 1143 374 ἕτερα
1159 337 1285 370 λέγοντος
1299 335 1345 362 τοῦ
1362 335 1434 362 θείου
1452 333 1609 369 Πνεύματος
1624 331 1689 368 περὶ
1704 331 1753 358 τοῦ
1770 331 1851 362 Υίοῦ,

1060 384 1117 414 τοῖς
1134 384 1187 415 σοῖς
1210 381 1351 408 πείθεσθαι
1365 380 1450 411 νόθοις
1463 379 1611 415 σοφίσμασι
1625 377 1735 414 μᾶλλον,
1745 377 1794 403 καὶ
1811 376 1852 412 μὴ

1061 429 1158 464 ἐκείνῳ
1181 427 1337 463 προσέχειν.
1369 427 1455 460 Λόγον
1478 424 1622 460 τοιγαροῦν
1648 423 1776 458 ὀνομάζει
1801 423 1852 448 τὸν

1062 474 1126 501 Υίδν
1142 473 1172 500 τὸ
1187 473 1300 508 Πνεῦμα
1311 471 1342 499 τδ
1354 472 1431 506 άγιον
1441 478 1448 486 ·
1470 470 1550 502 αὐτὸς
1565 469 1593 496 δὲ
1610 469 1639 496 οὐ
1653 469 1738 507 Λόγον
1754 468 1851 503 εἰσφέ-

1061 528 1130 555 ρεις,
1145 518 1213 545 ἀλλὰ
1232 519 1319 552 Λόγου
1337 517 1460 553 μέτοχον.
1475 517 1507 543 Εἰ
1521 516 1576 551 γὰρ
1591 515 1635 542 διὰ
1647 514 1728 541 τοῦτο
1748 513 1854 548 κεκλῆ-

1062 565 1123 591 σθαι
1148 564 1200 599 φὴς
1225 564 1305 590 αὑτὸν
1330 563 1426 597 Λόγον,
1454 562 1603 597 ἐπειδήπερ
1627 561 1706 594 λόγον
1728 559 1853 590 ἀκούσας

1061 609 1137 645 παρὰ
1152 608 1200 636 τοῦ
1215 608 1331 644 Πατρὸς,
1349 608 1442 635 τοῦτον
1464 608 1503 639 εἰς
1518 607 1592 642 ἡμᾶς
1613 606 1766 642 ἐξήγγειλε,
1789 604 1853 636 πῶς

1060 656 1111 690 οὐχ
1124 654 1262 690 εὑρεθησῃ
1276 654 1367 690 ληρῶν
1378 654 1424 687 ;”0
1434 653 1488 689 γὰρ
1504 653 1624 684 τοιοῦτος
1648 651 1740 678 οὐκέτι
1762 651 1853 684 Λόγος

1061 703 1146 733 ἐστὶν,
1171 701 1240 728 ἀλλὰ
1261 701 1347 735 Λόγου
1373 700 1499 736 μέτοχος·
1520 699 1550 725 οὒ
1571 698 1625 734 γὰρ
1642 698 1675 725 ἂν
1692 697 1735 732 εἴη
1750 695 1854 736 ταυτρν

1060 748 1099 780 ὡς
1115 727 1183 783 πρὸς
1200 747 1278 774 ἑαυτὸ
1294 727 1326 773 τὸ
1352 727 1462 782 μετοχάν
1476 727 1558 777 ,τινος
1577 727 1631 772 ¹κάλ.
1658 727 1852 780 μετεχόμενέν.

1062 793 1125 822 Οἷον
1149 795 1215 830 φέρε
1231 795 1329 827 εἰπεῖν,
1353 795 1369 828 ἡ
1387 792 1468 828 σοφία
1486 792 1554 827 πρὸς
1568 792 1614 818 τὸν
1630 791 1710 826 σοφὸν
1724 789 1770 816 τὸν
1787 797 1854 824 μετ-

1062 841 1158 876 έχοντα
1180 839 1264 874 αὐτῆς
1276 860 1284 871 ,
1301 839 1361 865 οὐδὲ
1375 839 1392 873 ἡ
1411 837 1592 874 γραμματικὴ
1609 836 1678 871 πρὸς
1696 834 1742 862 τὸν
1757 842 1854 869 γραμ-

1066 885 1179 922 ματικὸν
1194 885 1240 912 τὸν
1252 883 1625 920 μετέχοντααὺτῆς.”Ετερον
1633 881 1687 916 γάρ
1699 890 1725 907 τι
1735 881 1854 915 πρᾶγμα

1065 932 1111 959 καὶ
1125 931 1218 967 ἕτερόν
1234 932 1317 957 ἐστιν.
1338 930 1457 964 Ἀνάγκη
1470 929 1559 956 τοίνυν
1573 928 1590 963 ἢ
1606 927 1692 961 Λόγον
1709 925 1854 961 ὁμολογεῖν

1063 978 1111 1004 καὶ
1125 978 1155 1004 οὐ
1169 977 1256 1011 Λόγου
1277 976 1405 1011 μέτοχον·
1423 975 1439 1010 ἢ
1457 976 1481 1002 εἰ
1501 974 1609 1010 μετέχει
1626 974 1713 1007 Λόγου
1724 993 1731 1005 ,
1752 971 1855 1007 μηκέτι

1063 1024 1149 1058 Λόγον
1171 1023 1325 1058 ὀνομάζειν.
1354 1021 1472 1056 Ἀναιρεί
1492 1020 1546 1056 γὰρ
1569 1019 1648 1046 τοῦτο
1670 1018 1770 1044 ἐκεῖνο.
1797 1016 1855 1043 Καὶ

1062 1069 1158 1103 ἐκείνῳ
1173 1067 1253 1095 τοῦτο
1270 1067 1397 1103 μάχεται,
1423 1066 1468 1093 καί
1482 1065 1522 1091 δεῖ
1536 1064 1643 1095 πάντως
1660 1063 1688 1090 ἓν
1701 1071 1728 1089 τι
1743 1061 1800 1088 τῶν
1816 1061 1855 1086 εἰ·

1066 1115 1191 1150 ρημένων
1213 1114 1347 1149 ὑπάρχειν
1360 1112 1406 1139 τὸν
1420 1111 1484 1138 Υίόν
1495 1119 1502 1126 ’
1517 1110 1659 1145 ἀμφότερα
1673 1109 1701 1134 δὲ
1714 1107 1853 1142 οὐδαμῶς.

1064 1160 1150 1194 Λόγον
1165 1160 1192 1186 δὲ
1208 1159 1290 1185 αὐτὸν
1304 1157 1491 1193 ὀνομαζούσης
1506 1157 1554 1191 τῆς
1572 1155 1647 1187 θείας
1664 1154 1790 1190 Γραςρῆς,
1806 1154 1854 1188 ερ-

1063 1204 1167 1240 ρὧθαι
1180 1204 1329 1240 φράσωμεν
1341 1203 1453 1234 εἰκότως
1467 1203 1522 1234 τοῖς
1537 1202 1711 1236 εἰσφέρουσιν
1728 1199 1811 1227 αὐτὸν
1824 1199 1854 1224 οὐ

1062 1251 1160 1286 Λόγον,
1177 1250 1245 1278 ἀλλὰ
1258 1250 1344 1285 Λόγου
1359 1250 1482 1286 μέτοχον.

1318 1311 1500 1355 ΛΟΓΟΣ
1538 1309 1598 1353 Κ.

1062 1391 1115 1422 Εἷς
1130 1390 1174 1424 τὸ,
1191 1400 1199 1417 ι
1221 1390 1370 1426 Ὑπέμεινε
1385 1390 1517 1425 σταυρὸν
1535 1389 1686 1426 αἰσχύνης
1705 1394 1855 1426 καταφρος

1097 1422 1213 1458 νήσας,
1234 1422 1350 1452 διὸ’κιιὶ
1367 1427 1384 1453 ό
1400 1422 1471 1458 Sedi-
1485 1426 1578 1452 αὑτὸν
1589 1422 1788 1458 ὑπερύψωσε,
1805 1422 1854 1447 καὶ

1097 1457 1258 1496 ἐχαρίσατο
1269 1461 1349 1494 αὐτῷ
1361 1461 1395 1487 τὸ
1409 1457 1502 1495 ὄνομα
1517 1460 1549 1487 τὸ
1563 1459 1639 1493 ὑπὲρ
1655 1457 1719 1485 πᾶν
1730 1457 1852 1491 ὄνομα.»

1183 1517 1343 1550 Ἆντίθεσις
1357 1517 1398 1551 ὡς
1407 1518 1441 1544 ἐκ
1457 1517 1516 1544 τῶν
1527 1517 1565 1544 δι’
1582 1515 1734 1548 ἐναντίας.

1101 1572 1268 1608 Γέγραπται,
1295 1573 1391 1607 φασίν·
1411 1573 1560 1599 (Ἕκαστοι
1577 1571 1656 1598 τοῦτο
1680 1569 1806 1605 φρονεῖτε
1826 1567 1855 1594 ὲν

1066 1619 1140 1653 ὑμῖν,
1161 1619 1176 1645 ὃ
1192 1620 1239 1646 καὶ
1260 1621 1289 1646 ὲν
1305 1619 1416 1656 Χριστῷ
1444 1618 1548 1654 Ἰησοῦ,
1571 1618 1600 1650 ὃς
1620 1618 1649 1644 ἐν
1676 1617 1769 1652 μορφῇ
1786 1613 1854 1641 Θεοῦ

1065 1664 1207 1701 ὑπάρχων,
1221 1666 1269 1701 οὐχ
1284 1665 1431 1702 ἁρπαγμὸν
1447 1665 1569 1701 ἡγήσατο
1578 1664 1609 1690 τὸ
1623 1661 1692 1689 εἶναι
1707 1663 1753 1688 [σα
1765 1660 1852 1695 Θεῷ-ι

1065 1711 1118 1743 ἕως
1143 1711 1202 1744 τοῦ,
1229 1720 1240 1737 ‹
1255 1711 1300 1738 Διὺ
1316 1712 1364 1739 καὶ
1385 1712 1400 1738 ὁ
1420 1710 1485 1742 Θεὸς
1502 1710 1583 1738 αὐτὸν
1600 1707 1785 1744 ὑπερύψωσε,
1808 1706 1855 1732 καὶ

1065 1755 1211 1792 ἐχαρίσατο
1238 1757 1312 1793 αὐτῷ
1337 1757 1423 1793 ὗνομα
1448 1757 1480 1783 τὸ
1502 1756 1572 1791 ὑπὲρ
1597 1756 1651 1782 πᾶν
1673 1754 1771 1788 δνομα.
1790 1762 1799 1778 ι
1824 1752 1855 1778 Εἰ

1065 1803 1154 1831 τοίνυν
1167 1803 1262 1839 ὑψώθη
1278 1803 1354 1839 παρὰ
1364 1803 1411 1830 τοῦ
1425 1802 1504 1834 Θεοῦ,
1521 1802 1568 1828 καὶ
1584 1799 1714 1834 ἐδοξάσθη
1726 1820 1734 1832 ,
1751 1798 1800 1826 καὶ
1819 1798 1855 1829 ὡς

1066 1849 1096 1876 ὲν
1120 1849 1290 1885 χαρίσματος
1310 1849 1388 1884 μέρει
1411 1848 1474 1884 ἔσχε
1498 1848 1529 1875 τὸ
1552 1847 1636 1882 δνομα
1654 1845 1685 1872 τὸ
1705 1844 1778 1880 ὑπὲρ
1800 1844 1856 1870 πᾶν

1065 1894 1161 1930 δνομα,
1184 1895 1225 1921 ὃτι
1248 1894 1430 1922 ἐταπείνωσεν
1445 1893 1542 1921 ἑαυτὸν
1561 1893 1640 1929 μέχρι
1655 1891 1792 1921 Θανάτου,
1812 1899 1856 1924 μι-

1067 1939 1129 1966 σθὸν
1142 1939 1198 1975 ἔχει
1214 1939 1264 1974 τῆς
1277 1939 1468 1970 ταπεινώσεως
1487 1938 1537 1972 τὴν
1555 1937 1638 1973 τιμὴν
1657 1936 1704 1963 καὶ
1723 1935 1754 1962 τὸ
1769 1935 1854 1969 ὄνομα

1065 1985 1095 2011 τὸ
1118 1985 1189 2020 ὑπὲρ
1209 1985 1315 2012 πάντα·
1335 1985 1366 2011 οὺ
1380 1984 1460 2019 φύσει
1485 1983 1550 2015 Θεὸς
1564 1983 1602 2009 ὢν
1621 1983 1637 2018 ἢ
1659 1982 1733 2013 Υἱὸς,
1749 1980 1808 2007 ἀλλ’
1822 1981 1854 2006 ἐκ

1065 2029 1226 2065 προσθήκης
1239 2029 1326 2056 ταῦτα
1342 2030 1499 2065 γενόμενος.
1522 2029 1558 2055 Τὸ
1575 2028 1603 2055 δὲ
1621 2027 1782 2064 προσθήκης
1795 2026 1851 2052 δεό-

1067 2083 1157 2110 μενον,
1174 2075 1268 2106 ἀτελὲς
1283 2075 1316 2102 ἂν
1333 2074 1376 2110 εἴη
1400 2076 1447 2102 καὶ
1469 2074 1576 2106 ἐλλιπὲς
1600 2074 1662 2100 ὅσον
1681 2074 1722 2104 εὶς
1747 2073 1800 2107 τὴν
1813 2072 1853 2098 οἱ-

1065 2121 1142 2149 κείαν
1154 2121 1243 2156 φύσιν.
1256 2122 1312 2148 Καὶ
1322 2122 1352 2148 τὺ
1367 2121 1518 2157 ὑψοὺμενόν
1533 2129 1596 2153 που,
1607 2119 1731 2147 κάτωθεν
1744 2118 1853 2152 ἀνάγκη

1065 2167 1134 2202 πρὸς
1150 2166 1229 2193 τοῦτο
1246 2166 1424 2201 ἐπαίρεσθαι·
1441 2165 1530 2193 καὶτὸ
1545 2165 1624 2201 χάριν
1639 2164 1786 2199 δεχόμενον
1801 2163 1854 2190 δεῖ·

225 2216 298 2244 riore
311 2219 383 2243 statu
397 2222 430 2241 eo
443 2213 580 2242 sublatum
593 2219 652 2240 esse
668 2220 676 2238 :
691 2216 719 2239 et
731 2210 802 2246 quod
814 2211 928 2246 gratiam
941 2212 1011 2239 acci-

1070 2211 1130 2239 σθαι
1143 2211 1196 2247 χρὴ
1212 2212 1321 2244 πάντως
1336 2208 1367 2239 οὗ
1387 2212 1510 2247 δέχεται·
1535 2211 1582 2238 καὶ
1606 2210 1637 2236 τὸ
1657 2208 1792 2244 τιμᾶσθαι
1807 2209 1855 2243 ζη-

225 2262 277 2298 pit,
298 2269 329 2288 ea
357 2260 467 2287 otnniuo
491 2258 612 2293 indigeat
635 2265 643 2284 :
665 2261 693 2284 et
709 2257 754 2291 qui
779 2257 906 2284 honorari
931 2257 1014 2292 cupit,

226 2311 333 2342 oportet
351 2309 380 2332 ut
403 2305 465 2332 talis
488 2311 541 2330 non
559 2303 650 2335 luerit,
673 2302 760 2337 qualis
774 2310 833 2330 esse
844 2303 964 2338 optabat.
986 2302 1015 2330 Si

226 2359 293 2387 ergo
307 2352 399 2379 datum
416 2354 458 2377 est
472 2349 510 2376 illi
525 2356 622 2375 nomen
637 2355 717 2383 super
728 2355 809 2375 omne
821 2355 927 2381 nomen,
941 2353 1015 2375 certe

227 2406 259 2426 ex
276 2401 371 2424 natura
385 2403 432 2422 sua
448 2395 499 2421 hoc
517 2401 568 2421 non
581 2398 651 2426 erat,
673 2394 720 2422 sed
735 2393 876 2428 postmodo
889 2401 937 2428 per
952 2401 1015 2428 gra-

228 2444 292 2472 tiam
308 2442 359 2469 boc
376 2440 463 2468 factus
480 2444 530 2467 est.
552 2440 629 2473 Quod
651 2447 713 2467 vero
731 2440 766 2467 ita
788 2447 818 2468 se
835 2439 924 2472 habet,
942 2438 1013 2467 Deus

227 2495 288 2517 esse
305 2495 357 2515 non
378 2490 484 2521 potest:
503 2493 597 2513 recens
609 2486 680 2513 enim
697 2489 749 2514 est.

383 2540 471 2568 Breuis
486 2540 563 2575 hujus
583 2541 736 2576 objectionix
752 2540 857 2568 solutio.

263 2597 419 2630 Qualisnam
440 2604 504 2624 vero
520 2597 639 2624 accessio
659 2598 770 2625 honoris
790 2597 816 2624 in
832 2604 864 2624 eo
885 2597 955 2624 facta
972 2601 1014 2624 est

228 2644 274 2678 qui
289 2650 349 2669 cum
362 2648 432 2669 esset
449 2644 475 2670 iu
492 2643 577 2669 forma
599 2644 654 2676 Dei,
677 2643 747 2670 servi
767 2643 879 2670 formam
906 2642 1013 2669 induit?

229 2691 263 2716 At
278 2690 412 2723 quomodo
427 2697 478 2717 non
489 2690 579 2724 potius
589 2689 741 2716 imminutio
755 2689 866 2716 dicenda
880 2693 932 2721 est,
951 2696 1012 2716 cum

230 2733 323 2760 relicto
350 2734 460 2769 majore,
488 2734 513 2761 id
540 2735 611 2769 quod
635 2734 724 2761 minus
752 2739 793 2761 est
817 2733 1013 2768 assutupscrit?

265 2819 288 2835 "
303 2819 383 2848 llebr.
400 2829 447 2857 xtl,
460 2822 489 2850 ες
526 2822 548 2838 δ’
565 2822 679 2856 Philipp.
696 2829 725 2854 ιι,
745 2820 772 2848 9.
811 2820 832 2836 ⁸ο
845 2819 911 2847 Ibid.
928 2820 984 2847 5-9.

1066 2257 1139 2290 τοῦν,
1151 2258 1201 2284 οὐκ
1214 2256 1284 2285 εἶναι
1303 2257 1423 2285 τοιοῦτον
1437 2258 1544 2293 ἀνάγκη
1557 2257 1656 2290 λέγειν,
1670 2256 1739 2291 ὅπερ
1754 2254 1787 2290 δὴ
1807 2253 1854 2280 καὶ

1066 2302 1192 2337 γενέσθαι
1216 2303 1349 2338 βούλεται.
1369 2303 1400 2330 El
1413 2300 1459 2329 οὖν
1476 2301 1607 2338 ἐχαρίσθη
1623 2299 1697 2335 αὑτῷ
1719 2299 1750 2326 τδ
1770 2299 1854 2333 ὄνομα

1067 2349 1097 2375 τὸ
1111 2349 1181 2384 ὑπὲρ
1196 2349 1250 2375 πᾶν
1264 2348 1361 2384 δνομα,
1381 2347 1461 2383 φύσει
1476 2347 1526 2383 μὲν
1539 2347 1618 2374 τοῦτο
1631 2346 1681 2372 οὐκ
1694 2343 1739 2381 ἧν,
1757 2344 1854 2379 γέγονε

1066 2394 1094 2421 δὲ
1112 2394 1226 2430 ὕστερον
1241 2395 1311 2421 κατὰ
1337 2394 1416 2429 χάριν
1429 2403 1436 2410 ·
1453 2393 1485 2420 τὸ
1505 2393 1533 2420 δὲ
1552 2392 1638 2424 οὕτως
1655 2391 1728 2426 ἔχον,
1749 2391 1800 2417 οὐχ
1822 2390 1854 2416 ἂν

1066 2440 1109 2475 εἴη
1123 2439 1204 2472 Θεὸς,
1219 2440 1375 2475 πρόσφατον
1392 2440 1454 2475 γάρ.

1121 2541 1198 2575 Πρὸς
1218 2541 1311 2568 ταῦτα
1325 2541 1416 2574 λύσις
1434 2539 1545 2575 ἐφεξῆς
1560 2539 1600 2571 ὡς
1613 2538 1648 2564 ὲν
1664 2535 1803 2571 ἐπιτομῇ.

1101 2598 1157 2624 Καὶ
1173 2598 1236 2624 ποία
1249 2597 1343 2632 γέγονε
1357 2597 1500 2633 προσθήκη
1514 2596 1595 2630 τιμῆς
1612 2594 1650 2629 τῷ
1662 2594 1690 2619 ὲν
1702 2594 1796 2628 μορφῇ
1809 2592 1854 2627 μὲν

1067 2642 1216 2678 ὑπάρχοντι
1230 2643 1308 2674 Θεοῦ,
1323 2642 1495 2677 ὲνδυσαμένῳ
1508 2640 1535 2667 δὲ
1551 2641 1601 2675 τὴν
1615 2638 1662 2665 τοῦ
1679 2637 1777 2664 δούλου
1792 2645 1855 2672 μορ-

1066 2688 1136 2722 φήν;
1152 2687 1213 2720 Πῶς
1227 2688 1255 2715 δὲ
1269 2688 1368 2723 μᾶλλον
1383 2687 1432 2714 οὐκ
1443 2685 1614 2722 ἠλαττῶσθαι
1629 2684 1730 2717 δόξειεν
1743 2683 1788 2714 ἂν,
1799 2683 1813 2708 ὁ
1827 2681 1855 2707 τὸ

1067 2733 1158 2768 μεῖζον
1184 2734 1264 2768 ἀφεὶς
1281 2734 1329 2760 καὶ
1352 2734 1383 2760 τὸ
1409 2733 1518 2760 ἔλαττον
1535 2729 1693 2764 ἁναλαϐών;
1713 2728 1783 2760 Θεὸς
1807 2728 1855 2754 ὑπ-
