1911 3027
207 155 256 185 331

547 209 628 238 ΜΛΠ
633 209 663 236 D.

245 269 401 300 Servatoris
423 268 507 296 nostri
527 267 552 294 in
570 267 669 295 coelum
694 263 905 298 assumptionem
929 261 1004 289 Psal-

209 317 289 344 mista
304 315 447 343 declarans
457 320 505 348 per
517 312 659 348 Spiritum,
678 310 714 337 ita
728 310 766 336 ait
780 317 788 337 :
805 317 815 335 t
830 307 929 335 Tollite
946 313 1005 341 por»

210 359 261 394 tas,
269 361 417 397 principes,
427 363 542 390 vestras,
553 361 580 385 et
590 355 743 387 elevamini,
756 358 841 389 porta:
850 353 1002 386 aelernales,

209 413 236 435 et
249 407 373 435 introibit
386 413 434 433 rex
455 404 548 440 gloriae
561 403 594 429 “.
612 411 621 428 ι
644 401 694 429 Hic
709 401 782 428 enim
801 399 903 427 sanctis
919 398 1003 427 celo-

210 461 270 480 rum
297 452 441 479 virtutibus
469 449 587 484 Spiritus
618 447 754 481 imperat,
781 450 810 473 ut
841 444 1003 480 ingredienti

209 499 316 526 Christo
334 502 424 532 portas
442 495 576 530 aperiant.
599 492 680 527 Atqui
695 497 753 519 erat
769 492 850 519 etiam
873 496 936 519 ante
958 498 1003 518 as-

210 544 392 578 sumptionem
425 541 496 569 intra
522 545 628 576 portas,
656 543 684 567 et
705 538 733 566 in
757 538 852 570 caelis,
877 542 906 565 ut
921 536 1003 565 Deus.

212 591 293 626 196
309 589 378 623 Quid
394 588 477 623 igitur
487 594 556 622 opus
572 586 622 614 fuit
637 585 771 620 ejusmodi
795 584 923 612 mandato
942 582 1003 619 Spi—

210 636 299 663 ritus?
313 635 367 662 Aut
378 633 513 669 quomodo
529 632 575 668 qui
596 633 668 659 intus
691 636 743 664 est,
761 630 873 658 introire
885 627 1004 656 dicitur?

210 680 444 715 Quemadmodum
472 679 556 714 igitur
576 685 629 705 non
647 681 780 712 quatenus
794 679 835 703 est
855 675 937 706 Deus,
957 674 1003 701 sed

209 731 343 760 quatenus
361 725 452 757 homo,
479 728 590 758 pr0pter
611 730 660 750 nos
685 726 713 749 et
735 728 786 756 pro
809 720 887 748 nobis
910 725 1004 755 portas

209 771 338 798 cmlorum
356 770 516 805 ingreditur,
534 776 583 796 nos
602 768 628 795 in
643 775 689 795 eas
707 774 754 802 per
769 774 798 794 se
817 766 1002 798 introducens,

207 823 323 851 eamque
345 819 455 851 propter
478 822 527 842 nos
550 815 621 843 viam
645 813 808 841 instauravit
834 822 839 840 :
859 813 895 840 ita
919 812 1002 839 etiam

209 869 269 889 cum
285 862 322 889 sit
339 861 498 893 altissimus,
515 861 652 888 exaltatur
663 865 775 895 prOpter
790 866 850 891 nos,
867 863 895 886 ut
911 858 1002 890 homo,

209 912 239 935 ut
263 915 312 936 nos
335 907 486 935 exaltemur
513 907 539 934 in
563 907 621 942 ipso
649 910 772 942 gestante
796 904 1003 932 similitudinem

210 955 310 988 nostri,
328 959 411 989 utque
438 954 474 982 ita
506 953 666 981 reformaret
696 959 746 979 nos
770 952 805 979 in.
822 952 941 986 seipsum
970 950 1003 978 ad

208 1001 355 1036 imaginem
364 1000 512 1034 Creatoris,
525 1001 677 1028 instaurans
687 1003 823 1031 naturam,
834 997 1005 1032 pristinoquc

208 1048 289 1074 statui
307 1047 465 1075 restituens.

209 1147 399 1175 Annotationu
417 1147 516 1181 aliquot
540 1146 572 1173 de
597 1146 784 1173 irrumatione
808 1145 1003 1181 eodent_perli-

244 1188 343 1210 nentes.
367 1181 399 1208 In
420 1179 498 1215 illud,
515 1190 525 1207 ε
542 1181 620 1208 Dedit
640 1181 691 1215 illi,
711 1191 720 1207 ι
739 1186 805 1212 etc..
826 1185 849 1207 ει
878 1188 888 1206 t
905 1179 1003 1215 Super-

242 1218 366 1244 exallavit
379 1217 475 1248 ipsum,
493 1226 502 1243 ι
520 1216 624 1251 aliaque
639 1216 769 1252 ejusmodi
782 1224 840 1251 qua:
854 1215 885 1242 de
897 1214 1003 1242 Christo

244 1253 368 1280 dicuntur
383 1252 416 1279 “.

250 1308 368 1337 Verbum
384 1309 429 1336 Dei
439 1313 597 1344 semperest
610 1308 771 1336 altissimum
786 1312 815 1335 ut
832 1307 913 1341 Deus;
927 1307 1003 1335 exal-

208 1359 282 1382 tatur
300 1360 389 1382 autem
406 1359 435 1381 ut
450 1354 531 1381 homo
548 1363 555 1381 :
574 1361 690 1389 cumque
707 1353 742 1380 sit
766 1353 865 1380 nullius
884 1352 1002 1387 indigus,

208 1407 238 1428 ut
259 1401 340 1435 Deus,
369 1400 470 1428 dicitur
495 1400 631 1435 accipere,
657 1405 687 1427 ut
715 1401 812 1432 homo;
839 1398 1003 1426 adorabatur

207 1453 325 1482 semper,
343 1451 371 1473 ut
393 1446 464 1473 Deus
490 1455 497 1473 :
522 1452 595 1473 nunc
620 1445 806 1472 adorationem
831 1444 954 1479 suscipit,
972 1448 1002 1470 ut

209 1495 299 1521 homo.
322 1492 351 1519 Si
372 1496 402 1519 ut
423 1492 504 1520 homo
521 1496 644 1518 mortuus
663 1494 716 1523 est,
747 1490 798 1517 hoc
825 1494 914 1516 tamen
935 1488 1001 1516 nihil

704 150 734 178 S.
754 120 893 177 (SYRILLI
914 145 1149 173 ALEXANDRINI
1168 145 1329 174 ARCIIIEI‘.
1796 141 1849 168 539.

1396 203 1501 230 ΑΛΛΟ.

1090 261 1144 288 Τοῦ
1162 261 1288 296 Σωτῆρος
1311 259 1389 295 ἡμῶν
1405 259 1454 294 τὴν
1474 260 1513 291 εις
1535 259 1666 294 οὐρανοὺς
1680 258 1818 294 ἀνάληψιν
1833 259 1849 285 ὸ

1054 306 1208 343 Ψαλμῳδὸς
1230 306 1413 342 ἐξηγούμενος
1434 305 1477 332 διὰ
1499 304 1547 332 τοῦ
1571 305 1731 340 Πνεύματος
1756 304 1847 339 λέγει⁴

1059 364 1068 381 ι
1081 355 1183 390 Ἀρατε
1201 354 1299 386 πύλας,
1316 355 1340 380 οἱ
1356 354 1502 389 ἄρχοντες,
1518 351 1606 388 ὑμῶν,
1624 352 1671 379 καὶ
1690 351 1848 386 ὲπάρθητε,

1055 401 1139 428 πύλαι
1148 401 1262 434 αἱώνιοι,
1270 400 1316 428 καὶ
1328 399 1510 427 εἰσελεύσεται
1518 400 1532 426 ὸ
1541 398 1672 430 Βασιλεὺς
1679 397 1731 432 τῆς
1738 397 1826 431 δόξης.
1836 406 1846 423 ι

1062 447 1195 475 Ἐνταῦοα
1209 447 1263 483 γὰρ
1277 448 1337 479 ταῖς
1351 447 1380 473 ὲν
1393 446 1450 477 τοῖς
1461 446 1586 481 οὐρανοῖς
1597 443 1689 478 ἁγίαις
1699 442 1850 477 δυνάμεσιν

1055 493 1194 520 ἐπιτάττει
1205 492 1236 520 τὸ
1244 492 1355 528 Πνεῦμα
1369 492 1418 524 τὰς
1427 490 1513 523 πύλας
1527 490 1647 525 ἀνοίγειν
1661 489 1850 525 εὶσερχομένῳ

1055 540 1175 577 Χριστῷ.
1185 539 1254 567 Ἀλλ’
1262 537 1296 576 ἦν
1307 539 1354 566 καὶ
1368 539 1422 575 πρὸ
1431 538 1481 574 τῆς
1495 537 1655 574 ἀναλήψεως
1669 537 1735 564 εῐσω
1747 545 1778 563 τε
1793 535 1849 563 τῶν

1055 587 1146 614 πυλῶν
1159 587 1207 614 καὶ
1217 587 1246 613 tv
1262 587 1318 618 τοϊς
1333 585 1458 622 οὐρανοῖς
1472 585 1510 617 ὡς
1522 585 1598 617 Θεός.
1614 583 1646 611 Τί
1659 580 1706 610 οὖν
1722 583 1777 610 ἔδει
1792 582 1851 609 τῶν

1050 633 1182 661 τοιούτων
1196 631 1243 660 τοῦ
1269 631 1429 668 Πνεύματος
1453 630 1688 667 προσταγμάτωνς
1703 630 1740 656 ’Ἡ
1755 629 1815 662 πῶς
1835 629 1851 655 ὸ

1055 679 1127 707 ἔνδον
1142 678 1179 706 ὢν
1203 678 1377 714 εἰσέρχεσθαι
1399 678 1523 711 Mys-rat;
1541 677 1646 712 Ὠσπερ
1662 673 1709 703 οὖν
1728 675 1758 702 οὐ
1779 674 1850 703 καθὸ

1054 725 1120 758 Θεός
1135 725 1219 758 ἐστιν,
1237 724 1306 751 ἀλλὰ
1323 723 1391 751 καθὸ
1406 723 1559 759 ἄνθρωπος,
1577 722 1610 750 δι’
1626 723 1701 758 ἡμᾶς
1715 721 1764 749 καὶ
1777 721 1850 757 ὑπὲρ

1055 769 1133 806 ἡμῶν
1151 770 1200 800 τὰς
1220 769 1274 796 τῶν
1289 768 1412 805 οὐρανῶν
1429 767 1584 803 εἰσέρχεται
1599 766 1687 798 πύλας
1698 786 1705 799 ,
1725 765 1802 801 ἡμᾶς
1818 765 1850 790 ἐν

1055 816 1150 848 αὑταῖς
1174 815 1292 850 εἰσάγων
1318 815 1353 841 δι’
1376 813 1484 845 ἑαυτοῦ,
1515 812 1562 839 καὶ
1586 811 1690 846 ταύτην
1715 810 1749 838 δι’
1774 810 1850 845 ἡμᾶς

1055 862 1207 889 ὲνεκαίνισε
1227 861 1276 896 τὴν
1294 860 1370 887 ὁδόν⁶
1388 859 1459 887 οὕτω
1484 859 1530 885 καὶ
1558 857 1670 892 ὕψιστος
1693 856 1849 891 τυγχάνων,

1056 908 1172 944 ὑψοῦται
1186 908 1220 935 δι’
1233 907 1316 943 ἡμᾶς,
1326 906 1364 939 ὡς
1379 905 1533 942 ἅνθρωπος,
1548 905 1582 932 ἰν*
1599 904 1680 940 ἡμεῖς
1693 902 1850 938 ὑψωθῶμεν

1055 955 1084 981 ὲν
1109 954 1184 990 αὐτῷ
1209 954 1335 990 φοροῦντι
1364 952 1414 988 τὴν
1439 952 1508 988 πρὸς
1530 951 1604 987 ἡμᾶς
1625 950 1766 986 ὁμοίωσιν,
1800 949 1850 975 καὶ

1054 999 1140 1031 οὕτως
1155 997 1342 1035 ἀναμορφὼσῃ
1365 997 1435 1034 πρὸς
1459 997 1555 1023 ἑαυτὸν
1573 997 1613 1028 εἰς
1629 995 1658 1022 τὸ
1679 995 1740 1022 κατ’
1754 994 1851 1021 εικόνι

1054 1046 1101 1073 τοῦ
1123 1045 1283 1078 κτίσαντος,
1303 1044 1488 1076 ὰνακαινίζων
1499 1043 1550 1078 τὴν
1566 1043 1646 1078 φύσιν
1661 1042 1758 1077 ὥσπερ
1768 1039 1802 1076 ἦν
1818 1041 1850 1073 ἐξ

1055 1094 1153 1129 ἀρχῆς.

1053 1150 1176 1184 Σχόλια,
1190 1148 1254 1183 περὶ
1269 1147 1450 1184 σαρκῴσσως
1463 1146 1516 1184 τὸν
1526 1146 1621 1184 αὐτὸν
1633 1143 1848 1184 ἓχοντιιχοῦν.

1089 1180 1141 1218 Εἰς
1155 1184 1188 1211 τὸ
1202 1204 1209 1216 ,
1224 1180 1247 1210 ἰ
1274 1180 1452 1217 Ὲχιιρίσατο
1474 1181 1594 1218 αρτῷφ
1621 1181 1682 1218 καὶ,
1709 1189 1718 1205 t
1740 1180 1850 1218 :szp‘

1088 1215 1214 1254 ύψῖωσεν
1241 1215 1350 1246 αὐτόνἱ
1373 1227 1383 1244 ›
1410 1217 1459 1244 καὶ
1489 1216 1549 1244 ὅσα
1575 1215 1702 1243 τοιαῦτα
1728 1215 1850 1249 ,λέτεῖαι

1089 1253 1155 1289 περὶ
1171 1253 1312 1289 Χριστοῦ.

1090 1312 1221 1348 Ὕψιστος
1235 1313 1249 1338 ὁ
1263 1311 1310 1338 τοῦ
1324 1310 1392 1338 Θεοῦ
1407 1310 1493 1345 Λόγος
1506 1310 1561 1342 ἀεὶ,
1579 1309 1647 1336 καθὸ
1662 1293 1744 1341 ἐῶς’
1765 1307 1850 1343 ὑψοῦ-

1053 1368 1098 1387 ται
1113 1359 1141 1386 δὲ
1163 1359 1201 1391 ὠς
1215 1359 1357 1394 ἄνθρωπος
1367 1365 1373 1372 ·
1389 1357 1517 1393 ἀνενδεὴς
1533 1356 1571 1383 ὢν
1586 1356 1624 1388 ὡς
1637 1356 1713 1388 Θεὸς,
1739 1355 1846 1390 λαμϐά-

1054 1413 1108 1432 νειν
1126 1404 1164 1436 ὡς
1181 1403 1324 1439 ἄνθρωπος
1334 1402 1458 1436 λέγεται·
1475 1403 1672 1438 προσεκυνείτο
1687 1401 1765 1437 παρὰ
1780 1401 1850 1427 πάν·
1867 1426 1870 1433 ,

1053 1459 1107 1476 των
1130 1449 1169 1480 ὡς
1190 1448 1257 1480 Θεὸς
1267 1469 1274 1481 ,
1291 1448 1397 1484 δέχεται
1413 1448 1460 1475 νῦν
1475 1448 1524 1484 τὴν
1539 1447 1728 1484 προσκύνησιν
1751 1447 1789 1478 ὡς
1802 1447 1850 1473 ἄν-

1053 1496 1171 1532 Θρωπος.
1188 1495 1219 1522 El
1236 1495 1275 1527 ὡς
1286 1494 1429 1530 ἄνθρωπος
1441 1495 1573 1528 ἀπέθανε,
1590 1495 1638 1521 καὶ
1648 1494 1734 1529 ψόγον
1752 1494 1849 1520 οὐδένα

207 1539 332 1574 dignitati
356 1538 403 1566 Dei
421 1537 503 1565 Verbi
529 1537 668 1570 detrahit;
692 1538 728 1564 ita
753 1537 835 1563 etiam
864 1536 935 1563 nulla
959 1540 998 1562 est

1069 1543 1092 1578 ᾦ
1113 1541 1174 1577 Θεῷ
1189 1541 1268 1577 Λόγῳ
1283 1541 1364 1568 τοῦτο
1385 1541 1592 1577 προστρίϐεται,
1619 1541 1696 1568 οὐδὲν
1720 1541 1847 1575 ἀδικήσει

206 1583 383 1617 contumelia.
399 1585 423 1612 si
440 1583 547 1611 dicatur
561 1582 699 1618 accepisse
721 1582 821 1617 aliquid
843 1591 850 1609 :
870 1582 1000 1617 quemad-

207 1630 316 1658 modum
342 1629 414 1657 enim
438 1628 504 1657 illud
529 1629 690 1656 humanitati
719 1628 827 1659 accidit,
856 1627 893 1654 ita
918 1627 1000 1654 etiam

208 1677 275 1703 haec.
295 1675 324 1702 Si
342 1683 403 1702 cum
419 1674 579 1702 immortalis
592 1674 638 1707 sit,
656 1679 687 1701 ut
703 1673 784 1704 Deus.
806 1677 929 1699 mortuus
940 1679 1000 1699 esse

209 1721 309 1749 dicitur
323 1725 352 1748 ut
368 1721 464 1754 homo,
480 1720 627 1748 altissimus
640 1727 701 1747 cum
715 1720 766 1751 sit,
780 1723 809 1746 ut
824 1718 894 1746 Deus
905 1738 912 1751 ,
926 1717 999 1746 exal-

213 1766 285 1796 ta'tus
298 1767 408 1801 dicitur,
423 1772 452 1795 ut
467 1768 557 1795 homo.

266 1824 405 1857 Quomodo
419 1824 498 1852 lem
512 1823 636 1852 Christus
649 1823 682 1850 sit
699 1823 726 1850 iu
741 1823 826 1858 gloria
844 1821 944 1850 Patris.

244 1881 311 1915 Quia
327 1888 375 1916 per
391 1881 568 1909 humanitatis
590 1881 803 1916 assumptioncm
820 1880 890 1914 quod
909 1879 1000 1914 perdi-

210 1933 265 1955 tum
281 1928 340 1954 erat
363 1933 550 1962 recuperatum
566 1931 623 1960 est,
640 1928 710 1963 quod
731 1927 876 1954 contritum
896 1926 999 1953 instau-

209 1978 297 2000 ratum
312 1977 363 2006 est,
378 1973 449 2008 quod
471 1973 581 2001 errabat
602 1980 762 2001 conversum
779 1979 811 1999 ac
831 1972 971 1999 reductum
990 1979 997 1998 :

208 2026 267 2054 qua
278 2019 369 2047 omnia
386 2022 511 2054 spectant
524 2020 557 2046 ad
571 2018 684 2054 gloriam
705 2018 751 2046 Dei
766 2025 798 2045 ac
809 2017 907 2045 Patris.

543 2074 660 2103 ALIUD.

244 2131 286 2165 Si,
298 2131 370 2159 Deus
383 2139 444 2159 cum
460 2137 544 2164 esset,
557 2132 637 2160 homo
651 2131 738 2159 factus
751 2137 803 2164 est,
815 2137 896 2166 atque
911 2132 961 2159 hoc
971 2139 999 2160 re

208 2177 267 2213 ipsa
285 2177 378 2205 subire
392 2177 486 2211 voluit,
500 2186 580 2205 nemo
598 2179 750 2206 olIendatur
767 2178 789 2205 si
804 2185 864 2212 quae
875 2178 999 2205 Immani-

1053 1589 1100 1616 καὶ
1112 1588 1143 1615 τὸ
1159 1587 1288 1622 λέγεσθαι
1300 1587 1408 1614 λαϐεῖν·
1427 1586 1523 1622 ὥσπερ
1538 1586 1593 1622 γὰρ
1608 1587 1698 1613 ἐκεῖνο
1715 1586 1781 1621 περὶ
1797 1586 1848 1620 τὴν

1052 1634 1251 1670 ὰνθρωπότητα
1282 1633 1404 1667 γέγονεν,
1427 1632 1499 1659 οὕτω
1514 1632 1562 1659 καὶ
1581 1631 1666 1659 ταῦτα
1682 1632 1795 1667 ὁμοίως.
1814 1632 1847 1658 Εἰ

1051 1680 1185 1712 ἀθάνατος
1207 1680 1245 1707 ὢν
1269 1679 1346 1712 Θεὸς,
1363 1674 1471 1713 λέγεται
1492 1678 1618 1705 τεθνάναι
1634 1678 1670 1708 ὡς
1688 1677 1845 1712 ἄνθρωπος,

1053 1726 1183 1761 ’Ύψιστος
1208 1725 1245 1752 ὢν
1272 1725 1309 1756 ὡς
1334 1724 1410 1756 Θεὸς,
1432 1723 1564 1758 ὑψοΰσθαι
1588 1723 1708 1756 λέγεται,
1735 1722 1774 1753 ὡς
1800 1721 1840 1748 ἄνη

1051 1771 1169 1807 θρωπος.

1068 1829 1136 1863 Πῶς
1153 1828 1275 1863 Ἰησοῦς
1289 1827 1417 1862 Χριστὸς
1433 1828 1476 1861 εἰς
1491 1826 1588 1859 δόξαν
1605 1826 1680 1853 Θεοῦ
1697 1826 1827 1860 Πατρός.

1087 1888 1147 1913 ’Ὁτι
1169 1886 1213 1913 διὰ
1238 1885 1290 1921 τῆς
1311 1884 1544 1920 ὲνανθρωπήσεως
1570 1883 1600 1910 τὸ
1629 1883 1771 1914 ἀπολωλὸς
1795 1883 1844 1910 ἀν-

1050 1933 1139 1969 εσώθη
1151 1941 1157 1948 ”
1173 1931 1204 1959 τὸ
1219 1931 1448 1967 συντετριμμένον
1459 1929 1672 1966 κατεδεσμεύοη,
1688 1929 1720 1956 τὺ
1736 1929 1847 1957 πλανώ-

1051 1988 1131 2015 μενον
1157 1978 1332 2014 ὲπεστράφη·
1354 1976 1486 2004 συντείνει
1504 1976 1532 2003 δὲ
1544 1976 1630 2004 ταῦτα
1646 1977 1686 2008 εὶς
1700 1975 1783 2008 δόξαν
1797 1975 1845 2003 τοῦ

1049 2025 1117 2052 Θεοῦ
1136 2025 1181 2052 καὶ
1192 2023 1308 2059 Πατρός.

1390 2081 1491 2107 ΛΛΛΟ.

1083 2138 1114 2165 Εἰ
1129 2138 1196 2170 Θεὸς
1206 2136 1246 2164 ὢν
1259 2138 1370 2172 γέγονεν
1381 2137 1534 2173 ἄνθρωπος,
1546 2137 1595 2164 καὶ
1607 2137 1679 2174 ἔργῳ
1694 2138 1777 2165 τοῦτο
1791 2148 1842 2166 παι

1049 2183 1105 2209 θεῖν
1122 2183 1254 2218 ὑπέμεινε
1266 2204 1273 2217 ,
1291 2182 1509 2215 πανδαλιζὲσϐω
1525 2183 1619 2219 μηδεὶς
1629 2203 1637 2216 ,
1651 2184 1677 2210 ει
1699 2185 1735 2211 τὰ
1747 2185 1782 2220 τῇ
1798 2186 1845 2212 ἀν-

209 2225 258 2252 tati
281 2229 308 2252 et
326 2224 418 2252 servili
444 2225 594 2253 conditioni
613 2225 787 2258 conveniunt,
812 2224 893 2252 etiam
920 2224 947 2252 in
968 2232 997 2252 se

1068 2229 1207 2266 ρωπότητι
1228 2229 1369 2265 πρέποντα
1394 2229 1442 2256 καὶ
1461 2229 1500 2265 τῷ
1520 2230 1639 2265 σχήματι
1658 2228 1698 2265 τῷ
1712 2230 1840 2265 οἰκετικῷ

207 2271 342 2306 gestavit;
364 2279 436 2306 nam,
453 2276 482 2299 ut
501 2272 594 2304 homo,
609 2276 636 2298 et
649 2271 772 2305 accipere
786 2275 813 2298 et
829 2271 942 2298 exaltari
955 2271 996 2298 di-

207 2319 286 2345 citur.
304 2318 354 2351 Qui
380 2325 443 2345 vero
465 2318 660 2346 humanitatem
686 2317 770 2350 ipsam
801 2316 894 2348 subiit,
922 2322 996 2345 certe

209 2364 368 2398 reprehendi
384 2371 438 2392 non
454 2365 550 2398 possit,
569 2363 592 2390 si
610 2363 694 2390 etiam
710 2370 741 2391 ea
758 2370 818 2397 utne
833 2363 994 2391 humanitati

193 2410 315 2451 ‘propria
334 2414 397 2438 sunt
414 2411 506 2437 subire
521 2417 573 2436 non
594 2413 698 2436 recuset
715 2418 724 2436 z
748 2409 885 2444 proprium
904 2414 994 2437 autem

207 2457 331 2484 humanae
351 2461 456 2484 natura
474 2460 516 2483 est
534 2463 548 2482 ιι
563 2455 618 2483 Deo
631 2456 763 2490 accipere,
778 2455 854 2491 juxta
874 2455 938 2483 illud
954 2456 994 2484 di-

207 2507 279 2530 ctum
296 2512 302 2530 :
325 2512 335 2529 t
350 2502 419 2536 Quid
440 2503 510 2529 enim
529 2501 611 2529 habes
625 2503 696 2536 quod
713 2509 765 2529 non
784 2503 911 2538 accepisti
929 2502 952 2517 “
960 2502 992 2537 ζ,

208 2549 318 2584 Accepit
337 2549 420 2583 igitur
435 2552 464 2575 ut
483 2548 562 2576 homo
585 2555 634 2583 per
649 2549 775 2582 gratiam,
794 2557 853 2584 qua:
874 2553 904 2577 ut
925 2549 995 2577 Deus

208 2595 302 2624 habuit
312 2594 483 2623 naturaliter.

545 2651 657 2679 ALIUD.

241 2708 271 2736 Si
285 2706 367 2735 Pater
381 2707 470 2735 omnia
483 2714 611 2743 operatur
619 2715 667 2744 per
684 2707 835 2742 Filiunt‘",
851 2713 878 2736 et
891 2708 993 2744 absque

207 2757 266 2793 ipso
281 2756 380 2783 factum
403 2760 445 2784 est
463 2755 531 2783 nihil
553 2756 588 2789 ",
606 2756 760 2784 necessario
783 2755 928 2784 dicendum
951 2759 992 2785 est

208 2805 294 2838 ipsum
305 2803 356 2831 sibi
372 2802 423 2838 ipsi
435 2803 627 2830 exaltationem
645 2802 762 2836 dedisse,
780 2803 951 2838 gratiamque
976 2810 991 2830 a

1050 2276 1163 2311 φέρεται
1179 2276 1227 2303 καὶ
1241 2276 1285 2302 ἐπ’
1299 2275 1398 2302 αὑτοῦ·
1417 2276 1454 2307 ὡς
1471 2275 1526 2311 γὰρ
1542 2276 1685 2312 ἄνθρωπος
1707 2276 1757 2303 καὶ
1773 2277 1841 2312 λαμ-

1050 2322 1143 2349 σάνειν
1158 2321 1204 2349 καὶ
1217 2321 1351 2356 ὑψοῦσθαι
1364 2322 1483 2356 λέγεται.
1492 2322 1520 2348 '0
1533 2322 1561 2348 δὲ
1575 2322 1625 2357 τὴν
1641 2321 1842 2358 ἀνθρωπότητσ

1050 2368 1135 2403 αὐτὴν
1152 2368 1302 2404 ὑπομείνας
1313 2387 1321 2400 ,
1337 2368 1387 2395 οὐκ
1409 2368 1442 2394 ἂν
1462 2368 1581 2402 εὐλόγως
1594 2368 1716 2402 ψέγοιτο,
1740 2369 1790 2395 καὶ
1808 2369 1840 2395 τὰ

1049 2411 1099 2447 τῆς
1111 2412 1321 2448 ἁνθρωπότητος
1340 2413 1394 2439 ἴδια
1418 2413 1532 2448 φορέσαι
1555 2413 1593 2448 μὴ
1608 2413 1840 2449 παραιτούμενος.

1052 2458 1131 2485 Ἴδιον
1144 2458 1173 2486 δὲ
1186 2458 1331 2495 ἀνθρώπου
1347 2459 1456 2494 φύσεως
1467 2459 1498 2486 τὸ
1509 2459 1658 2494 λαμϐάνειν
1671 2459 1749 2495 παρὰ
1760 2460 1840 2492 Θεοῦ,

1046 2503 1119 2531 κατὰ
1135 2504 1165 2531 ob
1179 2504 1260 2540 ῥητὸν
1274 2504 1305 2531 τὸ
1318 2504 1407 2539 λέγον·
1424 2514 1434 2531 t
1453 2504 1486 2532 Τί
1506 2504 1560 2540 γὰρ
1581 2504 1654 2540 ἔχεις
1674 2505 1690 2531 ὃ
1706 2505 1757 2532 οὐκ
1781 2506 1841 2532 ξλα-

1045 2551 1110 2585 σες;
1128 2560 1138 2578 ι
1156 2550 1276 2586 Εῐληφεν
1295 2551 1350 2587 ἄρα
1363 2551 1402 2583 ὡς
1413 2551 1556 2587 ἄνθρωπος
1569 2551 1641 2579 κατὰ
1651 2552 1735 2587 χάριν
1744 2572 1753 2586 ,
1768 2552 1841 2588 ᾇπερ

1046 2595 1119 2632 εἶχεν
1130 2597 1168 2630 ὡς
1180 2597 1248 2629 Θεὸς
1260 2597 1394 2632 φυσικῶς.

1387 2655 1488 2682 ΔΛΛΟ.

1081 2710 1113 2737 El.
1135 2710 1224 2738 πάντα
1247 2710 1280 2737 δι’
1297 2710 1362 2736 Υῑοῦ
1383 2711 1397 2737 ὀ
1417 2710 1511 2746 Πατὴρ
1526 2710 1674 2745 ἐργάζεται
1686 2731 1694 2744 ,
1710 2712 1798 2748 χωρίς
1811 2721 1840 2740 τε

1046 2755 1128 2783 αὑτοῦ
1144 2756 1259 2791 γέγονεν
1270 2756 1357 2788 οὐδὲν.
1371 2757 1520 2791 ἀναγκαῖον
1536 2757 1633 2791 εἰπεῖν,
1648 2756 1746 2794 ὅτιπερ
1758 2757 1840 2790 αὐτὸς

1045 2799 1079 2838 ἦν
1103 2802 1192 2837 ἑαυτῷ
1215 2801 1262 2829 καὶ
1282 2802 1312 2829 τὸ
1335 2801 1468 2837 ὐψοῦσθαι
1492 2802 1590 2837 διδοὺς,
1618 2803 1666 2830 καὶ
1687 2803 1739 2841 τὴν
1766 2803 1841 2840 παρὰ

242 2881 264 2898 ⁶¹
277 2880 348 2909 Psal.
361 2889 440 2914 mn,
455 2881 480 2908 7.
519 2881 541 2897 ⁸³
554 2879 669 2914 Philipp.
690 2887 718 2913 ll,
734 2879 761 2907 9.
799 2879 827 2915 οδ,
842 2879 851 2906 l
871 2879 934 2908 Cor.
956 2887 992 2914 tv,

1069 2879 1103 2896 “‘
1123 2879 1202 2907 Joan.
1222 2888 1248 2913 ν,
1267 2880 1309 2907 l7.
1349 2881 1372 2897 “
1390 2880 1469 2909 Joan.
1485 2889 1505 2914 ι,
1526 2881 1553 2909 5.
