1911 3027
53 116 95 143 3H

781 129 998 160 THESAURUS.

1649 137 1701 166 δη

158 184 177 226 _(
200 175 270 204 Τίνι
290 180 350 217 γὰρ
371 179 432 209 εῐπέ
452 192 516 210 ποτε
529 184 583 211 τῶν
607 186 740 220 ἀγγέλων·
767 188 854 216 Κάθοι

914 197 923 213 ί
944 188 992 216 Cui
1012 188 1084 216 enim
1107 197 1224 224 unquam
1237 191 1394 227 angelorum
1412 193 1479 220 dixit
1497 202 1503 220 :
1520 193 1590 222 Sede
1603 201 1618 221 a
1635 195 1701 223 dex-

50 219 195 270 ἐκδεξιῶν
212 232 296 259 μου;
322 237 332 254 ι
350 229 396 255 καὶ
412 229 452 256 ὃτι
476 231 540 266 περὶ
549 231 596 258 τοῦ
614 219 679 259 ιέιὸῡ
693 233 861 270 γέγραπταιι

53 266 127 314 ιΚαὶ
141 273 434 308 προσκυνησάτωσαν
447 275 521 311 αὺτῷ
534 276 632 310 πάντες
642 266 753 314 ἄγγελοί
763 279 860 308 Θεοῦ.»

52 312 126 362 Εἱδὲ
139 314 154 340 ὁ
166 314 229 362 τῆς
247 319 431 355 συγκρίσεως
445 320 541 356 λόγος,
561 323 591 350 τὸ
618 312 670 359 μὲν
685 312 724 358 ὥς
746 328 863 362 συγκαθ-

50 358 179 408 εςόμενον
190 361 236 396 τῷ
242 363 343 400 Πατρὶ
354 366 400 392 καὶ
410 358 646 404 προσκυνούμενον
655 358 791 408 είσφέρειξ
798 374 862 406 τοὺς

49 404 76 431 δὲ
88 404 126 437 ὼς
141 410 375 455 τξαρεστηκότας
397 420 426 438 τε
443 413 488 439 καὶ
505 417 665 450 προσκυνεῖν
680 404 860 455 inmaturus;

51 452 254 500 ‘nucgoﬁtsin‘t
271 456 326 492 τῆς
339 457 433 489 οὐσίας
457 459 533 487 ἔσται
554 461 661 494 πάντως
682 463 723 495 τὸ,
744 473 752 490 ι
770 452 861 500 κρείτ-

51 505 142 544 των·
165 498 231 525 ἀλλ’
256 501 292 527 ὲν
309 503 364 534 τοῖς
384 504 447 539 περὶ
466 505 514 541 τὴν
535 507 630 534 οὐσίαν
650 498 795 544 ἀξιώμασι.
812 511 860 537 καὶ

52 544 109 573 ταῖς
121 543 229 575 ἔξωθεν
259 546 318 582 τῆς
336 548 444 583 φύσεως
461 553 564 586 τιμαῖς.
590 553 695 580 Οὐκοῦν
716 555 765 589 οὐχ
789 555 818 582 ἓν
833 564 859 582 τι

53 589 102 635 τῷν
111 591 246 624 γενητῶν
260 594 277 619 ὀ
298 593 374 627 Υἱὸς,
391 596 448 622 ἀλλ’
463 596 556 633 ’ἐτερόν
568 608 593 626 τι
607 601 681 635 παρὰ
691 601 787 633 ταῦτα,
798 611 861 629 του-

54 634 133 668 τέστι,
151 636 246 671 Λόγος
268 638 339 671 ἴδιος
354 640 402 667 τοῦ
415 641 532 678 Πατρός.

317 696 421 730 ΔΛΛΟ,
430 699 474 731 εἰς
486 698 518 725 τὸ
530 700 611 727 αὐτό.

87 748 123 776 Τὸ
132 759 152 796 γε
173 752 312 786 γέγονεν,
324 764 334 780 ι
356 754 400 782 ὅτε
414 756 493 791 μόνον
507 758 553 785 καὶ
568 759 628 785 καθ’
646 760 725 787 ἑαυτὸ
739 761 857 796 λέγεται,

56 795 181 844 σημαίνει
196 798 303 826 πολλόν
319 801 367 828 καὶ
382 803 414 829 οὐ
429 803 538 836 πάντως
553 805 731 839 ὑποστάσεώς
741 795 800 834 ἐστι
813 808 859 844 δη-

917 234 967 262 tris
985 235 1051 263 meis
1064 236 1108 263 “fl
1123 246 1132 262 ι
1149 238 1262 272 etquod
1279 239 1311 265 de
1334 236 1402 266 Filio
1422 238 1551 275 scriptum
1571 246 1611 268 cst
1626 249 1633 268 :
1649 240 1701 268 «Et

916 281 1028 309 adorent
1043 290 1103 310 eum
1120 290 1215 310 omnes
1229 283 1317 318 angeli
1334 285 1381 312 Dei
1392 284 1426 312 ".
1453 294 1462 312 ι
1488 285 1516 313 Si
1539 293 1602 313 vero
1625 293 1700 313 com-

915 328 1065 362 parationis
1079 329 1148 357 ratio
1169 330 1226 357 Itrec
1239 334 1333 364 est,ut
1353 331 1426 359 hunc
1446 332 1555 366 quidem
1579 331 1701 359 assiden-

916 379 969 401 tem
984 374 1057 402 Patri
1069 379 1096 403 et
1113 377 1257 404 adoratum
1270 377 1392 411 inducat,
1411 377 1473 406 illos
1495 385 1559 406 vero
1582 379 1700 406 circum-

914 426 1016 449 stantes
1029 426 1056 449 et
1069 422 1185 450 adorare
1199 423 1293 457 jussos
1308 432 1314 451 :
1328 429 1402 451 certe
1416 424 1493 457 illud,
1521 433 1531 450 ι
1549 424 1646 452 melior
1658 445 1665 457 ,
1688 434 1698 450 ι

915 472 968 493 non
989 466 1022 493 de
1035 467 1155 495 essentia
1170 468 1277 496 dicetur
1290 488 1298 501 ,
1324 468 1370 497 sed
1393 469 1425 496 de
1448 469 1624 503 dignitatibus
1641 477 1701 504 qua:

913 512 1072 540 substantia:
1089 514 1226 547 accidunt,
1251 516 1338 550 deque
1355 516 1517 543 extrinsecis
1533 521 1637 543 natum
1648 516 1700 544 bo-

914 558 1036 586 noribus.
1052 558 1110 586 Non
1124 564 1166 586 est
1180 560 1263 594 igitur
1287 568 1358 588 unus
1375 568 1409 589 ex
1422 561 1523 589 creatis
1535 561 1633 595 Filius,
1653 564 1700 590 sed

913 603 1050 630 diversum
1061 604 1199 640 quidpiam
1211 606 1244 633 ab
1255 605 1299 638 iis,
1314 606 1365 633 hoc
1375 607 1568 642 esl,proprium
1583 606 1698 635 Verbum

912 648 1012 676 Patris.

1177 707 1293 741 ALIUD,
1308 709 1336 735 in
1350 709 1430 737 idem.

950 770 960 787 ι
971 752 1071 789 Factus
1088 767 1150 796 est,
1175 771 1184 789 ι
1199 765 1306 798 quando
1318 765 1415 798 solum,
1428 773 1460 792 ac
1477 773 1524 800 per
1540 773 1569 793 se
1584 765 1696 799 dicitur,

913 809 997 836 ntulta
1019 810 1174 845 significat;
1197 819 1286 846 neque
1306 812 1331 839 in
1355 813 1514 840 universum
1532 813 1697 848 ltyposlasim

55 842 175 876 λωτικὸν,
207 845 274 871 ἀλλ’
290 847 355 875 ὅταν
370 848 443 884 αὐτῷ
464 857 492 876 τι
509 850 688 886 συνάπτηται,
711 852 771 880 τότε
789 842 854 888 γνω‹

59 889 106 899 -.-τ
120 888 169 899 _L,.
225 890 252 899 tu
281 889 297 899 ‘1
450 895 460 899 -
521 895 531 899 λ
542 896 548 899 ·
674 894 688 899 ⁵

913 855 1024 884 denotat
1045 842 1121 884 ‘:sed
1145 842 1206 885 cum
1230 842 1268 886 illi
1292 858 1394 893 aliquid
1417 842 1612 894 conjungitur,
1640 863 1697 885 tum

58 889 106 935 ptei
119 888 170 925 τὴν
183 890 252 917 καθ’
263 889 299 919 οὗ
312 895 505 930 κατηγορεῖται
519 895 645 932 δύναμιν·
659 894 726 931 οἷον,
737 899 804 935 φέρε
816 900 856 926 εί-

58 934 125 966 πεῖν,
143 934 248 969 γέγονέ
268 946 313 969 τις
326 938 429 971 τέκτων
446 940 462 975 ἢ
483 941 612 975 λιθοξόος,
635 943 664 970 οὺ
688 934 796 977 πάντως
811 945 857 973 ἄν·

58 979 165 1027 θρωπος
184 982 232 1010 ἵνα
255 984 306 1010 καὶ
325 985 438 1013 τέκτωνι
456 986 515 1014 ἀλλ’
532 988 682 1025 ἐπειδήπερ
701 989 855 1027 ἄνθρωπος,

59 1026 151 1060 γέγονε
166 1027 294 1059 τέκτων,
323 1032 372 1067 τῆς
394 1032 491 1069 τέχνης
501 1033 538 1061 ὢν
554 1034 688 1069 δεκτικὸς,
714 1038 761 1064 καὶ
785 1040 856 1066 κατὰ

62 1071 138 1106 μόνης
148 1072 251 1101 ἐνθάδε
265 1076 319 1111 τῆς
333 1077 488 1114 ἐπιστήμης
504 1081 624 1116 χωρήσει
638 1082 668 1109 τὸ
688 1092 696 1109 t
715 1083 853 1117 γέγονεν,›

62 1118 88 1143 οὐ
103 1118 216 1151 πάντως
230 1121 308 1147 κατὰ
321 1122 370 1157 τῆς
385 1123 559 1158 ὑποστάσεως
576 1126 593 1161 ἦ
620 1127 670 1163 τῆς
683 1129 722 1161 είς
739 1129 768 1155 τὸ
788 1129 856 1157 εἶναι

62 1166 241 1212 παραγωγῆς.
271 1168 378 1195 οὐκοῦν
401 1170 426 1196 εἰ
443 1170 549 1205 λέγοιτο
579 1173 696 1208 Χριστὸς
725 1176 857 1212 κρείττων

64 1209 223 1256 γεγενῆσθαι
251 1212 310 1239 τῶν
330 1215 462 1248 ἀγγέλων,
484 1217 515 1243 οὐ
542 1219 606 1252 περὶ
621 1219 666 1245 τὸν
685 1220 733 1256 τῆς
744 1209 856 1256 ⁷φύσεως

63 1252 134 1303 λογον
163 1255 224 1290 ἔχει
250 1257 304 1293 τὴν
331 1259 491 1296 σύγκρισιν,
516 1262 584 1290 ἀλλὰ
611 1266 675 1301 περὶ
710 1252 792 1303 τιμὴν
809 1252 856 1294 καί

65 1298 175 1335 ἀξίωμα.

292 1350 397 1384 ΔΛΛΟ,
422 1354 465 1386 εις
487 1355 520 1381 τὸ
543 1357 626 1383 αὑτό.

100 1412 108 1428 ι
122 1403 252 1440 Τοσούτῳ
264 1407 398 1442 κρείττων
408 1410 553 1445 γενόμενος
565 1412 619 1439 τῶν
633 1413 767 1447 ἀγγέλων,
787 1424 796 1441 ι
821 1415 857 1442 Τὸ

69 1449 199 1484 (γέγονεν
218 1461 228 1477 ι
254 1454 280 1479 εἰ
304 1455 350 1480 καὶ
373 1456 445 1482 κατὰ
474 1457 523 1492 τῆς
552 1459 644 1490 οὐσίας
666 1460 788 1487 τάττοιτο
808 1461 856 1488 τοῦ

67 1494 136 1542 Ῐὶοὖ,
151 1497 231 1524 οὒδὲν
245 1498 333 1534 αὐτὴν
345 1500 468 1536 ἀδικήσει
488 1502 537 1538 τῆς
564 1503 663 1536 λέξεως
682 1506 699 1541 ἡ
722 1505 836 1542 δύναμις
848 1527 855 1540 ,

908 902 967 937 ejus
978 903 1012 931 de
1026 911 1080 939 quo
1099 905 1264 939 [medicatur
1278 906 1331 932 vim
1348 910 1431 941 atque
1457 907 1585 933 virtutem
1607 906 1697 933 decla-

907 954 949 976 rat
965 959 971 977 :
988 955 1026 982 ut,
1041 950 1156 985 exempli
1175 951 1274 986 gratia,
1285 951 1371 979 factus
1388 955 1429 979 est
1442 951 1539 985 aliquis
1553 951 1637 983 faber,
1655 951 1696 978 vel

907 997 1071 1023 statuarius:
1086 1003 1139 1023 non
1158 997 1183 1024 in
1197 996 1351 1024 universum
1366 997 1445 1024 homo
1464 1003 1491 1024 ut
1505 1001 1531 1024 et
1547 997 1621 1025 faber
1631 1006 1641 1034 ί
1650 999 1696 1026 sed

907 1042 1014 1076 quando
1025 1044 1104 1069 homo
1119 1042 1206 1070 factus
1218 1047 1259 1070 est
1271 1043 1357 1076 faber,
1369 1044 1435 1071 artis
1448 1051 1532 1078 capax
1549 1044 1695 1077 cxsistens,

908 1088 941 1115 de
962 1087 1018 1115 sola
1038 1088 1151 1116 scientia
1172 1089 1272 1116 dicitur
1294 1089 1368 1122 illud,
1384 1089 1464 1125 202
1485 1099 1494 1115 ι
1507 1089 1593 1117 factus
1614 1095 1665 1123 est,
1685 1100 1694 1116 ι

908 1140 960 1160 non
983 1138 1072 1162 autem
1091 1134 1124 1161 de
1147 1134 1229 1169 ipsius
1253 1135 1463 1170 hypostasi,aut
1480 1136 1512 1163 de
1529 1136 1696 1164 traductione

907 1179 940 1205 ad
961 1186 1031 1207 esse.
1055 1179 1185 1212 Quocirca
1206 1180 1227 1206 si
1253 1180 1358 1207 dicatur
1381 1180 1505 1207 Christus
1527 1180 1614 1208 factus
1638 1188 1697 1208 esse

908 1223 1002 1250 melior
1017 1224 1127 1259 angelis,
1139 1225 1305 1258 comparatio
1321 1225 1377 1252 haec
1397 1225 1429 1251 ad
1445 1225 1576 1253 rationem
1594 1230 1696 1252 natura:

908 1269 1048 1297 referenda
1060 1278 1113 1297 non
1126 1275 1178 1304 est,
1193 1271 1238 1299 sed
1254 1271 1287 1298 ad
1306 1271 1436 1299 honorent
1450 1276 1476 1299 et
1491 1271 1658 1307 dignitatem.

1171 1348 1286 1382 ALIUD.
1296 1351 1325 1377 in
1336 1350 1416 1378 idem.

945 1416 955 1433 ‹
971 1406 1058 1435 Tanto
1073 1406 1161 1434 factus
1176 1412 1217 1435 est
1236 1409 1331 1436 melior
1346 1407 1460 1443 angelis.
1483 1418 1492 1434 ι
1508 1408 1536 1435 1η
1554 1408 1605 1435 ltoc
1619 1409 1695 1436 dicto

906 1453 930 1480 si
947 1460 998 1480 vox
1018 1452 1076 1480 haec
1093 1463 1102 1479 ι
1122 1453 1209 1480 factus
1226 1458 1288 1487 est,
1319 1462 1328 1479 ι
1350 1454 1382 1480 ad
1406 1455 1551 1481 essentiam
1569 1454 1630 1481 Filii
1652 1462 1694 1481 re-

909 1497 1012 1526 feratur
1025 1519 1033 1531 ,
1050 1498 1117 1526 nihil
1134 1498 1171 1526 illi
1189 1498 1287 1526 ofﬁciet
1306 1499 1386 1534 hujus
1407 1500 1482 1527 vocis
1496 1501 1547 1533 vis,
1576 1507 1636 1534 qum
1655 1496 1698 1527 in-~

69 1540 214 1586 ἀδιαφόρως
228 1544 363 1580 κειμένης
381 1547 510 1579 πολλάκις
524 1550 594 1575 κατὰ
605 1549 657 1576 τῶν
668 1540 854 1586 γεννωμένων.

911 1545 1067 1573 diﬂct'enter
1087 1553 1274 1580 smpenumero
1292 1547 1323 1573 de
1349 1546 1448 1581 genitis
1470 1547 1589 1581 ponitur.
1614 1547 1694 1580 Atqui

75 1585 130 1614 Ἐπὶ
139 1589 186 1623 μὲν
201 1587 250 1616 οὖν
264 1591 320 1617 τῶν
334 1591 419 1624 ὅντως
433 1594 583 1629 γινομένων
606 1597 654 1622 καὶ
669 1598 838 1633 ποιουμένων
848 1620 855 1632 ,

70 1634 114 1660 οὐκ
127 1634 157 1662 ἄν
169 1644 211 1668 τις
224 1637 361 1669 ἐπιδείξαι
383 1639 414 1666 τὸ
441 1640 588 1674 γεννᾶσθαι
611 1642 738 1678 κείμενον
753 1645 857 1680 κυρίως

72 1680 112 1707 καὶ
127 1682 197 1708 κατὰ
208 1683 303 1717 φύσιν·
317 1685 358 1711 ὅτι
374 1685 426 1711 κᾶν
448 1686 616 1722 γεννώμενον
636 1689 774 1724 φαίνηται,
800 1691 857 1726 ἔχει

73 1726 118 1760 πρὸ
133 1727 228 1755 ἑαυτοῦ
241 1729 273 1755 τὸ
287 1731 452 1766 πεποιῆσθαι
476 1732 552 1768 παρὰ
565 1733 611 1759 τοῦ
626 1735 779 1768 κτίσαντος.
793 1735 856 1764 Οἷον

73 1772 203 1807 ἄνθρωπος
221 1776 354 1810 γεννᾶται
374 1777 440 1811 μὲν,
469 1779 615 1814 πεποίηται
637 1780 677 1812 δὲ,
698 1781 745 1807 καὶ
762 1782 857 1818 κύριον

73 1819 146 1846 αὑτοῦ
159 1820 238 1848 τοῦτο
255 1822 357 1856 μᾶλλον
370 1823 386 1858 ἢ
399 1823 428 1849 τὸ
440 1823 574 1859 δεύτερον.
590 1825 622 1852 Et
638 1826 666 1852 δὲ
680 1827 726 1853 καὶ
736 1827 857 1862 λέγοιντο

73 1873 135 1897 τινες
149 1866 192 1893 διὰ
206 1867 254 1894 τοῦ
269 1868 427 1904 Πνεῦματος
441 1870 629 1905 γεγεννῆσθαι,
645 1871 714 1899 ἀλλὰ
724 1873 772 1899 καὶ
783 1870 856 1902 οὗτοι

77 1910 135 1946 πρὸς
151 1912 270 1948 μίμησιν
294 1913 340 1940 τοῦ
362 1914 469 1949 ἀληθῶς
494 1916 671 1951 γεννηθέντος
694 1918 726 1945 ὲκ
748 1919 856 1955 Πατρὸς

74 1956 133 1984 Θεοῦ
146 1958 244 1992 Λόγου,
260 1960 309 1986 καὶ
321 1960 370 1986 οὐκ
388 1960 441 1992 ἔξω
465 1961 511 1987 τοῦ
525 1962 690 1997 πεποιῆσθαι
705 1965 855 1999 τυγχάνου-

77 2003 197 2031 avrata-te
216 2005 249 2032 τὸ
275 2006 325 2040 τῆς
351 2007 502 2041 γεννήσεως
525 2006 611 2042 ὄνομα
628 2011 856 2046 καταχρηστικῶς

76 2048 154 2085 ἂνεῖη
181 2051 284 2086 μᾶλλον
298 2052 316 2087 ἢ
333 2053 455 2086 φυσικῶς
481 2054 510 2080 ὲν
533 2055 589 2086 τοῖς
616 2056 748 2090 γενητοῖς.
776 2056 812 2083 Τὸ
826 2057 854 2084 δὲ

78 2096 202 2132 γεννηθὲν,
221 2098 277 2125 κᾶν
292 2098 418 2132 γενέσθαι
439 2099 562 2135 λέγηται,
584 2100 660 2127 οὐδὲν
681 2101 810 2136 ὑπομένει
825 2103 855 2129 τὸ

79 2141 172 2176 βλάϐος,
189 2145 391 2182 ἀδιαφορούσης
411 2147 473 2182 περὶ
488 2146 565 2173 τοῦτο
580 2147 628 2182 τῆς
647 2147 721 2180 θείας
733 2149 852 2184 Γραφῆς.

79 2187 147 2236 Λέγει
161 2190 212 2225 γὰρ
224 2191 267 2217 ὅτι
283 2191 408 2225 ἐγένοντο
426 2191 464 2226 τῷ
487 2191 546 2217 Ἰὼϐ
558 2192 612 2218 υἱοὶ
622 2191 692 2219 ἑπτὰ
711 2193 758 2220 καὶ
773 2193 854 2228 Θυγα-
869 2207 891 2236 ι)

78 2233 145 2268 τέρες
157 2238 239 2272 τρεῖς.
254 2237 308 2263 Καὶ
320 2237 408 2264 πάλιν·
430 2247 439 2263 ‹
451 2236 505 2264 Ἦν
527 2237 652 2273 Ἀϐραὰμ
673 2239 770 2266 ἑκατὸν
783 2239 851 2266 ἑτῶν

80 2279 116 2305 ὅτε
127 2279 228 2314 ἐγένετο
253 2282 327 2317 αὐτῷ
357 2281 448 2309 Ἰσαὰκ
471 2283 485 2308 ὁ
505 2282 562 2313 υἱὸς
586 2283 678 2311 αὑτοῦ.
699 2293 709 2310 t
725 2284 800 2311 Εῑδὲ
821 2285 852 2312 τὸ

79 2323 231 2360 γεννώμενον
261 2326 388 2361 γενέσθαι
420 2327 527 2362 λέγεται
552 2329 598 2355 καὶ
622 2329 665 2355 ἐπ’
687 2329 850 2366 ἀνθρώπων,

82 2369 243 2407 auceps!qu
257 2381 298 2404 τις
312 2372 391 2400 τοῦτο
418 2373 524 2400 ἀκούων
550 2374 597 2401 καὶ
617 2375 682 2411 περὶ
700 2375 747 2402 τοῦ
772 2376 850 2403 Υἱοῦ.

87 2416 138 2443 Ἐπὶ
147 2417 173 2446 δὲ
188 2419 242 2446 τῶν
255 2419 377 2454 γενητῶν
391 2420 441 2447 οὐκ
469 2420 646 2457 ἀδιαφορήσει
664 2421 708 2449 διὰ
721 2422 767 2449 τὸν
782 2431 850 2458 προ-

84 2462 255 2499 ατωδιδομένον
262 2464 351 2500 λόγον,

403 2565 506 2594 ΑΛΔο.

165 2625 214 2658 Εις
227 2625 261 2651 τὸ
272 2623 363 2659 ταύτὸ,
376 2624 416 2657 ὡς
427 2624 461 2651 ἐκ
481 2622 540 2652 τῶν
551 2624 588 2652 δι’
599 2625 748 2654 tia-arduo.

112 2678 263 2714 Γέγραπται,
277 2681 356 2716 φησὶ,
366 2682 429 2717 περὶ
441 2681 517 2714 Υἰοῦ,
536 2682 578 2709 ὁτι
599 2692 608 2708 ι
626 2682 751 2718 Τοσούτῳ
763 2683 853 2718 κρείτ-

85 2731 126 2750 των
138 2728 274 2763 γενόμενος
284 2727 338 2754 τῶν
353 2728 488 2762 ἀγγέλων.
509 2738 517 2754 ι
542 2729 653 2765 Ἐπειδὴ
676 2729 706 2756 δὲ
727 2729 852 2764 φιλοῦσιν

87 2768 108 2794 αἱ
120 2773 264 2808 συγκρίσεις
282 2773 326 2800 ἀεὶ
337 2773 459 2808 γίνεσθαι
473 2774 538 2809 περὶ
552 2775 587 2801 τὰ
599 2775 709 2810 ὁμοειδῆ
720 2773 790 2810 (οὐδὲ
799 2775 853 2810 γὰρ

908 1592 941 1619 de
957 1591 990 1618 iis
1002 1599 1063 1626 qua:
1076 1599 1106 1619 re
1121 1599 1183 1619 vera
1206 1591 1275 1618 facta
1300 1597 1373 1622 sunt,
1393 1599 1473 1619 nemo
1494 1596 1567 1620 certe
1588 1592 1696 1626 proprie

908 1646 940 1665 ac
964 1638 1125 1665 naturaliter
1145 1638 1196 1665 dici
1221 1639 1346 1666 ostendet
1365 1638 1509 1673 generari;
1537 1639 1600 1673 quia
1629 1643 1697 1666 tam-

906 1684 956 1712 etsi
974 1689 1130 1719 generatum
1142 1688 1281 1718 appareat.
1299 1684 1379 1711 habet
1395 1688 1484 1712 tamen
1500 1688 1561 1711 ante
1576 1690 1606 1711 se
1621 1684 1693 1718 quod

907 1729 1007 1757 factum
1026 1731 1060 1757 sit
1077 1737 1090 1757 a
1106 1730 1248 1757 Crentore.
1265 1729 1501 1763 Quemadmodum
1519 1730 1599 1757 homo
1611 1737 1695 1764 gene-

907 1781 983 1803 ratur
996 1776 1115 1810 quidem,
1134 1777 1221 1803 factus
1236 1781 1325 1803 tamen
1339 1779 1381 1802 est
1397 1783 1404 1801 :
1421 1778 1503 1809 atque
1518 1775 1571 1802 hoc
1585 1775 1694 1809 quidem

907 1820 946 1848 illi
965 1821 1051 1855 magis
1075 1820 1216 1855 proprium
1233 1825 1273 1847 est
1289 1839 1297 1852 ,
1323 1826 1405 1854 quam
1434 1819 1510 1846 illud.
1534 1819 1563 1846 Si
1575 1827 1640 1847 vero
1655 1820 1696 1846 di-

906 1870 1004 1893 cantur
1029 1865 1150 1892 nonnulli
1173 1872 1223 1900 per
1248 1865 1379 1900 Spiritum
1406 1865 1490 1900 geniti
1503 1873 1564 1892 esse
1583 1866 1652 1894 :sed
1667 1870 1696 1893 et

907 1911 934 1939 hi
951 1911 984 1938 ad
1000 1911 1178 1938 imitationem
1198 1911 1290 1944 Verbi,
1311 1911 1382 1946 quod
1407 1918 1470 1938 vere
1491 1919 1523 1938 ex
1545 1911 1627 1938 Patre
1649 1918 1695 1945 πθ·
1740 1923 1742 1926 ν

906 1958 995 1985 ninam
1006 1961 1060 1990 est,
1081 1957 1119 1984 ita
1135 1962 1269 1985 vocantur
1285 1966 1292 1985 :
1310 1956 1372 1984 facti
1391 1962 1480 1984 tamen
1500 1964 1561 1985 esse
1575 1964 1628 1984 non
1648 1957 1694 1985 de-

905 2003 1018 2035 sinunt;
1039 2002 1166 2037 quocirca
1187 2003 1370 2038 generationis
1386 2010 1484 2031 nomen
1509 2003 1621 2030 abusive
1643 2010 1694 2035 po-

907 2050 960 2077 tius
974 2049 1177 2084 quam'proprie
1191 2049 1224 2076 de
1239 2049 1272 2076 iis
1285 2057 1344 2084 quae
1355 2049 1424 2077 facta
1445 2053 1520 2081 sunt,
1533 2053 1692 2083 usurpatur.

905 2095 1030 2124 Genitum
1045 2103 1120 2128 vero,
1144 2095 1252 2124 tametsi
1279 2096 1385 2123 dicatur
1402 2095 1503 2123 factum
1525 2103 1602 2128 esse,
1627 2095 1693 2124 nihil

906 2142 998 2169 damni
1018 2142 1080 2169 inde
1106 2142 1233 2177 percipit,
1250 2149 1312 2169 cum
1339 2149 1417 2169 sacra
1445 2142 1586 2177 Scriptura
1610 2141 1693 2170 indif-

905 2188 1026 2216 ferenter
1045 2196 1078 2216 eo
1101 2193 1204 2216 utatur.
1223 2188 1293 2215 Dicit
1315 2187 1388 2222 quod
1413 2187 1476 2216 facti
1492 2189 1547 2215 sint
1567 2188 1618 2216 Job
1645 2187 1693 2215 filii

906 2239 1020 2269 septem,
1037 2239 1064 2262 et
1079 2234 1141 2262 filiae
1157 2239 1212 2262 tres
1230 2234 1263 2261 ’³.
1277 2233 1342 2260 Item
1358 2240 1366 2260 :
1385 2243 1394 2260 ι
1413 2233 1624 2262 EratAbraham
1647 2241 1694 2262 en-

907 2287 1004 2307 norum
1029 2285 1137 2307 centum
1158 2279 1267 2314 quando
1293 2278 1381 2306 factus
1407 2283 1449 2306 est
1470 2280 1493 2306 ei
1525 2279 1601 2307 lsaac
1622 2279 1693 2307 illius

906 2326 965 2361 ejus
980 2326 1014 2354 νδ.
1037 2336 1046 2352 ι
1066 2326 1093 2354 Si
1109 2334 1173 2353 vero
1188 2327 1258 2361 quod
1276 2330 1433 2361 generatum
1452 2331 1503 2357 est,
1518 2324 1618 2352 factum
1632 2332 1692 2353 ceae

905 2373 1004 2400 dicitur
1014 2373 1096 2400 etiam
1115 2372 1141 2400 in
1157 2373 1324 2405 hominibus,
1341 2371 1527 2399 indiil'erenter
1544 2373 1595 2398 hoc
1606 2371 1689 2399 etiam

904 2420 1031 2454 accipiat.
1054 2419 1076 2446 si
1096 2420 1157 2454 quis
1180 2422 1213 2447 tle
1237 2419 1306 2447 Filio
1331 2419 1356 2446 id
1372 2418 1425 2446 dici
1448 2418 1576 2445 audierit.
1601 2418 1638 2445 De
1659 2419 1692 2447 iis

908 2469 997 2492 autem
1014 2473 1073 2500 qua:
1093 2465 1162 2492 facta
1189 2470 1262 2498 sunt,
1282 2473 1334 2492 non
1356 2465 1418 2492 item
1439 2464 1625 2498 indiﬂZerenter
1647 2471 1692 2493 ac-

905 2512 997 2548 cipiet,
1018 2512 1053 2539 ob
1068 2512 1200 2539 rationem
1213 2511 1269 2546 jam
1286 2513 1397 2540 dictam.

1238 2567 1354 2596 ALIUD.

1001 2625 1033 2653 In
1048 2626 1135 2658 idem,
1163 2633 1194 2653 ex
1223 2625 1368 2660 objecliane
1394 2624 1588 2651 ltwreticorum.

939 2682 1074 2716 Scriptum
1086 2685 1139 2714 est,
1165 2681 1301 2716 inquiunt.
1320 2681 1354 2708 de
1371 2680 1449 2712 Filio,
1474 2681 1557 2714 quod,
1580 2687 1589 2704 ι
1613 2682 1689 2706 tanto

904 2728 1000 2755 melior
1013 2727 1103 2756 factus
1120 2728 1154 2755 sit
1170 2727 1282 2763 angelis.
1301 2736 1310 2753 ι
1333 2726 1401 2754 Cum
1426 2733 1491 2753 vero
1508 2724 1689 2760 comparatio-

909 2782 956 2803 nes
981 2781 1088 2809 semper
1121 2773 1186 2802 fieri.
1205 2773 1310 2802 soleant
1340 2774 1410 2801 inter
1433 2780 1464 2800 ea
1488 2770 1688 2807 quaayejusdem

109 2848 126 2864 "
138 2849 207 2882 Hebr.
225 2862 246 2886 ι,
267 2852 293 2879 5.
337 2852 438 2881 "ibid.
461 2854 485 2881 6.
526 2854 548 2870 ’³
567 2853 618 2882 Job
633 2862 652 2888 ι,
670 2854 696 2880 2.
734 2854 757 2870 οδ
776 2853 842 2882 Gen.
862 2861 919 2888 nt,
936 2854 962 2881 ti.
