1911 3027
207 136 261 164 347

715 138 744 165 S.
765 137 903 165 CYRILH
925 135 1158 164 ΑιΕΧΑΝυιιιΝι
1177 137 1335 166 ARCHIEP.

1789 135 1864 165 548

207 194 328 221 dicentes
349 203 356 221 :
378 204 387 220 ι
411 193 526 224 Domine
552 196 742 231 omnipotens,
771 203 912 231 usquequo
937 203 984 223 nor

1046 194 1166 230 λέγοντες
1178 206 1184 212 -
1215 206 1224 223 ε
1241 197 1327 233 Κύριε
1346 198 1553 234 παντοκράτωρ,
1570 198 1622 231 ἕως
1648 198 1721 230 τίνος
1742 197 1773 224 οὔ
1811 196 1862 231 μὴ

206 238 345 267 misereris
364 239 528 275 Jerusalem,
556 246 583 269 et
609 243 714 269 urbium
742 241 853 269 Juda'?
869 252 878 268 ι
907 242 993 272 Filius

207 292 273 313 vero
288 293 348 313 cum
365 291 500 322 potestate
516 288 581 316 dicit
594 297 628 325 εδ(
646 287 740 321 Homo,
757 288 928 316 dimittuntur
945 289 991 317 libi

206 336 316 365 peccata
334 337 377 360 tua
389 332 410 362 ⁸.
426 343 436 359 ι
455 332 512 361 Νοη
527 338 567 361 est
583 334 663 369 igitur
678 333 796 367 ejusdem
809 334 917 370 generis
930 343 990 363 cum

205 377 314 405 domino
326 385 430 411 servus,
454 387 540 415 neque
553 380 576 407 ei
589 378 634 414 qui
654 378 767 414 largitur
782 379 804 408 is
827 380 872 416 qui
883 381 950 416 petit
963 385 992 409 ut

205 424 331 458 accipiat.

205 468 310 497 ALIUD
324 471 383 497 huic
400 470 494 503 simile,
511 470 679 534 Ἄορις
693 481 744 499 non
759 472 792 500 sit
807 481 988 501 annumeran-

240 559 311 587 Deus
332 561 477 596 prophetas
500 561 592 594 mittit,
609 562 652 596 qui
673 562 783 597 exigant
807 562 925 590 fructum
950 564 989 590 vi-

201 613 271 638 nea',
292 606 349 640 qui,
368 612 546 642 praeterquam
565 608 636 642 quod
657 608 723 635 nihil
749 615 921 644 acceperunt,
949 611 990 637 in-

202 644 307 678 techcti
328 657 400 681 sunt.
427 652 567 688 Servator,
582 661 610 681 ut
626 655 767 688 Dominus,
782 655 871 682 debita
893 657 987 684 remit-

200 696 243 728 tit,
260 701 288 723 ct
304 697 329 724 in
345 697 413 725 alios
431 699 542 727 colonos
554 701 684 728 transfert
700 702 806 728 vincam
819 702 840 735 ",
858 708 887 730 ut
907 702 989 730 herus

199 746 227 768 ct
243 741 391 776 Dominus;
422 745 468 772 sed
499 749 527 772 et
552 746 640 782 angeli
667 747 894 775 administrationi
922 748 988 783 legis

203 786 360 816 inserviissc
377 792 590 826 comperiuntur,
608 797 635 820 et
652 793 717 820 nihil
735 800 828 821 eorum
850 802 909 829 quae
926 795 989 823 fecit

202 833 295 867 Filius,
311 834 420 864 fecisse.
440 836 496 864 Non
516 842 557 865 est
570 838 651 874 igitur
666 839 787 875 ejusdem
803 841 909 876 generis
924 849 984 869 cum

201 880 303 915 angelis
325 880 428 916 Filius,
450 883 497 911 sed
516 883 645 919 Magister
659 891 685 913 et
705 886 844 915 Dominus.

199 967 320 1008 ALIUD,
336 969 499 1008 empiitatius,
516 973 586 1006 quod
604 973 681 1005 illud.
703 984 712 1000 ε
731 975 826 1002 Melior
845 977 929 1008 factm
947 984 986 1006 est

235 1005 334 1041 angelis
345 1005 366 1036 ⁸,
387 1015 397 1030 ι
415 1007 449 1032 ad
465 1005 643 1041 di/férentiam
662 1005 927 1040 administrationum
945 1005 987 1041 re;

235 1040 371 1072 ferendum
390 1041 435 1068 sil.

237 1093 336 1122 Paulus
346 1096 378 1122 de
397 1095 466 1123 Filio
482 1097 567 1132 inquit
583 1107 590 1126 :
609 1109 618 1125 ι
634 1100 721 1128 Tanto
734 1102 827 1130 melior
841 1103 927 1132 factus
943 1113 987 1132 an-

200 1140 289 1174 gelis:
307 1150 316 1166 ι
336 1149 388 1168 non
415 1143 487 1177 quod
512 1143 558 1171 Dei
580 1144 660 1173 \ierbi
680 1151 804 1175 naturam
829 1150 986 1185 angelorum

201 1191 306 1214 natura).
321 1195 479 1222 comparare
500 1190 571 1223 velit,
591 1199 678 1227 neque
700 1194 843 1223 dissimiles
859 1198 985 1225 substan-

199 1231 250 1259 tias
269 1233 364 1260 eodcm
386 1235 466 1262 modo
490 1243 522 1263 ac
548 1238 654 1266 ratione
676 1241 812 1268 examinet
827 1242 893 1276 (Deo
915 1244 986 1271 enim

198 1279 265 1306 nihil
285 1282 448 1315 comparari,
468 1287 513 1309 aut
528 1283 647 1312 conferri
667 1287 779 1322 potest),
801 1289 847 1315 sed
869 1289 986 1316 adminio

197 1326 359 1357 strationum
373 1327 542 1357 differentias
558 1332 693 1366 proponit.
716 1338 744 1359 ut
760 1341 792 1360 ex
810 1334 985 1363 administra-

199 1371 271 1398 tione
285 1379 346 1406 qua:
369 1373 466 1409 cuique
486 1377 629 1403 commissa
658 1383 710 1410 est,
731 1379 795 1413 quid
818 1380 931 1415 quisque
950 1381 986 1408 sit

196 1422 385 1452 cognoscatur.
403 1419 479 1452 Quod
504 1429 567 1448 vero
584 1431 593 1448 ‹
611 1422 706 1450 melior
722 1433 731 1450 ι
757 1425 790 1451 ad
806 1427 986 1460 comparatio-

197 1469 258 1489 nem
281 1464 524 1493 administrationis
558 1468 714 1502 angelorum
747 1470 906 1499 referendus
929 1473 984 1505 sit,

197 1507 258 1535 inde
286 1509 430 1536 manifeste
456 1517 584 1539 constat:
606 1514 775 1548 propositum
799 1522 858 1543 erat
882 1516 982 1550 Paulo,

196 1555 339 1582 ostendere
354 1555 413 1589 qua:
434 1564 481 1591 per
498 1557 636 1586 Christum
658 1559 876 1594 prmtlicabantur
892 1563 984 1598 legali-

198 1601 248 1627 bus
260 1602 402 1636 praeceptis
417 1603 493 1637 longe
512 1606 700 1638 prmstantiora
720 1614 790 1635 esse.
808 1606 885 1636 Unde
903 1609 985 1644 igitur

198 1646 249 1673 hoc
263 1647 451 1676 demonstrat?
470 1649 509 1676 Ad
524 1650 758 1680 administratores
779 1661 808 1680 se
828 1656 962 1683 couvertit
977 1666 982 1683 :

196 1697 223 1719 et
246 1699 277 1719 ex
300 1701 394 1720 eorum
411 1694 561 1722 diﬂ'erentia
583 1704 614 1723 ea
635 1705 695 1731 qua:
711 1705 759 1733 per
784 1698 856 1734 ipsos
871 1701 985 1729 admini-

195 1741 278 1764 strata
305 1743 368 1766 sunt
393 1741 519 1769 acstimat.
538 1742 635 1777 Augcli
660 1751 725 1778 ergo
740 1745 931 1774 administrant
949 1748 984 1775 le-

195 1791 266 1818 gem,
284 1788 311 1811 ct
329 1792 377 1818 per
389 1793 436 1812 eos
453 1788 625 1821 pronuntiata
639 1794 700 1822 est;
716 1789 801 1818 Filius
815 1798 891 1819 ‘vero
907 1793 981 1821 noti-

196 1829 260 1856 tiam
276 1836 371 1856 eorum
387 1839 447 1865 qum
459 1839 506 1865 per
517 1831 691 1869 Evangelium
707 1837 902 1865 annuntiantur
914 1847 985 1874 pra:-

195 1877 277 1904 dicat.
294 1877 378 1913 Atqui
397 1878 501 1911 melior,
518 1880 614 1915 inquit,
631 1881 768 1911 estFilius
783 1891 863 1918 quant
879 1887 981 1921 angeli;

195 1928 327 1958 quatenus
350 1925 525 1953 excellentior
549 1927 751 1958 administratio
778 1931 814 1958 illi
839 1933 984 1961 commissa

195 1974 248 2002 est,
262 1978 293 1999 ea
311 1971 415 1998 ratione
429 1972 526 2000 melior
541 1979 592 2001 est.
607 1974 839 2005 Administrantur
853 1980 924 2007 enim
940 1988 984 2008 res

196 2024 301 2052 magna
320 2025 334 2044 a
354 2019 469 2053 magnis,
493 2025 519 2046 et
537 2027 626 2054 parva:
646 2029 660 2048 a
678 2023 779 2056 parvis.
801 2024 917 2059 Magnus
936 2035 984 2054 au-

195 2068 248 2090 tem
273 2068 314 2091 est
331 2064 425 2098 Filius,
448 2070 581 2100 quatenus
607 2072 649 2094 est
681 2068 808 2103 splendor
834 2076 862 2098 et
885 2072 983 2100 chara-

195 2110 290 2142 cter',
313 2115 340 2136 et
365 2117 500 2145 quatenus
521 2113 546 2140 ei
570 2105 669 2140 dicitur
691 2123 696 2140 :
721 2124 730 2140 ι
746 2115 817 2144 Sede
841 2124 855 2143 a
879 2118 991 2147 dextris

195 2155 262 2182 meis
275 2155 312 2188 “;
333 2165 342 2181 ι
364 2161 499 2190 quatenus
517 2159 721 2194 primogenitae,
742 2166 769 2188 et
787 2163 821 2190 ab
844 2163 910 2197 ipsis
932 2173 980 2192 an-

194 2200 261 2235 gelis
278 2201 418 2229 adoratur.
434 2203 528 2237 Angeli
543 2211 606 2230 vero
618 2205 684 2232 nihil
699 2213 794 2234 earum
811 2208 919 2242 habent,
935 2211 981 2238 sed
997 2214 1022 2243 ι)

196 2251 225 2273 ιιι
253 2247 369 2274 ministri
395 2248 589 2282 circumstant,
606 2256 635 2277 ιιι
657 2252 726 2279 servi
752 2253 835 2289 206
856 2256 982 2290 adorant,

195 2293 432 2329 ministeriumque
452 2302 529 2322 suum
544 2301 673 2330 praestant
693 2303 803 2332 propter
819 2307 866 2328 eos
881 2303 926 2336 qui
941 2311 984 2330 sa-

196 2339 278 2366 lutem
296 2344 359 2367 sunt
377 2341 549 2368 consecuturi
572 2342 602 2369 ”.
625 2342 713 2371 Tanto
736 2344 827 2379 itaque
852 2353 983 2380 praestan-

195 2385 248 2412 tior
262 2389 303 2412 est
319 2386 517 2414 administratio
537 2386 691 2419 Servatoris
717 2397 797 2425 quant
816 2393 981 2427 angelorum,

195 2435 295 2464 quanto
313 2438 380 2458 unus
400 2431 507 2466 quidem
527 2431 553 2459 in
582 2433 645 2466 illis,
670 2434 748 2463 alteri
772 2442 859 2464 autem
887 2439 912 2465 in
939 2441 980 2467 his

195 2481 348 2504 versantur.
373 2476 446 2504 lianc
473 2478 554 2512 igitur
573 2479 609 2506 ob
633 2488 742 2508 causam
764 2481 862 2512 Paulus
889 2485 981 2514 volens

195 2529 353 2556 comparare
370 2523 441 2550 inter
456 2530 486 2550 se
501 2523 583 2552 hasce
597 2525 856 2563 administrationes,
872 2531 957 2566 inquit
973 2542 978 2559 :

198 2576 207 2592 ε
226 2566 320 2596 Melior
331 2568 418 2595 factus
435 2569 546 2604 angelis.
562 2579 571 2596 ι
593 2570 661 2598 Cum
678 2579 741 2600 vero
760 2574 792 2601 ad
813 2576 980 2604 substantia-

196 2621 255 2642 rum
273 2615 502 2648 comparationem
522 2618 605 2651 venit,
631 2618 740 2653 inquit:
758 2629 768 2646 ι
785 2621 890 2653 Quanto
905 2623 982 2651 dill‘e-

197 2660 301 2687 rentius
314 2659 438 2693 Christus
455 2662 508 2690 illis
532 2671 630 2692 nomen
650 2665 762 2693 sortitus
777 2667 860 2694 est”.
881 2678 890 2693 ι
917 2669 974 2697 Non

194 2707 248 2741 jam
265 2706 302 2733 ait
323 2707 424 2741 melius,
440 2710 487 2737 sed
505 2710 689 2745 differentias:
704 2713 776 2748 quod
793 2714 901 2748 quidem
922 2725 980 2744 ma-

197 2760 276 2787 gnam
293 2753 474 2783 diversitatem
490 2756 634 2792 signiﬁcat.

242 2821 370 2864 “lacti-.5
383 2826 427 2864 ig.
467 2829 476 2843 ⁸
487 2827 577 2856 Matth.
592 2829 665 2861 ιδιά.
706 2829 716 2845 ⁷
729 2828 821 2857 Matth.
833 2839 890 2864 χιιι.
902 2833 996 2862 Ξδ-Η.

201 2858 244 2884 Η.
285 2859 304 2873 ¹¹
318 2860 380 2888 ibid.
394 2861 420 2888 4.

1043 241 1157 277 ἐλεήσῃς
1173 242 1222 278 τὴν
1241 243 1420 278 Ἰερουσαλὴμ
1442 245 1489 270 καὶ
1510 245 1559 277 τὰς
1585 244 1680 276 πόλεις
1703 243 1820 275 Ἰούδα;
1845 249 1859 266 ι

1048 285 1077 312 '0
1101 286 1128 312 δὲ
1145 286 1208 318 Υἱὸς
1231 286 1460 320 ἐξουσιαστικῶς·
1490 298 1499 314 ι
1515 289 1671 325 Ἄνθρωπε,
1695 285 1863 322 ἀφέωνταί

1043 339 1084 358 σοι
1100 332 1128 358 αί
1140 332 1283 368 ἁμαρτίαι.
1298 342 1307 359 ι
1325 334 1381 369 Οὐχ
1394 335 1524 369 ὁμογενὲς
1536 333 1584 362 οὖν
1599 335 1653 371 ἄρα
1663 334 1704 369 τῷ
1714 333 1860 368 δεσπότῃ

1042 374 1072 401 τὸ
1087 374 1196 407 δοῦλον,
1210 376 1271 403 οὔτε
1286 376 1327 413 τῷ
1341 378 1515 415 χαριζομένῳ
1529 379 1559 406 τὸ
1583 380 1676 406 ait:on
1691 380 1737 406 ἴνα
1753 378 1856 412 λάϐῃ-

1079 465 1170 494 ΑΛΛΟ
1185 466 1278 498 τούτῳ
1292 466 1404 530 quam?
1477 470 1533 496 οὐκ
1545 470 1581 496 ἐν
1595 469 1657 502 τοῖς
1671 469 1807 502 δούλοις

1468 514 1493 531 (ι.

1468 514 1493 537 ς.

1082 548 1253 575 Ἀποστέλλει
1269 549 1331 582 τοὺς
1348 551 1491 586 προφήτας
1504 552 1519 578 6
1532 551 1599 583 Θεὸς
1614 551 1771 587 ἀπαιτῆσαι
1786 550 1851 578 τοῦ

1039 594 1200 629 ἀμπελῶνος
1212 596 1274 627 τοὺς
1291 598 1423 632 καρποὺς,
1441 597 1466 624 oi
1481 597 1550 632 πρὸς
1565 597 1603 632 τῷ
1618 598 1685 633 μηδὲ
1700 598 1852 625 δύνασθαι

1039 638 1140 672 λαὸετν,
1159 641 1206 667 καὶ
1216 641 1361 670 ἀπέθανον.
1372 642 1401 669 ’0
1412 642 1508 678 Σωτὴρ
1523 643 1560 674 ὡς
1574 643 1713 679 Δεσπότης
1725 643 1775 670 καὶ
1785 643 1851 675 τὰς

1037 685 1149 720 ὀφειλάς
1161 686 1323 721 ὰφίησι,κα“ι
1337 689 1377 720 εις
1390 688 1500 724 ἑτέρους
1513 690 1653 725 γεωργοὺς
1665 689 1850 726 μετατίθησι

1038 729 1083 756 τὸν
1095 730 1245 766 ἀμπελῶνα
1260 731 1298 764 ὡς
1321 733 1453 768 δεσπότης
1478 734 1524 761 καὶ
1547 734 1666 770 Κύριος*
1688 736 1847 770 φαίνονται

1037 776 1066 803 δὲ
1086 777 1134 803 καὶ
1151 779 1184 813 τῇ
1201 777 1248 804 τοῦ
1267 778 1349 814 νόμου
1366 779 1489 816 διακονίᾳ
1511 781 1736 817 ὑπηρετήσαντες
1752 783 1852 816 ἄγγε-

1038 823 1089 856 λοι,
1107 824 1154 850 καὶ
1169 825 1333 860 ποιήσαντες
1351 827 1429 854 οὐδὲν
1441 824 1478 855 ὧν
1495 829 1624 864 ἐποίησεν
1637 829 1652 855 6
1670 829 1748 861 Υἱός.
1764 830 1848 856 Ούκι

1003 871 1024 899 Β
1038 868 1086 896 οῦν
1099 870 1149 905 οὐχ
1163 870 1298 907 ὁμογενὴς
1311 873 1439 908 ἀγγέλοις
1451 875 1535 908 ἐστὶν,
1548 875 1618 902 ἀλλὰ
1630 875 1774 909 Δεσπότης
1789 875 1849 902 καὶ

1038 916 1160 952 Κύριος.¹

1038 963 1129 990 ΑΛΛΟ
1139 983 1147 994 ,
1161 964 1382 1002 §mm1utrm¢3c
1397 966 1441 993 ὅτι
1463 966 1497 993 τὸ
1514 975 1525 993 ι
1541 968 1688 999 Κρείττων
1711 967 1847 1002 γενόμε-

1073 1007 1126 1032 νος
1137 999 1196 1026 τῶν
1212 1000 1362 1038 ᾀγτέλων,
1377 1011 1385 1027 ι
1408 1003 1464 1038 vitae
1486 1002 1598 1029 οὐσιῶν
1609 999 1744 1038 εἰσφέρει
1761 999 1844 1037 iriir—

1073 1042 1184 1068 κρισιν,
1202 1036 1283 1063 ἀλλὰ
1297 1036 1418 1071 μᾶλλον
1435 1037 1603 1065 διακονιῶν.

1076 1100 1086 1117 ‹
1101 1091 1227 1127 Τοσούτῳ
1250 1092 1384 1128 κρείττων
1407 1094 1552 1129 γενόμενος
1576 1095 1630 1122 τῶν
1659 1096 1806 1130 ἀγγέλων.
1827 1106 1844 1121 ν

1037 1137 1084 1164 ἐπὶ
1098 1137 1146 1164 τοῦ
1163 1138 1228 1165 Υἱοῦ
1246 1148 1328 1174 φησιν
1348 1141 1362 1166 6
1382 1139 1499 1171 Παῦλος,
1517 1141 1547 1168 οὐ
1563 1143 1597 1177 τῇ
1614 1141 1695 1176 φύσει
1710 1142 1766 1168 τῶν
1782 1143 1840 1176 ἀγ-

1037 1182 1124 1216 γέλων
1140 1183 1189 1218 τήν
1205 1183 1252 1210 τοῦ
1268 1184 1334 1210 Θεοῦ
1344 1185 1432 1219 Λόγου
1449 1186 1642 1221 συγκρίνεσθαι
1661 1186 1757 1218 θέλων,
1770 1187 1839 1214 οὐδὲ

1037 1228 1090 1256 τῶν
1102 1229 1236 1266 ἀνομοίων
1252 1231 1351 1257 οὐσιῶν
1365 1231 1453 1264 ὲξίσου
1471 1231 1632 1268 ποιούμενος
1645 1233 1694 1269 τὴν
1707 1233 1838 1266 ἐξέτασιν

1037 1275 1212 1311 (ἀσύγκριτον
1220 1276 1274 1313 γὰρ
1288 1277 1404 1313 πρᾶγμα
1417 1278 1542 1314 θεότητος
1555 1279 1602 1305 καὶ
1611 1280 1834 1315 ἀπαράϐλητον),

1036 1321 1104 1348 ἀλλὰ
1120 1322 1169 1358 τὴν
1190 1323 1236 1349 ἐπὶ
1249 1324 1307 1355 ταῖς
1321 1323 1470 1356 διακονίαις
1486 1325 1619 1361 εἰσφέρων
1632 1324 1776 1361 διαφορὰν,
1797 1327 1836 1352 ἵν’

1036 1366 1083 1402 ἀφ’
1100 1362 1137 1394 ὦν
1153 1367 1267 1400 ἕκαστος
1282 1368 1428 1403 ἐπιστεύθη
1443 1370 1490 1396 καὶ
1511 1369 1698 1407 ᾠκονόμησεν,
1717 1373 1749 1398 ὲκ
1768 1372 1835 1398 τού-

1035 1421 1089 1440 των
1102 1414 1176 1446 ὅστις
1192 1414 1235 1449 εἴη
1257 1414 1501 1450 γινώσκηται.”οτι
1515 1416 1543 1442 δὲ
1555 1416 1584 1442 τὺ
1600 1426 1609 1442 t
1624 1418 1757 1453 κρείττων
1770 1428 1779 1444 ι
1793 1419 1834 1450 ὡς

1036 1460 1105 1496 πρὸς
1122 1460 1170 1496 τὴν
1181 1460 1235 1487 τῶν
1250 1460 1373 1495 ἀγγέλων
1386 1461 1525 1488 διακονίαν
1539 1462 1595 1497 ἔχει
1609 1463 1658 1498 τὴν
1671 1463 1832 1499 σύγκρισιν,

1036 1506 1135 1540 γένοιτ’
1152 1506 1185 1533 ἂν
1207 1507 1312 1534 ἐνθένδε
1328 1508 1490 1543 καταφανές·
1511 1509 1613 1541 Σκοπὸς
1627 1507 1661 1545 ἦν
1674 1511 1713 1545 τῷ
1729 1510 1832 1546 Παύλῳ

1038 1552 1180 1589 κρείττονα
1194 1551 1247 1579 τῶν
1260 1553 1379 1588 νομικῶν
1393 1553 1568 1589 ὲνταλμάτων
1583 1555 1714 1588 ἐπιδεῖξαι
1736 1556 1770 1582 τὰ
1786 1556 1833 1583 διὰ

1036 1598 1154 1634 Χριστοῦ
1179 1599 1380 1634 κηρυττόμενα.
1396 1599 1483 1626 Πόθεν
1497 1599 1545 1626 οὖν
1559 1602 1676 1627 ποιεῖταί
1694 1602 1744 1634 τὰς
1760 1603 1834 1630 ἀπο-

1036 1645 1149 1679 δείξεις;
1171 1646 1231 1672 Ἐπὶ
1245 1646 1308 1678 τοὺς
1322 1646 1512 1678 διακονοῦντας
1527 1649 1620 1682 χωρεῖ,
1629 1649 1675 1675 καὶ
1693 1651 1753 1680 ταῖς
1765 1650 1832 1676 τού-

1035 1698 1089 1716 των
1103 1689 1245 1726 διαφοραῖς
1259 1690 1397 1725 ἀναλόγως
1413 1691 1499 1727 ὁρίζει
1513 1692 1547 1718 τὰ
1565 1693 1610 1718 ὑπ’
1621 1692 1710 1719 αὐτῶν
1734 1694 1828 1720 διακο-

1036 1736 1164 1771 νούμενα.
1175 1736 1303 1771 Ἀγγελοι
1321 1737 1369 1772 μὲν
1384 1735 1430 1764 οὖν
1443 1737 1595 1764 διακονοῦσι
1610 1738 1656 1764 τον
1671 1739 1765 1773 νόμον,
1781 1740 1830 1766 καὶ

1036 1782 1156 1809 λαλεῖται
1182 1782 1215 1809 δι’
1233 1783 1324 1810 αὐτῶν
1335 1792 1342 1798 ·
1354 1784 1368 1810 6
1384 1784 1411 1811 δὲ
1424 1785 1497 1817 Υἱὸς,
1512 1786 1562 1821 τὴν
1576 1785 1618 1812 διὰ
1633 1786 1687 1812 τῶν
1707 1786 1831 1822 Εὑαγγε-

1035 1828 1101 1856 λίων
1117 1827 1246 1864 κηρύττει
1262 1829 1372 1864 γνῶσιν.
1383 1830 1463 1858 ’Δλλὰ
1478 1831 1619 1867 κρείττων,
1636 1833 1727 1867 φησιν,
1741 1833 1756 1858 ὁ
1767 1834 1830 1865 Tib;

1035 1874 1089 1901 τῶν
1113 1875 1248 1909 ἀγγέλων
1273 1876 1341 1903 καθὸ
1362 1877 1417 1904 τῶν
1440 1878 1590 1912 ἀμεινόνων
1607 1879 1725 1914 κατέστη
1738 1880 1831 1906 διάκοσ-

1035 1928 1090 1952 voc,
1105 1920 1176 1947 κατὰ
1190 1921 1269 1948 τοῦτο
1284 1922 1426 1957 κρείττων.
1445 1925 1613 1950 Διακονεῖται
1632 1924 1660 1950 δὲ
1672 1926 1706 1951 τὰ
1723 1926 1830 1960 μεγάλα

1035 1967 1078 1994 διὰ
1094 1967 1230 2002 μεγάλων,
1244 1968 1291 1994 καὶ
1307 1967 1341 1994 τὰ
1358 1969 1444 2004 μικρὰ
1460 1970 1504 1996 διὰ
1525 1969 1579 1996 τῶν
1596 1971 1711 2006 μικρῶν.
1735 1971 1829 2006 Μέγας

1034 2012 1063 2039 δὲ
1089 2013 1103 2039 6
1127 2012 1206 2045 Υἱὸς,
1219 2012 1286 2040 καθὸ
1312 2013 1483 2050 ἀπαύγασμα
1507 2016 1554 2042 καὶ
1579 2016 1735 2052 χαρακτὴρ,
1762 2017 1830 2044 καθὸ

1036 2058 1146 2086 ἀκούει·
1163 2068 1172 2085 ι
1189 2059 1282 2086 Κάθου
1298 2060 1330 2086 ἐκ
1345 2059 1439 2092 δεξιῶν
1459 2069 1521 2096 μου·
1539 2071 1548 2088 ›
1571 2062 1638 2089 καθὸ
1656 2064 1829 2098 πρωτότοκος

1035 2107 1083 2132 καὶ
1106 2105 1258 2133 ὑπἀύτῶν
1274 2105 1398 2140 ἀγγέλων
1414 2107 1661 2143 προσκυνούμενος.
1681 2110 1713 2136 Οἱ
1734 2109 1762 2136 δὲ
1781 2111 1830 2145 ἄγ-

1035 2151 1122 2186 γελοι,
1134 2152 1236 2179 τούτων
1251 2151 1337 2184 οὐδὲν,
1357 2152 1415 2179 ἀλλ’
1429 2153 1453 2179 οἱ
1471 2153 1520 2188 μὲν
1534 2153 1572 2186 ὡς
1587 2154 1741 2190 λειτουργοὶ
1759 2164 1830 2191 παρ-

1036 2198 1195 2234 εστήκασιν,
1220 2197 1258 2229 ὡς
1281 2197 1368 2224 δοῦλοι
1394 2199 1605 2233 προσκυνοῦσιν,
1629 2199 1668 2232 ὡς
1693 2201 1828 2237 ὑπηρέται

1035 2245 1161 2280 τρέχουσι
1178 2244 1222 2271 διὰ
1234 2245 1296 2276 τοὺς
1313 2244 1460 2280 μέλλοντας
1482 2244 1661 2281 κληρονομεῖν
1678 2247 1826 2282 σωτηρίαν.

1036 2291 1175 2326 Κρείττων
1191 2290 1245 2327 ἄρα
1258 2290 1304 2317 τοῦ
1323 2291 1448 2326 Σωτῆρος
1461 2292 1477 2326 ὴ
1490 2291 1611 2318 διακονία
1625 2292 1676 2327 τῆς
1696 2292 1728 2319 δι’
1745 2294 1827 2328 ἀγγέ-

1035 2336 1099 2370 λων,
1115 2337 1223 2372 ὅσῳπερ
1239 2338 1253 2363 6
1268 2337 1317 2372 μὲν
1332 2338 1360 2364 ὲν
1374 2337 1490 2370 τούτοις,
1504 2338 1528 2364 oi
1544 2338 1572 2364 δὲ
1590 2339 1619 2364 ὲν
1640 2338 1765 2371 ὲκείνοις,
1778 2340 1826 2367 Διὰ

1035 2383 1137 2418 ταύτην
1153 2382 1298 2418 τοιγαροῦν
1314 2383 1361 2419 τὴν
1376 2383 1466 2410 αἰτίαν
1480 2384 1494 2410 ὁ
1509 2383 1614 2416 Παῦλος
1627 2385 1676 2416 τὰς
1689 2385 1824 2418 διακονίας

1037 2429 1177 2464 συγκρῖναι
1189 2429 1311 2464 θελήσας,
1328 2430 1416 2464 λέγει·
1436 2440 1444 2456 ‹
1460 2430 1601 2466 Κρείττων
1615 2431 1761 2467 γενόμενος
1772 2432 1823 2459 τῶν

1035 2475 1166 2510 ἀγγέλων,
1183 2476 1261 2502 »Ὅτε
1275 2475 1303 2502 δὲ
1322 2476 1368 2502 ἐπὶ
1388 2476 1437 2512 τὴν
1450 2476 1505 2503 τῶν
1519 2476 1618 2503 οὐσιῶν
1632 2476 1745 2512 ἔρχεται
1760 2478 1822 2512 σύγ-

1034 2531 1134 2558 κρισιν,
1152 2523 1242 2557 λέγει·
1261 2524 1354 2558 «Ὄσῳ
1370 2523 1569 2559 διαφορώτερον
1584 2523 1649 2558 παρ’
1665 2523 1767 2556 αὐτοὺς
1779 2534 1822 2552 κε-

1035 2570 1240 2606 κληρονόμηκεν
1256 2569 1351 2606 ὄνομα.
1365 2579 1373 2595 ι
1386 2569 1494 2603 Οὐκέτι,
1506 2571 1658 2604 κρεῖττον,
1672 2572 1751 2603 ἀλλὰ,
1761 2572 1820 2598 δια-

1035 2615 1212 2651 φορώτερον,
1229 2615 1242 2642 ὃ
1265 2615 1296 2644 δὴ
1321 2615 1369 2642 καὶ
1389 2615 1488 2651 πολλὴν
1505 2617 1626 2653 εἰσφέρει
1643 2618 1693 2655 τὴν
1710 2618 1820 2651 ἐξαλλα-

1035 2664 1097 2699 γήνμ

1035 2836 1045 2852 ⁸
1057 2835 1138 2863 Hebr.
1151 2842 1172 2867 ι,
1182 2832 1208 2859 4.
1252 2831 1262 2847 ⁹
1275 2830 1341 2858 ibid.
1355 2830 1382 2857 5.
1424 2830 1445 2846 "
1457 2829 1526 2857 Psal.
1539 2837 1594 2862 ctx,
1607 2829 1632 2856 1.
1672 2828 1692 2844 ¹¹
1704 2829 1784 2857 Hebr.
1798 2836 1816 2863 ι.
