1911 3027
92 118 153 148 3w

92 181 268 216 Παράθεσις
287 182 403 216 ῥητῶν,
422 182 486 217 περὶ
508 182 736 217 ἀνθρωπότητος
754 183 894 217 Χριστοῦ,

134 218 182 244 καὶ
201 219 296 254 λύσις
317 218 431 254 ἑφεξῆς
453 220 496 254 εἰς
514 218 559 250 τὸ,
578 227 586 244 ι
603 218 739 251 Τοσούτῳ
753 219 896 254 κρείττων

133 253 298 287 γενόμενος
316 253 378 280 τῶν
396 253 539 289 ἀγγέλων.
555 262 563 279 ι

135 310 195 336 Ὅτι
210 310 243 336 τὸ
260 319 269 334 ί
284 309 418 345 κρείττων
434 319 443 335 ›
467 309 561 337 ἐνθάδε
585 308 738 344 τιθέμενον,
757 309 811 336 τῶν
837 310 895 337 δια-

94 355 215 382 aaut.)qu
231 355 357 391 εἰσφέρει
374 355 423 390 τὴν
432 354 586 390 σύγκρισιν,
602 355 774 390 γνωσόμεθα,
786 354 893 381 Παύλου

94 402 242 435 λέγοντος·
262 410 271 427 ι
289 401 320 427 El
347 400 401 436 γὰρ
426 401 441 427 6
462 400 496 427 δι’
512 400 636 434 ἀγγέλων
659 400 782 436 λαληθεὶς
805 401 893 435 λόγος,

97 447 208 482 ἐγένετο
225 446 348 482 βέϐαιος,
365 448 413 474 καὶ
435 448 512 473 πᾶσα
531 446 688 482 παράϐασις
704 446 751 473 καὶ
766 446 893 482 παρακοὴ

96 494 193 521 ἔλαϐεν
204 494 311 520 ἔνδικον
320 493 542 529 μισθαποδοσίαν,
552 493 610 524 πῶς
620 493 699 528 ἡμεῖς
707 493 894 528 ἐκφευξόμεθα

96 540 225 575 τοιαύτης
239 540 429 576 ἀμελήσαντες
440 539 592 575 σωτηρίας,
606 539 667 574 ἥτις
676 539 765 575 ἀρχὴν
774 538 893 566 λαϐοῦσα

97 586 237 614 λαλεῖσθαι
264 586 310 613 διὰ
329 586 378 613 τοῦ
395 585 509 622 Κυρίου,
522 585 575 612 ὑπὸ
589 585 643 613 τῶν
658 585 833 613 ἀκουσάντων
853 586 894 618 είς

98 633 169 668 ἡμᾶς
182 632 351 666 ὲδεῦαιώθη;
368 642 378 658 ι
397 632 452 659 Καὶ
462 631 544 659 πάλιν
553 639 561 647 ·
579 641 588 657 ι
599 631 747 666 ’Δϐετήσας
757 640 799 663 τις
811 632 893 668 νόμον

98 679 229 712 Μωσέως,
238 679 326 714 χωρὶς
338 678 488 714 οἰκτιρμῶν
497 678 542 705 ἐπὶ
554 677 630 704 δυσὶν
645 677 660 713 ἢ
672 677 745 713 τρισὶ
759 678 892 713 μάρτυσιν

98 728 282 763 ἀποθνήσκει.
297 727 378 763 Πόσῳ
397 727 500 753 δοκεῖτε
515 726 636 762 χείρονος
652 726 835 762 ἀξιωθήσεται
849 735 892 753 τι-

97 774 204 809 μωρίας
219 775 234 801 6
248 773 296 800 τὸν
310 773 375 800 Υίδν
388 773 435 799 τοῦ
452 772 518 799 θεοῦ
534 773 750 807 καταπατήσα;;
766 782 776 799 ι
794 773 892 800 Καίτοι

95 820 120 846 εἰ
143 819 189 846 διὰ
216 819 248 846 τδ
273 819 418 854 κρείττονα
433 818 559 853 λέγεσθαι
580 817 634 845 τῶν
653 818 777 852 ἀγγέλων
798 819 889 850 αὐτὸν.

94 863 167 892 εἶναι
178 865 222 892 δεῖ
233 865 346 896 πάντως
369 864 459 896 αὐτοῖς
472 864 520 891 καὶ
533 863 641 899 ὁμοφυῆ
658 863 697 899 (αἱ
709 864 763 900 γὰρ
779 865 893 900 συγκρί-

95 920 152 943 σεις
161 911 210 938 ἐπὶ
217 911 274 937 τῶν
287 910 413 946 ἀλλήλοις
421 910 620 947 προσεοικότων
630 910 736 944 φιλοῦσι
745 910 892 946 γίνεσθαι),

93 957 119 984 τί
135 957 241 992 μᾶλλον
257 956 312 984 ἔδει
330 956 452 992 χείρονος
471 954 612 988 ἀξιοῦσθαι
629 955 765 991 τιμωρίας
781 955 826 982 τὸν
844 965 894 982 και

93 1003 272 1030 ταπατοῦντα
298 1003 345 1030 τὸν
366 1002 440 1034 Υἱὸν,
456 1002 487 1028 οὔ
511 1002 640 1037 τοιαύτης
666 1002 827 1037 μετέχοντος
847 1002 893 1029 τοῦ

94 1049 322 1082 καταπατοῦντος
345 1049 408 1080 τοὺς
431 1048 564 1083 ἀγγέλους
583 1048 627 1075 διὰ
647 1048 696 1083 τῆς
711 1047 894 1084 παραϐάσεως

92 1095 140 1122 τοῦ
153 1095 322 1130 λαληθέντος
334 1093 460 1129 νόμουζδι¹
470 1092 576 1127 αὑτῶν;
591 1093 620 1119 '0
630 1093 684 1128 γὰρ
694 1093 734 1125 εἰς
744 1094 806 1125 τοὺς
819 1093 895 1125 ἴσους

94 1143 141 1169 καὶ
157 1141 296 1176 ὁμοειδεῖς
313 1139 473 1176 ἐξυϐρίζων,
487 1141 537 1175 τῆς
555 1139 641 1175 αὐτῆς
658 1139 691 1166 ἂν
704 1140 817 1171 εἰκότως
831 1149 895 1175 μετ-

93 1188 151 1222 έχοι
166 1186 319 1222 τιμωρίας,
335 1186 382 1213 καὶ
397 1182 427 1213 οὔ
442 1185 497 1212 τῶν
512 1185 698 1221 ἀδικουμένων
710 1186 759 1212 οὐκ
772 1185 830 1212 ἔστι
840 1186 894 1212 δια-

94 1232 175 1268 φορὰ,
183 1232 232 1258 καὶ
247 1232 302 1258 τῶν
318 1232 455 1259 κολάσεων
469 1232 597 1267 ὁμοιότης
604 1231 722 1265 εὐλόγως
730 1231 763 1258 ἂν
775 1232 892 1266 γένοιτο.

93 1279 162 1305 Νυνὶ
183 1277 213 1304 δὲ
235 1278 251 1304 6
268 1277 319 1313 μὲν
340 1278 380 1309 εἰς
403 1277 448 1304 τὸν
464 1277 528 1303 Υίὸν
549 1276 756 1312 ἐξαμαρτάνων,
773 1276 895 1312 χείρονος

93 1323 281 1359 ἀξιωθήσεται
296 1323 433 1359 τιμωρίας
444 1331 450 1338 ’
465 1323 480 1350 ό
493 1323 520 1350 δὲ
535 1323 576 1354 εἰς
586 1322 631 1349 τὺν
647 1323 693 1349 ὑπ’
706 1323 830 1357 ἀγγέλων
846 1323 895 1350 λα-

94 1369 215 1404 ληθέντα
245 1369 337 1403 νόμον,
353 1368 502 1398 ἐλάττονος.
519 1367 575 1402 Οὐχ
600 1367 734 1403 ὁμογενὴς
760 1367 814 1403 ἄρα
839 1369 895 1399 τοῖς

94 1414 224 1450 ἀγγέλοις
238 1415 356 1448 ἐκεῖνος,
369 1415 409 1447 είς
427 1415 457 1441 ὃν
473 1414 520 1441 καὶ
539 1412 630 1449 μεῖζόν
644 1415 703 1440 ἔστι
724 1414 754 1441 τὸ
770 1414 895 1450 ἁμαρτά-

92 1469 148 1489 νειν
158 1469 166 1476 ⁸
180 1461 228 1488 καὶ
243 1461 276 1488 τὸ
292 1461 428 1496 τιμωρίας
446 1459 556 1495 μέτρον,
573 1458 712 1494 ἀναλόγως
727 1461 760 1495 τῇ
774 1460 893 1496 ὑπεροχῇ

93 1507 139 1536 τοῦ
158 1507 332 1543 πατηθέντος
344 1507 492 1534 ὲκτίνεται.

444 1653 547 1680 ΔΛΛΟ.

237 1710 289 1742 Ὠς
307 1709 342 1741 ἐξ
361 1709 542 1743 ἀντιθέσεως
559 1711 604 1742 εὶς
622 1709 657 1735 τὸ
676 1709 759 1736 αὑτό.

824 1694 840 1705 ο

128 1767 272 1801 Χείρονος,
289 1766 381 1800 φασὶν.
400 1765 523 1797 ἀξιοῦται
548 1765 684 1800 τιμωρίας
705 1766 719 1790 6
742 1763 894 1799 ἐξαμαρτά-

95 1820 146 1839 νων
162 1812 203 1843 είς
217 1811 266 1837 τὸν
279 1811 354 1843 Υἱὸν,
369 1811 406 1842 ὡς
421 1811 461 1842 είς
479 1810 591 1845 μείζονα
602 1810 656 1836 τῶν
669 1809 894 1844 ἀγγέλων.Τοῦτο

95 1857 122 1884 δὲ
133 1857 216 1883 αὺτδν
226 1856 259 1883 οὐ
271 1857 380 1887 πάντως
391 1855 443 1888 ἔξω
452 1856 503 1891 τῆς
515 1856 582 1892 πρὸς
593 1856 726 1891 ἀγγέλους
736 1855 895 1892 ὀμογενείας

96 1903 225 1937 γενέσθαι
239 1903 323 1930 ποιεῖ.
333 1901 486 1936 ’Δναλύγως
505 1902 559 1938 γὰρ
572 1903 606 1938 τῇ
623 1902 729 1937 ἑκάστῳ
741 1910 895 1937 χρεωστου-

98 1949 166 1984 μένῃ
182 1949 252 1984 τιμῇ
264 1947 312 1975 καὶ
324 1948 341 1983 ἡ
354 1948 394 1979 είς
404 1947 484 1974 αὐτὸν
497 1947 576 1983 ὕϐρις
588 1948 772 1982 ἐκμετρεῖται.
782 1946 893 1983 Ἐπειδὴ

95 1995 185 2021 τοίνυν
211 1995 347 2029 κρείττων
372 1994 469 2029 γέγονε
495 1993 551 2020 τῶν
575 1994 699 2028 ἀγγέλων
713 1995 727 2020 6
745 1993 819 2026 Υιὺς,
837 1994 894 2029 ἔχει

98 2041 257 2078 βαρυτέρως
268 2041 319 2076 τὴν
334 2040 471 2076 τιμωρίαν
484 2041 498 2067 6
513 2041 553 2072 ιίς
569 2040 651 2066 αὑτὸν
667 2040 875 2075 ἐξαμαρτάνων.

216 2098 297 2132 Πρὸς
318 2097 411 2125 ταῦτα
431 2097 521 2130 λύσις
541 2097 575 2124 ἐκ
595 2096 648 2124 τοῦ
669 2097 773 2124 αὑτοῦ.

136 2155 238 2190 Ἐχρῆν
254 2151 302 2182 οὖν
316 2153 363 2181 ἐπὶ
382 2155 415 2189 τῇ
441 2153 595 2188 παραὸάσει
618 2153 672 2180 τῶν
684 2154 802 2189 νομικῶν
819 2153 894 2180 ἐντο-

96 2199 160 2232 λῶν,
181 2199 219 2236 μὴ
233 2199 374 2234 ἀναλόγως
388 2200 445 2229 τοῖς
460 2199 677 2234 πλημμελήμασι
691 2198 740 2231 τὰς
758 2199 894 2235 τιμωρίας

96 2245 247 2282 ὁρίζεσθαι,
264 2245 333 2281 μηδὲ
350 2244 459 2276 πάντως
481 2243 519 2279 τῷ
547 2243 658 2280 μεγέθει
684 2244 734 2280 τῆς
757 2245 894 2281 ἁμαρτίας

98 2292 316 2329 συμμετρεῖσθαι
337 2291 386 2327 τὴν
410 2291 532 2322 κόλασιν,
548 2290 615 2318 ἀλλὰ
636 2290 737 2326 μᾶλλον
757 2291 895 2326 ὁρίζεσθαι

98 2339 165 2376 πρὸς
177 2339 229 2375 τὴν
242 2338 323 2372 ἀξίαν
334 2337 382 2364 τοῦ
395 2337 607 2374 διακονήσαντος
625 2337 709 2372 αὐτὴν
721 2337 848 2372 ἀγγέλου.
862 2337 894 2364 Εί

97 2385 214 2413 Βὲτοῧτο
234 2385 284 2420 μὲν
301 2385 350 2420 οὐχ
369 2384 479 2420 ὁρῶμεν
492 2383 648 2419 γενόμενον,
668 2381 708 2416 εἷς
728 2383 756 2410 δὲ
772 2384 786 2410 6
800 2383 893 2419 νόμος,

97 2433 202 2460 πολλῶν
218 2432 305 2458 ὄντων
317 2431 454 2466 ἀγγέλων,
468 2430 515 2458 καὶ
527 2430 571 2457 διὰ
585 2429 640 2456 τῶν
653 2429 743 2456 αὐτῶν
755 2429 894 2465 τιμωριῶν

97 2478 185 2514 τρέχει
198 2478 234 2505 τὰ
246 2478 435 2514 ἁμαρτήματα
443 2485 450 2492 ·
461 2477 511 2503 οὐκ
522 2476 577 2513 ἄρα
586 2475 686 2511 ἀληθὲς
696 2476 726 2503 τὸ
737 2476 892 2512 λεγόμενον,

97 2525 136 2552 ὅτι
157 2525 283 2561 χείρονος
307 2523 489 2559 ἀξιωθήσεται
514 2523 651 2560 τιμωρίας
676 2525 689 2550 ό
712 2523 752 2555 εἰς
768 2524 813 2550 τὸν
830 2520 894 2550 Υίὸν

99 2571 305 2607 ἐξαμαρτάνων,
321 2570 361 2602 ὡς
384 2571 424 2601 εἰς
448 2570 591 2605 κρείττονα
605 2569 660 2597 τῶν
675 2569 809 2604 ἀγγέλων,
829 2569 894 2596 ἀλλ’

98 2617 134 2648 ὡς
155 2617 196 2649 είς
221 2617 359 2652 ἕτεροςυᾶ
382 2616 429 2643 καὶ
449 2616 517 2643 πολὺ
535 2616 771 2652 παρηλλαγμένον.
787 2616 819 2642 Ol
843 2615 893 2651 μὲν

99 2663 149 2699 γάρ
159 2663 281 2698 γενητοὶ,
293 2663 309 2689 6
322 2662 350 2689 δὲ
364 2662 430 2695 Θεὸς
445 2661 582 2698 ἀληθινὸς,
599 2662 629 2689 οὺ
643 2662 697 2689 τῶν
710 2661 830 2697 γενητῶν
841 2658 891 2694 εἷς,

101 2709 155 2737 οὐδὲ
166 2710 238 2746 πρὸς
254 2709 327 2737 αὺτά
341 2708 390 2746 τὴν
407 2709 551 2745 σύγκρισιν
567 2709 650 2745 ἔχων·
667 2708 723 2735 ἀλλ’
737 2709 847 2744 ὅσῳπερ
860 2707 893 2735 ἂν

102 2755 177 2788 αὐτὸς
195 2755 411 2792 ἀξιολογώτερος
427 2756 560 2791 φαίνεται,
578 2756 698 2791 τοσούτῳ
722 2755 824 2791 μείζονι
846 2755 894 2782 καὶ

133 2845 152 2865 “
166 2844 249 2874 Hebr.
269 2854 302 2877 tt.
318 2846 347 2876 2.
367 2846 394 2874 5.
434 2847 455 2862 ιδ
470 2845 554 2883 Hebr,
572 2855 597 2877 ι.
612 2846 657 2874 28.
671 2846 714 2875 29.

810 121 1036 152 THESAURUS.

1688 133 1739 161 350

911 184 1088 219 AAppendix
1111 185 1241 223 dictorum
1271 185 1494 223 dedlnmmnitate
1522 187 1639 223 Christi,-
1671 198 1743 223 pm-

985 220 1177 258 terea__wlutio
1204 221 1260 255 ejus
1290 221 1353 248 dicti
1371 229 1379 248 :
1399 230 1408 247 ι
1426 221 1511 249 Tanto
1535 220 1634 250 ηιρίιὶηέ
1653 220 1740 258 factus

984 255 1094 290 angelis.
1111 265 1122 282 ι

983 309 1060 343 Quod
1083 318 1134 339 vox
1157 320 1165 337 ι
1185 311 1291 343 melior,
1312 321 1321 337 ι
1335 319 1368 339 eo
1383 311 1443 339 loco
1456 314 1553 347 posita,
1570 314 1742 342 administra-

949 356 1051 384 tionum
1078 358 1307 391 cotnparationem
1332 358 1475 392 significet,
1498 359 1680 394 intelligemus
1707 368 1740 388 ex

948 403 1031 430 Paulo
1051 403 1179 431 dicente:
1199 412 1209 429 ι
1229 402 1256 430 Si
1275 405 1347 431 enim
1372 406 1417 440 qui
1443 413 1490 440 per
1515 406 1625 440 angelos
1650 406 1741 434 dictus

948 451 990 474 est
1004 455 1107 480 sermo,
1130 447 1217 476 factus
1237 453 1281 476 est
1297 449 1401 482 firmus,
1417 455 1443 477 et
1467 451 1489 478 si
1504 451 1592 478 omnis
1609 453 1740 486 prmvari-

948 495 1019 521 cutio
1033 500 1060 521 et
1079 495 1262 523 inobedientia
1285 497 1390 531 accepit
1405 497 1508 532 jttstatn
1528 498 1736 525 retributionem

948 540 1091 573 mercedis,
1109 542 1247 576 quomodo
1266 549 1316 570 nos
1337 541 1508 578 eﬂ‘ugiemus,
1527 543 1548 570 si
1567 547 1670 570 tantam
1691 551 1739 571 ne-

947 586 1110 621 glexerimus
1132 587 1247 615 salutem
1281 596 1352 623 quae,
1373 596 1434 616 eum
1461 589 1568 616 initium
1592 589 1741 625 accepisset

947 632 1068 659 enarrari
1091 640 1139 667 per
1164 633 1319 668 Dominum,
1346 635 1381 662 ab
1403 635 1443 662 eis
1463 635 1509 670 qui
1534 634 1690 668 audierunt,
1712 635 1740 662 in

947 684 996 704 nos
1019 677 1178 704 conﬁrmata
1195 682 1236 705 est
1249 678 1292 706 ‘3?
1308 688 1317 704 ι
1340 679 1373 706 Ει
1390 687 1505 707 rursus:
1523 689 1533 706 ι
1550 679 1656 708 lrritam
1679 680 1741 714 quis

947 722 1050 749 faciens
1070 723 1155 757 legem
1174 722 1253 757 Mosi,
1281 724 1340 751 sine
1366 725 1417 751 ulla
1436 725 1612 753 miseratione
1629 726 1654 752 in
1671 725 1738 752 duo-

947 769 996 796 bus
1019 774 1066 796 aut
1082 770 1167 798 tribus
1188 770 1302 798 testibus
1319 771 1445 798 moritur.
1460 771 1567 804 Quanto
1588 771 1674 805 magis
1691 778 1740 805 pu-

948 816 1011 842 tatis
1034 823 1094 842 eum
1122 816 1245 851 graviora
1273 817 1372 844 mereri
1397 817 1543 852 supplicia,
1571 817 1617 851 qui
1640 816 1738 845 Filium

912 870 930 896 ι]
948 861 992 889 Dei
1010 861 1263 889 conculcaverit“?
1279 871 1289 888 ι
1317 862 1398 896 Atqui
1423 862 1457 894 si,
1474 861 1538 896 quia
1560 862 1618 895 ipse
1642 861 1740 888 dicitur

906 902 911 905 ⁸
947 907 1042 934 melior
1063 907 1176 942 angelis,
1199 908 1385 935 necessarium
1408 907 1487 941 plane
1502 912 1544 934 est
1562 908 1644 935 etiam
1667 907 1740 941 ejus-

945 953 1005 980 dem
1031 961 1091 980 cum
1117 953 1184 988 ipsis
1207 958 1311 981 natura:
1339 961 1400 980 esse
1416 953 1646 988 (comparationes
1667 953 1740 980 enim

945 999 1016 1027 inter
1032 1006 1074 1026 res
1094 999 1214 1033 sibiipsis
1236 999 1339 1027 similes
1354 1000 1410 1027 ﬁeri
1425 999 1537 1035 solent),
1556 1007 1606 1027 cur
1617 1000 1742 1033 graviore

945 1046 1078 1081 supplicio
1093 1045 1163 1073 allici
1187 1046 1309 1081 oportuit
1332 1054 1392 1073 eum
1410 1048 1455 1081 qui
1474 1046 1572 1073 Filium
1596 1046 1740 1074 conculca-

946 1093 1024 1125 t'et'it,
1041 1100 1101 1120 eum
1117 1092 1203 1120 levius
1219 1092 1380 1127 supplicium
1398 1098 1556 1120 mereantur
1567 1093 1612 1127 qui
1628 1091 1741 1128 angelos

945 1139 1178 1172 conculcaverint,
1203 1139 1422 1174 transgressione
1438 1138 1505 1172 legis
1521 1147 1569 1173 per
1586 1139 1661 1174 ipsos
1676 1146 1740 1174 pro-

946 1184 1099 1213 nuntiata?
1110 1184 1176 1211 Nam
1190 1185 1234 1219 qui
1246 1184 1364 1219 aequales
1373 1185 1551 1220 ejusdemque
1563 1184 1664 1219 speciei
1677 1191 1741 1212 con-

947 1230 1057 1257 tumelia
1081 1229 1175 1263 adicit,
1200 1230 1299 1258 merito
1314 1231 1439 1258 eamdem
1457 1238 1565 1266 pcenam
1583 1235 1740 1258 mereatur:

945 1282 1063 1310 eumque
1089 1283 1184 1303 eorum
1216 1275 1262 1310 qui
1286 1276 1384 1311 injuria
1405 1276 1494 1304 allecti
1513 1281 1579 1304 sunt
1606 1276 1677 1304 nulla
1708 1276 1742 1303 sit

946 1320 1112 1355 diderentia,
1131 1321 1265 1356 supplicia
1282 1330 1391 1357 quoque
1405 1323 1519 1358 :rqualia
1543 1330 1603 1350 esse
1620 1327 1741 1357 oportet.

945 1366 1079 1395 Caeterum
1097 1367 1143 1402 qui
1158 1367 1185 1395 in
1206 1368 1305 1395 Filium
1330 1369 1475 1404 delinquit,
1493 1369 1620 1404 graviore
1635 1367 1740 1403 suppli—

945 1413 987 1440 cio
1001 1412 1135 1447 allicilur;
1151 1413 1195 1448 qui
1219 1421 1284 1441 vero
1302 1413 1328 1441 in
1347 1413 1433 1450 legem
1452 1414 1486 1441 ab
1501 1414 1605 1448 angelis
1621 1421 1741 1449 pronun-

947 1459 1050 1491 tiatam,
1075 1459 1186 1486 leviore.
1208 1458 1266 1486 Non
1289 1464 1331 1487 est
1351 1460 1431 1494 igitur
1447 1459 1531 1487 Filius
1555 1459 1676 1494 ejusdem
1693 1467 1741 1494 εον-

947 1505 1021 1532 neris
1042 1512 1103 1532 cum
1122 1505 1234 1539 angelis,
1258 1513 1319 1533 cum
1334 1506 1445 1540 gravius
1463 1506 1497 1533 sit
1520 1505 1649 1533 delictum
1670 1506 1741 1540 quod

905 1550 926 1580 α
944 1549 971 1576 in
988 1549 1062 1576 illum
1087 1550 1268 1576 conttnitlitur
1283 1557 1363 1584 quam
1380 1551 1452 1585 quod
1472 1551 1498 1578 in
1515 1550 1578 1583 llos,
1593 1555 1619 1577 et
1638 1549 1741 1586 suppli-

946 1595 1018 1623 cium
1037 1596 1272 1630 proportionatum
1290 1596 1418 1631 gravitati
1434 1596 1525 1624 delicti
1542 1597 1688 1632 irrogetur.

1281 1662 1400 1689 ALIUD.

1065 1716 1107 1744 Ea:
1122 1717 1269 1752 objectione
1284 1718 1469 1746 hereticorum
1490 1719 1519 1746 in
1533 1719 1615 1746 idem.

978 1773 1105 1806 Gravius,
1131 1774 1270 1809 inquiunt,
1295 1776 1406 1810 punitur
1426 1776 1470 1809 qui
1495 1777 1629 1812 delinquit
1647 1776 1673 1803 in
1695 1775 1741 1803 Fi-

945 1819 1022 1853 lium,
1037 1821 1226 1851 ut.maximom
1242 1823 1412 1857 angelorum.
1425 1823 1559 1850 Caeterum
1572 1831 1625 1850 non
1640 1823 1742 1851 idcirco

945 1865 1045 1893 desinit
1060 1873 1123 1894 esse
1145 1867 1267 1902 ejusdem
1284 1870 1391 1903 generis
1410 1877 1469 1896 cum
1488 1869 1601 1904 angelis.
1618 1869 1686 1897 Nam
1708 1877 1741 1897 ex

945 1910 1050 1937 honore
1078 1911 1124 1945 qui
1143 1912 1258 1946 singulis
1280 1913 1402 1946 debetur,
1427 1915 1591 1941 contumelia
1611 1915 1692 1941 etiam
1714 1915 1738 1941 ei

945 1955 1026 1983 allata
1041 1958 1202 1985 aestimatur.
1217 1958 1284 1986 Cum
1299 1959 1383 1994 igitur
1400 1960 1487 1988 iactus
1501 1961 1535 1987 sit
1547 1961 1631 1987 Filius
1643 1960 1740 1988 melior

945 2003 1058 2036 angelis,
1074 2003 1156 2039 207
1170 2005 1280 2038 gravius
1301 2013 1409 2040 quoque
1435 2007 1597 2042 supplicium
1621 2008 1739 2035 sumitur

945 2048 979 2076 de
990 2055 1024 2076 eo
1039 2049 1084 2083 qui
1100 2049 1125 2076 in
1143 2050 1229 2084 ipsum
1245 2056 1350 2085 peccat.

1118 2104 1223 2132 Salutio
1245 2106 1398 2141 objectionis
1412 2115 1444 2134 ex
1461 2109 1562 2134 eodem.

980 2161 1105 2195 Oportnit
1128 2161 1219 2196 itaque
1238 2162 1263 2188 in
1290 2164 1507 2198 transgressione
1522 2163 1648 2198 legalium
1668 2172 1738 2198 prae-

910 2228 933 2257 D
946 2212 1086 2241 ccptorum
1113 2215 1164 2235 non
1184 2208 1300 2242 irrogari
1321 2215 1416 2242 pmnas
1441 2209 1547 2238 delictis
1564 2211 1739 2246 proportione

947 2254 1163 2289 respondentes;
1188 2262 1276 2289 neque
1301 2255 1412 2282 omnino
1437 2256 1598 2291 supplicium
1627 2261 1739 2291 peccata

946 2300 1175 2332 commensurari,
1193 2300 1240 2327 sed
1261 2300 1350 2336 potius
1374 2308 1422 2335 pro
1437 2301 1567 2335 dignitate
1589 2302 1675 2336 angeli
1702 2301 1739 2328 le-

945 2353 1005 2380 gem
1022 2346 1238 2374 administrantis
1258 2347 1308 2374 hoc
1321 2346 1446 2374 deﬁnire.
1463 2346 1498 2374 At
1511 2354 1575 2374 vero
1591 2347 1613 2374 si
1631 2355 1681 2374 non
1703 2348 1738 2374 ita

944 2391 1046 2419 factum
1061 2400 1120 2420 esse
1135 2393 1273 2420 cernimus
1288 2402 1294 2420 :
1311 2401 1362 2420 una
1380 2397 1470 2420 autem
1486 2397 1528 2421 est
1543 2393 1597 2426 lex,
1613 2401 1673 2420 cum
1690 2402 1739 2420 an-

944 2439 995 2474 geli
1012 2438 1066 2466 sint
1084 2439 1172 2471 multi,
1188 2444 1268 2473 atque
1282 2439 1376 2467 iisdem
1391 2441 1478 2474 pmnis
1493 2445 1603 2475 peccata
1622 2440 1739 2475 puniun-

948 2489 1013 2512 tur:
1031 2492 1083 2512 non
1111 2490 1152 2513 est
1179 2486 1261 2520 igitur
1279 2495 1370 2514 verum
1395 2487 1459 2514 illud
1483 2488 1595 2518 dictum,
1614 2487 1740 2521 graviore

947 2531 1079 2567 supplicio
1094 2531 1205 2566 dignum
1229 2540 1290 2560 esse
1312 2533 1355 2568 qui
1372 2534 1398 2560 in
1416 2533 1514 2561 Filium
1535 2533 1690 2568 deliquerit,
1709 2538 1738 2560 ut

947 2576 973 2603 in
997 2576 1144 2604 maximum
1162 2577 1330 2612 angelorum,
1349 2579 1396 2605 sed
1413 2585 1442 2605 ut
1459 2579 1486 2606 in
1509 2587 1542 2606 eo
1558 2580 1602 2613 qui
1625 2579 1740 2607 alterius

947 2625 1049 2649 natum
1074 2622 1206 2657 sitquam
1229 2623 1329 2657 angeli.
1359 2624 1527 2658 tnultumque
1550 2624 1636 2651 alneis
1660 2624 1736 2651 dilic-

946 2671 1000 2695 rat.
1027 2667 1095 2695 Natn
1119 2668 1208 2704 angeli
1235 2669 1319 2697 creati
1344 2674 1426 2702 sunt,
1442 2670 1527 2697 Filius
1542 2675 1632 2698 autem
1656 2678 1738 2697 verus

947 2712 1028 2747 Deus,
1045 2721 1098 2741 non
1114 2722 1183 2742 unus
1200 2722 1233 2743 ex
1248 2715 1357 2749 creatis,
1378 2723 1467 2750 neque
1483 2715 1628 2751 quidquam
1646 2716 1736 2743 simile

947 2764 1009 2785 cum
1024 2757 1064 2786 eis
1078 2757 1180 2788 habens
1194 2769 1200 2794 ;
1217 2759 1264 2787 sed
1281 2765 1384 2795 quanto
1397 2759 1455 2794 ipse
1471 2763 1513 2791 est
1526 2760 1632 2796 dignior
1651 2765 1734 2795 atquo
