1911 3027
193 148 243 177 351

533 201 614 229 ALIU
619 201 649 228 Ι).

231 262 387 291 Servatoris
409 260 493 288 nostri
513 259 539 286 in
556 259 655 287 coelum
680 254 891 290 assumptionem
915 252 991 281 Psal-

195 309 275 336 mista
291 307 433 336 declarans
444 312 491 340 per
503 304 645 340 Spiritum,
664 301 700 329 ita
714 302 752 328 ait
767 308 775 329 :
789 309 801 326 ι
817 299 915 326 Tollite
933 305 991 333 por»

196 351 403 389 ‘as,principes,
414 355 528 381 vestras,
540 352 566 377 et
576 346 729 378 elevamini,
743 350 828 381 portte
836 344 989 377 aeternaies,

195 405 222 427 et
235 399 359 427 introibit
372 405 420 425 rex
442 395 535 432 gloriae
548 395 580 421 δ’.
598 403 608 420 ›
630 393 681 420 Hie
696 393 768 420 enim
787 391 889 418 sanctis
905 390 989 418 cario-

197 453 256 473 rnm
283 443 428 471 virtutibus
456 441 574 476 Spiritus
605 439 740 472 imperat,
768 442 797 464 ut
828 435 990 472 ingredienti

195 492 302 518 Christo
320 493 411 524 portas
428 487 562 522 aperiant.
586 484 666 519 Atqui
681 488 740 511 erat
755 483 836 511 etiam
860 488 922 510 ante
945 489 989 509 as-

196 536 379 570 sumptioitem
411 533 482 561 intra
509 537 614 567 portas,
643 535 670 559 et
692 530 719 558 in
743 529 839 562 caelis,
864 533 893 557 ut
907 528 990 556 Dens.

199 583 280 618 196
296 581 364 615 Quid
380 580 464 615 igitur
473 586 542 614 opus
559 577 609 605 fuit
623 576 757 612 ejusmodi
781 575 910 604 mandato
929 574 990 610 Spi-

197 628 286 655 ritus?
300 627 354 654 Aut
365 625 500 661 quomodo
515 624 561 660 qui
583 624 655 651 intus
677 627 730 655 est,
748 622 860 649 introire
871 618 991 648 dicitur?

197 672 431 707 Quemadmodum
459 670 543 706 igitur
563 677 616 697 non
633 673 767 704 quatenus
780 671 821 694 est
842 666 923 698 Deus,
943 666 989 693 sed

195 723 330 752 quatenus
348 717 439 749 homo,
466 719 577 750 propter
598 721 647 742 nos
671 718 699 741 ct
721 720 773 747 pro
796 712 874 740 nobis
896 716 991 747 portas

195 763 325 790 malorum
343 761 503 796 ingreditur,
521 768 569 787 nos
588 759 614 786 in
629 766 676 787 cas
693 766 741 794 per
755 766 784 786 se
803 757 989 789 introducens,

194 815 309 843 eamque
332 811 442 843 propter
465 814 514 834 nos
537 807 607 834 viam
632 804 795 833 instauravit
820 814 826 832 :
846 804 881 831 ita
906 803 989 831 etiam

196 861 255 882 cum
272 854 309 881 sit
326 853 484 885 altissimus,
502 853 639 879 exaltatnr
650 856 761 886 propter
776 857 836 882 nos,
853 854 882 877 ut
897 850 989 882 homo,

196 904 225 927 ut
250 907 298 928 nos
322 899 473 928 exaltemur
500 899 526 926 in
550 899 608 934 ipso
636 902 759 934 gestante
783 896 990 924 similitudinem

197 947 296 980 nostri,
315 951 398 981 utque
425 946 461 973 ita
492 945 652 973 reformaret
683 951 732 971 nos
757 943 783 970 in
808 943 928 978 seipsum
956 941 990 969 ad

195 993 342 1028 imaginem
351 992 500 1026 Creatoris,
512 992 664 1019 instaurans
674 994 810 1023 naturam,
821 989 992 1024 pristinoqtte

195 1040 276 1066 stnlui
293 1039 452 1067 restituens.

195 1139 386 1167 Annotationu
404 1139 503 1173 aliquot
527 1138 559 1164 de
584 1138 771 1165 incarnatione
795 1136 990 1173 eodemhmrti-

231 1180 330 1202 nentes.
353 1173 385 1201 In
407 1170 484 1206 illud,
502 1182 512 1199 ι
529 1173 607 1200 Dedit
627 1173 678 1206 illi,
698 1183 708 1199 ι
727 1178 792 1203 etc..
813 1177 836 1199 et
865 1180 874 1198 ι
892 1170 991 1206 Super-

229 1210 353 1237 ezaltavit
365 1209 462 1240 ipsum,
479 1205 489 1235 ι
508 1207 612 1243 aliaque
625 1208 756 1243 ejusmodi
769 1216 827 1243 qua:
841 1207 873 1234 de
884 1205 990 1233 Christo

231 1245 354 1272 dicuntur
370 1244 403 1271 ".

237 1300 356 1328 Verbum
371 1300 416 1328 Dei
426 1307 534 1336 semper
543 1304 584 1328 est
597 1299 758 1327 altissimum
773 1303 802 1327 ut
819 1298 900 1332 Dens;
915 1298 990 1326 exal—

195 1351 269 1374 tatur
287 1352 376 1374 autem
393 1351 422 1373 ut.
438 1346 518 1373 homo
535 1354 542 1373 :
561 1352 677 1380 cumque
694 1345 730 1372 sit
753 1344 852 1372 nullius
871 1343 989 1378 indigus,

195 1399 225 1420 ιιι
246 1393 328 1426 Deus,
357 1392 457 1420 dicitur
482 1391 618 1426 accipere,
644 1396 674 1418 ut
702 1392 799 1424 homo;
826 1390 991 1417 adorabatur

194 1445 312 1474 semper,
331 1443 358 1465 ut
380 1437 452 1465 Deus
478 1447 485 1464 :
509 1444 582 1464 nunc
607 1437 793 1464 adorationem
819 1436 941 1470 suscipit,
959 1439 990 1462 ut

196 1486 287 1513 homo.
309 1483 338 1512 Si
359 1488 389 1511 nt
411 1484 491 1512 homo
508 1487 632 1510 murtuus
651 1486 703 1515 est,
734 1481 786 1508 hoc
812 1486 901 1508 tamen
922 1479 988 1508 nihil

690 141 720 169 S.
740 112 879 169 C‘YRILLI
900 135 1134 165 ALEXANDRINI
1155 136 1315 165 ARCIIIEI‘.
1781 132 1838 159 552

1382 194 1487 222 ΔΛΛΟ.

1077 252 1130 278 Τοῦ
1149 251 1274 287 Σωτῆρος
1297 250 1376 287 ἡμῶν
1391 249 1441 285 τὴν
1461 250 1500 282 εἰς
1521 249 1652 285 οὐρανοὺς
1666 249 1804 285 ἀνάληψιν
1820 250 1837 276 ό

1041 297 1194 334 Ψαλμῳδὸς
1216 297 1399 334 ἐξηγούμενος
1421 296 1464 324 διὰ
1485 295 1533 323 τοῦ
1557 295 1716 331 Πνεύματος
1740 295 1834 330 λέγει·

1045 356 1054 372 ι
1067 347 1170 382 Ἄρατε
1187 345 1285 378 πύλας,
1303 346 1326 372 οἱ
1342 345 1489 380 ἄρχοντες,
1504 342 1592 379 ὑμῶν,
1610 343 1658 370 καὶ
1677 342 1833 378 ὲπάρθητε,

1042 393 1125 419 πύλαι
1134 392 1248 425 αἰώνιοι,
1256 391 1303 418 καὶ
1314 390 1496 418 εἰσελεύσεται
1505 391 1518 417 ὁ
1527 389 1659 421 Βασιλεὺς
1665 388 1716 423 τῆς
1723 388 1813 422 δόξης.
1821 397 1832 414 ι

1048 438 1181 466 Ἐνταῦθα
1195 438 1250 474 γὰρ
1264 439 1323 470 ταῖς
1337 438 1366 464 ὲν
1380 437 1436 468 τοῖς
1447 436 1572 472 οὐρανοῖς
1583 434 1675 469 ἁγίαις
1685 432 1835 468 δυνάμεσιν

1041 485 1181 512 ἐπιτάττει
1192 483 1223 510 τὺ
1231 483 1342 519 Πνεῦμα
1355 482 1404 515 τὰς
1413 482 1500 514 πύλας
1514 481 1633 516 ἀνοίγειν
1647 479 1834 516 εἰσερχομένῳ

1041 531 1162 568 Χριστῷ.
1171 530 1240 558 Ἀλλ’
1249 528 1282 567 ἧν
1294 530 1341 557 καὶ
1355 529 1409 567 πρὸ
1418 530 1467 565 τῆς
1481 528 1642 564 ἀναλήψεως
1655 528 1721 554 εἵσω
1733 535 1763 553 τε
1779 526 1833 553 τῶν

1041 578 1133 606 πυλῶν
1146 578 1194 606 καὶ
1204 578 1232 604 ιν
1249 578 1305 609 τοῖς
1319 577 1445 612 οὐρανοῖς
1459 576 1496 608 ὼς
1509 575 1585 607 Θεός.
1601 574 1633 602 Τί
1646 572 1692 601 οὖν
1709 574 1763 600 ἔδει
1778 573 1834 600 τῶν

1037 625 1169 652 τοιούτων
1183 622 1230 650 τοῦ
1256 622 1415 659 Πνεύματος
1440 621 1674 658 προσταγμάτων;
1690 621 1726 647 ’Ἡ
1741 620 1800 652 πῶς
1819 619 1835 646 6

1041 670 1114 698 ἔνδον
1129 669 1166 697 ὣν
1190 669 1364 705 εῑσέρχεσθαι
1385 668 1510 702 λέγεται;
1528 667 1632 702 ’Ὠσπερ
1649 664 1695 694 οὖν
1714 666 1744 693 οὔ
1765 665 1834 693 καθδ

1041 717 1106 749 Θεός
1121 717 1205 749 ἐστιν,
1224 715 1293 743 ἀλλὰ
1310 714 1378 742 καθὸ
1392 714 1546 750 ἂνθρωπος,
1564 713 1597 741 δι’
1613 714 1687 749 ἡμᾶς
1702 713 1750 740 καὶ
1762 712 1833 748 ὑπὲρ

1041 760 1120 797 ἡμῶν
1137 761 1186 791 τὰς
1207 760 1261 787 τῶν
1276 759 1398 796 οὐρανῶν
1415 758 1571 794 εἰσέρχεται
1586 757 1673 789 πύλας
1684 777 1691 790 ,
1712 757 1787 791 ἡμᾶς
1803 755 1833 781 ὲν

1041 808 1137 839 αὑταῖς
1161 807 1279 841 εἰσάγων
1305 805 1340 832 δι’
1363 804 1471 836 ἑαυτοῦ,
1502 803 1549 830 καὶ
1573 802 1677 837 ταύτην
1702 801 1735 828 δι’
1760 801 1834 836 ἡμᾶς

1042 853 1194 881 ὲνεκαίνισε
1214 852 1263 888 τὴν
1281 851 1357 878 ὁδόν
1374 850 1446 878 οὕτω
1471 850 1518 876 καὶ
1545 847 1658 882 ὕψιστος
1679 847 1832 882 τυγχάνων,

1043 899 1158 935 ὑψοῦται
1172 899 1206 926 δι’
1220 898 1304 934 ἡμᾶς,
1314 897 1352 930 ὡς
1365 896 1521 933 ἄνθρωπος,
1536 896 1570 922 ἵν’
1586 895 1667 931 ἡμεῖς
1680 892 1833 929 ὑψωθῶμεν

1042 947 1071 972 ὲν
1096 945 1171 981 αὐτῷ
1196 945 1323 981 φοροῦντι
1351 944 1401 980 τὴν
1426 943 1496 979 πρὸς
1517 943 1591 978 ἡμᾶς
1612 941 1752 976 ὁμοίωσιν,
1786 939 1834 966 καὶ

1041 990 1127 1022 οὕτως
1142 989 1330 1026 ἁναμορφὼσῃ
1353 988 1421 1024 πρὸς
1446 988 1542 1015 ἑαυτὸν
1560 987 1600 1019 εἰς
1616 986 1645 1013 τὸ
1666 986 1726 1013 κατ’
1741 985 1835 1012 εικόνι

1041 1037 1088 1064 τοῦ
1110 1037 1270 1069 κτίσαντος,
1290 1035 1475 1068 ἀνακαινίζων
1486 1034 1537 1070 τὴν
1552 1033 1633 1068 φύσιν
1647 1033 1744 1068 ὣσπερ
1754 1029 1787 1067 ἦν
1803 1031 1833 1064 ἐξ

1041 1086 1140 1120 ἀρχῆς.

1041 1142 1064 1168 Σ
1065 1140 1241 1176 χόλιαιπερὶ
1257 1138 1438 1176 capch
1451 1138 1503 1176 τὸν
1513 1137 1608 1176 αὐτὸν
1619 1136 1734 1176 ἔχοντα
1742 1134 1832 1176 χοῦν.

1077 1171 1128 1209 Ὲῐς
1142 1175 1175 1202 τὸ
1189 1195 1196 1207 ,
1211 1171 1234 1200 ἰ
1261 1171 1439 1208 Ἑὶιιρίσατο
1461 1172 1581 1209 aint;th
1609 1172 1669 1209 καὶ,
1696 1180 1704 1196 ι
1726 1171 1834 1209 ςγπερ-

1075 1205 1201 1245 tiu-'ch
1227 1205 1338 1237 αὺτόὶεῖ
1361 1218 1370 1235 ι
1397 1209 1446 1235 καὶ
1477 1207 1536 1235 ὅσα
1560 1205 1688 1234 τοιαῦτα
1714 1205 1834 1240 λέγεται

1076 1247 1142 1280 περὶ
1159 1245 1299 1281 Χριστοῦ.

1077 1303 1208 1340 Ὕψιστος
1222 1303 1236 1329 ὁ
1250 1302 1297 1329 τοῦ
1311 1301 1379 1329 Θεοῦ
1394 1301 1481 1336 Λόγος
1494 1301 1548 1333 ἀεὶ,
1566 1299 1634 1327 καθὸ
1649 1299 1729 1332 Θεός·
1751 1298 1834 1333 ὑψοῦ-

1039 1359 1085 1378 ται
1100 1351 1129 1378 δὲ
1151 1350 1188 1382 ὼς
1202 1350 1344 1386 ἄνθρωπος
1354 1357 1360 1364 ·
1377 1348 1504 1384 ἀνενδεὴς
1520 1347 1558 1374 ὢν
1573 1347 1611 1379 ὡς
1624 1347 1700 1379 Θεὸς,
1725 1345 1830 1382 λαμϐά-

1041 1405 1096 1423 νειν
1114 1395 1152 1427 ὡς
1169 1394 1312 1430 ἄνθρωπος
1322 1393 1446 1427 λέγεταιο
1463 1394 1660 1429 προσεκυνεῖτο
1674 1392 1750 1428 παρὰ
1764 1392 1834 1418 τεὰν-
1853 1417 1856 1424 ,

1040 1450 1094 1468 των
1118 1441 1157 1472 ὡς
1178 1439 1244 1472 Θεὸς
1255 1459 1262 1472 ,
1278 1440 1384 1476 δέχεται
1400 1439 1448 1466 νῦν
1463 1439 1511 1475 τὴν
1527 1438 1713 1475 προσκύνησιν
1735 1438 1774 1469 ὡς
1787 1438 1834 1464 ἄν·

1040 1488 1159 1524 θρωπος.
1175 1485 1207 1513 Εἰ
1224 1486 1262 1518 ὡς
1273 1486 1417 1522 ἄνθρωπος
1429 1485 1561 1519 ἀπέθανε,
1577 1486 1625 1512 καὶ
1635 1485 1720 1520 ψόγον
1738 1485 1833 1512 οὐδένα

194 1531 320 1566 dignitati
343 1530 390 1558 Dei
409 1529 490 1557 Verbi
517 1529 656 1561 detrahit;
679 1529 715 1556 ita
740 1528 822 1555 etiam
851 1527 924 1555 nulla
947 1532 985 1554 est

1048 1534 1080 1569 τῷ
1101 1533 1162 1569 Θεῷ
1176 1532 1256 1568 Λόγῳ
1271 1532 1351 1559 τοῦτο
1373 1532 1580 1568 προστρίϐεται,
1607 1532 1683 1558 οὐδὲν
1706 1532 1832 1566 ἀδικήσει

194 1576 370 1609 contumelia,
386 1577 410 1603 si
427 1575 534 1603 dicatur
549 1573 687 1610 accepisse
708 1573 808 1608 aliquid
830 1583 837 1601 :
857 1573 988 1608 quemado

195 1622 304 1650 modum
329 1621 401 1649 enim
425 1620 491 1649 illud
517 1620 678 1648 humanitati
706 1619 814 1650 accidit,
844 1619 880 1645 ita
906 1619 988 1646 etiam

195 1669 262 1695 haec.
282 1660 311 1695 Si
329 1674 390 1694 cum
406 1666 566 1694 immortalis
579 1665 626 1698 sit,
643 1670 675 1692 ut
691 1665 771 1695 Deus,
794 1668 916 1690 mortuus
927 1670 988 1690 esse

197 1714 296 1741 dicitur
311 1717 339 1740 ut
355 1713 452 1746 homo,
467 1712 615 1739 altissimus
627 1719 688 1739 curn
702 1712 753 1743 sit,
767 1715 797 1737 ut
811 1709 899 1742 Deus,
913 1709 986 1737 exal-

199 1758 273 1788 tatus
285 1759 395 1793 dicitur,
411 1763 440 1787 ut
455 1759 544 1786 homo.

253 1816 392 1849 Quomodo
406 1815 485 1844 Jews
501 1815 623 1843 Gloriatu
636 1815 669 1842 sit
686 1815 714 1842 in
728 1814 814 1850 gloria
831 1813 932 1841 Patris.

231 1873 299 1907 Quia
314 1880 362 1908 per
378 1873 556 1901 humanitatis
578 1872 790 1907 assumptionem
807 1871 878 1906 quod
897 1870 988 1905 perdi-

197 1924 252 1947 tum
269 1923 327 1946 erat
350 1924 538 1954 recuperatum
553 1923 611 1952 est,
627 1919 698 1954 quod
718 1918 864 1946 contritum
884 1917 987 1944 instau-

197 1970 285 1992 ratum
299 1970 350 1997 est,
366 1965 437 2000 quod
459 1965 569 1992 errabat
589 1972 750 1992 conversum
767 1971 798 1991 ac
819 1963 958 1991 reductum
978 1971 985 1989 :

196 2018 255 2046 quin
266 2011 357 2039 omnia
374 2014 498 2046 spectant
512 2011 544 2037 ad
559 2010 672 2046 gloriam
692 2009 739 2038 Dei
754 2016 786 2037 ac
796 2009 895 2036 Patris.

531 2066 648 2095 ALIUD.

232 2123 273 2157 Si,
286 2124 358 2151 Deus
371 2131 431 2151 cum
447 2129 532 2156 esset,
545 2124 625 2151 homo
638 2123 726 2151 factus
739 2129 791 2155 est,
803 2128 884 2158 atque
898 2124 948 2150 hoc
959 2131 987 2151 re

196 2169 254 2206 ipsa
272 2170 365 2198 subire
380 2169 474 2202 voluit,
488 2177 568 2197 neruo
586 2169 738 2196 offendatur
755 2169 777 2196 si
792 2176 852 2203 qua:
863 2169 986 2196 Immani-

1040 1580 1087 1607 καὶ
1100 1579 1131 1606 τὸ
1147 1578 1276 1613 λέγεσθαι
1288 1578 1396 1605 λαϐεῖν·
1414 1577 1510 1613 ὥσπερ
1525 1577 1581 1613 γὰρ
1596 1578 1686 1604 ἐκεῖνο
1701 1576 1765 1612 περὶ
1782 1577 1832 1612 τὴν

1040 1625 1239 1661 ἁνθρωπότητα
1270 1624 1392 1659 γέγονεν,
1415 1623 1487 1651 οὕτω
1502 1623 1549 1651 καὶ
1569 1622 1654 1650 ταῦτα
1669 1623 1780 1658 ὁμοίως.
1799 1623 1832 1650 Εἰ

1038 1671 1172 1703 ἀθάνατος
1194 1670 1232 1698 ὢν
1257 1670 1334 1703 Θεὸς,
1351 1665 1458 1704 λέγεται
1479 1669 1606 1696 τεονάναι
1621 1669 1658 1700 ὡς
1675 1667 1830 1703 ἄνθρωπος.

1040 1717 1171 1752 ’Υψιστος
1195 1716 1233 1742 ὢν
1259 1716 1297 1747 ὡς
1321 1715 1398 1747 Θεὸς,
1419 1714 1552 1749 ὑψοῦϊῖοαι
1576 1714 1695 1747 λέγεται,
1721 1713 1759 1744 ὡς
1786 1712 1824 1739 ἇν-

1038 1763 1156 1799 θρωπος.

1055 1820 1124 1854 Πῶς
1141 1819 1262 1854 Ἰησοῦς
1277 1818 1405 1854 Χριστὸς
1420 1819 1464 1851 εἰς
1479 1818 1576 1850 δόξαν
1593 1816 1667 1844 Θεοῦ
1685 1816 1812 1851 Πατρός.

1075 1879 1134 1904 Ὅτι
1156 1877 1201 1904 διὰ
1226 1876 1277 1912 τῆς
1299 1875 1532 1911 ὲνανθρωπήσεως
1557 1874 1588 1901 τδ
1617 1873 1757 1906 ἀπολωλὸς
1781 1875 1828 1901 ἁν-

1038 1924 1126 1960 εσώθη
1139 1932 1145 1939 ·
1161 1923 1192 1950 τὸ
1207 1922 1436 1958 συντετριμμένον
1447 1920 1660 1957 κατεδεσμεύοη,
1676 1920 1707 1947 τὸ
1722 1920 1830 1948 πλανώ-

1039 1979 1119 2006 μενον
1145 1969 1303 2005 ἐπεστράφη
1313 1975 1320 1984 ⁵
1341 1967 1474 1996 συντείνει
1492 1967 1520 1994 δὲ
1532 1967 1618 1995 ταῦτα
1634 1967 1674 1999 εἰς
1687 1966 1768 1999 δόξαν
1782 1966 1829 1993 τοῦ

1037 2015 1104 2043 Θεοῦ
1124 2016 1168 2043 καὶ
1180 2015 1296 2050 Πατρός.

1378 2072 1479 2098 ΛΛΛΟ.

1071 2129 1102 2156 Εἰ
1117 2129 1184 2161 Θεὸς
1194 2127 1233 2155 ὢν
1247 2129 1358 2164 γέγονεν
1369 2129 1522 2164 ἄνθρωπος,
1534 2129 1583 2155 καὶ
1595 2128 1667 2164 ἔργῳ
1681 2129 1762 2156 τοῦτο
1777 2139 1827 2156 πα-

1036 2174 1094 2201 θεῖν
1110 2174 1242 2210 ὑπέμεινε
1254 2195 1261 2208 ,
1278 2174 1497 2206 σκανδαλιζέσθω
1513 2174 1607 2210 μηδεὶς
1617 2194 1626 2207 ,
1640 2175 1665 2201 εἰ
1687 2175 1722 2202 τὰ
1734 2176 1767 2211 τῇ
1784 2177 1832 2202 ἅν-

196 2217 246 2244 tati
269 2221 296 2245 et
314 2217 405 2245 servili
431 2216 581 2244 conditioni
600 2216 775 2249 conveniunt,
800 2215 881 2244 etiam
908 2216 935 2243 in
956 2223 985 2243 se

1048 2220 1195 2257 lpund‘r'q‘rt
1216 2220 1356 2256 πρέποντα
1382 2221 1430 2247 καὶ
1449 2220 1488 2255 τῷ
1508 2221 1627 2256 σχήματι
1647 2219 1686 2256 τῷ
1699 2220 1826 2255 οἰκετικῷ

195 2263 330 2298 gestavit;
352 2271 424 2297 nam,
441 2268 470 2291 ut
489 2264 581 2295 homo,
596 2267 623 2289 et
637 2262 760 2296 accipere
774 2266 802 2290 et
816 2262 930 2289 exaltari
943 2261 984 2290 di-

195 2311 274 2337 citur.
291 2309 342 2343 Qui
368 2317 431 2337 vero
452 2309 647 2337 humanitatem
673 2308 758 2341 ipsam
789 2307 881 2340 subiit,
909 2313 984 2337 certe

197 2356 356 2391 reprehendi
372 2363 425 2383 non
442 2355 538 2390 possit,
556 2355 580 2381 si
598 2355 681 2382 etiam
698 2362 729 2382 ea
745 2361 806 2388 qua
820 2355 982 2383 humanitati

182 2402 302 2443 _propria
322 2405 385 2430 sunt
402 2402 494 2428 subire
509 2408 561 2428 non
581 2405 686 2428 recuset
703 2409 711 2428 :
735 2401 873 2436 proprium
892 2405 982 2429 autem

196 2449 319 2476 humanae
338 2452 444 2475 natura:
462 2451 503 2474 est
522 2454 536 2474 a
550 2446 606 2474 Deo
618 2447 751 2482 accipere,
765 2447 842 2482 juxta
861 2446 926 2474 illud
941 2447 982 2474 di-

194 2499 267 2522 ctum
283 2503 290 2522 :
313 2503 323 2520 ι
338 2494 407 2528 Quid
427 2494 498 2520 enim
517 2493 599 2521 habes
613 2494 684 2528 quod
700 2500 752 2521 non
772 2494 899 2529 accepisti
917 2493 940 2509 “
948 2493 980 2528 ?_i

195 2541 306 2576 Accepit
324 2540 407 2574 igitur
422 2544 452 2566 ut
470 2540 550 2567 homo
573 2547 621 2574 per
637 2539 763 2574 gratiam,
781 2548 841 2576 qua:
862 2544 891 2569 ut
913 2539 984 2568 Deus

196 2586 289 2615 habuit
299 2585 470 2614 naturaliter.

532 2642 644 2671 ALIUD.

228 2699 258 2728 Si
273 2698 354 2728 Pater
368 2699 457 2728 omnia
470 2705 599 2735 operatur
607 2707 655 2735 per
672 2699 768 2727 Filium
777 2700 823 2734 "',
839 2704 866 2728 et
879 2699 981 2735 absque

194 2748 253 2784 ipso
269 2748 367 2776 factum
391 2752 432 2776 est
450 2747 519 2775 nihil
541 2747 576 2780 ",
594 2747 748 2775 necessario
771 2746 916 2775 dicendum
938 2751 981 2776 est

196 2796 281 2829 ipsum
293 2795 343 2823 sibi
359 2794 411 2830 ipsi
422 2794 615 2822 exaltationem
633 2793 751 2827 dedisse,
768 2794 939 2830 gratiamque
964 2801 979 2821 a

1038 2268 1151 2303 φέρεται
1167 2267 1215 2294 καὶ
1229 2267 1273 2294 ἐπ’
1287 2266 1369 2294 αὑτοῦ
1380 2275 1386 2282 ·
1405 2267 1442 2298 ὠς
1458 2266 1514 2302 γὰρ
1529 2266 1673 2302 ἄνθρωπος
1695 2267 1744 2294 καὶ
1759 2267 1828 2303 λαμ-

1037 2313 1131 2340 ϐάνειν
1145 2312 1192 2340 καὶ
1204 2312 1339 2347 ὑψοῦσθαι
1352 2312 1471 2347 λέγεται.
1480 2313 1508 2339 '0
1521 2313 1550 2339 δὲ
1563 2313 1614 2348 τὴν
1630 2312 1828 2348 ἀνθρωπότητα

1037 2359 1122 2394 αὐτὴν
1139 2359 1290 2394 ὑπομείνας
1301 2378 1309 2391 ,
1325 2359 1375 2386 οὐκ
1397 2359 1430 2385 ἂν
1450 2359 1569 2393 εὐλόγως
1582 2359 1703 2393 ψέγοιτο,
1726 2359 1775 2386 καὶ
1793 2359 1827 2386 τὰ

1037 2402 1087 2438 τῆς
1099 2403 1309 2439 ἁνθρωτιότητος
1328 2404 1382 2431 ῐδια
1405 2404 1520 2440 φορέσαι
1543 2404 1581 2439 μὴ
1596 2404 1827 2440 παραιτούμενος.

1040 2449 1119 2476 Ἵόιον
1131 2449 1160 2477 δὲ
1174 2449 1319 2486 ἀνθρώπου
1335 2449 1445 2484 φύσεως
1455 2450 1486 2477 τὸ
1497 2450 1646 2486 λαμϐάνειν
1659 2450 1735 2486 παρὰ
1746 2450 1827 2482 Θεοῦ.

1034 2495 1107 2522 κατὰ
1123 2495 1153 2522 τὺ
1167 2495 1249 2531 ῥητὸν
1262 2495 1293 2522 τὸ
1307 2495 1394 2530 λέγον·
1412 2504 1422 2522 ι
1441 2495 1474 2522 Τί
1494 2495 1548 2531 γὰρ
1569 2496 1642 2532 ἔχεις
1662 2495 1677 2523 ὃ
1693 2496 1743 2523 οὐκ
1766 2496 1828 2523 ἔλα-

1033 2542 1098 2576 σες;
1116 2551 1126 2568 ι
1145 2541 1264 2577 Εῑληφεν
1284 2542 1338 2578 ἄρα
1351 2542 1390 2574 ὡς
1401 2542 1544 2578 ἄνθρωπος
1557 2542 1629 2570 κατὰ
1639 2542 1721 2578 χάριν
1730 2563 1738 2577 ,
1754 2542 1828 2578 ἅπερ

1034 2586 1107 2624 εἶχεν
1118 2588 1156 2621 ὡς
1168 2588 1236 2620 Θεὸς
1248 2588 1382 2623 φυσικῶς.

1375 2645 1476 2673 ΑΛΛΟ.

1069 2702 1100 2728 El
1123 2701 1212 2729 πάντα
1235 2700 1268 2728 δι’
1285 2700 1350 2727 Υἱοῦ
1370 2701 1384 2727 ό
1404 2700 1499 2736 Πατὴρ
1514 2700 1662 2736 ἐργάζεται
1673 2721 1682 2734 ,
1696 2702 1783 2738 χωρίς
1796 2710 1826 2730 τε

1034 2747 1116 2774 αὐτοῦ
1132 2747 1246 2782 γέγονεν
1258 2747 1345 2778 οὐδὲν,
1359 2747 1508 2781 ἀναγκαῖον
1524 2748 1621 2782 εἰπεῖν,
1635 2747 1732 2784 ὅτιπερ
1743 2747 1827 2781 αὐτὸς

1033 2791 1067 2830 ἦν
1091 2793 1180 2828 ιαυτῷ
1203 2792 1249 2820 καὶ
1269 2793 1300 2819 τὸ
1323 2791 1455 2828 ὑψοῦσθαι
1480 2792 1578 2827 διδοὺς,
1606 2793 1654 2821 καὶ
1675 2793 1725 2831 τὴν
1750 2793 1827 2830 παρὰ

229 2873 252 2890 ⁶²
264 2871 335 2901 Psal.
348 2881 427 2906 nm,
442 2873 467 2899 7.
507 2872 529 2888 "
542 2870 657 2906 Philipp.
678 2879 706 2904 ll,
722 2871 749 2898 9.
787 2870 839 2907 “ll
859 2870 923 2898 Cor.
944 2879 980 2904 tv,
998 2870 1023 2899 7.
1057 2870 1092 2887 "‘
1111 2869 1190 2898 Joan.
1209 2879 1235 2903 v,
1254 2871 1296 2897 l7.
1337 2871 1359 2887 "
1377 2870 1457 2899 Joan.
1473 2879 1493 2905 I,
1513 2872 1541 2900 5.
