1911 3027
86 111 153 140 5H

819 125 1037 156 THESAURUS.

1686 134 1739 163 διε

86 171 205 223 ξένοις
213 181 230 223 ἕ
251 171 312 200 Τίνι
329 175 386 212 γὰρ
409 175 470 205 εῐπέ
491 187 554 206 ποτε
567 180 622 206 τῶν
646 181 779 216 ἀγγέλων·
805 183 889 212 [idem

952 193 961 209 ‹
982 184 1030 211 Cui
1050 184 1122 212 enim
1145 193 1263 220 unquam
1276 188 1432 223 angelorum
1449 189 1517 217 dixit
1535 199 1541 216 ε
1558 189 1627 218 Sede
1642 199 1655 217 a
1673 192 1739 219 dex-

83 217 248 266 ixhbeﬁtiw
264 228 335 255 pou;
356 231 366 249 ι
386 225 435 250 καὶ
451 224 491 252 ὅτι
515 226 634 261 περὶτοῦ
652 228 718 255 Υἱοῦ
732 229 898 266 γέγραπται·

89 271 113 309 :
125 263 184 290 Καὶ
198 268 473 303 προσκυνησάτωσαν
486 271 559 307 αὑτῷ
571 272 670 306 πάντες
680 263 791 309 ἄγγελοι
801 275 898 304 Θεοῦ.»

88 306 132 357 Ei.
142 309 183 357 es
197 312 211 337 ὁ
222 311 276 346 τῆς
295 314 470 350 συγκρίσεως
484 316 561 351 λόγος
572 339 579 351 ,
598 319 629 346 τὸ
656 306 709 355 μὲν
722 306 762 353 ὣς
784 323 901 357 συγκαθ-

86 354 234 403 ξςόμενον
245 357 285 393 τῷ
292 359 380 395 Harp!
393 361 439 388 καὶ
449 354 684 400 προσκυνούμενον
694 354 829 403 εἰσφέρει,
836 370 900 402 τοὺς

84 399 131 427 δὲ
144 401 184 433 ὼς
199 406 414 450 παρεστηκότας
435 416 464 434 τε
481 409 526 435 καὶ
543 399 703 446 προσκυνεῖν
718 399 898 450 ἐὼέετάγμέί

87 449 241 481 wrong-oin:
255 450 302 476 ἐπὶ
315 451 364 487 τῆς
377 452 471 484 οὐσίας
495 455 570 483 ἔσται
592 457 698 490 πάντως
720 459 761 491 τὸ,
782 469 791 485 ι
808 449 899 496 κρειτ-

89 501 166 519 των·
190 504 199 520 ι
221 495 282 522 ἀλλ’
303 497 332 522 ὲν
347 499 402 529 τοῖς
422 500 486 535 περὶ
504 500 552 537 τὴν
573 502 667 529 οὐσίαν
687 495 832 540 ἀξιώμασι
851 507 898 533 καὶ

92 540 164 570 ταῖς
178 539 280 572 ἔξωθεν
306 542 356 577 τῆς
374 544 482 578 φύσεως
499 548 602 581 τιμαῖς.
628 549 732 576 Οὐκοῦν
754 550 802 585 οὐχ
827 550 856 577 ἐν
871 560 897 578 τι

92 585 157 611 τῶν
167 588 294 621 γενητῶν
307 590 320 615 ὁ
337 589 412 623 Υἱὸς,
429 592 487 618 ἀλλ’
501 592 594 628 ἕτερον
605 603 630 622 τι
645 596 718 630 παρὰ
728 597 824 629 ταῦτα,
836 607 898 625 του-

94 629 189 664 τέστι,
205 632 293 667 Λόγος
313 634 377 666 ἴδιος
392 636 439 662 τοῦ
453 637 570 673 Πατρός.

355 691 458 725 ΑΛΛΟ,
468 694 511 727 εἷς
524 694 555 721 τὸ
568 696 649 723 αὑτό.

137 743 176 771 Τὸ
185 755 205 792 γι
226 747 351 782 γέγονεν,
362 759 371 775 ι
393 750 438 777 ὅτε
451 752 530 786 μόνον
544 754 590 780 καὶ
605 755 666 781 καθ’
683 756 763 783 ἑαυτὸ
776 757 895 792 λέγεται,

97 791 233 840 eratuterat
247 794 342 822 πολλά·
358 796 405 824 καὶ
421 798 452 824 οὐ
467 799 576 831 πάντως
590 801 768 835 ὑποστάσεώς
779 791 837 830 ἐστι
851 804 897 840 δη-

95 837 227 872 λωτικὸν,
256 841 315 867 ἀλλ’
329 842 393 870 ἄταν
408 843 481 879 αὐτῷ
502 853 529 871 τι
546 845 725 882 συνάπτηται.
748 848 808 876 τότε
827 858 896 884 γνω-
912 867 933 895 Β

102 884 156 895 -.-Ἰ
170 884 220 895 _L,.
236 894 239 895 ν
273 886 296 895 na
321 884 336 895 1
488 891 498 895 ..
559 891 569 895 λ
580 891 585 895 ι
711 890 725 895 .-

99 884 156 931 ριετ
170 884 224 931 τὴν
234 886 296 913 καθ’
306 884 337 915 οὗ
349 891 542 925 κατηγορεῖται
556 891 682 927 δύναμιν·
697 890 764 928 οἷον,
774 894 841 931 φέρε
853 896 894 922 ει-

98 930 174 962 πείν,
192 930 292 965 γέγονέ
310 941 351 965 τις
364 933 467 967 τέκτων
483 936 499 971 ἢ
521 937 649 970 λιθοξόος,
672 939 702 966 οὺ
725 930 833 973 πάντώς
849 941 894 969 ἄν·

99 975 214 1011 Opto-.10:
232 977 278 1006 ἵνα
298 980 345 1005 καὶ
363 980 475 1008 τέκτων·
494 982 552 1009 ἀλλ’
570 984 719 1021 ἐπειδήπερ
738 986 892 1022 ἄνθρωπος,

99 1021 197 1055 γέγονε
213 1023 333 1055 τέκτων.
360 1027 410 1062 τῆς
432 1028 528 1064 τέχνης
539 1029 576 1056 ὢν
591 1030 725 1064 δεκτικὸς,
752 1021 798 1060 καί
823 1036 894 1062 κατὰ

101 1066 184 1102 μόνης
195 1068 294 1096 ἐνθάδε
306 1071 356 1107 τῆς
370 1073 525 1110 ἐπιστήμης
541 1077 661 1111 χωρήσει
676 1078 706 1105 τὸ
725 1087 733 1105 ι
753 1079 890 1113 γέγονεν,ι

98 1113 128 1138 οὐ
145 1113 260 1147 πάντως
274 1117 346 1143 κατὰ
358 1118 408 1153 τῆς
423 1118 596 1153 ὑποστάσεως
613 1121 630 1157 ἦ
658 1123 708 1158 τῆς
720 1125 759 1157 εἰς
776 1125 805 1151 τὸ
826 1125 893 1153 εἶναι

99 1161 283 1208 παραγωγῆς.
311 1163 416 1190 Οὐκοῦν
439 1166 463 1192 ει
481 1166 586 1200 λέγοιτο
616 1169 733 1204 Χριστὸς
763 1171 894 1208 κρείττων

98 1205 266 1251 γεγενῆσθαι
292 1208 347 1234 τῶν
367 1210 500 1244 ἀγγέλων,
522 1213 553 1239 οὐ
580 1214 644 1248 περὶ
658 1215 704 1241 τὸν
722 1216 771 1251 τῆς
782 1205 893 1251 γφὺσεως

97 1248 176 1298 λογον
207 1251 267 1286 ἔχει
291 1253 341 1289 τὴν
368 1255 529 1292 σύγκρισιν,
554 1258 622 1286 ἀλλὰ
648 1262 712 1297 περὶ
746 1248 829 1298 τιμὴν
846 1248 894 1290 καί

97 1294 218 1332 ἀξίωμα.

330 1346 435 1380 AAAO,
459 1349 502 1382 εις
524 1351 558 1377 τὸ
580 1352 663 1379 αὐτό.

134 1408 144 1424 ι
160 1399 292 1436 Τοσούτῳ
303 1403 436 1437 κρείττων
445 1406 590 1440 γενόμενος
601 1407 656 1435 τῶν
670 1409 804 1443 ἀγγέλων.
824 1420 834 1437 t
858 1411 894 1437 Τὸ

100 1454 110 1470 ι
126 1446 241 1480 γέγονεν
260 1457 269 1473 ι
294 1449 318 1475 εἰ
340 1451 387 1476 καὶ
411 1452 481 1478 κατὰ
510 1452 561 1487 τῆς
589 1454 681 1486 οὐσίας
703 1455 825 1483 τάττοιτο
846 1457 893 1484 τοῦ

67 1489 69 1494 “
97 1490 174 1523 Υῐοῦ,
191 1493 272 1519 οὐδὲν
285 1494 370 1530 αὐτὴν
382 1496 505 1532 ἀδικήσει
525 1498 575 1534 τῆς
602 1499 700 1532 λέξεως
719 1502 736 1536 ἡ
759 1501 873 1537 δύναμις
885 1523 892 1536 ,

955 230 1005 258 tris
1023 231 1090 259 meis
1102 232 1145 258 "?
1161 241 1170 258 ι
1187 237 1214 260 et
1229 234 1301 268 quod
1317 235 1349 262 de
1372 232 1440 262 Filio
1460 235 1589 271 scriptum
1609 242 1649 263 est
1664 245 1671 264 :
1687 237 1739 265 «Et

954 277 1066 305 adorent
1081 285 1141 306 eum
1158 286 1253 307 omnes
1267 280 1355 315 angeli
1372 281 1419 308 Dei
1431 281 1464 308 ".
1491 291 1500 308 ι
1526 281 1554 310 Si
1576 289 1641 309 vero
1662 290 1738 310 com-

952 324 1103 358 parationis
1117 325 1186 353 ratio
1207 326 1264 353 haec
1277 331 1371 360 est,ut
1391 328 1463 355 hunc
1484 328 1593 363 quidem
1617 327 1738 356 assiden-

954 375 1006 397 tem
1022 370 1095 398 Patri
1107 375 1134 399 et
1151 373 1295 400 adoratum
1309 373 1430 407 inducat,
1449 373 1510 402 illos
1533 381 1597 402 vero
1620 376 1738 402 circum-

952 421 1055 444 stantes
1067 422 1094 445 et
1107 418 1223 446 adorare
1237 419 1331 453 jussos
1346 429 1352 447 :
1366 425 1439 448 certe
1454 419 1530 453 illud,
1559 429 1568 446 ι
1588 420 1684 448 melior
1696 441 1703 454 ,
1726 430 1736 446 ι

952 468 1006 488 non
1027 462 1060 489 de
1073 463 1193 491 essentia
1208 464 1315 491 dicetur
1328 484 1336 497 ,
1362 464 1408 492 sed
1431 465 1463 492 de
1486 465 1662 499 dignitatibus
1679 473 1739 500 qua:

951 508 1110 536 substantiae
1127 510 1264 543 accidunt,
1289 512 1375 546 deque
1392 512 1555 539 extrinsecls
1571 517 1675 540 natura:
1687 512 1737 540 bo-

951 553 1074 582 noribus.
1090 553 1148 582 Non
1162 560 1204 582 est
1217 556 1301 591 igitur
1325 564 1396 584 unus
1413 564 1447 585 ex
1460 558 1560 585 creatis
1573 557 1670 592 Filius,
1691 561 1738 586 sed

951 598 1087 626 diversum
1099 600 1237 636 quidpiam
1249 601 1337 634 abiis,
1352 602 1403 630 hoc
1413 603 1606 638 esl,proprium
1621 603 1737 631 Verbum

950 644 1049 672 Patris.

1214 703 1330 738 ALIUD,
1346 705 1374 732 in
1388 706 1468 733 idem.

988 767 997 783 ι
1009 747 1109 786 Factus
1125 763 1168 786 est
1181 781 1188 793 ,
1212 767 1221 785 ι
1237 761 1344 794 quando
1356 761 1453 795 solum,
1465 769 1497 789 ac
1515 770 1561 797 per
1577 770 1607 789 se
1622 762 1734 795 dicitur,

950 805 1034 833 multa
1056 805 1212 841 significat;
1235 815 1323 843 neque
1343 809 1369 836 in
1393 809 1551 836 universum
1569 809 1735 844 hypostasim

951 852 1061 880 denotat
1088 853 1159 880 :sed
1183 861 1244 881 cum
1268 854 1305 882 illi
1330 855 1431 890 aliquid
1454 855 1650 891 conjungitur,
1679 859 1735 882 tum

945 898 1004 933 ejus
1015 900 1049 927 de
1064 907 1117 934 quo
1137 901 1301 935 praedicatur
1316 903 1369 929 vim
1386 907 1468 937 atque
1494 903 1623 930 virtutem
1645 902 1735 930 decla-

945 951 987 973 rat
1002 955 1008 973 :
1025 952 1064 978 ut,
1079 947 1194 981 exempli
1213 947 1311 982 gratia,
1323 947 1408 975 factus
1425 952 1466 975 est
1480 948 1577 982 aliquis
1591 948 1675 980 faber,
1694 947 1734 974 vel

944 993 1108 1019 statuarius:
1124 999 1177 1019 non
1195 993 1221 1020 in
1235 993 1388 1020 universum
1403 994 1483 1021 homo
1502 999 1529 1020 ut
1543 998 1568 1021 et
1584 993 1679 1030 faber;~
1688 995 1734 1022 sed

944 1038 1051 1072 quando
1062 1039 1142 1066 homo
1157 1038 1243 1066 factus
1256 1043 1297 1067 est
1309 1039 1394 1072 faber,
1407 1041 1472 1068 artis
1486 1047 1570 1074 capax
1587 1041 1732 1074 cxsislens,

945 1084 978 1112 de
999 1084 1055 1112 sola
1075 1085 1189 1112 scientia
1210 1085 1309 1113 dicitur
1331 1085 1405 1119 illud,
1422 1086 1501 1121 202
1522 1095 1531 1112 ι
1545 1086 1631 1113 factus
1651 1092 1702 1119 est,
1723 1097 1732 1113 ι

945 1136 997 1157 non
1020 1134 1109 1158 autem
1129 1130 1162 1157 de
1185 1131 1267 1166 ipsius
1291 1131 1500 1166 hyposlasi,aut
1517 1132 1549 1160 de
1566 1132 1734 1160 traductione

944 1175 977 1201 ad
998 1182 1069 1203 esse.
1092 1175 1223 1209 Quocirca
1243 1176 1264 1203 si
1291 1177 1395 1204 dicatur
1418 1177 1542 1204 Christus
1564 1177 1652 1204 factus
1675 1185 1734 1204 esse

945 1219 1039 1247 melior
1054 1220 1164 1255 angelis,
1177 1221 1342 1255 comparatio
1358 1221 1414 1248 haec
1433 1221 1466 1248 ad
1482 1221 1614 1250 rationem
1631 1227 1734 1249 natura:

946 1265 1084 1294 referenda
1098 1274 1150 1294 non
1163 1271 1216 1300 est,
1230 1267 1276 1295 sed
1291 1267 1325 1295 ad
1343 1267 1473 1296 honorem
1487 1273 1513 1295 et
1528 1267 1695 1304 dignitatem.

1209 1345 1324 1378 ALIUD,
1334 1347 1362 1373 in
1374 1347 1453 1374 idem.

982 1412 992 1429 ι
1008 1402 1095 1431 Tanto
1111 1403 1198 1431 factus
1213 1408 1254 1431 est
1272 1405 1368 1432 melior
1383 1404 1497 1439 angelis.
1521 1415 1529 1431 ι
1545 1404 1573 1431 1η
1591 1405 1642 1432 hoc
1656 1405 1731 1432 dicto

944 1449 967 1476 si
984 1456 1035 1476 vox
1055 1449 1113 1477 haec
1129 1459 1139 1476 ι
1158 1450 1246 1477 factus
1263 1454 1325 1483 est,
1356 1459 1365 1475 ι
1387 1450 1419 1476 ad
1443 1450 1588 1477 essentiam
1606 1450 1667 1478 Filii
1688 1458 1731 1477 re-

946 1493 1049 1522 feratur
1062 1515 1069 1527 ,
1087 1495 1154 1522 nihil
1171 1495 1208 1522 illi
1226 1494 1325 1522 ofﬁciet
1343 1495 1424 1530 huius
1443 1496 1519 1523 vocis
1533 1497 1584 1530 vis,
1613 1503 1673 1530 qua»:
1692 1492 1735 1523 in;

97 1537 255 1574 ἀδιαφόρως
269 1540 400 1576 κειμένης
418 1542 547 1575 πολλάκις
561 1546 631 1572 κατὰ
642 1545 694 1572 τῶν
705 1536 889 1582 γεννωμένων.

948 1541 1104 1569 diﬂerenter
1124 1550 1311 1576 saepenumero
1329 1543 1360 1569 de
1386 1543 1485 1577 genitis
1507 1543 1626 1577 ponitur.
1650 1543 1731 1577 Atqui

104 1583 166 1610 Ἐπὶ
176 1585 228 1619 μὲν
242 1583 290 1612 οὖν
303 1586 357 1613 τῶν
372 1587 456 1620 ὅντως
471 1589 620 1624 γινομένων
643 1592 690 1618 καὶ
706 1594 875 1628 ποιουμένων
885 1616 892 1628 ,

97 1631 149 1657 οὐκ
163 1631 196 1658 ἂν
208 1640 252 1663 τις
265 1632 399 1665 ἐπιδείξαι
420 1634 450 1661 τὸ
478 1636 626 1669 γεννᾶσθαι
649 1638 774 1673 κείμενον
790 1640 894 1675 κυρίως

98 1678 144 1703 καὶ
163 1678 237 1704 κατὰ
248 1678 340 1713 φύσιν·
353 1680 395 1706 ὅτι
411 1681 463 1707 κᾶν
485 1681 653 1717 γεννώμενον
672 1685 811 1720 φαίνηται,
837 1687 894 1722 ἔχει

98 1723 151 1758 προ
168 1723 268 1750 ἑαυτοῦ
281 1724 310 1751 τὺ
324 1726 489 1762 πεποιῆσθαι
512 1728 588 1763 παρὰ
601 1728 648 1755 τοῦ
662 1731 816 1763 κτίσαντος.
831 1730 894 1760 Οἷον

98 1769 243 1804 ἄνθρωπος
262 1772 390 1805 γεννᾶται
411 1773 476 1807 μὲν,
506 1774 651 1809 πεποίηται
674 1776 714 1808 δὲ,
735 1777 782 1803 καὶ
799 1777 894 1814 κύριον

98 1815 182 1842 αὑτοῦ
196 1816 277 1843 τοῦτο
293 1817 393 1852 μᾶλλον
407 1818 423 1853 ἢ
435 1819 465 1844 τὸ
476 1818 610 1855 δεύτερον.
627 1821 658 1847 Εἰ
675 1821 702 1848 δὲ
717 1822 762 1848 καὶ
773 1823 894 1857 λέγοιντὸ

97 1871 170 1894 τινες
185 1862 232 1889 διὰ
246 1862 292 1889 τοῦ
305 1863 463 1899 Πνεύματος
477 1866 666 1901 γεγεννῆσθαι,
681 1867 750 1894 ἀλλὰ
761 1869 809 1895 καὶ
820 1865 893 1897 οὗτοι

100 1907 168 1943 πρὸς
187 1908 306 1943 μίμησιν
331 1908 376 1935 τοῦ
398 1910 506 1945 ἀληθῶς
531 1912 707 1947 γεννηθέντος
731 1914 763 1940 ὲκ
785 1914 892 1950 Harpe;

97 1953 166 1981 Θεοῦ
181 1954 282 1988 Λόγου,
297 1955 346 1981 καὶ
358 1955 407 1981 οὐκ
424 1955 477 1988 ἔξω
502 1957 548 1983 τοῦ
562 1957 726 1993 πεποιῆσθαι
741 1961 892 1995 τυγχάνου-

99 2007 150 2026 σιν·
163 1999 235 2028 ὥστε
256 2001 286 2027 τὸ
312 2001 362 2036 τῆς
387 2002 539 2037 γεννήσεως
562 2002 647 2038 ὄνομα
664 2006 892 2042 καταχρηστικῶς

98 2046 188 2082 ἂνεῖη
218 2046 320 2082 μᾶλλον
335 2047 352 2082 ἢ
370 2048 491 2082 φυσικῶς
517 2049 546 2075 ἐν
569 2051 626 2081 τοῖς
652 2052 785 2085 γενητοῖς.
812 2051 849 2079 Τὸ
863 2052 891 2080 δὲ

99 2093 239 2129 γεννηθὲν,
261 2094 314 2120 κᾶν
328 2093 454 2127 γενέσθαι
475 2095 599 2131 λέγηται,
619 2096 696 2122 οὐδὲν
717 2097 847 2132 ὑπομένει
861 2098 891 2125 τὸ

100 2140 206 2176 βλάϐος,
224 2140 428 2177 ἀδιαςεορούσης
447 2143 510 2178 περὶ
524 2141 602 2169 τοῦτο
616 2143 664 2178 τῆς
684 2142 757 2176 θείας
769 2145 889 2180 Γραφῆς.

98 2185 177 2220 Λέγει
193 2186 250 2221 γὰρ
263 2187 304 2212 ὅτι
320 2186 444 2220 ἐγένοντο
462 2186 501 2222 τῷ
523 2186 583 2213 Ἰὼϐ
594 2187 648 2214 υἱοὶ
659 2187 728 2214 ἑπτὰ
748 2189 795 2215 καὶ
809 2189 890 2223 θυγα-
906 2203 928 2232 ι)

97 2231 174 2266 τὲρες
188 2233 275 2268 τρεῖς.
290 2233 345 2259 Καὶ
356 2233 445 2259 πάλιν·
467 2243 475 2259 ι
487 2231 541 2259 Ἦν
563 2233 689 2269 Ἀϐραὰμ
709 2234 807 2262 ἑκατὸν
819 2235 888 2262 ὲτῶν

97 2278 138 2304 ὅτε
152 2277 264 2311 ἐγένετο
289 2277 363 2312 αὐτῷ
393 2277 485 2304 Ἰσαὰκ
507 2279 522 2304 ὸ
541 2278 598 2309 υἱὸς
621 2278 714 2307 αὑτοῦ.
735 2289 745 2305 ι
761 2280 836 2307 Εἰδὲ
858 2281 888 2307 τὸ

97 2321 267 2358 γεννώμενον
297 2322 424 2356 γενέσθαι
456 2323 563 2357 λέγεται
588 2325 633 2351 καὶ
657 2325 701 2351 ἐπ’
723 2325 886 2362 ἀνθρώπων,

97 2369 279 2404 ἀδιαφορείτω
293 2377 335 2400 τις
348 2368 428 2395 τοῦτο
454 2369 560 2396 ἀκούων
586 2370 633 2396 καὶ
653 2371 718 2407 περὶ
737 2371 784 2398 τοῠ
808 2371 886 2399 Tini.

104 2415 162 2442 Ἐπὶ
174 2415 204 2442 δὲ
221 2415 279 2441 τῶν
291 2414 413 2450 γενητῶν
427 2416 477 2442 οὐκ
506 2415 682 2452 ἀδιαφορήσει
700 2416 744 2444 διὰ
757 2417 803 2445 τὸν
818 2426 886 2454 προ-

97 2460 205 2488 αποδεδο
209 2460 291 2496 μένον
298 2459 387 2495 λόγον.

439 2561 542 2589 ΑΛΔΟ.

193 2622 248 2654 Εἰς
263 2621 297 2647 τὸ
308 2619 399 2655 ῖαὺτὸ,
412 2620 452 2653 ὡς
464 2619 497 2647 ἐκ
516 2618 576 2648 τῶν
587 2620 624 2647 δι’
635 2621 784 2649 ἐναντίαιε.

129 2678 298 2712 Γέγραπται,
313 2677 392 2712 φησὶ,
401 2677 465 2712 περὶ
477 2677 554 2710 Υἱοῦ,
571 2678 613 2704 ὃτι
635 2687 644 2704 ι
662 2678 786 2713 Τοσούτῳ
799 2678 889 2714 κρείτ-

99 2732 146 2750 των
160 2725 309 2759 γενόμενος
319 2723 374 2749 τῶν
389 2724 524 2758 ἀγγέλων.
545 2734 553 2750 ι
577 2725 688 2761 Ἐπειδὴ
711 2725 741 2752 δὲ
763 2725 888 2759 φιλοῦσιν

101 2769 124 2796 αἱ
138 2769 300 2806 συγκρίσεις
317 2769 362 2796 ἀεὶ
372 2769 494 2804 γίνεσθαι
509 2769 573 2805 περὶ
588 2770 623 2797 τὰ
635 2770 745 2806 ὁμοειδῆ
755 2769 825 2806 (οὐδὲ
835 2770 889 2806 γὰρ

124 2849 143 2864 ⁹¹
157 2849 242 2879 Hebr.
260 2857 280 2882 ι,
302 2848 328 2876 5.

945 1588 978 1615 de
994 1587 1027 1614 iis
1039 1595 1100 1622 qua:
1113 1595 1143 1615 re
1158 1595 1220 1615 vera
1242 1587 1312 1614 facta
1336 1593 1411 1619 sunt.
1430 1596 1509 1616 nemo
1531 1592 1604 1616 certe
1625 1589 1733 1623 proprie

945 1641 978 1661 ac
1001 1634 1161 1662 naturaliter
1181 1634 1233 1661 dici
1258 1635 1383 1662 ostendet
1402 1635 1546 1669 generari;
1573 1636 1637 1670 quia
1666 1639 1734 1662 tam-

943 1681 993 1707 etsi
1011 1685 1167 1715 generatum
1179 1684 1318 1714 appareat,
1336 1680 1416 1707 habet
1432 1684 1521 1708 tamen
1537 1684 1598 1708 ante
1613 1686 1643 1707 se
1658 1680 1730 1715 quod

944 1725 1044 1753 factum
1062 1727 1097 1753 sit
1114 1733 1128 1753 a
1142 1726 1284 1754 Creatore.
1302 1726 1538 1759 Quemadmodum
1556 1726 1636 1753 homo
1648 1733 1732 1761 gene-

944 1776 1020 1799 ratur
1032 1772 1151 1806 quidem,
1171 1773 1258 1800 factus
1273 1777 1362 1799 tamen
1376 1775 1418 1798 est
1434 1779 1441 1797 z
1459 1775 1540 1806 atque
1555 1771 1608 1799 hoc
1622 1771 1731 1806 quidem

944 1816 983 1843 illi
1001 1816 1088 1850 magis
1112 1816 1253 1850 proprium
1269 1821 1333 1849 est,
1360 1823 1442 1850 quam
1471 1815 1547 1843 illud.
1571 1815 1600 1843 Si
1612 1823 1677 1844 vero
1692 1817 1733 1843 di-

943 1865 1040 1889 cantur
1066 1861 1187 1888 nonnulli
1210 1868 1260 1896 per
1284 1861 1415 1896 Spiritum
1443 1861 1527 1897 geniti
1540 1869 1601 1889 esse
1620 1862 1690 1890 :sed
1705 1867 1734 1890 et

943 1907 971 1934 hi
987 1907 1020 1934 ad
1037 1907 1214 1934 imitationem
1234 1907 1327 1940 Verbi,
1348 1907 1419 1942 quod
1444 1914 1507 1935 vere
1528 1915 1560 1934 ex
1583 1907 1664 1935 Patre
1686 1914 1733 1942 αθ·
1777 1919 1779 1922 ·

943 1954 1031 1981 nitum
1043 1957 1097 1986 est,
1118 1953 1156 1980 ita
1171 1958 1306 1980 vocantur
1322 1962 1329 1980 :
1346 1952 1408 1980 facti
1428 1957 1517 1980 tamen
1538 1960 1598 1980 esse
1612 1961 1665 1980 non
1685 1954 1732 1981 de-

942 1999 1054 2031 sinunt;
1076 1998 1202 2033 quocirca
1223 1999 1406 2034 generationis
1423 2006 1521 2026 nomen
1545 1999 1657 2026 abusive
1680 2006 1731 2031 po-

943 2046 996 2073 tius
1011 2045 1214 2080 quam'proprie
1227 2045 1261 2072 de
1275 2045 1308 2072 iis
1321 2052 1381 2080 quae
1391 2044 1461 2072 facta
1482 2048 1557 2076 sunt,
1570 2049 1729 2079 usurpatur.

941 2091 1066 2119 Genitum
1082 2099 1156 2123 vero,
1180 2091 1289 2119 tametsi
1315 2091 1421 2119 dicetur
1438 2091 1539 2118 factum
1561 2098 1639 2124 esse,
1664 2090 1730 2119 nihil

943 2138 1035 2165 damni
1054 2138 1117 2165 inde
1142 2138 1269 2173 percipit,
1287 2145 1348 2165 cum
1376 2145 1453 2165 sacra
1481 2137 1623 2172 Scriptura
1647 2137 1729 2165 indif-

942 2183 1062 2212 ferenter
1081 2192 1114 2212 eo
1137 2189 1241 2211 utatur.
1260 2184 1330 2211 Dicit
1352 2183 1424 2219 quod
1450 2183 1513 2212 facti
1529 2184 1583 2211 sint
1603 2183 1655 2212 Job
1681 2183 1729 2211 lllii

943 2235 1057 2264 septem,
1074 2235 1100 2257 et
1115 2230 1178 2258 lilia;
1194 2235 1248 2257 tres
1266 2230 1299 2257 ".
1313 2230 1378 2256 Item
1395 2237 1403 2256 :
1422 2239 1431 2256 ι
1449 2229 1660 2257 EntAbraham
1684 2237 1730 2257 an-

944 2283 1040 2302 norum
1065 2280 1173 2303 centum
1194 2275 1303 2310 quando
1330 2274 1418 2302 factus
1444 2279 1486 2302 est
1506 2276 1530 2302 ei
1562 2275 1638 2302 Isaac
1658 2273 1730 2302 illius

943 2322 1002 2356 ejus
1016 2322 1050 2349 ³⁵.
1073 2331 1082 2348 r
1102 2322 1130 2350 Si
1146 2329 1210 2349 vero
1224 2323 1295 2357 quod
1313 2326 1469 2357 generatum
1488 2327 1539 2353 est.
1554 2320 1655 2348 factum
1669 2327 1729 2348 esse

941 2369 1040 2396 dicitur
1051 2369 1132 2396 etiam
1150 2368 1177 2396 in
1193 2369 1360 2401 hominibus,
1378 2367 1563 2395 indiﬂ'erenter
1580 2369 1631 2394 hoc
1643 2366 1725 2394 etiam

941 2416 1067 2450 accipiat,
1090 2415 1112 2442 si
1132 2415 1193 2449 quis
1216 2417 1250 2443 de
1274 2415 1342 2443 Filio
1367 2415 1392 2442 id
1409 2414 1461 2442 dici
1484 2414 1612 2441 audierit.
1637 2414 1675 2441 De
1696 2415 1728 2443 iis

944 2464 1033 2488 autem
1050 2469 1109 2496 qua:
1129 2461 1198 2488 facta
1225 2466 1298 2494 sunt,
1318 2468 1370 2488 non
1392 2461 1454 2488 item
1476 2459 1661 2494 indiderenter
1683 2467 1729 2489 ac-

942 2507 1034 2543 cipiet,
1054 2508 1089 2534 ob
1104 2508 1236 2534 rationem
1249 2507 1305 2542 jam
1322 2508 1433 2535 dictam.

1274 2563 1390 2592 ALIUD.

1036 2620 1069 2648 In
1084 2621 1172 2653 idem,
1199 2628 1230 2648 ea:
1259 2620 1404 2655 olrjeclione
1430 2620 1624 2647 ltwrelicorum.

975 2677 1111 2712 Scriptum
1123 2681 1175 2709 est,
1201 2676 1338 2711 inquiunt.
1357 2676 1390 2703 de
1407 2676 1485 2708 Filio,
1510 2676 1592 2710 quod,
1616 2683 1626 2700 ι
1650 2678 1725 2702 tanto

940 2724 1037 2751 melior
1049 2723 1139 2752 factus
1156 2723 1190 2751 sit
1206 2722 1318 2758 angelis.
1337 2731 1347 2749 ι
1370 2721 1437 2749 Cum
1462 2728 1528 2748 vero
1544 2720 1725 2756 comparatio-

945 2777 992 2798 nes
1017 2777 1124 2806 semper
1157 2769 1222 2797 ﬁeri
1241 2768 1346 2797 soleant
1375 2769 1446 2796 inter
1469 2774 1500 2795 ea
1524 2766 1724 2802 qurcyejusdem

373 2848 396 2863 "
409 2848 474 2876 ibid.
496 2850 520 2876 6.
561 2849 584 2865 ’³
603 2849 653 2877 Job
669 2857 687 2883 ι,
705 2849 732 2876 ‘2.
770 2849 793 2865 ⁰⁸
812 2849 879 2878 Gen.
898 2857 955 2884 xxi,
972 2850 999 2877 6.
