1918 3032
214 127 266 155 967

707 122 735 149 S.
756 120 893 148 CY‘BILLI
914 122 1145 151 ALLXANDRlNl
1165 123 1324 152 ARCIIIEP.

1781 123 1837 159 ,968

217 182 370 210 rudioribus
405 181 476 210 haud
509 185 586 215 captu
621 178 726 205 facilem
763 177 865 204 nudare
897 180 993 206 verita-

1049 180 1242 207 ἀνασκαλεύειν
1258 181 1291 207 τὰ
1306 181 1485 215 κεκρυμμένα
1497 203 1504 214 ,
1527 183 1574 208 καὶ
1588 183 1634 209 τὸν
1652 185 1710 214 τοῖς
1734 185 1838 219 ἀμαθία

215 233 268 255 tem
274 247 280 253 .

250 273 281 300 Β.
295 273 377 300 Recte
395 271 473 300 dicis.

249 320 281 346 Α.
297 319 369 346 Dixit
391 325 456 352 ergo
475 316 552 344 nobis
577 316 684 343 divinus
699 317 745 345 ille
765 317 866 345 Paulus
881 317 913 345 de
929 315 994 344 Uni-

214 367 306 401 geuito
322 375 329 392 :
348 375 357 391 ι
377 365 426 398 Qui
443 372 503 391 cum
522 363 548 389 in
567 363 652 390 forma
669 363 716 391 Dei
740 369 823 396 esset,
847 372 900 391 non
926 363 998 398 rapi-

215 420 277 439 nam
303 412 447 438 arbitratus
467 414 508 436 est
532 416 592 436 csse
607 416 636 436 so
651 410 781 444 aequalem
808 410 874 443 Deo,
892 411 939 438 sed
955 418 997 437 se-

216 458 357 491 metipsum
379 454 540 487 exinanivit,
567 454 683 481 formam
708 456 780 483 servi
803 456 951 490 accipiens,
970 456 996 482 in

213 501 418 529 similitudinem
436 500 575 527 hominum
589 500 695 533 factus,
711 507 739 528 et
756 502 848 529 habitu
872 501 997 529 inventus

214 554 243 575 ut
259 548 348 580 homo,
366 546 519 574 humiliavit
545 546 732 580 semetipsum,
752 547 841 575 factus
864 547 996 574 obediens

213 601 298 628 usque
312 593 345 620 ad
366 597 491 624 mortem,
508 596 622 619 mortem
647 597 737 620 autem
761 593 860 620 erucis.
884 592 998 627 Propter

211 639 284 673 quod
297 641 325 665 et
340 638 410 665 Deus
423 636 553 664 exaltavit
570 635 658 669 illum,
677 641 706 664 et
722 637 832 664 donavit
845 637 881 664 illi
899 644 997 664 nomen

211 685 283 719 quod
302 688 344 711 est
366 690 448 718 super
473 689 554 710 omne
581 690 691 715 nomen,
713 688 743 710 ut
764 683 791 710 in
809 683 919 710 nomine
933 683 998 710 Jesu

212 737 292 757 omne
307 736 377 764 genu
395 727 521 756 ﬂectatur
544 728 707 763 caelestium,
727 733 755 756 et
771 731 953 761 terrestrium,
969 734 997 757 et

212 775 398 807 infernarum,
419 780 446 802 et
461 775 550 802 omnis
575 775 666 810 lingua
685 775 847 802 conﬁteatur
865 775 927 810 quia
943 775 997 803 Do-

213 822 302 848 minus
316 820 396 848 Jesus
419 821 543 848 Christus
559 821 585 848 in
603 821 689 857 gloria
706 825 748 848 est
768 820 815 848 Dei
829 820 916 848 Patris
931 821 965 848 ".
983 830 994 847 υ

212 867 347 902 Numquid
373 867 456 901 igitur
482 866 570 901 ipsum
602 852 684 894 etiam
708 866 904 894 incarnationis
918 866 997 894 Verbi
1015 852 1035 881 Β

213 918 332 947 tempus,
349 913 372 939 si
386 912 456 940 forte
472 912 544 947 loqui
564 917 674 947 posset,
696 912 733 940 ita
743 913 932 940 aeutientibus
950 919 997 948 pa-

213 959 266 985 lam
293 963 320 985 et
345 962 438 993 aperte
464 959 595 986 clamaret
616 958 753 992 Verbum,
783 965 836 986 non
862 963 998 992 quatenus

214 1004 284 1032 Deus
296 1011 357 1032 esse
373 1003 542 1038 intelligitur,
557 1004 603 1031 sed
611 1009 746 1038 quatenus
764 1005 846 1032 homo
859 1004 996 1039 apparuit,

212 1050 363 1077 divinitatis
383 1049 498 1084 gloriam
516 1048 668 1084 repetiisse,
685 1049 791 1084 dicique
806 1054 861 1077 tum
880 1049 996 1077 exaltari

212 1096 332 1128 demum,
350 1102 412 1122 cum
425 1100 452 1122 et
471 1095 497 1122 in
522 1102 605 1122 carne
621 1099 705 1126 esset,
725 1099 753 1122 et
770 1102 831 1122 cum
847 1095 997 1122 exinanivit

213 1144 294 1173 atque
314 1139 465 1166 humiliavit
486 1139 626 1174 seipsum?
647 1139 781 1167 Ceterum
800 1139 877 1173 doce,
892 1148 995 1175 quzeso,

211 1193 272 1212 nam
286 1193 318 1212 ex
338 1190 363 1212 te
380 1185 515 1213 sciscitari
538 1185 612 1214 libet.

245 1230 276 1258 Β.
292 1231 426 1264 Quidnam
441 1231 482 1259 ais
495 1231 507 1257 ἲ

245 1277 278 1304 Α.
292 1276 446 1303 Exinauivit
462 1276 581 1310 seipsum
599 1274 772 1313 Unigenitus,
786 1277 911 1305 informa
924 1278 994 1305 servi

210 1319 390 1352 descendens,
411 1324 438 1347 et
464 1328 572 1348 crucem
595 1321 723 1356 pertulit,
755 1322 902 1358 ignominia
928 1330 995 1351 con-

211 1371 310 1400 tempta
326 1365 361 1398 ",
390 1365 533 1400 factusque
559 1366 689 1394 obediens
703 1374 788 1402 usque
811 1367 845 1394 ad
869 1372 994 1395 mortem.

209 1410 338 1444 Proinde,
364 1411 499 1445 inquiunt,
517 1411 592 1438 dedit
607 1411 631 1438 ei
652 1419 750 1439 nomen
765 1412 837 1447 quod
853 1417 894 1440 est
913 1420 995 1448 super

209 1465 288 1485 oume
304 1464 412 1489 nomen,
433 1460 462 1483 ut
487 1456 514 1484 in
542 1457 652 1484 nomine
674 1456 739 1485 Iesu
759 1465 845 1493 omne
864 1465 935 1493 genu
945 1459 994 1486 ile-

209 1508 308 1537 ctatur,
322 1503 482 1534 ccelestium,
500 1503 683 1536 terrestrium,
708 1509 735 1532 et
749 1504 928 1532 infernarum.
953 1505 993 1533 An
1009 1524 1030 1553 ο

209 1549 290 1584 igitur
321 1549 406 1576 nostri
436 1549 534 1577 similis
555 1557 617 1578 cum
646 1554 729 1582 esset,
758 1555 835 1578 recte
862 1550 993 1578 factorum

208 1596 376 1628 mercedem,
392 1599 419 1622 et
443 1595 606 1623 obedientiae
620 1596 732 1629 donum,
749 1600 777 1623 et
791 1603 921 1624 coronam
938 1596 994 1623 for-

207 1640 331 1668 titudinis
341 1640 446 1672 habuit,
462 1641 533 1674 quod
549 1645 663 1669 vocatus
680 1641 715 1667 sit
730 1640 812 1672 Deus.
831 1645 859 1668 et
875 1641 993 1669 adoran-

208 1685 258 1713 dus
279 1686 315 1712 sit
336 1685 370 1711 ab
395 1684 461 1719 ipsis
482 1685 583 1713 sanctis
609 1685 723 1720 angelis,
745 1685 878 1720 nobisque
902 1686 948 1720 qui
966 1686 994 1714 in

208 1734 279 1756 terra
295 1729 429 1764 degimus,
453 1733 481 1757 et
494 1729 528 1757 iis
541 1729 587 1765 qui
599 1729 656 1764 jam
680 1736 712 1757 ex
734 1729 785 1757 hac
809 1729 863 1757 vita
890 1730 993 1765 migra-

209 1774 288 1801 runt?
360 1792 365 1806 .

243 1819 274 1846 Β.
295 1819 436 1849 Videlicet.

242 1865 276 1892 Α.
294 1865 379 1900 Igitur
397 1864 495 1900 (dicam
509 1864 580 1892 enim
605 1865 706 1901 aliquid
720 1866 792 1894 haud
811 1867 926 1895 multum
943 1867 991 1895 de-

206 1913 263 1940 cori
289 1911 534 1945 imprzeseutiarum
552 1911 705 1946 sollicitus,
743 1914 815 1948 quod
843 1915 993 1942 necessitas

206 1957 245 1984 ita
259 1956 386 1991 postulat)
400 1955 541 1983 hominum
558 1956 688 1991 lapsibus,
701 1966 733 1984 ac
747 1959 847 1986 nostris
863 1961 991 1993 peccatis

208 2003 352 2030 maximam
379 2002 477 2029 habeat
505 2003 618 2036 gratiam
637 2003 808 2039 Unigenitus.
836 2004 910 2032 Sciat
929 2013 993 2033 vero

206 2049 376 2077 occasionem
393 2049 443 2076 sibi
459 2048 541 2076 fuisse
560 2048 652 2084 gloriae
668 2048 741 2077 illius
762 2050 875 2083 deificari,
896 2052 992 2078 Imma-

206 2095 299 2122 uitatis
313 2099 432 2129 peccata.
449 2094 506 2122 Nisi
524 2095 596 2122 enim
613 2102 813 2130 peccasSemus,
833 2105 888 2126 non
905 2098 993 2126 factus

207 2141 301 2168 fuisset
317 2140 402 2167 nostri
426 2141 534 2172 similis,
553 2146 579 2168 ct
606 2141 657 2168 nisi
687 2141 776 2170 factus
806 2148 878 2171 esset
907 2145 991 2172 nostri

1049 225 1156 260 στέροις
1167 226 1197 251 οὺ
1212 226 1306 261 ῥᾳδίαν
1323 225 1394 252 ἑλεῖν
1408 227 1586 262 ἀπογυμνοῦν
1603 228 1748 263 ἀλήθειαν.

1084 270 1114 297 B.
1135 269 1172 297 Εὖ
1186 271 1284 305 λέγεις.
1573 298 1581 306 ,

1083 317 1115 342 Δ.
1138 317 1210 352 Ἔφη
1223 317 1312 347 τοίνυν
1327 319 1392 353 ἡμῖν
1406 318 1420 344 ὀ
1433 317 1577 350 θεσπέσιος
1592 318 1700 351 Παῦλος
1711 321 1780 355 περὶ
1793 321 1837 347 τοῦ

1047 363 1232 397 Μονογενοῦςι
1253 373 1263 389 ‹
1284 365 1332 396 ’ος
1356 365 1385 390 ἐν
1407 365 1497 400 μορφῇ
1525 363 1593 390 Θεοῦ
1618 364 1764 400 ὑπάρχων,
1792 367 1840 401 οὐχ

1048 407 1193 442 ἁρπαγμὸν
1213 409 1336 443 ἡγήσατο
1358 409 1388 435 τὸ
1403 407 1474 435 εἶναι
1497 409 1542 436 to:
1563 409 1624 445 Θεῷ
1637 428 1645 440 ,
1668 410 1727 436 ἀλλ’
1745 411 1841 437 ἑαυτὸν

1048 452 1166 479 ὲκένωσε
1185 453 1292 489 μορφὴν
1307 454 1401 480 δούλου
1415 453 1505 481 λαϐὼν
1518 455 1548 481 ὲν
1561 454 1716 490 ὁμοιώματι
1732 455 1841 490 ἀνθρὼ-

1049 506 1107 525 πων
1123 499 1278 533 γενόμενος,
1293 499 1340 526 καὶ
1356 500 1476 534 σχήματι
1488 499 1612 535 εὑρεθεὶς
1624 500 1663 532 ὡς
1682 501 1839 535 ἄνθρωπος.

1048 543 1228 570 ιταπείνωσεν
1238 544 1345 576 ἑαυτὸν,
1359 545 1507 580 γενόμενος
1522 545 1642 580 ὑπήκοος
1655 546 1742 582 μέχρι
1757 546 1839 573 θανά-

1047 597 1106 621 του,
1123 589 1239 617 θανάτου
1251 590 1280 617 δὲ
1292 590 1421 626 σταυροῦ.
1433 591 1479 617 Διδ
1492 591 1539 618 καὶ
1551 592 1565 617 ὁ
1579 591 1645 623 Θεὸς
1659 592 1744 619 αὐτὸν
1760 593 1837 628 ὑπερ

1049 634 1155 669 ύψωσε,
1176 634 1225 661 καὶ
1249 635 1398 671 ἐχαρίσατο
1422 636 1496 672 αὐτῷ
1518 637 1604 672 ὄνομα
1629 637 1659 664 τὸ
1684 637 1757 673 ὑπὲρ
1786 640 1836 665 πᾶι

1047 680 1134 716 ὄνομα
1146 701 1155 713 ,
1169 680 1212 708 ῐνα
1234 681 1263 707 ὲν
1277 680 1316 716 τῷ
1331 681 1443 716 ὀνόματι
1463 681 1552 718 Ἰησοῦ
1576 683 1631 708 πᾶν
1653 683 1719 717 γόνυ
1741 683 1834 719 κάμψῃ

1047 725 1215 761 ἐπουρανίων
1240 726 1288 753 καὶ
1317 727 1446 761 ἐπιγείων
1474 728 1522 754 καὶ
1552 728 1760 763 καταχθονίων,
1793 730 1838 756 καὶ

1048 771 1124 797 πᾶσα
1144 770 1254 805 γλῶσσα
1279 771 1522 808 ὲξομολογήσηται,
1546 773 1588 800 ὅτι
1609 774 1713 809 Κύριος
1735 774 1838 810 Ἰησοῦς

1048 817 1165 852 Χριστὸς
1178 818 1220 850 είς
1233 817 1312 851 δόξαν
1326 818 1394 845 Θεοῦ
1410 819 1527 854 Πατρός.
1545 829 1554 845 ι
1564 817 1628 855 Ἀρ*
1645 818 1704 852 οὖν,
1715 820 1776 855 οὐχὶ
1792 822 1838 846 καὶ

1048 863 1130 895 αὐτὸς
1143 864 1210 898 ἡμῖν
1224 865 1239 891 ὁ
1250 865 1301 899 τῆς
1310 864 1545 900 ἐνανθρωπήσεως
1559 866 1608 892 τοῦ
1622 867 1712 900 Λόγου
1730 867 1837 901 καιρὸς.

1047 909 1128 945 εἴπερ
1150 910 1205 937 ἕλοι
1226 910 1308 937 ποθὲν
1330 911 1361 938 τὸ
1385 911 1584 947 ἁνακεκραγεῖν
1607 912 1757 946 δύνασθαι,
1782 915 1838 946 τοῖς

1047 954 1119 982 οὕτω
1143 956 1300 991 νενοηκόσιν
1317 957 1472 997 μναφανδὸν
1495 958 1568 991 ἐρεῖ,
1591 957 1630 989 ὡς
1643 958 1693 993 οὐχ
1717 955 1791 994 ᾗπερ
1805 959 1838 985 ἂν

1048 1002 1134 1028 νοοῖτο
1147 1001 1213 1033 Θεδς
1224 1001 1262 1028 ὢν
1269 1003 1283 1029 ό
1293 1002 1389 1036 Λόγος,
1402 1002 1460 1029 ἀλλ’
1498 1003 1619 1038 πέφηνεν
1629 1003 1758 1039 ἄνθρωπο
1764 1013 1785 1036 ς,
1798 1005 1838 1035 εἰς

1047 1045 1095 1081 τὴν
1105 1046 1154 1080 τῆς
1167 1045 1294 1082 θεότητος
1308 1047 1510 1081 ἀναπεφοίτηκε
1523 1047 1613 1079 δόξαν,
1626 1047 1674 1074 καὶ
1687 1047 1758 1082 μετὰ
1773 1056 1838 1083 σαρ-

1047 1091 1104 1123 κὸς,
1122 1091 1168 1118 καὶ
1180 1092 1224 1118 ὅτε
1240 1092 1377 1119 κικένωκέ
1398 1101 1428 1118 τε
1446 1093 1493 1119 κει)⁸
1514 1093 1717 1119 τεταπείνωκεν
1731 1093 1836 1122 ἑαυτὸν.

1046 1138 1108 1165 τότε
1123 1139 1170 1165 καὶ
1187 1138 1319 1173 ὑψοῦσθαι
1333 1139 1461 1173 λέγεται;
1483 1139 1570 1170 Ἐπεὶ,
1593 1138 1704 1166 δίδασκε
1716 1147 1723 1153 ·
1743 1139 1837 1165 indoi-

1049 1193 1102 1220 μην
1115 1184 1170 1220 γὰρ
1185 1184 1218 1212 ἂν
1231 1184 1269 1216 ὡς
1283 1184 1379 1219 ἥδιστά
1395 1193 1452 1217 σου,
1471 1185 1518 1211 καὶ
1535 1184 1659 1220 ὲρομένῳ
1676 1185 1795 1219 φράσον.

1084 1229 1113 1256 Β.
1134 1230 1170 1256 Τὸ
1186 1229 1257 1264 τιδὴ
1272 1230 1339 1264 φήςς

1079 1275 1112 1302 Α.
1133 1276 1294 1302 Κεκένωκεν
1310 1275 1404 1302 ἑαυτὸν
1417 1275 1432 1301 ὁ
1446 1273 1610 1310 Μονογενὴς,
1625 1275 1722 1306 καθεὶς
1736 1276 1766 1301 ὲν
1778 1274 1836 1301 δού-

1047 1320 1092 1348 λου
1115 1323 1222 1357 μορφῇ,
1248 1322 1294 1348 καὶ
1317 1321 1447 1356 ὑπέμεινε
1460 1321 1589 1355 σταυρὸν,
1603 1320 1739 1355 αἰσχύνης
1755 1329 1836 1346 κατι-

1047 1368 1184 1403 φρονήσας
1196 1387 1203 1399 ,
1222 1368 1268 1394 καὶ
1293 1367 1440 1403 γενόμενος
1457 1367 1576 1402 ὑπήκοος
1598 1367 1680 1402 μέχρι
1708 1367 1833 1393 θανάτου.

1047 1414 1213 1447 Τοιγάρτοι,
1226 1413 1327 1448 φασὶν,
1342 1413 1490 1448 ἐχαρίσατο
1513 1412 1587 1448 αὺτῷ
1610 1412 1699 1447 δνομα
1723 1413 1755 1438 τὸ
1769 1413 1836 1448 ὑπὲρ

1047 1459 1101 1485 πᾶν
1124 1458 1226 1492 ὄνομα,
1252 1458 1294 1484 ἵνα
1319 1459 1349 1484 ὲν
1375 1457 1414 1493 τῷ
1437 1458 1548 1493 ὀνόματι
1579 1457 1669 1492 Ἰησοῦ
1694 1458 1752 1484 πᾶν
1775 1458 1835 1491 γὸνυ

1047 1503 1154 1540 κάμψῃ,
1169 1504 1347 1539 ἐπουρανίων,
1363 1504 1410 1530 καὶ
1425 1503 1621 1538 ὲπιγείων,καὶ
1637 1503 1834 1538 καταχθονίων.

1046 1549 1108 1586 ’Ἆρ’
1125 1549 1171 1577 οὖν
1187 1551 1216 1577 ἐν
1232 1550 1308 1584 τάξει
1323 1552 1355 1586 τῇ
1373 1550 1434 1576 καθ’
1449 1551 1524 1585 ἡμᾶς
1548 1549 1644 1585 μισθὸν
1665 1549 1838 1584 ἀνδραγαθηι

1047 1598 1150 1633 μάτων,
1169 1597 1216 1624 καὶ
1231 1597 1318 1632 δῶρον
1331 1597 1464 1630 ὑπακοῆς,
1475 1597 1523 1623 καὶ
1540 1595 1674 1630 στέφανον
1689 1595 1836 1630 εὐτολμίας

1044 1644 1075 1671 τὸ
1090 1643 1241 1679 κεκλῆσθαι
1255 1644 1322 1676 Θεὸς
1348 1644 1494 1679 ἐκτήσατο,
1509 1643 1557 1669 καὶ
1575 1642 1606 1668 τὸ
1621 1642 1835 1678 προσκυνεῖσθαι

1044 1691 1099 1718 δεῖν
1116 1692 1183 1726 πρός
1197 1700 1226 1718 τε
1240 1691 1328 1717 αὐτῶν
1339 1689 1393 1717 τῶν
1404 1689 1489 1724 ἁγίων
1502 1689 1638 1723 ἀγγέλων,
1646 1688 1730 1724 ἡμῶν
1742 1697 1773 1715 τε
1784 1689 1834 1715 τῶν

1045 1738 1091 1764 ἐπὶ
1110 1738 1173 1771 γῆς,
1188 1737 1234 1764 καὶ
1249 1736 1303 1763 τῶν
1322 1736 1373 1771 ήδη
1388 1735 1605 1770 κατοιχομένωνς

1080 1825 1109 1852 Β.
1130 1826 1247 1852 Ἔοικεν.

1080 1871 1112 1897 Λ.
1133 1870 1238 1897 Οὐκοῦν
1252 1870 1318 1905 (ἐρῶ
1331 1870 1384 1905 γὰρ
1402 1869 1434 1904 δή
1449 1869 1497 1904 τι),
1512 1868 1598 1904 μικρὰ
1614 1868 1662 1894 τοῦ
1682 1868 1832 1903 πρέποντος

1045 1917 1084 1949 εἷς
1102 1925 1134 1951 γε
1149 1917 1180 1943 τὸ
1195 1916 1282 1952 παρὸν
1304 1915 1462 1951 φροντίσας,
1479 1915 1522 1941 διὰ
1540 1915 1571 1941 τὸ
1591 1914 1762 1948 ἀναγκαῖον·
1781 1916 1832 1946 τοῖς

1044 1963 1098 1989 τῶν
1114 1963 1160 1989 ἐπὶ
1173 1962 1226 1997 γῆς
1241 1961 1405 1996 ὀλισθήμασι
1415 1982 1422 1993 ,
1439 1961 1485 1987 καὶ
1503 1961 1563 1992 ταῖς
1577 1959 1656 1995 ἡμῶν
1670 1959 1831 1994 ἁμαρτίαις,

1045 2008 1174 2042 πλείστην
1191 2008 1240 2042 μὲν
1256 2008 1322 2042 ὅσην
1343 2007 1428 2041 ἐχέτω
1445 2006 1493 2041 τὴν
1513 2006 1593 2041 χάριν
1619 2006 1756 2040 ὁμογενὴς
1773 2004 1832 2040 [Ζσ.

1044 2055 1209 2089 Μονογενής.
1223 2053 1232 2089 ]
1246 2054 1327 2080 Ίστω
1351 2052 1395 2085 δὲ,
1419 2052 1460 2078 ὅτι
1475 2051 1609 2087 πρόφασις
1621 2050 1697 2086 αὐτῷ
1713 2051 1762 2086 τῆς
1776 2050 1834 2076 Oso-

1045 2099 1122 2127 ποιοῦ
1135 2099 1225 2135 δόξης,
1235 2098 1284 2134 τῆς
1301 2097 1510 2133 ἁνθρωπὸτητος
1521 2096 1554 2123 τά
1566 2096 1742 2131 ἐγκλήματα.
1754 2096 1785 2122 ΕΞ
1797 2096 1832 2130 μὴ

1045 2146 1099 2181 γὰρ
1111 2146 1283 2180 ἡμάρτομεν,
1294 2143 1344 2170 οὐκ
1357 2142 1389 2170 ἂν
1403 2142 1498 2176 γέγονε
1515 2141 1575 2168 καθ’
1591 2142 1676 2176 ἡμᾶς·
1693 2142 1742 2168 καὶ
1758 2141 1782 2168 εξ
1797 2141 1832 2176 μὴ

205 2186 315 2220 similis,
335 2193 424 2221 neque
438 2194 546 2214 crucem
561 2187 744 2221 sustinuisset,
759 2195 792 2215 ac
805 2189 856 2216 nisi
869 2194 992 2218 mortuus

1049 2192 1139 2226 γέγονε
1150 2190 1211 2217 καθ’
1226 2190 1310 2225 ἡμᾶς,
1323 2188 1378 2215 οὐδ’
1395 2187 1428 2215 ἂν
1445 2187 1574 2222 ὑπέμεινε
1588 2187 1633 2221 τὸν
1650 2187 1832 2222 σταυρόν-καὶ

205 2231 287 2268 538
303 2236 385 2263 esset,
398 2239 485 2266 neque
504 2231 582 2259 nobis
597 2236 624 2259 et
636 2232 740 2260 sanctis
759 2233 861 2269 angelis
872 2235 990 2263 adoran-

205 2279 255 2305 tius
267 2281 350 2305 esset.

239 2323 270 2351 Β.
297 2323 394 2350 Audax
424 2321 532 2357 quidem
559 2321 664 2355 oratio,
694 2323 741 2350 sed
771 2324 989 2359 probabilitatem

204 2369 295 2396 habet.

240 2415 272 2441 Α.
289 2413 337 2441 Sin
352 2419 442 2441 autem
466 2413 548 2440 etiam
570 2418 627 2440 erat
643 2414 669 2441 in
686 2416 840 2450 aequalitate
855 2423 883 2445 et
901 2418 987 2446 forma

203 2460 304 2492 Patris,
325 2460 358 2487 ab
375 2459 536 2487 inanitionis
561 2460 716 2489 conditione
742 2462 812 2490 liber
831 2471 892 2490 cum
909 2470 991 2497 esset,

203 2505 332 2540 quidnam
348 2505 371 2531 ei
387 2503 478 2538 gloria:
492 2504 612 2531 additum
636 2505 742 2539 fuisset,
756 2512 866 2542 accepto
883 2509 991 2536 nomine

203 2551 276 2586 quod
287 2555 328 2577 est
348 2557 429 2584 super
453 2557 532 2576 omne
550 2558 658 2583 nomen,
685 2552 758 2580 circa
784 2558 888 2588 tempus
904 2554 991 2581 inani-

169 2603 171 2605 ‘
203 2595 305 2623 tionis?
325 2594 459 2629 Numquid
480 2595 607 2629 intelligis
624 2603 741 2630 quonam
755 2598 872 2632 ipsorum
886 2600 991 2628 recide-

205 2642 241 2668 rit
256 2640 353 2674 oratio,
372 2641 394 2668 si
411 2641 536 2669 subtilius
551 2641 712 2676 indagetur?

241 2687 271 2714 Β.
287 2685 418 2721 Intelligo.

241 2731 275 2758 A.
295 2729 357 2758 Vin‘
381 2736 409 2758 tu
426 2738 501 2766 ergo,
526 2731 617 2759 relicta
646 2732 887 2767 impraesentiarum
905 2735 986 2762 nimia

237 2820 262 2837 ⁹⁹
272 2819 384 2856 Philipp.
399 2827 429 2854 tt,
447 2820 524 2847 6-H.
562 2820 584 2836 "
596 2818 677 2847 Hebr.
696 2827 746 2854 xu,
758 2820 775 2846 9

1043 2238 1068 2263 sl
1085 2236 1122 2271 μὴ
1137 2235 1282 2267 ἀπέθανεν,
1301 2234 1355 2261 οὐδ’
1369 2233 1402 2260 ἂν
1415 2233 1551 2268 ἐκτήσατο
1565 2233 1597 2258 τὸ
1619 2231 1831 2268 προσκυνεῖσθαι

1043 2283 1098 2309 δεῖν
1113 2282 1182 2317 πρός
1193 2290 1223 2308 τε
1237 2280 1314 2316 ἡμῶν
1329 2280 1419 2307 αὐτῶν
1432 2279 1480 2305 καὶ
1494 2278 1549 2305 τῶν
1565 2278 1651 2312 ἁγίων
1668 2278 1806 2312 ἀγγέλων.

1078 2328 1108 2354 Β.
1129 2327 1239 2363 Θρασὺς
1257 2326 1330 2362 μὲνΰ
1347 2325 1436 2359 λόγος,
1453 2325 1523 2359 πλὴν
1537 2324 1593 2359 ἔχει
1608 2323 1638 2350 τὸ
1654 2323 1780 2350 πιθανόν.

1073 2417 1106 2444 Α,
1128 2417 1159 2443 El
1173 2415 1200 2442 δὲ
1216 2415 1262 2442 καὶ
1275 2413 1309 2450 ἦν
1325 2414 1354 2440 ὲν
1371 2413 1475 2449 ἰσότητι
1493 2412 1540 2438 καὶ
1559 2412 1588 2437 ὲν
1606 2412 1698 2446 μορφῇ
1715 2411 1763 2437 τοῦ
1777 2411 1829 2437 Πα-

1042 2463 1115 2500 τρὸς,
1132 2462 1186 2489 τῶν
1197 2462 1246 2496 τῆς
1263 2461 1403 2492 κενώσεως
1419 2459 1525 2495 μέτρων
1541 2458 1676 2492 ἀμέτοχος
1692 2457 1741 2488 ὢν,
1753 2457 1827 2482 ποίαν

1043 2510 1077 2536 ἂν
1092 2509 1148 2544 ἔχοι
1164 2507 1243 2543 δόξης
1258 2507 1388 2538 ἐπίδοσιν,
1400 2505 1430 2532 τὸ
1445 2505 1531 2538 ὄνομα
1543 2502 1634 2529 λαϐὼν
1646 2502 1677 2528 τὸ
1693 2502 1764 2534 ὑπὲρ
1779 2501 1827 2527 πᾶν

1042 2556 1138 2591 ὖνομα,
1156 2554 1228 2581 κατὰ
1244 2553 1290 2581 τὸν
1305 2553 1354 2588 τῆς
1366 2551 1508 2581 κενώσεως
1525 2549 1620 2584 χρόνον
1633 2545 1708 2581 ;⁷Δρ’
1723 2547 1754 2573 οὐ
1769 2555 1827 2572 σου·

1044 2601 1086 2636 [ης
1103 2601 1165 2627 ὁποι
1181 2599 1246 2626 ποτὲ
1261 2599 1352 2630 αὐτοῖς
1369 2594 1622 2624 ἀποκινδυνεύσειεν
1634 2594 1666 2620 ἂν
1682 2594 1697 2619 ὁ
1709 2592 1826 2626 λόγος,ει

1044 2645 1176 2681 ὲρευνῷτο
1192 2645 1369 2680 λεπτότερονς

1077 2692 1107 2718 Β.
1129 2691 1254 2726 Συνίημι.

1077 2738 1108 2763 Δ.
1130 2736 1223 2763 Βούλει
1237 2735 1270 2772 δὴ
1283 2733 1340 2767 οὖν,
1361 2734 1487 2769 μεθέντες
1507 2732 1547 2763 εἰς
1561 2731 1591 2758 τὸ
1609 2730 1698 2765 πσρδν
1715 2729 1743 2757 τὸ
1759 2730 1825 2763 ira!
