1918 3032
91 161 138 190 osa

614 153 657 180 DE
678 153 726 181 SS.
749 153 937 181 TlilNiTA'l'E
958 151 1132 180 [MALOGUS
1153 151 1184 178 Υ.

1662 150 1716 180 970

90 214 258 249 ἱσχνολογεῖν,
270 212 313 239 ἐπ’
322 212 411 239 ἐκεῖνο
426 212 521 246 ἴωμεν,
532 211 571 244 τὸ,
580 211 696 242 ὅτιθεὸς
708 209 742 246 ἦν
750 211 778 237 ὲν
789 211 872 246 ἀρχῇ,

934 211 1086 242 subtililate,
1101 217 1244 245 pergamus
1260 209 1292 235 ad
1313 209 1391 240 illud.
1408 208 1535 235 nimirum
1553 209 1624 243 quod
1641 209 1713 236 Deus

91 262 132 286 xxi.
149 261 175 286 ἐν
193 261 282 294 μορφῇ
301 259 348 285 καὶ
364 259 468 293 ἰσότητι
482 258 528 284 τοῦ
544 257 652 293 Harpe;
665 259 679 284 ὁ
695 257 852 293 Μονογενὴς
865 277 872 288 ,

90 306 172 333 καίτοι
189 305 292 340 μακρὸν
309 305 355 331 ἐπὶ
372 304 461 340 τούτῳ
477 304 683 340 δαπανήσαντες
700 304 779 338 λόγον
794 304 822 330 ἔν
841 313 872 338 γε

89 354 140 384 τοῖς
154 360 189 377 πα
195 351 345 386 ρῳχηκόσις

121 399 149 424 Β.
171 399 224 423 Καὶ
241 398 322 432 μάλα.

121 444 151 469 Α.
171 443 284 475 Οὐκοῦν,
300 443 342 469 διὰ
359 442 408 477 μὲν
429 443 521 478 φωνῆς
540 442 664 474 Ἡσαΐου,
682 442 765 477 φησιν
781 442 794 467 ὁ
807 441 873 473 Θεὸς

91 489 132 515 καὶ
150 488 257 523 Πατήρ’
277 498 286 513 ι
299 488 370 522 Ἐγὼ
385 489 488 523 Κύριος
501 489 514 515 ὁ
530 488 605 520 Θεὸς,
622 487 660 514 ἔτι
678 488 725 513 ἀπ’
740 485 838 522 ἀρχῆς.
861 496 869 512 ο

94 534 330 570 Ἀνακεκραγότων
346 534 374 560 δὲ
391 535 438 560 καὶ
452 534 543 560 αὐτῶν
558 534 612 560 τῶν
625 533 711 568 ἁγίων
725 534 815 559 ἐπαῖοι
830 541 873 564 τις

89 581 118 607 ἃν
133 582 198 616 πρὸς
218 581 316 607 αὐτόν·
334 590 342 605 ι
363 580 431 615 Οὐχὶ
449 581 481 607 σὺ
504 580 633 615 ἀπαρχῆς
654 579 758 611 Κύριος
774 580 788 605 ὁ
807 579 874 610 Θεὸς

90 627 172 662 ἡμῶν,
187 627 234 653 καὶ
249 627 277 652 οὐ
296 626 332 661 μὴ
346 625 542 661 ἀποϐάνωμενς
557 635 565 650 ι
576 625 642 651 Ἰδοὺ
658 624 725 655 Θεὸς
743 624 873 659 ἀπαρχῆς

90 672 294 707 κατωνόμασταί
310 681 340 698 τε
353 672 400 698 καὶ
420 671 494 698 ἐστιν
507 670 625 707 ἀληθῶς,
640 672 654 697 ὁ
668 671 734 702 Θεὸς
746 671 795 697 καὶ
816 671 873 696 Πα-

89 718 146 753 sine.
163 718 192 743 '0
205 718 234 744 δέ
248 726 278 752 γε
295 717 440 748 θεσπέσιος
459 717 597 752 Ἰωάννης,
625 716 669 743 ὅτε
683 714 746 747 τοὺς
760 715 803 750 ἐφ’
817 714 873 750 Υἱῷ

88 764 151 798 πρὸς
163 765 237 798 ἡμᾶς
250 765 366 789 ἐποιεῖτο
378 762 488 797 λόγους,
501 772 510 788 ‹
520 763 552 789 Ὃ
567 760 611 798 ἦν,
625 762 717 797 φησὶν,
733 761 872 797 ἁπαρχῆς,

87 809 100 835 ὂ
113 810 279 844 ἀκηκόαμεν,
301 809 315 835 ὃ
330 808 492 843 ἑωράκαμεν
508 809 564 840 τοῖς
585 808 733 843 ὀφθαλμοῖς
747 808 837 843 ἡμῶν,
858 806 874 834 ὃ

88 855 256 889 ἐθεασάμεθα
275 855 322 881 καὶ
348 856 375 880 αἱ
392 855 482 890 χεῖρες
506 854 584 889 ἡμῶν
607 855 786 889 ἐψηλάφησαν
807 853 872 888 περὶ

87 901 129 927 τοῦ
142 901 229 934 Λὸγου
244 900 292 935 τῆς
308 900 389 935 ζωῆς.
404 909 413 924 ι
431 899 604 935 Προσεφώνει
617 900 646 926 δέ
661 907 726 926 τισι·
745 909 754 924 ι
770 899 872 935 Γράφω
890 889 910 916 Β

88 948 157 982 ὑμῖν,
172 947 301 983 πατέρες,
314 947 355 973 ὅτι
373 946 512 980 ἐγνώκατε
525 946 571 972 τὸν
588 946 746 982 ἀπαρχῆςδ
761 946 816 972 Καὶ
830 945 872 977 τίς

87 994 116 1029 δὴ
134 990 209 1024 οὗτος
225 995 310 1024 ἐστιν,
339 993 421 1024 αὐτὸς
450 992 502 1028 ἔφη
525 992 626 1020 πάλιν·
646 1001 654 1017 1
675 991 744 1018 Τάδε
766 991 839 1026 λέγει
858 992 873 1018 ὁ

88 1040 130 1069 ὢν,
147 1041 160 1066 ό
173 1037 216 1074 ἦν,
233 1041 247 1065 ὁ
260 1039 419 1074 ἐρχόμενος.
443 1049 451 1064 ι

120 1086 148 1112 Β.
174 1086 246 1111 Ἀλλ’
263 1086 303 1111 ὅτι
323 1085 372 1120 μὲν
395 1083 429 1120 ἦν
453 1086 499 1112 καὶ
517 1085 571 1120 πρὸ
593 1084 644 1120 τῆς
667 1084 804 1116 κτίσεως,
825 1083 873 1110 καὶ

88 1132 159 1157 αὐτοὶ
172 1133 251 1165 φαῖεν
265 1132 298 1158 ἄν
310 1140 316 1146 ·
335 1131 365 1157 τὸ
379 1131 408 1157 δὲ
420 1131 461 1157 ὅτι
477 1131 524 1158 καὶ
542 1131 608 1162 Θεὸς
623 1129 667 1166 ἦν,
685 1129 761 1156 οὔπω
778 1130 872 1164 σαφῶς

87 1177 257 1211 διέγνωσται,
280 1177 357 1212 φασί.
381 1178 492 1212 Δέχεται
515 1177 580 1213 γὰρ,
604 1177 642 1209 ὼς
663 1177 714 1203 οὐκ
736 1176 807 1212 ἔχων
823 1176 872 1212 δη-

87 1223 177 1249 low/nt.

118 1270 148 1296 A.
169 1268 236 1296 Εἶτα
251 1269 307 1301 πῶς
324 1270 373 1296 οὐκ
389 1270 435 1296 ἐπὶ
451 1269 549 1305 καιροῦ
565 1270 622 1301 τοῖς
638 1269 684 1296 τὸν
697 1268 873 1296 ἀπόπτυστον

87 1316 184 1342 τουτονὶ
201 1316 370 1351 προεμένους
394 1316 486 1350 λόγον’
498 1316 611 1347 εἰκότως
627 1315 873 1349 ὲπιστυγνάζονςες

88 1362 131 1388 καὶ
145 1363 242 1396 ἡμεῖς,
269 1362 402 1396 ἐροῦμεν·
422 1371 430 1387 ι
450 1361 482 1388 Οἱ
500 1362 600 1396 κωφοὶ,
617 1361 763 1393 ἀκούσατε,
781 1361 828 1388 καὶ
848 1362 883 1388 οἱν

87 1408 187 1442 τυφλοὶ,
202 1408 371 1442 ἁναϐλέψατε
398 1408 471 1434 ἰδεῖν.
491 1418 500 1434 ι
523 1409 559 1434 υὺ
582 1409 636 1443 γὰρ
653 1408 693 1436 ὅτι
713 1406 747 1444 ἦν
764 1409 872 1442 ἁπλῶς,

87 1453 140 1480 ἀλλ’
154 1455 195 1480 ὅτι
209 1456 256 1480 καὶ
271 1454 337 1485 Θεὸς
353 1452 386 1489 ἦν
397 1455 411 1479 ὁ
425 1454 521 1489 Λόγος,
531 1455 737 1490 ἀναγράφοντος
748 1455 873 1490 ἐναργῶς

88 1503 131 1529 τοῦ
152 1502 284 1538 Θεηγόρου
309 1502 355 1528 καὶ
372 1501 567 1536 εὑαγγελιστοῦ
579 1521 586 1533 ,
610 1501 736 1537 καθάπερ
754 1502 784 1534 ἐξ
800 1502 872 1529 οἴνου

89 1549 131 1575 καὶ
155 1549 242 1585 μέθης
259 1548 327 1582 πρὸς
343 1549 396 1574 πᾶν
420 1548 510 1575 ὁτιοῦν
532 1548 618 1580 ἰόντες
644 1548 872 1581 ἁκατασκέπτως,

89 1595 330 1632 κατειρωνεύονται
346 1595 396 1631 τὴν
414 1594 553 1630 ἀλήθειαν.
576 1595 644 1630 Φέρε
659 1594 692 1629 δὴ
708 1592 755 1621 οὖν
772 1594 818 1621 καὶ
841 1595 874 1621 δι’

88 1642 183 1677 ἑτέρων
208 1641 358 1674 ἐλάσαντες
384 1641 504 1672 ἐννοιῶν,
535 1641 576 1668 ὅτι
605 1640 671 1672 Θεὸς
698 1640 769 1667 κατὰ
795 1640 876 1675 φύσιν

87 1688 166 1719 ἐστὶν,
179 1686 408 1722 ἐπιγινώσκωμεν
421 1686 468 1713 τὸν
483 1685 557 1713 Υἱὸν.
571 1683 610 1712 Ἦ
630 1685 684 1721 γὰρ
699 1685 760 1720 οὐχὶ
775 1685 877 1721 πρέποι

87 1732 118 1760 ἂν
133 1733 170 1768 τῷ
198 1741 232 1768 γε
248 1733 306 1759 ὃντι
319 1732 391 1759 κατὰ
407 1732 489 1767 φύσιν
505 1731 564 1766 Θεῷ
575 1751 583 1763 ,
596 1730 630 1757 τὰ
644 1730 685 1764 ἐφ’
698 1731 807 1766 ἑκάστῳ
825 1730 878 1765 ψη-

88 1781 229 1814 φηφορεῖν,
250 1780 298 1806 καὶ
317 1778 466 1812 στεφανοῦν
484 1778 534 1812 μὲν
563 1776 685 1808 ἐπαίνοις
712 1777 775 1808 τοὺς
794 1777 877 1811 νόμον

88 1821 195 1856 ἑχοντας
217 1822 266 1848 τοῦ
289 1822 346 1857 βίου
362 1822 408 1848 τὸν
431 1821 552 1857 ὁριστὴν,
577 1821 626 1847 καὶ
647 1821 697 1856 τὴν
714 1821 814 1847 εὐκλεᾶ
831 1821 877 1847 καὶ

88 1868 233 1904 περίοπτον
257 1868 472 1903 ἐπιτετιμηκότας
495 1866 578 1902 ζωὴν,
604 1866 731 1899 κολάζειν
757 1866 786 1892 δὲ
811 1867 876 1898 τοὺς

88 1915 297 1950 ἡμαρτηκότας,
319 1914 357 1945 ὡς
381 1913 516 1945 ἀλαζόνας
539 1913 588 1939 καὶ
604 1912 749 1948 ὑϐριστὰς,
767 1913 815 1939 καὶ
835 1912 878 1939 θε-

88 1962 162 1994 σμοῖς
175 1961 233 1991 τοῖς
248 1960 350 1986 ἄνωθεν
367 1958 600 1996 ὲμπαροινοῦντας
615 1958 751 1991 εὐκόλως;

122 2007 150 2034 Β.
173 2006 278 2041 Πρέποι
294 2006 336 2032 ἄν.

120 2053 151 2078 Α.
172 2053 206 2079 Τί
225 2052 253 2078 δὲ
270 2052 302 2087 δὴ
319 2051 360 2084 τὸ,
380 2051 502 2087 πληροῦν
519 2050 552 2077 τὰ
567 2050 657 2077 πάντα
672 2049 813 2082 δύνασθαι,
829 2050 877 2076 καὶ

87 2098 128 2124 διὰ
150 2098 262 2124 πάντων
278 2098 328 2133 μὲν
342 2098 432 2133 ἣκειν.
447 2095 516 2124 εἶναι
538 2097 566 2123 δὲ
582 2096 630 2123 καὶ
649 2095 679 2121 ἐν
698 2096 780 2129 πᾶσι,
802 2095 877 2129 δοίης

89 2143 120 2171 ἂν
132 2145 215 2181 ἑτέρᾳ
231 2143 311 2179 φύσει
325 2145 400 2180 παρὰ
415 2144 464 2179 τὴν
479 2143 572 2178 Gaia»;

122 2190 156 2216 Β.
172 2191 232 2217 Οὐκ
245 2190 332 2225 ἔγωγε
342 2199 349 2206 ·
364 2189 423 2222 πῶς
443 2190 516 2226 γάρς

925 257 1024 284 eratin
1040 256 1186 292 principio,
1205 260 1233 283 et
1248 256 1273 282 iu
1289 255 1377 281 forma
1404 260 1431 282 et
1455 254 1610 289 a'qualitate
1624 253 1713 281 Patris

924 302 1097 337 Uuigenitus,
1121 302 1246 337 quamvis
1271 301 1381 337 longum
1408 308 1441 328 ea
1468 301 1493 327 iu
1515 307 1543 328 re
1560 308 1713 328 sermonem

925 354 1003 376 antea
1019 348 1270 382 consumpserimus
1283 347 1295 374 ?

961 395 991 422 Β.
1005 393 1151 421 Pervelim.

960 441 994 468 Α.
1013 439 1118 474 itaque,
1141 447 1189 475 per
1213 447 1306 467 vocem
1331 439 1438 474 quidem
1459 438 1534 466 Isaize
1558 439 1624 466 dicit.
1647 440 1717 466 Dens

928 494 959 514 ac
971 486 1065 514 Pater:
1083 495 1093 511 ί
1112 485 1167 520 Ego
1182 485 1311 513 Dominus
1324 485 1407 518 Deus,
1419 486 1477 521 jam
1503 487 1537 513 ab
1553 486 1631 514 initio
1648 486 1682 514 ⁵⁵.
1702 497 1712 512 ι

926 533 1001 567 Ipsos
1017 540 1081 560 vero
1104 538 1214 560 sanctos
1235 536 1326 567 patres
1343 533 1375 560 ad
1393 534 1480 568 ipsum
1501 534 1651 562 clamantes
1669 542 1717 560 an-

925 579 984 607 dire
998 579 1078 606 licet:
1098 589 1106 605 ι
1122 578 1217 607 Nonne
1239 584 1265 606 tu
1283 580 1316 606 ab
1333 580 1411 606 initio
1428 579 1560 608 Dominus
1581 580 1652 608 Deus
1668 589 1717 607 no-

925 629 991 658 ster,
1003 629 1030 652 et
1051 632 1103 652 non
1117 624 1264 651 morimur?
1283 634 1291 650 ι
1309 624 1379 652 Ecce
1395 624 1466 652 Deus
1483 626 1517 652 ab
1535 626 1614 653 initio
1629 627 1717 652 uomi-

927 676 1017 704 natur,
1037 676 1064 699 et
1080 676 1121 699 est
1143 680 1236 700 revera
1253 672 1325 699 Dens
1341 680 1372 699 ac
1388 670 1479 699 Pater.
1497 672 1609 699 Divinus
1627 677 1716 699 autem

926 716 1057 750 Joannes,
1071 725 1132 745 cum
1152 718 1185 745 ad
1199 725 1249 745 nos
1263 719 1295 745 de
1304 717 1375 745 Filio
1390 719 1472 745 verba
1485 718 1602 747 iaceret:
1616 728 1624 744 ι
1638 718 1714 752 Quod

926 767 986 790 eral.
1015 764 1049 790 ab
1075 763 1172 797 initio,
1203 765 1275 799 quod
1301 764 1475 795 audivimus,
1503 766 1575 799 quod
1601 765 1718 792 vidimus

926 809 1014 837 oculis
1027 809 1141 842 nostris,
1159 810 1230 844 quod
1246 810 1444 844 perspeximus,
1459 815 1486 837 et
1502 817 1597 837 manus
1617 815 1718 838 nostra!

925 860 1163 883 contrectaverunt
1177 856 1209 883 de
1221 854 1311 884 Verbo
1326 856 1387 884 vita:
1399 857 1432 882 9“.
1447 866 1456 884 ι
1468 855 1618 884 Nonnullos
1626 861 1716 884 autent

925 901 966 928 sic
980 901 1168 936 alloquebatur
1182 911 1188 928 :
1208 911 1218 928 ‹
1235 902 1333 929 Scribo
1350 902 1439 934 vobis,
1458 905 1560 937 patres,
1590 903 1716 936 quoniam

926 948 1095 983 Cognovistis
1120 955 1181 975 eum
1194 949 1239 983 qui
1265 948 1298 976 ab
1326 948 1404 976 initio
1421 954 1461 976 est
1474 948 1506 975 ".
1523 958 1532 974 ›
1547 948 1613 981 Quis
1625 953 1716 975 autem

927 993 972 1022 ille
986 995 1041 1026 sit,
1065 994 1124 1030 ipse
1149 1002 1245 1023 rursus
1277 995 1369 1022 dixit:
1386 1003 1396 1020 ε
1418 994 1481 1022 "me
1508 995 1571 1022 dicit
1597 995 1644 1029 qui
1665 998 1717 1026 est,

926 1040 972 1076 qui
993 1044 1063 1073 erat,
1085 1045 1112 1068 et
1139 1041 1184 1076 qui
1210 1045 1341 1068 venturus
1364 1045 1406 1068 est
1420 1041 1453 1068 ’⁸.
1467 1051 1477 1067 ι

963 1087 994 1115 Β.
1013 1087 1120 1115 Atcnitn
1136 1088 1227 1115 dicent
1241 1087 1323 1115 fuisse
1337 1087 1445 1122 quidem
1467 1088 1549 1114 etiam
1567 1092 1629 1115 ante
1639 1095 1718 1115 erea-

928 1133 1049 1166 tiouem;
1079 1134 1150 1168 quod
1178 1138 1269 1160 autem
1287 1133 1358 1160 Deus
1377 1139 1461 1166 esset,
1490 1133 1610 1161 nondum
1644 1134 1718 1162 clare

927 1179 1064 1214 cognitum
1081 1185 1133 1211 est,
1151 1179 1291 1215 inquiunt.
1320 1180 1428 1215 Accipit
1446 1181 1530 1213 enim,
1560 1181 1637 1216 quasi
1663 1188 1717 1207 non

928 1225 1036 1257 habent,
1060 1226 1193 1254 videlicet.

963 1270 994 1298 A.
1009 1271 1091 1305 Atqui
1106 1278 1195 1299 nonne
1207 1277 1360 1307 opportune
1372 1279 1422 1300 nos
1437 1271 1471 1299 iis
1488 1272 1536 1308 qui
1557 1273 1718 1301 abominan-

927 1317 991 1345 dum
1017 1317 1087 1344 istud
1112 1317 1255 1351 proferunt
1285 1321 1501 1350 succensentes,
1534 1324 1717 1351 reponemus:

930 1364 1039 1397 «Surdi,
1056 1364 1159 1396 audite,
1173 1367 1198 1391 et
1211 1363 1287 1395 cteci,
1305 1363 1443 1398 respicite.
1456 1373 1465 1389 ι
1476 1363 1543 1391 Cum
1554 1363 1626 1390 enim
1642 1365 1719 1391 theo-

928 1410 1004 1444 logus
1025 1414 1052 1437 ct
1072 1410 1237 1443 evangelista
1263 1409 1365 1436 diserte
1381 1409 1483 1436 scribat
1501 1416 1553 1436 uon
1567 1409 1639 1445 qttod
1658 1413 1719 1437 erat

928 1455 1101 1491 simpliciter,
1119 1455 1166 1482 sed
1184 1455 1255 1490 quod
1275 1454 1347 1482 Deus
1361 1460 1421 1482 erat
1435 1455 1565 1487 Verbum,
1580 1455 1718 1483 ebriorum

928 1511 960 1531 ac
989 1502 1195 1530 temulentorum
1222 1509 1296 1529 more
1313 1502 1346 1528 ad
1362 1501 1470 1536 quidvis
1493 1505 1599 1529 temere
1625 1493 1718 1534 delati,

929 1549 1097 1576 subsannaut
1114 1547 1267 1575 veritatem.
1286 1548 1343 1582 Age
1362 1555 1442 1582 ergo,
1467 1548 1528 1575 aliis
1542 1556 1650 1583 quoque
1671 1557 1718 1576 ra-

930 1594 1049 1622 tionibus
1075 1593 1209 1628 progressi
1236 1592 1319 1620 Demn
1344 1594 1493 1621 secundum
1510 1599 1636 1622 naturam
1658 1602 1722 1623 csso

929 1647 1108 1676 agnoscamus
1143 1639 1253 1666 Filium.
1287 1638 1412 1674 Nunquid
1440 1641 1464 1667 ei
1492 1640 1538 1674 qui
1568 1641 1717 1667 secundum

929 1690 1052 1714 naturam
1072 1685 1144 1712 Deus
1161 1691 1203 1713 est
1220 1686 1348 1713 convenit
1373 1686 1520 1720 unicuique
1543 1686 1615 1720 leges
1630 1686 1722 1722 impo-

928 1739 1007 1762 nere,
1024 1738 1125 1765 eosque
1142 1731 1254 1757 laudare
1274 1731 1320 1765 qui
1336 1731 1369 1757 ad
1387 1731 1455 1766 legis
1473 1732 1660 1766 przescriptum
1675 1733 1721 1760 de-

928 1781 1012 1811 gunt,
1038 1783 1069 1802 ac
1093 1777 1233 1803 honestam
1264 1781 1292 1802 et
1314 1775 1476 1803 laudabilem
1502 1777 1583 1803 vitam
1617 1777 1721 1809 colunt,

929 1827 1073 1857 peccantes
1089 1826 1178 1849 autem
1202 1822 1300 1857 punire
1317 1829 1366 1849 ceu
1384 1822 1545 1856 prmfcroces
1557 1828 1585 1849 et
1603 1823 1721 1850 insolen-

929 1872 982 1900 tes,
995 1873 1023 1896 et
1038 1869 1143 1903 legibus
1161 1869 1260 1896 divinis
1279 1868 1357 1896 facile
1372 1869 1553 1897 insultantes?

966 2000 995 2027 ιι.
1013 1999 1147 2027 Convenit
1162 1999 1245 2035 569
1260 2005 1342 2029 certe.

963 2046 996 2074 A.
1013 2046 1082 2080 Quid
1108 2054 1183 2077 vero.
1208 2046 1298 2073 omnia
1325 2046 1437 2081 implere
1461 2055 1551 2082 posse,
1575 2052 1602 2074 et
1628 2048 1720 2075 omnia

930 2099 1082 2127 permeare,
1100 2097 1127 2119 et
1143 2092 1170 2118 in
1188 2093 1314 2120 omnibus
1328 2100 1399 2126 esse,
1415 2097 1478 2121 tune
1490 2094 1536 2121 alii
1553 2099 1656 2122 natura:
1670 2095 1720 2122 tri-

928 2138 1021 2166 bueris
1032 2146 1112 2172 quam
1127 2137 1246 2164 divinze?

965 2185 993 2212 Β.
1009 2185 1078 2217 Νοη,
1095 2185 1236 2219 equidem:
1253 2185 1299 2219 qui
1315 2185 1387 2212 cnim
1400 2184 1457 2212 ﬁeri
1475 2185 1579 2219 possit?

120 2236 152 2262 A.
173 2235 211 2262 Τὸ
224 2236 262 2268 δὲ,
278 2235 336 2271 Θεῷ
350 2235 538 2262 πολιτεύεσθαι
554 2235 601 2262 καὶ
614 2234 745 2267 διαϐιοῦν,
763 2235 874 2271 αῦχημά

964 2231 997 2258 Δ.
1016 2230 1043 2258 ln
1056 2230 1111 2258 Deo
1122 2238 1203 2264 porro
1225 2231 1322 2265 degere
1338 2237 1370 2258 ac
1401 2230 1510 2262 vivere,
1532 2231 1641 2266 Deoque
1662 2231 1720 2267 glo-

87 2289 115 2307 τε
137 2281 273 2308 ποιεῖσθαι
296 2281 372 2313 Θεὸν,
389 2278 449 2317 οὖχὶ
470 2283 549 2317 φαῖεν
573 2282 618 2315 ἂν,
640 2278 663 2308 ὦ
687 2282 778 2317 ἑταῖρε
791 2302 799 2314 ,
822 2283 878 2314 τοῖς

87 2326 172 2362 ἁγίοις
189 2327 394 2364 ἁρμοδιώτατον
405 2337 413 2362 ;

121 2374 151 2400 Β.
171 2375 247 2400 Πάνυ
263 2374 312 2409 μὲν
329 2371 387 2401 οὖν.

120 2421 152 2447 Δ.
176 2420 230 2446 ’1οι
246 2419 278 2455 δὴ
293 2417 351 2453 οὖν,
365 2419 454 2446 ἐκεῖνο
469 2420 582 2456 φράσον.

122 2465 152 2492 Β.
175 2465 213 2491 Τὸ
226 2466 302 2491 ποῖον
312 2473 320 2498 ;

121 2511 152 2538 Α.
173 2511 242 2546 Οὐχὶ
259 2520 269 2536 ι
289 2511 365 2537 πᾶσα
387 2510 460 2543 δόσις
484 2511 592 2547 ἀγαθὴ,
616 2511 662 2538 καὶ
685 2511 739 2538 πᾶν
761 2510 876 2546 δώρημα

87 2557 197 2590 τέλειον,
218 2556 322 2584 ἄνωθέν
337 2557 396 2583 ἐστι
411 2557 573 2584 καταϐαῖνον
594 2559 626 2583 ἐκ
640 2557 687 2583 τοῦ
702 2557 808 2592 Πατρὸς
822 2557 876 2583 τῶν

88 2601 194 2636 φώτων,
211 2611 221 2628 ι
234 2602 314 2636 λόγος
325 2602 354 2628 δὲ
365 2602 472 2636 σοφίας,
486 2602 516 2628 τὸ
529 2602 637 2629 πάντων
650 2601 767 2637 μάλιστα
782 2601 877 2637 τιμαλ-

86 2648 218 2683 φέστατον
227 2657 235 2682 ;

121 2695 150 2722 Β.
171 2695 306 2744 Σύμφημι
321 2704 329 2711 ·
349 2695 470 2732 Γράμμα
486 2695 541 2730 γὰρ
556 2691 608 2721 ὧδέ
622 2703 705 2730 φησιν
724 2694 806 2730 ἱερόν.

121 2743 155 2768 A.
176 2739 233 2768 Θέᾶ
255 2743 288 2778 δὴ
302 2740 349 2769 οὖν
371 2742 425 2769 τῶν
442 2741 545 2769 ἄνωθέν
561 2750 591 2767 τε
606 2741 654 2767 καὶ
671 2742 702 2767 ὲκ
717 2739 822 2776 Πατρὸς
841 2740 879 2772 ὼς

89 2789 160 2823 ἡμᾶς
179 2789 301 2824 ἡκόντων
322 2788 433 2823 ἀγαθῶν
447 2787 577 2822 διανομέα
600 2787 648 2814 καὶ
665 2786 808 2822 πρύτανιν,
830 2787 878 2813 καὶ

123 2877 208 2905 "lso.
227 2886 303 2910 mu,
322 2878 364 2910 ιτ,
384 2878 425 2904 l3.
466 2875 600 2903 “lJoau.
619 2884 638 2907 ι,
658 2876 681 2903 l.

210 2925 343 2955 Partim.
362 2925 419 2952 (iu.
444 2923 555 2952 LXXV.

720 2876 741 2890 ’⁷
759 2875 856 2902 lloau.
877 2883 906 2907 ιι,
925 2875 967 2902 l5.

932 2278 1009 2310 riari,
1032 2277 1153 2312 nunquid
1168 2277 1271 2305 sanctis
1287 2276 1410 2312 apprime
1421 2277 1568 2305 convenire
1584 2277 1720 2311 dixerint,

932 2322 1038 2350 amice?

967 2369 997 2396 B.
1015 2369 1053 2395 lla
1073 2375 1193 2403 prorsus.

968 2416 1001 2443 Δ.
1018 2415 1074 2451 Age
1082 2423 1159 2450 ergo,
1177 2415 1220 2442 dic
1235 2415 1313 2442 nobis
1327 2415 1401 2443 illud.

966 2461 997 2488 ll.
1012 2461 1168 2494 Quidnam?

968 2507 1000 2534 A.
1017 2506 1142 2540 Nunquid
1166 2515 1176 2532 ι
1196 2514 1276 2534 omne
1302 2506 1395 2534 datum
1420 2505 1551 2541 optimttm
1565 2524 1573 2537 ,
1591 2508 1619 2533 et
1640 2513 1721 2532 omne

931 2553 1031 2580 donum
1045 2552 1196 2587 perfectum
1210 2553 1354 2580 desursum
1373 2555 1415 2579 est
1430 2551 1602 2579 descendens
1613 2559 1627 2578 a
1641 2552 1720 2578 Patre

933 2599 1062 2627 luminum
1086 2599 1128 2632 θ’,
1159 2608 1169 2625 ι
1195 2606 1287 2626 scrtno
1308 2603 1399 2626 autem
1430 2598 1583 2634 sapientiae,
1610 2606 1652 2625 res
1680 2605 1720 2625 est

932 2646 1052 2673 onmium
1068 2645 1264 2680 pretiosissima
1276 2644 1288 2670 ?
1664 2638 1673 2648 ‘

965 2691 996 2718 Β.
1015 2691 1176 2719 Assentior:
1195 2691 1234 2719 sic
1250 2691 1323 2718 enim
1339 2690 1483 2725 Scriptura
1495 2698 1572 2718 sacra
1587 2690 1717 2726 loquitur.

967 2739 998 2765 A.
1013 2739 1161 2767 Considera
1177 2739 1267 2773 itaque
1282 2745 1462 2772 supernorum
1475 2738 1609 2766 bouormn
1622 2742 1649 2763 ιιι
1664 2744 1719 2767 (ιιιιν

931 2794 944 2813 a
958 2785 1037 2813 Patre
1050 2785 1076 2812 in
1095 2793 1144 2813 nos
1162 2785 1302 2811 dimanaut
1331 2784 1536 2812 distributorem
1560 2788 1587 2810 et
1612 2782 1721 2816 largilo-

1005 2873 1120 2908 "Apoc.
1138 2881 1157 2902 ι.
1174 2874 1200 2900 8.
1241 2874 1263 2888 ⁹⁹
1275 2873 1331 2901 Jac.
1348 2881 1367 2905 I,
1385 2873 1428 2900 l7.

1536 2919 1568 2948 3|
