1918 3032
151 136 206 164 971

684 142 727 172 DE
747 145 796 173 SS.
817 146 1003 176 TRINH‘ATE
1023 147 1194 178 DlALOL‘US
1214 147 1246 178 ν.

1726 154 1778 180 978

150 194 195 228 ἐφ’
217 191 290 230 ᾗπερ
313 195 365 231 ἔφη
385 197 452 224 Θεὸν
471 200 569 226 ἑαυτοῦ
589 201 635 228 τὸν
665 203 773 239 Πατέρα
790 214 796 220 ’
811 207 869 239 πῶς
891 208 934 234 οὐ)

994 210 1113 244 nunquid
1138 209 1292 237 necessario
1315 209 1456 238 dicendum
1472 214 1525 242 est,
1548 219 1715 246 nequaquam
1734 220 1782 239 nos

150 240 300 272 ἀναγκαῖον
315 243 412 274 εἰπεῖν,
425 244 467 270 ὅτι
482 246 632 279 νομοθέτας
644 248 693 282 μὲν
707 251 754 276 καὶ
768 251 887 286 ὁριστὰς,
905 250 943 281 ὧν

149 286 185 311 ἂν
202 286 337 321 βούλοιντο
352 290 421 315 νοεῖν
435 289 450 325 ἢ
463 290 551 324 λέγειν
568 294 791 330 παραδεξαίμεοα
812 297 845 323 ἂν
861 299 941 325 οὐδα-

150 332 222 365 μῶς.
241 333 342 367 πρέποι
357 334 380 360 δ’
399 335 432 362 ἂν
454 337 553 370 μᾶλλον
574 338 640 373 ἡμῖν
662 341 720 372 ταῖς
743 342 790 368 τοῦ
815 343 941 379 Σωτῆρος

149 379 255 410 φωναῖς
279 379 427 415 ἀπονέμειν
450 382 480 408 τὸ
501 383 619 419 ἀληθέςς
641 386 710 422 Ἔφη
731 388 838 415 τοίνυν
864 391 941 417 (Ὅτι

147 424 302 471 πορειξομαι
317 426 385 461 πρὸς
398 427 443 453 τὸν
461 428 570 465 Πατέρα
587 439 649 465 μου,
667 432 714 458 καὶ
730 434 838 470 Πατέρα
852 435 939 471 ὑμῶν,

147 469 197 495 καὶ
217 470 282 495 Θεόν
307 479 368 506 μοιτ,
396 473 443 499 καὶ
463 474 530 501 Θεὸν
546 476 633 509 ὑμῶν.
646 487 655 503 ι
673 469 938 515 Διατεινέσϐωνοῦν,

146 514 256 564 οτι-καὶ
275 518 373 564 ἒὴμεῖς,
392 519 446 545 υἱοὶ
469 522 527 555 μετ’
549 522 632 549 αὐτοῦ
655 524 725 551 κατὰ
748 525 838 559 φύσιν,
860 527 939 564 εἴπερ

147 560 223 588 ἐστὶν
251 562 332 594 αὐτὸς
368 564 429 598 μεθ’
460 566 538 601 ἡμῶν
567 568 638 594 κατὰ
665 568 747 603 φύσιν
779 571 831 597 ὑπὸ
861 560 937 600 Θεόν.

147 606 306 642 Πορεύομαι
326 609 391 644 γὰρ,
415 611 492 644 φησὶ,
514 612 582 648 πρὸς
600 613 646 640 τὸν
673 615 779 651 Πατέρα
805 625 867 651 μου,
891 618 940 644 καὶ

146 651 260 687 Πατέρα
279 653 367 688 ὑμῶν.
392 655 428 680 Τὸ
452 656 480 682 δὲ
502 657 564 689 Υἱὸς
581 658 676 694 ὕνομα,
701 660 732 686 τὸ
748 661 884 695 οὑσιωδῶς
908 664 940 690 ὲκ

147 697 258 732 Πατρὺς
279 700 462 734 γεγεννῆσθαι
487 701 572 738 δηλοῖ.
598 705 722 732 Πλεῖστοι
751 707 782 743 δὴ
812 707 859 735 οὖν
880 709 938 736 ὅσοι

145 743 219 769 κατὰ
233 745 313 778 φύσιν
328 746 391 778 υίοὶ,
407 747 506 781 μᾶλλον
523 749 551 775 δὲ
564 750 682 786 ἀριθμοῦ
698 752 863 788 κρείττονες*
880 755 936 788 καὶ,

144 788 178 814 τὸ
199 791 247 824 τῆς
263 789 419 826 δυσφημίας
439 794 579 829 παρείσθω
593 796 705 829 πλάτος,
722 799 746 825 εί
768 800 869 832 πάντες
883 802 937 828 υἱοὶ

145 835 219 861 κατὰ
241 835 331 869 φύσιν,
357 837 442 874 ταύτῃ
457 848 499 866 τοι
510 841 556 866 καὶ
578 841 644 869 θεοί.
675 843 744 870 Ἀλλ’
774 843 851 880 οἶμαι
885 855 938 874 που

144 879 258 912 πάντως
278 882 379 909 αὐτίκα
403 883 436 918 δὴ
463 885 535 919 μάλα
554 886 638 921 ἐρεῖν,
663 888 703 915 ὃτι
723 879 809 921 ξένιον
830 891 880 926 μὲν
900 894 939 924 εὶς

144 927 221 960 ἡμᾶς
240 928 410 962 ὴμεράτητος
433 929 513 962 Θεοῦ,
546 933 576 959 τὸ
602 935 652 969 τῆς
679 935 803 971 υἱότητος
831 938 938 973 ὄνομα·

144 975 273 1019 γηγενεῖς
290 974 344 1010 γὰρ
363 974 437 1008 ὄντες
457 977 508 1012 τὴν
525 978 615 1012 φύσιν,
633 980 684 1007 οὐκ
705 982 735 1008 ὲκ
759 982 827 1009 Θεοῦ
846 992 939 1019 γεγενς

143 1018 262 1052 νήμεθα,
288 1021 358 1047 κατά
380 1029 412 1055 γε
427 1022 473 1048 τὴν
488 1023 576 1058 ἀληθῆ
591 1025 640 1059 τῆς
654 1027 808 1062 γεννήσεως
824 1029 938 1065 τρόπον,

143 1063 246 1095 ἔξωθεν
260 1065 288 1091 δὲ
301 1066 366 1100 ἡμῖν
382 1068 428 1094 καὶ
451 1069 668 1105 είσκεκριμένον,
686 1073 716 1098 τὸ
730 1074 827 1108 χρῆναι
843 1063 939 1103 ααλεῖν

143 1109 326 1157 Πατέρα-τὸν
354 1113 427 1140 Ηεόν.
458 1112 524 1141 Εἶτα
550 1116 586 1148 τί,
604 1118 704 1152 φαῖμεν
721 1119 754 1145 ἂν
783 1121 831 1147 καὶ
858 1122 939 1157 ἡμεῖς

141 1155 246 1187 αὐτοῖς,
260 1153 282 1182 ὦ
298 1157 386 1184 πάντα
402 1159 556 1195 τολμῶντες
572 1163 700 1195 εὐκόλως,
716 1165 742 1191 τί
758 1165 794 1201 μὴ
812 1153 874 1202 οὐχί
883 1170 938 1200 τοῖς

143 1200 213 1232 ἴσοις
228 1203 414 1231 ἀπευθύνεσθε
435 1205 575 1241 λογισμοῖς
590 1209 658 1243 πρὸς
679 1210 710 1236 τὺ
731 1200 819 1246 ὀρθῶς
891 1214 938 1242 καὶ

142 1246 302 1295 αμωμήτως
319 1249 392 1284 ἔχον,
416 1252 641 1289 παραληροῦντες
655 1255 682 1282 δὲ
700 1256 787 1289 οὕτως
802 1259 851 1285 οὐκ
872 1260 938 1295 ὲρυη-

142 1291 238 1327 θριᾶτε
259 1295 371 1330 μακράς
395 1297 457 1330 Πῶς
472 1299 527 1334 γὰρ
541 1300 590 1326 οὐκ
607 1301 717 1335 ἄμεινον
734 1291 937 1339 διενουμεῖσδαι

143 1339 244 1372 σοφῶς,
260 1340 297 1372 ὡς
308 1341 423 1377 ἐπείπερ
441 1344 499 1370 ἐστὶ
523 1345 593 1372 κατὰ
613 1346 695 1380 φύσιν
711 1349 742 1374 ὲκ
759 1349 837 1381 Θεοῦ,
857 1359 936 1377 τουτ-

141 1382 228 1415 έστιν,
261 1385 293 1411 ἐκ
309 1387 358 1421 τῆς
374 1387 468 1420 οὐσίας
485 1389 532 1415 τοῦ
551 1391 668 1426 Πατρὺς,
683 1393 799 1424 ἀκαλλὲς
814 1395 889 1430 αὐτῷ
906 1396 936 1422 τὸ

143 1430 368 1466 συναριθμεῖσθαι
391 1434 534 1469 κτίσμασι,
561 1437 660 1472 πρέποι
673 1438 695 1464 δ’
712 1438 746 1465 ἂν
768 1439 878 1473 μᾶλλον,
905 1441 936 1468 τὸ

141 1473 213 1502 εἶναι
229 1476 296 1503 Θεόν
309 1486 315 1510 ;
333 1479 379 1505 καὶ
400 1480 494 1516 ἐπειδὴ
511 1482 634 1517 πέφηνεν
648 1483 800 1519 ἄνθρωπος,
813 1487 935 1522 εἰσποίη-

139 1524 187 1550 τόν
201 1532 232 1550 τε
249 1525 296 1551 καὶ
323 1527 441 1553 ἐπακτὸν
454 1527 496 1562 εἴη
514 1528 599 1563 δήπου
619 1530 730 1562 πάντως
751 1531 783 1558 ἂν
800 1534 868 1567 μετὰ
883 1534 934 1568 τῆς
947 1555 968 1583 C

142 1570 244 1583 --.ι-ιλ-
262 1571 306 1583 .Α.Λ
324 1571 377 1583 -.Ἷμ
393 1572 422 1583 ξε
435 1582 442 1583 κ
460 1574 470 1583 5,
491 1573 504 1583 Λ
577 1575 583 1582 I
713 1577 717 1583 Ι
851 1579 856 1583 .
885 1580 891 1583 .
921 1580 926 1583 μ

140 1570 244 1604 σαρκὸς
262 1571 309 1596 καὶ
323 1571 377 1598 τῶν
391 1572 442 1607 τῆς
455 1573 666 1610 ἁνθρωπότητος
685 1577 792 1612 μέτρων
802 1598 810 1611 ,
833 1579 863 1606 τὸ
882 1580 935 1606 ὑπὸ

139 1615 201 1650 Θεῷ
212 1617 338 1650 γενέσθαι
356 1618 401 1645 τὸν
415 1618 444 1651 ἐξ
457 1619 540 1646 αὑτοῦ
553 1630 560 1654 ;

176 1662 207 1689 Β.
237 1663 305 1689 Ἀλλ’
323 1664 346 1690 εί
374 1665 468 1700 μηδὲν,
492 1667 571 1701 φησὶ,
599 1668 631 1694 τὸ
655 1669 784 1704 διάφορον
808 1671 837 1697 ἐν
865 1672 931 1708 Υῐῷ,

139 1707 208 1739 Θεὸς
225 1708 253 1734 δὲ
267 1709 354 1742 οὕτως
370 1711 454 1743 ἐστὶν,
472 1711 566 1748 ὥσπερ
582 1714 614 1740 ἂν
629 1717 715 1742 νοοῖτο
737 1717 784 1743 καὶ
795 1718 809 1744 6
824 1718 931 1754 Πατὴρ,

140 1754 254 1786 πάντως
275 1764 328 1782 που
353 1757 400 1782 καὶ
425 1757 482 1784 ἴσον
508 1758 590 1793 ἐρεῖς,
614 1760 662 1787 καὶ
688 1762 748 1788 κατ’
771 1762 847 1790 οὐδὲν
863 1764 933 1797 ὅλως·

140 1801 394 1836 μειονεκτούμενον.
425 1801 492 1831 Εἶτα
522 1805 580 1837 πῶς
602 1804 847 1841 έφασκενάὺτός·
874 1819 882 1836 ι
904 1810 932 1837 '0

139 1845 237 1880 Πατὴρ
254 1847 353 1881 μείζων
371 1847 421 1882 μού
439 1849 533 1881 tactv;
549 1860 559 1875 ι

174 1891 209 1917 Α.
222 1891 288 1917 Θεοῦ
303 1893 366 1928 γὰρ,
383 1893 444 1919 εἰπέ
461 1903 518 1929 μοι,
534 1895 602 1930 πρὸς
622 1895 698 1928 Θεὸν,
723 1898 747 1924 εἰ
765 1897 810 1924 ἐπ’
829 1899 933 1934 ἀμφοῖν

137 1938 228 1963 νοοῖτο
243 1938 273 1964 τὸ
285 1939 365 1972 φύσει
382 1949 411 1966 τε
429 1941 476 1967 καὶ
487 1941 607 1976 ἀληθῶς,
624 1942 705 1970 ποίαν
717 1943 749 1970 ἄν
762 1953 804 1976 τις
819 1944 868 1971 ἴδοι
883 1945 932 1980 τὴν

137 1984 282 2019 διαφορὰν,
301 1985 317 2020 ἢ
339 1986 365 2012 τί
380 1986 409 2012 τὸ
427 1987 594 2022 μεσολαϐοῦν
608 1989 680 2016 κατά
698 1997 729 2023 γε
752 1991 782 2016 τὸ
804 1991 932 2026 ὲτεροίως

137 2031 212 2066 ἔχειν
226 2039 233 2063 ;
253 2032 361 2067 Ἐπειδὴ
379 2033 406 2059 δὲ
424 2035 587 2072 χαρακτῆρα
599 2034 648 2062 τοῦ
663 2036 781 2071 Πατρὺς,
798 2037 890 2072 ἄκρως
902 2047 931 2064 τε

138 2077 189 2103 καὶ
206 2077 277 2112 πέρα
294 2078 374 2112 λόγου
388 2079 499 2110 παντὸς,
513 2080 595 2107 οἱονεί
610 2090 668 2113 πως
688 2081 932 2118 ἐκτετορνευμένον

137 2124 180 2154 εὶς
196 2123 346 2158 ἐμφέρειαν
357 2124 474 2160 φυσικὴν
488 2125 714 2162 διεϐεϐαιούμεθα
723 2128 769 2154 τὸν
782 2128 858 2155 Υίόνσ
874 2129 933 2161 πῶς

138 2166 174 2192 ἂν
187 2168 263 2202 ἡμῖν,
285 2169 364 2204 εἴπερ
387 2169 494 2205 ἀληθῶς
515 2171 544 2197 ἐν
563 2172 652 2206 μείοσι
669 2174 717 2200 καὶ
741 2174 802 2209 οὐχὶ
820 2175 931 2207 τελείως

994 263 1088 282 eorum
1103 256 1259 290 praescripto
1285 260 1312 283 et
1335 256 1452 283 arbitrio
1473 261 1607 289 staturos,
1637 259 1683 284 sed
1697 261 1782 293 magis

996 300 1093 326 decere
1107 305 1135 326 ut
1151 300 1304 327 Servatoris
1315 302 1427 328 vocibus
1440 302 1580 329 veritatem
1593 303 1782 330 ascribamus?

986 345 1162 381 Dixitergo:
1184 355 1193 372 ι
1222 346 1289 379 Quia
1317 347 1385 373 vado
1412 348 1445 374 ad
1476 348 1583 375 Patrem
1618 357 1718 382 meum,
1754 354 1782 376 ct

993 391 1100 418 Patrem
1115 396 1246 423 vestrum,
1256 392 1336 419 Deum
1348 400 1446 426 nieum,
1458 398 1485 420 et
1498 393 1580 420 Deum
1591 399 1710 420 vestrum
1721 394 1754 421 ’⁸.
1769 403 1778 420 ι

991 435 1163 463 Contendant
1177 437 1256 470 igitur
1270 445 1317 464 nos
1332 445 1438 472 quoque
1452 438 1520 466 ﬁlios
1547 446 1607 465 esse
1634 446 1694 466 cum
1723 439 1780 474 ipso

991 482 1140 508 secundum
1155 487 1292 516 naturam,
1306 483 1328 510 si
1356 484 1465 517 cstipse
1494 484 1636 511 nobiscum
1655 485 1705 511 sub
1725 484 1781 512 Deo

991 527 1139 554 secundum
1155 532 1287 555 naturam.
1317 528 1391 556 Vado
1401 530 1485 563 enim,
1516 529 1596 565 573
1621 531 1721 565 inquit,
1746 530 1779 558 ad

990 569 1098 597 Patrem
1123 578 1222 603 meum,
1248 577 1274 599 ct
1299 572 1406 600 Patrem
1443 579 1572 601 vestrum.
1590 574 1658 602 lllud‘
1688 580 1780 602 autem

992 623 1089 642 nomen
1130 616 1223 648 Filius,
1257 618 1473 646 substantialiter
1498 625 1531 647 ex
1559 619 1638 647 Patre
1658 621 1778 656 genitum

990 669 1050 689 csse
1061 661 1206 696 signiﬁcat.
1225 663 1336 690 Plurimi
1351 672 1414 699 ergo
1425 670 1487 692 sunt
1496 667 1643 693 secundum
1655 672 1778 693 naturam

991 705 1050 738 ﬁlii,
1060 706 1113 734 imo
1123 714 1185 733 vero
1199 707 1342 740 inntnneri,
1367 713 1393 736 et
1410 709 1495 744 (absit
1504 710 1586 737 verbo
1599 711 1776 745 blasphemia)

991 751 1013 778 si
1031 758 1126 779 omnes
1146 757 1208 779 sunt
1225 754 1372 780 secundum
1389 759 1514 781 naturam
1537 755 1596 787 lilii,
1618 763 1681 791 ergo
1695 757 1776 783 etiam

991 798 1038 824 dii.
1076 797 1129 825 Sed
1171 798 1243 826 illico
1281 800 1489 834 respondebunt,
1531 801 1638 834 opinor,
1677 802 1777 829 donum

991 844 1100 878 quidem
1135 846 1161 872 in
1195 845 1271 873 nobis
1307 853 1366 873 esse
1400 846 1529 874 bonitatis
1558 847 1604 874 Dei
1640 848 1776 876 ﬁliationts

957 888 975 914 Β
992 897 1103 916 nomen:
1115 898 1175 916 cum
1193 890 1265 916 enim
1281 891 1422 926 terrigenae
1451 891 1536 918 simus
1563 892 1712 919 secundum
1729 899 1773 919 ua.

991 941 1090 969 turatn,
1112 944 1144 963 ex
1170 937 1225 963 Deo
1246 936 1329 971 geniti
1358 944 1409 964 non
1426 944 1520 964 smnus
1542 945 1607 964 vero
1630 937 1776 972 generandi

990 982 1082 1014 modo,
1109 986 1137 1008 et
1162 986 1303 1008 externum
1333 986 1415 1016 atque
1449 982 1595 1010 ascititium
1618 983 1695 1010 nobis
1724 989 1776 1014 est.

989 1029 1061 1063 quod
1085 1028 1168 1055 Deum
1196 1035 1324 1055 vocantes
1349 1028 1467 1056 Patrem.
1493 1028 1529 1055 At
1552 1036 1611 1060 vos,
1627 1030 1669 1056 ad-
1685 1030 1776 1057 omnia

990 1073 1106 1101 audaces
1120 1081 1151 1100 ac
1171 1073 1324 1107 praecipites
1345 1074 1400 1107 (sic
1413 1074 1485 1100 enim
1498 1075 1661 1109 compellare
1675 1075 1776 1110 juvat),

989 1126 1039 1146 cur
1051 1127 1103 1146 non
1118 1119 1212 1147 iisdem
1240 1120 1390 1147 rationibus
1416 1120 1450 1147 ad
1482 1119 1508 1147 id
1539 1121 1610 1154 quod
1628 1125 1731 1148 rectum
1748 1127 1776 1148 et

989 1165 1155 1200 inculpatum
1169 1170 1210 1193 est
1230 1166 1353 1198 ten'ditis,
1368 1171 1396 1193 et
1421 1170 1510 1193 tantas
1527 1173 1611 1200 nugas
1626 1174 1707 1200 agere
1724 1174 1775 1193 non

988 1211 1169 1239 erubescitis?
1196 1211 1247 1245 Qui
1270 1211 1341 1238 enim
1373 1212 1459 1239 satius
1497 1219 1550 1238 non
1576 1217 1618 1238 est
1642 1212 1776 1246 sapienter

988 1257 1205 1284 animadvertere
1222 1257 1306 1292 quod,
1320 1264 1380 1284 cum
1402 1265 1434 1285 cx
1452 1257 1505 1284 Deo
1518 1258 1711 1285 sitsecuudum
1728 1267 1775 1285 na-

989 1307 1088 1335 turam,
1116 1304 1167 1330 hoc
1191 1308 1243 1335 est,
1269 1311 1302 1330 ex
1331 1303 1480 1330 substantia
1500 1303 1597 1334 Patris,
1618 1303 1773 1330 indecorum

987 1349 1011 1376 ei
1025 1349 1061 1376 sit
1088 1349 1260 1376 annumerari
1291 1349 1437 1381 creaturis,
1460 1349 1507 1376 sed
1525 1350 1612 1383 magis
1631 1350 1775 1376 conveniat

987 1402 1049 1422 esse
1071 1395 1175 1422 Deum?
1206 1399 1234 1422 et
1260 1402 1320 1422 cum
1339 1395 1494 1429 apparuerit
1522 1396 1613 1427 homo,
1627 1396 1773 1422 ascititiuut

986 1444 1014 1467 et
1044 1440 1222 1468 adventitiuut
1250 1441 1342 1476 utique
1366 1441 1403 1468 illi
1438 1441 1520 1468 fuerit
1551 1449 1613 1468 cum
1652 1449 1735 1469 carne
1747 1447 1775 1469 et

987 1487 1165 1515 humanitatis
1197 1488 1352 1516 conditione
1378 1489 1429 1515 sub
1456 1487 1512 1516 Deo
1537 1496 1598 1516 esse
1627 1495 1700 1522 cum,
1727 1488 1779 1522 qni-

986 1538 1026 1561 est
1042 1540 1073 1562 ex
1092 1534 1171 1569 ipso?

1020 1674 1051 1702 B.
1065 1674 1102 1702 A‘t
1114 1674 1136 1703 si
1151 1675 1228 1708 nihil,
1243 1668 1379 1709 inquiunt,
1409 1675 1545 1701 diversum
1567 1678 1609 1701 est
1639 1673 1665 1700 iu
1693 1673 1772 1705 Filio,

984 1721 1095 1755 perinde
1110 1725 1200 1748 autem
1218 1719 1287 1747 Deus
1301 1726 1342 1748 est
1358 1720 1481 1748 ae‘Pater
1491 1727 1551 1747 esse
1563 1726 1670 1754 quoque
1683 1726 1773 1746 cenSr-

984 1772 1028 1794 lur
1053 1766 1136 1799 Deus,
1161 1766 1292 1800 aequalem
1317 1766 1410 1799 utique
1434 1766 1518 1798 dit-es,
1547 1772 1578 1791 ac
1595 1764 1678 1791 nihilo
1694 1763 1772 1790 Patre

985 1813 1128 1840 minorem.
1144 1811 1203 1839 Jam
1218 1812 1354 1847 quomodo
1386 1812 1444 1847 ipse
1465 1812 1542 1844 dixit,
1566 1820 1574 1836 ι
1592 1810 1672 1838 Pater
1689 1810 1772 1845 major

983 1866 1027 1886 me
1038 1858 1108 1886 est"
1120 1858 1132 1884 ?
1147 1867 1156 1884 ι

1019 1904 1052 1930 Α.
1070 1903 1116 1930 Dei
1138 1910 1234 1937 nempe
1246 1903 1278 1929 ad
1295 1893 1393 1934 ‘Deum,
1413 1903 1509 1929 amabo
1524 1907 1559 1935 te,
1578 1903 1598 1929 si
1614 1902 1647 1929 de
1659 1907 1772 1936 utroque

983 1948 1152 1983 intelligatur
1178 1948 1253 1980 illud,
1279 1954 1374 1975 natura
1392 1953 1420 1974 et
1439 1955 1512 1979 vere,
1540 1955 1652 1982 ecquam
1683 1949 1772 1975 cernis

981 1994 1174 2025 differentiam,
1204 1998 1252 2020 aut
1265 1993 1328 2028 quid
1344 1993 1510 2021 diversitatis
1530 1993 1690 2020 intercedit?
1704 1987 1769 2020 Cum

982 2044 1071 2067 autem
1098 2039 1186 2067 Patris
1210 2039 1396 2066 characterem
1425 2046 1506 2073 supra
1534 2046 1613 2073 quam
1645 2039 1696 2066 dici
1724 2043 1771 2065 aut

982 2085 1097 2121 cogitari
1106 2090 1194 2120 potest
1206 2085 1239 2112 ad
1253 2086 1404 2112 naturalem
1422 2085 1625 2112 similitudinem
1641 2083 1769 2111 elforma-

983 2138 1038 2160 tutu
1065 2140 1125 2160 esse
1141 2132 1346 2162 contendamus,
1365 2130 1499 2165 qttomodo
1515 2130 1602 2161 nobis,
1636 2129 1768 2164 siquidem

983 2186 1078 2207 revera
1100 2178 1181 2205 Patre
1197 2178 1285 2205 minor
1297 2181 1349 2210 est,
1365 2181 1392 2203 et
1420 2175 1612 2210 imperieclior,
1636 2175 1663 2201 in
1678 2175 1768 2209 seipso

137 2213 214 2239 ἐστὶν
239 2215 268 2240 ἐν
291 2211 331 2246 οἷς
348 2216 361 2241 6
378 2215 481 2251 Πατὴρ,
504 2218 725 2254 κατασημήνειεν
740 2219 773 2246 ἂν
791 2221 821 2247 ὲν
843 2221 931 2256 ἑαυτῷ

987 2224 1199 2259 przestautiorem
1230 2227 1258 2250 et
1279 2222 1448 2257 superiorem
1464 2220 1550 2252 illum,
1565 2224 1594 2247 ut
1609 2219 1653 2247 isti
1666 2219 1768 2251 volunt,

136 2260 186 2286 τὸν
203 2261 307 2294 ἀμείνω
329 2270 357 2288 τε
375 2263 423 2288 καὶ
443 2263 643 2298 ὑπερκείμενον
665 2266 725 2303 κατ’
750 2266 867 2299 αὐτούςς
891 2267 928 2293 UO

136 2307 194 2342 γάρ
213 2316 262 2334 που
289 2308 319 2334 τὸ
340 2309 443 2341 ἐνδεὲς,
466 2309 513 2336 τοῦ
535 2310 646 2342 τελείως
666 2312 773 2347 ἔχοντος
797 2313 879 2340 είκών
898 2323 928 2341 τε

137 2354 187 2380 καὶ
209 2355 336 2390 ὁμοιότης
358 2356 566 2391 ἁπαραποίητος
587 2357 726 2389 παντελῶς
746 2359 789 2392 εἴη
807 2359 854 2385 ἄν·
871 2360 928 2386 ἀλλ’

136 2400 194 2427 οὐδ’
219 2401 252 2427 ἂν
272 2401 338 2433 Θεὸς
362 2402 541 2437 ὑπεράλλοιτο
558 2403 635 2434 Θεὸν,
658 2404 742 2439 ἢγουν
761 2405 790 2431 ὲν
809 2406 929 2440 χείροσιν

136 2447 237 2480 ἅτερος
252 2448 349 2483 ἁτέρου
368 2450 455 2476 νοοῖτό
471 2457 536 2475 ποτε
552 2449 624 2476 κατὰ
637 2450 666 2476 τὸ
687 2448 756 2477 εἶναι
772 2451 847 2483 Θεὸς.
866 2453 927 2479 ἐπεὶ

136 2493 207 2528 μηδὲ
231 2494 373 2529 ἅνθρωπος
386 2495 540 2530 ἀνθρώπου,
564 2496 634 2523 κατά
655 2504 687 2530 γε
704 2497 734 2523 τδ
757 2495 826 2524 εἶναι
855 2499 927 2525 τοῦθ’

135 2540 205 2574 ὅπερ
223 2540 291 2570 ἐστὶ,
308 2540 430 2575 διαφέροι
450 2541 492 2567 ἄν.
514 2541 606 2577 Ῥώμῃ
632 2542 682 2576 μὲν
699 2543 753 2578 γὰρ
767 2544 813 2570 καὶ
826 2545 927 2580 φρονή-

136 2593 190 2616 σει,
214 2585 261 2611 καὶ
283 2587 340 2617 τοῖς
364 2587 424 2612 κατ’
447 2587 546 2622 ἀρετὴν
563 2588 712 2623 αὐχήμασι,
740 2590 785 2616 καὶ
807 2589 861 2625 μὴν
880 2591 928 2617 καὶ

135 2631 269 2665 ποσότητι
293 2631 341 2657 καὶ
371 2631 465 2666 ὑφέσει
492 2632 639 2667 σώματος,
664 2634 798 2670 ὅυσειδείᾳ
824 2643 853 2661 τε
882 2636 929 2663 καὶ

134 2676 275 2712 εὐμορφίᾳ
292 2677 338 2703 καὶ
352 2677 496 2712 χρώματος
510 2678 648 2714 ἑτερότητι
663 2679 811 2713 διενεγκεῖν
827 2681 841 2706 ὁ
855 2681 928 2708 δεῖνα

133 2715 183 2749 ’Ξοῦ
198 2722 294 2753 δεῖνος,
313 2722 413 2756 λέγοιτ’
432 2723 465 2749 ἂν
480 2723 537 2750 ἐσθ’
557 2724 611 2750 ὅτε.
630 2725 662 2751 Εἰ
682 2725 709 2751 δὲ
730 2725 760 2760 δή
779 2734 820 2757 τις
841 2726 929 2753 ἕλοιτο

134 2768 242 2803 σαφῶς,
265 2769 369 2803 Πέτρου
391 2777 419 2795 τε
437 2769 484 2795 καὶ
508 2769 615 2796 Παύλου
640 2771 681 2802 τίς
704 2771 737 2797 ἂν
754 2771 796 2807 εἴη
820 2771 900 2807 τυχὸν
914 2773 930 2798 ὁ

173 2845 287 2873 '"Joan.
309 2855 336 2878 ιι,
352 2847 391 2874 17.
444 2847 465 2863 ’⁷
480 2846 556 2874 Joan.
576 2855 630 2880 xw,
651 2847 696 2874 28.

983 2269 1136 2304 exprimet?
1151 2268 1198 2296 Cui
1218 2268 1290 2296 enim
1309 2266 1410 2302 aliquid
1432 2267 1517 2299 deest,
1534 2266 1621 2300 imago
1644 2265 1772 2300 perfecta!

983 2315 1022 2342 rei
1040 2318 1065 2342 et
1078 2313 1227 2342 similitudo
1249 2320 1312 2340 vera
1330 2319 1500 2347 nequaquam
1517 2315 1589 2338 certe
1607 2310 1705 2338 fuerit:
1721 2310 1768 2336 sed

985 2367 1072 2395 neque
1088 2360 1158 2387 Deus
1168 2359 1223 2386 Deo
1234 2358 1378 2394 przrcellet,
1408 2362 1454 2385 aut
1474 2357 1542 2384 alter
1555 2356 1640 2382 altero
1653 2356 1769 2382 deterior

983 2406 1152 2440 intelligetur
1179 2413 1231 2440 qua
1264 2404 1333 2432 Deus
1359 2409 1411 2436 est,
1441 2402 1654 2438 quandoquidem
1683 2408 1768 2435 neque

983 2453 1064 2479 homo
1096 2451 1185 2478 dill‘ert
1205 2451 1239 2478 ab
1267 2450 1375 2478 homine
1407 2448 1555 2476 secundum
1593 2447 1768 2474 humanitatis

982 2497 1125 2525 rationem.
1148 2497 1253 2524 Robore
1275 2497 1348 2524 enim
1371 2500 1400 2523 ct
1419 2495 1572 2530 prudentia,
1597 2498 1624 2520 et
1640 2493 1766 2519 virtutum

981 2544 1077 2578 gloria,
1108 2544 1295 2578 magnitudine
1321 2543 1396 2574 item,
1420 2547 1448 2570 et
1472 2541 1605 2576 parvitate
1634 2538 1767 2573 corporis,

981 2589 1215 2624 deformitateque,
1225 2593 1249 2616 et
1265 2588 1473 2623 pulchritudine,
1485 2587 1617 2614 etcoloris
1628 2586 1766 2614 varietate.

980 2635 1024 2662 hic
1034 2635 1067 2662 ab
1085 2634 1130 2661 illo
1143 2634 1251 2662 diﬁ‘erre
1281 2634 1415 2660 interdum
1437 2633 1547 2660 dicitur.
1561 2632 1588 2660 Si
1607 2633 1668 2666 quis
1678 2636 1766 2658 autem

979 2680 1052 2708 clare
1064 2679 1204 2715 percipere
1216 2680 1281 2707 velit
1291 2679 1363 2706 Petri
1375 2684 1402 2706 et
1414 2678 1496 2714 574
1510 2678 1584 2705 Pauli
1599 2686 1721 2712 quamam
1732 2680 1767 2706 sit

979 2726 1136 2754 substantia:
1156 2725 1286 2757 deﬁnitio,
1301 2725 1423 2753 catndent
1439 2726 1464 2751 in
1480 2730 1593 2759 utroque
1608 2733 1640 2752 ac
1651 2724 1766 2753 similem

980 2780 1090 2807 prorsus
1105 2772 1238 2807 reperiet:
1254 2772 1385 2799 minorem
1405 2775 1495 2798 autent
1516 2772 1686 2805 essc,stultc,
1708 2771 1767 2805 opi-
