1937 3036
37 171 83 200 993

545 165 600 193 DE
616 165 665 193 SS.
686 164 875 192 'l'RINI'lATE
896 164 1069 194 DIAIJOGUS
1088 164 1120 193 ν.

1604 168 1656 196 994

68 227 96 253 Β.
117 225 178 252 ὀτι
199 225 230 250 ἐκ
245 223 292 250 τοῦ
309 221 503 258 ὑποτετάχθαι,
518 221 613 257 φησὶν,
629 222 647 258 ἡ
661 221 712 257 τῆς
723 221 818 254 οὐσίας

906 220 936 248 Β.
957 220 1091 254 Quoniam
1107 229 1140 249 ett
1161 228 1194 248 co
1208 222 1280 256 quod
1296 222 1436 257 subjectus
1452 227 1505 256 est,
1520 223 1655 259 inquiunt,

37 272 139 306 ποιότης
156 269 184 297 εὖ
203 270 275 306 μάλα
289 268 510 304 διαγινώσκεται.

70 319 96 344 Δ.
118 318 173 344 Καὶ
198 317 260 352 μὴν,
280 312 303 342 ὦ
327 315 449 348 φιλότης,
468 314 617 349 ἁναμὰοοις
641 314 674 341 ἂν
696 314 742 340 καὶ
758 313 818 340 λίαν

37 362 133 390 ἀκονιτὶ
156 362 202 388 τὸν
225 361 273 387 ἐπὶ
296 360 363 396 τῷδε
381 359 471 393 λόγον,
487 359 524 390 ὡς
539 359 638 394 σαθρός
653 359 682 385 τέ
699 359 757 385 ἔστι
773 359 819 385 καὶ

36 408 148 442 ἀμαθίας
176 406 313 442 ἔμπλεως.
340 405 486 440 Πνεύματα
511 405 562 440 μὲν
590 404 645 439 γὰρ
671 403 819 438 προφητῶν

37 454 180 489 προφήταις
199 452 388 484 ὑποτάττεται,
401 451 472 478 κατὰ
495 450 526 477 τὸ
549 449 754 485 γεγραμμένον,
771 449 818 476 καὶ

36 502 55 526 ei
70 500 112 526 τοῦ
132 500 227 531 δεῖνος,
245 498 312 534 φέρε
336 499 435 528 εἰπεῖν,
451 497 504 524 υἱοὶ
529 496 567 532 τῷ
592 496 649 532 ἰδίῳ
663 496 816 531 γεννήτορι,

36 546 154 580 καθάπερ
178 545 275 580 ἀμέλει
300 545 379 578 φαῖεν
401 543 444 575 ἂν,
465 544 506 570 ὃτι
531 542 570 576 τῷ
595 542 644 577 μὲν
663 540 790 576 Ἀὁραὰμ
804 541 819 567 ὁ

42 592 129 618 Ἰσαὰκ
144 591 321 622 ὑπετάττετο,
335 589 404 624 τῷδε
426 589 453 616 δὲ
478 586 511 615 αὖ
536 587 617 615 πάλιν
638 589 652 614 ὁ
675 587 704 620 ἐξ
724 585 817 613 αὑτοῦ.

41 638 104 664 Ἀλλ’
116 637 178 663 οὒτε
196 637 229 663 τὰ
242 636 296 662 τῶν
311 635 459 671 προφητῶν
476 633 630 669 πνεύματα,
645 633 689 659 διὰ
709 632 758 668 τὴν
777 633 818 663 εἰς

36 684 128 718 ἄλληλα
151 683 302 717 γενομένην
329 682 479 716 ὑποταγὴν,
504 681 636 716 ἀνομοίαν
656 680 747 711 αὐτοῖς
769 679 819 714 τὴν

36 730 108 764 φύσιν
121 728 218 760 ἐτίθει,
231 727 294 754 οὗτε
310 727 362 762 μὴν
379 728 514 763 ὲτεροφυᾶ
525 735 555 752 τε
577 726 624 753 καὶ
637 725 754 760 ἔκφυλον
773 725 818 751 τὸν

38 775 163 810 μακάριον
182 774 286 806 Ἰσαὰκ,
302 772 418 808 ἐπείπερ
438 773 508 799 αἰδοῖ
520 773 553 808 τῇ
571 771 638 807 πρὸς
658 770 765 806 πατέρα
780 779 819 797 νι-

37 822 160 856 κώμενος,
175 820 352 849 ὑπετάττετο,
368 819 415 845 καὶ
431 818 512 845 καλὸν
527 818 650 853 υἱότητος
666 816 752 849 ξένιον
766 815 819 842 ὲδί-

35 869 75 894 δου
88 867 124 902 τῷ
139 867 257 900 etiamm
273 866 322 901 τὴν
337 865 472 900 ὑπακοήν.
491 865 522 891 Εἰ
543 864 593 899 μὲν
607 861 655 891 οὖν
669 860 709 894 οἷς
726 863 759 890 ἂν
772 863 818 897 ὲγ-

36 913 130 947 γένοιτο
140 913 192 947 τῆς
205 911 344 945 ὑποταγῆς
358 911 388 937 τὸ
398 910 505 946 χρῆμα,
514 910 602 945 πάντη
611 918 640 936 τε
652 910 698 936 καὶ
709 909 818 940 πάντως

36 958 200 994 ἑτερουσίους
219 957 334 992 ὁρᾶσθαι
352 957 435 989 ποιεῖ,
448 956 496 982 καὶ
510 955 620 990 θεσμῶν
632 955 754 990 ἐξίστησι
769 963 819 995 φν-

37 1004 120 1035 σικῶν,
135 1002 316 1037 διαπεπὴχθω
338 1001 440 1033 καλῶς,
459 1001 564 1028 ἑστάτω
590 1000 669 1028 τοῦτο
697 1000 745 1027 καὶ
770 1000 820 1034 ἐφ’

37 1048 105 1080 Tim),
115 1049 162 1075 καὶ
177 1048 282 1084 ἀληθὴς
297 1048 367 1074 ἔστω
382 1048 396 1073 ὁ
410 1047 500 1080 λόγος.
513 1047 544 1074 Εἰ
557 1046 585 1072 δὲ
597 1047 652 1078 τοῖς
665 1046 714 1080 τῆς
725 1045 819 1076 οὐσίας

35 1095 114 1128 λὸγοις
130 1094 294 1128 παρενοχλεῖ
321 1093 370 1128 μὲν
394 1092 481 1126 οὐδὲν,
497 1091 596 1127 τρόπον
611 1091 650 1124 δὲ,
670 1089 757 1127 οἶμαι,
776 1090 819 1124 τις

35 1141 116 1166 οὑτοσὶ
130 1140 214 1175 τιμῆς
226 1140 274 1166 καὶ
291 1138 425 1174 ὑπακοῆς.
442 1139 480 1170 ὡς
492 1137 522 1171 ἐξ
535 1137 593 1164 υἱοῦ
616 1137 684 1173 πρὸς
699 1137 817 1172 πατέρα,

36 1186 77 1212 καὶ
99 1185 261 1220 οελημάτων
281 1184 378 1212 ἀστεία
402 1183 483 1219 ῥοπὴ,
497 1183 527 1210 τὸ
549 1183 623 1214 εἰκὸς
645 1183 692 1210 καὶ
714 1183 819 1217 πρέπον

35 1229 259 1264 ἐκτετιμηκότων,
275 1229 289 1255 ὃ
314 1228 381 1264 μηδὲ
405 1228 448 1264 ἐφ’
469 1228 550 1264 ἡμῶν
571 1227 662 1255 αὐτῶν
683 1227 754 1255 κατὰ
773 1227 820 1254 τὸν

34 1276 77 1310 τῆς
91 1275 200 1309 φύσεως
220 1274 306 1310 ἰσχύει
323 1275 420 1309 λόγον·
438 1274 464 1301 τι
481 1274 680 1310 προσνέμουσιν
692 1272 817 1308 ἀμαθῶς,

35 1322 74 1347 καὶ
82 1321 118 1352 ὡς
132 1321 354 1356 δυσανὰτρεπτον
369 1321 467 1356 κομιδῇ
485 1319 710 1352 κατεξανιστᾶσιν
723 1321 748 1346 οἱ
765 1319 819 1347 δει-

34 1367 95 1394 λαιοι
119 1366 159 1402 τῷ
187 1368 220 1394 ἐκ
246 1367 313 1394 Θεοῦ
336 1367 407 1394 κατὰ
434 1367 515 1402 φύσιν
541 1367 618 1402 Θεῷ;
637 1364 675 1393 'H
689 1367 743 1402 γὰρ
759 1366 819 1401 οὐχὶ

34 1415 163 1448 γέγραφεν
178 1414 194 1440 ὁ
208 1414 326 1446 Λουκᾶς,
342 1413 406 1449 περί
417 1422 448 1440 τε
464 1413 547 1440 αὑτοῦ
564 1413 612 1439 τοῦ
637 1412 756 1448 Χριστοῦ
771 1412 819 1439 καὶ

33 1460 75 1493 τῆς
85 1458 163 1492 ἁγίας
178 1458 330 1494 Παρθένου,
343 1457 446 1485 καὶτοῦ
459 1457 633 1493 νομισθέντος
646 1458 716 1485 κατὰ
728 1457 819 1494 σάρκα

34 1505 136 1538 πατρκ.
153 1505 196 1531 ὅτι
215 1503 283 1532 «Ἦν
301 1504 518 1539 ὑποταττόμενος
534 1504 642 1537 αὑτοῖς;
657 1513 666 1530 ι

63 1551 91 1578 Β.
107 1551 161 1577 Ναὶ
181 1551 320 1586 γέγραφεν
333 1551 569 1586 ὁμολογουμένως.

64 1599 94 1622 Δ.
112 1594 178 1633 *Αρ*
198 1595 254 1628 οὖν,
268 1593 290 1623 ὦ
301 1597 389 1631 ’γαοὲ,
405 1597 452 1624 καὶ
460 1596 606 1632 ἀνθρώπου
621 1595 730 1630 φύσεως
742 1595 817 1631 tepi-

33 1641 91 1675 φθαι
115 1641 232 1668 κατόπιν
256 1642 444 1677 ὑποτοπητέον
467 1641 564 1673 αὐτον,
583 1641 670 1668 καίτοι
693 1641 761 1667 Θεὸν
785 1642 818 1668 ὲκ

33 1685 92 1712 Θεοῦ
112 1687 264 1721 πεφηνότα,
279 1687 325 1712 καὶ
345 1687 510 1722 ἀπορῤἠτως
531 1685 741 1720 γεγεννημένον,
756 1684 818 1711 ἐπεὶ

33 1732 74 1757 καὶ
87 1732 177 1763 αὐτοῖς
194 1731 317 1758 ὑπετίθει
332 1733 367 1758 τὰ
389 1731 450 1758 καθ’
467 1731 573 1763 ἑαυτὸν,
590 1731 638 1758 κα)⁸
653 1732 819 1758 ὑπετάττετο

34 1776 77 1810 μὲν
98 1778 130 1812 τῇ
153 1777 226 1803 κατὰ
250 1777 340 1812 σάρκα
366 1777 460 1812 μητρὶ,
475 1777 545 1803 αἰδοῖ
559 1777 587 1803 δὲ
607 1777 763 1812 ἡττώμενος
783 1778 818 1813 τῇ

33 1822 94 1857 πβς
113 1823 233 1858 Ἰωσὴφ,
255 1823 286 1850 τὸ
309 1823 347 1854 ὡς
371 1823 456 1859 πατρὶ
480 1823 585 1858 πρέπον
609 1823 751 1859 ἐχαρίζετο
772 1822 819 1858 γέ-

33 1876 76 1902 ρας
85 1877 92 1901 ζ

62 1914 89 1941 Β.
109 1914 254 1951 Οὐδαμῶς,
272 1915 383 1951 θορυϐεῖ
397 1916 424 1944 δὲ
437 1915 526 1951 λὶανὴ
542 1916 676 1951 ὑποταγὴ,
695 1915 742 1942 καὶ
758 1913 817 1948 τοῦ,

32 1960 58 1985 τὸ
69 1963 142 1995 μεῖον
157 1961 233 1997 ἔχειν
248 1962 330 1988 αὑτὸν
342 1962 459 1997 ὑποψίας
471 1963 608 1998 ἐμποιεῖν,
620 1963 671 1989 οὑκ
683 1962 819 1994 ἁνικάνως

33 2007 92 2042 ἔχει.

63 2055 92 2080 Α.
121 2054 192 2082 Ἀλλ’
210 2054 271 2090 οὐχὶ
293 2055 349 2086 τοῖς
370 2055 399 2081 ὲν
415 2054 505 2080 πίστει
522 2053 639 2090 βεϐαίως
654 2052 818 2090 ἐρηρεισμέ-

31 2108 80 2131 νοις
99 2100 272 2136 ὲνΞργάσαιτ’
286 2100 319 2127 ἂν
348 2100 378 2127 τὸ
395 2101 466 2128 κατά
479 2109 506 2127 τι
520 2099 586 2135 γοῦν
601 2099 736 2126 ἐνδοιάσαι
751 2099 818 2132 δεῖν,

30 2145 53 2172 οἱ
73 2147 117 2173 τὸν
133 2147 216 2183 ἀσινῆ
238 2155 267 2173 τε
289 2147 338 2174 καὶ
352 2147 542 2182 ἀκαπήλευτον
567 2147 597 2173 ἐν
623 2146 702 2178 ἰδίαις
718 2145 819 2182 ψυχαῖς

31 2194 238 2230 εἰσοικισάμενοι
253 2194 344 2228 λόγον,
359 2193 408 2229 τὴν
423 2193 570 2221 ἀπατεῶνα
593 2193 640 2220 καὶ
663 2193 818 2229 βωμολόχον

29 2241 78 2267 τῶν
90 2241 318 2276 διεστραμμένων
330 2241 361 2268 οὑ
379 2241 534 2276 προσίενται
548 2239 638 2273 δόξαν,
650 2240 818 2276 διαμέμνην-

30 2296 70 2313 ται
93 2287 122 2314 δὲ
147 2286 251 2321 μᾶλλον
280 2285 328 2315 τοῦ
355 2286 491 2322 μακαρίου
515 2285 667 2321 γράφοντος
691 2285 817 2312 Παύλου·

32 2342 40 2358 ι
54 2333 209 2369 Αογισμοὺς
229 2333 436 2369 καθαιροῦντες.
453 2334 501 2360 καὶ
514 2334 568 2360 πᾶν
589 2332 690 2368 ὃψωμα
706 2332 819 2368 ἐπαιρό-

31 2387 103 2411 μενον
124 2379 199 2405 κατὰ
215 2379 264 2414 τῆς
285 2378 413 2414 γνώσεως
427 2378 474 2405 τοῦ
490 2378 570 2411 Θεοῦ,
584 2379 631 2405 καὶ
647 2378 813 2415 αἰχμαλωτι-

29 2424 115 2456 ζωτες
139 2426 197 2452 πᾶν
220 2425 308 2461 νόημα
330 2426 371 2457 εἰς
391 2425 440 2461 τὴν
462 2425 584 2461 ὑπακοὴν
598 2425 645 2453 τοῦ
659 2425 788 2462 Χριστοῦ.
804 2435 814 2451 ι

35 2470 157 2497 Ἄναπνεί
183 2471 234 2508 μὲν
258 2471 312 2507 γὰρ
338 2471 394 2498 ἔσθ’
408 2472 453 2498 ὅτε
478 2471 527 2498 καὶ
551 2471 723 2506 ἁναφυσᾶται
749 2471 817 2499 πολὺ

29 2517 94 2542 κειτὰ
111 2526 144 2552 γε
167 2517 219 2552 τῆς
237 2518 316 2554 δόξης
329 2517 376 2545 τοῦ
398 2517 579 2552 Μονογενοῦς,
595 2517 650 2544 τῶν
667 2517 818 2549 διεναντιας

29 2561 40 2586 ό
54 2561 141 2596 λόγος,
158 2563 208 2589 καὶ
231 2562 260 2596 ἐξ
284 2562 375 2590 αὐτῶν
390 2563 455 2598 ἡμῖν
477 2562 531 2588 τῶν
547 2561 628 2597 ἱερῶν
642 2560 819 2597 Γραμμάτων

30 2606 119 2641 ἀρτύει
134 2608 167 2634 τὸ
185 2607 381 2644 κατηγόρημα,
394 2608 487 2634 ὁποῖον
501 2607 532 2643 δὴ
552 2607 631 2634 τοῦτό
645 2607 705 2633 ἐστι
721 2606 752 2633 τὸ
764 2606 820 2633 δει-

30 2652 80 2685 νὸν,
91 2654 129 2686 ὡς
143 2654 260 2686 οἴονται,
284 2654 331 2681 καὶ
342 2653 536 2690 ἀειορύλλητον
550 2653 705 2689 πρόϐλημα·
717 2653 817 2679 (Ὅταν

29 2698 55 2724 δὲ
71 2700 197 2736 ὑποταγῇ
214 2699 290 2736 αὑτῴ
312 2701 347 2728 τὰ
371 2702 471 2732 πάντα,
486 2700 546 2728 τότε
570 2700 616 2727 καὶ
630 2699 711 2731 αὐτὸς
725 2700 740 2726 ὁ
754 2699 818 2730 Υἱὸς

31 2746 232 2782 ὑποταγήσεται
243 2747 283 2783 τῷ
298 2747 464 2780 ὑποτάξαντι
476 2746 550 2782 αὐτῷ
562 2746 598 2774 τὰ
611 2747 710 2774 πάντα.
721 2755 730 2772 ι
742 2745 818 2772 Ἀλλ’

28 2791 52 2816 οι
68 2791 146 2826 νήφει
161 2792 197 2828 τῇ
213 2791 285 2820 κατὰ
301 2792 366 2819 Θεὸν
387 2791 595 2827 διεγηγερμένοι
615 2791 684 2826 πρὸς
709 2790 816 2817 σύνεσιν

59 2881 81 2896 ι’
103 2881 112 2908 ι
130 2881 197 2910 Cor.
219 2889 276 2914 xtv.
291 2871 359 2909 τε·
373 2882 396 2898 ιδ
417 2881 482 2910 an.
496 2890 525 2915 ιι,
540 2882 584 2909 51.
624 2882 647 2898 ιι
663 2880 682 2908 ιι
696 2881 759 2909 Cor.
775 2889 801 2914 ιι,
816 2882 842 2909 5.

869 267 1029 294 substantia:
1049 268 1166 302 qualitas
1185 269 1280 303 utique
1301 270 1480 304 dignoscitur.

903 312 937 339 Α.
959 313 1051 347 Atqui.
1073 321 1090 340 ο
1110 314 1222 340 charum
1246 319 1337 348 caput,
1358 315 1431 341 nullo
1449 316 1557 350 negotio
1571 316 1657 350 perci-

869 358 926 392 pies
942 359 1059 392 putidam
1077 366 1137 386 esse
1160 365 1187 387 et
1211 360 1371 394 ignorantiae
1395 361 1499 395 plenam
1518 361 1597 389 istam
1615 370 1658 389 ra-

870 405 982 432 tionem.
1001 405 1119 440 Spiritus
1135 406 1207 433 enim
1230 407 1421 442 prophetarum
1437 409 1576 443 prophetis
1592 409 1657 436 sub-

867 449 1009 484 jiciuntur,
1038 456 1067 478 ut
1093 453 1224 486 scriptum
1250 453 1336 485 est“,
1361 457 1388 480 et
1411 454 1480 481 [ilius
1504 455 1655 488 cujusdam,

869 497 943 524 Verbi
963 497 1060 531 gratia,
1079 505 1128 524 suo
1149 498 1263 532 genitori
1280 507 1287 525 :
1309 499 1535 532 quemadmodum
1560 509 1658 536 nempe

868 541 1023 569 Abrahamo
1042 542 1117 570 Isaac
1134 542 1272 576 subjectus
1288 547 1357 575 erat,
1374 543 1436 570 huic
1455 549 1546 572 autem
1562 553 1656 573 rursus

870 587 939 615 [ilius
956 595 1022 615 suus
1040 597 1047 616 :
1063 589 1110 616 sed
1136 596 1223 623 neqtte
1242 590 1434 623 prophetarum
1463 591 1576 624 spiritus
1593 599 1656 626 pro-

869 638 929 668 pter
943 639 1063 661 mutuam
1079 634 1152 662 illam
1167 633 1360 668 subiectionem
1379 636 1535 663 dissimilem
1553 638 1593 664 eis
1606 645 1655 664 na-

870 684 958 706 turam
971 679 1130 711 atl‘erebant,
1144 687 1232 715 neque
1242 688 1306 707 vero
1321 681 1435 709 diversae
1447 687 1550 710 naturze
1563 683 1657 711 beatus

871 725 949 753 Isaac
972 731 1042 758 erat,
1059 727 1129 761 quod
1154 727 1305 754 reverentia
1326 735 1389 763 erga
1405 734 1508 763 patrem
1529 729 1656 763 subiit-ie.

869 773 962 805 batur,
989 780 1104 808 eumque
1130 774 1259 809 prmclaro
1289 774 1369 801 veluti
1397 775 1514 809 quodam
1546 784 1658 804 munere

868 816 1022 844 obedientia
1044 817 1170 845 nimirum
1187 819 1412 853 prosequebatur.
1431 819 1459 846 Si
1483 828 1548 853 ergo
1564 821 1656 856 subje-

869 863 924 890 etio
938 862 1001 889 l'acit
1012 866 1041 889 ut
1056 862 1072 889 ii
1087 863 1112 889 in
1129 863 1227 898 quibus
1238 864 1273 891 sit
1285 864 1399 891 diversa:
1412 864 1490 899 plane
1500 865 1657 894 substantia:

869 915 928 935 esse
947 908 1099 940 videantur,
1122 916 1223 943 eosque
1242 910 1275 937 de
1302 915 1405 936 natura:
1431 910 1534 945 legibus
1553 912 1657 946 dojirit,

869 953 939 980 istud
953 954 1032 980 etiam
1050 959 1138 980 ratum
1153 955 1190 981 sit
1204 962 1236 982 ac
1251 962 1344 982 verum
1361 956 1386 982 iu
1401 955 1480 984 Filio.
1498 957 1545 984 Sin
1567 964 1656 985 autent

869 999 1028 1028 substantia:
1053 1001 1204 1028 rationibus
1230 1001 1297 1028 nihil
1319 1001 1410 1034 otlicit,
1433 1003 1480 1030 sed
1504 1003 1613 1032 honoris
1633 1009 1659 1032 et

868 1046 1029 1072 obedientia:
1050 1047 1146 1073 modus
1168 1047 1218 1073 iste
1239 1048 1348 1082 quidam
1370 1053 1412 1075 est
1435 1048 1496 1075 Filii
1521 1056 1584 1084 erga
1608 1050 1659 1077 Pa-

870 1095 948 1123 trem,
975 1095 1002 1118 et
1023 1091 1111 1119 civilis
1140 1092 1308 1118 voluntatum
1332 1093 1475 1126 propensio
1497 1101 1591 1120 eorum
1612 1095 1657 1128 qui

868 1137 986 1165 cilicium
1007 1145 1039 1164 ac
1061 1137 1188 1165 decorum
1203 1138 1297 1165 colunt
1310 1139 1392 1173 (quod
1411 1146 1445 1166 ne
1469 1139 1495 1166 in
1511 1141 1588 1167 nobis
1601 1141 1659 1175 qui-

869 1183 930 1210 dem
952 1183 1019 1217 ipsis
1038 1183 1187 1210 rationibus
1211 1189 1314 1211 natura:
1337 1185 1497 1220 pmpollet),
1514 1193 1563 1212 cur
1577 1187 1658 1214 stulte

870 1228 895 1255 id
910 1229 1038 1264 allegant,
1064 1237 1096 1257 ac
1111 1230 1183 1256 \‘rlut
1206 1230 1414 1265 inexpugnabile
1430 1233 1556 1266 quiddam
1571 1232 1595 1260 ei
1611 1234 1656 1268 qui

871 1273 941 1301 Deus
955 1281 989 1301 ex
1006 1274 1060 1301 Deo
1077 1279 1118 1301 est
1137 1280 1232 1301 natura
1251 1277 1342 1303 miseri
1358 1277 1517 1311 opponunt?
1533 1277 1657 1313 Nunquid

870 1319 944 1346 enim
969 1321 1079 1355 scripsit
1107 1320 1205 1352 Lucas,
1236 1329 1298 1349 cum
1328 1322 1360 1350 de
1383 1323 1441 1358 ipso
1467 1323 1585 1357 Christo,
1601 1330 1656 1352 tntn

870 1363 903 1391 de
922 1370 1016 1391 sancta
1032 1365 1152 1400 Virgine.
1167 1371 1193 1392 et
1209 1366 1242 1393 de
1259 1374 1291 1393 eo
1314 1366 1359 1401 qui
1377 1368 1524 1395 secundum
1547 1376 1656 1396 carnctu

872 1417 949 1446 pater
973 1413 1127 1448 putabatur,
1147 1422 1156 1438 ι
1172 1413 1203 1440 Ει
1218 1419 1276 1441 erat
1296 1414 1418 1442 subditus
1434 1416 1487 1443 illis
1499 1416 1540 1444 "?
1555 1427 1565 1443 ι

908 1548 939 1575 Β.
962 1548 1044 1575 Plane
1060 1548 1094 1576 ita
1114 1549 1234 1583 scripsit.

904 1592 938 1620 Α.
958 1597 998 1621 Au
1015 1594 1097 1629 igitur
1110 1595 1210 1622 ideirco
1223 1595 1371 1630 putandum
1385 1601 1436 1629 est,
1448 1605 1463 1624 ο
1481 1597 1560 1632 bone,
1573 1600 1658 1634 ipsum

869 1646 978 1674 quoque
993 1645 1087 1667 natura
1103 1641 1220 1667 hominis
1235 1641 1413 1675 posteriorem
1429 1651 1499 1676 esse,
1513 1643 1575 1671 licet
1589 1646 1658 1673 Deus

869 1693 902 1713 ex
919 1685 974 1713 Deo
1000 1686 1046 1718 sil,
1073 1691 1099 1713 et
1124 1686 1297 1714 iuell‘ahiliter
1320 1688 1437 1722 genitus,
1461 1690 1587 1723 quoniam
1613 1699 1657 1718 sc-

870 1731 958 1766 ipsutn
980 1731 1034 1760 illis
1057 1732 1141 1760 etiam
1173 1733 1354 1767 subjiciebat,
1379 1738 1406 1761 et
1435 1736 1506 1769 quod
1535 1737 1659 1763 subditus

869 1777 978 1812 quidem
996 1781 1055 1805 erat
1071 1777 1150 1804 matri
1164 1778 1312 1804 secundum
1328 1786 1450 1812 carnem,
1464 1785 1490 1807 et
1509 1783 1658 1810 reverentia

870 1822 967 1849 ducttts
990 1829 1054 1857 erga
1073 1821 1232 1856 Josephtun,
1249 1821 1330 1858 583
1344 1824 1475 1852 honorem
1498 1825 1523 1852 ei
1547 1827 1660 1854 exhibe-

869 1867 916 1895 bat
934 1872 1060 1902 tauquam
1077 1867 1171 1894 Patri?

902 1913 934 1940 B.
957 1913 1145 1948 Nequaquam.
1172 1913 1219 1940 sed
1247 1914 1324 1940 valde
1350 1917 1440 1942 turbat
1463 1917 1605 1951 subjectio,
1632 1924 1660 1946 et

870 1959 1017 1994 injiciendo
1039 1959 1166 1994 scrupulo
1191 1960 1260 1988 satis
1284 1960 1326 1987 illa
1345 1966 1396 1994 est,
1420 1966 1448 1989 ut
1467 1963 1553 1998 ipsum
1571 1964 1659 1992 mineo

869 2014 927 2034 rem
943 2014 1003 2034 esse
1018 2006 1198 2041 suspicemur.

899 2053 933 2080 A.
943 2053 977 2079 At
993 2052 1083 2080 inﬁde
1094 2053 1260 2081 conﬁrmatis
1276 2061 1309 2081 ne
1323 2053 1405 2082 levem
1419 2054 1526 2089 quidem
1543 2064 1657 2092 scrupu-

870 2099 925 2126 lum
938 2099 1052 2134 injiciet,
1067 2100 1112 2134 qui
1126 2100 1260 2127 sinceram
1270 2105 1297 2127 et
1309 2101 1491 2134 incorruptam
1509 2104 1657 2130 doctrinam

871 2145 964 2173 animo
976 2145 1122 2181 complexi,
1139 2146 1261 2174 fallacem
1278 2153 1306 2175 et
1321 2148 1453 2176 nefariam
1469 2149 1658 2177 haereticorum

870 2192 1027 2228 opinionem
1047 2200 1101 2220 non
1122 2193 1283 2226 admittunt,
1301 2194 1348 2221 sed
1367 2194 1548 2222 meminerunt
1570 2197 1659 2230 potius

872 2240 944 2267 beati
965 2239 1051 2272 Pauli,
1066 2240 1112 2275 qui
1130 2240 1246 2268 scribit:
1265 2239 1274 2266 ι
1290 2240 1407 2271 Consilia
1425 2241 1607 2275 destruentes,
1632 2248 1660 2270 et

871 2293 978 2313 omnem
992 2285 1160 2320 altitudinem
1173 2287 1348 2314 extollentem
1362 2294 1390 2314 se
1405 2287 1535 2315 adversus
1551 2296 1659 2316 omnem

871 2331 1014 2360 scientiam
1029 2332 1089 2364 Dei,
1102 2337 1128 2360 et
1145 2333 1171 2360 in
1187 2334 1370 2368 captivitatem
1382 2334 1536 2367 redigentes
1551 2342 1658 2362 omnem

871 2378 1037 2406 intellectum
1054 2379 1080 2405 in
1099 2379 1258 2412 obsequium
1272 2379 1415 2407 Christi“.
1433 2389 1442 2405 I
1460 2379 1571 2408 Estuat
1585 2382 1658 2409 enim

870 2424 1036 2460 quandoque
1063 2429 1091 2451 et
1113 2425 1268 2453 intumescit
1289 2427 1419 2453 adversus
1445 2425 1581 2461 Unigeniti
1601 2428 1660 2463 glo-

872 2471 952 2503 riam,
969 2471 1189 2498 adversariorum
1210 2479 1311 2505 sermo,
1328 2477 1355 2499 et
1373 2480 1407 2499 ex
1431 2473 1496 2507 ipsis
1512 2473 1661 2508 Scripturis

872 2516 957 2544 sacris
984 2518 1186 2544 accusationem
1215 2517 1295 2545 nobis
1323 2519 1415 2551 struit,
1439 2519 1593 2553 enjnsmodi
1618 2525 1662 2547 est

870 2562 935 2590 illud
950 2569 1043 2597 grave,
1057 2567 1087 2589 ut
1108 2562 1159 2590 sibi
1182 2564 1355 2597 persuadent,
1371 2572 1403 2591 ac
1417 2564 1522 2592 celebre
1534 2565 1635 2593 dictum
1652 2574 1659 2594 :

873 2617 882 2634 ι
901 2607 968 2636 Cum
993 2613 1083 2636 autem
1102 2609 1223 2642 subjecta
1238 2609 1339 2637 iuerint
1356 2610 1393 2637 illi
1421 2614 1524 2644 omnia,
1547 2616 1609 2638 tunc
1634 2617 1660 2639 et

870 2653 930 2689 ipse
951 2652 1037 2681 Filius
1057 2654 1194 2687 subjectus
1212 2654 1264 2682 erit
1285 2655 1309 2682 ei
1325 2655 1370 2690 qui
1393 2657 1508 2691 subjecit
1530 2657 1582 2684 sibi
1603 2665 1661 2684 ont-

872 2701 916 2728 nia
928 2701 964 2727 ".
979 2709 989 2727 ι
1009 2700 1062 2728 Sed
1075 2701 1122 2735 qui
1140 2701 1230 2728 sobria
1245 2705 1273 2728 et
1293 2709 1358 2736 pura
1381 2708 1471 2729 tuente
1490 2703 1522 2730 ad
1539 2703 1662 2730 incorru-

871 2752 946 2781 ptam
961 2751 988 2774 et
1009 2754 1103 2774 sanatn
1112 2746 1281 2781 sapientiam
1298 2747 1410 2774 excitati
1427 2752 1499 2780 sunt,
1518 2748 1540 2775 si
1557 2747 1659 2776 dictum
1692 2742 1697 2750 1

871 2791 981 2827 aliquod
1000 2792 1240 2820 animadverterint
1261 2793 1370 2820 veritati
1395 2793 1448 2820 vim
1472 2792 1580 2826 λίποι-τε,
1602 2801 1657 2822 non

878 2881 902 2898 "
918 2880 929 2907 Ι
947 2880 1012 2909 Cor.
1027 2889 1072 2914 xv,
1083 2882 1126 2909 28.
