1937 3036
47 168 105 196 9925

574 165 628 192 -ΒΕ
644 165 694 193 SS.
715 165 827 192 'l‘ﬂlNl'l
835 165 904 192 ATE
925 164 1098 194 DIADOGU’S
1116 165 1148 194 ν.

1633 170 1685 198 994

87 224 122 251 Β.
144 224 206 250 Ὅτι
227 223 258 250 ἐκ
273 222 320 249 τοῦ
337 221 531 257 ὕπο-τετάχθαι,
547 221 641 257 φησὶν,
658 222 675 257 ἡ
690 221 740 257 τῆς
752 221 844 254 οὐσίας

929 220 965 248 Β.
985 221 1119 254 Quoniam
1135 230 1168 249 ex
1190 230 1222 249 co
1237 224 1309 258 quod
1325 224 1464 259 subjectus
1480 229 1533 259 est,
1549 225 1684 262 inquiunt,

49 270 167 304 ποιότης
184 267 213 296 εὖ
231 269 303 304 μάλα
317 267 538 303 διαγινώσκεται.

91 317 121 343 Α.
145 316 200 342 Καὶ
225 315 288 350 μὴν.
308 311 331 342 ὦ
356 314 477 348 φιλότης,
496 313 645 348 ἀναμάθοις
668 314 701 341 ἂν
724 314 770 341 καὶ
786 313 846 340 λίαν

49 361 161 387 ἀκονιτὶ
184 360 229 386 τὸν
253 360 301 386 ἐπὶ
324 359 391 394 τῷδε
409 358 499 392 λόγον,
515 358 552 390 ὡς
567 358 667 394 σαθρός
681 359 710 385 τέ
727 360 786 385 ἐστι
801 359 847 385 καὶ

49 406 176 440 ἀμαθίας
205 405 341 440 ἔμπλεως.
368 405 514 440 Πνεύματα
540 404 590 439 μὲν
618 403 672 439 γάρ
700 404 847 438 προφητῶν

50 452 207 487 προφήταις
226 451 416 483 ὺπωάττεται,
429 450 500 477 κατὰ
523 450 554 477 τὸ
578 449 781 485 γεγραμμένον,
799 449 846 476 καὶ

49 499 74 524 οἱ
90 498 138 524 τοῦ
160 498 254 529 δεῖνος,
273 497 340 533 φέρε
364 498 462 528 εἰπεῖν,
479 497 531 523 υἱοὶ
557 496 595 531 τῷ
620 496 676 532 ἰδίῳ
690 496 844 531 γεννήτορι,

49 543 182 578 καθάπερ
206 544 302 578 ἀμέλει
328 545 407 577 φαῖεν
429 543 471 574 ἂν,
493 544 534 569 ὃτι
559 542 598 576 τῷ
622 542 672 577 μὲν
691 541 818 576 Ἀϐραὰμ
832 541 846 568 ὸ

57 590 156 616 Ἰσαὰκ
172 589 348 621 ὑπετάττετο,
363 589 431 623 τῷδε
453 589 480 615 δὲ
505 586 538 615 αὖ
563 587 644 614 πάλιν
666 588 680 614 ὁ
703 587 732 620 ὲξ
751 586 845 614 αὐτοῦ.

56 636 129 662 Ἀλλ’
143 636 206 662 οὔτε
223 635 256 662 τὰ
269 635 323 661 τῶν
339 634 486 670 προφητῶν
504 633 657 668 πνεύματα,
673 633 716 659 διὰ
737 632 786 668 τὴν
805 632 846 664 εἰς

49 682 155 717 ἄλληλα
179 682 330 716 γενομένην
356 681 506 715 ὑποταγὴν,
532 680 663 715 ἀνομοίαν
683 680 774 711 αὐτοῖς
796 679 846 715 τὴν

51 727 133 761 φύσιν
149 727 245 759 ἐτίθει,
258 726 321 753 οὗτε
337 727 389 761 μὴν
406 727 541 762 έτεροφυᾱ
552 734 582 752 τε
604 726 651 752 καὶ
665 725 781 760 ἔκφυλον
801 725 845 751 τὸν

51 773 192 809 μακάριον
210 772 313 805 Ἰσαάκ,
329 771 446 807 ἐπείπερ
465 772 536 798 αίδοῐ
547 773 580 807 τῇ
598 771 665 806 πρὸς
685 771 792 807 πατέρα
807 780 846 797 νι-

49 820 188 855 κώμενος,
203 819 379 848 ὕπετάττετο.
395 818 442 844 καὶ
458 817 539 844 καλὸν
554 818 677 853 υἱότητος
693 817 778 849 ξένιον
793 815 846 842 ἐδί-

47 866 95 892 δου
110 865 151 900 τῷ
167 866 283 899 φύσαντι
299 865 348 900 τὴν
364 864 499 899 ὑπακοήν.
517 865 549 890 Εἰ
570 864 620 898 μὲν
635 862 682 891 οὖν
696 861 736 895 οἷς
753 863 786 890 ἂν
799 863 845 897 ὲγα

48 911 158 945 γένοιτο
167 912 218 945 τῆς
231 910 371 944 ὑποταγῆς
384 910 414 936 τὸ
425 910 532 945 χρῆμα,
541 910 628 945 πάντη
638 918 667 936 τε
678 910 725 936 καὶ
735 910 844 940 πάντως

47 956 225 992 ἐτερουσίους
245 956 361 991 ὁρᾶσθαι
379 957 462 988 ποιεῖ,
474 955 522 982 καὶ
537 955 646 990 θεσμῶν
659 955 781 990 ἐξίστησι
795 964 846 995 φυ-

48 1002 147 1034 σικῶν,
163 1001 342 1036 διαπεπὴχθω
365 1001 466 1033 καλῶς,
485 1000 591 1027 ἑστάτω
616 999 696 1027 τοῦτο
724 1000 771 1027 καὶ
797 1000 846 1034 ἐφ’

48 1047 130 1078 Tim),
142 1047 190 1073 καὶ
204 1047 309 1082 ἀληθὴς
323 1047 394 1073 ἔστω
409 1047 423 1072 ὁ
437 1046 526 1080 λόγος.
540 1047 571 1073 Et
583 1046 612 1072 δὲ
623 1047 679 1078 τοῖς
692 1046 740 1080 τῆς
751 1045 846 1077 οὐσίας

47 1092 140 1126 λόγοις
157 1093 321 1127 παρενοχλεῖ
347 1092 397 1127 μὲν
420 1092 507 1125 οὐδὲν,
524 1091 622 1127 τρόπος
638 1091 677 1124 δὲ,
696 1089 783 1127 οἶμαι,
803 1091 846 1124 τὶς

46 1139 143 1165 οὑτοσὶ
157 1139 240 1174 τιμῆς
252 1139 299 1165 καὶ
317 1137 452 1172 ὑπακοῆς,
468 1138 506 1169 ὡς
519 1137 548 1170 ἐξ
561 1137 619 1164 υἱοῦ
643 1137 710 1172 πρὸς
725 1137 844 1173 πατέρα,

47 1185 98 1211 καὶ
124 1184 287 1218 θελημάτων
308 1183 403 1210 ἀστεία
428 1182 509 1218 ῥοπὴ,
523 1182 554 1209 τὸ
575 1182 648 1214 εἰκὸς
671 1183 718 1210 καὶ
740 1183 845 1217 πρέπον

47 1228 284 1263 ἐκτετιμηκότων,
301 1228 315 1254 ὃ
340 1227 407 1263 μηδὲ
431 1227 474 1263 ἐφ’
495 1227 576 1263 ἡμῶν
597 1226 687 1255 αὐτῶν
708 1227 780 1255 κατὰ
799 1228 845 1254 τὸν

46 1274 99 1308 τῆς
115 1274 225 1307 φύσεως
245 1273 332 1308 ἰσχύει
349 1274 446 1309 λόγον·
463 1273 490 1300 τί
507 1273 706 1309 προσνέμουσιν
718 1273 843 1308 ἀμαθῶς,

49 1320 95 1346 καὶ
105 1319 145 1352 ὡς
159 1320 379 1355 δυσανάτρεπτον
395 1320 493 1356 κομιδῇ
510 1319 736 1351 κατεξανιστᾶσιν
749 1321 774 1346 οἱ
790 1319 845 1346 δεί-

48 1366 120 1393 λαιοι
146 1365 187 1401 τῷ
213 1367 246 1393 ἐκ
272 1366 339 1393 Θεοῦ
361 1366 433 1393 κατὰ
459 1367 540 1401 φύσιν
567 1366 644 1401 Θεῷ;
663 1363 701 1393 Ἦ
715 1367 769 1402 γὰρ
785 1366 844 1401 οὐχὶ

48 1413 191 1447 γέγραφεν
204 1413 219 1439 ὁ
234 1413 351 1445 Λουκᾶς,
368 1413 431 1448 περι
443 1421 473 1439 τε
490 1412 573 1440 αὑτοῦ
590 1412 637 1439 τοῦ
662 1412 782 1447 Χριστοῦ
797 1412 844 1439 καὶ

48 1459 98 1492 τῆς
109 1457 191 1491 ἁγίας
205 1457 356 1493 Παρθένου,
369 1457 472 1484 καὶτοῦ
484 1457 658 1492 νομισθέντος
671 1457 742 1485 κατὰ
754 1457 844 1493 σάρκα

49 1503 164 1536 autat;
181 1504 222 1530 ὅτι
239 1502 308 1530 (ἿΙν
327 1503 544 1539 ὖποταττόμενος
560 1503 667 1536 αὐτοῐς;
683 1513 691 1530 ι

85 1550 116 1576 Β.
134 1550 188 1576 Ναὶ
208 1550 345 1584 γέγραφεν
358 1550 595 1585 ὁμολογουμένως.

86 1597 119 1621 Δ.
139 1592 204 1631 'Ap‘
223 1594 279 1627 οὖν,
293 1592 315 1622 ὦ
326 1596 413 1630 ’γαοὲ,
430 1597 477 1622 καὶ
486 1596 631 1631 ἀνθρώπου
646 1595 755 1630 φύσεως
767 1596 842 1631 ὲρρί-
857 1588 880 1600 “⁴

50 1639 117 1674 ςθαι
142 1640 257 1666 κατόπιν
281 1641 469 1676 ὑποτοπητέον
492 1641 589 1673 αὑτὸν,
608 1641 696 1668 καίτοι
719 1641 786 1667 Θεὸν
810 1642 843 1668 ὲκ

49 1684 118 1710 θεοῦ
139 1685 289 1720 πεφηνότα,
303 1686 351 1711 καὶ
371 1686 535 1721 ἀπορρήτοις
556 1685 766 1720 γεγεννημένον,
782 1685 843 1711 ἐπεὶ

50 1730 97 1756 καὶ
111 1731 204 1762 αὐτοῖς
220 1730 341 1757 ὑπετίθει
357 1732 392 1757 τὰ
414 1731 475 1758 καθ’
492 1731 598 1763 ἑαυτὸν,
615 1731 663 1757 καὶ
677 1732 844 1758 ὐπετάττετο

51 1775 101 1810 μὲν
123 1777 156 1810 τῇ
180 1776 250 1802 κατὰ
275 1776 364 1810 σάρκα
390 1776 485 1811 μητρὶ,
501 1777 569 1803 αἰδοῖ
583 1777 612 1803 δὲ
631 1777 787 1812 ἡττώμενος
809 1778 842 1812 τῇ

50 1821 119 1856 πρὸς
140 1822 258 1857 Ὶωεὴφ,
280 1822 311 1848 τὸ
333 1822 372 1854 ὡς
396 1823 481 1858 πατρὶ
505 1823 609 1858 πρέπον
634 1823 776 1859 ἐχαρίζετο
797 1823 844 1858 γέ-

49 1875 100 1902 ρας
110 1876 118 1900 ἶ

84 1913 114 1940 Β.
135 1913 278 1950 Οὐδαμῶς,
296 1914 407 1951 θορυῦεἰ
421 1915 448 1943 δὲ
461 1915 521 1942 λίαν
534 1917 550 1950 ἡ
567 1915 701 1951 ὑποταγὴ,
719 1915 766 1942 καὶ
783 1914 842 1948 τοῦ,

49 1959 80 1985 τὸ
92 1961 169 1994 μεῖον
184 1960 256 1996 ἔχειν
272 1961 353 1988 αὑτὸν
366 1961 484 1996 ὑποψίας
496 1963 632 1997 ἐμποιεῖν,
645 1963 695 1989 οὐκ
707 1962 843 1994 ἁνικάνως

50 2006 117 2043 ἔχει.

85 2054 117 2079 Α.
147 2053 217 2081 Ἀλλ’
234 2053 294 2089 οὐχ).
317 2055 373 2085 τοῖς
394 2054 423 2080 ἐν
439 2053 529 2080 πίστει
546 2053 663 2089 βεϐαίως
678 2052 842 2090 ἐρηρεισμέ-

49 2108 104 2130 νοις
124 2099 296 2134 ὲνεργάσαιτ*
310 2100 343 2127 ἂν
372 2100 402 2126 τὸ
418 2100 490 2127 κατά
503 2108 530 2126 τι
544 2099 610 2134 γοῦν
626 2100 760 2127 ἐνδοιάσαι
775 2100 841 2133 δεῖν,

48 2145 74 2172 οῖ
96 2145 143 2172 τὸν
159 2146 239 2181 ἀσινῆ
262 2155 291 2172 τε
313 2146 361 2172 καὶ
376 2146 566 2181 ἀκαπήλευτον
591 2147 621 2173 ὲν
646 2146 726 2178 ἰδίαις
742 2146 843 2182 ψυχαῖς

49 2193 262 2228 εἰσοικισάμενοι
277 2193 368 2227 λόγον,
382 2193 432 2229 τὴν
447 2193 594 2220 ἀπατεῶνα
616 2193 664 2220 καὶ
687 2193 842 2229 βωμολόχον

47 2240 101 2266 τῶν
115 2239 341 2275 διεστραμμένων
353 2241 384 2267 οὐ
402 2240 558 2275 προσίενται
572 2239 662 2273 δόξαν,
673 2239 842 2276 διαμέμνην-
857 2255 880 2282 D

47 2295 93 2313 ται
118 2286 147 2312 δὲ
173 2285 274 2320 μᾶλλον
303 2285 351 2313 τοῦ
378 2285 514 2322 μακαρίου
538 2285 690 2320 γράφοντος
714 2285 840 2312 Παύλου·

51 2341 59 2358 ι
75 2332 232 2367 Λογισμοὺς
252 2332 460 2368 καθαιροῦντες,
476 2333 524 2359 καὶ
538 2333 591 2359 πᾶν
612 2332 714 2367 ὕψωμα
729 2332 842 2368 ἐπαιρό-

49 2386 127 2412 μενον
149 2378 222 2404 κατὰ
238 2378 288 2413 τῆς
308 2377 436 2412 γνώσεως
450 2377 497 2405 τοῦ
514 2377 593 2410 Θεοῦ,
607 2379 655 2405 καὶ
671 2377 837 2414 αἰχμαλωτί-

46 2425 140 2455 afri-ns;
164 2425 220 2450 πᾶν
243 2424 331 2460 νόημα
353 2425 393 2456 εἰς
414 2425 463 2460 τὴν
485 2425 608 2460 ὑπακοὴν
622 2425 668 2453 τοῦ
682 2426 812 2462 Χριστοῦ.
827 2434 837 2451 ι

53 2471 181 2496 ἰλ-ιαπνεῖ
207 2469 256 2506 μὲν
281 2470 335 2506 γὰρ
360 2470 416 2496 ἔσθ’
431 2471 475 2497 ὅτε
501 2471 550 2498 καὶ
575 2471 746 2506 ἀναφυσᾶται
772 2471 840 2499 πολὺ

47 2516 118 2542 κατά
135 2525 169 2550 γε
191 2517 241 2551 τῆς
260 2517 338 2553 δόξης
351 2517 398 2544 τοῦ
421 2517 602 2552 Μονογενοῦς,
619 2517 674 2544 τῶν
690 2517 842 2550 διεναντίας

46 2561 59 2586 ὁ
74 2561 165 2595 λόγος,
182 2562 230 2587 καὶ
253 2561 282 2595 ἐξ
306 2562 397 2589 αὐτῶν
413 2563 478 2597 ἡμῖν
499 2561 554 2588 τῶν
570 2561 651 2597 ἱερῶν
665 2560 842 2597 Γραμμάτων

47 2606 143 2642 ἀρτύει
158 2606 190 2633 τὸ
208 2607 403 2643 κατηγόρημα,
416 2608 509 2634 ὁποῖον
523 2607 555 2643 δὴ
575 2607 654 2634 τοῦτό
668 2608 728 2633 ἐστι
744 2606 775 2633 τὸ
788 2606 842 2633 δει-

47 2653 102 2685 νὸν,
113 2653 153 2685 ὡς
167 2652 281 2686 οἴονται,
305 2654 353 2681 καὶ
364 2653 559 2690 ἁειθρύλλητον
573 2653 728 2689 πρόϐλημα·
741 2653 840 2679 «Ὅταν

46 2698 74 2725 δὲ
92 2700 217 2735 ὑποταγῇ
236 2699 311 2735 αὐτῷ
334 2700 369 2727 τὰ
393 2701 494 2732 πάντα,
509 2700 569 2728 τότε
592 2700 638 2727 καὶ
653 2699 734 2731 αὐτὸς
748 2700 763 2726 ὁ
776 2699 841 2730 Υἱδς

49 2746 254 2781 ὑποταγήσεται
265 2746 304 2782 τῷ
319 2746 485 2780 ὑποτάξαντι
498 2745 572 2781 αὐτῷ
585 2746 620 2773 τὰ.
633 2747 732 2774 πάντα.
744 2755 753 2772 ι
764 2745 841 2772 Ἀλλ’

44 2791 72 2817 οι
89 2791 168 2826 νήφει
183 2791 217 2826 τῇ
235 2791 306 2818 κατὰ
322 2791 388 2818 Θεὸν
409 2790 618 2827 διεγηγερμένοι
638 2790 706 2826 πρὸς
731 2790 839 2817 σύνεσιν

79 2881 103 2896 "
125 2880 134 2908 Ι
153 2881 217 2909 Cor.
240 2889 296 2913 xtv.
311 2881 356 2909 '52.
367 2870 381 2884 ⁸
394 2882 418 2898 ⁸³
438 2881 504 2910 Luc.
518 2890 547 2915 n,
562 2882 607 2909 51.
647 2881 670 2897 ⁸⁸
686 2880 705 2908 ll
719 2881 781 2909 Cor.
797 2889 823 2915 π,
839 2882 865 2910 5.

897 268 1058 295 substantia:
1077 269 1194 303 qualitas
1213 270 1308 304 tttique
1329 271 1508 306 dignoscitur.

931 313 965 339 A.
987 314 1079 348 Atqui,
1102 322 1119 341 ο
1138 315 1250 342 charum
1274 321 1365 350 caput,
1387 317 1459 344 nullo
1478 318 1585 352 negotio
1599 319 1685 352 perri-

897 359 954 393 pies
970 360 1087 392 putidam
1104 367 1165 388 esse
1188 366 1215 388 et
1239 362 1399 395 ignorantiae
1423 363 1527 397 plenam
1547 364 1625 391 istam
1643 372 1686 391 ra-

897 405 1009 433 tionem.
1029 405 1147 440 Spiritus
1163 407 1235 434 enim
1258 409 1448 443 prophetarum
1466 411 1604 445 prophetis
1619 411 1684 438 sub-

895 449 1037 485 jiciuntur,
1066 457 1094 479 ut
1120 453 1251 487 scriptum
1277 455 1364 487 est",
1389 459 1416 481 et
1439 456 1508 483 [ilius
1532 457 1683 491 cujusdam,

896 497 970 524 verbi
991 498 1088 532 gratia,
1106 506 1155 525 suo
1177 500 1291 533 genitori
1308 509 1315 526 :
1337 501 1563 534 quemadmodum
1587 511 1685 538 nempe

895 541 1050 570 Abrahamo
1069 543 1144 571 Isaac
1161 543 1300 578 subjectus
1316 549 1385 576 erat,
1401 546 1464 572 huic
1483 551 1573 574 autem
1589 555 1683 575 rursus

897 588 967 615 lilius
983 596 1049 616 suns
1067 598 1074 616 :
1091 590 1137 616 sed
1163 597 1250 624 neque
1270 591 1462 625 prophetarum
1490 593 1603 626 spiritus
1621 602 1684 628 pro-

897 639 956 668 pter
971 639 1090 662 mtttuam
1106 635 1179 662 illam
1194 635 1388 669 subjectioucm
1407 638 1562 665 dissimilem
1580 640 1620 666 eis
1634 647 1682 667 na-

897 684 986 706 turam
998 680 1157 712 atl'crebant,
1172 689 1259 716 neque
1270 689 1333 709 vero
1348 683 1462 710 diversze
1474 689 1577 711 natura:
1590 685 1684 713 beatus

898 725 976 753 Isaac
1000 731 1068 758 erat,
1086 728 1156 762 qttod
1182 729 1332 755 reverentia
1353 736 1416 765 erga
1433 735 1535 764 patrem
1557 731 1683 765 subjicie-

896 773 989 806 batnr,
1016 781 1131 809 eumque
1157 775 1287 810 pratclaro
1316 776 1396 803 veluti
1425 777 1541 811 quodam
1573 786 1685 806 munere

895 817 1049 845 obedientia
1071 819 1197 846 ttitttirtttn
1215 821 1438 855 prosequebatur.
1459 821 1486 848 Si
1511 830 1575 855 ergo
1591 824 1683 858 subje-

896 864 951 890 etio
964 863 1028 890 facit
1039 867 1068 891 ut
1083 863 1099 890 ii
1115 864 1139 890 in
1156 865 1254 899 quibus
1265 866 1300 892 sit
1312 865 1426 892 diversae
1439 866 1517 901 plane
1527 868 1684 896 substantia:

896 916 955 936 esse
973 909 1126 941 videantur,
1149 917 1250 944 eosque
1269 912 1302 938 de
1329 916 1432 938 naturae
1457 912 1561 947 legibus
1580 914 1684 948 doj'n-it,

896 953 966 981 istud
979 955 1059 981 etiatn
1076 960 1164 981 ratum
1180 956 1217 982 sit
1230 963 1262 983 ac
1279 964 1371 983 verum
1388 958 1413 984 itt
1428 957 1506 986 Filio.
1525 958 1572 986 Sin
1593 966 1683 987 autent

895 1000 1055 1028 substantia:
1080 1002 1230 1029 rationibus
1257 1003 1324 1029 nihil
1345 1003 1436 1036 oliicit,
1460 1006 1506 1031 sed
1531 1006 1640 1033 honoris
1659 1012 1686 1034 et

895 1046 1056 1073 obedientize
1077 1048 1172 1074 modus
1194 1048 1244 1075 iste
1265 1049 1374 1083 quidam
1397 1055 1439 1077 est
1461 1050 1522 1078 Filii
1547 1059 1611 1086 erga
1635 1053 1685 1079 Pa-

896 1096 974 1124 trem,
1001 1096 1028 1119 et
1050 1092 1137 1120 civilis
1166 1093 1334 1120 voluntatum
1358 1095 1501 1128 propensio
1523 1103 1617 1122 eorum
1638 1097 1683 1131 qui

894 1137 1012 1165 oﬂicinm
1033 1146 1065 1165 ac
1087 1138 1214 1166 decorum
1229 1140 1323 1166 colunt
1336 1141 1418 1174 (quod
1437 1148 1471 1168 ne
1495 1141 1521 1168 in
1537 1143 1614 1169 nobis
1628 1144 1685 1177 qui-

895 1184 955 1211 dem
978 1184 1045 1217 ipsis
1064 1184 1213 1212 rationibus
1237 1190 1341 1212 natura:
1363 1187 1523 1222 praepollet),
1540 1195 1590 1214 cur
1603 1189 1685 1216 stulte

896 1228 921 1255 id
936 1229 1064 1264 allegant.
1090 1237 1122 1257 ac
1137 1231 1209 1257 \‘trlttl
1232 1231 1439 1267 inexpugnabile
1456 1234 1582 1268 quiddam
1597 1235 1621 1262 ei
1637 1236 1682 1270 qui

896 1273 967 1301 Deus
981 1282 1014 1301 ex
1032 1275 1086 1302 Deo
1103 1280 1144 1302 est
1162 1281 1257 1303 natura
1277 1278 1368 1304 miseri
1383 1279 1543 1313 opponunt?
1559 1279 1683 1316 Nunquid

896 1319 970 1347 cnim
995 1322 1105 1355 scripsit
1133 1321 1232 1353 Lucas,
1262 1331 1323 1350 cum
1353 1323 1387 1351 de
1409 1325 1467 1359 ipso
1493 1325 1682 1359 Christn,tum

895 1364 929 1391 de
947 1371 1041 1392 sancta
1058 1365 1177 1401 Virgine.
1193 1372 1219 1393 ct
1235 1367 1267 1394 de
1285 1375 1316 1394 eo
1340 1368 1385 1402 qni
1402 1370 1549 1396 secundum
1573 1378 1682 1398 carnem

898 1417 975 1446 pater
998 1414 1153 1448 putabatur,
1173 1423 1181 1439 ι
1198 1415 1229 1441 Et
1243 1420 1301 1442 crat
1321 1416 1444 1443 subditus
1460 1418 1513 1445 illis
1524 1418 1565 1445 '3?
1581 1429 1590 1445 ι

933 1548 964 1576 Β.
987 1549 1069 1576 Plane
1086 1549 1119 1576 ita
1139 1550 1259 1584 scripsit.

929 1593 963 1620 Α.
983 1597 1023 1621 An
1040 1595 1122 1630 igitur
1136 1596 1236 1623 idcirco
1248 1597 1396 1631 putandum
1409 1603 1461 1631 est,
1473 1606 1489 1626 ο
1506 1599 1584 1634 bone,
1599 1602 1683 1636 ipsum

894 1646 1002 1674 quoque
1018 1645 1112 1667 natura
1128 1641 1245 1668 hominis
1261 1643 1437 1676 posteriorem
1454 1652 1524 1678 esse,
1538 1646 1600 1673 licet
1613 1648 1683 1675 Deus

894 1694 928 1713 ex
943 1685 998 1714 Deo
1025 1687 1070 1719 sit,
1098 1693 1124 1714 et
1149 1687 1321 1715 inctTabiliter
1345 1690 1461 1724 genitus,
1485 1692 1611 1724 quoniam
1638 1701 1682 1720 sc—

895 1732 982 1767 ipsum
1005 1732 1059 1760 illis
1081 1733 1165 1761 etiam
1197 1734 1378 1769 subjiciebat,
1404 1740 1431 1763 et
1460 1738 1531 1771 quod
1559 1740 1683 1766 subditus

894 1778 1003 1812 quidem
1020 1783 1079 1806 erat
1096 1779 1174 1805 matri
1188 1780 1336 1806 secundum
1353 1788 1473 1814 carnem,
1488 1788 1515 1810 et
1534 1786 1682 1812 revorentia

895 1823 992 1850 ducttts
1014 1830 1079 1858 erga
1097 1823 1256 1858 Josephum,
1273 1823 1354 1860 583
1368 1825 1499 1854 honorem
1523 1828 1548 1854 ei
1571 1830 1684 1857 exhibe-

894 1868 940 1895 bat
958 1873 1084 1903 tanquam
1102 1868 1195 1895 Patri?

927 1913 958 1941 B.
981 1913 1170 1949 Nequaquam,
1196 1915 1243 1942 sed
1271 1916 1348 1943 valde
1375 1919 1463 1945 turbat
1487 1920 1629 1955 subjectio,
1656 1927 1684 1949 et

894 1960 1041 1995 injiciendo
1063 1961 1190 1995 scrupulo
1215 1962 1284 1990 satis
1308 1963 1350 1990 illa
1369 1969 1420 1997 cst,
1445 1969 1472 1992 ut
1491 1966 1577 2001 ipsqu
1596 1968 1683 1996 mino-

894 2015 951 2035 rem
967 2015 1028 2035 esse
1042 2007 1222 2042 suspicemur.

923 2054 957 2081 Α.
967 2054 1001 2080 At
1017 2054 1043 2080 in
1054 2054 1107 2081 fide
1118 2054 1284 2083 confirmatis
1300 2064 1333 2083 ne
1347 2056 1429 2084 levem
1443 2058 1550 2092 quidem
1567 2067 1681 2095 scrupu-

894 2100 948 2128 lum
961 2100 1075 2136 injicict,
1091 2102 1135 2136 qui
1149 2101 1283 2129 sinceram
1294 2107 1320 2130 et
1333 2103 1515 2137 incorruptam
1532 2108 1681 2134 doctrinam

895 2146 987 2174 animo
1000 2147 1145 2182 complexi,
1163 2147 1284 2176 fallacem
1302 2155 1329 2178 et
1345 2150 1476 2178 nefariam
1493 2152 1682 2181 hmreticornnt

894 2194 1051 2228 opinionem
1071 2202 1124 2221 non
1145 2195 1307 2229 admittunt,
1324 2197 1371 2223 sed
1390 2197 1571 2225 meminerunt
1593 2201 1682 2234 potius

896 2241 967 2268 beati
988 2241 1075 2274 Pauli,
1089 2241 1136 2276 qui
1153 2243 1269 2270 scribit:
1288 2240 1297 2268 ἃ
1313 2243 1430 2274 Corisilia
1449 2244 1630 2279 destruentes,
1655 2252 1683 2274 et

894 2293 1002 2314 onmem
1015 2287 1184 2322 altitudinem
1196 2289 1371 2316 extollentem
1385 2296 1414 2316 se
1428 2290 1558 2318 adversus
1575 2299 1681 2320 omnem

894 2333 1037 2361 scientiam
1053 2334 1112 2366 Dei,
1125 2339 1151 2361 et
1168 2335 1194 2362 in
1211 2335 1393 2370 captivitatem
1406 2336 1559 2370 redigentes
1574 2345 1681 2366 omnem

894 2378 1059 2406 intellectum
1077 2381 1103 2406 in
1122 2381 1281 2414 obsequium
1295 2382 1438 2409 Christi“.
1455 2391 1465 2408 ›
1483 2381 1593 2411 IEstuat
1608 2385 1680 2412 enim

893 2425 1059 2460 quandoque
1087 2430 1114 2452 et
1136 2426 1292 2455 intumescit
1313 2428 1442 2456 adversus
1466 2428 1604 2464 Uuigeniti
1623 2431 1682 2466 glo-

895 2471 974 2503 riam,
991 2472 1212 2500 adversariorum
1233 2481 1334 2507 Sermo,
1351 2479 1379 2501 et
1397 2482 1430 2502 ex
1453 2476 1519 2510 ipsis
1535 2475 1683 2511 Scripturis

895 2517 980 2544 sacris
1007 2518 1208 2545 accusationem
1238 2520 1318 2547 nobis
1346 2521 1438 2554 struit,
1462 2521 1616 2555 cuiusmodi
1641 2529 1684 2551 est

893 2562 957 2590 illud
973 2569 1066 2598 grave,
1080 2567 1109 2589 ut
1131 2563 1182 2591 sibi
1204 2567 1377 2599 persuadent,
1394 2575 1426 2593 ac
1439 2567 1545 2595 celebre
1557 2568 1657 2595 dictttm
1675 2577 1682 2596 :

896 2617 906 2634 ι
924 2608 992 2636 Cum
1016 2613 1106 2636 autem
1125 2609 1245 2643 subjecta
1260 2611 1361 2639 fuerint
1378 2613 1415 2640 illi
1443 2616 1547 2647 omnla,
1569 2619 1632 2642 tunc
1657 2619 1683 2642 ct

893 2653 952 2689 ipse
974 2653 1060 2682 Filius
1080 2654 1216 2688 subjectus
1234 2656 1287 2683 erit
1308 2657 1331 2684 ei
1347 2658 1392 2692 qui
1415 2659 1530 2693 subjecit
1554 2660 1604 2687 sibi
1626 2668 1684 2687 om-

895 2701 939 2728 nia
951 2701 986 2728 ".
1002 2710 1012 2728 ι
1031 2701 1085 2729 Sed
1098 2701 1144 2736 qui
1163 2701 1253 2729 sobria
1268 2707 1295 2730 ct
1315 2711 1380 2737 pura
1403 2711 1493 2732 mente
1513 2706 1545 2732 ad
1561 2706 1684 2733 incorru-

894 2752 968 2782 ptam
983 2751 1011 2774 et
1031 2755 1125 2774 sanam
1134 2747 1303 2782 sapientiam
1320 2749 1432 2776 excitati
1449 2755 1522 2782 sunt,
1540 2750 1562 2777 si
1580 2751 1682 2779 dictum
1715 2745 1720 2753 ”

893 2791 1004 2827 aliquod
1023 2793 1262 2821 animadverterint
1283 2795 1392 2822 veritati
1417 2795 1470 2822 vim
1493 2795 1602 2829 aliene,
1624 2804 1680 2825 non

901 2882 924 2898 "
940 2880 950 2908 Ι
969 2881 1034 2910 Cor.
1050 2890 1094 2915 xv,
1106 2883 1148 2910 28.
