1937 3036
221 129 272 156 999

718 129 745 154 ὃ.
767 128 903 155 CYIHLLI
926 128 1162 155 ALEXANDIHNI
1183 128 1343 155 AKUHIM'.

1791 132 1858 159 1000

221 191 303 214 retur.
317 186 383 214 Cum
399 186 481 222 igitur
493 194 524 214 ea
539 190 627 214 mente
639 190 666 213 et
680 186 793 213 consilio
808 185 858 218 sit,
876 193 909 212 an
930 185 998 213 alicu

1061 185 1126 218 σίως
1142 185 1172 212 τὸ
1192 185 1288 213 δοκοῦν
1305 186 1345 222 τῷ
1371 188 1557 223 γεγεννηκότι,
1572 189 1609 221 ὡς
1631 190 1711 226 εἴπερ
1733 189 1768 228 ἦν
1792 193 1856 225 ὅλως

220 232 356 258 videbitur
371 233 566 266 subjectionem
580 232 652 258 velut
665 232 819 259 indeeoram
837 231 1009 264 rejicit-ndatn

191 287 195 289 ν
218 285 292 308 esse,
302 283 327 304 et
341 278 483 305 voluntatis
496 278 567 305 illam
580 276 796 304 conformitatem
807 276 1009 311 repellendam?

1064 231 1118 258 τῶν
1131 231 1312 266 ἐνδεχομένων
1323 233 1364 264 εἰς
1376 233 1523 269 ἑτερότητα
1533 235 1597 270 οελη
1601 237 1694 270 μάτων
1703 239 1857 274 ἀποχωρεῦ

1062 277 1156 309 αὐτὸν,
1177 277 1310 312 ἀλογῆσαι
1336 277 1386 313 μὲν
1409 277 1464 304 τῶν
1488 278 1576 311 ἰδίων,
1600 283 1808 315 μεταποιεῖσθαι
1831 283 1857 310 δῖ

220 324 319 358 μᾶλλον
342 323 398 350 τῶν
420 323 468 350 τοῦ
490 323 704 358 Πατρός.Ἐχων
719 323 748 350 δὲ
769 322 840 350 οὕτω
855 322 957 350 σκοποῦ
972 331 1002 349 τε
1020 323 1069 350 καὶ
1098 322 1223 358 γνώμης,
1253 320 1309 358 ἆρα
1322 324 1355 350 ἄν
1367 332 1407 359 τῳ
1422 323 1520 356 δόξειε,
1542 327 1736 361 παραιτεῖσθαι
1757 329 1808 364 μὲν
1820 329 1858 361 ὡς

216 371 345 403 δυσκλεὲς
366 371 396 398 τὸ
420 370 604 406 ὑποτετάχθαι
623 370 723 404 δοκεῖν,
737 371 914 398 ἁποσεϊεσθαι
932 371 961 398 δὲ
979 371 1010 398 τὸ
1030 371 1099 407 πρὸς
1112 371 1168 409 πᾷν
1181 371 1271 398 ὁτιοῦν
1286 373 1440 399 συνεθέλειν
1455 373 1546 409 αὐτῷς

254 419 281 445 Β.
304 419 412 446 Minime
431 426 507 446 sane.

252 467 283 491 Α.
301 465 408 499 Itaque,
424 466 469 499 qui
485 473 555 492 nunc
572 472 679 499 quoque
698 467 792 492 eadem
811 466 866 492 vult
882 470 909 492 et
925 466 1009 493 sentit

214 519 273 536 cum
289 510 427 543 Genitore,
446 511 500 537 imo
515 518 579 537 vero
590 510 635 545 qtti
649 513 689 537 est
705 511 863 538 deliberatio
878 516 905 537 et
916 510 1009 538 volun-

215 561 255 582 tus
276 555 380 587 Putris,
399 564 515 591 quonam
536 561 614 590 pacto
636 555 808 589 subjicietur,
824 555 906 590 586
928 555 1009 590 idque

213 602 294 629 certis
307 603 490 636 temporibus,
511 602 588 636 quasi
602 601 720 628 nondum
745 598 912 636 intelligatur
933 601 1007 636 ejus-

212 647 273 674 dem
291 656 351 674 esse
372 648 527 680 voluntatis,
545 654 592 675 aut
611 647 750 675 subditus?
766 647 834 675 Utar
854 647 925 675 enim
949 648 1007 682 ipse

213 702 319 728 quoque
353 693 428 721 Pauli
458 694 612 726 sententia,
645 701 705 728 qua:
742 692 887 727 Uuigenito
917 693 1005 728 quoad

213 740 371 767 substantim
384 740 514 767 rationem
533 739 599 767 nihil
615 739 708 766 oliicit.

248 786 278 813 Β.
296 787 423 820 Quaenam
438 792 480 814 est
494 786 574 821 igitur
586 785 630 813 illa
646 786 735 813 l'utura
752 785 904 820 subiectio?

247 875 279 904 Α,
298 874 458 902 Praeclaram
479 882 553 910 spem
569 875 701 903 habemus
712 897 719 909 ,
736 874 862 907 Hermia,
877 878 905 902 et
930 878 1006 902 certo

210 923 356 954 credimus,
370 923 458 950 omnis
471 922 532 950 boui
555 923 793 958 participationem
809 930 822 949 a
837 923 892 950 Deo
905 923 1006 951 obven-

211 973 298 996 tnraut
324 969 357 996 iis
376 970 420 1003 qui
437 974 538 997 rectam
553 969 638 996 vitam
664 968 850 1000 instituerint,
867 974 1004 999 sanctam-

210 1022 262 1050 que
281 1020 308 1042 et
324 1015 401 1042 laude
428 1015 537 1050 dignam
551 1015 635 1042 vitam
663 1014 788 1047 vixerint,
806 1015 927 1049 adeoque
944 1021 1005 1041 om-

211 1069 272 1088 llelll
301 1060 491 1096 cogitationem
521 1065 550 1088 ει
575 1068 728 1088 sermonem
742 1068 774 1088 ea
793 1067 921 1095 superare
944 1067 1005 1096 quae

210 1113 363 1134 sanctorum
386 1111 520 1134 reservata
537 1111 600 1134 sunt
618 1107 764 1142 capitibus.
794 1107 894 1134 llorum
911 1111 1002 1134 autem

210 1154 328 1179 omnium
351 1153 509 1180 distributor
531 1158 558 1180 et
572 1153 686 1188 largitor
712 1154 764 1180 erit
785 1152 878 1180 Filius.
907 1151 1004 1180 Omnia

209 1198 335 1232 quippea
361 1197 440 1224 Putre
456 1198 483 1224 iu
512 1206 560 1225 nos
585 1207 634 1231 per
659 1199 748 1233 ipsum
766 1199 791 1225 in
814 1198 926 1232 Spiritui,
950 1204 1003 1225 non

210 1244 302 1278 utique
321 1244 392 1277 quod
410 1244 632 1271 tniuistratoriam
646 1244 673 1271 in
693 1245 742 1271 hoc
755 1249 865 1279 praestet
881 1251 1003 1279 operam,

209 1291 256 1317 sed
276 1290 347 1324 quod
363 1291 452 1324 potius
467 1299 528 1317 cum
553 1295 686 1325 potestate
707 1290 852 1318 distribuat
873 1294 1002 1325 tanquam

209 1336 307 1369 Filius,
324 1344 383 1370 qua:
397 1341 458 1363 sunt
475 1336 563 1364 Patris
574 1357 581 1369 ,
599 1341 627 1363 ut
637 1337 674 1364 sit
689 1336 760 1364 Dens
772 1336 861 1363 omnia
877 1336 902 1363 in
914 1335 1003 1363 omni-

210 1383 259 1410 bus
270 1383 303 1414 “,
315 1382 497 1410 sanctificatio
512 1383 649 1415 nimirum,
661 1387 686 1410 et
697 1382 959 1418 sapientia“,etvita
968 1382 1001 1416 “,

208 1430 293 1465 gloria
307 1429 370 1457 item
387 1428 421 1462 ",
445 1435 471 1457 et
485 1429 652 1464 incorruptio
662 1429 696 1457 ⁸⁸.
717 1429 792 1462 Quod
813 1433 902 1455 autem
921 1428 1003 1456 rebus

207 1477 334 1504 omnibus
359 1476 493 1512 subjectis
534 1476 619 1509 Filio,
643 1476 722 1503 simul
748 1475 830 1502 etiam
859 1483 919 1503 cum
944 1475 1003 1510 ipso

208 1530 302 1550 rursus
329 1523 510 1558 imperaturus
538 1522 574 1549 sit
596 1526 624 1549 et
638 1525 854 1556 conregnaturus
882 1520 1001 1548 universi

210 1571 281 1598 Deus
299 1578 331 1598 ac
350 1570 441 1602 Pater,
458 1568 536 1596 facile
562 1567 687 1595 ostendet
704 1575 752 1594 nos
776 1567 801 1594 in
820 1574 852 1594 ea
879 1571 1000 1602 perstare

208 1617 353 1647 sententia.
380 1616 500 1650 ejusdem
519 1616 630 1642 omnino
659 1614 804 1642 voluntatis
828 1621 889 1641 cum
919 1613 1000 1641 Patre

206 1663 288 1690 etiam
307 1667 369 1689 tunc
383 1662 439 1688 fore
459 1659 567 1692 Filium,
585 1659 664 1694 eique
691 1660 717 1686 in
735 1659 862 1688 omnibus
881 1667 996 1688 consen-

206 1716 310 1739 surum,
324 1713 350 1734 ct
369 1715 416 1742 per
431 1713 507 1733 suam
540 1705 731 1734 tuediationetu
759 1712 916 1733 sanctorum
938 1713 999 1741 spes

206 1756 362 1790 adimplere.
377 1753 409 1780 Et
421 1759 487 1780 sane
503 1752 529 1779 id
542 1751 720 1786 subiectionis
734 1752 866 1780 vocabulo
877 1752 997 1780 divinum

205 1801 319 1829 Paulum
340 1799 508 1833 signiﬁcasse
523 1798 639 1825 dicimus
657 1798 777 1826 abusive.
800 1797 908 1825 Sciebat
925 1798 996 1825 enim

206 1855 236 1875 se
259 1847 414 1874 nullatenus
442 1853 504 1874 eum
531 1843 668 1873 laesurum.
687 1843 751 1871 licet
777 1843 812 1870 ita
833 1843 998 1877 loqueretur.

204 1892 374 1928 Propositum
390 1892 461 1920 enim
476 1899 583 1928 semper
599 1895 640 1918 est
649 1889 727 1923 Filio,
740 1889 848 1917 Patrem
862 1889 999 1921 venerari,

205 1939 332 1973 quoniam
349 1943 375 1964 et
387 1937 418 1965 ex'
430 1939 487 1973 ipso
500 1943 543 1966 est
560 1937 708 1965 secundutu
725 1940 891 1968 naturam,et
908 1942 998 1969 aequm

206 1984 249 2016 lis,
262 1989 289 2011 et
306 1991 352 2018 per
367 1985 458 2011 omnia
476 1984 582 2016 similis,
599 1988 626 2010 et
646 1982 717 2009 nullo
736 1982 814 2009 modo
827 1980 948 2013 inferior,
969 1985 997 2008 et

205 2037 253 2065 per
270 2030 367 2064 ipsum,
390 2034 491 2057 etcum
511 2030 579 2064 ipso,
603 2029 676 2056 Patri
703 2028 797 2064 gloria,
816 2035 876 2055 cutn
902 2032 996 2055 sancto

205 2076 317 2111 Spiritu,
336 2077 362 2104 iu
382 2076 479 2103 saecula
490 2076 661 2104 stt-culorum.
683 2075 777 2102 Amen.

241 2207 264 2222 ³⁸
281 2206 289 2233 l
314 2207 377 2234 (lor.
395 2215 438 2240 xv,
455 2207 499 2234 28.
539 2207 561 2222 ’⁵³
586 2206 595 2233 1
614 2207 674 2233 (Zur.
696 2214 715 2238 I,
731 2207 773 2233 130.
814 2208 836 2221 “
859 2207 936 2234 Juan.
956 2214 1000 2234 xlv

1091 2207 1112 2222 ⁶¹¹
1128 2206 1209 2234 Hebr.
1226 2214 1245 2239 ι,

1015 1551 1036 1581 C

1098 406 1144 446 B.‘
1152 419 1274 446 "Hatth
1293 428 1335 453 τε.

1098 466 1131 492 Α.
1151 465 1268 497 Οὐκοῦν,
1282 467 1296 492 ό
1310 465 1356 492 καὶ
1371 465 1418 492 νῦν
1429 465 1598 501 ὁμογνώμων
1610 476 1640 494 τε
1652 469 1698 495 καὶ
1713 469 1855 504 συνεθελη-

1062 510 1113 546 τῆς
1127 510 1166 546 τῷ
1175 511 1366 546 γεγεννηκότι,
1382 511 1482 546 μᾶλλον
1492 511 1519 537 δὲ
1533 513 1548 547 ἡ
1561 512 1642 548 βουλὴ
1654 514 1700 540 καὶ
1714 515 1730 549 ἡ
1746 514 1855 549 θέλησις

1061 556 1110 583 τοῦ
1135 556 1261 592 Ιιατρδς,
1288 556 1347 583 τίνα
1372 556 1404 592 δὴ
1424 557 1524 591 τρόπον
1548 558 1787 594 ὑποταχθήσεται,
1811 561 1856 586 καὶ

1061 601 1141 628 τοῦτο
1154 601 1226 629 κατὰ
1238 602 1362 636 καιροὺς,
1375 603 1413 634 ὡς
1426 602 1502 629 οὔπω
1517 603 1661 638 νοούμενος
1675 605 1856 641 συνεθελητὴς

1060 648 1145 683 ἤγουν
1170 648 1410 682 ὑποτεταγμένος;
1439 649 1616 684 Κεχρήσομαῑ
1641 650 1707 685 γὰρ,
1722 651 1854 687 ἀδικούσῃ

1061 694 1145 730 μηδὲν
1167 695 1207 726 εἰς
1233 694 1329 726 οὐσίας
1351 694 1431 728 λόγον
1454 695 1500 722 τδν
1521 696 1671 732 Μονογενῆ,
1687 698 1734 724 καὶ
1754 700 1788 733 τῇ
1807 698 1854 725 τοῦ

1058 739 1165 766 Παύλου
1180 741 1267 775 φωνῇ.

1094 785 1124 811 Β.
1147 786 1226 812 Ποῖον
1239 783 1286 812 οὖν
1302 785 1356 822 ἄρα
1370 785 1401 812 τὸ
1414 785 1510 821 χρῆμα
1523 786 1574 822 τῆς
1593 787 1726 824 ἐσομένης
1750 789 1852 816 ὑποτα-

1058 838 1109 866 γης
1120 838 1127 863 ἶ

1092 877 1125 903 Δ.
1151 875 1196 903 Ἐν
1223 875 1332 904 ἐλπίσιν
1356 877 1440 913 ἐσμὲν
1463 878 1590 912 ἀγαθαῖς,
1615 875 1637 905 ὦ
1657 879 1784 914 Ἑρμεία,
1805 878 1851 905 καὶ

1056 921 1200 958 ἀραρότως
1210 922 1446 958 πεπιστεύκαμεν,
1458 924 1495 956 ὡς
1505 926 1562 956 τοῖς
1575 924 1696 950 ἐθέλουσι
1708 924 1852 951 διαὸιῶναι

1055 968 1201 1004 λαμπρῶς,
1216 969 1296 1003 ἁγίαν
1319 977 1348 995 τε
1368 970 1417 997 καὶ
1437 971 1602 1004 ἀξιάγαστον
1616 971 1724 1005 ἀληθῶς
1741 979 1851 1005 κατωρ-

1056 1013 1157 1040 θωκόσι
1170 1013 1254 1050 ζωὴν,
1265 1015 1282 1049 ή
1300 1015 1400 1047 παντὸς
1415 1017 1518 1050 ἀγαθοῦ
1535 1016 1642 1052 μέθεξις
1651 1016 1767 1052 ὑπάρξει
1776 1017 1851 1051 παρὰ

1055 1058 1134 1092 Θεοῦ,
1151 1059 1198 1086 καὶ
1213 1060 1266 1096 μὴν
1279 1060 1320 1087 ὅτι
1336 1060 1371 1087 τὰ
1389 1061 1460 1097 ὑπὲρ
1479 1061 1543 1088 νοῦν
1562 1062 1608 1088 καὶ
1627 1062 1706 1096 λόγον
1719 1064 1781 1093 ταῖς
1797 1062 1850 1088 τῶν

1056 1104 1142 1139 ἁγίων
1173 1105 1388 1141 τεθησαύρισται
1410 1108 1551 1142 κεφαλαῖς,
1577 1108 1674 1134 Ἔσται
1694 1108 1724 1135 δὲ
1745 1109 1850 1135 τούτων

1055 1150 1184 1177 ἁπάντων
1198 1151 1344 1187 διανομεὺς
1359 1153 1406 1179 καὶ
1423 1153 1555 1189 πρύτανις
1569 1155 1582 1180 ό
1596 1154 1657 1185 Υἱός
1669 1154 1782 1181 ’πάντα
1795 1155 1850 1189 γὰρ

1055 1196 1132 1232 παρὰ
1151 1197 1260 1232 Πατρὺς
1276 1199 1318 1229 εις
1334 1199 1408 1233 ἡμᾶς
1428 1199 1463 1225 δι’
1480 1198 1563 1226 αὐτοῦ
1583 1200 1612 1225 ὲν
1628 1200 1781 1234 Πνεύματι,
1803 1202 1850 1227 καὶ

1055 1241 1115 1270 οὔτι
1130 1242 1181 1270 πού
1199 1252 1290 1279 φαμεν
1311 1244 1479 1280 ὑπουργικὴν
1494 1245 1695 1280 εισκομίζοντος
1712 1246 1754 1277 εἰς
1771 1245 1851 1272 τοῦτο

1055 1289 1105 1325 τὴν
1127 1289 1276 1323 διακονίαν,
1295 1290 1470 1326 διανέμοντος
1490 1292 1518 1318 δὲ
1543 1291 1643 1326 μᾶλλον
1665 1293 1710 1318 ἐπ’
1724 1292 1850 1323 ἐξουσίας

1054 1335 1092 1367 ὡς
1106 1335 1172 1362 Υῑοῦ
1186 1336 1221 1362 τὰ
1235 1337 1311 1372 παρὰ
1328 1337 1446 1373 Πατρδς,
1464 1336 1534 1374 ἵναῇ
1552 1338 1566 1363 ὁ
1579 1337 1644 1369 Θεὸς
1666 1337 1699 1364 τὰ
1717 1338 1808 1364 πάντα
1822 1341 1850 1365 ὲν

1055 1382 1150 1414 πᾶσιν,
1167 1382 1304 1418 ἁγιασμὸς
1321 1382 1454 1417 δηλονότι,
1468 1385 1516 1410 καὶ
1535 1383 1626 1418 σοφία,
1643 1384 1690 1410 καὶ
1703 1383 1772 1419 ζωὴ,
1785 1383 1850 1416 δόξα

1053 1436 1084 1455 τε
1101 1429 1148 1455 καὶ
1169 1428 1319 1464 ἀφθαρσία.
1337 1429 1398 1456 ’Ὁτι
1417 1429 1446 1456 δὲ
1468 1430 1696 1465 ὑποτεταγμένων
1720 1430 1850 1456 ἁπάντων

1054 1473 1094 1510 τῷ
1113 1475 1180 1510 Υῑῷ,
1199 1475 1384 1511 συγκατάρξει
1400 1476 1481 1503 πάλιν
1499 1477 1585 1512 πάντη
1614 1486 1644 1503 τε
1670 1476 1718 1503 καὶ
1738 1476 1850 1507 πάντως

1054 1520 1139 1556 αὐτῷ,
1151 1521 1198 1547 καὶ
1208 1521 1420 1556 συμϐασιλεύσει
1435 1518 1488 1549 τῶν
1499 1523 1568 1550 ὅλων
1579 1525 1593 1550 ό
1601 1523 1667 1554 Θεὸς
1681 1523 1729 1550 καὶ
1742 1522 1850 1556 Πατὴρ,

1053 1567 1198 1600 ὲκδείξειεν
1221 1568 1255 1594 ἂν
1274 1567 1404 1600 εὐκόλως,
1420 1568 1450 1595 τὸ
1472 1569 1614 1604 ἀραρότως
1636 1570 1712 1603 ἡμᾶς
1733 1569 1849 1600 ἐννοεῖν,

1053 1614 1294 1649 ὁμογνωμονήσειν
1308 1614 1392 1650 αὐτῷ.
1407 1615 1454 1641 καὶ
1470 1615 1542 1647 τότε,
1552 1615 1676 1650 καὶπρὸς
1691 1616 1746 1642 πᾶν
1759 1615 1849 1641 ὁτιοῦν

1053 1660 1163 1686 ἔσεσθαι
1189 1660 1369 1695 συνεοελητὴν
1385 1662 1430 1688 τὸν
1448 1661 1522 1692 Υἱὸν,
1539 1661 1587 1687 καὶ
1607 1661 1652 1688 διὰ
1675 1663 1724 1696 τῆς
1749 1661 1848 1688 ἑαυτοῦ

1054 1705 1196 1740 μεσιτείας
1216 1706 1393 1741 ἀποπληροῦν
1409 1707 1465 1738 τοῖς
1484 1707 1571 1741 ἁγίοις
1583 1707 1617 1732 τὰ
1632 1708 1661 1733 ἐν
1674 1707 1778 1733 ἐλπίσι.
1793 1708 1847 1733 Καὶ

1053 1751 1119 1778 αὐτὸ
1130 1751 1162 1787 δὴ
1176 1752 1251 1778 τουτὶ
1267 1752 1305 1787 τῷ
1319 1752 1367 1787 τῆς
1379 1752 1518 1787 ὑποταγῆς
1532 1753 1645 1787 ὀνόματι
1660 1761 1847 1788 καταχρηστι-

1052 1797 1108 1829 κῶς
1124 1798 1312 1834 μεμηνυκέναι
1327 1798 1416 1833 φαμὲν
1427 1798 1472 1824 τὸν
1490 1798 1630 1824 θεσπέσιον
1646 1798 1847 1833 Πιῦλον.ᾜόει

1050 1845 1117 1880 γὰρ,
1135 1844 1193 1880 ᾔδει
1221 1845 1417 1879 προσκρούσων
1437 1844 1511 1879 αὐτῷ
1532 1844 1592 1870 κατ’
1606 1844 1702 1870 οὐδένα
1731 1845 1845 1879 τρόπον,

1051 1888 1103 1916 κᾶν
1119 1890 1144 1915 ει
1163 1889 1253 1915 τοιάδε
1275 1889 1336 1915 τινὰ
1358 1888 1442 1923 λέγοι.
1459 1889 1563 1920 Σκοπὸς
1582 1889 1638 1924 γὰρ
1660 1889 1704 1915 ἀεὶ
1720 1889 1760 1924 τῷ
1778 1889 1846 1924 Υἰῴ.

1051 1935 1135 1970 τιμᾷν
1154 1935 1200 1962 τὸν
1223 1935 1344 1970 Πατέρα,
1357 1935 1397 1961 ὄτι
1418 1934 1448 1968 ἐξ
1469 1935 1552 1961 αὑτοῦ
1569 1935 1640 1961 κατὰ
1655 1935 1738 1968 φύειν
1759 1935 1845 1966 ἐστὶν,

1051 1981 1108 2012 ἴσος
1119 1989 1149 2008 τε
1175 1981 1222 2008 καὶ
1237 1981 1329 2016 ὅμοιος
1341 1981 1411 2007 κατὰ
1430 1981 1483 2007 πᾶν
1497 1981 1596 2012 ὁτιοῦν,
1612 1981 1658 2007 καὶ
1676 1981 1738 2007 κατ’
1750 1980 1846 2007 οὐδένα

1050 2028 1152 2061 τρόπον
1169 2026 1421 2062 μειονεκτούμενος,
1436 2025 1470 2052 δι’
1487 2026 1569 2052 αὺτοῦ
1591 2034 1620 2052 τε
1635 2026 1682 2052 καὶ
1696 2026 1747 2051 σὺν
1760 2025 1844 2056 αὐτῷ.

1050 2071 1090 2106 τῷ
1104 2071 1192 2107 Πατρὶ
1209 2072 1225 2106 ή
1239 2071 1303 2104 δόξα
1317 2072 1367 2107 σὺν
1377 2072 1447 2107 ἁγίῳ
1460 2071 1601 2106 ΙΙνεύματι
1615 2072 1655 2102 εἰς
1668 2071 1732 2102 τοὺς
1743 2070 1846 2101 αἰῶνας

1051 2117 1105 2143 τῶν
1122 2116 1239 2144 αἰώνων.
1248 2117 1344 2152 Ἀμήν.

1323 2206 1345 2222 ⁸⁸
1363 2206 1381 2233 ΙΙ
1399 2206 1469 2234 Tim.
1485 2215 1504 2239 I,
1522 2207 1564 2233 10.

1311 2257 1325 2265 θ
