1937 3036
219 171 290 200 ιοοδ
325 149 327 152 ’

736 161 766 189 S.
787 159 927 188 CYRILLI
947 156 1182 187 ALEXANDRINI
1203 155 1363 185 ARCIHEP.

1787 149 1866 181 1006’

255 230 289 257 Δ.
307 227 466 260 Enimvero,
484 224 588 256 amice,
616 222 706 249 dicere
725 224 803 256 potes
823 220 910 247 libere
936 219 1009 254 quod

1098 218 1129 244 Α.
1146 217 1202 244 Καὶ
1219 217 1282 252 μὴν,
1302 213 1325 244 ὣ
1348 215 1498 251 φιλέταιρε,
1515 213 1590 250 πάρα
1604 214 1654 250 μέν
1670 213 1759 241 εἰπεῖν
1780 213 1859 240 ἐλευ-

221 276 296 304 libet.
320 273 375 302 Nos
391 280 456 301 vero
471 274 572 308 praesto
585 274 688 300 sumus,
704 266 849 301 omnisque
867 273 941 292 mora
966 272 1010 293 re-

221 322 346 354 iieiatur,
369 324 493 354 tempore
512 323 561 343 nos
585 314 667 342 etiam
690 320 762 340 nunc
785 313 818 340 ad
836 311 1010 339 defendenda

221 366 345 395 veritatis
359 365 483 400 dogmata
496 362 632 390 hortante.
656 358 711 386 Nos
725 362 814 385 autem
828 363 858 385 ut
882 357 1012 385 alacriter

221 422 254 442 eo
271 419 457 450 properemus,
474 409 582 438 divinus
597 408 694 434 Petrus
710 406 822 440 instigat
835 425 844 438 ,
872 405 969 432 dicens
984 403 1010 431 in

221 449 294 489 hunc
317 458 427 486 modum
448 455 569 484 alicubi:
593 463 602 480 ‹
627 452 720 480 Parati
746 458 853 486 semper
867 455 955 478 estote
978 449 1012 477 ad

222 505 434 535 satisfactionem
445 502 519 530 omni
530 499 651 536 poscenti
664 506 711 526 vos
722 499 855 526 rationem
868 498 901 524 de
910 504 941 524 ea
953 503 1013 531 quae

223 555 249 580 in
264 552 340 580 vobis
360 554 401 578 est
421 557 468 585 spe
482 549 516 575 θ’.
536 557 545 574 ι
567 547 635 583 Spes
651 547 723 574 enim
738 551 862 580 quamam
882 547 924 571 est
942 542 1012 578 apud

222 603 272 624 nos
286 595 339 622 alia
361 598 462 630 praeter
487 591 633 620 Dominum
661 594 784 618 nostrum
814 587 906 616 Jesum
930 587 1012 616 Chri-

221 647 292 670 stum
312 641 324 668 ?

257 688 288 715 Β.
303 687 396 722 itaque
410 685 480 714 scito
495 684 561 712 illud
576 690 689 719 prorsus
715 682 835 710 dicturos
846 700 853 713 ,
875 688 928 708 non
952 687 1013 708 esse

224 733 280 761 Deo
296 741 327 761 ac
342 733 415 761 Patri
430 731 578 761 secundum
595 734 697 757 natura:
711 729 856 760 rationem,
866 731 913 754 aut
924 734 1013 761 aequa-

222 785 286 816 lem,
302 783 349 808 aut
367 778 485 806 similem
513 775 624 808 Filium,
651 773 697 809 qui
718 777 746 801 et
768 772 958 800 sanctiﬁcatur
979 771 1014 798 ab

222 831 293 865 ipso,
320 831 346 854 ct
367 825 515 855 exaltatur,
531 826 558 850 et
587 820 769 857 glorificatur,
792 823 819 847 et
841 817 1014 846 corroborari

223 864 332 901 dicitur.
353 869 431 904 Quod
444 868 516 897 enim
540 865 696 894 adoraverit
717 864 876 896 nobiscum,
901 867 929 891 et
950 870 1014 891 con-

223 917 415 948 summationis
428 915 501 943 diem
517 914 643 949 ignorare
665 918 695 939 se
708 910 849 938 confessus
867 909 962 941 fuerit,
979 904 1013 936 éx

224 966 292 1002 ipsis
319 964 405 993 sacris
427 961 540 989 Litteris
555 959 642 994 parati
657 965 752 985 sumus
770 956 927 984 ostendere.
950 955 1014 983 Sin-

223 1011 350 1047 gulorum
365 1013 457 1036 autem
472 1007 609 1034 dictorum
624 1010 705 1032 voces
729 1006 755 1030 et
780 1002 956 1038 probationes
980 1008 1012 1028 ex

225 1057 369 1092 Scriptura
399 1052 531 1081 divinitus
552 1049 684 1085 inspirata
707 1047 788 1076 facile
811 1047 860 1075 tibi
876 1054 1014 1075 common-

224 1109 357 1134 stravero,
374 1100 395 1128 si
412 1099 487 1126 libet.

260 1150 292 1176 Δ.
312 1147 441 1182 Equidem
466 1143 592 1171 allectum
610 1149 693 1177 prope
712 1140 769 1177 jam
789 1140 856 1168 mihi
873 1144 1013 1167 certamen

224 1194 364 1231 putabam,
380 1191 427 1220 sed
439 1190 588 1219 etiamnum
599 1187 751 1219 invalescit,
764 1191 792 1215 et
803 1186 904 1214 crescit
913 1193 1014 1221 pugna.

225 1240 358 1274 Quoniam
376 1243 467 1266 autem
480 1243 528 1271 spe
543 1234 691 1262 frustratus
705 1240 777 1266 sum,
795 1237 823 1260 et
836 1231 881 1259 alii
902 1231 1017 1259 sudores

224 1287 290 1315 mihi
304 1284 460 1321 perferendi
475 1287 539 1311 sunt
562 1280 719 1316 (confertim
745 1280 878 1313 siquidem
899 1278 1015 1305 indocta;

225 1332 447 1361 adversariorum
469 1327 636 1364 obiectiones
663 1327 818 1361 ingruunt),
842 1333 901 1360 age.
919 1331 1015 1352 rursus

225 1378 371 1412 unicuique
394 1374 510 1403 seorsim
524 1380 615 1400 veram
634 1376 661 1398 et
676 1371 840 1406 inculpatum
860 1369 1015 1397 doctrinam

225 1427 406 1460 opponentes,
426 1420 528 1449 Christi
553 1418 711 1454 mysterium
738 1417 797 1445 illos
822 1417 948 1452 ignorare
969 1415 1014 1444 de-

226 1475 422 1499 monstremus.

258 1517 291 1545 B.
313 1516 458 1544 Enimvero
475 1514 545 1541 idem
568 1517 657 1539 tecum
687 1511 740 1538 iter
775 1509 904 1537 insistere
932 1509 1014 1536 vehe-

224 1568 330 1591 menter
345 1566 406 1590 avet
424 1560 540 1587 animus.
558 1557 651 1593 Neque
664 1557 737 1584 enim
753 1555 834 1583 aliter
852 1555 916 1582 licet
929 1555 1016 1589 expli-

224 1618 288 1640 care
304 1616 331 1638 et
341 1608 494 1643 expendere
508 1606 609 1634 diserte
626 1603 744 1639 singula.
763 1602 840 1636 Quod
857 1602 938 1637 igitur
952 1609 1014 1629 san-

223 1655 400 1685 ctificationis
423 1653 560 1690 particeps
582 1651 618 1680 sit
640 1650 737 1682 Filius,
758 1649 900 1684 inquiunt,
917 1649 1015 1677 beatus

224 1704 324 1731 Paulus
341 1700 466 1729 ostendet
479 1699 602 1727 scribens
616 1697 718 1731 deipso
734 1703 740 1722 :
759 1703 769 1720 ι
787 1695 837 1728 Qui
858 1695 930 1722 enim
953 1701 1015 1722 san-

224 1749 337 1780 ctiﬁcat,
359 1751 386 1774 et
399 1746 444 1781 qui
458 1744 675 1774 sanctificantnr,
696 1749 728 1768 cx
742 1748 796 1768 uno
816 1747 913 1768 omnes
929 1749 936 1767 :
955 1746 1017 1775 pro-

224 1798 285 1830 pter
301 1799 382 1828 quam
395 1797 503 1819 causam
517 1795 570 1816 non
588 1786 764 1815 confunditur
778 1785 878 1813 fratres
901 1792 948 1812 eos
968 1791 1014 1812 vo-

224 1846 310 1871 care,
335 1838 429 1865 dicens
450 1844 457 1863 :
481 1835 617 1863 Nuntiabo
638 1841 736 1861 nomen
775 1837 851 1860 tuum
883 1831 1016 1858 fratribus

225 1886 293 1914 meis
310 1885 343 1912 το.
366 1893 375 1910 ι
391 1883 474 1919 589
491 1881 627 1910 Praeterea
649 1881 757 1915 sapit-ns
778 1879 823 1906 ille
840 1878 957 1906 Joannes
978 1878 1017 1904 ait
1035 1904 1038 1908 ,

225 1932 354 1968 Spiritum
371 1938 399 1957 sc
414 1929 516 1956 vidisse
532 1925 743 1955 descendentem
759 1933 840 1961 super
852 1932 914 1952 eum
937 1923 1015 1959 quasi

225 1976 378 2005 columbam
391 1975 437 2000 ⁷⁶“.
455 1974 494 2001 Ad
509 1973 565 2001 haec
577 1972 635 2008 ipse
649 1978 757 2008 quoque
779 1970 886 1998 dicebat
908 1970 994 1998 Filius
1008 1989 1014 2001 ,

224 2023 332 2051 .lndazos
347 2022 488 2056 alloquens
502 2029 507 2047 :
529 2029 537 2045 ι
550 2019 643 2046 Nonne
657 2018 785 2052 scriptum
797 2022 840 2044 est
850 2017 876 2044 in
896 2016 954 2050 lege
967 2023 1014 2042 ve-

226 2075 294 2102 stra,
315 2067 378 2103 quia
400 2067 456 2101 Ego
473 2066 544 2098 dixi,
567 2064 608 2092 Dii
623 2064 708 2092 estis?
722 2064 750 2091 Si
772 2063 832 2090 illos
848 2062 916 2090 dixit
937 2062 1012 2094 deos,

224 2117 259 2143 ad
275 2123 344 2150 quos
370 2121 461 2141 sermo
483 2112 529 2140 Dei
548 2112 636 2139 factus
659 2114 710 2143 est,
725 2114 753 2137 et
770 2116 823 2136 non
844 2112 930 2144 potest
948 2107 1015 2136 solvi

226 2161 367 2195 Scriptura
395 2167 402 2184 :
427 2165 506 2193 quem
532 2156 614 2183 Pater
643 2153 825 2182 sunctilicavit
844 2157 873 2179 et
895 2152 969 2179 misit
990 2152 1016 2178 in

226 2206 367 2238 mundum,
383 2212 431 2231 vos
444 2202 534 2230 dicitis
560 2202 623 2236 quia
641 2200 830 2234 Blasphemas,
847 2198 910 2233 quia
935 2198 990 2225 dixi
1007 2204 1014 2224 :

226 2253 310 2280 Filius
338 2250 384 2279 Dei
411 2256 472 2278 sum
489 2248 512 2264 "
529 2247 541 2273 ?
559 2256 568 2272 ι
584 2245 728 2272 innumera
751 2245 804 2271 alia
820 2245 890 2273 dicta
907 2245 1015 2280 congeri

226 2302 340 2335 possunt
358 2294 525 2331 eiuscemodi
551 2293 625 2320 nullo
643 2291 761 2327 negotio.
782 2299 831 2326 per
846 2298 905 2326 qua:
926 2292 1016 2319 discas

225 2344 430 2372 sanctificatum
447 2347 509 2368 esse
525 2346 541 2366 a
557 2338 638 2366 Patre
654 2338 766 2365 Filium.

267 2434 301 2461 Α.
320 2433 354 2458 At
369 2430 479 2465 quinam
500 2428 687 2456 sanctificaudi
713 2428 810 2455 modus
827 2428 1016 2464 intelligendus

226 2478 273 2510 sit,
295 2477 359 2504 licet
380 2476 413 2502 de
436 2475 493 2510 ipso
515 2474 662 2509 Unigenito
684 2477 811 2508 ponatur,
832 2481 863 2501 ex
888 2478 914 2500 te
930 2473 1016 2501 libens

227 2523 374 2553 audierim.
391 2522 510 2549 Plurima
531 2521 603 2548 enim
624 2520 716 2556 eiusce
727 2520 766 2548 rei
784 2519 934 2547 dill'ereniia
948 2522 1019 2555 apud

228 2577 323 2599 sacras
345 2568 504 2603 Seriptnras
527 2567 660 2595 cernitur.
684 2566 799 2600 Quidam
819 2566 892 2593 enim
916 2567 1018 2593 sancti-

231 2615 306 2644 licari
323 2615 459 2647 dicuntur,
470 2613 543 2640 velut
555 2613 581 2639 in
599 2611 769 2647 praescientia
786 2610 832 2637 Dei
846 2611 1019 2645 prtevidentis

227 2662 288 2690 illos
305 2660 469 2689 laudabilem
494 2664 521 2687 et
543 2662 645 2686 rectam
665 2657 749 2684 vitam
765 2656 888 2684 ducendo
906 2657 1018 2685 idoneos

227 2709 287 2736 fore
312 2705 505 2744 participando
519 2709 615 2732 saneto
634 2703 759 2738 Spiritui.
784 2702 941 2737 Cuiusmodi
957 2702 1017 2730 fue-

226 2754 308 2782 rintii
322 2754 355 2782 de
365 2750 587 2789 quibussapiens
601 2750 696 2777 scribit
708 2749 807 2777 Paulus
820 2756 828 2776 :
839 2757 855 2788 VI
869 2748 935 2776 Nam
948 2756 1016 2784 quos

226 2799 376 2838 praescivit,
394 2802 421 2826 et
431 2796 636 2833 pmdestinavit
647 2795 802 2824 conformes
813 2796 872 2823 ﬂeri
888 2795 1015 2831 imaginis

263 2878 285 2895 "
300 2877 309 2906 l
322 2876 396 2905 Petr.
411 2884 453 2910 Ill,
469 2876 511 2904 l5.

1035 2267 1055 2295 D

1063 264 1150 300 θέρως
1162 264 1192 290 τὸ
1204 263 1310 291 δοκοῦν.
1325 263 1423 290 Ὄκνου
1436 262 1464 289 δέ
1478 261 1607 297 ἀμείνους
1621 262 1715 297 ἡμεῖς,
1731 259 1778 287 καὶ
1788 260 1860 295 διερ-

1063 310 1152 346 ρίφθω
1174 309 1320 345 μέλλησις,
1343 306 1440 343 καιροῦ
1460 306 1666 343 Μραθήγοντος
1691 305 1731 337 είς
1751 305 1782 331 τὸ
1802 304 1860 330 δεῖν

1062 356 1170 382 ἑλέσθαι
1186 354 1232 382 καὶ
1247 355 1294 382 νῦν
1319 355 1376 385 τοῖς
1391 354 1440 390 τῆς
1454 352 1582 388 ἀληθείας
1599 353 1673 387 ἡμᾶς
1689 351 1861 386 συναθλῆσαι

1062 402 1205 437 δόγμασιν.
1227 400 1382 428 Ἀναπείθει
1400 400 1444 432 δέ,
1469 397 1564 435 οἶμαι,
1589 398 1657 434 πρὸς
1682 398 1764 424 τοῦτο
1790 397 1860 423 ίὲναι

1063 448 1211 484 προθύμως
1227 449 1274 475 καὶ
1294 449 1308 475 6
1329 447 1473 478 Θεσπέσιος
1488 446 1606 482 Πέτρος,
1623 442 1674 472 ὦδέ
1690 453 1729 479 πη
1750 443 1858 478 λέγων·

1066 505 1076 520 ι
1091 495 1213 530 Ἔτοιμοι
1234 493 1342 529 γίνεσθε
1367 494 1411 520 ἀεὶ
1438 494 1507 529 πρὸς
1531 491 1691 525 ἀπολογίαν⁷
1709 491 1793 517 παντὶ
1819 489 1860 525 τῷ

1062 539 1223 566 ἀπαιτοῦντι
1243 539 1315 574 ὑμᾶς
1331 538 1411 573 λόγον
1428 538 1493 573 περὶ
1514 537 1565 572 τῆς
1585 537 1614 563 ὲν
1634 537 1699 571 ὑμῖν
1716 535 1834 567 ἐλπίδος.
1849 545 1859 561 ι

1069 585 1163 617 Ἐλπὶς
1174 585 1202 612 δὲ
1218 585 1250 621 δὴ
1266 585 1308 616 τίς
1327 585 1361 611 ἂν
1375 584 1418 619 εἴη
1438 584 1515 620 παρά.
1531 592 1564 618 γε
1579 584 1645 619 ἡμῖν
1662 583 1759 618 ἑτέρα,
1781 581 1862 618 παρὰ

1063 631 1108 658 τδν
1125 631 1227 667 Κύριον
1242 631 1322 667 ἡμῶν
1339 630 1444 667 Ἰησοῦν
1457 630 1503 657 τὸν
1518 629 1653 666 Χριστόν;

1099 677 1130 704 Β.
1147 678 1263 709 Οὐκοῦν,
1287 676 1342 704 ῖσθι
1359 686 1400 703 τοι
1418 677 1507 712 πάντη
1524 685 1554 703 τε
1581 676 1628 703 καὶ
1646 675 1755 707 πάντως
1774 675 1864 702 ἐκεῖνο

1065 722 1210 760 ἐροῦντας,
1232 723 1269 756 ὼς
1287 723 1336 750 οὐκ
1359 723 1391 750 ἂν
1411 723 1454 758 εἴη
1475 721 1541 750 ποτέ
1561 722 1601 758 τῷ
1615 721 1675 758 Θεῷ
1698 722 1746 749 κα)⁵
1762 721 1863 758 Πατρὶ,

1064 770 1134 798 κατά
1155 779 1187 804 γε
1209 770 1255 797 τὸν
1274 771 1324 806 τῆς
1345 770 1454 805 φύσεως
1472 769 1562 803 λόγον,
1581 768 1598 802 ἢ
1622 767 1678 799 ῖσος
1697 767 1714 802 ἢ
1735 766 1831 802 ὅμοιος
1849 767 1863 792 6

1065 818 1140 850 Υἱὸς,
1159 818 1188 850 ὃς
1204 826 1236 852 γε
1251 817 1298 844 καὶ
1312 817 1456 852 ἁγιάζεται
1472 815 1538 851 παρ’
1553 814 1648 847 αὐτοῦ,
1665 814 1713 842 καὶ
1730 813 1862 848 ὑψοῦται,

1068 863 1116 891 καὶ
1131 862 1290 897 δοξάζεται,
1315 863 1362 890 καί
1386 861 1572 898 δυναμοῦσθαι
1589 861 1709 896 λέγεται.
1725 860 1789 886 Ὀτι
1808 859 1863 894 γὰρ

1071 910 1118 936 καὶ
1130 909 1338 945 προσκεκύνηχε
1353 908 1412 944 μεθ’
1424 908 1514 943 ἡμῶν,
1527 907 1576 934 καὶ
1586 907 1635 942 τὴν
1645 908 1695 942 τῆς
1705 905 1864 936 συντελείας

1067 955 1175 991 ἡμέραν
1189 954 1367 990 ὡμολόγηκεν
1389 954 1508 987 ἀγνοεῖν,
1529 952 1557 986 ἐξ
1574 952 1664 979 αὐτῶν
1682 951 1790 987 ἕτοιμοι
1808 950 1864 978 τῶν

1067 1001 1148 1037 ιερῶν
1158 1000 1319 1036 ἀποφαίνειν
1335 999 1518 1035 Γραμμάτων.
1530 999 1585 1030 Τὰς
1597 999 1626 1025 δὲ
1638 999 1680 1033 ἐφ’
1687 997 1797 1033 ἑκάστῳ
1806 996 1862 1023 τῶν

1066 1047 1219 1084 εἰρημένων
1227 1046 1320 1081 φωνάς
1327 1054 1356 1072 τε
1365 1046 1413 1072 καὶ
1423 1045 1540 1077 πίστεις,
1550 1045 1603 1071 ἀπό
1622 1052 1654 1079 γε
1671 1044 1721 1079 τῆς
1730 1043 1862 1070 Ommati—

1067 1101 1131 1120 στου
1143 1092 1266 1129 Γραφῆς,
1282 1091 1435 1127 παραθείην
1444 1091 1476 1118 ἂν
1487 1090 1617 1123 εὐκόλως,
1632 1090 1659 1116 εἴ
1676 1090 1708 1124 γέ
1722 1098 1764 1116 σοι
1777 1089 1862 1116 δοκεῖ.

1101 1140 1133 1166 Δ.
1150 1139 1206 1166 Καὶ
1224 1138 1278 1175 μὴν
1303 1138 1391 1172 ἔγωγε
1409 1136 1571 1172 παρηδῆσαι
1598 1136 1648 1172 μέν
1672 1135 1723 1171 ἤδη
1755 1143 1802 1170 μοι
1818 1134 1864 1160 τὸν

1067 1185 1161 1221 ἀγῶνα
1177 1185 1298 1218 ἐδόκουν,
1311 1185 1326 1211 6
1339 1183 1367 1211 δέ
1382 1184 1457 1211 ἐστιν
1477 1184 1506 1210 ἐν
1528 1184 1631 1218 ἀκμαῖς
1653 1182 1704 1214 ἐτι,
1719 1182 1768 1208 καὶ
1783 1180 1864 1207 οίονεὶ

1068 1231 1227 1268 σφριγῶσαν
1242 1231 1299 1267 ἔχει
1314 1231 1364 1267 τὴν
1384 1230 1490 1266 ἔφοδον.
1510 1228 1620 1264 Ἐπειδὴ
1637 1228 1665 1255 δὲ
1682 1227 1864 1263 διημάρτηκα

1066 1277 1116 1312 τῆς
1134 1277 1251 1309 ἐλπίδος,
1268 1278 1316 1304 καὶ
1331 1278 1371 1309 είς
1385 1276 1473 1312 ἀρχὰς
1489 1275 1609 1312 ἱδρώτων
1624 1274 1728 1310 ἐτέρων
1743 1274 1862 1310 ἥκομεν,

1068 1324 1188 1359 σωῃδὸν
1203 1323 1258 1359 γὰρ
1272 1324 1338 1358 ἡμῖν
1349 1324 1400 1358 τῆς
1414 1322 1468 1350 τῶν
1480 1322 1610 1349 ἐναντίων
1626 1321 1790 1356 σκαιότητος
1805 1321 1864 1347 ἐπι-

1068 1368 1109 1395 θεῖ
1120 1369 1154 1395 τὰ
1166 1368 1358 1404 προϐλήματα,
1373 1368 1440 1404 φέρε
1452 1367 1484 1404 δὴ
1497 1367 1588 1400 πάλιν,
1600 1367 1741 1402 ὰναμέρος
1755 1366 1865 1400 ἑκάστῳ

1067 1414 1113 1441 τὸν
1126 1414 1214 1450 ἀληθῆ
1228 1413 1275 1440 καὶ
1289 1413 1440 1450 ἀμώμητον
1453 1413 1648 1447 ἀντεξάγοντες
1664 1412 1755 1446 λόγον,
1769 1412 1866 1447 om.

1069 1461 1150 1493 κότας
1165 1460 1320 1496 ἐλέγχωμεν
1333 1460 1362 1487 τὺ
1378 1459 1496 1495 Χριστοῦ
1515 1459 1674 1495 μυστήριον.

1103 1508 1134 1535 Β.
1152 1507 1258 1535 Οὐκοῦν
1278 1507 1336 1543 είμί
1352 1515 1396 1534 τοιπ
1411 1507 1458 1534 καὶ
1479 1506 1552 1542 μάλα
1570 1506 1711 1542 πρόθυμος
1724 1505 1816 1541 ἤνπερ
1831 1505 1864 1532 ἃν

1069 1555 1140 1582 ἕλοιο
1161 1553 1323 1589 διαστείχειν
1347 1553 1438 1585 αὑτός.
1459 1553 1515 1580 Καὶ
1530 1552 1585 1588 γὰρ
1601 1561 1642 1579 τοι
1664 1551 1714 1578 καὶ
1729 1552 1792 1578 λίαν
1818 1551 1864 1577 εὐ-

1070 1599 1248 1637 κρινεστέραν
1260 1600 1310 1636 τὴν
1326 1600 1369 1634 ἐφ’
1382 1599 1490 1634 ἑκάστῳ
1507 1598 1623 1634 βάσανον
1638 1597 1816 1634 ἐξεργάσαιτ⁹
1831 1598 1865 1625 ἂν

1070 1647 1135 1682 ἡμῖν
1150 1646 1201 1681 οὐχ
1221 1645 1323 1682 ἑτέρως
1337 1645 1353 1680 ἢ
1368 1644 1465 1677 οὕτως,
1478 1646 1491 1671 6
1506 1645 1594 1679 λόγος.
1611 1645 1672 1671 ’Ὁτι
1689 1644 1793 1676 τοίνυν,
1811 1652 1863 1679 φα-

1071 1693 1125 1725 σὶν,
1140 1692 1277 1726 ἁγιασμοῦ
1297 1691 1410 1726 μέτοχος
1429 1692 1443 1718 6
1461 1691 1538 1723 Υἱὸς,
1562 1692 1690 1726 σαφηνιεῖ
1712 1691 1827 1727 γράφων
1850 1690 1865 1716 6

1072 1738 1206 1774 μακάριος
1220 1737 1326 1769 Παῦλος
1342 1737 1406 1773 περὶ
1419 1737 1501 1764 αὑτοῦ
1514 1745 1520 1751 δ
1540 1746 1550 1762 ι
1567 1737 1601 1763 Ὂ
1619 1745 1648 1763 τε
1663 1736 1719 1772 γὰρ
1742 1737 1864 1770 ἁγιάζων

1070 1784 1118 1812 καὶ
1129 1785 1154 1811 οἱ
1169 1784 1355 1819 ἁγιαζόμενοι,
1369 1783 1399 1817 ἐξ
1412 1783 1470 1815 ἐνὸς
1483 1783 1601 1815 πάντες·
1617 1783 1650 1810 δι’
1661 1784 1694 1819 ἣν
1709 1783 1801 1810 αἰτίαν
1815 1783 1865 1811 οὐκ

1071 1829 1406 1864 ἐπαιηὺνεταιὰδελφοὺς
1416 1829 1516 1861 αὐτοὺς
1535 1830 1637 1861 καλεῖν,
1648 1829 1750 1864 λέγων’
1764 1829 1865 1863 ’Δπαγ-

1070 1874 1143 1909 γελῶ
1156 1874 1186 1901 τὸ
1200 1874 1287 1910 δνομά
1302 1883 1349 1901 σου
1364 1876 1422 1906 τοῖς
1436 1874 1559 1910 ἀδελφοῖς
1572 1884 1631 1910 μου.
1641 1885 1649 1901 ι
1663 1876 1718 1903 Καὶ
1729 1875 1784 1911 μὴν
1796 1876 1865 1902 καὶὸ

1073 1921 1154 1956 σοφός
1171 1929 1253 1956 φησιν
1271 1920 1409 1956 Ἰωάννης,
1432 1920 1464 1947 τὸ
1482 1920 1595 1957 Πνεῦμα
1617 1922 1762 1949 τεθεᾶσθαι
1781 1931 1864 1950 κατα-

1071 1967 1162 1994 ϐαῖνον
1177 1967 1219 1993 ἐπ’
1231 1967 1312 1994 αὑτὸν
1333 1967 1398 1994 ὡσεὶ
1418 1967 1592 2003 περιστεράν.
1603 1977 1612 1993 ι
1628 1968 1683 1995 Καὶ
1700 1969 1770 2005 πρός
1785 1978 1817 2004 γε
1833 1969 1864 2005 δὴ

1070 2014 1186 2046 τούτοις,
1204 2015 1252 2041 καὶ
1266 2015 1347 2046 αὐτὸς
1362 2013 1482 2048 ἔφασκεν
1496 2015 1510 2041 6
1528 2014 1602 2046 Υίὸς,
1624 2015 1763 2048 Ἰουδαίοις
1779 2025 1865 2051 προσ-

1070 2060 1169 2088 λαλῶν·
1186 2070 1195 2087 t
1208 2061 1265 2087 Οὐκ
1273 2061 1330 2088 ἐστι
1342 2061 1534 2097 γεγραμμένον
1548 2061 1578 2088 ἐν
1591 2061 1629 2096 τῷ
1641 2061 1812 2097 νόμῳῦμῶν,
1824 2062 1864 2089 ὅτι

1077 2107 1148 2143 Ἐγὼ
1161 2105 1240 2141 εἶπα,
1254 2107 1315 2134 Θεοί
1329 2109 1406 2142 tota;
1423 2108 1454 2135 El
1471 2108 1593 2140 ἐκείνους
1609 2105 1670 2135 εἶπε
1687 2108 1776 2141 θεοὺς,
1796 2109 1865 2145 πρὸς

1070 2153 1117 2185 οὓς
1130 2155 1144 2180 6
1155 2154 1234 2188 λόγος
1243 2153 1290 2180 τοῦ
1302 2153 1370 2180 Θεοῦ
1385 2153 1503 2188 ἐγένετο,
1518 2154 1564 2181 καὶ
1579 2154 1609 2181 οὺ
1626 2154 1738 2181 δύναται
1751 2154 1866 2191 λυθῆναι

1070 2201 1087 2235 ἡ
1107 2199 1214 2236 Γραφὴ,
1227 2199 1257 2226 ὃν
1272 2201 1286 2226 6
1298 2199 1393 2236 Πατὴρ
1404 2200 1513 2235 ήγίασε,
1527 2200 1574 2227 καὶ
1591 2201 1750 2228 ἀπέστειλεν
1766 2202 1807 2233 είς
1822 2201 1866 2228 τὺν

1070 2245 1182 2281 κόσμον,
1208 2245 1286 2279 ὑμεῖς
1304 2245 1407 2280 λέγετε,
1428 2246 1468 2273 ὅτι
1493 2245 1684 2281 Βλασφημεῖς,
1710 2247 1753 2273 ὅτι
1776 2244 1864 2279 εἶπον,

1072 2291 1211 2326 Υίόςιείμι
1225 2290 1273 2317 τοῦ
1288 2291 1372 2323 Θεοῦ;
1388 2300 1397 2316 ι
1415 2290 1508 2326 Μυρία
1519 2290 1541 2317 δ’
1555 2291 1587 2318 ἄν
1602 2300 1643 2323 τις
1656 2292 1702 2318 καὶ
1718 2291 1801 2328 ἕτερα
1819 2293 1864 2319 καὶ

1069 2336 1130 2364 λίαν
1143 2337 1247 2364 ἀκονιτὶ
1265 2338 1322 2369 τοῖς
1335 2337 1491 2373 εἰρημένοις
1505 2337 1711 2372 ἐπισωρεύσειε,
1726 2338 1761 2365 δι’
1772 2336 1810 2366 ὧν
1825 2338 1864 2366 ἐν·

1070 2391 1128 2409 εστι
1149 2382 1255 2418 μαθεῖν,
1271 2382 1310 2414 ὡς
1326 2383 1456 2418 ἡγίασται
1474 2383 1551 2419 παρὰ
1570 2383 1617 2410 τοῦ
1635 2383 1743 2420 Πατρδς
1759 2385 1773 2411 6
1790 2385 1863 2417 Υἱός.

1104 2430 1137 2456 Α.
1157 2429 1212 2455 Καὶ
1225 2429 1266 2461 τίς
1282 2428 1315 2456 ἂν
1328 2430 1414 2456 νοοῖτο
1428 2430 1508 2464 τυχὸν
1519 2431 1533 2456 6
1547 2430 1593 2456 τοῦ
1605 2431 1738 2467 ήγιάσθαι
1753 2432 1863 2467 τρόπος,

1070 2475 1095 2501 εί
1112 2476 1161 2502 καὶ
1178 2476 1221 2502 ἐπ’
1242 2476 1326 2503 αὐτοῦ
1343 2477 1467 2504 τάττοιτο
1483 2477 1530 2503 τοῦ
1553 2476 1724 2511 Μονογενοῦς
1735 2498 1742 2509 ,
1767 2477 1864 2504 διαπυ-

1070 2521 1168 2558 θοίμην
1177 2521 1210 2549 ἂν
1221 2522 1356 2556 λέγοντος,
1369 2523 1407 2554 ὡς
1420 2522 1526 2558 ἥδιστα,
1545 2523 1592 2550 σοῦ
1603 2531 1610 2538 ’
1623 2523 1738 2559 πλείστη
1747 2523 1803 2560 γὰρ
1816 2525 1862 2560 ὅση

1069 2567 1117 2594 τοῦ
1139 2568 1302 2603 πράγματος
1323 2569 1339 2603 ἡ
1364 2568 1480 2604 διαφορὰ
1497 2569 1571 2604 παρά
1588 2577 1620 2603 γε
1642 2569 1703 2600 ταῖς
1733 2568 1862 2596 οεοπνεύ-

1071 2621 1142 2645 στοις
1157 2614 1253 2649 ὁρᾶται
1268 2613 1390 2650 Γραφαῐς
1401 2623 1407 2629 ·
1425 2613 1586 2648 ἁγιάξεσοαι
1605 2613 1654 2649 μὲν
1667 2614 1723 2649 γὰρ
1738 2614 1862 2649 λέγονταί

1068 2668 1151 2692 τινες,
1176 2660 1214 2692 ὡς
1238 2660 1267 2687 ἐν
1294 2661 1448 2696 προγνώσει
1473 2660 1552 2692 Θεοῦ,
1571 2660 1810 2696 προαναθροῦντος
1824 2661 1862 2688 ὅτι

1067 2705 1117 2742 τὴν
1133 2705 1276 2742 εὐδόκιμον
1302 2716 1332 2733 τε
1353 2707 1401 2733 καὶ
1431 2707 1622 2742 ὲννομωτάτην
1649 2707 1862 2742 κατωρθωκότες

1067 2750 1151 2786 ζωὴν,
1167 2751 1326 2787 ἐπιτηδείως
1349 2752 1439 2785 ἕξουσι
1453 2753 1500 2779 καὶ
1514 2753 1555 2784 είς
1575 2752 1605 2779 τὸ
1628 2751 1727 2788 χρῆναι
1747 2753 1863 2788 μεταλα-

1066 2798 1125 2833 χεῖν
1139 2798 1218 2832 ἁγίου
1235 2799 1394 2835 Πνεύματος
1405 2808 1411 2815 ·
1428 2800 1515 2827 ὁποῖοί
1530 2808 1603 2832 τινες
1618 2797 1673 2827 εἶεν
1688 2799 1733 2834 ἂν,
1748 2799 1814 2836 περὶ
1826 2797 1863 2827 ὧν

551 2876 573 2892 "°
586 2875 669 2903 Hebr.
686 2883 717 2909 ll,
732 2875 775 2902 il.
814 2875 847 2891 ⁷⁰’
863 2875 939 2903 Joan.
956 2884 974 2910 I,
1004 2877 1047 2905 ΞΕ.
1087 2878 1108 2894 ’ί
1121 2877 1199 2906 Joan.
1216 2886 1243 2912 x,
1263 2878 1356 2907 56-36.
