1937 3036
139 157 212 186 1003

673 154 716 182 DE
736 153 785 182 SS;
808 152 996 181 TRINITATE
1017 132 1186 181 DIALOGUS
1205 152 1250 186 Ἣ.

1703 145 1772 180 tuos

137 215 154 241 ὁ
173 213 255 249 σοφὸς
268 212 422 240 ἐπιστέλλει
436 211 555 246 Παῦλος,
566 212 608 238 ὅτι
625 221 633 238 ι
649 211 703 244 Οὓς
726 211 862 253 προέγνω,
887 210 928 236 καὶ

986 210 1045 238 Filii
1061 210 1115 243 sui,
1131 215 1162 237 ut
1174 209 1210 237 sit
1224 209 1282 244 ipse
1301 207 1498 243 primogenitus
1516 206 1543 234 in
1564 206 1657 235 multis
1680 207 1773 235 fratri-

138 260 280 296 προώρισε
295 258 475 294 συμμόρφους
490 258 539 293 τῆς
567 257 672 290 εἰκόνος
686 257 734 284 τοῦ
756 257 820 284 Υἱοῦ
838 255 933 288 αὑτοῦ,

137 307 182 338 εὶς
194 306 223 332 τὺ
233 304 302 332 εἶναι
313 305 395 332 αὑτὸν
406 304 578 340 πρωτότοκον
585 304 614 330 ὲν
623 301 729 336 πολλοῖς
738 297 870 339 ἀδελφοῐςῖ
880 302 934 334 Οὓς

137 353 169 380 δὲ
187 351 336 388 προώρισε,
354 350 465 382 τούτους
479 350 527 389 καὶ
551 349 691 376 ἐκάλεσεν.
705 358 714 375 ›
730 349 804 388 Ἔφη
824 349 852 376 δὲ
868 349 935 380 Θεὸς

137 399 187 426 καὶ
196 398 264 434 πρὸς
275 398 321 424 τὸν
334 396 489 434 σοφώτατον
503 396 653 435 Ἱερεμίαν*
673 396 745 431 «Πρὸ
757 395 803 422 τοῦ
820 404 852 431 με
868 395 935 422 πλά-

137 454 186 472 σαι
202 453 231 471 σε
245 445 273 471 ὲν
287 443 387 479 κοιλίᾳ,
402 442 550 478 ἐπίσταμαι
568 450 608 474 σε,
625 442 671 468 καὶ
684 441 737 477 πρὸ
751 441 799 468 τοῦ
816 450 845 468 σε
859 442 934 475 ἐξελ-

137 491 197 518 θεῖν
218 492 250 518 ὲκ
265 491 386 526 μήτρας,
399 489 504 525 ήγίακά
517 498 557 516 σε.
568 499 577 515 ι
596 488 766 523 Ἀγιάζονται
779 489 807 514 δὲ
822 486 857 515 αὖ
866 509 873 520 ,
887 489 934 515 καὶ

137 538 228 573 ἕτεροί
242 545 325 568 τινες,
340 537 431 564 καίτοι
442 535 488 562 τὸν
501 527 581 570 φῦσει
594 527 660 562 Θεὸν
672 536 722 562 οὐκ
735 534 932 569 ἐπεγνωκότες,

137 585 198 612 ἀλλ’
208 585 238 611 οὺ
254 584 344 620 σχέσιν
363 583 424 610 τινὰ
444 583 491 610 καὶ
504 583 658 618 οἰκειότητα
671 582 720 617 τὴν
735 573 805 620 προς
817 582 848 608 τὺ
862 581 933 608 θεῖόν

136 634 169 655 τε
185 629 232 655 καί¹
246 618 324 662 ἅγιον
339 627 453 663 Πνεῦμα
475 628 697 662 κατασημήνειεν
712 626 746 654 ἂν
758 628 772 653 ὁ
784 618 812 654 ἔν
825 635 858 662 γε
874 627 934 654 τού-

137 683 196 706 τοις
218 673 364 709 ἁγιασμὸς.
385 673 443 700 ἀλλ’
455 672 536 699 οἱονεί
552 681 610 704 πως
632 671 767 704 ἀνάδειξιν
782 671 827 698 καὶ
844 679 933 707 παραυ

136 721 232 756 γωγὴν
256 720 305 756 τὴν
327 721 367 751 είς
388 719 417 746 τὸ
441 719 540 754 χρῆναι
560 717 692 753 πληροῦν,
714 710 733 745 ἃ
754 716 787 744 ἂν
811 716 933 752 βούλοιτο

136 767 216 798 Θεός.
233 767 287 793 Καὶ
302 766 367 801 γοῦν
381 765 474 801 Κύρου
488 774 518 792 τε
532 765 595 800 πέρι
608 765 655 791 καὶ
668 764 768 800 Μήδων
781 763 852 791 κατὰ
868 763 933 799 κράι

135 821 184 844 τος
197 813 321 848 αἱρήσειν
331 812 381 848 τὴν
394 811 541 838 Βαϐυλῶνα
554 810 716 846 μελλόντων,
730 810 779 836 καὶ
792 805 844 837 ὑπὸ
857 808 932 841 θείας

135 859 179 890 είς
193 859 271 885 τοῦτο
292 857 536 894 παρενηνεγμένων
556 856 651 892 ὀργῆς,
670 865 679 881 ι
692 849 821 895 Γίγαντες
835 852 931 890 ἔρχον-

135 911 193 936 ται,
208 904 285 938 φησὶ,
305 903 447 938 πληρῶσαι
461 902 506 928 τὸν
524 901 609 937 θυμόν
628 910 690 936 μου,
707 901 851 937 χαίροντες
871 899 929 936 ἅμα

136 951 186 976 καὶ
202 949 382 985 ὑδρίζοντες.»
394 949 465 983 Ἔφη
481 947 520 980 δὲ,
536 948 576 974 ὅτι
590 956 599 973 ι
609 947 787 986 Ἡγιασμένοι
807 947 870 978 εἰσὶ,
882 941 930 973 καὶ

135 995 194 1029 ἐγὼ
211 995 271 1030 ἄγω
285 994 393 1026 αὐτούς.
407 1004 416 1020 ι
437 993 558 1028 ’Δγγαίῳ
574 993 602 1020 δὲ
616 993 654 1028 τῷ
674 994 802 1029 προφήτῃ
820 993 902 1029 φησὶν
916 994 930 1020 ὁ

135 1042 222 1079 θεόςδ
243 1051 252 1067 ‹
274 1033 336 1068 Ἒὰν
359 1041 387 1067 δὲ
401 1041 471 1076 λάϐῃ
490 1040 634 1076 ἄνθρωπος
657 1041 742 1076 κρέας
759 1041 846 1076 ἅγιον,
860 1050 869 1068 ι
887 1032 929 1073 τί),

135 1086 223 1123 οἶμαι,
241 1087 443 1123 προσκομισθὲν
466 1087 581 1122 ἄμωμον
605 1087 693 1122 Θῦμα,
713 1087 761 1114 καὶ
783 1089 823 1119 είς
841 1089 929 1124 ὀσμὴν

135 1134 252 1166 εὐωδίας
267 1132 472 1168 ἀνατεθειμένον
486 1131 525 1168 τῷ
537 1132 607 1168 Θεῷ,
628 1132 712 1168 κρέας
730 1132 807 1168 ἅγιον
826 1134 926 1168 ὀνομά-

136 1180 205 1211 ζων.
223 1180 314 1214 Φαμὲν
328 1179 356 1206 δὲ
371 1179 483 1212 ἁγίους,
508 1178 556 1205 καὶ
572 1179 635 1210 τοὺς
654 1178 762 1214 ἀληθῶς
778 1179 822 1206 διὰ
848 1180 934 1206 Πνεύ-

136 1235 223 1262 ματος
246 1226 443 1260 ἡγιασμένους,
467 1224 538 1252 οὕτω
554 1234 583 1252 τε
604 1225 680 1257 θείας
703 1224 812 1260 φύσεως
832 1234 929 1252 κοινω-

136 1272 200 1303 νοὺς
222 1271 471 1306 ἁναδεδειγμένους.
486 1271 555 1297 Τίνα
574 1270 605 1306 δὴ
623 1268 669 1297 οὖν
684 1271 813 1306 ήγιάσθαι
828 1271 928 1306 τρόπον

135 1317 318 1352 ἀπονοήσουσι
337 1316 400 1353 [γρ.
424 1316 623 1352 ὑπονοήσουσιῖ
639 1317 684 1343 τὸν
699 1317 773 1350 Υίὺν,
801 1326 928 1354 συμπαρ-

135 1362 306 1398 εζευγμένης
321 1361 476 1396 ἀναγκαίως
489 1361 528 1397 τῷ
544 1361 673 1402 ἡγιάσθαι
695 1362 796 1397 λέγειν,
816 1365 862 1390 καὶ
877 1359 927 1399 τῆς

135 1408 178 1439 εἰς
194 1407 268 1434 τόνδε
280 1407 325 1434 τὸν
344 1407 446 1443 κόσμον
460 1408 631 1443 ἀποστολῆςς
646 1405 710 1435 ’Ὧδε
725 1409 780 1445 γὰρ
792 1409 845 1445 ἔφη
860 1402 927 1446 Χρι-

136 1454 218 1485 στός·
235 1463 243 1479 ι
260 1455 308 1480 Ὃν
324 1455 338 1480 ὁ
351 1454 446 1489 Πατὴρ
459 1455 569 1490 ἡγίασε,
588 1455 634 1481 καὶ
651 1455 866 1489 ἀπέστειλεν¹είς
880 1457 926 1485 τὸν

136 1501 250 1537 κόσμον.
262 1511 271 1527 ι
284 1501 320 1528 Τὸ
334 1501 388 1537 γὰρ
399 1503 430 1528 ὲκ
441 1501 490 1535 τῆς
500 1502 600 1536 ἀμφοῖν
611 1501 762 1538 συνδρομῆς
779 1503 829 1530 οὐκ
843 1503 925 1531 ἀσυν-

986 257 1044 283 bus.
1057 255 1129 289 Quos
1141 259 1230 282 autem
1248 254 1458 290 praedestinavit,
1478 253 1528 280 hos
1547 257 1575 280 et
1588 253 1696 280 vocavit
1710 252 1745 280 ".
1761 262 1771 279 ll

986 300 1058 328 biit-it
1081 307 1161 334 porro
1191 294 1261 326 Deus
1286 298 1321 326 ad
1343 297 1576 333 sapientissimum
1603 296 1771 325 leremiam!

988 356 997 373 ι
1017 346 1179 381 Priusquam
1194 350 1218 373 le
1233 345 1381 372 formarem
1400 344 1427 371 in
1442 348 1531 377 utero,
1549 343 1613 370 novi
1626 347 1662 375 te.
1683 348 1711 370 et
1725 350 1774 370 an;

986 397 1094 426 tequam
1115 392 1205 419 e'xires
1221 391 1255 418 de
1270 390 1347 417 vulva
1360 411 1367 424 ,
1387 389 1555 417 sanctitlcavi
1573 394 1599 417 te
1612 388 1648 416 ".
1669 397 1679 415 ι
1705 388 1774 417 San-

984 438 1140 467 ctiﬁcautur
1156 438 1219 465 item
1235 437 1279 464 alii
1296 437 1418 471 quidam,
1444 436 1508 463 licet
1536 436 1620 463 Deum
1646 443 1699 463 non
1727 442 1772 463 co:

984 488 1126 521 gnoscant,
1149 484 1196 511 sed
1222 483 1406 511 habitudinem
1431 488 1459 510 et
1478 482 1695 517 conjunctionem
1712 487 1772 509 eum

984 535 1082 559 sancto
1093 530 1196 566 Spiritu
1214 527 1320 557 illorum
1336 528 1517 557 ‘sanctiiicatio
1528 532 1580 556 non
1593 528 1769 563 signiﬁcabit,

984 577 1032 604 sed
1052 576 1258 610 dispositiOnem
1279 576 1423 610 quamdam
1442 579 1470 602 et
1488 574 1674 606 dedttctionem
1695 575 1727 601 ad
1742 577 1773 601 ea

983 623 1109 650 facienda
1121 626 1181 658 qua:
1200 616 1270 649 Deus
1282 622 1356 649 Velit.
1373 620 1507 655 Quocirca
1521 621 1554 648 de
1564 620 1636 656 Cyro
1649 625 1676 647 et
1688 620 1772 647 Medis

983 669 1151 706 Babylonem
1169 668 1319 701 eversuris,
1338 669 1409 695 etab
1425 667 1464 694 ira
1480 667 1570 694 divina
1585 674 1618 694 eo
1627 667 1772 694 adductis:

987 728 996 744 ι
1012 719 1143 753 Gigantes
1160 716 1281 749 veniunt,
1297 716 1394 751 inquit,
1411 715 1523 750 implere
1539 714 1658 742 furore‘m
1671 721 1771 747 meum,

983 762 1131 800 gaudentes
1154 761 1235 790 simul
1253 782 1260 795 ,
1282 767 1309 790 et
1333 761 1526 789 contumeliam
1549 760 1681 788 facientes
1703 759 1736 787 ⁷⁸.
1759 763 1768 785 b
1792 777 1795 780 -

982 811 1095 839 Addidit
1112 815 1202 837 autem
1215 829 1222 842 .
1241 808 1368 844 quoniam
1388 803 1560 835 Sanctilicati
1585 812 1658 838 sunt.
1677 811 1703 833 et
1721 811 1772 841 ego

984 857 1080 885 ducam
1095 863 1146 884 eos
1162 850 1196 882 θ’.
1219 864 1228 880 ›
1243 854 1342 889 Aggan
1357 859 1421 880 vero
1438 852 1575 888 praphette
1596 852 1662 879 dicit
1677 851 1748 879 Deus
1765 863 1771 880 :

945 890 967 918 Β
985 913 994 930 ι
1008 904 1036 931 Si
1053 911 1116 930 vero
1132 901 1276 937 sumpserit
1290 900 1370 928 homo
1378 900 1626 932 carne'msanctam,
1644 907 1652 924 ι
1668 898 1772 926 sacrm-

984 950 1069 982 cium,
1081 948 1189 984 opinor,
1202 946 1404 975 immaculatum
1417 946 1487 979 quod
1501 944 1613 972 olfertur
1624 949 1651 971 et
1663 945 1689 971 in
1705 944 1771 971 odo-

980 1003 1036 1023 rem
1052 995 1192 1022 ειιιινίιςιιίη
1207 994 1261 1021 Deo
1283 993 1399 1024 dicatur,
1415 994 1526 1019 cat-nem
1543 996 1664 1018 sanctam
1685 989 1771 1017 hami-

982 1049 1050 1068 nans
1067 1040 1101 1067 ⁷⁸.
1116 1040 1231 1068 Sanctos
1249 1039 1339 1067 autem
1366 1046 1427 1066 esse
1441 1038 1555 1065 dicimus
1568 1037 1650 1064 etiam
1662 1044 1709 1063 eos
1724 1036 1769 1072 qui

981 1095 1030 1123 per
1056 1086 1188 1121 Spiritum
1216 1093 1309 1112 revera
1335 1089 1399 1111 sunt
1419 1082 1600 1115 sanctiﬁcati,
1627 1086 1709 1116 atque
1734 1081 1769 1109 ita

982 1135 1080 1162 divina:
1113 1137 1216 1161 naturae
1243 1131 1391 1166 participes
1414 1135 1479 1158 sunt
1507 1129 1615 1157 redditi.
1646 1128 1769 1162 Quonam

983 1181 1066 1216 igitur
1093 1180 1173 1207 modo
1199 1178 1400 1206 sanctiﬁcatum
1425 1184 1485 1206 esse
1516 1174 1614 1205 Filium
1637 1175 1768 1208 statueht,

983 1235 1045 1255 cum
1073 1226 1231 1254 necessario
1254 1216 1337 1260 590
1362 1224 1469 1252 dicatur
1488 1223 1567 1251 simul
1582 1223 1770 1250 sanctilicatus

984 1281 1011 1302 et
1029 1274 1056 1302 in
1078 1274 1151 1301 hunc
1166 1272 1297 1300 mundum
1316 1262 1434 1298 misSus?
1450 1270 1496 1298 Sic
1515 1269 1588 1298 enim
1605 1269 1713 1297 lacutils
1729 1269 1770 1296 est

982 1316 1107 1348 Christus
1127 1327 1134 1345 :
1156 1327 1165 1344 ι
1186 1315 1270 1351 Quem
1286 1314 1366 1343 Pater
1381 1315 1562 1343 sanctiﬁcavit
1576 1334 1584 1348 ,
1608 1315 1636 1343 et
1651 1315 1725 1342 misit
1739 1314 1767 1341 iu

982 1364 1121 1393 nmudum.
1142 1374 1151 1390 ›
1171 1360 1320 1397 Utriusque
1340 1362 1441 1389 etenim
1468 1367 1617 1388 concursus
1639 1360 1673 1388 ad
1696 1364 1769 1387 recte

981 1411 1153 1440 sentiendum
1176 1417 1230 1436 non
1254 1407 1359 1435 inutilis
1385 1414 1445 1434 esse
1465 1407 1559 1441 utique
1582 1405 1767 1441 cegnOScitur.

981 1451 1090 1485 Mittens
1108 1457 1180 1484 enim
1195 1451 1277 1483 Pater
1287 1452 1396 1487 Filium,
1412 1453 1585 1481 sanctiﬁcare
1595 1452 1694 1480 dicitur
1708 1473 1715 1486 ,
1741 1456 1769 1479 et

978 1512 1031 1531 non
1050 1507 1113 1530 ante
1125 1502 1291 1529 missionem.

135 1548 222 1581 τελὲς,
243 1546 320 1583 οἶμαί
337 1556 398 1580 που,
419 1547 486 1583 πρὸς
500 1547 633 1584 ὀρθότητα
648 1549 796 1583 λογισμῶν,
815 1548 845 1577 εὖ
866 1552 938 1587 μάλα
951 1551 1170 1585 διαγινώσκεται.
1197 1544 1382 1574 Ἀποστὲλλων
1396 1545 1450 1581 γὰρ
1479 1545 1493 1572 ὁ
1515 1539 1611 1580 Πατὴρ
1632 1542 1677 1571 τὸν
1692 1542 1766 1576 Υιδν,

135 1594 250 1628 ἁγιάσαι
266 1593 385 1628 λέγεται,
398 1594 445 1620 καὶ
459 1593 518 1628 οὐχὶ
535 1593 588 1630 πρὸ
602 1594 652 1629 τῆς
666 1595 828 1631 ἀποστολῆς.

173 1642 204 1669 B'.
227 1641 371 1675 Ἥγιάσθαι
386 1641 471 1681 ’φασὶν
483 1640 563 1667 αὑτὸν
585 1641 660 1676 παρὰ
674 1641 720 1668 τοῦ
737 1642 854 1679 Πατρός.

173 1689 206 1714 Δ.
227 1687 351 1722 ’Δγιάσαι
370 1681 392 1713 8i
414 1687 447 1713 ἂν
460 1686 560 1721 ἑτέρως
575 1687 590 1713 ὁ
606 1686 711 1723 Πατὴρ,
730 1687 799 1724 πλὴν
821 1689 861 1716 ὅτι
884 1682 928 1717 διὰ

135 1733 184 1761 τοῦ
204 1733 281 1768 ἁγίου
297 1732 453 1767 Πνεύματος
462 1740 469 1764 ;

173 1779 204 1806 B.
220 1779 284 1812 Ναὶ,
300 1778 345 1805 διὰ
354 1778 401 1805 τοῦ
414 1778 493 1812 ἁγίου
507 1778 675 1814 Πνεύματος,
688 1779 758 1807 ἀλλὰ
775 1781 801 1808 τί
819 1782 890 1817 μήνί

173 1867 206 1894 Δ.
223 1866 317 1902 Ἀθρει
332 1866 363 1902 δὴ
374 1859 434 1899 οὖν,
444 1874 466 1893 ω
479 1866 582 1902 ἑταῖρε,
597 1867 664 1903 πρὸς
677 1868 744 1904 ὅσην
755 1868 846 1900 αὐτοῖς
858 1869 872 1895 ὁ
883 1867 928 1895 λό-

134 1921 185 1947 γος
195 1912 244 1947 τὴν
254 1912 368 1938 ἀτοπίαν
379 1912 502 1947 ἐκρεῖ-Εἰ
514 1911 563 1946 μὲν
574 1911 629 1948 γὰρ
640 1906 693 1948 arpi)
703 1913 753 1948 τῆς
763 1913 927 1948 σαρκώσεως

135 1959 186 1986 καὶ
205 1959 255 1994 τῆς
270 1957 310 1990 είς
326 1958 400 1985 τόνδε
419 1958 464 1984 τὸν
481 1958 582 1994 κόσμον
597 1958 751 1994 ἀποστολῆς
767 1961 796 1986 ὲν
818 1960 926 1995 μεθέξει

135 2004 296 2039 Πνεύματος
307 2001 341 2039 ἦν
355 2003 369 2030 ὁ
384 1997 480 2038 Λόγος,
498 2004 570 2031 κατά
588 2008 620 2039 γε
637 1999 666 2032 τδ
681 2005 797 2037 ἐκείνοις
810 2003 838 2032 εὖ
854 2005 927 2041 ἔχειν

134 2050 349 2090 ὑπειλημμένον,
365 2049 391 2076 τί
411 2048 492 2076 πάλιν
509 2050 574 2090 αὑτρ
593 2050 641 2077 καὶ
658 2051 729 2086 μετὰ
749 2052 850 2087 σαρκὸς
869 2052 927 2079 ἐδέ-

135 2104 219 2131 χετο;
244 2087 372 2130 Περιττδν
394 2095 448 2130 γὰρ
469 2094 499 2121 τὸ
521 2087 634 2131 χρῆμα,
659 2097 707 2122 καὶ
731 2097 925 2124 εἰκαιόϐουλον.

141 2141 213 2168 Ἀλλ’
226 2141 275 2167 οὐκ
290 2140 332 2173 ἂν,
348 2138 433 2176 οἶμαι,
449 2141 490 2172 τὶς
510 2141 572 2167 νοῦν
590 2141 668 2175 ἔχων,
682 2142 712 2168 τό
729 2151 760 2176 γε
774 2144 803 2169 ἐν
822 2143 926 2175 τούτοις

134 2187 240 2214 ἁλῶναί
257 2195 322 2213 ποτε
339 2187 386 2221 τὴν
404 2187 558 2222 ἀπόρρητον
575 2188 621 2214 τοῦ
637 2187 704 2214 Θεοῦ
725 2188 857 2223 λογιεῖται
876 2189 926 2224 φύ-

135 2243 190 2261 σιν.
207 2234 243 2261 οὐ
260 2233 313 2269 γὰρ
326 2233 358 2260 ἂν
374 2233 490 2268 ἁμάρτοι
503 2225 549 2260 τοι]
566 2227 727 2269 πρέποντος,
744 2235 791 2261 καὶ
806 2235 835 2261 τὸ
850 2236 926 2271 ἀμω-

135 2281 230 2316 μήτως
243 2279 314 2315 ἕχον,
327 2280 378 2307 οὐκ
393 2281 421 2306 ὲν
435 2280 587 2315 παρατάσει
603 2281 695 2316 μακρᾷ
708 2280 875 2316 διασκέψεών
894 2290 924 2308 τε

133 2328 185 2354 καὶ
206 2326 324 2358 ἐννοιῶν,
345 2325 400 2352 ἀλλ’
422 2326 454 2352 ὲκ
469 2325 585 2361 πρώτων
606 2326 685 2358 εὐθὺς
701 2322 751 2362 ὀρᾷ
768 2328 924 2362 κινημάτων

133 2373 185 2408 τῆς
202 2372 313 2407 ἐνούσης
330 2372 398 2407 αὐτῇ
411 2365 506 2408 βουλῆς
522 2373 569 2399 καὶ
586 2372 691 2408 σοφίας.
703 2367 735 2400 Ei
751 2373 790 2405 δὲ,
808 2373 868 2399 ὲπεί
883 2383 922 2400 τοι

133 2419 243 2454 πέφηνε
253 2410 313 2444 καθ’
325 2418 398 2452 ἡμᾶς
411 2418 457 2444 καὶ
469 2418 608 2454 ἀπεστάλη
625 2420 692 2454 μετὰ
705 2419 805 2454 σαρκὸς
817 2416 845 2446 ὲν
856 2414 924 2454 τῷδε

132 2464 173 2500 τῷ
185 2465 291 2499 κόσμῳ,
307 2464 338 2490 τὸ
351 2464 463 2499 Πνεῦμα
474 2464 593 2497 πλουτεῖ,
610 2464 705 2500 καινὴν
719 2464 746 2491 δὲ
758 2464 852 2500 ὥσπερ
863 2465 924 2492 τινὰ

132 2510 183 2546 τὴν
201 2510 247 2537 ἐπὶ
269 2510 336 2545 τῷδε
370 2510 500 2545 λαμπρὰν
534 2511 737 2546 ἁποκεκέρδακε
760 2511 849 2547 χάριν,
871 2511 921 2537 ποῦ

132 2557 288 2583 κεκένωκεν
301 2552 406 2589 ἑαυτὸν,
420 2549 532 2590 ἀφῖκται
546 2550 573 2583 δὲ
590 2558 664 2589 ὅπως
679 2558 718 2589 είς
735 2556 921 2592 ὑποϐιόασμὺν

132 2603 182 2631 καὶ
208 2602 382 2635 ταπείνωσιν,
404 2603 524 2638 γεγονὼς
543 2604 572 2630 ὲν
588 2603 737 2639 ἀμείνοσιν,
756 2605 780 2630 εἰ
797 2603 835 2639 μὴ
850 2603 920 2639 ἄρα,

132 2649 213 2684 φασὶ,
222 2649 268 2675 καὶ
280 2648 333 2675 τῶν
346 2650 385 2681 εἰς
398 2642 474 2685 λῆξιν
485 2648 604 2686 ἡκόντων
616 2648 808 2686 ἀφειδήσαντες
818 2650 920 2682 κακῶν,

97 2723 101 2727 ,
131 2695 180 2722 καὶ
194 2691 227 2730 ἦν
248 2695 277 2721 ὲν
295 2695 422 2730 αἰσχίοσι,
443 2696 472 2722 τὸ
491 2695 603 2732 Πνεῦμα
617 2696 716 2729 λαϐὼν,
733 2697 823 2723 καὶτὸ
843 2697 922 2731 ἁγιά-

131 2740 191 2772 ζειν
202 2739 324 2775 πεφυκὸς
343 2741 461 2769 κατωθεῖ
476 2742 544 2778 πρὸς
559 2743 588 2769 τὸ
603 2744 693 2778 χεῖρον
707 2744 770 2775 τοὺς
785 2744 814 2770 ἐν
833 2741 873 2775 οἷς
888 2744 920 2770 ἂν

130 2786 251 2821 γένοιτο;

941 1644 963 1673 C
1015 1638 1045 1669 Β.
1063 1639 1265 1667 Sauctiiicatum
1282 1638 1370 1673 ipsum
1389 1636 1466 1664 aiunt
1484 1643 1499 1663 a
1515 1635 1608 1664 Patre.

1018 1688 1049 1715 Α.
1064 1679 1146 1714 Pater
1160 1686 1249 1712 autem
1267 1692 1332 1711 num
1349 1682 1428 1711 aliter
1459 1682 1674 1710 sanctiﬁca'verit
1688 1689 1767 1718 quam

980 1742 1029 1770 per
1039 1737 1162 1760 sanctum
1177 1730 1308 1765 Spiritum
1324 1729 1336 1756 ?

1015 1773 1045 1805 Β.
1063 1778 1207 1805 Enimvero
1231 1783 1280 1812 per
1302 1775 1434 1811 Spiritum
1452 1776 1598 1810 sanctum;
1618 1775 1683 1810 quid
1708 1779 1764 1802 tum

978 1824 1060 1852 inde?

1014 1871 1046 1897 A.
1064 1868 1167 1898 Videsis
1179 1875 1253 1903 ergo,
1273 1867 1371 1900 amice,
1385 1867 1514 1901 quantam
1530 1866 1556 1893 in
1570 1866 1766 1894 absurditatem

980 1916 1073 1944 cilluut
1086 1916 1183 1942 oratio.
1197 1913 1225 1941 Si
1244 1913 1315 1941 enim
1339 1911 1484 1947 antequam
1512 1919 1621 1939 carnem
1648 1916 1768 1941 sumeret

979 1968 1006 1989 et
1023 1963 1049 1988 in
1068 1962 1140 1989 hunc
1166 1961 1294 1988 mundum
1311 1958 1477 1992 mitteretur,
1495 1959 1612 1994 Spiritus
1630 1960 1766 1994 particeps

977 1999 1096 2035 Verbum
1118 2007 1188 2039 erat,
1212 2011 1242 2033 ut
1259 2005 1296 2032 illi
1319 2004 1371 2033 sibi
1392 2006 1567 2040 persuadent,
1581 2005 1649 2040 'quid
1671 2012 1766 2033 rursus

977 2054 1064 2089 ipsum
1078 2048 1159 2079 etiam
1174 2059 1236 2079 cum
1249 2058 1332 2079 carne
1344 2047 1484 2085 suscepit?
1507 2050 1669 2086 superﬂuum
1691 2052 1763 2078 enim

976 2097 1003 2126 et
1016 2099 1095 2126 inane
1116 2098 1187 2125 istud
1203 2096 1254 2125 est.
1273 2098 1324 2125 Sed
1336 2100 1416 2124 nemo
1431 2089 1646 2132 sanus,'opinor,
1660 2099 1687 2124 in
1704 2097 1764 2123 ani-

977 2146 1049 2171 mum
1073 2144 1210 2171 induxerit
1233 2143 1259 2170 in
1287 2143 1333 2170 Dei
1357 2146 1482 2171 naturam
1509 2139 1672 2170 ineffabilem
1699 2144 1763 2171 illud

976 2191 1074 2218 cadere
1087 2197 1176 2224 posse.
1196 2189 1252 2216 Non
1265 2190 1336 2216 enim
1360 2190 1408 2216 abs
1432 2197 1461 2216 re
1488 2190 1635 2224 quidquam
1656 2189 1762 2222 fecerit,

977 2237 1023 2264 sed
1040 2236 1111 2271 quod
1123 2239 1226 2263 rectum
1241 2236 1292 2268 est,
1303 2243 1354 2262 nou
1370 2235 1551 2263 ratiocinandi
1568 2243 1642 2263 mora
1658 2241 1704 2263 aut
1719 2236 1759 2262 in.

976 2281 1170 2316 tercapedine,
1199 2281 1245 2308 sed
1266 2280 1361 2316 primis
1389 2280 1482 2307 statim
1508 2280 1710 2308 deliberationis
1735 2287 1762 2308 ct

976 2326 1115 2362 sapientiae
1131 2334 1186 2354 suae
1201 2327 1317 2354 motibus
1333 2326 1431 2353 cernit.
1449 2326 1497 2353 Sin
1519 2330 1621 2359 autem,
1636 2327 1761 2362 quando-

976 2372 1083 2408 quidem
1108 2372 1203 2399 similis
1225 2371 1304 2398 nobis
1325 2371 1450 2413 apparuit
1468 2374 1495 2397 et
1519 2372 1617 2399 missus
1636 2376 1678 2399 est
1700 2379 1760 2398 cum

976 2420 1067 2451 carne,
1081 2419 1109 2445 in
1126 2419 1177 2445 hoc
1201 2418 1303 2445 mundo
1324 2417 1456 2453 Spiritum
1476 2417 1584 2451 accipit,
1605 2425 1636 2444 ac
1663 2424 1760 2444 novam

975 2461 1175 2500 quodammodo
1201 2465 1325 2500 gratiam,
1357 2464 1489 2492 illustrem
1521 2464 1646 2490 nimirdm
1685 2464 1757 2491 illam

975 2517 1001 2538 et
1019 2510 1202 2545 conspicuam,
1220 2511 1332 2540 obtinet.
1354 2511 1462 2538 ubinam
1484 2510 1633 2537 exinanivit
1656 2515 1759 2537 somet-

976 2558 1061 2592 ipsum
1074 2552 1116 2590 τ’,
1139 2560 1164 2584 et
1201 2558 1336 2592 quomodo
1362 2557 1394 2584 ad
1420 2557 1620 2592 depressionem
1650 2563 1682 2583 ac
1716 2557 1760 2584 de-

974 2603 1132 2630 missionem
1145 2603 1298 2635 venit,cutn
1316 2604 1341 2630 iu
1363 2603 1546 2638 prmstantiori
1570 2607 1639 2630 statu
1662 2610 1755 2629 versa—

975 2655 1059 2682 retur,
1075 2650 1125 2676 uisi
1151 2648 1254 2681 forsan,
1282 2649 1410 2683 inquiunt
1432 2650 1477 2684 qui
1499 2652 1620 2677 eittrema
1646 2653 1758 2682 qumque

975 2695 1042 2723 mula
1060 2694 1136 2722 nihili
1150 2694 1267 2727 faciunt,
1281 2695 1424 2723 deterioris
1445 2700 1505 2723 erat
1526 2695 1689 2723 conditionis
1709 2700 1758 2721 ac-

973 2743 1050 2777 cepto
1063 2740 1179 2777 Spiritu,
1203 2747 1232 2769 et
1259 2742 1329 2777 quod
1356 2747 1451 2768 natura
1470 2748 1518 2769 sua
1536 2741 1691 2769 sanctiﬁcat
1704 2760 1713 2774 ,
1731 2740 1757 2767 in

975 2789 1138 2816 deteriorem
1151 2793 1248 2816 stutum
1273 2788 1399 2823 propellit
1423 2795 1470 2816 eos
1484 2787 1511 2816 in
1527 2787 1625 2822 quibus
1648 2785 1757 2818 fuerit?

166 2869 191 2890 ⁷⁹
202 2875 281 2903 Rom.
301 2878 358 2910 Vill,
375 2875 418 2911 29,
430 2875 474 2904 30.
513 2868 600 2904 “der.
614 2885 633 2911 ι,
654 2877 680 2906 5.
712 2878 735 2894 ⁷⁵
750 2877 801 2906 lsa.
815 2885 876 2911 xm,
890 2877 916 2905 5.

995 2877 1059 2906 lbid.
1097 2878 1120 2894 "
1135 2878 1204 2906 Osee
1221 2886 1249 2912 ιι,
1267 2879 1308 2906 i5.
1348 2879 1369 2894 ⁷⁷
1391 2878 1504 2914 Philipp.
1524 2886 1554 2912 ιι,
1569 2879 1594 2905 7.
