1937 3036
196 165 265 192 1007

689 165 718 192 S.
740 164 878 192 CYRlLLl
899 161 1135 190 ALEXANDRINI
1157 161 1316 191 ARCHIEP.

1759 162 1831 193 1001

230 222 260 250 Β.
277 222 311 251 At
325 223 377 252 hoc
389 224 496 261 quidem
522 226 548 253 in
563 227 681 254 animum
699 235 751 255 non
768 228 905 260 inducent,
924 228 978 262 opi-

1070 227 1099 254 B.
1126 227 1206 253 ‘A‘IJJL
1228 227 1306 253 τοῦτο
1334 226 1383 261 μὲν
1405 226 1454 252 υῦκ
1473 225 1628 261 ἑννοήσουσι
1649 226 1722 253 κατά
1746 234 1777 261 γε
1799 227 1831 254 τδ

195 276 266 296 nor:
283 270 329 297 sed
347 271 549 300 sanctiﬁcatum
573 281 633 300 esse
661 274 748 306 aiunt,
771 279 915 309 postquam
938 274 984 300 de-

195 316 302 343 scendit
317 324 398 350 super
412 325 473 344 eum
490 317 609 354 Spiritus
625 320 651 347 in
665 320 754 355 specie
767 321 909 348 columbae.

231 361 264 388 A.
282 361 382 396 Ecquis
403 370 484 396 porro
512 364 556 391 ille
578 369 619 392 est
637 366 682 400 qui
710 366 760 394 hoc
779 366 859 398 dixit,
887 367 982 393 simul-

195 415 247 442 que
261 408 329 436 vidit
351 408 561 437 de5cendeutem
581 419 663 447 super
678 419 739 440 eum
756 412 789 439 de
804 413 881 440 caelis
896 413 984 448 Spiri-

195 459 250 482 tum
263 455 275 481 ?

230 500 261 527 Β.
279 500 397 529 Joannes
411 501 533 536 Baptista
561 504 745 532 testimonium
765 505 912 540 perhibuit.
940 505 981 531 di-

194 553 259 574 cens
275 556 282 573 :
304 556 313 573 ι
327 547 386 575 Vidi
407 549 539 583 Spiritum
557 550 766 579 descendentem
784 552 861 586 quasi
879 552 982 578 colum-

194 592 255 619 bam
270 593 303 620 de
314 592 392 626 caelo,
406 598 434 621 et
451 594 551 622 mansit
569 603 650 630 super
662 603 723 623 eum
734 597 804 624 7"".

229 640 263 667 Α.
280 639 421 675 Perpende
435 641 525 676 itaque
539 645 646 676 tempus
660 650 713 678 quo
731 643 913 670 sanctiﬁcatus
929 648 980 671 est.

194 685 251 713 Non
275 686 347 713 enim
374 691 437 715 ante
462 687 607 715 adventum
634 689 821 716 sanctificatus
846 695 888 717 est
912 689 982 717 Deus

195 730 329 765 Verbum,
350 733 397 760 sed
415 740 476 760 cum
501 733 597 761 similis
621 734 699 761 nobis
723 734 811 761 factus
836 738 893 767 est,
920 735 981 769 qui-

193 778 243 806 bus
263 779 444 806 sanctilicatio
470 784 569 807 nostra}
596 785 698 807 natura:
722 779 824 808 fructus
846 784 903 807 non
929 785 980 813 est,

193 824 238 852 sed
254 829 366 852 externa
382 829 424 853 est
436 830 463 852 et
477 825 605 853 ascititia.
629 826 738 860 Alioqui
756 834 846 853 nonne
863 826 917 853 scis
933 834 982 852 na-

193 874 281 898 turam
293 871 410 898 hominis
429 871 505 899 initio
521 871 630 906 quidem
645 871 729 899 divini
757 870 835 908 591
861 872 980 907 Spiritus

192 916 400 952 participatione
425 917 640 953 locupletatam,
674 923 701 945 et
723 918 901 946 similitudine
918 926 980 945 cum

194 962 249 990 Deo
271 970 319 997 per
340 963 583 992 sanctiﬁcatiouem
609 964 724 1000 (idcirco
753 965 826 992 enim
846 965 917 992 facta
940 969 981 992 est

192 1008 226 1036 ad
243 1009 384 1043 imaginem
397 1009 548 1045 creatoris),
561 1010 620 1042 sed,
640 1010 736 1038 \iolato
748 1011 840 1038 divino
855 1013 982 1039 mandato

193 1053 318 1088 donoque
336 1053 447 1086 amisso,
478 1055 573 1082 mortis
585 1056 741 1082 damnatam
757 1063 818 1084 esse
834 1061 860 1084 et
876 1058 979 1092 peccati

190 1099 252 1136 iugo
266 1099 401 1127 subditam
416 1100 427 1127 ’ἶ

226 1144 256 1173 Β.
273 1145 407 1181 Intelligo.

226 1192 259 1218 Δ.
277 1191 426 1227 Oportebat
455 1192 555 1227 igitur,
574 1195 793 1230 quandoquidem
821 1203 871 1231 pro
901 1197 979 1224 insita

190 1237 242 1265 sibi
261 1237 427 1273 benignitate
447 1238 550 1273 lapsum
575 1247 661 1276 genus
681 1241 709 1268 iu
734 1242 854 1276 priorem
879 1247 979 1270 statum

190 1283 341 1312 reformare
370 1284 477 1312 volebat
510 1285 598 1318 Deus,
621 1286 736 1314 alterum
757 1288 839 1316 veluti
872 1289 980 1324 generis

190 1330 351 1365 principium
369 1330 474 1358 renasci
491 1329 641 1365 Christum,
667 1337 694 1360 et
716 1333 742 1361 in
770 1333 856 1361 lucem
871 1335 913 1362 edi
932 1343 980 1370 per

189 1381 313 1404 sanctam
332 1376 488 1412 Virginem,
512 1385 564 1404 non
597 1383 686 1406 tamen
711 1380 848 1407 carnalem
875 1387 978 1416 patrem

189 1422 329 1457 accipere.
349 1429 377 1450 nt
397 1428 425 1450 et
449 1431 509 1450 cum
534 1424 593 1458 ipso
611 1424 693 1451 Deum
721 1426 869 1454 habeamus
885 1435 980 1455 omnes

189 1467 307 1499 Patrem,
327 1459 478 1503 per'ipsum
495 1474 521 1495 et
545 1469 571 1496 in
594 1469 652 1505 ipso
671 1470 704 1497 ad
721 1470 800 1498 istius
816 1472 908 1506 gloria:
929 1473 979 1500 ini-

190 1514 226 1541 tia
243 1514 399 1541 redeuntes.
425 1514 585 1549 Oportebat,
607 1522 751 1550 postquam
778 1517 859 1545 homo
890 1518 978 1547 factus

188 1564 242 1593 est,
256 1559 386 1595 Spiritum
403 1561 538 1595 accipere,
554 1565 592 1594 nl,
615 1562 743 1597 quoniam
759 1569 816 1591 erat
834 1570 861 1592 et
880 1571 921 1592 cst
936 1566 978 1593 iu-

187 1607 260 1633 scius
277 1606 390 1641 peccati,
403 1606 428 1633 iu
444 1606 502 1641 ipso
514 1606 621 1634 demum
637 1606 754 1642 Spiritus
770 1610 932 1638 iultabitaret
944 1619 976 1639 ac

190 1652 384 1686 requieSCeret,
405 1658 532 1687 tauquam
562 1653 588 1680 in
612 1653 740 1687 primitiis
757 1656 863 1689 generis
885 1661 912 1683 et
934 1665 978 1684 ra-

188 1698 248 1725 dice
266 1698 393 1725 secunda.
411 1697 466 1724 Hoc
480 1699 550 1725 enim
565 1699 686 1726 arbitror
703 1699 802 1728 alicubi
824 1701 924 1729 diserte
938 1703 977 1730 si-

187 1743 319 1778 gniﬁcare
332 1743 451 1770 divinum
466 1743 614 1779 Baptistam
635 1746 797 1773 clamantem
819 1747 852 1775 de
865 1747 977 1782 Spiritu,

187 1797 218 1816 se
235 1788 333 1817 \idisse
356 1789 482 1816 nimirum
509 1790 594 1824 ipsum
619 1790 826 1820 descendentem
850 1793 883 1820 de
907 1795 978 1822 caelo

189 1835 215 1862 in
232 1835 323 1869 specie
349 1834 489 1867 columbae,
506 1841 533 1862 et
546 1836 678 1863 mansisse
702 1844 785 1871 super
806 1845 886 1871 eum;
903 1839 978 1866 addi-

188 1881 260 1909 disse
276 1888 350 1912 vero,
366 1881 498 1908 mansisse
513 1889 597 1916 super
609 1890 671 1909 eum
690 1891 696 1909 ι
720 1891 773 1910 non
790 1883 861 1911 enim
878 1885 980 1913 mansit

188 1927 214 1954 in
231 1927 320 1960 nobis,
339 1933 449 1962 propter
467 1920 727 1962 prtevaricationem,
741 1929 788 1957 sed
808 1929 834 1957 in
858 1930 976 1958 Christo.

187 1973 290 2002 Natura
305 1974 378 2001 enim
394 1974 524 2009 praeditus
544 1979 603 2003 erat
627 1975 654 2003 in
676 1984 757 2011 quam
774 1978 881 2012 peccati
903 1977 978 2006 labes

188 2021 286 2048 cadere
299 2021 402 2055 nequit.
417 2020 648 2054 Quemadmodum
665 2027 756 2050 autent
774 2031 820 2052 rex
833 2032 894 2052 cum
907 2032 979 2052 seiu-

187 2073 236 2102 per
251 2066 297 2100 sit,
317 2072 344 2093 ct
362 2067 388 2094 iu
406 2068 501 2094 eodem
528 2067 595 2095 solio
621 2075 682 2095 cum
702 2068 758 2097 Deo
781 2077 814 2097 ac
837 2070 918 2098 Patre
935 2079 978 2099 se-

188 2114 262 2146 deat,
289 2120 336 2140 rex
362 2114 526 2141 constitutus
544 2121 605 2142 esse
625 2114 736 2147 dicitur,
762 2117 870 2151 quando
891 2118 978 2145 nostri

188 2159 286 2187 similis
301 2159 383 2187 homo
404 2159 494 2187 factus
509 2165 560 2193 est,
588 2164 616 2187 et
640 2160 664 2187 ei
690 2168 807 2195 superne
823 2163 915 2190 datum
935 2169 978 2192 est

188 2213 300 2242 regnum
314 2214 320 2233 :
337 2210 364 2233 et
384 2206 611 2241 queumdmodum
626 2214 687 2233 cum
703 2214 809 2242 semper
829 2211 979 2239 coexsistat

186 2251 275 2285 Patri,
297 2252 323 2279 in
342 2251 439 2279 Filium
457 2259 506 2286 per
523 2251 655 2286 Spiritum
673 2253 836 2287 aestimatur,
853 2261 978 2290 propter—

186 2305 218 2325 ea
235 2298 307 2333 quod
328 2296 391 2324 liliis
414 2296 547 2331 adoptivis
566 2297 713 2325 secundum
735 2306 844 2327 carnem
867 2305 908 2328 est
930 2308 976 2328 as-

187 2343 323 2371 similatus
338 2350 345 2368 :
359 2345 386 2369 et
410 2341 489 2368 sicuti
511 2341 588 2370 nobis
612 2341 668 2370 Deo
683 2343 798 2372 subditis
819 2346 974 2374 conforma-

189 2395 232 2417 tus
249 2390 334 2417 Deum
358 2395 436 2415 suum
454 2386 563 2415 Patrem
582 2389 706 2422 vocabat,
727 2393 853 2425 quamvis
868 2392 926 2427 ipse
939 2394 975 2420 sit

186 2435 276 2462 Deus:
300 2434 337 2461 ita
355 2433 541 2461 sanctiﬁcatus
562 2442 670 2470 quoque
695 2436 805 2470 dicitur,
821 2439 975 2466 sanctifica-

187 2480 261 2508 tione
287 2479 320 2507 ad
344 2479 539 2507 humanitatem
565 2482 726 2516 pertinente,
745 2488 790 2510 aut
808 2484 879 2511 circa
904 2484 974 2513 hanc

186 2531 299 2553 carnem
315 2531 453 2558 versante,
479 2531 623 2561 propterea
643 2529 714 2562 quod
737 2528 855 2557 hominis
878 2535 973 2558 natura

185 2570 431 2599 sanctilicationeut
457 2579 472 2599 a
499 2579 529 2600 se
553 2572 656 2600 habere
673 2575 777 2609 nequit.
803 2576 877 2604 Inest
901 2577 972 2604 enim

187 2617 238 2644 hoc
249 2617 345 2645 diviuze
366 2617 488 2652 profecto
503 2624 531 2646 et
545 2627 679 2654 supremae
693 2626 804 2655 natum,
819 2622 897 2657 cujus
911 2631 972 2651 cum

187 2659 303 2688 Verbum
316 2661 420 2689 fructus
433 2662 480 2695 sit,
497 2662 608 2690 habebit
623 2665 715 2699 utique
731 2665 811 2692 veluti
835 2666 972 2700 propriam

183 2707 214 2737 in
230 2709 328 2745 seipso,
342 2714 444 2737 naturae
452 2717 466 2738 a
475 2718 528 2745 qua
539 2711 644 2746 genitus
654 2716 706 2746 est,
720 2712 970 2742 sanctiﬁcationem.

219 2798 278 2816 ’Μ’
293 2798 372 2827 Joan.
388 2807 408 2832 ι,
424 2799 468 2826 52.

169 2928 192 2947 χ
219 2888 259 2926 (Ι)
276 2888 379 2917 Desunt
392 2888 528 2918 nonnulla.

1034 273 1121 304 εἰκός·
1138 274 1179 299 ὅτι
1200 273 1227 300 δὲ
1246 272 1374 308 ήγιάσθαι
1393 271 1664 306 φασὶν-καταϐάντος
1689 273 1733 298 ἐπ’
1748 272 1830 299 αὐτὸν

1035 318 1083 345 τοῦ
1100 318 1258 354 Πνεύματος
1274 319 1302 344 ὲν
1321 318 1385 345 εῐδει
1402 318 1576 354 περιστερᾶς.

1069 366 1100 390 Δ.
1117 363 1238 396 Εἴταςτίς
1253 366 1267 391 6
1279 365 1357 391 τοῦτο
1371 364 1467 397 εἰπὼν,
1480 364 1652 396 ἐποπτεύσας
1664 373 1693 391 τε
1709 365 1768 400 ἅμα
1780 363 1831 399 τὴν

1034 410 1064 444 ἐξ
1077 411 1198 446 οὐρανῶν
1214 411 1261 438 τοῦ
1280 410 1436 446 Πνεύματος
1452 410 1494 437 ἐπ’
1513 410 1595 437 αὐτὸν
1607 411 1829 446 tarqni-mou;

1069 497 1099 527 Β.
1122 501 1249 536 Ἰωάννης
1259 502 1273 527 6
1289 500 1446 536 Βαπτιστὴς
1461 500 1658 536 μεμαρτύρηκε
1671 499 1770 534 λέγων,
1786 500 1828 527 ὅτι

1036 556 1046 572 t
1061 547 1200 582 Τεθέαμαι
1217 548 1246 574 τὸ
1266 547 1378 582 Πνεῦμα
1396 547 1559 573 καταϐαῖνον
1576 546 1606 579 ἐξ
1620 545 1747 582 cupavo-3,
1763 546 1831 573 ὡσεὶ

1033 594 1210 630 περιστερὰν,
1225 594 1271 620 καὶ
1287 593 1393 629 ἔμεινεν
1409 593 1451 619 ἐπ’
1467 593 1556 619 αὐτόν.
1582 601 1591 619 ι

1071 643 1103 669 Δ.
1120 641 1234 672 Οὐκοῦν,
1249 640 1398 675 ἀναμέτρει
1408 639 1454 666 τὸν
1467 639 1514 666 τοῦ
1531 637 1663 674 ήγιάσθαι
1677 638 1782 674 χρόνον.
1792 637 1831 664 σὺ

1033 690 1086 725 γάρ
1102 698 1143 716 τοι
1160 688 1213 723 πρὸ
1232 687 1280 722 τῆς
1303 686 1451 722 ἐπιδημίας
1467 684 1595 721 ήγιάζετο
1612 684 1678 716 Θεὸς
1693 684 1732 711 ὢν
1747 685 1762 711 6
1779 684 1832 710 A6-

1032 745 1090 771 γος,
1106 734 1163 762 ἀλλ’
1182 734 1226 760 ὅτε
1242 733 1337 767 γέγονε
1353 732 1415 758 καθ’
1427 732 1513 767 ἡμᾶς,
1527 728 1568 763 οἷς
1584 731 1614 758 οὐ
1633 729 1743 765 φύσεως
1761 737 1832 765 καρ-

1033 781 1082 813 πὸς
1100 781 1166 812 ίδῖας
1178 800 1185 811 ,
1208 779 1265 806 ἀλλ’
1285 778 1384 810 ἔξωθέν
1403 786 1432 804 τε
1453 777 1499 804 καὶ
1521 776 1639 808 ἐπακτὸς
1652 776 1666 802 ὁ
1681 775 1829 810 ἁγιασμὸς.

1033 827 1068 854 ’Ἡ
1090 827 1139 853 οὐκ
1155 824 1247 857 οἶσθα,
1266 826 1305 852 ὅτι
1324 823 1496 859 πεπλούτηκε
1517 823 1567 859 μὲν
1581 824 1610 849 ἐν
1630 823 1729 858 ἀρχαῖς
1744 823 1761 858 ἡ
1781 822 1830 848 ἁν-

1033 873 1144 908 θρώπου
1160 873 1240 906 φύσις
1264 871 1295 897 τὸ
1310 871 1357 897 καὶ
1378 869 1452 896 θείου
1476 869 1632 904 Πνεύματος
1649 868 1829 904 ματαλαχεϊν,

999 912 1018 940 Β
1035 917 1141 944 καὶτὸν
1158 917 1190 943 δι’
1207 914 1343 950 ἁγιασμοῦ
1370 915 1439 950 πρὸς
1464 914 1531 940 Θεὸν
1557 914 1758 948 ὲξεικονισμόν·
1779 921 1830 939 πε-

1034 962 1143 997 ποίηται
1158 962 1212 997 γὰρ
1230 962 1277 987 καὶ
1291 960 1362 988 κατὰ
1378 959 1458 987 τοῦτο
1471 960 1532 986 κατ’
1546 960 1639 986 εἰκόνα
1653 958 1699 986 τοῦ
1716 959 1829 986 κτίσαν-

1032 1015 1092 1039 τος’
1109 1008 1203 1043 ἐπειδὴ
1218 1007 1246 1033 δὲ
1267 1007 1317 1042 τὴν
1334 1006 1409 1033 θείαν
1428 1005 1581 1041 λελύπηκεν
1596 1004 1715 1040 ἑντολὴν,
1735 1004 1828 1039 ἀπεμ-

1032 1054 1154 1090 πολήσας
1167 1054 1196 1090 το
1211 1053 1307 1089 δῶρον,
1322 1052 1430 1088 θανάτῳ
1443 1051 1646 1084 κατεδικάξετο,
1660 1051 1707 1077 καὶ
1721 1050 1768 1077 τὸν
1780 1051 1830 1086 τῆς

1033 1100 1170 1136 ἁμαρτίας
1185 1099 1268 1126 ὑπέδυ
1283 1097 1364 1133 ζυγόν
1375 1107 1381 1132 ;

1067 1147 1098 1173 Β.
1121 1145 1248 1182 Συνίημι.

1046 1221 1054 1230 _
1067 1194 1099 1220 Δ.
1118 1193 1191 1220 Ἔδει
1214 1193 1315 1225 τοίνυν,
1338 1193 1453 1228 ἐπείπερ
1471 1192 1500 1225 ἐξ
1525 1191 1695 1228 ἡμερότητος
1714 1191 1766 1226 τῆς
1784 1192 1827 1218 ὲν-

1030 1231 1114 1277 οἶῦσης
1129 1240 1204 1276 αὑτῷ
1220 1240 1252 1267 τδ
1274 1240 1449 1276 διολισθῆσαν
1471 1240 1550 1275 γένος
1567 1239 1774 1275 ἀναστοιχειοῦν
1790 1240 1829 1271 εις

1031 1287 1061 1314 τὸ
1079 1289 1108 1314 ἐν
1127 1288 1225 1324 ἀρχαῖς
1243 1286 1402 1314 ἐϐουλεύετο
1425 1286 1501 1319 Θεὸς,
1520 1286 1651 1322 δευτέραν
1667 1286 1763 1322 ὥσπερ
1781 1285 1828 1312 τοῦ

1031 1333 1128 1367 γένους
1153 1332 1241 1368 ἀρχὴν
1264 1331 1399 1366 ἀναφῦναι
1416 1331 1545 1367 Χριστὸν,
1566 1331 1611 1357 καὶ
1633 1331 1763 1364 ἀπᾶτεξιν
1779 1331 1828 1366 μὲν

1032 1378 1184 1413 ἀνατλῆναι
1200 1378 1248 1414 τὴν
1262 1377 1305 1404 διὰ
1328 1378 1376 1413 τῆς
1394 1378 1475 1411 ἁγίας
1494 1376 1643 1413 Παρθένου,
1665 1377 1703 1412 μὴ
1721 1377 1774 1412 μὴν
1787 1377 1827 1403 ἔτι

1031 1424 1077 1450 καὶ
1095 1424 1202 1459 πατέρα
1220 1423 1351 1459 σαρκικδν
1361 1423 1529 1458 ἀνασχέσθαι
1540 1423 1640 1454 λαϐεῖν,
1656 1423 1699 1449 ἵνα
1715 1423 1763 1450 καὶ
1780 1423 1828 1449 σὺν

1031 1470 1179 1505 αὑτῷθεὺν
1191 1470 1299 1505 ἔχωμεν
1314 1471 1338 1496 ot
1353 1470 1455 1501 πάντες
1464 1469 1583 1505 Πατέρα,
1595 1469 1629 1496 δι’
1641 1469 1723 1496 αὑτοῦ
1736 1477 1766 1495 τε
1781 1469 1827 1495 καὶ

1030 1517 1059 1543 ἐν
1071 1515 1145 1551 αὐτῷ
1168 1516 1217 1551 τῆς
1233 1515 1361 1550 τοιαύτης
1374 1516 1452 1550 δόξης
1464 1516 1505 1547 εἰς
1518 1514 1605 1551 ἀρχὰς
1622 1514 1825 1546 ἀναϐαίνοντες.

1032 1562 1107 1589 Ἔδει
1131 1562 1278 1597 γενόμενον
1303 1561 1446 1597 ἄνθρωπον
1469 1562 1500 1588 τὸ
1524 1561 1636 1597 Πνεῦμα
1658 1561 1764 1593 λαϐεῖν,
1793 1561 1826 1588 ἶν’

1032 1609 1147 1644 ἐπείπερ
1161 1607 1195 1644 ἦν
1209 1617 1238 1634 τε
1261 1609 1306 1634 καὶ
1323 1608 1396 1634 ἐστιν
1418 1609 1469 1634 οὐκ
1485 1607 1563 1639 εἰδὼς
1580 1607 1730 1643 ἁμαρτίαν,
1743 1608 1826 1643 ἐμφι-

1032 1656 1164 1691 λοχωροίη
1190 1655 1283 1682 λοιπὸν
1301 1655 1329 1680 ἐν
1342 1653 1416 1689 αὑτῷ
1439 1654 1470 1680 τὸ
1487 1654 1608 1689 Πνεῦμα,
1624 1654 1672 1680 καὶ
1686 1653 1828 1688 ἀναπαύη-

1033 1711 1076 1729 ται
1089 1701 1214 1737 καθάπερ
1234 1702 1263 1727 ὲν
1279 1702 1388 1736 ἀπαρχῇ
1413 1699 1461 1726 τοῦ
1474 1700 1572 1734 γένους
1591 1700 1637 1726 καὶ
1658 1700 1721 1736 ῥίζῃ
1735 1699 1827 1726 δευτὲ-

1034 1757 1079 1784 ρᾳ.
1092 1747 1174 1774 Τουτὶ
1194 1745 1333 1783 γὰροῖμαί
1349 1755 1399 1773 που
1420 1746 1635 1781 κατασημαίνειν
1649 1744 1678 1772 εὖ
1694 1745 1768 1780 μάλα
1780 1746 1827 1772 τὸν

1033 1795 1176 1821 θεσπέσιον
1196 1792 1363 1828 Βαπτιστὴν,
1381 1793 1486 1828 βοῶντα
1501 1793 1563 1826 περὶ
1587 1792 1634 1819 τοῦ
1655 1792 1826 1827 Πνεύματος,

1032 1841 1069 1873 ὼς
1081 1840 1209 1867 θεάσαιτο
1226 1840 1274 1875 μὲν
1288 1839 1352 1865 αὐτὸ
1363 1839 1530 1873 καοιγμένον
1543 1839 1571 1872 ἐξ
1582 1838 1702 1873 οὐρανῶν
1717 1839 1747 1865 ἐν
1760 1838 1826 1864 εἴδει

1033 1886 1215 1921 περιστερᾶς·
1234 1885 1316 1920 φάναι
1332 1884 1370 1916 δὲ,
1387 1884 1427 1910 ὅτι
1444 1884 1491 1910 καὶ
1508 1883 1615 1919 ἔμεινεν
1627 1884 1670 1910 ἐπ’
1684 1883 1777 1915 αὑτὸν,
1795 1884 1825 1910 οὐ

1031 1932 1086 1967 γὰρ
1103 1931 1140 1967 (Ι)
1155 1931 1293 1966 μεμένηκε
1307 1930 1335 1956 δὲ
1351 1930 1380 1956 ἐν
1392 1930 1514 1966 Χριστῷ.
1531 1930 1640 1962 Φύσεως
1652 1930 1706 1964 γὰρ
1730 1927 1765 1965 ἦν
1775 1930 1827 1956 οὐκ

1032 1977 1200 2013 ἀνεχομένης
1216 1977 1313 2004 παθεῖν
1327 1976 1375 2013 τὴν
1399 1976 1427 2008 ἐξ
1443 1977 1580 2011 ἁμαρτίας
1599 1975 1704 2011 κηλῖδα.
1718 1976 1826 2007 Ὠσπερ

1031 2024 1059 2050 δὲ
1074 2023 1205 2059 ὑπάρχων
1219 2023 1261 2050 ἀεὶ
1275 2022 1412 2058 βασιλεὺς,
1425 2023 1472 2048 καὶ
1484 2022 1631 2057 ὀμόθρονος
1647 2021 1686 2056 τῷ
1701 2020 1762 2055 Θεῷ
1778 2020 1826 2047 καὶ

1032 2070 1131 2105 Ila-cpt,
1149 2068 1389 2105 κεχειροτονῆσθαι
1412 2068 1522 2102 λέγεται
1539 2068 1676 2103 βασιλεὺς,
1695 2067 1739 2093 ὅτε
1762 2067 1824 2093 καθ’

1032 2115 1106 2151 ἡμᾶς
1123 2114 1234 2149 γέγονεν
1252 2114 1404 2149 ἄνθρωπος,
1423 2111 1445 2147 ᾦ
1460 2114 1506 2140 καὶ
1521 2113 1595 2140 eam
1611 2112 1714 2139 ἀνωθεν
1729 2112 1760 2137 τὸ
1774 2111 1824 2147 βα-

1033 2161 1149 2188 σιλεύειν
1165 2160 1236 2186 ἐστί’
1252 2161 1299 2187 καὶ
1310 2160 1405 2196 ὥσπερ
1419 2159 1464 2186 ἀεὶ
1480 2159 1660 2195 συνυπάρχων
1674 2158 1713 2194 τῷ
1725 2159 1823 2194 ﬂat-cpt,

1032 2207 1073 2239 εἰς
1086 2207 1150 2233 Υἱὺν
1169 2206 1290 2242 ὁρίζεται
1313 2206 1357 2232 διὰ
1373 2205 1541 2241 Πνεὺματος,
1563 2205 1608 2232 διὰ
1622 2205 1652 2231 τὸ
1673 2206 1731 2237 τοῖς
1752 2205 1825 2232 κατὰ

996 2269 1017 2297 D
1032 2253 1106 2280 θέσιν
1121 2253 1189 2285 υἱοῖς
1201 2251 1389 2288 ὲξωμοιῶσθαι
1409 2252 1479 2279 κατὰ
1492 2252 1539 2287 τὴν
1556 2252 1655 2287 σάρκα,
1671 2252 1717 2278 καὶ
1728 2251 1824 2287 ὥσπερ

1031 2299 1096 2334 ἡμῖν
1113 2299 1170 2330 τοῖς
1191 2298 1243 2325 ὑπὸ
1267 2298 1333 2324 Θεδν
1362 2298 1618 2333 συμμορᾳούμενος,
1634 2297 1702 2323 Θεὸν
1723 2296 1824 2323 ἑαυτοῦ

1029 2345 1075 2372 τὸν
1092 2344 1200 2380 Πατέρα
1216 2345 1317 2375 ἐκάλει,
1331 2344 1419 2371 καίτοι
1435 2344 1500 2375 θεὸς
1514 2344 1645 2378 ὑπάρχων
1660 2343 1757 2375 αὑτός·
1778 2342 1831 2379 οὖν

1029 2400 1068 2418 τω
1087 2391 1134 2418 καὶ
1151 2391 1280 2426 ἡγιάσθαι
1301 2390 1422 2424 λέγεται,
1441 2390 1594 2426 χωροῦντος
1616 2391 1656 2421 εἰς
1669 2389 1699 2416 τὸ
1713 2388 1822 2424 ἁνθρὼ‹

1029 2446 1116 2470 πινον,
1133 2438 1192 2473 ἦτοι
1217 2437 1282 2473 περὶ
1301 2437 1380 2472 τήνδε
1405 2436 1454 2472 τὴν
1476 2437 1565 2471 σάρκα
1589 2435 1636 2462 τοῦ
1668 2419 1830 2471 ἁγιατελνμοῦ,Ι

1029 2483 1074 2510 διὰ
1089 2484 1118 2510 τὸ
1133 2484 1169 2519 μὴ
1182 2484 1288 2511 οἴκοθεν
1303 2483 1374 2520 ἔχειν
1391 2483 1519 2510 δύνασθαι
1543 2483 1592 2518 τὴν
1606 2482 1752 2518 ἀνθρώπου
1770 2476 1829 2522 (ξύ-ς

1028 2537 1068 2556 σιν
1087 2529 1131 2556 τὸν
1145 2530 1291 2565 ἁγιασμόν.
1307 2530 1416 2556 Ἕνεστι
1434 2529 1488 2565 γὰρ
1502 2528 1582 2555 τοῦτο
1605 2529 1639 2564 τῇ
1663 2536 1696 2563 γε
1711 2527 1822 2563 ἀληθῶς

1026 2576 1087 2612 θείᾳ
1112 2584 1141 2602 τε
1166 2577 1213 2602 καὶ
1245 2576 1315 2612 ὑπὲρ
1335 2576 1425 2602 πάντα
1450 2575 1530 2610 φύσει
1555 2572 1589 2611 ἦς
1615 2574 1733 2610 ἐπείπερ
1761 2574 1822 2600 ἐστὶ

1026 2622 1133 2657 καρπὸς
1155 2623 1169 2649 6
1200 2622 1304 2657 Λόγος,
1333 2622 1389 2654 ἔξει
1420 2621 1451 2658 δή
1475 2630 1526 2648 που
1557 2622 1665 2653 πάντως
1687 2621 1725 2653 ὡς
1754 2620 1821 2647 [διον

1025 2669 1054 2694 ὲν
1080 2667 1169 2703 ἑαυτῷ
1193 2669 1242 2704 τῆς
1267 2668 1401 2704 τεκούσης
1429 2668 1509 2695 αὑτὸν
1532 2667 1640 2702 φύσεως
1667 2667 1713 2694 τὸν
1737 2662 1825 2703 ἅγια-ξ

1026 2715 1104 2751 σμόν.
