1937 3036
211 200 277 229 ΙΟΗ

720 201 748 229 S.
769 201 906 230 CYRILLI
923 200 1159 230 ALEXANDRINI
1178 201 1338 231 ARCHIEP.

1777 197 1845 225 κη

212 260 287 288 cebit
311 267 358 287 vos
380 267 486 288 omnem
511 261 651 288 veritatem
673 269 680 288 :
699 267 752 288 non
762 260 846 305 /enim
870 261 997 297 loquetur

1053 262 1135 297 πάσῃ.
1164 261 1201 288 Οὐ
1230 261 1284 296 γὰρ
1312 259 1424 295 λαλήσει
1446 259 1493 294 ἀφ’
1518 256 1627 290 ἑαυτοῦ,
1648 257 1707 284 ἀλλ’
1729 257 1780 282 ζσα
1811 255 1844 282 ἂν

212 314 226 333 a
249 306 406 341 semetipso,
431 306 479 334 sed
503 313 670 341 quaecunque
692 302 784 334 audiet
804 307 949 342 loquetur,
972 313 998 334 et

1053 308 1155 344 ἁλούσῃ
1174 307 1298 342 λαλήσει,
1314 306 1361 332 καὶ
1382 305 1419 332 τὰ
1435 305 1573 340 ἐρχόμενα
1596 302 1744 337 ἀναγγελεῖ
1767 302 1841 337 ὑμῖν.

213 359 275 386 que
292 357 405 379 ventura
421 356 497 384 sunt,
512 352 685 380 annuntiabit
697 351 785 380 vobis.
799 351 846 380 llle
863 360 906 380 me
917 354 998 381 clari-

213 398 315 431 llcabit,
334 397 398 432 quia
417 397 450 424 de
468 404 528 424 meo
541 398 666 432 accipiet,
685 403 713 426 et
727 398 897 426 annuntiabit
913 400 997 427 vobis.

211 442 308 470 Omnia
324 449 493 477 quacunque
509 442 590 470 habet
602 442 692 476 Pater,
705 451 764 472 mea
779 449 861 472 sunt:
876 449 999 480 propter-

213 497 244 516 ea
257 489 311 516 dixi
327 489 402 517 rubis
421 489 484 524 quia
508 491 543 517 de
561 496 621 517 meo
644 491 769 525 accipiet,
784 495 811 519 et
826 491 999 518 annuntiabit

213 534 290 562 vobis
301 534 335 561 ⁸⁸.
355 543 365 560 ›
379 534 476 562 Annon
491 535 586 562 isthzec
602 533 739 563 suﬂiciunt
751 535 785 563 ad
801 535 880 563 ﬁdem
896 534 999 562 facien-

211 581 274 607 dam
290 581 470 616 sapientibus,
483 581 555 616 quod
576 581 635 616 ipse
655 589 733 609 suum
752 582 817 610 dicit
830 581 998 609 Paracletum

213 625 356 661 (Spiritum
381 627 454 655 enim
481 627 605 655 veritatis
633 627 719 661 ipsum
744 627 930 663 nuncupavit),
949 634 1000 654 nec

214 671 293 698 aliam
317 679 378 700 esse
401 672 435 700 ab
459 673 518 709 ipso
540 673 701 702 veritatem?
715 672 782 700 Cum
804 667 894 700 autem
913 672 999 705 addit,

215 725 225 744 ι
244 717 312 751 Quia
334 718 368 746 de
381 726 443 747 meo
458 720 583 755 accipiet,
603 730 613 747 ι
631 719 835 747 substantialem
847 723 875 746 et
887 723 998 745 natura-

212 765 265 792 lem
276 765 495 800 coniunctionem
509 765 652 794 manifeste
664 767 841 797 demonstrat,
851 764 1006 799 secundum’

211 819 292 846 quam
309 820 380 839 unus
395 816 437 840 est
456 820 519 840 cum
545 813 602 849 ipso
618 813 736 848 Spiritus
759 812 829 848 ejus.
849 811 907 839 Non
927 811 999 839 enim

211 863 259 891 per
273 858 512 892 participationem
528 859 680 894 sapientem
706 859 765 887 fore
789 859 822 885 ab
836 858 894 893 ipso
913 857 1000 893 Spiri-

213 907 267 930 tum
287 903 334 936 ait,
361 911 450 940 neque
472 905 540 932 adeo
561 905 680 932 ministri
696 905 754 932 vice
776 903 836 931 Filii
857 909 999 932 sermones

210 949 313 976 sanctis
328 949 542 983 allaturum,sed
557 957 611 977 non
635 957 714 977 secus
733 957 765 977 ac
778 950 801 977 si
822 949 871 976 ﬂos
887 949 996 983 quidam

213 995 362 1030 fragrantia
382 995 481 1023 nobilis
505 997 539 1024 de
562 996 645 1023 odore
661 1003 740 1030 quem
756 1003 788 1022 ex
804 1002 834 1023 se
855 988 957 1030 spargit
971 999 999 1022 et

211 1041 446 1069 circumstantium
472 1042 598 1070 sensibus
621 1041 749 1073 infundit,
771 1041 854 1073 dicat,
880 1041 917 1068 De
939 1048 999 1068 meo

211 1087 337 1121 accipiet,
352 1088 503 1115 naturalem
521 1088 714 1122 proprietatem
732 1087 935 1121 signiﬁcaverit,
945 1094 997 1114 non

211 1137 301 1159 autem
323 1133 425 1167 aliquid
441 1139 491 1168 per
509 1132 745 1168 participationem
763 1132 878 1159 seorsitu
897 1139 928 1159 ac
942 1132 999 1159 dis-

212 1178 314 1204 tincte:
331 1172 466 1206 sic‘etiam
480 1179 513 1206 de
524 1178 593 1206 Filio
623 1178 755 1213 intelliges
766 1185 798 1205 ac
810 1177 922 1212 Spiritu.
939 1177 1000 1212 Spi-

211 1224 279 1251 ritus
292 1224 364 1252 enim
389 1224 529 1259 sapientia:
542 1231 573 1251 ac
589 1223 697 1251 virtutis
713 1217 775 1250 cum
796 1223 843 1255 sit,
866 1223 998 1258 sapientia

211 1269 304 1304 utique
321 1274 363 1297 est
379 1277 410 1298 ac
432 1275 563 1304 potestas,
579 1269 729 1305 eﬂlcaﬂlam
752 1269 941 1305 profundentis
957 1270 998 1297 in-

213 1322 316 1350 tegram
336 1323 450 1344 servans
465 1316 491 1343 in
515 1316 616 1351 seipso,
634 1321 662 1343 et
681 1316 707 1343 in
723 1324 771 1344 sua
795 1321 891 1344 natura
907 1316 1000 1351 utique

211 1367 336 1389 naturam
363 1362 422 1396 ejus
451 1363 529 1397 cujus
557 1367 600 1390 est
630 1362 770 1390 exhibens.
807 1362 873 1390 Cum
909 1366 1000 1391 autem

210 1408 300 1440 dicat,
324 1407 363 1436 De
388 1416 450 1436 meo
476 1408 607 1443 accipiet,
637 1408 741 1436 utiliter
767 1408 852 1446 addit,
872 1417 881 1434 ‹
903 1408 1000 1436 Omnia

211 1461 380 1488 qumcunque
395 1454 476 1481 habet
492 1453 584 1486 Pater,
609 1461 668 1481 mea
686 1458 748 1481 sunt
762 1461 769 1480 :
788 1458 930 1488 propterea
944 1453 999 1481 dixi

212 1498 290 1526 vobis
304 1499 368 1533 quia
385 1499 419 1526 de
444 1506 503 1526 meo
514 1499 638 1534 accipiet.
657 1508 666 1525 ι
684 1499 914 1533 Quemadmodum
928 1499 999 1526 enim

212 1549 325 1572 sanctus
343 1550 385 1572 est
404 1546 552 1572 secundum
578 1549 715 1578 naturam,
735 1546 863 1580 quoniam
882 1546 1000 1581 Spiritus

1059 355 1176 385 Ἐκεῖνος
1193 354 1243 388 ἐμὲ
1258 353 1374 387 δοξάσει,
1389 352 1430 378 ὅτι
1444 352 1477 378 ὲκ
1496 350 1543 378 τοῦ
1564 349 1632 385 ἐμοῦ
1654 348 1780 383 λήψεται,
1795 347 1842 374 καὶ

1050 399 1199 434 ἀναγγελεῖ
1212 400 1286 434 ὑμῖν.
1303 398 1396 425 Πάντα
1413 397 1463 424 ὅσα
1476 396 1532 432 ἔχει
1549 396 1562 422 6
1577 395 1686 430 Πατὴρ,
1697 394 1754 429 ὲμά
1765 395 1824 419 ἐστι
1833 401 1841 408 ο

1049 445 1093 479 διὰ
1106 445 1184 472 τοῦτο
1198 442 1275 471 εἷπον
1290 444 1365 480 ὑμῖν,
1378 444 1418 470 ὅτι
1434 444 1466 470 ὲκ
1483 442 1531 469 τοῦ
1545 441 1613 477 ἐμοῦ
1633 440 1779 476 λαμϐάνει,
1797 439 1843 466 καὶ

1050 491 1197 525 ἁναγγελεζ
1213 491 1289 525 ὑμῖνξ
1306 499 1316 516 ›
1335 490 1370 516 Ἦ
1386 489 1436 515 οὐκ
1455 487 1582 524 ἀποχρῶν
1594 488 1608 514 6
1623 486 1702 520 λόγος
1717 487 1756 517 εἰς
1772 485 1842 520 πλη-

1053 537 1181 572 ροφορίαν
1199 537 1254 569 τοῖς
1271 536 1373 569 σοφοῖς,
1387 535 1424 566 ὡς
1436 535 1486 569 μέν
1505 542 1572 569 φησι
1586 533 1630 559 τὸν
1651 531 1841 568 Παράκλητον,

1050 582 1163 618 Πνεῦμα
1175 582 1230 618 γὰρ
1245 581 1374 616 ἀληθείας
1387 580 1530 615 ὠνόμασεν
1547 578 1639 611 αὐτὸν,
1658 578 1708 612 οὐχ
1717 577 1801 612 ἑτέρα
1814 577 1843 603 δὲ

1050 630 1116 664 παρ’
1130 628 1211 656 αὐτὸν
1231 629 1248 664 ἡ
1263 627 1392 663 ἀλήθεια;
1409 626 1568 661 Προστιοεὶς
1588 625 1627 658 δὲ,
1645 633 1654 650 1
1668 625 1730 650 Ὀτι
1749 624 1782 650 ἐκ
1795 622 1842 649 τοῦ

1051 675 1118 712 ἐμοῦ
1131 675 1256 711 λήψεται.
1273 683 1281 700 ι
1298 673 1347 709 τὴν
1363 672 1480 707 οὺσιώδη
1495 673 1542 700 καὶ
1553 670 1671 706 φυσικὴν
1688 670 1844 704 οἰκειότητα

1050 723 1167 758 δέδειχεν
1193 721 1334 757 ἐναργῶς,
1360 720 1422 746 καθ’
1437 720 1470 755 ἣν
1493 719 1522 745 ἓν
1546 719 1604 745 ἐστι
1622 717 1690 753 πρὸς
1715 715 1798 744 αὑτὸν
1813 716 1843 742 τὺ

1050 769 1162 804 Πνεῦμα
1179 767 1272 795 αὑτοῦ.
1282 768 1320 794 Οὐ
1331 766 1385 802 γάρ
1394 775 1434 792 τοι
1442 765 1622 801 μεταληπτῶς
1638 763 1719 798 σοφὸν
1733 762 1843 790 ἔσεσθαι

1051 816 1116 850 παρ’
1131 814 1215 844 αὑτοῦ
1230 813 1261 840 τδ
1276 813 1388 847 Πνεῦμα
1405 820 1499 847 φησιν,
1519 810 1581 837 οὔτε
1605 810 1658 845 μὴν
1674 809 1703 835 ἐν
1717 808 1796 840 τάξει
1809 808 1842 842 τῇ

1050 860 1206 896 ὑπουργικῇ
1222 859 1285 890 τοὺς
1300 858 1365 893 παρ’
1378 856 1443 885 Υῐοῦ
1460 857 1556 891 λόγους
1574 857 1629 887 τοῖς
1647 854 1737 889 ἁγίοις
1752 853 1844 880 διακο-

1052 908 1151 943 μίσειν·
1163 906 1220 933 ἀλλ’
1233 905 1328 940 ὥσπερ
1340 904 1373 931 ἃν
1384 905 1411 936 εξ
1421 913 1448 931 τι
1463 903 1517 930 τῶν
1532 902 1723 937 εὐοσμοτάτων
1739 900 1844 930 ἀνθέων

1049 953 1113 988 περὶ
1128 953 1176 988 τῆς
1192 951 1222 984 ἐξ
1243 950 1341 978 ἑαυτοῦ
1364 949 1591 984 διασκιδναμένης
1608 947 1708 982 ὀσμῆς,
1721 946 1769 972 καὶ
1782 945 1844 977 ταῖς

1047 999 1102 1026 τῶν
1129 997 1320 1033 περιεστώτων
1344 995 1498 1030 αἰσθήσεων
1521 992 1724 1028 ἐμπιπτούσης,
1756 991 1843 1024 λέγοι,

1048 1044 1090 1071 ὅτι
1100 1053 1109 1069 ‹
1129 1043 1176 1069 Ἐκ
1189 1042 1236 1069 τοῦ
1250 1041 1317 1077 ἐμοῦ
1330 1040 1457 1076 λήψεται,
1472 1049 1480 1065 ι
1494 1040 1544 1075 τὴν
1556 1038 1674 1073 φυσικὴν
1689 1037 1843 1072 οἰκειότητα

1049 1090 1271 1125 κατασημήνειεν
1288 1088 1331 1120 ἂν,
1347 1088 1395 1114 καὶ
1419 1086 1477 1114 οὔτι
1501 1094 1552 1112 που
1569 1085 1599 1112 τὺ
1623 1085 1662 1116 ὡς
1683 1085 1713 1111 ὲν
1734 1083 1845 1119 μεθέξει

1049 1135 1223 1173 διῃρημένως
1233 1154 1241 1168 ,
1255 1130 1306 1161 ὧδέ
1323 1141 1361 1168 πη
1379 1133 1488 1167 νοήσεις
1499 1131 1546 1160 καὶ
1558 1129 1600 1164 ἐφ’
1617 1129 1683 1156 Υἱοῦ
1697 1129 1746 1156 καί
1759 1127 1846 1155 Πνεύ-

1051 1190 1147 1218 ματος,
1168 1180 1282 1215 Πνεῦμα
1297 1179 1352 1216 γὰρ
1370 1178 1468 1212 σοφίας
1485 1177 1533 1204 καὶ
1549 1177 1690 1211 δυνάμεως
1707 1175 1748 1208 ὃν,
1764 1175 1847 1209 σοφία

1049 1228 1160 1259 πάντως
1185 1227 1232 1254 καὶ
1258 1224 1373 1261 δύναμίς
1397 1226 1482 1255 εστιν,
1505 1222 1569 1257 ὃλην
1590 1221 1620 1254 ἐξ
1646 1221 1708 1251 ὅλου
1731 1220 1781 1255 τὴν
1798 1218 1847 1247 τοῦ

1049 1273 1191 1310 προῖέντος
1207 1272 1348 1308 ἐνέργειαν
1364 1270 1506 1301 ἀποσῶζον
1523 1270 1551 1295 ὲν
1570 1267 1671 1302 ἐαυτῷ,
1688 1267 1737 1293 καὶ
1756 1267 1795 1298 ὡς
1811 1265 1846 1294 ἂν

1121 1318 1161 1354 ἐν]
1177 1318 1231 1353 ἰδίᾳ
1249 1316 1329 1352 φύσει
1345 1313 1539 1342 καταδειχνύον
1552 1310 1581 1339 εὖ
1596 1312 1678 1347 μάλα,
1695 1311 1746 1346 τὴν
1762 1308 1847 1344 οὗπέρ

1050 1366 1135 1392 ἐστιν.
1155 1363 1266 1398 Ἐπειδὴ
1281 1363 1309 1389 δὲ
1325 1362 1364 1394 τὸ,
1382 1371 1391 1387 ι
1416 1361 1463 1388 Ἐκ
1477 1359 1525 1386 τοῦ
1542 1358 1610 1394 ἐμοῦ
1623 1359 1751 1393 λήψεται,
1770 1367 1779 1384 ι
1796 1366 1847 1392 φη-

1051 1412 1089 1444 σὶ,
1106 1410 1300 1446 προστέθεικεν
1320 1407 1488 1442 ἀναγκαίως,
1500 1407 1541 1433 ὅτι
1557 1416 1566 1432 ι
1584 1405 1677 1432 Πάντα
1690 1405 1741 1431 ὅσα
1762 1404 1818 1439 ἔχει
1833 1405 1847 1430 6

1050 1457 1157 1494 Πατὴρ,
1171 1457 1226 1494 ἐμά
1242 1457 1315 1484 ἐστι·
1331 1455 1375 1485 διὰ
1393 1454 1473 1481 τοῦτο
1495 1453 1571 1480 εἷπον
1594 1452 1670 1487 ὑμῖν,
1687 1452 1729 1478 ὅτι
1751 1452 1784 1477 ὲκ
1798 1450 1847 1477 τοῦ

1050 1504 1117 1544 ἐμοῦ
1131 1502 1275 1538 λαμϐάνει.
1291 1511 1301 1533 ι
1319 1502 1424 1536 ’Ὠσπερ
1437 1500 1489 1539 γὰρ
1503 1499 1579 1534 ἅγιόν
1592 1499 1650 1525 ἐστι
1669 1497 1741 1524 κατὰ
1751 1497 1846 1532 φύσιν,

1053 1550 1171 1585 ἐπείπερ
1190 1550 1264 1577 ἐστὶν
1281 1549 1359 1584 ἁγίου
1379 1547 1492 1583 Πνεῦμα
1507 1546 1626 1581 Πατρὺς,
1641 1545 1713 1572 οὕτω
1733 1545 1781 1571 καὶ
1802 1553 1847 1570 σο-

210 1595 252 1618 eat
271 1591 359 1618 sancti
379 1590 486 1618 Patris:
503 1591 542 1619 sic
565 1592 646 1618 etiam
668 1591 788 1626 sapiens,
811 1593 939 1626 quoniam
955 1601 999 1620 sa-

1053 1596 1113 1630 φὸν,
1128 1596 1189 1622 ὲπει
1202 1604 1243 1622 τοι
1258 1595 1353 1630 σοφίας
1366 1593 1478 1630 Πνεῦμα
1496 1594 1554 1619 ἐστι
1564 1600 1571 1607 ·
1588 1592 1670 1627 σοφία
1686 1592 1715 1618 δὲ
1732 1593 1747 1618 ὸ
1761 1591 1827 1622 Υἱός
1838 1599 1846 1608 ο

211 1635 319 1666 pientias
329 1641 372 1664 est
386 1636 507 1671 Spiritus
521 1646 528 1664 :
543 1637 678 1672 sapientia
697 1644 760 1665 vero
774 1642 815 1665 est
832 1637 935 1672 Filius;
952 1646 999 1665 ue-

209 1688 265 1717 que
279 1689 345 1708 vero
359 1681 414 1709 ullo
433 1684 512 1710 modo
528 1682 644 1710 dicimus
658 1683 790 1711 relatione
805 1689 830 1711 et
853 1684 999 1719 participa-

210 1727 285 1754 tione
301 1727 416 1762 quadam
433 1733 557 1755 sanctum
576 1733 603 1756 et
619 1728 767 1764 sapientem
781 1737 841 1757 esse
855 1729 997 1765 Spiritum,

210 1774 258 1801 sed
275 1774 491 1802 substantialiter
504 1776 592 1808 potius
604 1781 631 1802 et
648 1775 730 1802 veluti
742 1776 859 1815 qualitas
872 1778 997 1811 quaedam

211 1820 344 1847 naturalis
356 1826 457 1848 sanctae
473 1825 499 1847 et
516 1820 647 1861 sapientis
660 1821 780 1853 deitatis,
797 1829 856 1855 qua:
875 1823 900 1848 in
917 1822 997 1850 Patre

210 1871 239 1893 et
251 1865 319 1893 Filio
333 1873 394 1894 esse
407 1872 543 1899 censetur,
555 1871 582 1894 et
601 1867 658 1901 ipso
670 1866 783 1901 Spiritu.
802 1867 890 1895 Patris
909 1873 999 1895 autem

212 1912 354 1946 Spit-itum,
371 1912 502 1947 Spiritum
520 1920 579 1940 esse
594 1911 667 1945 Filii,
685 1920 732 1948 per
747 1920 776 1940 se
802 1914 860 1948 ipse
879 1919 904 1940 te
921 1915 1000 1942 doce-

211 1960 260 1993 bit,
275 1960 366 1987 dicens
382 1969 388 1987 :
404 1968 413 1986 ι
429 1958 496 1986 Cum
509 1965 599 1987 autem
613 1959 719 1986 venerit
736 1959 903 1991 Paracletus,
920 1967 999 1994 quem

211 2013 261 2040 ego
273 2006 378 2032 mittam
398 2005 473 2032 vobis
489 2012 503 2031 ιι
519 2004 611 2037 Patre,
627 2004 759 2040 Spiritum
775 2005 911 2036 veritatis,
926 2006 969 2040 qui
984 2013 1000 2032 a

212 2051 292 2078 Putre
312 2051 445 2086 procedit,
468 2050 514 2078 ille
531 2051 728 2089 testimonium,
747 2051 847 2085 inquit,
869 2052 998 2087 perhibe-

210 2097 250 2124 bit
270 2098 302 2124 de
319 2105 361 2124 me
380 2097 414 2125 “.
432 2107 441 2123 I
461 2096 590 2132 lntelligis
612 2104 676 2132 ergo
697 2104 750 2132 quo
772 2101 850 2132 pacto
872 2101 999 2132 tanquam

210 2151 289 2172 suum
312 2144 389 2171 nobis
408 2143 543 2178 promittit
564 2150 594 2170 se
611 2143 756 2170 missurum
779 2143 852 2170 illmn
873 2152 886 2170 a
908 2143 999 2176 Patre,

210 2194 238 2217 et
253 2189 384 2224 Spiritum
396 2189 504 2223 quidem
522 2188 646 2215 veritatis
666 2188 796 2221 nominat,
810 2194 999 2222 verumtamen

211 2243 244 2263 ex
262 2237 319 2269 ipso
336 2235 416 2261 Patre
439 2241 600 2268 promauare
619 2234 730 2266 statuit,
751 2235 871 2269 adeoque
889 2237 922 2263 de
942 2236 1000 2270 ipso

211 2281 396 2308 testimonium
415 2280 530 2306 laturum
546 2279 690 2313 pra‘dixit?

248 2327 278 2354 Β.
298 2327 329 2353 Et
350 2328 423 2362 quis,
445 2327 542 2353 amabo
565 2330 601 2358 te,
625 2326 770 2353 tcslimOnii
784 2328 879 2362 modus
900 2328 1000 2358 intelli-

211 2373 306 2407 getur?

246 2418 280 2445 A.
297 2418 398 2452 Nempe
413 2425 472 2444 cum
487 2422 615 2457 operatus
627 2418 663 2444 sit
675 2425 704 2444 ea
721 2425 781 2451 quae
802 2418 847 2445 Dei
867 2423 940 2451 sunt,
954 2427 1000 2454 per

213 2471 323 2491 manum
341 2468 508 2496 sanctorum,
535 2463 677 2491 manifeste
691 2463 772 2500 594
783 2469 948 2504 contestatus
960 2471 1001 2495 est

214 2511 296 2537 Deum
312 2517 374 2538 esse
387 2509 497 2545 Filium,
513 2510 591 2544 cujus
608 2510 689 2537 etiam
711 2510 830 2545 Spiritus
849 2515 901 2544 est,
920 2512 1000 2539 sicuti

212 2557 340 2583 nimirum
354 2561 381 2583 et
394 2556 492 2583 Patris.
662 2558 668 2563 ‘

208 2615 210 2619 -
249 2602 278 2629 Β.
298 2602 403 2630 Talium
419 2602 528 2636 quidem
551 2602 629 2629 nobis
648 2607 715 2636 satis
735 2607 787 2636 est,
802 2603 899 2635 amice.
923 2603 1000 2637 Quod

211 2649 282 2675 enim
298 2649 401 2675 clarum
417 2653 460 2675 est
481 2655 514 2675 ac
535 2648 726 2680 indubitatum,
749 2639 801 2675 nott
825 2648 906 2675 habet
931 2657 999 2684 opus

212 2693 401 2728 auﬂ'ragatore.
415 2693 533 2727 Spiritus
550 2694 622 2720 enim
639 2699 682 2721 est
700 2701 807 2728 quoque
829 2693 890 2729 Filii
911 2695 998 2729 Spiri-

213 2745 256 2768 tus
271 2744 392 2772 sanctus,
408 2747 459 2767 nec
474 2747 638 2774 quemquam
656 2744 865 2775 repugnaturum
888 2748 1000 2775 prorsus

212 2793 284 2814 reor.
307 2785 378 2813 Nihil
400 2786 483 2820 igitur
498 2785 614 2820 amplius
638 2785 664 2812 in
686 2793 717 2813 ea
735 2794 764 2813 rc
787 2786 943 2819 cunctatus,
966 2787 999 2814 ad

212 2841 243 2860 ea
265 2832 354 2867 potius
373 2839 445 2859 nunc
461 2837 486 2858 te
505 2831 640 2864 conferas,
658 2840 705 2866 per
723 2840 783 2866 quae
809 2832 915 2861 discere
938 2833 1001 2862 licet

250 2924 360 2953 κινοίη).
377 2931 432 2958 xvt,
446 2923 540 2952 l2-l5.
579 2924 600 2940 ⁸³
615 2923 692 2952 Joau.
706 2931 750 2958 xv,
765 2923 810 2953 26.

1051 1641 1098 1668 καὶ
1111 1640 1168 1668 οῠτι
1187 1641 1238 1668 πού
1257 1649 1357 1675 φαμεν,
1375 1640 1413 1672 ὡς
1432 1639 1502 1667 κατὰ
1518 1638 1611 1674 σχέσιν
1632 1638 1694 1665 τινὰ
1711 1637 1761 1665 καὶ
1784 1637 1847 1673 μέθ-

1051 1689 1118 1720 εξιν,
1136 1688 1214 1722 ἆγιον
1234 1688 1281 1714 καὶ
1297 1687 1378 1721 σοφὸν
1395 1686 1426 1713 τὸ
1443 1685 1555 1720 Πνεῦμά
1567 1685 1651 1717 ἐστιν,
1663 1683 1804 1716 ούσιωδῶς
1819 1683 1847 1710 6‘s

1053 1735 1164 1771 μᾶλλον,
1179 1735 1226 1761 καὶ
1239 1733 1320 1760 οἱονεί
1336 1741 1379 1765 τις
1405 1731 1515 1765 ποιότης
1529 1730 1631 1766 φυσικὴ
1653 1730 1705 1764 τῆς
1720 1730 1803 1764 ἁγίας
1818 1737 1846 1755 τε

1051 1782 1098 1808 καὶ
1114 1781 1199 1816 σοφῆς
1214 1779 1353 1814 θεότητος,
1368 1777 1418 1812 τῆς
1431 1777 1467 1808 ὼς
1489 1778 1518 1803 ἐν
1530 1776 1618 1811 Πατρὶ
1634 1776 1683 1802 καὶ
1700 1775 1758 1809 Υίῴ
1772 1782 1847 1801 νοου-

1053 1827 1149 1862 μένης,
1160 1826 1207 1852 καὶ
1221 1825 1296 1860 αὐτῷ
1312 1823 1351 1859 τῷ
1360 1822 1510 1857 Πνεύματι.
1519 1822 1579 1848 Ὅτι
1595 1820 1623 1846 δὲ
1636 1820 1666 1846 τὸ
1681 1819 1729 1846 τοῦ
1741 1819 1847 1855 Πατρὶς

1052 1872 1174 1907 Πνεῦμα,
1189 1870 1301 1906 Πνεῦμα
1324 1870 1381 1896 ἐστι
1402 1867 1450 1895 τοῦ
1473 1867 1548 1900 Υίοῦ,
1567 1866 1647 1897 αὐτὸς
1673 1874 1703 1896 σε
1729 1865 1763 1892 δι’
1782 1866 1844 1898 ξαυ‹

1051 1918 1098 1945 τοῦ
1114 1917 1337 1953 μυσταγωγήσει,
1354 1915 1442 1948 λέγων
1453 1922 1460 1929 '
1477 1923 1486 1939 ι
1498 1914 1582 1940 Ὅταν
1600 1912 1629 1938 δὲ
1642 1911 1710 1953 ἔλθῃ
1725 1913 1739 1938 ὁ
1754 1912 1848 1947 “api:

1053 1964 1163 1999 κλητος,
1184 1964 1213 1990 ὃν
1238 1962 1294 1997 ἐγὼ
1310 1961 1411 1996 πέμψω
1426 1960 1490 1995 ὑμῖν
1512 1958 1589 1994 παρὰ
1603 1957 1649 1984 τοῦ
1674 1957 1795 1992 Πατρὸς,
1818 1959 1849 1983 τὰ

1053 2009 1165 2044 Πνεῦμα
1177 2009 1227 2043 τῆς
1242 2007 1382 2042 ἀληθείας,
1397 2005 1410 2032 ὃ
1425 2004 1500 2041 παρὰ
1513 2003 1560 2030 τοῦ
1576 2003 1682 2038 Πατρὺς
1698 2001 1847 2037 ἐκπορεύε-

1052 2065 1113 2089 ται,
1133 2057 1236 2087 ἐκεῖνος
1253 2053 1436 2090 μαρτυρήσει,
1452 2051 1529 2087 φησὶ,
1545 2050 1610 2085 περὶ
1625 2049 1703 2084 ἐμοῦ.
1722 2059 1732 2074 ι
1749 2049 1848 2083 Συνίης

1052 2101 1110 2136 οὖν,
1127 2103 1201 2134 ὅπως
1211 2101 1249 2134 ὼς
1269 2101 1334 2128 [διον
1353 2098 1554 2134 ἐπαγγέλλεται
1567 2095 1762 2131 καταπέμψειν
1781 2096 1847 2130 ἡμῖν

1051 2150 1082 2176 τὸ
1098 2151 1129 2176 ἐκ
1143 2149 1189 2175 τοῦ
1212 2147 1330 2183 Πατρὸς,
1354 2146 1402 2173 καὶ
1423 2144 1536 2181 Πνεῦμα
1558 2144 1606 2178 μὲν
1625 2142 1757 2178 ἀληθείας
1782 2142 1848 2168 ἁπο-

1053 2195 1142 2225 καλεῖ,
1164 2193 1324 2232 προχεῖσθαι
1342 2201 1374 2226 γε
1393 2191 1446 2227 μὴν
1471 2190 1501 2223 ἐξ
1527 2188 1609 2216 αὑτοῦ
1633 2187 1781 2223 διωρίσατο
1801 2187 1847 2213 τοῦ

1055 2241 1172 2277 Πατρὺς,
1197 2239 1317 2275 καὶμὴν
1341 2239 1383 2265 ὅτι
1405 2237 1453 2264 καὶ
1479 2234 1652 2272 μαρτυρήσει
1672 2234 1738 2269 περὶ.
1764 2232 1847 2264 αυτοῦ

1016 2280 1038 2307 Ῐ)
1054 2288 1267 2322 προμεμήνυκε;

1081 2326 1121 2369 ΔΒ.
1140 2333 1194 2360 Καὶ
1212 2332 1252 2364 τίς
1268 2331 1300 2358 ἂν
1321 2331 1407 2358 νοοῖτο
1427 2329 1477 2364 τῆς
1495 2327 1649 2365 μαρτυρίας
1667 2327 1681 2353 6
1694 2326 1812 2362 τρόπος

1090 2426 1122 2451 Α.
1143 2421 1253 2460 Ἐπειδὴ
1280 2421 1333 2456 γὰρ
1363 2420 1500 2455 ὲνήργηκε
1529 2417 1564 2444 τὰ
1589 2417 1657 2444 θεοῦ
1684 2416 1730 2442 διὰ
1759 2415 1848 2450 χειρὸς

1055 2469 1153 2504 ἁγίων,
1181 2467 1394 2504 μεμαρτύρηκεν
1419 2464 1560 2500 ἐναργῶς,
1584 2464 1625 2490 ὅτι
1645 2462 1713 2494 Θεός
1743 2463 1817 2488 ἐστιν
1834 2460 1849 2485 6

1055 2507 1130 2548 Υίὸς,
1143 2511 1174 2540 οῦ
1191 2514 1238 2541 καὶ
1257 2512 1371 2548 Πνεῦμα
1385 2512 1454 2545 ἐστι,
1477 2510 1604 2545 καθάπερ
1619 2508 1716 2542 ἀμέλει
1737 2508 1787 2533 καὶ
1801 2505 1847 2532 τοῦ

1055 2563 1171 2598 Πατρός.

1089 2609 1119 2635 Β.
1137 2608 1215 2640 ’Ἅλις
1233 2607 1281 2643 μὲν
1302 2607 1369 2642 ἡμῖν
1386 2605 1440 2632 τῶν
1458 2603 1600 2635 τοιούτων,
1613 2599 1635 2629 ὧ
1654 2602 1715 2629 τᾶν.
1739 2600 1778 2627 Τὸ
1795 2599 1848 2634 γάρ

1052 2664 1095 2682 τοι
1113 2655 1196 2690 σαφὲς
1210 2655 1257 2681 καὶ
1274 2652 1470 2688 ἀναμφιλόγως
1486 2650 1558 2686 ἕχον,
1578 2649 1658 2676 δέοιτ’
1674 2648 1708 2675 ἂν
1721 2647 1783 2682 οὐχὶ
1803 2644 1848 2672 τοῦ

1054 2703 1192 2729 συνειπεῖν
1214 2700 1363 2736 ᾑρημένου.
1381 2697 1494 2732 Πνεῦμα
1512 2697 1566 2732 γάρ
1579 2696 1638 2722 ἐστι
1654 2694 1702 2722 καὶ
1715 2694 1765 2720 τοῦ
1781 2691 1846 2719 Tia-3

1053 2748 1084 2775 τὸ
1107 2747 1219 2782 Πνεῦμα
1233 2746 1264 2774 τὸ
1286 2747 1373 2779 ἅγιον,
1389 2744 1437 2771 καὶ
1455 2743 1578 2778 ἀντερεῖν
1600 2738 1678 2776 οἶμαι
1704 2738 1845 2770 παντελῶς

1053 2793 1159 2820 οὐδένα.
1171 2791 1273 2827 Τρισὴν
1287 2788 1333 2817 οὖν
1347 2790 1395 2816 καὶ¹
1411 2788 1492 2816 πόνον
1507 2787 1587 2814 αὑτὸν
1600 2786 1646 2812 ἐπὶ
1657 2785 1724 2827 τῷδε
1735 2783 1844 2820 μεθεὶς,

1055 2838 1105 2870 τοις
1124 2836 1157 2863 ἂν
1176 2836 1276 2872 μᾶλλον
1301 2835 1344 2861 ἐπ’
1361 2834 1453 2861 ἐκεῖνα
1468 2833 1539 2866 νυνὶ,
1563 2831 1609 2866 τὰ,
1624 2831 1658 2858 δι’
1681 2826 1720 2857 ὧν
1742 2828 1850 2861 ἔνεστιν
