  <div class='ocr_page' id='page_1' title='image "/cluster/home/n/w/nwhite01/storage/ocr_20150623/75/njp.32101077772786/588.png"; bbox 0 0 1937 3036; ppageno 0'>
   <div class='ocr_carea' id='block_1_1' title="bbox 70 184 142 212">
    <p class='ocr_par' dir='ltr' id='par_1_1' title="bbox 70 184 142 212">
     <span class='ocr_line' id='line_1_1' title="bbox 70 184 142 212; baseline 0.028 -2"><span class='ocrx_word' id='word_1_1' title='bbox 70 184 142 212; x_wconf 69' lang='grc'><strong>1015</strong></span> 
     </span>
    </p>
   </div>
   <div class='ocr_carea' id='block_1_2' title="bbox 603 179 1177 216">
    <p class='ocr_par' dir='ltr' id='par_1_2' title="bbox 603 179 1177 216">
     <span class='ocr_line' id='line_1_2' title="bbox 603 179 1177 216; baseline -0.003 -2"><span class='ocrx_word' id='word_1_2' title='bbox 603 186 647 214; x_wconf 85' lang='lat' dir='ltr'><strong>DE</strong></span> <span class='ocrx_word' id='word_1_3' title='bbox 665 187 714 216; x_wconf 81' lang='lat' dir='ltr'><strong>SS.</strong></span> <span class='ocrx_word' id='word_1_4' title='bbox 735 185 920 215; x_wconf 80' lang='lat' dir='ltr'><strong>TRINITATE</strong></span> <span class='ocrx_word' id='word_1_5' title='bbox 939 179 1113 214; x_wconf 76' lang='grc' dir='ltr'><strong>ΒΙΑΕοίῖυὸ</strong></span> <span class='ocrx_word' id='word_1_6' title='bbox 1132 184 1177 212; x_wconf 78' lang='lat' dir='ltr'><strong>Vi.</strong></span> 
     </span>
    </p>
   </div>
   <div class='ocr_carea' id='block_1_3' title="bbox 1633 188 1702 218">
    <p class='ocr_par' dir='ltr' id='par_1_3' title="bbox 1633 188 1702 218">
     <span class='ocr_line' id='line_1_3' title="bbox 1633 188 1702 218; baseline 0.058 -3"><span class='ocrx_word' id='word_1_7' title='bbox 1633 188 1702 218; x_wconf 67' lang='grc' dir='ltr'><strong>1οη</strong></span> 
     </span>
    </p>
   </div>
   <div class='ocr_carea' id='block_1_4' title="bbox 69 241 857 280">
    <p class='ocr_par' dir='ltr' id='par_1_4' title="bbox 69 241 857 280">
     <span class='ocr_line' id='line_1_4' title="bbox 69 241 857 280; baseline 0.008 -13"><span class='ocrx_word' id='word_1_8' title='bbox 69 241 232 277; x_wconf 62' lang='grc' dir='ltr'>ἀναμαοεὶν.</span> <span class='ocrx_word' id='word_1_9' title='bbox 247 243 288 269; x_wconf 79' lang='grc' dir='ltr'>δτι</span> <span class='ocrx_word' id='word_1_10' title='bbox 304 243 374 270; x_wconf 76' lang='grc' dir='ltr'>κατὰ</span> <span class='ocrx_word' id='word_1_11' title='bbox 389 242 470 278; x_wconf 79' lang='grc' dir='ltr'>φύσιν</span> <span class='ocrx_word' id='word_1_12' title='bbox 484 244 560 279; x_wconf 73' lang='grc' dir='ltr'>ἅγιος</span> <span class='ocrx_word' id='word_1_13' title='bbox 570 246 583 272; x_wconf 89' lang='lat'><strong>6</strong></span> <span class='ocrx_word' id='word_1_14' title='bbox 596 246 669 280; x_wconf 85' lang='grc' dir='ltr'>Υἰδς,</span> <span class='ocrx_word' id='word_1_15' title='bbox 684 246 731 274; x_wconf 80' lang='grc' dir='ltr'>καὶ</span> <span class='ocrx_word' id='word_1_16' title='bbox 745 247 776 275; x_wconf 82' lang='grc' dir='ltr'>οὐ</span> <span class='ocrx_word' id='word_1_17' title='bbox 788 246 857 274; x_wconf 78' lang='grc' dir='ltr'>κατὰ</span> 
     </span>
    </p>
   </div>
   <div class='ocr_carea' id='block_1_5' title="bbox 913 241 1702 280">
    <p class='ocr_par' dir='ltr' id='par_1_5' title="bbox 913 244 1702 280">
     <span class='ocr_line' id='line_1_5' title="bbox 913 244 1702 280; baseline 0.004 -7"><span class='ocrx_word' id='word_1_18' title='bbox 913 245 1058 273; x_wconf 80' lang='lat' dir='ltr'><strong>secundum</strong></span> <span class='ocrx_word' id='word_1_19' title='bbox 1086 248 1212 272; x_wconf 87' lang='lat' dir='ltr'><strong>naturam</strong></span> <span class='ocrx_word' id='word_1_20' title='bbox 1235 247 1362 272; x_wconf 72' lang='lat' dir='ltr'><strong>sanctum</strong></span> <span class='ocrx_word' id='word_1_21' title='bbox 1388 251 1450 273; x_wconf 87' lang='lat' dir='ltr'><strong>esse</strong></span> <span class='ocrx_word' id='word_1_22' title='bbox 1472 244 1582 280; x_wconf 78' lang='lat' dir='ltr'><strong>Filium,</strong></span> <span class='ocrx_word' id='word_1_23' title='bbox 1599 251 1626 274; x_wconf 84' lang='lat' dir='ltr'><strong>ct</strong></span> <span class='ocrx_word' id='word_1_24' title='bbox 1647 256 1702 276; x_wconf 87' lang='lat' dir='ltr'><strong>non</strong></span> 
     </span>
    </p>
   </div>
   <div class='ocr_carea' id='block_1_6' title="bbox 73 288 365 325">
    <p class='ocr_par' dir='ltr' id='par_1_6' title="bbox 73 288 365 325">
     <span class='ocr_line' id='line_1_6' title="bbox 73 288 365 325; baseline 0.01 -11"><span class='ocrx_word' id='word_1_25' title='bbox 73 288 185 323; x_wconf 71' lang='grc' dir='ltr'>μέθεξιν</span> <span class='ocrx_word' id='word_1_26' title='bbox 202 289 234 316; x_wconf 81' lang='grc' dir='ltr'>ὲκ</span> <span class='ocrx_word' id='word_1_27' title='bbox 249 289 365 325; x_wconf 83' lang='grc' dir='ltr'><strong>Πατρός.</strong></span> 
     </span>
    </p>
   </div>
   <div class='ocr_carea' id='block_1_7' title="bbox 109 333 861 372">
    <p class='ocr_par' dir='ltr' id='par_1_7' title="bbox 109 333 861 372">
     <span class='ocr_line' id='line_1_7' title="bbox 109 333 861 372; baseline 0.004 -11"><span class='ocrx_word' id='word_1_28' title='bbox 109 335 144 361; x_wconf 84' lang='grc' dir='ltr'><strong>Δ.</strong></span> <span class='ocrx_word' id='word_1_29' title='bbox 162 335 217 361; x_wconf 75' lang='grc' dir='ltr'><strong>Καὶ</strong></span> <span class='ocrx_word' id='word_1_30' title='bbox 235 336 298 370; x_wconf 83' lang='grc' dir='ltr'>μὴν,</span> <span class='ocrx_word' id='word_1_31' title='bbox 314 335 352 368; x_wconf 85' lang='grc' dir='ltr'>ὠς</span> <span class='ocrx_word' id='word_1_32' title='bbox 373 333 490 371; x_wconf 73' lang='grc' dir='ltr'>ἐγῷμαι,</span> <span class='ocrx_word' id='word_1_33' title='bbox 516 337 570 368; x_wconf 75' lang='grc' dir='ltr'><strong>πᾶς</strong></span> <span class='ocrx_word' id='word_1_34' title='bbox 585 345 627 369; x_wconf 84' lang='grc' dir='ltr'><strong>τις</strong></span> <span class='ocrx_word' id='word_1_35' title='bbox 638 333 685 364; x_wconf 78' lang='grc' dir='ltr'><strong>οῦν</strong></span> <span class='ocrx_word' id='word_1_36' title='bbox 698 338 724 365; x_wconf 80' lang='grc' dir='ltr'><strong>εί</strong></span> <span class='ocrx_word' id='word_1_37' title='bbox 745 346 777 372; x_wconf 89' lang='grc' dir='ltr'><strong>γε</strong></span> <span class='ocrx_word' id='word_1_38' title='bbox 798 336 861 366; x_wconf 87' lang='grc' dir='ltr'>νοῦν</span> 
     </span>
    </p>
   </div>
   <div class='ocr_carea' id='block_1_8' title="bbox 70 379 861 416">
    <p class='ocr_par' dir='ltr' id='par_1_8' title="bbox 70 379 861 416">
     <span class='ocr_line' id='line_1_8' title="bbox 70 379 861 416; baseline 0.001 -11"><span class='ocrx_word' id='word_1_39' title='bbox 70 379 140 414; x_wconf 73' lang='grc' dir='ltr'>ἔχοι,</span> <span class='ocrx_word' id='word_1_40' title='bbox 157 380 343 415; x_wconf 87' lang='grc' dir='ltr'>κατατεθήποι</span> <span class='ocrx_word' id='word_1_41' title='bbox 358 380 402 413; x_wconf 80' lang='grc' dir='ltr'>ἂν,</span> <span class='ocrx_word' id='word_1_42' title='bbox 420 381 499 416; x_wconf 83' lang='grc' dir='ltr'>εἰπερ</span> <span class='ocrx_word' id='word_1_43' title='bbox 515 381 580 408; x_wconf 85' lang='grc' dir='ltr'>ῐδιον</span> <span class='ocrx_word' id='word_1_44' title='bbox 594 379 665 408; x_wconf 87' lang='grc' dir='ltr'>εἰναι</span> <span class='ocrx_word' id='word_1_45' title='bbox 680 380 861 416; x_wconf 81' lang='grc' dir='ltr'>διοριζόμενοι</span> 
     </span>
    </p>
   </div>
   <div class='ocr_carea' id='block_1_9' title="bbox 69 425 860 461">
    <p class='ocr_par' dir='ltr' id='par_1_9' title="bbox 69 425 860 461">
     <span class='ocr_line' id='line_1_9' title="bbox 69 425 860 461; baseline 0.001 -9"><span class='ocrx_word' id='word_1_46' title='bbox 69 425 103 452; x_wconf 83' lang='grc' dir='ltr'>τὸ</span> <span class='ocrx_word' id='word_1_47' title='bbox 117 425 231 461; x_wconf 83' lang='grc' dir='ltr'><strong>Πνεῦμα</strong></span> <span class='ocrx_word' id='word_1_48' title='bbox 255 426 303 452; x_wconf 86' lang='grc' dir='ltr'><strong>τοῦ</strong></span> <span class='ocrx_word' id='word_1_49' title='bbox 320 426 396 459; x_wconf 76' lang='grc' dir='ltr'>Υἱοῦ,</span> <span class='ocrx_word' id='word_1_50' title='bbox 416 425 650 461; x_wconf 71' lang='grc' dir='ltr'><strong>καταψηφιοῦνται</strong></span> <span class='ocrx_word' id='word_1_51' title='bbox 669 426 751 454; x_wconf 77' lang='grc' dir='ltr'>πάλιν</span> <span class='ocrx_word' id='word_1_52' title='bbox 777 426 860 454; x_wconf 86' lang='grc' dir='ltr'>αὑτοῦ</span> 
     </span>
    </p>
   </div>
   <div class='ocr_carea' id='block_1_10' title="bbox 70 471 861 509">
    <p class='ocr_par' dir='ltr' id='par_1_10' title="bbox 70 471 861 509">
     <span class='ocr_line' id='line_1_10' title="bbox 70 471 861 509; baseline 0.004 -12"><span class='ocrx_word' id='word_1_53' title='bbox 70 471 122 506; x_wconf 84' lang='grc' dir='ltr'>τὴν</span> <span class='ocrx_word' id='word_1_54' title='bbox 137 471 256 507; x_wconf 80' lang='grc' dir='ltr'><strong>μέθεξιν,</strong></span> <span class='ocrx_word' id='word_1_55' title='bbox 268 472 315 498; x_wconf 75' lang='grc' dir='ltr'><strong>καὶ</strong></span> <span class='ocrx_word' id='word_1_56' title='bbox 328 472 373 499; x_wconf 81' lang='grc' dir='ltr'>τὸν</span> <span class='ocrx_word' id='word_1_57' title='bbox 393 473 425 499; x_wconf 80' lang='grc' dir='ltr'>ὲκ</span> <span class='ocrx_word' id='word_1_58' title='bbox 440 472 508 499; x_wconf 85' lang='grc' dir='ltr'>Θεοῦ</span> <span class='ocrx_word' id='word_1_59' title='bbox 524 473 631 509; x_wconf 87' lang='grc' dir='ltr'>Πατρδς</span> <span class='ocrx_word' id='word_1_60' title='bbox 646 473 689 500; x_wconf 78' lang='grc' dir='ltr'>διὰ</span> <span class='ocrx_word' id='word_1_61' title='bbox 702 472 861 508; x_wconf 83' lang='grc' dir='ltr'>Πνεύματος</span> 
     </span>
    </p>
   </div>
   <div class='ocr_carea' id='block_1_11' title="bbox 73 518 860 554">
    <p class='ocr_par' dir='ltr' id='par_1_11' title="bbox 73 518 860 554">
     <span class='ocr_line' id='line_1_11' title="bbox 73 518 860 554; baseline 0.003 -10"><span class='ocrx_word' id='word_1_62' title='bbox 73 518 224 553; x_wconf 75' lang='grc' dir='ltr'>ἀγιαομὸν,</span> <span class='ocrx_word' id='word_1_63' title='bbox 239 518 425 554; x_wconf 84' lang='grc' dir='ltr'>είσκεκρίσθαι</span> <span class='ocrx_word' id='word_1_64' title='bbox 453 519 483 545; x_wconf 77' lang='grc' dir='ltr'>τέ</span> <span class='ocrx_word' id='word_1_65' title='bbox 502 527 577 554; x_wconf 79' lang='grc' dir='ltr'>φασι,</span> <span class='ocrx_word' id='word_1_66' title='bbox 598 519 644 546; x_wconf 79' lang='grc' dir='ltr'>καὶ</span> <span class='ocrx_word' id='word_1_67' title='bbox 659 519 734 546; x_wconf 86' lang='grc' dir='ltr'>δοτδν</span> <span class='ocrx_word' id='word_1_68' title='bbox 755 519 794 551; x_wconf 83' lang='grc' dir='ltr'>ὡς</span> <span class='ocrx_word' id='word_1_69' title='bbox 810 519 860 546; x_wconf 87' lang='grc' dir='ltr'>οὐκ</span> 
     </span>
    </p>
   </div>
   <div class='ocr_carea' id='block_1_12' title="bbox 70 564 859 601">
    <p class='ocr_par' dir='ltr' id='par_1_12' title="bbox 70 564 859 601">
     <span class='ocr_line' id='line_1_12' title="bbox 70 564 859 601; baseline 0.004 -11"><span class='ocrx_word' id='word_1_70' title='bbox 70 564 162 599; x_wconf 77' lang='grc' dir='ltr'>ἔχοντι</span> <span class='ocrx_word' id='word_1_71' title='bbox 172 564 298 598; x_wconf 80' lang='grc' dir='ltr'>γενέσθαι</span> <span class='ocrx_word' id='word_1_72' title='bbox 310 564 384 592; x_wconf 82' lang='grc' dir='ltr'>ποτὲ.</span> <span class='ocrx_word' id='word_1_73' title='bbox 406 565 503 592; x_wconf 84' lang='grc' dir='ltr'>Καίτοι</span> <span class='ocrx_word' id='word_1_74' title='bbox 518 565 544 592; x_wconf 84' lang='grc' dir='ltr'><strong>τί</strong></span> <span class='ocrx_word' id='word_1_75' title='bbox 563 565 661 601; x_wconf 82' lang='grc' dir='ltr'>δήποτε</span> <span class='ocrx_word' id='word_1_76' title='bbox 673 566 722 601; x_wconf 86' lang='grc' dir='ltr'>τῆς</span> <span class='ocrx_word' id='word_1_77' title='bbox 733 565 859 594; x_wconf 77' lang='grc' dir='ltr'>ἐντεῦθεν</span> 
     </span>
    </p>
   </div>
   <div class='ocr_carea' id='block_1_13' title="bbox 69 610 860 646">
    <p class='ocr_par' dir='ltr' id='par_1_13' title="bbox 69 610 860 646">
     <span class='ocr_line' id='line_1_13' title="bbox 69 610 860 646; baseline 0.003 -9"><span class='ocrx_word' id='word_1_78' title='bbox 69 611 189 642; x_wconf 81' lang='grc' dir='ltr'><strong>ἀτοπίας</strong></span> <span class='ocrx_word' id='word_1_79' title='bbox 207 610 242 637; x_wconf 87' lang='grc' dir='ltr'>τὰ</span> <span class='ocrx_word' id='word_1_80' title='bbox 267 610 352 646; x_wconf 75' lang='grc' dir='ltr'>βλάϐη</span> <span class='ocrx_word' id='word_1_81' title='bbox 375 610 527 646; x_wconf 82' lang='grc' dir='ltr'>βασανίζειν</span> <span class='ocrx_word' id='word_1_82' title='bbox 551 611 602 638; x_wconf 82' lang='grc' dir='ltr'>οὐκ</span> <span class='ocrx_word' id='word_1_83' title='bbox 627 611 796 646; x_wconf 77' lang='grc' dir='ltr'><strong>ἀνεχόμενοι,</strong></span> <span class='ocrx_word' id='word_1_84' title='bbox 813 612 860 639; x_wconf 76' lang='grc' dir='ltr'><strong>ἐπὶ</strong></span> 
     </span>
    </p>
   </div>
   <div class='ocr_carea' id='block_1_14' title="bbox 71 656 859 693">
    <p class='ocr_par' dir='ltr' id='par_1_14' title="bbox 71 656 859 693">
     <span class='ocr_line' id='line_1_14' title="bbox 71 656 859 693; baseline 0.003 -11"><span class='ocrx_word' id='word_1_85' title='bbox 71 656 155 691; x_wconf 84' lang='grc' dir='ltr'>μόνον</span> <span class='ocrx_word' id='word_1_86' title='bbox 179 656 262 684; x_wconf 77' lang='grc' dir='ltr'>ἵενται</span> <span class='ocrx_word' id='word_1_87' title='bbox 285 657 332 683; x_wconf 80' lang='grc' dir='ltr'>καὶ</span> <span class='ocrx_word' id='word_1_88' title='bbox 357 657 436 683; x_wconf 84' lang='grc' dir='ltr'>τοῦτο</span> <span class='ocrx_word' id='word_1_89' title='bbox 457 657 693 689; x_wconf 79' lang='grc' dir='ltr'>ἀκατασκὲπτως.</span> <span class='ocrx_word' id='word_1_90' title='bbox 713 657 744 684; x_wconf 85' lang='grc' dir='ltr'><strong>τό</strong></span> <span class='ocrx_word' id='word_1_91' title='bbox 768 666 859 693; x_wconf 85' lang='grc' dir='ltr'>σφισιν</span> 
     </span>
    </p>
   </div>
   <div class='ocr_carea' id='block_1_15' title="bbox 69 702 858 739">
    <p class='ocr_par' dir='ltr' id='par_1_15' title="bbox 69 702 858 739">
     <span class='ocr_line' id='line_1_15' title="bbox 69 702 858 739; baseline 0.003 -11"><span class='ocrx_word' id='word_1_92' title='bbox 69 702 165 733; x_wconf 83' lang='grc' dir='ltr'>αὐτοῖς</span> <span class='ocrx_word' id='word_1_93' title='bbox 177 702 226 738; x_wconf 75' lang='grc' dir='ltr'><strong>ἡδύ</strong></span> <span class='ocrx_word' id='word_1_94' title='bbox 239 711 245 735; x_wconf 89' lang='grc'>;</span> <span class='ocrx_word' id='word_1_95' title='bbox 262 702 400 738; x_wconf 82' lang='grc' dir='ltr'>Μετάσχοι</span> <span class='ocrx_word' id='word_1_96' title='bbox 410 703 464 738; x_wconf 83' lang='grc' dir='ltr'><strong>γὰρ</strong></span> <span class='ocrx_word' id='word_1_97' title='bbox 477 702 509 730; x_wconf 83' lang='grc' dir='ltr'>ἂν</span> <span class='ocrx_word' id='word_1_98' title='bbox 522 704 536 729; x_wconf 98' lang='lat'><strong>6</strong></span> <span class='ocrx_word' id='word_1_99' title='bbox 549 703 612 735; x_wconf 66' lang='grc' dir='ltr'>Υἱὸς</span> <span class='ocrx_word' id='word_1_100' title='bbox 625 703 671 730; x_wconf 85' lang='grc' dir='ltr'><strong>τοῦ</strong></span> <span class='ocrx_word' id='word_1_101' title='bbox 689 703 858 739; x_wconf 85' lang='grc' dir='ltr'>Πνεύματος,</span> 
     </span>
    </p>
   </div>
   <div class='ocr_carea' id='block_1_16' title="bbox 70 744 859 784">
    <p class='ocr_par' dir='ltr' id='par_1_16' title="bbox 70 744 859 784">
     <span class='ocr_line' id='line_1_16' title="bbox 70 744 859 784; baseline 0.004 -10"><span class='ocrx_word' id='word_1_102' title='bbox 70 748 142 775; x_wconf 79' lang='grc' dir='ltr'>κατὰ</span> <span class='ocrx_word' id='word_1_103' title='bbox 154 748 214 775; x_wconf 89' lang='grc' dir='ltr'>τίνα</span> <span class='ocrx_word' id='word_1_104' title='bbox 226 748 258 784; x_wconf 86' lang='grc' dir='ltr'><strong>δὴ</strong></span> <span class='ocrx_word' id='word_1_105' title='bbox 272 748 382 784; x_wconf 83' lang='grc' dir='ltr'>τρόπον,</span> <span class='ocrx_word' id='word_1_106' title='bbox 393 749 430 780; x_wconf 84' lang='grc' dir='ltr'>ὡς</span> <span class='ocrx_word' id='word_1_107' title='bbox 438 748 555 784; x_wconf 80' lang='grc' dir='ltr'><strong>θύραθεν</strong></span> <span class='ocrx_word' id='word_1_108' title='bbox 565 744 766 783; x_wconf 73' lang='grc' dir='ltr'>ἑπεισθέοντος;</span> <span class='ocrx_word' id='word_1_109' title='bbox 785 749 859 777; x_wconf 78' lang='grc' dir='ltr'><strong>Μέτ-</strong></span> 
     </span>
    </p>
   </div>
   <div class='ocr_carea' id='block_1_17' title="bbox 69 794 859 831">
    <p class='ocr_par' dir='ltr' id='par_1_17' title="bbox 69 794 859 831">
     <span class='ocr_line' id='line_1_17' title="bbox 69 794 859 831; baseline 0.004 -11"><span class='ocrx_word' id='word_1_110' title='bbox 69 802 134 829; x_wconf 88' lang='grc' dir='ltr'>οχον</span> <span class='ocrx_word' id='word_1_111' title='bbox 156 794 210 830; x_wconf 86' lang='grc' dir='ltr'><strong>γὰρ</strong></span> <span class='ocrx_word' id='word_1_112' title='bbox 232 794 329 821; x_wconf 79' lang='grc' dir='ltr'>ἑαυτοῦ</span> <span class='ocrx_word' id='word_1_113' title='bbox 354 794 495 826; x_wconf 85' lang='grc' dir='ltr'>παντελῶς</span> <span class='ocrx_word' id='word_1_114' title='bbox 512 795 600 822; x_wconf 81' lang='grc' dir='ltr'><strong>οὐδέν.</strong></span> <span class='ocrx_word' id='word_1_115' title='bbox 623 795 694 822; x_wconf 72' lang='grc' dir='ltr'><strong>’Δὶ-λ’</strong></span> <span class='ocrx_word' id='word_1_116' title='bbox 713 796 763 822; x_wconf 81' lang='grc' dir='ltr'>οὐκ</span> <span class='ocrx_word' id='word_1_117' title='bbox 781 795 810 823; x_wconf 76' lang='grc' dir='ltr'>ἐν</span> <span class='ocrx_word' id='word_1_118' title='bbox 827 805 859 831; x_wconf 88' lang='grc' dir='ltr'><strong>γε</strong></span> 
     </span>
    </p>
   </div>
   <div class='ocr_carea' id='block_1_18' title="bbox 68 839 858 878">
    <p class='ocr_par' dir='ltr' id='par_1_18' title="bbox 68 839 858 878">
     <span class='ocr_line' id='line_1_18' title="bbox 68 839 858 878; baseline 0.004 -11"><span class='ocrx_word' id='word_1_119' title='bbox 68 840 109 875; x_wconf 82' lang='grc' dir='ltr'>τῷ</span> <span class='ocrx_word' id='word_1_120' title='bbox 131 841 206 876; x_wconf 83' lang='grc' dir='ltr'>σοφῷ</span> <span class='ocrx_word' id='word_1_121' title='bbox 221 839 268 867; x_wconf 77' lang='grc' dir='ltr'>καὶ</span> <span class='ocrx_word' id='word_1_122' title='bbox 291 841 400 876; x_wconf 75' lang='grc' dir='ltr'>ἀκριϐεῖ</span> <span class='ocrx_word' id='word_1_123' title='bbox 414 841 545 876; x_wconf 82' lang='grc' dir='ltr'><strong>λογισμῷ,</strong></span> <span class='ocrx_word' id='word_1_124' title='bbox 566 841 600 868; x_wconf 83' lang='grc' dir='ltr'><strong>τὰ</strong></span> <span class='ocrx_word' id='word_1_125' title='bbox 616 841 695 875; x_wconf 85' lang='grc' dir='ltr'>φύσει</span> <span class='ocrx_word' id='word_1_126' title='bbox 723 842 858 878; x_wconf 79' lang='grc' dir='ltr'>προσόντα</span> 
     </span>
    </p>
   </div>
   <div class='ocr_carea' id='block_1_19' title="bbox 55 886 858 925">
    <p class='ocr_par' dir='ltr' id='par_1_19' title="bbox 55 886 858 925">
     <span class='ocr_line' id='line_1_19' title="bbox 55 886 858 925; baseline 0.005 -13"><span class='ocrx_word' id='word_1_127' title='bbox 55 886 136 918; x_wconf 73' lang='grc' dir='ltr'>·τισὶ,</span> <span class='ocrx_word' id='word_1_128' title='bbox 156 887 207 921; x_wconf 79' lang='grc' dir='ltr'>τὴν</span> <span class='ocrx_word' id='word_1_129' title='bbox 222 886 275 913; x_wconf 87' lang='grc' dir='ltr'>τῶν</span> <span class='ocrx_word' id='word_1_130' title='bbox 291 887 454 922; x_wconf 86' lang='grc' dir='ltr'>είσποιήτων</span> <span class='ocrx_word' id='word_1_131' title='bbox 471 887 646 923; x_wconf 78' lang='grc' dir='ltr'>ὑποκρίναιτο</span> <span class='ocrx_word' id='word_1_132' title='bbox 667 888 758 922; x_wconf 77' lang='grc' dir='ltr'>δόξαν,</span> <span class='ocrx_word' id='word_1_133' title='bbox 774 890 858 925; x_wconf 79' lang='grc' dir='ltr'>ἤγουν</span> 
     </span>
    </p>
   </div>
   <div class='ocr_carea' id='block_1_20' title="bbox 70 931 860 967">
    <p class='ocr_par' dir='ltr' id='par_1_20' title="bbox 70 931 860 967">
     <span class='ocr_line' id='line_1_20' title="bbox 70 931 860 967; baseline 0.005 -10"><span class='ocrx_word' id='word_1_134' title='bbox 70 932 100 957; x_wconf 74' lang='grc' dir='ltr'>ἐν</span> <span class='ocrx_word' id='word_1_135' title='bbox 114 932 171 964; x_wconf 71' lang='grc' dir='ltr'>τοῖς</span> <span class='ocrx_word' id='word_1_136' title='bbox 189 931 244 958; x_wconf 85' lang='grc' dir='ltr'>τῶν</span> <span class='ocrx_word' id='word_1_137' title='bbox 260 932 369 959; x_wconf 79' lang='grc' dir='ltr'>ὀθνείων</span> <span class='ocrx_word' id='word_1_138' title='bbox 391 933 533 966; x_wconf 79' lang='grc' dir='ltr'>τετάξεται</span> <span class='ocrx_word' id='word_1_139' title='bbox 548 933 646 967; x_wconf 89' lang='grc' dir='ltr'>λόγοις,</span> <span class='ocrx_word' id='word_1_140' title='bbox 670 934 732 965; x_wconf 87' lang='grc' dir='ltr'><strong>Πῶς</strong></span> <span class='ocrx_word' id='word_1_141' title='bbox 751 932 797 961; x_wconf 83' lang='grc' dir='ltr'>οὖν</span> <span class='ocrx_word' id='word_1_142' title='bbox 817 933 860 961; x_wconf 83' lang='grc' dir='ltr'><strong>διὰ</strong></span> 
     </span>
    </p>
   </div>
   <div class='ocr_carea' id='block_1_21' title="bbox 70 977 859 1015">
    <p class='ocr_par' dir='ltr' id='par_1_21' title="bbox 70 977 859 1015">
     <span class='ocr_line' id='line_1_21' title="bbox 70 977 859 1015; baseline 0.003 -11"><span class='ocrx_word' id='word_1_143' title='bbox 70 977 230 1013; x_wconf 82' lang='grc' dir='ltr'>Πνεὺματος</span> <span class='ocrx_word' id='word_1_144' title='bbox 255 978 385 1013; x_wconf 80' lang='grc' dir='ltr'>ήγιάσθαι</span> <span class='ocrx_word' id='word_1_145' title='bbox 404 980 488 1013; x_wconf 74' lang='grc' dir='ltr'>φασὶ,</span> <span class='ocrx_word' id='word_1_146' title='bbox 513 979 601 1005; x_wconf 88' lang='grc' dir='ltr'>καίτοι</span> <span class='ocrx_word' id='word_1_147' title='bbox 630 979 742 1013; x_wconf 85' lang='grc' dir='ltr'>λέγοντα</span> <span class='ocrx_word' id='word_1_148' title='bbox 768 980 859 1015; x_wconf 81' lang='grc' dir='ltr'>σαφῶς</span> 
     </span>
    </p>
   </div>
   <div class='ocr_carea' id='block_1_22' title="bbox 69 1023 860 1061">
    <p class='ocr_par' dir='ltr' id='par_1_22' title="bbox 69 1023 860 1061">
     <span class='ocr_line' id='line_1_22' title="bbox 69 1023 860 1061; baseline 0.003 -11"><span class='ocrx_word' id='word_1_149' title='bbox 69 1023 193 1059; x_wconf 76' lang='grc' dir='ltr'>περὶτοῦ</span> <span class='ocrx_word' id='word_1_150' title='bbox 205 1024 376 1059; x_wconf 84' lang='grc' dir='ltr'>Πνεύματος·</span> <span class='ocrx_word' id='word_1_151' title='bbox 394 1034 403 1050; x_wconf 80' lang='grc' dir='ltr'><strong>ι</strong></span> <span class='ocrx_word' id='word_1_152' title='bbox 417 1025 479 1051; x_wconf 76' lang='grc' dir='ltr'>’Ὁτι</span> <span class='ocrx_word' id='word_1_153' title='bbox 491 1025 523 1051; x_wconf 81' lang='grc' dir='ltr'>ὲκ</span> <span class='ocrx_word' id='word_1_154' title='bbox 539 1025 585 1051; x_wconf 80' lang='grc' dir='ltr'><strong>τοῦ</strong></span> <span class='ocrx_word' id='word_1_155' title='bbox 600 1024 667 1060; x_wconf 78' lang='grc' dir='ltr'>ἐμοῦ</span> <span class='ocrx_word' id='word_1_156' title='bbox 687 1025 802 1061; x_wconf 78' lang='grc' dir='ltr'>λήψεται</span> <span class='ocrx_word' id='word_1_157' title='bbox 813 1026 860 1052; x_wconf 79' lang='grc' dir='ltr'>καὶ</span> 
     </span>
    </p>
   </div>
   <div class='ocr_carea' id='block_1_23' title="bbox 68 1069 860 1106">
    <p class='ocr_par' dir='ltr' id='par_1_23' title="bbox 68 1069 860 1106">
     <span class='ocr_line' id='line_1_23' title="bbox 68 1069 860 1106; baseline 0.004 -11"><span class='ocrx_word' id='word_1_158' title='bbox 68 1069 216 1103; x_wconf 82' lang='grc' dir='ltr'>ἀναγγελεῖ</span> <span class='ocrx_word' id='word_1_159' title='bbox 239 1070 319 1105; x_wconf 83' lang='grc' dir='ltr'>ὑμίν;</span> <span class='ocrx_word' id='word_1_160' title='bbox 338 1079 347 1096; x_wconf 85' lang='grc'><strong>›</strong></span> <span class='ocrx_word' id='word_1_161' title='bbox 371 1070 426 1097; x_wconf 76' lang='grc' dir='ltr'><strong>Καὶ</strong></span> <span class='ocrx_word' id='word_1_162' title='bbox 446 1069 525 1097; x_wconf 88' lang='grc' dir='ltr'>τοῦτό</span> <span class='ocrx_word' id='word_1_163' title='bbox 548 1079 638 1105; x_wconf 77' lang='grc' dir='ltr'>φαμεν</span> <span class='ocrx_word' id='word_1_164' title='bbox 664 1071 694 1097; x_wconf 87' lang='grc' dir='ltr'>οὺ</span> <span class='ocrx_word' id='word_1_165' title='bbox 720 1071 860 1106; x_wconf 83' lang='grc' dir='ltr'>μεθεκτῶς</span> 
     </span>
    </p>
   </div>
   <div class='ocr_carea' id='block_1_24' title="bbox 69 1113 857 1152">
    <p class='ocr_par' dir='ltr' id='par_1_24' title="bbox 69 1113 857 1152">
     <span class='ocr_line' id='line_1_24' title="bbox 69 1113 857 1152; baseline 0.003 -11"><span class='ocrx_word' id='word_1_166' title='bbox 69 1113 139 1142; x_wconf 82' lang='grc' dir='ltr'>εῐναί</span> <span class='ocrx_word' id='word_1_167' title='bbox 170 1124 198 1142; x_wconf 92' lang='grc' dir='ltr'><strong>τι</strong></span> <span class='ocrx_word' id='word_1_168' title='bbox 221 1117 395 1147; x_wconf 77' lang='grc' dir='ltr'>πιστεύοντες</span> <span class='ocrx_word' id='word_1_169' title='bbox 419 1116 473 1142; x_wconf 86' lang='grc' dir='ltr'>τῶν</span> <span class='ocrx_word' id='word_1_170' title='bbox 498 1116 527 1143; x_wconf 79' lang='grc' dir='ltr'>ὲν</span> <span class='ocrx_word' id='word_1_171' title='bbox 546 1116 584 1151; x_wconf 84' lang='grc' dir='ltr'>τῷ</span> <span class='ocrx_word' id='word_1_172' title='bbox 609 1116 679 1152; x_wconf 86' lang='grc' dir='ltr'>ἁγίῳ</span> <span class='ocrx_word' id='word_1_173' title='bbox 708 1117 857 1152; x_wconf 84' lang='grc' dir='ltr'>Πνεύματι,</span> 
     </span>
    </p>
   </div>
   <div class='ocr_carea' id='block_1_25' title="bbox 68 1161 859 1198">
    <p class='ocr_par' dir='ltr' id='par_1_25' title="bbox 68 1161 859 1198">
     <span class='ocr_line' id='line_1_25' title="bbox 68 1161 859 1198; baseline 0.005 -12"><span class='ocrx_word' id='word_1_174' title='bbox 68 1161 227 1188; x_wconf 77' lang='grc' dir='ltr'>παντέλειον</span> <span class='ocrx_word' id='word_1_175' title='bbox 242 1162 296 1196; x_wconf 85' lang='grc' dir='ltr'><strong>γὰρ</strong></span> <span class='ocrx_word' id='word_1_176' title='bbox 311 1162 357 1189; x_wconf 75' lang='grc' dir='ltr'>καὶ</span> <span class='ocrx_word' id='word_1_177' title='bbox 372 1161 495 1194; x_wconf 84' lang='grc' dir='ltr'>ἀνενδεὲς</span> <span class='ocrx_word' id='word_1_178' title='bbox 510 1162 569 1188; x_wconf 82' lang='grc' dir='ltr'>κατ’</span> <span class='ocrx_word' id='word_1_179' title='bbox 584 1162 650 1189; x_wconf 81' lang='grc' dir='ltr'>ἰδίαν</span> <span class='ocrx_word' id='word_1_180' title='bbox 666 1163 724 1189; x_wconf 75' lang='grc' dir='ltr'>ἐστὶ</span> <span class='ocrx_word' id='word_1_181' title='bbox 737 1163 817 1198; x_wconf 84' lang='grc' dir='ltr'>φύσιν</span> <span class='ocrx_word' id='word_1_182' title='bbox 830 1172 859 1190; x_wconf 85' lang='grc' dir='ltr'><strong>τε</strong></span> 
     </span>
    </p>
   </div>
   <div class='ocr_carea' id='block_1_26' title="bbox 68 1207 859 1243">
    <p class='ocr_par' dir='ltr' id='par_1_26' title="bbox 68 1207 859 1243">
     <span class='ocr_line' id='line_1_26' title="bbox 68 1207 859 1243; baseline 0.001 -10"><span class='ocrx_word' id='word_1_183' title='bbox 68 1208 116 1234; x_wconf 78' lang='grc' dir='ltr'>καὶ</span> <span class='ocrx_word' id='word_1_184' title='bbox 130 1207 248 1242; x_wconf 78' lang='grc' dir='ltr'>ὓπαρξιν</span> <span class='ocrx_word' id='word_1_185' title='bbox 259 1215 266 1223; x_wconf 90' lang='grc'><strong>·</strong></span> <span class='ocrx_word' id='word_1_186' title='bbox 283 1208 370 1234; x_wconf 69' lang='grc' dir='ltr'>ἐκεῖνο</span> <span class='ocrx_word' id='word_1_187' title='bbox 384 1207 411 1235; x_wconf 79' lang='grc' dir='ltr'>δὲ</span> <span class='ocrx_word' id='word_1_188' title='bbox 425 1208 524 1243; x_wconf 79' lang='grc' dir='ltr'>μᾶλλον</span> <span class='ocrx_word' id='word_1_189' title='bbox 541 1208 802 1243; x_wconf 83' lang='grc' dir='ltr'>κατασημαίνοντες,</span> <span class='ocrx_word' id='word_1_190' title='bbox 818 1209 859 1235; x_wconf 78' lang='grc' dir='ltr'><strong>ὅτι</strong></span> 
     </span>
    </p>
   </div>
   <div class='ocr_carea' id='block_1_27' title="bbox 67 1253 859 1290">
    <p class='ocr_par' dir='ltr' id='par_1_27' title="bbox 67 1253 859 1290">
     <span class='ocr_line' id='line_1_27' title="bbox 67 1253 859 1290; baseline 0.004 -11"><span class='ocrx_word' id='word_1_191' title='bbox 67 1253 117 1287; x_wconf 82' lang='grc' dir='ltr'>τῆς</span> <span class='ocrx_word' id='word_1_192' title='bbox 130 1253 179 1279; x_wconf 88' lang='grc' dir='ltr'><strong>τοῦ</strong></span> <span class='ocrx_word' id='word_1_193' title='bbox 197 1253 265 1280; x_wconf 84' lang='grc' dir='ltr'>Θεοῦ</span> <span class='ocrx_word' id='word_1_194' title='bbox 281 1254 328 1280; x_wconf 76' lang='grc' dir='ltr'>καὶ</span> <span class='ocrx_word' id='word_1_195' title='bbox 341 1254 447 1289; x_wconf 81' lang='grc' dir='ltr'>[ἰατρὸς</span> <span class='ocrx_word' id='word_1_196' title='bbox 461 1253 564 1286; x_wconf 84' lang='grc' dir='ltr'>οὐσίας,</span> <span class='ocrx_word' id='word_1_197' title='bbox 578 1254 624 1281; x_wconf 64' lang='grc' dir='ltr'>καὶ</span> <span class='ocrx_word' id='word_1_198' title='bbox 634 1253 682 1281; x_wconf 84' lang='grc' dir='ltr'><strong>τοῦ</strong></span> <span class='ocrx_word' id='word_1_199' title='bbox 695 1255 764 1282; x_wconf 77' lang='grc' dir='ltr'>κατὰ</span> <span class='ocrx_word' id='word_1_200' title='bbox 779 1255 859 1290; x_wconf 87' lang='grc' dir='ltr'>φύσιν</span> 
     </span>
    </p>
   </div>
   <div class='ocr_carea' id='block_1_28' title="bbox 67 1299 860 1338">
    <p class='ocr_par' dir='ltr' id='par_1_28' title="bbox 67 1299 860 1338">
     <span class='ocr_line' id='line_1_28' title="bbox 67 1299 860 1338; baseline 0.004 -13"><span class='ocrx_word' id='word_1_201' title='bbox 67 1299 98 1330; x_wconf 75' lang='grc' dir='ltr'>ἐξ</span> <span class='ocrx_word' id='word_1_202' title='bbox 113 1299 198 1326; x_wconf 84' lang='grc' dir='ltr'>αὑτοῦ</span> <span class='ocrx_word' id='word_1_203' title='bbox 213 1308 242 1326; x_wconf 84' lang='grc' dir='ltr'><strong>τε</strong></span> <span class='ocrx_word' id='word_1_204' title='bbox 268 1299 315 1326; x_wconf 79' lang='grc' dir='ltr'>καὶ</span> <span class='ocrx_word' id='word_1_205' title='bbox 330 1301 358 1326; x_wconf 82' lang='grc' dir='ltr'>ὲν</span> <span class='ocrx_word' id='word_1_206' title='bbox 377 1300 451 1336; x_wconf 82' lang='grc' dir='ltr'>αὐτῷ</span> <span class='ocrx_word' id='word_1_207' title='bbox 475 1300 626 1335; x_wconf 79' lang='grc' dir='ltr'>πεφηνότος</span> <span class='ocrx_word' id='word_1_208' title='bbox 642 1301 729 1335; x_wconf 85' lang='grc' dir='ltr'>Λόγου</span> <span class='ocrx_word' id='word_1_209' title='bbox 748 1302 860 1338; x_wconf 82' lang='grc' dir='ltr'>Πνεῦμα</span> 
     </span>
    </p>
   </div>
   <div class='ocr_carea' id='block_1_29' title="bbox 68 1345 859 1382">
    <p class='ocr_par' dir='ltr' id='par_1_29' title="bbox 68 1345 859 1382">
     <span class='ocr_line' id='line_1_29' title="bbox 68 1345 859 1382; baseline 0.005 -11"><span class='ocrx_word' id='word_1_210' title='bbox 68 1345 202 1380; x_wconf 76' lang='grc' dir='ltr'>ὑπάρχον,</span> <span class='ocrx_word' id='word_1_211' title='bbox 226 1346 281 1373; x_wconf 77' lang='grc' dir='ltr'>πᾶν</span> <span class='ocrx_word' id='word_1_212' title='bbox 306 1347 374 1382; x_wconf 76' lang='grc' dir='ltr'>ὅπερ</span> <span class='ocrx_word' id='word_1_213' title='bbox 395 1347 454 1373; x_wconf 76' lang='grc' dir='ltr'>ἐστὶ</span> <span class='ocrx_word' id='word_1_214' title='bbox 477 1346 527 1382; x_wconf 77' lang='grc' dir='ltr'>τῆς</span> <span class='ocrx_word' id='word_1_215' title='bbox 545 1346 671 1382; x_wconf 77' lang='grc' dir='ltr'>θεότητος</span> <span class='ocrx_word' id='word_1_216' title='bbox 691 1347 766 1380; x_wconf 75' lang='grc' dir='ltr'>ἴδιον,</span> <span class='ocrx_word' id='word_1_217' title='bbox 788 1348 859 1375; x_wconf 78' lang='grc' dir='ltr'>κατὰ</span> 
     </span>
    </p>
   </div>
   <div class='ocr_carea' id='block_1_30' title="bbox 68 1391 859 1431">
    <p class='ocr_par' dir='ltr' id='par_1_30' title="bbox 68 1391 859 1431">
     <span class='ocr_line' id='line_1_30' title="bbox 68 1391 859 1431; baseline 0.004 -14"><span class='ocrx_word' id='word_1_218' title='bbox 68 1392 149 1425; x_wconf 79' lang='grc' dir='ltr'>φύσιν</span> <span class='ocrx_word' id='word_1_219' title='bbox 167 1391 311 1426; x_wconf 73' lang='grc' dir='ltr'>ἐπάγεται,</span> <span class='ocrx_word' id='word_1_220' title='bbox 324 1393 416 1428; x_wconf 84' lang='grc' dir='ltr'>πηγὴν</span> <span class='ocrx_word' id='word_1_221' title='bbox 433 1393 481 1428; x_wconf 80' lang='grc' dir='ltr'><strong>μὲν</strong></span> <span class='ocrx_word' id='word_1_222' title='bbox 496 1392 591 1428; x_wconf 82' lang='grc' dir='ltr'>ὥσπερ</span> <span class='ocrx_word' id='word_1_223' title='bbox 606 1393 666 1428; x_wconf 74' lang='grc' dir='ltr'>ἔχον</span> <span class='ocrx_word' id='word_1_224' title='bbox 682 1394 778 1429; x_wconf 85' lang='grc' dir='ltr'>αὐτὴν,</span> <span class='ocrx_word' id='word_1_225' title='bbox 792 1403 859 1431; x_wconf 87' lang='grc' dir='ltr'>προ-</span> 
     </span>
    </p>
   </div>
   <div class='ocr_carea' id='block_1_31' title="bbox 66 1438 857 1475">
    <p class='ocr_par' dir='ltr' id='par_1_31' title="bbox 66 1438 857 1475">
     <span class='ocr_line' id='line_1_31' title="bbox 66 1438 857 1475; baseline 0.004 -12"><span class='ocrx_word' id='word_1_226' title='bbox 66 1438 197 1473; x_wconf 82' lang='grc' dir='ltr'>χεόμενον</span> <span class='ocrx_word' id='word_1_227' title='bbox 219 1438 247 1465; x_wconf 84' lang='grc' dir='ltr'><strong>δὲ</strong></span> <span class='ocrx_word' id='word_1_228' title='bbox 270 1438 364 1475; x_wconf 86' lang='grc' dir='ltr'>ὥσπερ</span> <span class='ocrx_word' id='word_1_229' title='bbox 382 1440 414 1466; x_wconf 83' lang='grc' dir='ltr'>ὲκ</span> <span class='ocrx_word' id='word_1_230' title='bbox 440 1438 487 1465; x_wconf 84' lang='grc' dir='ltr'><strong>τοῦ</strong></span> <span class='ocrx_word' id='word_1_231' title='bbox 511 1439 628 1475; x_wconf 83' lang='grc' dir='ltr'>Πατρὺς,</span> <span class='ocrx_word' id='word_1_232' title='bbox 646 1439 689 1466; x_wconf 83' lang='grc' dir='ltr'><strong>διὰ</strong></span> <span class='ocrx_word' id='word_1_233' title='bbox 711 1440 758 1466; x_wconf 84' lang='grc' dir='ltr'><strong>τοῦ</strong></span> <span class='ocrx_word' id='word_1_234' title='bbox 782 1440 857 1473; x_wconf 77' lang='grc' dir='ltr'>Υἰοῦ,</span> 
     </span>
    </p>
   </div>
   <div class='ocr_carea' id='block_1_32' title="bbox 68 1483 859 1519">
    <p class='ocr_par' dir='ltr' id='par_1_32' title="bbox 68 1483 859 1519">
     <span class='ocr_line' id='line_1_32' title="bbox 68 1483 859 1519; baseline 0.005 -10"><span class='ocrx_word' id='word_1_235' title='bbox 68 1483 115 1509; x_wconf 77' lang='grc' dir='ltr'>καὶ</span> <span class='ocrx_word' id='word_1_236' title='bbox 135 1483 250 1517; x_wconf 76' lang='grc' dir='ltr'>ἁγιάζον</span> <span class='ocrx_word' id='word_1_237' title='bbox 264 1484 314 1519; x_wconf 84' lang='grc' dir='ltr'>τὴν</span> <span class='ocrx_word' id='word_1_238' title='bbox 334 1484 435 1511; x_wconf 81' lang='grc' dir='ltr'>κτίσιν.</span> <span class='ocrx_word' id='word_1_239' title='bbox 461 1484 492 1510; x_wconf 88' lang='grc' dir='ltr'><strong>Εἰ</strong></span> <span class='ocrx_word' id='word_1_240' title='bbox 506 1483 533 1510; x_wconf 81' lang='grc' dir='ltr'><strong>δὲ</strong></span> <span class='ocrx_word' id='word_1_241' title='bbox 552 1484 583 1519; x_wconf 85' lang='grc' dir='ltr'><strong>δὴ</strong></span> <span class='ocrx_word' id='word_1_242' title='bbox 600 1485 647 1511; x_wconf 81' lang='grc' dir='ltr'>καὶ</span> <span class='ocrx_word' id='word_1_243' title='bbox 660 1485 740 1512; x_wconf 83' lang='grc' dir='ltr'>αὑτὸν</span> <span class='ocrx_word' id='word_1_244' title='bbox 758 1485 859 1513; x_wconf 80' lang='grc' dir='ltr'>οἴονται</span> 
     </span>
    </p>
   </div>
   <div class='ocr_carea' id='block_1_33' title="bbox 68 1529 860 1567">
    <p class='ocr_par' dir='ltr' id='par_1_33' title="bbox 68 1529 860 1567">
     <span class='ocr_line' id='line_1_33' title="bbox 68 1529 860 1567; baseline 0.004 -12"><span class='ocrx_word' id='word_1_245' title='bbox 68 1530 128 1564; x_wconf 77' lang='grc' dir='ltr'>μεθ’</span> <span class='ocrx_word' id='word_1_246' title='bbox 142 1530 224 1565; x_wconf 83' lang='grc' dir='ltr'>ἡμῶν</span> <span class='ocrx_word' id='word_1_247' title='bbox 236 1530 367 1566; x_wconf 81' lang='grc' dir='ltr'>ἡγιάσθαι</span> <span class='ocrx_word' id='word_1_248' title='bbox 382 1530 428 1558; x_wconf 77' lang='grc' dir='ltr'><strong>τὸν</strong></span> <span class='ocrx_word' id='word_1_249' title='bbox 442 1529 538 1564; x_wconf 84' lang='grc' dir='ltr'>Λόγον,</span> <span class='ocrx_word' id='word_1_250' title='bbox 559 1530 592 1557; x_wconf 81' lang='grc' dir='ltr'>τὰ</span> <span class='ocrx_word' id='word_1_251' title='bbox 611 1532 643 1557; x_wconf 77' lang='grc' dir='ltr'>ἐκ</span> <span class='ocrx_word' id='word_1_252' title='bbox 655 1531 801 1567; x_wconf 87' lang='grc' dir='ltr'>φληνάφων</span> <span class='ocrx_word' id='word_1_253' title='bbox 819 1533 860 1564; x_wconf 79' lang='grc' dir='ltr'><strong>εἰς</strong></span> 
     </span>
    </p>
   </div>
   <div class='ocr_carea' id='block_1_34' title="bbox 66 1575 896 1628">
    <p class='ocr_par' dir='ltr' id='par_1_34' title="bbox 66 1575 896 1628">
     <span class='ocr_line' id='line_1_34' title="bbox 66 1575 896 1628; baseline 0.004 -26"><span class='ocrx_word' id='word_1_254' title='bbox 66 1575 145 1602; x_wconf 83' lang='grc' dir='ltr'>τοῦτο</span> <span class='ocrx_word' id='word_1_255' title='bbox 162 1576 338 1610; x_wconf 78' lang='grc' dir='ltr'>συλλέγοντες</span> <span class='ocrx_word' id='word_1_256' title='bbox 352 1576 501 1612; x_wconf 80' lang='grc' dir='ltr'>λογισμῶν,</span> <span class='ocrx_word' id='word_1_257' title='bbox 515 1576 673 1612; x_wconf 77' lang='grc' dir='ltr'>φραζόντων</span> <span class='ocrx_word' id='word_1_258' title='bbox 689 1578 786 1607; x_wconf 78' lang='grc' dir='ltr'>ἐκεῖνο,</span> <span class='ocrx_word' id='word_1_259' title='bbox 873 1595 896 1628; x_wconf 79' lang='lat' dir='ltr'>c</span> 
     </span>
    </p>
   </div>
   <div class='ocr_carea' id='block_1_35' title="bbox 102 1621 297 1658">
    <p class='ocr_par' dir='ltr' id='par_1_35' title="bbox 102 1621 297 1658">
     <span class='ocr_line' id='line_1_35' title="bbox 102 1621 297 1658; baseline 0.01 -11"><span class='ocrx_word' id='word_1_260' title='bbox 102 1621 133 1647; x_wconf 73' lang='grc' dir='ltr'><strong>Β.</strong></span> <span class='ocrx_word' id='word_1_261' title='bbox 154 1621 230 1648; x_wconf 68' lang='grc' dir='ltr'>τιτι</span> <span class='ocrx_word' id='word_1_262' title='bbox 247 1622 297 1658; x_wconf 50' lang='lat' dir='ltr'><strong>an;</strong></span> 
     </span>
    </p>
   </div>
   <div class='ocr_carea' id='block_1_36' title="bbox 103 1667 858 1706">
    <p class='ocr_par' dir='ltr' id='par_1_36' title="bbox 103 1667 858 1706">
     <span class='ocr_line' id='line_1_36' title="bbox 103 1667 858 1706; baseline 0.007 -13"><span class='ocrx_word' id='word_1_263' title='bbox 103 1667 138 1694; x_wconf 81' lang='grc' dir='ltr'><strong>Δ.</strong></span> <span class='ocrx_word' id='word_1_264' title='bbox 154 1668 193 1703; x_wconf 87' lang='grc' dir='ltr'>Τῇ</span> <span class='ocrx_word' id='word_1_265' title='bbox 205 1667 259 1694; x_wconf 83' lang='grc' dir='ltr'><strong>τῶν</strong></span> <span class='ocrx_word' id='word_1_266' title='bbox 270 1668 392 1704; x_wconf 80' lang='grc' dir='ltr'>γενητῶν</span> <span class='ocrx_word' id='word_1_267' title='bbox 404 1668 485 1703; x_wconf 84' lang='grc' dir='ltr'>φύσει</span> <span class='ocrx_word' id='word_1_268' title='bbox 500 1668 531 1695; x_wconf 84' lang='grc' dir='ltr'>τὸ</span> <span class='ocrx_word' id='word_1_269' title='bbox 541 1669 655 1705; x_wconf 82' lang='grc' dir='ltr'>Πνεῦμα</span> <span class='ocrx_word' id='word_1_270' title='bbox 667 1671 858 1706; x_wconf 82' lang='grc' dir='ltr'>προσομιλοῦν,</span> 
     </span>
    </p>
   </div>
   <div class='ocr_carea' id='block_1_37' title="bbox 65 1712 857 1750">
    <p class='ocr_par' dir='ltr' id='par_1_37' title="bbox 65 1712 857 1750">
     <span class='ocr_line' id='line_1_37' title="bbox 65 1712 857 1750; baseline 0.008 -13"><span class='ocrx_word' id='word_1_271' title='bbox 65 1712 173 1747; x_wconf 75' lang='grc' dir='ltr'>ὀνίνησι</span> <span class='ocrx_word' id='word_1_272' title='bbox 208 1712 257 1747; x_wconf 78' lang='grc' dir='ltr'>μὲν</span> <span class='ocrx_word' id='word_1_273' title='bbox 287 1713 372 1748; x_wconf 78' lang='grc' dir='ltr'>αὐτὴν</span> <span class='ocrx_word' id='word_1_274' title='bbox 388 1713 628 1750; x_wconf 80' lang='grc' dir='ltr'>ὁμολογουμένως·</span> <span class='ocrx_word' id='word_1_275' title='bbox 651 1713 758 1749; x_wconf 76' lang='grc' dir='ltr'>γένοιτο</span> <span class='ocrx_word' id='word_1_276' title='bbox 777 1715 798 1742; x_wconf 82' lang='grc' dir='ltr'><strong>δ’</strong></span> <span class='ocrx_word' id='word_1_277' title='bbox 814 1715 857 1749; x_wconf 77' lang='grc' dir='ltr'>ἂν,</span> 
     </span>
    </p>
   </div>
   <div class='ocr_carea' id='block_1_38' title="bbox 65 1755 838 1796">
    <p class='ocr_par' dir='ltr' id='par_1_38' title="bbox 65 1755 838 1796">
     <span class='ocr_line' id='line_1_38' title="bbox 65 1755 838 1796; baseline 0.005 -12"><span class='ocrx_word' id='word_1_278' title='bbox 65 1755 186 1792; x_wconf 73' lang='grc' dir='ltr'><strong>ὦ¹γαθὲ,</strong></span> <span class='ocrx_word' id='word_1_279' title='bbox 200 1759 242 1790; x_wconf 84' lang='grc' dir='ltr'><strong>τίς</strong></span> <span class='ocrx_word' id='word_1_280' title='bbox 257 1760 270 1785; x_wconf 86' lang='grc' dir='ltr'><strong>ὁ</strong></span> <span class='ocrx_word' id='word_1_281' title='bbox 280 1759 489 1795; x_wconf 26' lang='grc' dir='ltr'>τοῦδεγτρόποκ</span> <span class='ocrx_word' id='word_1_282' title='bbox 506 1760 586 1795; x_wconf 83' lang='grc' dir='ltr'>ἁγίαν</span> <span class='ocrx_word' id='word_1_283' title='bbox 602 1761 687 1796; x_wconf 84' lang='grc' dir='ltr'>αὐτὴν</span> <span class='ocrx_word' id='word_1_284' title='bbox 702 1761 838 1789; x_wconf 82' lang='grc' dir='ltr'>ἀποτελεῖ.</span> 
     </span>
    </p>
   </div>
   <div class='ocr_carea' id='block_1_39' title="bbox 104 1805 859 1844">
    <p class='ocr_par' dir='ltr' id='par_1_39' title="bbox 104 1805 859 1844">
     <span class='ocr_line' id='line_1_39' title="bbox 104 1805 859 1844; baseline 0.005 -13"><span class='ocrx_word' id='word_1_285' title='bbox 104 1805 135 1832; x_wconf 87' lang='grc' dir='ltr'><strong>Β.</strong></span> <span class='ocrx_word' id='word_1_286' title='bbox 154 1805 259 1832; x_wconf 79' lang='grc' dir='ltr'>Οὐκοῦν</span> <span class='ocrx_word' id='word_1_287' title='bbox 282 1806 430 1838; x_wconf 75' lang='grc' dir='ltr'>ἐκδείξειας</span> <span class='ocrx_word' id='word_1_288' title='bbox 448 1807 491 1839; x_wconf 86' lang='grc' dir='ltr'>ἂν,</span> <span class='ocrx_word' id='word_1_289' title='bbox 506 1808 641 1842; x_wconf 77' lang='grc' dir='ltr'>ἀσαφείας</span> <span class='ocrx_word' id='word_1_290' title='bbox 655 1808 725 1843; x_wconf 85' lang='grc' dir='ltr'>δίχα.</span> <span class='ocrx_word' id='word_1_291' title='bbox 743 1807 859 1844; x_wconf 85' lang='grc' dir='ltr'>Συνίημι</span> 
     </span>
    </p>
   </div>
   <div class='ocr_carea' id='block_1_40' title="bbox 66 1851 857 1888">
    <p class='ocr_par' dir='ltr' id='par_1_40' title="bbox 66 1851 857 1888">
     <span class='ocr_line' id='line_1_40' title="bbox 66 1851 857 1888; baseline 0.004 -10"><span class='ocrx_word' id='word_1_292' title='bbox 66 1851 123 1887; x_wconf 76' lang='grc' dir='ltr'>γὰρ</span> <span class='ocrx_word' id='word_1_293' title='bbox 135 1851 195 1878; x_wconf 78' lang='grc' dir='ltr'>οὔτι</span> <span class='ocrx_word' id='word_1_294' title='bbox 211 1860 273 1881; x_wconf 86' lang='grc' dir='ltr'>που.</span> <span class='ocrx_word' id='word_1_295' title='bbox 286 1852 312 1878; x_wconf 90' lang='grc' dir='ltr'><strong>τί</strong></span> <span class='ocrx_word' id='word_1_296' title='bbox 322 1853 349 1879; x_wconf 84' lang='grc' dir='ltr'><strong>δὲ</strong></span> <span class='ocrx_word' id='word_1_297' title='bbox 360 1853 392 1888; x_wconf 84' lang='grc' dir='ltr'><strong>δὴ</strong></span> <span class='ocrx_word' id='word_1_298' title='bbox 405 1853 484 1880; x_wconf 85' lang='grc' dir='ltr'>τοῦτό</span> <span class='ocrx_word' id='word_1_299' title='bbox 498 1854 556 1879; x_wconf 78' lang='grc' dir='ltr'>ἐστι</span> <span class='ocrx_word' id='word_1_300' title='bbox 569 1854 598 1880; x_wconf 88' lang='grc' dir='ltr'>τὸ</span> <span class='ocrx_word' id='word_1_301' title='bbox 610 1854 690 1888; x_wconf 83' lang='grc' dir='ltr'>ἁγίαν</span> <span class='ocrx_word' id='word_1_302' title='bbox 705 1855 857 1888; x_wconf 81' lang='grc' dir='ltr'>ἀποτελεῖν,</span> 
     </span>
    </p>
   </div>
   <div class='ocr_carea' id='block_1_41' title="bbox 66 1898 439 1935">
    <p class='ocr_par' dir='ltr' id='par_1_41' title="bbox 66 1898 439 1935">
     <span class='ocr_line' id='line_1_41' title="bbox 66 1898 439 1935; baseline 0.008 -12"><span class='ocrx_word' id='word_1_303' title='bbox 66 1898 189 1933; x_wconf 78' lang='grc' dir='ltr'>φράσαις</span> <span class='ocrx_word' id='word_1_304' title='bbox 205 1898 238 1925; x_wconf 80' lang='grc' dir='ltr'>ἂν</span> <span class='ocrx_word' id='word_1_305' title='bbox 252 1898 370 1925; x_wconf 83' lang='grc' dir='ltr'>ὲθέλοντί</span> <span class='ocrx_word' id='word_1_306' title='bbox 385 1908 439 1935; x_wconf 86' lang='grc' dir='ltr'>μοι.</span> 
     </span>
    </p>
   </div>
   <div class='ocr_carea' id='block_1_42' title="bbox 101 1944 856 1984">
    <p class='ocr_par' dir='ltr' id='par_1_42' title="bbox 101 1944 856 1984">
     <span class='ocr_line' id='line_1_42' title="bbox 101 1944 856 1984; baseline 0.007 -15"><span class='ocrx_word' id='word_1_307' title='bbox 101 1944 135 1970; x_wconf 85' lang='grc' dir='ltr'><strong>Δ.</strong></span> <span class='ocrx_word' id='word_1_308' title='bbox 154 1944 210 1970; x_wconf 74' lang='grc' dir='ltr'><strong>Καὶ</strong></span> <span class='ocrx_word' id='word_1_309' title='bbox 229 1944 312 1979; x_wconf 86' lang='grc' dir='ltr'>μάλα.</span> <span class='ocrx_word' id='word_1_310' title='bbox 339 1945 393 1981; x_wconf 87' lang='grc' dir='ltr'><strong>Τὴν</strong></span> <span class='ocrx_word' id='word_1_311' title='bbox 419 1946 473 1982; x_wconf 79' lang='grc' dir='ltr'>γάρ</span> <span class='ocrx_word' id='word_1_312' title='bbox 488 1954 529 1973; x_wconf 82' lang='grc' dir='ltr'><strong>τοι</strong></span> <span class='ocrx_word' id='word_1_313' title='bbox 556 1947 644 1977; x_wconf 78' lang='grc' dir='ltr'>κτίσιν</span> <span class='ocrx_word' id='word_1_314' title='bbox 670 1947 719 1983; x_wconf 86' lang='grc' dir='ltr'>τὴν</span> <span class='ocrx_word' id='word_1_315' title='bbox 735 1947 856 1984; x_wconf 74' lang='grc' dir='ltr'>λογικὴν,</span> 
     </span>
    </p>
   </div>
   <div class='ocr_carea' id='block_1_43' title="bbox 65 1989 858 2029">
    <p class='ocr_par' dir='ltr' id='par_1_43' title="bbox 65 1989 858 2029">
     <span class='ocr_line' id='line_1_43' title="bbox 65 1989 858 2029; baseline 0.005 -13"><span class='ocrx_word' id='word_1_316' title='bbox 65 1990 206 2025; x_wconf 82' lang='grc' dir='ltr'>ἁμαρτίας</span> <span class='ocrx_word' id='word_1_317' title='bbox 217 1989 327 2025; x_wconf 82' lang='grc' dir='ltr'>’ἀμείνω</span> <span class='ocrx_word' id='word_1_318' title='bbox 342 1991 389 2018; x_wconf 82' lang='grc' dir='ltr'>καὶ</span> <span class='ocrx_word' id='word_1_319' title='bbox 405 1992 454 2027; x_wconf 86' lang='grc' dir='ltr'>τῆς</span> <span class='ocrx_word' id='word_1_320' title='bbox 473 1993 512 2024; x_wconf 82' lang='grc' dir='ltr'><strong>είς</strong></span> <span class='ocrx_word' id='word_1_321' title='bbox 535 1993 692 2028; x_wconf 77' lang='grc' dir='ltr'>φαυλότητα</span> <span class='ocrx_word' id='word_1_322' title='bbox 718 2001 858 2029; x_wconf 81' lang='grc' dir='ltr'>παρατρο-</span> 
     </span>
    </p>
   </div>
   <div class='ocr_carea' id='block_1_44' title="bbox 65 2034 858 2072">
    <p class='ocr_par' dir='ltr' id='par_1_44' title="bbox 65 2034 858 2072">
     <span class='ocr_line' id='line_1_44' title="bbox 65 2034 858 2072; baseline 0.006 -12"><span class='ocrx_word' id='word_1_323' title='bbox 65 2034 123 2070; x_wconf 83' lang='grc' dir='ltr'>πῆς</span> <span class='ocrx_word' id='word_1_324' title='bbox 151 2036 312 2069; x_wconf 79' lang='grc' dir='ltr'>ἀποφαῖνον,</span> <span class='ocrx_word' id='word_1_325' title='bbox 332 2038 502 2072; x_wconf 82' lang='grc' dir='ltr'>μεταμορφοῖ</span> <span class='ocrx_word' id='word_1_326' title='bbox 525 2037 593 2072; x_wconf 83' lang='grc' dir='ltr'>πρὸς</span> <span class='ocrx_word' id='word_1_327' title='bbox 618 2037 709 2064; x_wconf 82' lang='grc' dir='ltr'>εἰκόνα</span> <span class='ocrx_word' id='word_1_328' title='bbox 737 2038 784 2065; x_wconf 82' lang='grc' dir='ltr'><strong>τοῦ</strong></span> <span class='ocrx_word' id='word_1_329' title='bbox 799 2039 858 2065; x_wconf 85' lang='grc' dir='ltr'>κτί-</span> 
     </span>
    </p>
   </div>
   <div class='ocr_carea' id='block_1_45' title="bbox 66 2081 857 2120">
    <p class='ocr_par' dir='ltr' id='par_1_45' title="bbox 66 2081 857 2120">
     <span class='ocr_line' id='line_1_45' title="bbox 66 2081 857 2120; baseline 0.005 -13"><span class='ocrx_word' id='word_1_330' title='bbox 66 2089 166 2113; x_wconf 88' lang='grc' dir='ltr'>σαντος</span> <span class='ocrx_word' id='word_1_331' title='bbox 182 2081 215 2108; x_wconf 77' lang='grc' dir='ltr'><strong>δι’</strong></span> <span class='ocrx_word' id='word_1_332' title='bbox 231 2081 382 2117; x_wconf 71' lang='grc' dir='ltr'>ἁγιαπμοῦ·</span> <span class='ocrx_word' id='word_1_333' title='bbox 403 2083 479 2117; x_wconf 75' lang='grc' dir='ltr'>ἅγιος</span> <span class='ocrx_word' id='word_1_334' title='bbox 497 2083 551 2118; x_wconf 80' lang='grc' dir='ltr'>γὰρ</span> <span class='ocrx_word' id='word_1_335' title='bbox 567 2084 581 2110; x_wconf 88' lang='lat'><strong>6</strong></span> <span class='ocrx_word' id='word_1_336' title='bbox 601 2085 710 2111; x_wconf 80' lang='grc' dir='ltr'>πάντων</span> <span class='ocrx_word' id='word_1_337' title='bbox 720 2085 857 2120; x_wconf 86' lang='grc' dir='ltr'>Δημιουρ-</span> 
     </span>
    </p>
   </div>
   <div class='ocr_carea' id='block_1_46' title="bbox 64 2127 857 2166">
    <p class='ocr_par' dir='ltr' id='par_1_46' title="bbox 64 2127 857 2166">
     <span class='ocr_line' id='line_1_46' title="bbox 64 2127 857 2166; baseline 0.005 -12"><span class='ocrx_word' id='word_1_338' title='bbox 64 2127 130 2162; x_wconf 83' lang='grc' dir='ltr'>γδς,</span> <span class='ocrx_word' id='word_1_339' title='bbox 156 2127 196 2154; x_wconf 79' lang='grc' dir='ltr'><strong>διὸ</strong></span> <span class='ocrx_word' id='word_1_340' title='bbox 218 2128 264 2155; x_wconf 76' lang='grc' dir='ltr'><strong>καί</strong></span> <span class='ocrx_word' id='word_1_341' title='bbox 290 2137 389 2164; x_wconf 87' lang='grc' dir='ltr'>φησιν·</span> <span class='ocrx_word' id='word_1_342' title='bbox 418 2138 429 2156; x_wconf 78' lang='grc' dir='ltr'><strong>ι</strong></span> <span class='ocrx_word' id='word_1_343' title='bbox 459 2129 549 2164; x_wconf 73' lang='grc' dir='ltr'>’Λγιοι</span> <span class='ocrx_word' id='word_1_344' title='bbox 572 2130 685 2164; x_wconf 75' lang='grc' dir='ltr'>ἔσεσθε,</span> <span class='ocrx_word' id='word_1_345' title='bbox 711 2130 780 2157; x_wconf 81' lang='grc' dir='ltr'>διότι</span> <span class='ocrx_word' id='word_1_346' title='bbox 801 2130 857 2166; x_wconf 83' lang='grc' dir='ltr'><strong>ἑγὼ</strong></span> 
     </span>
    </p>
   </div>
   <div class='ocr_carea' id='block_1_47' title="bbox 64 2174 180 2210">
    <p class='ocr_par' dir='ltr' id='par_1_47' title="bbox 64 2174 180 2210">
     <span class='ocr_line' id='line_1_47' title="bbox 64 2174 180 2210; baseline 0 -9"><span class='ocrx_word' id='word_1_347' title='bbox 64 2174 154 2210; x_wconf 78' lang='grc' dir='ltr'>ἆγιος.</span> <span class='ocrx_word' id='word_1_348' title='bbox 171 2184 180 2201; x_wconf 72' lang='grc' dir='ltr'><strong>ι</strong></span> 
     </span>
    </p>
   </div>
   <div class='ocr_carea' id='block_1_48' title="bbox 100 2220 403 2258">
    <p class='ocr_par' dir='ltr' id='par_1_48' title="bbox 100 2220 403 2258">
     <span class='ocr_line' id='line_1_48' title="bbox 100 2220 403 2258; baseline 0.003 -11"><span class='ocrx_word' id='word_1_349' title='bbox 100 2221 133 2248; x_wconf 82' lang='grc' dir='ltr'><strong>Β.</strong></span> <span class='ocrx_word' id='word_1_350' title='bbox 161 2220 309 2256; x_wconf 81' lang='grc' dir='ltr'>Ὀροότατα</span> <span class='ocrx_word' id='word_1_351' title='bbox 325 2221 403 2258; x_wconf 74' lang='grc' dir='ltr'>ἔφης.</span> 
     </span>
    </p>
   </div>
   <div class='ocr_carea' id='block_1_49' title="bbox 911 290 1466 326">
    <p class='ocr_par' dir='ltr' id='par_1_49' title="bbox 911 290 1466 326">
     <span class='ocr_line' id='line_1_49' title="bbox 911 290 1466 326; baseline 0 -7"><span class='ocrx_word' id='word_1_352' title='bbox 911 291 1060 319; x_wconf 82' lang='lat' dir='ltr'><strong>secundum</strong></span> <span class='ocrx_word' id='word_1_353' title='bbox 1076 290 1313 326; x_wconf 70' lang='lat' dir='ltr'><strong>participationem</strong></span> <span class='ocrx_word' id='word_1_354' title='bbox 1326 297 1359 319; x_wconf 80' lang='lat' dir='ltr'><strong>ex</strong></span> <span class='ocrx_word' id='word_1_355' title='bbox 1375 291 1466 319; x_wconf 91' lang='lat' dir='ltr'><strong>Patre.</strong></span> 
     </span>
    </p>
   </div>
   <div class='ocr_carea' id='block_1_50' title="bbox 944 336 1702 372">
    <p class='ocr_par' dir='ltr' id='par_1_50' title="bbox 944 336 1702 372">
     <span class='ocr_line' id='line_1_50' title="bbox 944 336 1702 372; baseline 0.005 -9"><span class='ocrx_word' id='word_1_356' title='bbox 944 336 977 363; x_wconf 84' lang='lat' dir='ltr'><strong>A.</strong></span> <span class='ocrx_word' id='word_1_357' title='bbox 989 336 1070 370; x_wconf 82' lang='lat' dir='ltr'><strong>Atqui</strong></span> <span class='ocrx_word' id='word_1_358' title='bbox 1084 343 1164 364; x_wconf 89' lang='lat' dir='ltr'><strong>nemo</strong></span> <span class='ocrx_word' id='word_1_359' title='bbox 1180 343 1233 364; x_wconf 91' lang='lat' dir='ltr'><strong>non</strong></span> <span class='ocrx_word' id='word_1_360' title='bbox 1253 343 1326 364; x_wconf 68' lang='lat' dir='ltr'><strong>sana:</strong></span> <span class='ocrx_word' id='word_1_361' title='bbox 1346 337 1455 371; x_wconf 82' lang='lat' dir='ltr'><strong>mentis,</strong></span> <span class='ocrx_word' id='word_1_362' title='bbox 1479 341 1509 365; x_wconf 89' lang='lat' dir='ltr'><strong>ut</strong></span> <span class='ocrx_word' id='word_1_363' title='bbox 1530 345 1602 372; x_wconf 89' lang='lat' dir='ltr'><strong>reor,</strong></span> <span class='ocrx_word' id='word_1_364' title='bbox 1618 339 1702 368; x_wconf 81' lang='lat' dir='ltr'><strong>mira-</strong></span> 
     </span>
    </p>
   </div>
   <div class='ocr_carea' id='block_1_51' title="bbox 912 380 1703 418">
    <p class='ocr_par' dir='ltr' id='par_1_51' title="bbox 912 380 1703 418">
     <span class='ocr_line' id='line_1_51' title="bbox 912 380 1703 418; baseline 0.005 -10"><span class='ocrx_word' id='word_1_365' title='bbox 912 380 983 409; x_wconf 89' lang='lat' dir='ltr'><strong>bitur</strong></span> <span class='ocrx_word' id='word_1_366' title='bbox 997 381 1070 416; x_wconf 90' lang='lat' dir='ltr'><strong>quod</strong></span> <span class='ocrx_word' id='word_1_367' title='bbox 1087 389 1148 408; x_wconf 92' lang='lat' dir='ltr'><strong>cum</strong></span> <span class='ocrx_word' id='word_1_368' title='bbox 1167 381 1308 417; x_wconf 88' lang='lat' dir='ltr'><strong>proprium</strong></span> <span class='ocrx_word' id='word_1_369' title='bbox 1325 389 1387 410; x_wconf 87' lang='lat' dir='ltr'><strong>esse</strong></span> <span class='ocrx_word' id='word_1_370' title='bbox 1412 382 1476 410; x_wconf 84' lang='lat' dir='ltr'><strong>Filii</strong></span> <span class='ocrx_word' id='word_1_371' title='bbox 1501 382 1631 418; x_wconf 73' lang='lat' dir='ltr'><strong>Spiritum</strong></span> <span class='ocrx_word' id='word_1_372' title='bbox 1646 389 1703 413; x_wconf 88' lang='lat' dir='ltr'><strong>sta-</strong></span> 
     </span>
    </p>
   </div>
   <div class='ocr_carea' id='block_1_52' title="bbox 912 428 1701 464">
    <p class='ocr_par' dir='ltr' id='par_1_52' title="bbox 912 428 1701 464">
     <span class='ocr_line' id='line_1_52' title="bbox 912 428 1701 464; baseline 0.005 -10"><span class='ocrx_word' id='word_1_373' title='bbox 912 431 998 461; x_wconf 88' lang='lat' dir='ltr'><strong>tuant,</strong></span> <span class='ocrx_word' id='word_1_374' title='bbox 1023 429 1049 455; x_wconf 85' lang='lat' dir='ltr'><strong>ei</strong></span> <span class='ocrx_word' id='word_1_375' title='bbox 1072 434 1167 455; x_wconf 83' lang='lat' dir='ltr'><strong>rursus</strong></span> <span class='ocrx_word' id='word_1_376' title='bbox 1189 428 1426 463; x_wconf 88' lang='lat' dir='ltr'><strong>participationem</strong></span> <span class='ocrx_word' id='word_1_377' title='bbox 1450 429 1599 464; x_wconf 83' lang='lat' dir='ltr'><strong>ascribant,</strong></span> <span class='ocrx_word' id='word_1_378' title='bbox 1622 434 1650 458; x_wconf 87' lang='lat' dir='ltr'><strong>et</strong></span> <span class='ocrx_word' id='word_1_379' title='bbox 1666 438 1701 459; x_wconf 76' lang='lat' dir='ltr'><strong>ex</strong></span> 
     </span>
    </p>
   </div>
   <div class='ocr_carea' id='block_1_53' title="bbox 910 472 1700 509">
    <p class='ocr_par' dir='ltr' id='par_1_53' title="bbox 910 472 1700 509">
     <span class='ocr_line' id='line_1_53' title="bbox 910 472 1700 509; baseline 0.006 -10"><span class='ocrx_word' id='word_1_380' title='bbox 910 472 966 500; x_wconf 89' lang='lat' dir='ltr'><strong>Deo</strong></span> <span class='ocrx_word' id='word_1_381' title='bbox 974 472 1054 500; x_wconf 82' lang='lat' dir='ltr'><strong>Patre</strong></span> <span class='ocrx_word' id='word_1_382' title='bbox 1067 479 1116 509; x_wconf 90' lang='lat' dir='ltr'><strong>per</strong></span> <span class='ocrx_word' id='word_1_383' title='bbox 1128 473 1258 508; x_wconf 88' lang='lat' dir='ltr'><strong>Spiritum</strong></span> <span class='ocrx_word' id='word_1_384' title='bbox 1271 474 1515 503; x_wconf 84' lang='lat' dir='ltr'><strong>sanctificationem</strong></span> <span class='ocrx_word' id='word_1_385' title='bbox 1525 476 1700 504; x_wconf 84' lang='lat' dir='ltr'><strong>adventitiam</strong></span> 
     </span>
    </p>
   </div>
   <div class='ocr_carea' id='block_1_54' title="bbox 913 519 1699 554">
    <p class='ocr_par' dir='ltr' id='par_1_54' title="bbox 913 519 1699 554">
     <span class='ocr_line' id='line_1_54' title="bbox 913 519 1699 554; baseline 0.006 -8"><span class='ocrx_word' id='word_1_386' title='bbox 913 526 976 547; x_wconf 81' lang='lat' dir='ltr'><strong>esse</strong></span> <span class='ocrx_word' id='word_1_387' title='bbox 994 519 1096 552; x_wconf 83' lang='lat' dir='ltr'><strong>dicant,</strong></span> <span class='ocrx_word' id='word_1_388' title='bbox 1112 523 1140 546; x_wconf 94' lang='lat' dir='ltr'><strong>et</strong></span> <span class='ocrx_word' id='word_1_389' title='bbox 1153 519 1299 554; x_wconf 85' lang='lat' dir='ltr'><strong>aliquando</strong></span> <span class='ocrx_word' id='word_1_390' title='bbox 1315 520 1411 548; x_wconf 81' lang='lat' dir='ltr'><strong>datam</strong></span> <span class='ocrx_word' id='word_1_391' title='bbox 1431 529 1481 549; x_wconf 92' lang='lat' dir='ltr'><strong>ceu</strong></span> <span class='ocrx_word' id='word_1_392' title='bbox 1502 529 1556 549; x_wconf 89' lang='lat' dir='ltr'><strong>non</strong></span> <span class='ocrx_word' id='word_1_393' title='bbox 1576 522 1699 552; x_wconf 85' lang='lat' dir='ltr'><strong>itabenti.</strong></span> 
     </span>
    </p>
   </div>
   <div class='ocr_carea' id='block_1_55' title="bbox 910 564 1701 602">
    <p class='ocr_par' dir='ltr' id='par_1_55' title="bbox 910 564 1701 602">
     <span class='ocr_line' id='line_1_55' title="bbox 910 564 1701 602; baseline 0.006 -11"><span class='ocrx_word' id='word_1_394' title='bbox 910 564 945 591; x_wconf 80' lang='lat' dir='ltr'><strong>At</strong></span> <span class='ocrx_word' id='word_1_395' title='bbox 961 572 1010 592; x_wconf 90' lang='lat' dir='ltr'><strong>cur</strong></span> <span class='ocrx_word' id='word_1_396' title='bbox 1028 564 1206 592; x_wconf 86' lang='lat' dir='ltr'><strong>absurditatis</strong></span> <span class='ocrx_word' id='word_1_397' title='bbox 1229 572 1290 600; x_wconf 63' lang='lat' dir='ltr'><strong>qua:</strong></span> <span class='ocrx_word' id='word_1_398' title='bbox 1310 565 1375 593; x_wconf 89' lang='lat' dir='ltr'><strong>hinc</strong></span> <span class='ocrx_word' id='word_1_399' title='bbox 1399 566 1523 602; x_wconf 83' lang='lat' dir='ltr'><strong>sequitur</strong></span> <span class='ocrx_word' id='word_1_400' title='bbox 1549 568 1701 596; x_wconf 79' lang='lat' dir='ltr'><strong>examinari</strong></span> 
     </span>
    </p>
   </div>
   <div class='ocr_carea' id='block_1_56' title="bbox 910 610 1700 644">
    <p class='ocr_par' dir='ltr' id='par_1_56' title="bbox 910 610 1700 644">
     <span class='ocr_line' id='line_1_56' title="bbox 910 610 1700 644; baseline 0.006 -7"><span class='ocrx_word' id='word_1_401' title='bbox 910 610 1009 637; x_wconf 83' lang='lat' dir='ltr'><strong>damna</strong></span> <span class='ocrx_word' id='word_1_402' title='bbox 1023 617 1076 638; x_wconf 92' lang='lat' dir='ltr'><strong>non</strong></span> <span class='ocrx_word' id='word_1_403' title='bbox 1093 610 1224 644; x_wconf 87' lang='lat' dir='ltr'><strong>ferentes,</strong></span> <span class='ocrx_word' id='word_1_404' title='bbox 1243 612 1275 639; x_wconf 86' lang='lat' dir='ltr'><strong>ad</strong></span> <span class='ocrx_word' id='word_1_405' title='bbox 1299 611 1385 639; x_wconf 89' lang='lat' dir='ltr'><strong>solam</strong></span> <span class='ocrx_word' id='word_1_406' title='bbox 1405 619 1482 640; x_wconf 91' lang='lat' dir='ltr'><strong>suam</strong></span> <span class='ocrx_word' id='word_1_407' title='bbox 1511 612 1636 642; x_wconf 86' lang='lat' dir='ltr'><strong>feruntur</strong></span> <span class='ocrx_word' id='word_1_408' title='bbox 1657 614 1700 642; x_wconf 92' lang='lat' dir='ltr'><strong>in-</strong></span> 
     </span>
    </p>
   </div>
   <div class='ocr_carea' id='block_1_57' title="bbox 911 655 1700 692">
    <p class='ocr_par' dir='ltr' id='par_1_57' title="bbox 911 655 1700 692">
     <span class='ocr_line' id='line_1_57' title="bbox 911 655 1700 692; baseline 0.005 -9"><span class='ocrx_word' id='word_1_409' title='bbox 911 655 1081 684; x_wconf 85' lang='lat' dir='ltr'><strong>considerate</strong></span> <span class='ocrx_word' id='word_1_410' title='bbox 1103 656 1263 685; x_wconf 85' lang='lat' dir='ltr'><strong>libidinem?</strong></span> <span class='ocrx_word' id='word_1_411' title='bbox 1287 657 1345 691; x_wconf 91' lang='lat' dir='ltr'><strong>Quo</strong></span> <span class='ocrx_word' id='word_1_412' title='bbox 1361 662 1440 692; x_wconf 88' lang='lat' dir='ltr'><strong>pacto</strong></span> <span class='ocrx_word' id='word_1_413' title='bbox 1457 658 1530 686; x_wconf 91' lang='lat' dir='ltr'><strong>enim</strong></span> <span class='ocrx_word' id='word_1_414' title='bbox 1552 659 1637 688; x_wconf 86' lang='lat' dir='ltr'><strong>Filius</strong></span> <span class='ocrx_word' id='word_1_415' title='bbox 1658 661 1700 688; x_wconf 87' lang='lat' dir='ltr'><strong>sui</strong></span> 
     </span>
    </p>
   </div>
   <div class='ocr_carea' id='block_1_58' title="bbox 911 701 1695 738">
    <p class='ocr_par' dir='ltr' id='par_1_58' title="bbox 911 701 1695 738">
     <span class='ocr_line' id='line_1_58' title="bbox 911 701 1695 738; baseline 0.006 -9"><span class='ocrx_word' id='word_1_416' title='bbox 911 701 1028 736; x_wconf 87' lang='lat' dir='ltr'><strong>Spiritus</strong></span> <span class='ocrx_word' id='word_1_417' title='bbox 1044 703 1177 738; x_wconf 85' lang='lat' dir='ltr'><strong>particeps</strong></span> <span class='ocrx_word' id='word_1_418' title='bbox 1197 702 1288 737; x_wconf 83' lang='lat' dir='ltr'><strong>fuerit,</strong></span> <span class='ocrx_word' id='word_1_419' title='bbox 1308 711 1358 732; x_wconf 90' lang='lat' dir='ltr'><strong>ceu</strong></span> <span class='ocrx_word' id='word_1_420' title='bbox 1377 704 1548 733; x_wconf 74' lang='lat' dir='ltr'><strong>extrinsecus</strong></span> <span class='ocrx_word' id='word_1_421' title='bbox 1569 705 1695 734; x_wconf 82' lang='lat' dir='ltr'><strong>invecti?</strong></span> 
     </span>
    </p>
   </div>
   <div class='ocr_carea' id='block_1_59' title="bbox 910 746 1700 785">
    <p class='ocr_par' dir='ltr' id='par_1_59' title="bbox 910 746 1700 785">
     <span class='ocr_line' id='line_1_59' title="bbox 910 746 1700 785; baseline 0.006 -11"><span class='ocrx_word' id='word_1_422' title='bbox 910 746 982 774; x_wconf 82' lang='lat' dir='ltr'><strong>Nihil</strong></span> <span class='ocrx_word' id='word_1_423' title='bbox 993 748 1064 775; x_wconf 89' lang='lat' dir='ltr'><strong>enim</strong></span> <span class='ocrx_word' id='word_1_424' title='bbox 1085 747 1164 783; x_wconf 88' lang='lat' dir='ltr'><strong>plane</strong></span> <span class='ocrx_word' id='word_1_425' title='bbox 1179 748 1279 776; x_wconf 82' lang='lat' dir='ltr'><strong>suimet</strong></span> <span class='ocrx_word' id='word_1_426' title='bbox 1292 753 1336 776; x_wconf 88' lang='lat' dir='ltr'><strong>est</strong></span> <span class='ocrx_word' id='word_1_427' title='bbox 1351 750 1498 785; x_wconf 82' lang='lat' dir='ltr'><strong>particeps.</strong></span> <span class='ocrx_word' id='word_1_428' title='bbox 1517 750 1571 778; x_wconf 85' lang='lat' dir='ltr'><strong>Sed</strong></span> <span class='ocrx_word' id='word_1_429' title='bbox 1588 751 1611 778; x_wconf 93' lang='lat' dir='ltr'><strong>si</strong></span> <span class='ocrx_word' id='word_1_430' title='bbox 1626 755 1700 779; x_wconf 86' lang='lat' dir='ltr'><strong>recte</strong></span> 
     </span>
    </p>
   </div>
   <div class='ocr_carea' id='block_1_60' title="bbox 910 794 1695 831">
    <p class='ocr_par' dir='ltr' id='par_1_60' title="bbox 910 794 1695 831">
     <span class='ocr_line' id='line_1_60' title="bbox 910 794 1695 831; baseline 0.004 -10"><span class='ocrx_word' id='word_1_431' title='bbox 910 800 1030 828; x_wconf 85' lang='lat' dir='ltr'><strong>saneque</strong></span> <span class='ocrx_word' id='word_1_432' title='bbox 1053 794 1363 828; x_wconf 85' lang='lat' dir='ltr'><strong>ratiocinari-volumus,</strong></span> <span class='ocrx_word' id='word_1_433' title='bbox 1389 803 1450 831; x_wconf 67' lang='lat' dir='ltr'><strong>quae</strong></span> <span class='ocrx_word' id='word_1_434' title='bbox 1473 800 1570 824; x_wconf 88' lang='lat' dir='ltr'><strong>natura</strong></span> <span class='ocrx_word' id='word_1_435' title='bbox 1601 797 1695 824; x_wconf 91' lang='lat' dir='ltr'><strong>insunt</strong></span> 
     </span>
    </p>
   </div>
   <div class='ocr_carea' id='block_1_61' title="bbox 909 839 1698 878">
    <p class='ocr_par' dir='ltr' id='par_1_61' title="bbox 909 839 1698 878">
     <span class='ocr_line' id='line_1_61' title="bbox 909 839 1698 878; baseline 0.006 -12"><span class='ocrx_word' id='word_1_436' title='bbox 909 839 1056 874; x_wconf 86' lang='lat' dir='ltr'><strong>aliquibus,</strong></span> <span class='ocrx_word' id='word_1_437' title='bbox 1066 847 1238 876; x_wconf 86' lang='lat' dir='ltr'><strong>nequaquam</strong></span> <span class='ocrx_word' id='word_1_438' title='bbox 1251 841 1324 868; x_wconf 91' lang='lat' dir='ltr'><strong>velut</strong></span> <span class='ocrx_word' id='word_1_439' title='bbox 1340 842 1490 870; x_wconf 84' lang='lat' dir='ltr'><strong>adventitia</strong></span> <span class='ocrx_word' id='word_1_440' title='bbox 1505 843 1698 878; x_wconf 55' lang='lat' dir='ltr'><strong>censebuntur.</strong></span> 
     </span>
    </p>
   </div>
   <div class='ocr_carea' id='block_1_62' title="bbox 910 886 1700 925">
    <p class='ocr_par' dir='ltr' id='par_1_62' title="bbox 910 886 1700 925">
     <span class='ocr_line' id='line_1_62' title="bbox 910 886 1700 925; baseline 0.006 -13"><span class='ocrx_word' id='word_1_441' title='bbox 910 891 956 913; x_wconf 88' lang='lat' dir='ltr'><strong>aut</strong></span> <span class='ocrx_word' id='word_1_442' title='bbox 971 893 1061 913; x_wconf 90' lang='lat' dir='ltr'><strong>rerum</strong></span> <span class='ocrx_word' id='word_1_443' title='bbox 1079 891 1254 915; x_wconf 79' lang='lat' dir='ltr'><strong>externarum</strong></span> <span class='ocrx_word' id='word_1_444' title='bbox 1274 886 1333 915; x_wconf 93' lang='lat' dir='ltr'><strong>loco</strong></span> <span class='ocrx_word' id='word_1_445' title='bbox 1350 893 1442 916; x_wconf 90' lang='lat' dir='ltr'><strong>erunt.</strong></span> <span class='ocrx_word' id='word_1_446' title='bbox 1464 888 1604 922; x_wconf 85' lang='lat' dir='ltr'><strong>Quomodo</strong></span> <span class='ocrx_word' id='word_1_447' title='bbox 1617 889 1700 925; x_wconf 76' lang='lat' dir='ltr'><strong>igitur</strong></span> 
     </span>
    </p>
   </div>
   <div class='ocr_carea' id='block_1_63' title="bbox 876 927 1699 969">
    <p class='ocr_par' dir='ltr' id='par_1_63' title="bbox 876 927 1699 969">
     <span class='ocr_line' id='line_1_63' title="bbox 876 927 1699 969; baseline 0.005 -11"><span class='ocrx_word' id='word_1_448' title='bbox 876 927 896 954; x_wconf 83' lang='grc' dir='ltr'><strong><em>Β</em></strong></span> <span class='ocrx_word' id='word_1_449' title='bbox 911 940 959 967; x_wconf 87' lang='lat' dir='ltr'><strong>per</strong></span> <span class='ocrx_word' id='word_1_450' title='bbox 981 931 1113 967; x_wconf 86' lang='lat' dir='ltr'><strong>Spiritum</strong></span> <span class='ocrx_word' id='word_1_451' title='bbox 1134 932 1331 960; x_wconf 75' lang='lat' dir='ltr'><strong>sanctificatum</strong></span> <span class='ocrx_word' id='word_1_452' title='bbox 1355 941 1416 962; x_wconf 87' lang='lat' dir='ltr'><strong>esse</strong></span> <span class='ocrx_word' id='word_1_453' title='bbox 1439 934 1526 969; x_wconf 89' lang='lat' dir='ltr'><strong>aiunt,</strong></span> <span class='ocrx_word' id='word_1_454' title='bbox 1545 942 1606 962; x_wconf 89' lang='lat' dir='ltr'><strong>cum</strong></span> <span class='ocrx_word' id='word_1_455' title='bbox 1627 935 1699 963; x_wconf 83' lang='lat' dir='ltr'><strong>clare</strong></span> 
     </span>
    </p>
   </div>
   <div class='ocr_carea' id='block_1_64' title="bbox 912 977 1699 1015">
    <p class='ocr_par' dir='ltr' id='par_1_64' title="bbox 912 977 1699 1015">
     <span class='ocr_line' id='line_1_64' title="bbox 912 977 1699 1015; baseline 0.004 -10"><span class='ocrx_word' id='word_1_456' title='bbox 912 978 984 1005; x_wconf 86' lang='lat' dir='ltr'><strong>dicat</strong></span> <span class='ocrx_word' id='word_1_457' title='bbox 999 978 1033 1006; x_wconf 91' lang='lat' dir='ltr'><strong>de</strong></span> <span class='ocrx_word' id='word_1_458' title='bbox 1054 977 1177 1013; x_wconf 78' lang='lat' dir='ltr'><strong>Spiritu:</strong></span> <span class='ocrx_word' id='word_1_459' title='bbox 1200 987 1209 1004; x_wconf 85' lang='grc' dir='ltr'><strong>ι</strong></span> <span class='ocrx_word' id='word_1_460' title='bbox 1230 978 1364 1012; x_wconf 87' lang='lat' dir='ltr'><strong>Quoniam</strong></span> <span class='ocrx_word' id='word_1_461' title='bbox 1383 979 1415 1007; x_wconf 85' lang='lat' dir='ltr'><strong>de</strong></span> <span class='ocrx_word' id='word_1_462' title='bbox 1439 986 1500 1007; x_wconf 89' lang='lat' dir='ltr'><strong>meo</strong></span> <span class='ocrx_word' id='word_1_463' title='bbox 1524 980 1648 1015; x_wconf 89' lang='lat' dir='ltr'><strong>accipiet.</strong></span> <span class='ocrx_word' id='word_1_464' title='bbox 1672 985 1699 1008; x_wconf 89' lang='lat' dir='ltr'><strong>et</strong></span> 
     </span>
    </p>
   </div>
   <div class='ocr_carea' id='block_1_65' title="bbox 911 1024 1699 1061">
    <p class='ocr_par' dir='ltr' id='par_1_65' title="bbox 911 1024 1699 1061">
     <span class='ocr_line' id='line_1_65' title="bbox 911 1024 1699 1061; baseline 0.005 -11"><span class='ocrx_word' id='word_1_465' title='bbox 911 1024 1084 1052; x_wconf 86' lang='lat' dir='ltr'><strong>annuntiabit</strong></span> <span class='ocrx_word' id='word_1_466' title='bbox 1099 1024 1196 1052; x_wconf 80' lang='lat' dir='ltr'><strong>vobis?</strong></span> <span class='ocrx_word' id='word_1_467' title='bbox 1211 1034 1221 1051; x_wconf 77' lang='grc' dir='ltr'><strong>ι</strong></span> <span class='ocrx_word' id='word_1_468' title='bbox 1238 1024 1326 1060; x_wconf 82' lang='lat' dir='ltr'><strong>Atque</strong></span> <span class='ocrx_word' id='word_1_469' title='bbox 1340 1026 1392 1053; x_wconf 87' lang='lat' dir='ltr'><strong>hoc</strong></span> <span class='ocrx_word' id='word_1_470' title='bbox 1411 1025 1538 1059; x_wconf 87' lang='lat' dir='ltr'><strong>dicimus,</strong></span> <span class='ocrx_word' id='word_1_471' title='bbox 1560 1033 1613 1053; x_wconf 89' lang='lat' dir='ltr'><strong>non</strong></span> <span class='ocrx_word' id='word_1_472' title='bbox 1628 1026 1699 1061; x_wconf 88' lang='lat' dir='ltr'><strong>quod</strong></span> 
     </span>
    </p>
   </div>
   <div class='ocr_carea' id='block_1_66' title="bbox 911 1071 1698 1106">
    <p class='ocr_par' dir='ltr' id='par_1_66' title="bbox 911 1071 1698 1106">
     <span class='ocr_line' id='line_1_66' title="bbox 911 1071 1698 1106; baseline 0.003 -9"><span class='ocrx_word' id='word_1_473' title='bbox 911 1071 1053 1098; x_wconf 77' lang='lat' dir='ltr'><strong>credamus</strong></span> <span class='ocrx_word' id='word_1_474' title='bbox 1069 1077 1129 1098; x_wconf 84' lang='lat' dir='ltr'><strong>esse</strong></span> <span class='ocrx_word' id='word_1_475' title='bbox 1153 1077 1202 1105; x_wconf 85' lang='lat' dir='ltr'><strong>per</strong></span> <span class='ocrx_word' id='word_1_476' title='bbox 1222 1071 1459 1106; x_wconf 82' lang='lat' dir='ltr'><strong>participationem</strong></span> <span class='ocrx_word' id='word_1_477' title='bbox 1478 1071 1582 1106; x_wconf 89' lang='lat' dir='ltr'><strong>aliquid</strong></span> <span class='ocrx_word' id='word_1_478' title='bbox 1603 1079 1698 1100; x_wconf 91' lang='lat' dir='ltr'><strong>eorum</strong></span> 
     </span>
    </p>
   </div>
   <div class='ocr_carea' id='block_1_67' title="bbox 910 1116 1699 1152">
    <p class='ocr_par' dir='ltr' id='par_1_67' title="bbox 910 1116 1699 1152">
     <span class='ocr_line' id='line_1_67' title="bbox 910 1116 1699 1152; baseline 0.004 -9"><span class='ocrx_word' id='word_1_479' title='bbox 910 1124 969 1151; x_wconf 68' lang='lat' dir='ltr'><strong>quae</strong></span> <span class='ocrx_word' id='word_1_480' title='bbox 985 1121 1048 1144; x_wconf 88' lang='lat' dir='ltr'><strong>sunt</strong></span> <span class='ocrx_word' id='word_1_481' title='bbox 1071 1117 1097 1144; x_wconf 93' lang='lat' dir='ltr'><strong>in</strong></span> <span class='ocrx_word' id='word_1_482' title='bbox 1120 1116 1222 1152; x_wconf 86' lang='lat' dir='ltr'><strong>Spiritu</strong></span> <span class='ocrx_word' id='word_1_483' title='bbox 1250 1117 1477 1152; x_wconf 77' lang='lat' dir='ltr'><strong>(perfectissimus</strong></span> <span class='ocrx_word' id='word_1_484' title='bbox 1501 1118 1573 1145; x_wconf 87' lang='lat' dir='ltr'><strong>enim</strong></span> <span class='ocrx_word' id='word_1_485' title='bbox 1602 1121 1699 1147; x_wconf 81' lang='lat' dir='ltr'><strong>est’ae</strong></span> 
     </span>
    </p>
   </div>
   <div class='ocr_carea' id='block_1_68' title="bbox 910 1161 1700 1199">
    <p class='ocr_par' dir='ltr' id='par_1_68' title="bbox 910 1161 1700 1199">
     <span class='ocr_line' id='line_1_68' title="bbox 910 1161 1700 1199; baseline 0.001 -10"><span class='ocrx_word' id='word_1_486' title='bbox 910 1161 1010 1189; x_wconf 90' lang='lat' dir='ltr'><strong>nullius</strong></span> <span class='ocrx_word' id='word_1_487' title='bbox 1027 1162 1133 1197; x_wconf 73' lang='lat' dir='ltr'><strong>indigus</strong></span> <span class='ocrx_word' id='word_1_488' title='bbox 1146 1167 1242 1190; x_wconf 87' lang='lat' dir='ltr'><strong>natura</strong></span> <span class='ocrx_word' id='word_1_489' title='bbox 1255 1163 1314 1197; x_wconf 87' lang='lat' dir='ltr'><strong>sua)</strong></span> <span class='ocrx_word' id='word_1_490' title='bbox 1329 1171 1337 1190; x_wconf 90' lang='lat'><strong>:</strong></span> <span class='ocrx_word' id='word_1_491' title='bbox 1359 1163 1406 1190; x_wconf 88' lang='lat' dir='ltr'><strong>sed</strong></span> <span class='ocrx_word' id='word_1_492' title='bbox 1422 1162 1486 1190; x_wconf 87' lang='lat' dir='ltr'><strong>illud</strong></span> <span class='ocrx_word' id='word_1_493' title='bbox 1506 1163 1597 1198; x_wconf 85' lang='lat' dir='ltr'><strong>potius</strong></span> <span class='ocrx_word' id='word_1_494' title='bbox 1613 1163 1700 1199; x_wconf 82' lang='lat' dir='ltr'><strong>signi-</strong></span> 
     </span>
    </p>
   </div>
   <div class='ocr_carea' id='block_1_69' title="bbox 911 1208 1702 1243">
    <p class='ocr_par' dir='ltr' id='par_1_69' title="bbox 911 1208 1702 1243">
     <span class='ocr_line' id='line_1_69' title="bbox 911 1208 1702 1243; baseline 0.003 -8"><span class='ocrx_word' id='word_1_495' title='bbox 911 1208 1035 1241; x_wconf 85' lang='lat' dir='ltr'><strong>fleamus,</strong></span> <span class='ocrx_word' id='word_1_496' title='bbox 1043 1209 1114 1243; x_wconf 90' lang='lat' dir='ltr'><strong>quod</strong></span> <span class='ocrx_word' id='word_1_497' title='bbox 1128 1216 1189 1236; x_wconf 93' lang='lat' dir='ltr'><strong>cum</strong></span> <span class='ocrx_word' id='word_1_498' title='bbox 1204 1208 1251 1236; x_wconf 86' lang='lat' dir='ltr'><strong>Dei</strong></span> <span class='ocrx_word' id='word_1_499' title='bbox 1263 1215 1296 1236; x_wconf 91' lang='lat' dir='ltr'><strong>ac</strong></span> <span class='ocrx_word' id='word_1_500' title='bbox 1306 1208 1395 1236; x_wconf 78' lang='lat' dir='ltr'><strong>Patris</strong></span> <span class='ocrx_word' id='word_1_501' title='bbox 1410 1209 1568 1236; x_wconf 69' lang='lat' dir='ltr'><strong>substantiae</strong></span> <span class='ocrx_word' id='word_1_502' title='bbox 1578 1215 1606 1237; x_wconf 90' lang='lat' dir='ltr'><strong>et</strong></span> <span class='ocrx_word' id='word_1_503' title='bbox 1618 1209 1702 1237; x_wconf 81' lang='lat' dir='ltr'><strong>Verbi</strong></span> 
     </span>
    </p>
   </div>
   <div class='ocr_carea' id='block_1_70' title="bbox 911 1254 1700 1291">
    <p class='ocr_par' dir='ltr' id='par_1_70' title="bbox 911 1254 1700 1291">
     <span class='ocr_line' id='line_1_70' title="bbox 911 1254 1700 1291; baseline 0.003 -10"><span class='ocrx_word' id='word_1_504' title='bbox 911 1254 1059 1282; x_wconf 88' lang='lat' dir='ltr'><strong>secundum</strong></span> <span class='ocrx_word' id='word_1_505' title='bbox 1070 1259 1193 1282; x_wconf 90' lang='lat' dir='ltr'><strong>naturam</strong></span> <span class='ocrx_word' id='word_1_506' title='bbox 1211 1262 1244 1282; x_wconf 76' lang='lat' dir='ltr'><strong>ex</strong></span> <span class='ocrx_word' id='word_1_507' title='bbox 1259 1254 1316 1289; x_wconf 90' lang='lat' dir='ltr'><strong>ipso</strong></span> <span class='ocrx_word' id='word_1_508' title='bbox 1331 1255 1391 1282; x_wconf 90' lang='lat' dir='ltr'><strong>etin</strong></span> <span class='ocrx_word' id='word_1_509' title='bbox 1405 1254 1622 1290; x_wconf 81' lang='lat' dir='ltr'><strong>ipsoefi‘ulgentis</strong></span> <span class='ocrx_word' id='word_1_510' title='bbox 1638 1254 1700 1291; x_wconf 91' lang='lat' dir='ltr'><strong>Spi-</strong></span> 
     </span>
    </p>
   </div>
   <div class='ocr_carea' id='block_1_71' title="bbox 911 1300 1699 1336">
    <p class='ocr_par' dir='ltr' id='par_1_71' title="bbox 911 1300 1699 1336">
     <span class='ocr_line' id='line_1_71' title="bbox 911 1300 1699 1336; baseline 0.001 -8"><span class='ocrx_word' id='word_1_511' title='bbox 911 1301 980 1328; x_wconf 85' lang='lat' dir='ltr'><strong>ritus</strong></span> <span class='ocrx_word' id='word_1_512' title='bbox 992 1301 1037 1333; x_wconf 87' lang='lat' dir='ltr'><strong>sitI</strong></span> <span class='ocrx_word' id='word_1_513' title='bbox 1051 1308 1133 1329; x_wconf 89' lang='lat' dir='ltr'><strong>omne</strong></span> <span class='ocrx_word' id='word_1_514' title='bbox 1148 1301 1174 1328; x_wconf 91' lang='lat' dir='ltr'><strong>id</strong></span> <span class='ocrx_word' id='word_1_515' title='bbox 1186 1301 1368 1336; x_wconf 87' lang='lat' dir='ltr'><strong>quodcunque</strong></span> <span class='ocrx_word' id='word_1_516' title='bbox 1385 1300 1493 1328; x_wconf 85' lang='lat' dir='ltr'><strong>deitatis</strong></span> <span class='ocrx_word' id='word_1_517' title='bbox 1504 1302 1644 1336; x_wconf 82' lang='lat' dir='ltr'><strong>proprium</strong></span> <span class='ocrx_word' id='word_1_518' title='bbox 1658 1309 1699 1329; x_wconf 53' lang='lat' dir='ltr'><strong>se</strong></span> 
     </span>
    </p>
   </div>
   <div class='ocr_carea' id='block_1_72' title="bbox 910 1346 1700 1382">
    <p class='ocr_par' dir='ltr' id='par_1_72' title="bbox 910 1346 1700 1382">
     <span class='ocr_line' id='line_1_72' title="bbox 910 1346 1700 1382; baseline 0.001 -8"><span class='ocrx_word' id='word_1_519' title='bbox 910 1347 1027 1375; x_wconf 91' lang='lat' dir='ltr'><strong>cundum</strong></span> <span class='ocrx_word' id='word_1_520' title='bbox 1042 1352 1166 1375; x_wconf 89' lang='lat' dir='ltr'><strong>naturam</strong></span> <span class='ocrx_word' id='word_1_521' title='bbox 1179 1351 1230 1380; x_wconf 87' lang='lat' dir='ltr'><strong>est,</strong></span> <span class='ocrx_word' id='word_1_522' title='bbox 1248 1346 1366 1379; x_wconf 83' lang='lat' dir='ltr'><strong>asciscit.</strong></span> <span class='ocrx_word' id='word_1_523' title='bbox 1379 1347 1482 1374; x_wconf 86' lang='lat' dir='ltr'><strong>fontem</strong></span> <span class='ocrx_word' id='word_1_524' title='bbox 1502 1347 1700 1382; x_wconf 86' lang='lat' dir='ltr'><strong>quodammodo</strong></span> 
     </span>
    </p>
   </div>
   <div class='ocr_carea' id='block_1_73' title="bbox 910 1392 1700 1427">
    <p class='ocr_par' dir='ltr' id='par_1_73' title="bbox 910 1392 1700 1427">
     <span class='ocr_line' id='line_1_73' title="bbox 910 1392 1700 1427; baseline 0.003 -8"><span class='ocrx_word' id='word_1_525' title='bbox 910 1392 996 1427; x_wconf 86' lang='lat' dir='ltr'><strong>ipsam</strong></span> <span class='ocrx_word' id='word_1_526' title='bbox 1017 1392 1130 1425; x_wconf 83' lang='lat' dir='ltr'><strong>habens,</strong></span> <span class='ocrx_word' id='word_1_527' title='bbox 1147 1397 1173 1420; x_wconf 89' lang='lat' dir='ltr'><strong>et</strong></span> <span class='ocrx_word' id='word_1_528' title='bbox 1189 1399 1223 1420; x_wconf 84' lang='lat' dir='ltr'><strong>ex</strong></span> <span class='ocrx_word' id='word_1_529' title='bbox 1247 1392 1307 1427; x_wconf 90' lang='lat' dir='ltr'><strong>ipso</strong></span> <span class='ocrx_word' id='word_1_530' title='bbox 1326 1392 1408 1420; x_wconf 90' lang='lat' dir='ltr'><strong>veluti</strong></span> <span class='ocrx_word' id='word_1_531' title='bbox 1429 1392 1511 1420; x_wconf 83' lang='lat' dir='ltr'><strong>Patre</strong></span> <span class='ocrx_word' id='word_1_532' title='bbox 1534 1400 1700 1427; x_wconf 85' lang='lat' dir='ltr'><strong>promanans</strong></span> 
     </span>
    </p>
   </div>
   <div class='ocr_carea' id='block_1_74' title="bbox 910 1437 1699 1474">
    <p class='ocr_par' dir='ltr' id='par_1_74' title="bbox 910 1437 1699 1474">
     <span class='ocr_line' id='line_1_74' title="bbox 910 1437 1699 1474; baseline -0.001 -8"><span class='ocrx_word' id='word_1_533' title='bbox 910 1446 959 1474; x_wconf 89' lang='lat' dir='ltr'><strong>per</strong></span> <span class='ocrx_word' id='word_1_534' title='bbox 971 1438 1082 1473; x_wconf 84' lang='lat' dir='ltr'><strong>Filium,</strong></span> <span class='ocrx_word' id='word_1_535' title='bbox 1097 1443 1124 1467; x_wconf 90' lang='lat' dir='ltr'><strong>et</strong></span> <span class='ocrx_word' id='word_1_536' title='bbox 1140 1437 1313 1467; x_wconf 83' lang='lat' dir='ltr'><strong>sanetiﬂcans</strong></span> <span class='ocrx_word' id='word_1_537' title='bbox 1327 1442 1491 1466; x_wconf 82' lang='lat' dir='ltr'><strong>creaturam.</strong></span> <span class='ocrx_word' id='word_1_538' title='bbox 1509 1437 1568 1466; x_wconf 83' lang='lat' dir='ltr'><strong>.lant</strong></span> <span class='ocrx_word' id='word_1_539' title='bbox 1592 1439 1617 1466; x_wconf 86' lang='lat' dir='ltr'><strong>si</strong></span> <span class='ocrx_word' id='word_1_540' title='bbox 1632 1438 1699 1466; x_wconf 85' lang='lat' dir='ltr'><strong>Ver-</strong></span> 
     </span>
    </p>
   </div>
   <div class='ocr_carea' id='block_1_75' title="bbox 910 1482 1701 1519">
    <p class='ocr_par' dir='ltr' id='par_1_75' title="bbox 910 1482 1701 1519">
     <span class='ocr_line' id='line_1_75' title="bbox 910 1482 1701 1519; baseline -0.001 -8"><span class='ocrx_word' id='word_1_541' title='bbox 910 1484 975 1511; x_wconf 86' lang='lat' dir='ltr'><strong>bum</strong></span> <span class='ocrx_word' id='word_1_542' title='bbox 999 1484 1088 1519; x_wconf 89' lang='lat' dir='ltr'><strong>ipsum</strong></span> <span class='ocrx_word' id='word_1_543' title='bbox 1115 1491 1225 1519; x_wconf 87' lang='lat' dir='ltr'><strong>quoque</strong></span> <span class='ocrx_word' id='word_1_544' title='bbox 1252 1483 1393 1511; x_wconf 88' lang='lat' dir='ltr'><strong>nobiscum</strong></span> <span class='ocrx_word' id='word_1_545' title='bbox 1418 1482 1617 1511; x_wconf 85' lang='lat' dir='ltr'><strong>sanctificatum</strong></span> <span class='ocrx_word' id='word_1_546' title='bbox 1638 1490 1701 1510; x_wconf 83' lang='lat' dir='ltr'><strong>esse</strong></span> 
     </span>
    </p>
   </div>
   <div class='ocr_carea' id='block_1_76' title="bbox 910 1529 1696 1566">
    <p class='ocr_par' dir='ltr' id='par_1_76' title="bbox 910 1529 1696 1566">
     <span class='ocr_line' id='line_1_76' title="bbox 910 1529 1696 1566; baseline -0.003 -8"><span class='ocrx_word' id='word_1_547' title='bbox 910 1535 1018 1566; x_wconf 88' lang='lat' dir='ltr'><strong>putant,</strong></span> <span class='ocrx_word' id='word_1_548' title='bbox 1034 1530 1133 1558; x_wconf 83' lang='lat' dir='ltr'><strong>stultas</strong></span> <span class='ocrx_word' id='word_1_549' title='bbox 1151 1530 1186 1558; x_wconf 89' lang='lat' dir='ltr'><strong>ad</strong></span> <span class='ocrx_word' id='word_1_550' title='bbox 1208 1530 1234 1558; x_wconf 89' lang='lat' dir='ltr'><strong>id</strong></span> <span class='ocrx_word' id='word_1_551' title='bbox 1250 1529 1419 1565; x_wconf 86' lang='lat' dir='ltr'><strong>probandum</strong></span> <span class='ocrx_word' id='word_1_552' title='bbox 1436 1529 1603 1557; x_wconf 85' lang='lat' dir='ltr'><strong>ratiunculas</strong></span> <span class='ocrx_word' id='word_1_553' title='bbox 1618 1529 1696 1557; x_wconf 88' lang='lat' dir='ltr'><strong>colli-</strong></span> 
     </span>
    </p>
   </div>
   <div class='ocr_carea' id='block_1_77' title="bbox 911 1576 1240 1612">
    <p class='ocr_par' dir='ltr' id='par_1_77' title="bbox 911 1576 1240 1612">
     <span class='ocr_line' id='line_1_77' title="bbox 911 1576 1240 1612; baseline -0.006 -8"><span class='ocrx_word' id='word_1_554' title='bbox 911 1581 1015 1612; x_wconf 78' lang='lat' dir='ltr'><strong>gentes,</strong></span> <span class='ocrx_word' id='word_1_555' title='bbox 1024 1576 1126 1609; x_wconf 84' lang='lat' dir='ltr'><strong>dicant,</strong></span> <span class='ocrx_word' id='word_1_556' title='bbox 1137 1583 1240 1611; x_wconf 77' lang='lat' dir='ltr'><strong>quaeso.</strong></span> 
     </span>
    </p>
   </div>
   <div class='ocr_carea' id='block_1_78' title="bbox 946 1622 1153 1656">
    <p class='ocr_par' dir='ltr' id='par_1_78' title="bbox 946 1622 1153 1656">
     <span class='ocr_line' id='line_1_78' title="bbox 946 1622 1153 1656; baseline -0.005 -6"><span class='ocrx_word' id='word_1_557' title='bbox 946 1622 977 1650; x_wconf 82' lang='grc' dir='ltr'><strong>Β.</strong></span> <span class='ocrx_word' id='word_1_558' title='bbox 996 1622 1129 1656; x_wconf 86' lang='lat' dir='ltr'><strong>Quidnam</strong></span> <span class='ocrx_word' id='word_1_559' title='bbox 1141 1623 1153 1649; x_wconf 79' lang='lat' dir='ltr'><strong>‘l</strong></span> 
     </span>
    </p>
   </div>
   <div class='ocr_carea' id='block_1_79' title="bbox 945 1667 1699 1702">
    <p class='ocr_par' dir='ltr' id='par_1_79' title="bbox 945 1667 1699 1702">
     <span class='ocr_line' id='line_1_79' title="bbox 945 1667 1699 1702; baseline -0.001 -6"><span class='ocrx_word' id='word_1_560' title='bbox 945 1669 979 1696; x_wconf 86' lang='lat' dir='ltr'><strong>A.</strong></span> <span class='ocrx_word' id='word_1_561' title='bbox 1008 1667 1075 1696; x_wconf 89' lang='lat' dir='ltr'><strong>Cum</strong></span> <span class='ocrx_word' id='word_1_562' title='bbox 1101 1675 1194 1696; x_wconf 88' lang='lat' dir='ltr'><strong>rerum</strong></span> <span class='ocrx_word' id='word_1_563' title='bbox 1219 1674 1372 1696; x_wconf 88' lang='lat' dir='ltr'><strong>creatarum</strong></span> <span class='ocrx_word' id='word_1_564' title='bbox 1396 1672 1502 1696; x_wconf 67' lang='lat' dir='ltr'><strong>natura:</strong></span> <span class='ocrx_word' id='word_1_565' title='bbox 1527 1667 1647 1702; x_wconf 86' lang='lat' dir='ltr'><strong>Spiritus</strong></span> <span class='ocrx_word' id='word_1_566' title='bbox 1669 1675 1699 1695; x_wconf 83' lang='lat' dir='ltr'><strong>se</strong></span> 
     </span>
    </p>
   </div>
   <div class='ocr_carea' id='block_1_80' title="bbox 911 1713 1700 1750">
    <p class='ocr_par' dir='ltr' id='par_1_80' title="bbox 911 1713 1700 1750">
     <span class='ocr_line' id='line_1_80' title="bbox 911 1713 1700 1750; baseline -0.003 -8"><span class='ocrx_word' id='word_1_567' title='bbox 911 1715 1104 1748; x_wconf 85' lang='lat' dir='ltr'><strong>communicat,</strong></span> <span class='ocrx_word' id='word_1_568' title='bbox 1118 1714 1195 1749; x_wconf 84' lang='lat' dir='ltr'><strong>juvat</strong></span> <span class='ocrx_word' id='word_1_569' title='bbox 1213 1715 1322 1750; x_wconf 84' lang='lat' dir='ltr'><strong>quidem</strong></span> <span class='ocrx_word' id='word_1_570' title='bbox 1347 1714 1433 1749; x_wconf 82' lang='lat' dir='ltr'><strong>ipsam</strong></span> <span class='ocrx_word' id='word_1_571' title='bbox 1448 1713 1540 1749; x_wconf 92' lang='lat' dir='ltr'><strong>procul</strong></span> <span class='ocrx_word' id='word_1_572' title='bbox 1554 1713 1647 1741; x_wconf 90' lang='lat' dir='ltr'><strong>dubio.</strong></span> <span class='ocrx_word' id='word_1_573' title='bbox 1666 1713 1700 1740; x_wconf 80' lang='lat' dir='ltr'><strong>At</strong></span> 
     </span>
    </p>
   </div>
   <div class='ocr_carea' id='block_1_81' title="bbox 910 1758 1701 1796">
    <p class='ocr_par' dir='ltr' id='par_1_81' title="bbox 910 1758 1701 1796">
     <span class='ocr_line' id='line_1_81' title="bbox 910 1758 1701 1796; baseline -0.003 -9"><span class='ocrx_word' id='word_1_574' title='bbox 910 1761 955 1796; x_wconf 90' lang='lat' dir='ltr'><strong>qui</strong></span> <span class='ocrx_word' id='word_1_575' title='bbox 970 1760 1078 1788; x_wconf 87' lang='lat' dir='ltr'><strong>demunt</strong></span> <span class='ocrx_word' id='word_1_576' title='bbox 1094 1760 1159 1788; x_wconf 89' lang='lat' dir='ltr'><strong>illud</strong></span> <span class='ocrx_word' id='word_1_577' title='bbox 1172 1760 1213 1792; x_wconf 84' lang='lat' dir='ltr'><strong>fit.</strong></span> <span class='ocrx_word' id='word_1_578' title='bbox 1230 1759 1339 1787; x_wconf 80' lang='lat' dir='ltr'><strong>amice?</strong></span> <span class='ocrx_word' id='word_1_579' title='bbox 1355 1763 1476 1786; x_wconf 87' lang='lat' dir='ltr'><strong>sanctam</strong></span> <span class='ocrx_word' id='word_1_580' title='bbox 1498 1759 1584 1794; x_wconf 89' lang='lat' dir='ltr'><strong>ipsam</strong></span> <span class='ocrx_word' id='word_1_581' title='bbox 1602 1758 1701 1786; x_wconf 88' lang='lat' dir='ltr'><strong>reddit.</strong></span> 
     </span>
    </p>
   </div>
   <div class='ocr_carea' id='block_1_82' title="bbox 946 1804 1699 1841">
    <p class='ocr_par' dir='ltr' id='par_1_82' title="bbox 946 1804 1699 1841">
     <span class='ocr_line' id='line_1_82' title="bbox 946 1804 1699 1841; baseline -0.004 -8"><span class='ocrx_word' id='word_1_582' title='bbox 946 1806 976 1834; x_wconf 84' lang='grc' dir='ltr'><strong>Β.</strong></span> <span class='ocrx_word' id='word_1_583' title='bbox 992 1806 1110 1835; x_wconf 90' lang='lat' dir='ltr'><strong>Ostende</strong></span> <span class='ocrx_word' id='word_1_584' title='bbox 1123 1813 1188 1841; x_wconf 79' lang='lat' dir='ltr'><strong>ergo</strong></span> <span class='ocrx_word' id='word_1_585' title='bbox 1201 1806 1271 1834; x_wconf 88' lang='lat' dir='ltr'><strong>citra</strong></span> <span class='ocrx_word' id='word_1_586' title='bbox 1293 1805 1500 1833; x_wconf 86' lang='lat' dir='ltr'><strong>obscuritatem.</strong></span> <span class='ocrx_word' id='word_1_587' title='bbox 1523 1804 1699 1838; x_wconf 84' lang='lat' dir='ltr'><strong>Nequaquam</strong></span> 
     </span>
    </p>
   </div>
   <div class='ocr_carea' id='block_1_83' title="bbox 910 1851 1700 1888">
    <p class='ocr_par' dir='ltr' id='par_1_83' title="bbox 910 1851 1700 1888">
     <span class='ocr_line' id='line_1_83' title="bbox 910 1851 1700 1888; baseline -0.004 -7"><span class='ocrx_word' id='word_1_588' title='bbox 910 1855 982 1881; x_wconf 90' lang='lat' dir='ltr'><strong>enim</strong></span> <span class='ocrx_word' id='word_1_589' title='bbox 998 1854 1085 1888; x_wconf 88' lang='lat' dir='ltr'><strong>capio.</strong></span> <span class='ocrx_word' id='word_1_590' title='bbox 1101 1852 1172 1886; x_wconf 86' lang='lat' dir='ltr'><strong>Quid</strong></span> <span class='ocrx_word' id='word_1_591' title='bbox 1189 1860 1270 1886; x_wconf 87' lang='lat' dir='ltr'><strong>porro</strong></span> <span class='ocrx_word' id='word_1_592' title='bbox 1284 1851 1349 1879; x_wconf 93' lang='lat' dir='ltr'><strong>illud</strong></span> <span class='ocrx_word' id='word_1_593' title='bbox 1363 1852 1410 1884; x_wconf 83' lang='lat' dir='ltr'><strong>sit,</strong></span> <span class='ocrx_word' id='word_1_594' title='bbox 1427 1856 1550 1879; x_wconf 82' lang='lat' dir='ltr'><strong>sanctam</strong></span> <span class='ocrx_word' id='word_1_595' title='bbox 1575 1851 1700 1882; x_wconf 84' lang='lat' dir='ltr'><strong>reddere,</strong></span> 
     </span>
    </p>
   </div>
   <div class='ocr_carea' id='block_1_84' title="bbox 910 1899 1254 1935">
    <p class='ocr_par' dir='ltr' id='par_1_84' title="bbox 910 1899 1254 1935">
     <span class='ocr_line' id='line_1_84' title="bbox 910 1899 1254 1935; baseline -0.006 -8"><span class='ocrx_word' id='word_1_596' title='bbox 910 1907 1013 1935; x_wconf 61' lang='lat' dir='ltr'><strong>quaeso,</strong></span> <span class='ocrx_word' id='word_1_597' title='bbox 1027 1899 1092 1926; x_wconf 81' lang='lat' dir='ltr'><strong>milii</strong></span> <span class='ocrx_word' id='word_1_598' title='bbox 1107 1899 1254 1926; x_wconf 86' lang='lat' dir='ltr'><strong>edisseras.</strong></span> 
     </span>
    </p>
   </div>
   <div class='ocr_carea' id='block_1_85' title="bbox 944 1941 1709 1972">
    <p class='ocr_par' dir='ltr' id='par_1_85' title="bbox 944 1941 1709 1972">
     <span class='ocr_line' id='line_1_85' title="bbox 944 1941 1709 1972; baseline -0.005 0"><span class='ocrx_word' id='word_1_599' title='bbox 944 1945 977 1971; x_wconf 85' lang='lat' dir='ltr'><strong>A.</strong></span> <span class='ocrx_word' id='word_1_600' title='bbox 1003 1944 1113 1972; x_wconf 85' lang='lat' dir='ltr'><strong>Faciam</strong></span> <span class='ocrx_word' id='word_1_601' title='bbox 1135 1944 1232 1971; x_wconf 90' lang='lat' dir='ltr'><strong>libens.</strong></span> <span class='ocrx_word' id='word_1_602' title='bbox 1256 1943 1418 1971; x_wconf 85' lang='lat' dir='ltr'><strong>Crcaturam</strong></span> <span class='ocrx_word' id='word_1_603' title='bbox 1441 1943 1514 1969; x_wconf 86' lang='lat' dir='ltr'><strong>enim</strong></span> <span class='ocrx_word' id='word_1_604' title='bbox 1537 1941 1709 1969; x_wconf 84' lang='lat' dir='ltr'><strong>rationalem</strong></span> 
     </span>
    </p>
   </div>
   <div class='ocr_carea' id='block_1_86' title="bbox 910 1982 1703 2026">
    <p class='ocr_par' dir='ltr' id='par_1_86' title="bbox 910 1982 1703 2026">
     <span class='ocr_line' id='line_1_86' title="bbox 910 1982 1703 2026; baseline -0.005 -8"><span class='ocrx_word' id='word_1_605' title='bbox 910 1994 1021 2026; x_wconf 85' lang='lat' dir='ltr'><strong>peccato</strong></span> <span class='ocrx_word' id='word_1_606' title='bbox 1038 1995 1065 2018; x_wconf 90' lang='lat' dir='ltr'><strong>et</strong></span> <span class='ocrx_word' id='word_1_607' title='bbox 1076 1990 1252 2018; x_wconf 85' lang='lat' dir='ltr'><strong>conversione</strong></span> <span class='ocrx_word' id='word_1_608' title='bbox 1264 1982 1297 2016; x_wconf 88' lang='lat' dir='ltr'><strong>ad</strong></span> <span class='ocrx_word' id='word_1_609' title='bbox 1312 1988 1406 2016; x_wconf 86' lang='lat' dir='ltr'><strong>vitium</strong></span> <span class='ocrx_word' id='word_1_610' title='bbox 1428 1988 1508 2023; x_wconf 80' lang='lat'><strong>595</strong></span> <span class='ocrx_word' id='word_1_611' title='bbox 1531 1988 1703 2022; x_wconf 77' lang='lat' dir='ltr'><strong>superiorem-</strong></span> 
     </span>
    </p>
   </div>
   <div class='ocr_carea' id='block_1_87' title="bbox 909 2034 1746 2070">
    <p class='ocr_par' dir='ltr' id='par_1_87' title="bbox 909 2034 1746 2070">
     <span class='ocr_line' id='line_1_87' title="bbox 909 2034 1746 2070; baseline -0.004 -5"><span class='ocrx_word' id='word_1_612' title='bbox 909 2037 1042 2070; x_wconf 86' lang='lat' dir='ltr'><strong>eiiiciens,</strong></span> <span class='ocrx_word' id='word_1_613' title='bbox 1067 2037 1244 2064; x_wconf 80' lang='lat' dir='ltr'><strong>transformat</strong></span> <span class='ocrx_word' id='word_1_614' title='bbox 1267 2043 1326 2063; x_wconf 91' lang='lat' dir='ltr'><strong>eam</strong></span> <span class='ocrx_word' id='word_1_615' title='bbox 1348 2035 1380 2062; x_wconf 86' lang='lat' dir='ltr'><strong>ad</strong></span> <span class='ocrx_word' id='word_1_616' title='bbox 1402 2035 1545 2070; x_wconf 79' lang='lat' dir='ltr'><strong>imaginem</strong></span> <span class='ocrx_word' id='word_1_617' title='bbox 1561 2034 1701 2062; x_wconf 79' lang='lat' dir='ltr'><strong>Creatoris</strong></span> <span class='ocrx_word' id='word_1_618' title='bbox 1741 2060 1746 2066; x_wconf 90' lang='grc'><strong>,</strong></span> 
     </span>
    </p>
   </div>
   <div class='ocr_carea' id='block_1_88' title="bbox 909 2080 1699 2118">
    <p class='ocr_par' dir='ltr' id='par_1_88' title="bbox 909 2080 1699 2118">
     <span class='ocr_line' id='line_1_88' title="bbox 909 2080 1699 2118; baseline -0.005 -7"><span class='ocrx_word' id='word_1_619' title='bbox 909 2091 958 2118; x_wconf 87' lang='lat' dir='ltr'><strong>per</strong></span> <span class='ocrx_word' id='word_1_620' title='bbox 974 2081 1356 2111; x_wconf 84' lang='lat' dir='ltr'><strong>sanetiiicationem.Sanctus</strong></span> <span class='ocrx_word' id='word_1_621' title='bbox 1364 2081 1436 2108; x_wconf 86' lang='lat' dir='ltr'><strong>enim</strong></span> <span class='ocrx_word' id='word_1_622' title='bbox 1454 2085 1496 2108; x_wconf 87' lang='lat' dir='ltr'><strong>est</strong></span> <span class='ocrx_word' id='word_1_623' title='bbox 1509 2080 1623 2108; x_wconf 83' lang='lat' dir='ltr'><strong>Creator</strong></span> <span class='ocrx_word' id='word_1_624' title='bbox 1636 2080 1699 2107; x_wconf 82' lang='lat' dir='ltr'><strong>titti-</strong></span> 
     </span>
    </p>
   </div>
   <div class='ocr_carea' id='block_1_89' title="bbox 909 2127 1701 2162">
    <p class='ocr_par' dir='ltr' id='par_1_89' title="bbox 909 2127 1701 2162">
     <span class='ocr_line' id='line_1_89' title="bbox 909 2127 1701 2162; baseline -0.005 -5"><span class='ocrx_word' id='word_1_625' title='bbox 909 2129 1000 2157; x_wconf 84' lang='lat' dir='ltr'><strong>versi:</strong></span> <span class='ocrx_word' id='word_1_626' title='bbox 1019 2129 1119 2157; x_wconf 85' lang='lat' dir='ltr'><strong>idcirco</strong></span> <span class='ocrx_word' id='word_1_627' title='bbox 1136 2129 1193 2155; x_wconf 88' lang='lat' dir='ltr'><strong>ait:</strong></span> <span class='ocrx_word' id='word_1_628' title='bbox 1218 2137 1227 2154; x_wconf 81' lang='grc' dir='ltr'><strong>ι</strong></span> <span class='ocrx_word' id='word_1_629' title='bbox 1253 2128 1346 2156; x_wconf 89' lang='lat' dir='ltr'><strong>Sancti</strong></span> <span class='ocrx_word' id='word_1_630' title='bbox 1371 2132 1469 2159; x_wconf 85' lang='lat' dir='ltr'><strong>estote,</strong></span> <span class='ocrx_word' id='word_1_631' title='bbox 1495 2127 1624 2162; x_wconf 85' lang='lat' dir='ltr'><strong>quoniam</strong></span> <span class='ocrx_word' id='word_1_632' title='bbox 1649 2134 1701 2161; x_wconf 75' lang='lat' dir='ltr'><strong>ego</strong></span> 
     </span>
    </p>
   </div>
   <div class='ocr_carea' id='block_1_90' title="bbox 909 2173 1170 2202">
    <p class='ocr_par' dir='ltr' id='par_1_90' title="bbox 909 2173 1170 2202">
     <span class='ocr_line' id='line_1_90' title="bbox 909 2173 1170 2202; baseline -0.008 -1"><span class='ocrx_word' id='word_1_633' title='bbox 909 2179 1020 2202; x_wconf 86' lang='lat' dir='ltr'><strong>sanctus</strong></span> <span class='ocrx_word' id='word_1_634' title='bbox 1031 2181 1092 2202; x_wconf 84' lang='lat' dir='ltr'><strong>sum</strong></span> <span class='ocrx_word' id='word_1_635' title='bbox 1111 2173 1145 2200; x_wconf 62' lang='lat'><strong>3’.</strong></span> <span class='ocrx_word' id='word_1_636' title='bbox 1161 2182 1170 2199; x_wconf 74' lang='grc' dir='ltr'><strong>ι</strong></span> 
     </span>
    </p>
   </div>
   <div class='ocr_carea' id='block_1_91' title="bbox 945 2219 1281 2249">
    <p class='ocr_par' dir='ltr' id='par_1_91' title="bbox 945 2219 1281 2249">
     <span class='ocr_line' id='line_1_91' title="bbox 945 2219 1281 2249; baseline -0.009 0"><span class='ocrx_word' id='word_1_637' title='bbox 945 2220 977 2249; x_wconf 88' lang='grc' dir='ltr'><strong>Β.</strong></span> <span class='ocrx_word' id='word_1_638' title='bbox 998 2220 1160 2249; x_wconf 82' lang='lat' dir='ltr'><strong>Rectissime</strong></span> <span class='ocrx_word' id='word_1_639' title='bbox 1179 2219 1281 2248; x_wconf 81' lang='lat' dir='ltr'><strong>dixisti.</strong></span> 
     </span>
    </p>
   </div>
   <div class='ocr_carea' id='block_1_92' title="bbox 100 2265 857 2304">
    <p class='ocr_par' dir='ltr' id='par_1_92' title="bbox 100 2266 857 2304">
     <span class='ocr_line' id='line_1_92' title="bbox 100 2266 857 2304; baseline 0.004 -11"><span class='ocrx_word' id='word_1_640' title='bbox 100 2267 134 2294; x_wconf 81' lang='grc' dir='ltr'><strong>Δ.</strong></span> <span class='ocrx_word' id='word_1_641' title='bbox 163 2266 327 2301; x_wconf 84' lang='grc' dir='ltr'>Ἐκτίσμεθα</span> <span class='ocrx_word' id='word_1_642' title='bbox 343 2267 397 2303; x_wconf 88' lang='grc' dir='ltr'><strong>γὰρ</strong></span> <span class='ocrx_word' id='word_1_643' title='bbox 413 2267 460 2294; x_wconf 76' lang='grc' dir='ltr'>καὶ</span> <span class='ocrx_word' id='word_1_644' title='bbox 477 2268 557 2304; x_wconf 81' lang='grc' dir='ltr'>ἡμεῖς</span> <span class='ocrx_word' id='word_1_645' title='bbox 573 2267 650 2294; x_wconf 77' lang='grc' dir='ltr'>αὐτοὶ</span> <span class='ocrx_word' id='word_1_646' title='bbox 662 2288 670 2301; x_wconf 85' lang='grc'><strong>,</strong></span> <span class='ocrx_word' id='word_1_647' title='bbox 686 2268 746 2295; x_wconf 75' lang='grc' dir='ltr'>κατ’</span> <span class='ocrx_word' id='word_1_648' title='bbox 764 2268 857 2296; x_wconf 85' lang='grc' dir='ltr'>εἰκόνα</span> 
     </span>
    </p>
   </div>
   <div class='ocr_carea' id='block_1_93' title="bbox 913 2265 1699 2304">
    <p class='ocr_par' dir='ltr' id='par_1_93' title="bbox 946 2265 1699 2304">
     <span class='ocr_line' id='line_1_93' title="bbox 946 2265 1699 2304; baseline -0.005 -8"><span class='ocrx_word' id='word_1_649' title='bbox 946 2269 979 2296; x_wconf 83' lang='grc' dir='ltr'><strong>Α.</strong></span> <span class='ocrx_word' id='word_1_650' title='bbox 1000 2267 1052 2304; x_wconf 85' lang='lat' dir='ltr'><strong>ipsi</strong></span> <span class='ocrx_word' id='word_1_651' title='bbox 1071 2268 1144 2296; x_wconf 91' lang='lat' dir='ltr'><strong>enim</strong></span> <span class='ocrx_word' id='word_1_652' title='bbox 1157 2267 1242 2295; x_wconf 78' lang='lat' dir='ltr'><strong>creati</strong></span> <span class='ocrx_word' id='word_1_653' title='bbox 1257 2273 1350 2293; x_wconf 85' lang='lat' dir='ltr'><strong>sumus</strong></span> <span class='ocrx_word' id='word_1_654' title='bbox 1367 2265 1448 2293; x_wconf 88' lang='lat' dir='ltr'><strong>etiam</strong></span> <span class='ocrx_word' id='word_1_655' title='bbox 1466 2265 1500 2293; x_wconf 89' lang='lat' dir='ltr'><strong>ad</strong></span> <span class='ocrx_word' id='word_1_656' title='bbox 1514 2265 1657 2300; x_wconf 76' lang='lat' dir='ltr'><strong>imaginem</strong></span> <span class='ocrx_word' id='word_1_657' title='bbox 1672 2271 1699 2292; x_wconf 90' lang='lat' dir='ltr'><strong>et</strong></span> 
     </span>
    </p>
   </div>
   <div class='ocr_carea' id='block_1_94' title="bbox 65 2313 857 2350">
    <p class='ocr_par' dir='ltr' id='par_1_94' title="bbox 65 2313 857 2350">
     <span class='ocr_line' id='line_1_94' title="bbox 65 2313 857 2350; baseline 0.004 -11"><span class='ocrx_word' id='word_1_658' title='bbox 65 2313 114 2340; x_wconf 77' lang='grc' dir='ltr'>καὶ</span> <span class='ocrx_word' id='word_1_659' title='bbox 129 2313 262 2348; x_wconf 69' lang='grc' dir='ltr'>ὁμοίωσιν</span> <span class='ocrx_word' id='word_1_660' title='bbox 275 2313 352 2340; x_wconf 87' lang='grc' dir='ltr'>Θεοῦ.</span> <span class='ocrx_word' id='word_1_661' title='bbox 362 2315 399 2340; x_wconf 84' lang='grc' dir='ltr'>Τὸ</span> <span class='ocrx_word' id='word_1_662' title='bbox 412 2315 440 2340; x_wconf 75' lang='grc' dir='ltr'><strong>δὲ</strong></span> <span class='ocrx_word' id='word_1_663' title='bbox 453 2314 485 2350; x_wconf 87' lang='grc' dir='ltr'><strong>δὴ</strong></span> <span class='ocrx_word' id='word_1_664' title='bbox 501 2314 545 2341; x_wconf 84' lang='grc' dir='ltr'>τὸν</span> <span class='ocrx_word' id='word_1_665' title='bbox 560 2314 631 2341; x_wconf 84' lang='grc' dir='ltr'>θεῖον</span> <span class='ocrx_word' id='word_1_666' title='bbox 647 2315 713 2350; x_wconf 82' lang='grc' dir='ltr'>ἡμῖν</span> <span class='ocrx_word' id='word_1_667' title='bbox 725 2315 857 2349; x_wconf 75' lang='grc' dir='ltr'>ἐμποιοῦν</span> 
     </span>
    </p>
   </div>
   <div class='ocr_carea' id='block_1_95' title="bbox 65 2358 855 2395">
    <p class='ocr_par' dir='ltr' id='par_1_95' title="bbox 65 2358 855 2395">
     <span class='ocr_line' id='line_1_95' title="bbox 65 2358 855 2395; baseline 0.001 -10"><span class='ocrx_word' id='word_1_668' title='bbox 65 2358 268 2393; x_wconf 80' lang='grc' dir='ltr'>ὲξεικονισμὸν,</span> <span class='ocrx_word' id='word_1_669' title='bbox 292 2358 334 2394; x_wconf 74' lang='grc' dir='ltr'><strong>εἱή</strong></span> <span class='ocrx_word' id='word_1_670' title='bbox 357 2359 387 2394; x_wconf 85' lang='grc' dir='ltr'><strong>δή</strong></span> <span class='ocrx_word' id='word_1_671' title='bbox 411 2368 462 2385; x_wconf 87' lang='grc' dir='ltr'><strong>που</strong></span> <span class='ocrx_word' id='word_1_672' title='bbox 485 2360 593 2391; x_wconf 76' lang='grc' dir='ltr'>πάντως</span> <span class='ocrx_word' id='word_1_673' title='bbox 615 2359 648 2386; x_wconf 80' lang='grc' dir='ltr'><strong>ἃν</strong></span> <span class='ocrx_word' id='word_1_674' title='bbox 670 2359 685 2386; x_wconf 82' lang='grc' dir='ltr'><strong>ὀ</strong></span> <span class='ocrx_word' id='word_1_675' title='bbox 705 2360 855 2395; x_wconf 82' lang='grc' dir='ltr'>ἁγιασμὸς,</span> 
     </span>
    </p>
   </div>
   <div class='ocr_carea' id='block_1_96' title="bbox 63 2403 857 2440">
    <p class='ocr_par' dir='ltr' id='par_1_96' title="bbox 63 2403 857 2440">
     <span class='ocr_line' id='line_1_96' title="bbox 63 2403 857 2440; baseline 0.005 -11"><span class='ocrx_word' id='word_1_676' title='bbox 63 2403 218 2436; x_wconf 79' lang='grc' dir='ltr'>τουτέστιν,</span> <span class='ocrx_word' id='word_1_677' title='bbox 241 2405 257 2438; x_wconf 86' lang='grc' dir='ltr'>ὴ</span> <span class='ocrx_word' id='word_1_678' title='bbox 285 2404 314 2429; x_wconf 84' lang='grc' dir='ltr'>ὲν</span> <span class='ocrx_word' id='word_1_679' title='bbox 338 2404 477 2440; x_wconf 85' lang='grc' dir='ltr'>Πνεύματι</span> <span class='ocrx_word' id='word_1_680' title='bbox 503 2404 611 2440; x_wconf 75' lang='grc' dir='ltr'>μέθεξις</span> <span class='ocrx_word' id='word_1_681' title='bbox 633 2405 680 2432; x_wconf 86' lang='grc' dir='ltr'><strong>τοῦ</strong></span> <span class='ocrx_word' id='word_1_682' title='bbox 703 2405 779 2432; x_wconf 85' lang='grc' dir='ltr'><strong>Υῐοῦ.</strong></span> <span class='ocrx_word' id='word_1_683' title='bbox 803 2406 857 2434; x_wconf 80' lang='grc' dir='ltr'><strong>Καὶ</strong></span> 
     </span>
    </p>
   </div>
   <div class='ocr_carea' id='block_1_97' title="bbox 63 2448 856 2486">
    <p class='ocr_par' dir='ltr' id='par_1_97' title="bbox 63 2448 856 2486">
     <span class='ocr_line' id='line_1_97' title="bbox 63 2448 856 2486; baseline 0.005 -12"><span class='ocrx_word' id='word_1_684' title='bbox 63 2448 143 2483; x_wconf 85' lang='grc' dir='ltr'>γοῦν,</span> <span class='ocrx_word' id='word_1_685' title='bbox 165 2448 210 2475; x_wconf 84' lang='grc' dir='ltr'>ὅτε</span> <span class='ocrx_word' id='word_1_686' title='bbox 227 2449 296 2484; x_wconf 77' lang='grc' dir='ltr'>πρὸς</span> <span class='ocrx_word' id='word_1_687' title='bbox 309 2450 488 2485; x_wconf 83' lang='grc' dir='ltr'>παρατροπὴν</span> <span class='ocrx_word' id='word_1_688' title='bbox 512 2451 528 2485; x_wconf 81' lang='grc' dir='ltr'><strong>ἡ</strong></span> <span class='ocrx_word' id='word_1_689' title='bbox 559 2450 703 2486; x_wconf 84' lang='grc' dir='ltr'>ἀνθρώπου</span> <span class='ocrx_word' id='word_1_690' title='bbox 718 2451 798 2486; x_wconf 83' lang='grc' dir='ltr'>φύσις</span> <span class='ocrx_word' id='word_1_691' title='bbox 816 2451 856 2478; x_wconf 84' lang='grc' dir='ltr'>δι-</span> 
     </span>
    </p>
   </div>
   <div class='ocr_carea' id='block_1_98' title="bbox 63 2496 855 2533">
    <p class='ocr_par' dir='ltr' id='par_1_98' title="bbox 63 2496 855 2533">
     <span class='ocr_line' id='line_1_98' title="bbox 63 2496 855 2533; baseline 0.003 -11"><span class='ocrx_word' id='word_1_692' title='bbox 63 2496 176 2529; x_wconf 83' lang='grc' dir='ltr'>ώλισθε,</span> <span class='ocrx_word' id='word_1_693' title='bbox 186 2497 233 2522; x_wconf 72' lang='grc' dir='ltr'>καὶ</span> <span class='ocrx_word' id='word_1_694' title='bbox 244 2496 275 2522; x_wconf 76' lang='grc' dir='ltr'>τὸ</span> <span class='ocrx_word' id='word_1_695' title='bbox 286 2496 336 2531; x_wconf 82' lang='grc' dir='ltr'>τῆς</span> <span class='ocrx_word' id='word_1_696' title='bbox 349 2497 452 2528; x_wconf 83' lang='grc' dir='ltr'>εἰκόνος</span> <span class='ocrx_word' id='word_1_697' title='bbox 463 2497 560 2529; x_wconf 82' lang='grc' dir='ltr'>κάλλος</span> <span class='ocrx_word' id='word_1_698' title='bbox 569 2497 855 2533; x_wconf 81' lang='grc' dir='ltr'>παρεσημαίνετο,κε-</span> 
     </span>
    </p>
   </div>
   <div class='ocr_carea' id='block_1_99' title="bbox 62 2542 854 2579">
    <p class='ocr_par' dir='ltr' id='par_1_99' title="bbox 62 2542 854 2579">
     <span class='ocr_line' id='line_1_99' title="bbox 62 2542 854 2579; baseline 0 -9"><span class='ocrx_word' id='word_1_699' title='bbox 62 2542 292 2578; x_wconf 82' lang='grc' dir='ltr'>καινουργήμεθα</span> <span class='ocrx_word' id='word_1_700' title='bbox 312 2544 379 2579; x_wconf 76' lang='grc' dir='ltr'>πρὸς</span> <span class='ocrx_word' id='word_1_701' title='bbox 396 2543 427 2569; x_wconf 86' lang='grc' dir='ltr'>τὸ</span> <span class='ocrx_word' id='word_1_702' title='bbox 439 2543 576 2578; x_wconf 82' lang='grc' dir='ltr'>ἀπαρχῆς,</span> <span class='ocrx_word' id='word_1_703' title='bbox 590 2543 854 2579; x_wconf 81' lang='grc' dir='ltr'>ὰναστοιχειούμενοι</span> 
     </span>
    </p>
   </div>
   <div class='ocr_carea' id='block_1_100' title="bbox 62 2582 855 2624">
    <p class='ocr_par' dir='ltr' id='par_1_100' title="bbox 62 2582 855 2624">
     <span class='ocr_line' id='line_1_100' title="bbox 62 2582 855 2624; baseline 0.001 -9"><span class='ocrx_word' id='word_1_704' title='bbox 62 2582 109 2615; x_wconf 69' lang='grc' dir='ltr'>διὰ</span> <span class='ocrx_word' id='word_1_705' title='bbox 119 2589 190 2616; x_wconf 85' lang='grc' dir='ltr'>Πνεύ</span> <span class='ocrx_word' id='word_1_706' title='bbox 195 2598 279 2624; x_wconf 86' lang='grc' dir='ltr'>ματος</span> <span class='ocrx_word' id='word_1_707' title='bbox 290 2589 382 2616; x_wconf 78' lang='grc' dir='ltr'>εἰκόνα</span> <span class='ocrx_word' id='word_1_708' title='bbox 396 2589 443 2616; x_wconf 81' lang='grc' dir='ltr'><strong>τοῦ</strong></span> <span class='ocrx_word' id='word_1_709' title='bbox 458 2589 612 2621; x_wconf 83' lang='grc' dir='ltr'>κτίσαντος,</span> <span class='ocrx_word' id='word_1_710' title='bbox 624 2589 703 2624; x_wconf 85' lang='grc' dir='ltr'>δῆλον</span> <span class='ocrx_word' id='word_1_711' title='bbox 714 2589 742 2615; x_wconf 84' lang='grc' dir='ltr'><strong>δὲ</strong></span> <span class='ocrx_word' id='word_1_712' title='bbox 756 2590 797 2616; x_wconf 81' lang='grc' dir='ltr'>ὅτι</span> <span class='ocrx_word' id='word_1_713' title='bbox 808 2589 855 2616; x_wconf 84' lang='grc' dir='ltr'><strong>τοῦ</strong></span> 
     </span>
    </p>
   </div>
   <div class='ocr_carea' id='block_1_101' title="bbox 62 2633 855 2671">
    <p class='ocr_par' dir='ltr' id='par_1_101' title="bbox 62 2633 855 2671">
     <span class='ocr_line' id='line_1_101' title="bbox 62 2633 855 2671; baseline -0.001 -8"><span class='ocrx_word' id='word_1_714' title='bbox 62 2637 142 2668; x_wconf 78' lang='grc' dir='ltr'>Υἰοῦ,</span> <span class='ocrx_word' id='word_1_715' title='bbox 168 2636 203 2663; x_wconf 84' lang='grc' dir='ltr'><strong>δι’</strong></span> <span class='ocrx_word' id='word_1_716' title='bbox 225 2633 256 2663; x_wconf 74' lang='grc' dir='ltr'><strong>οῦ</strong></span> <span class='ocrx_word' id='word_1_717' title='bbox 269 2636 303 2662; x_wconf 80' lang='grc' dir='ltr'>τὰ</span> <span class='ocrx_word' id='word_1_718' title='bbox 318 2637 406 2663; x_wconf 84' lang='grc' dir='ltr'>πάντα</span> <span class='ocrx_word' id='word_1_719' title='bbox 424 2636 499 2671; x_wconf 85' lang='grc' dir='ltr'><strong>παρά</strong></span> <span class='ocrx_word' id='word_1_720' title='bbox 513 2635 560 2662; x_wconf 85' lang='grc' dir='ltr'><strong>τοῦ</strong></span> <span class='ocrx_word' id='word_1_721' title='bbox 578 2635 694 2671; x_wconf 81' lang='grc' dir='ltr'>Πατρός.</span> <span class='ocrx_word' id='word_1_722' title='bbox 714 2636 769 2662; x_wconf 75' lang='grc' dir='ltr'><strong>Καὶ</strong></span> <span class='ocrx_word' id='word_1_723' title='bbox 789 2636 855 2671; x_wconf 86' lang='grc' dir='ltr'>γοῦν</span> 
     </span>
    </p>
   </div>
   <div class='ocr_carea' id='block_1_102' title="bbox 63 2681 858 2717">
    <p class='ocr_par' dir='ltr' id='par_1_102' title="bbox 63 2681 858 2717">
     <span class='ocr_line' id='line_1_102' title="bbox 63 2681 858 2717; baseline -0.001 -8"><span class='ocrx_word' id='word_1_724' title='bbox 63 2683 77 2709; x_wconf 93' lang='lat'><strong>6</strong></span> <span class='ocrx_word' id='word_1_725' title='bbox 95 2682 254 2717; x_wconf 80' lang='grc' dir='ltr'>σοφώτατος</span> <span class='ocrx_word' id='word_1_726' title='bbox 284 2682 399 2713; x_wconf 86' lang='grc' dir='ltr'>Παῦλος,</span> <span class='ocrx_word' id='word_1_727' title='bbox 425 2682 559 2713; x_wconf 80' lang='grc' dir='ltr'>«Τεκνία,</span> <span class='ocrx_word' id='word_1_728' title='bbox 586 2682 678 2717; x_wconf 65' lang='grc' dir='ltr'>φησιν,</span> <span class='ocrx_word' id='word_1_729' title='bbox 703 2681 750 2713; x_wconf 84' lang='grc' dir='ltr'>οὓς</span> <span class='ocrx_word' id='word_1_730' title='bbox 778 2681 858 2708; x_wconf 84' lang='grc' dir='ltr'>πάλιν</span> 
     </span>
    </p>
   </div>
   <div class='ocr_carea' id='block_1_103' title="bbox 63 2721 857 2764">
    <p class='ocr_par' dir='ltr' id='par_1_103' title="bbox 63 2721 857 2764">
     <span class='ocr_line' id='line_1_103' title="bbox 63 2721 857 2764; baseline 0.003 -10"><span class='ocrx_word' id='word_1_731' title='bbox 63 2728 152 2755; x_wconf 82' lang='grc' dir='ltr'>ὠδίνω</span> <span class='ocrx_word' id='word_1_732' title='bbox 170 2728 250 2764; x_wconf 74' lang='grc' dir='ltr'>ἄχρις</span> <span class='ocrx_word' id='word_1_733' title='bbox 263 2723 294 2754; x_wconf 73' lang='grc' dir='ltr'>οὗ</span> <span class='ocrx_word' id='word_1_734' title='bbox 310 2728 440 2764; x_wconf 78' lang='grc' dir='ltr'>μορφωθῇ</span> <span class='ocrx_word' id='word_1_735' title='bbox 455 2728 572 2764; x_wconf 76' lang='grc' dir='ltr'>Χριστὸς</span> <span class='ocrx_word' id='word_1_736' title='bbox 587 2730 614 2755; x_wconf 82' lang='grc' dir='ltr'>ὲν</span> <span class='ocrx_word' id='word_1_737' title='bbox 631 2721 719 2763; x_wconf 80' lang='grc' dir='ltr'><strong>ὑμῖν.)</strong></span> <span class='ocrx_word' id='word_1_738' title='bbox 734 2728 789 2755; x_wconf 74' lang='grc' dir='ltr'><strong>Καὶ</strong></span> <span class='ocrx_word' id='word_1_739' title='bbox 804 2729 857 2764; x_wconf 83' lang='grc' dir='ltr'>μὴν</span> 
     </span>
    </p>
   </div>
   <div class='ocr_carea' id='block_1_104' title="bbox 62 2771 856 2810">
    <p class='ocr_par' dir='ltr' id='par_1_104' title="bbox 62 2771 856 2810">
     <span class='ocr_line' id='line_1_104' title="bbox 62 2771 856 2810; baseline 0 -8"><span class='ocrx_word' id='word_1_740' title='bbox 62 2775 104 2801; x_wconf 76' lang='grc' dir='ltr'>ὅτι</span> <span class='ocrx_word' id='word_1_741' title='bbox 118 2775 149 2802; x_wconf 80' lang='grc' dir='ltr'>τὸ</span> <span class='ocrx_word' id='word_1_742' title='bbox 162 2775 213 2810; x_wconf 83' lang='grc' dir='ltr'>τῆς</span> <span class='ocrx_word' id='word_1_743' title='bbox 229 2775 324 2801; x_wconf 75' lang='grc' dir='ltr'>ἐνθάδε</span> <span class='ocrx_word' id='word_1_744' title='bbox 346 2774 498 2810; x_wconf 83' lang='grc' dir='ltr'>λεγομένης</span> <span class='ocrx_word' id='word_1_745' title='bbox 518 2774 684 2810; x_wconf 79' lang='grc' dir='ltr'>μορφώσεως</span> <span class='ocrx_word' id='word_1_746' title='bbox 707 2771 791 2808; x_wconf 73' lang='grc' dir='ltr'>εἶδος,</span> <span class='ocrx_word' id='word_1_747' title='bbox 812 2774 856 2802; x_wconf 85' lang='grc' dir='ltr'>διὰ</span> 
     </span>
    </p>
   </div>
   <div class='ocr_carea' id='block_1_105' title="bbox 63 2820 855 2857">
    <p class='ocr_par' dir='ltr' id='par_1_105' title="bbox 63 2820 855 2857">
     <span class='ocr_line' id='line_1_105' title="bbox 63 2820 855 2857; baseline -0.001 -9"><span class='ocrx_word' id='word_1_748' title='bbox 63 2820 110 2848; x_wconf 84' lang='grc' dir='ltr'><strong>τοῦ</strong></span> <span class='ocrx_word' id='word_1_749' title='bbox 134 2821 215 2856; x_wconf 81' lang='grc' dir='ltr'>ἁγίου</span> <span class='ocrx_word' id='word_1_750' title='bbox 243 2820 403 2856; x_wconf 80' lang='grc' dir='ltr'>Πνεῦματος</span> <span class='ocrx_word' id='word_1_751' title='bbox 419 2821 615 2856; x_wconf 77' lang='grc' dir='ltr'>ἐνσημαίνεται</span> <span class='ocrx_word' id='word_1_752' title='bbox 630 2822 690 2853; x_wconf 79' lang='grc' dir='ltr'>ταῖς</span> <span class='ocrx_word' id='word_1_753' title='bbox 706 2820 855 2857; x_wconf 77' lang='grc' dir='ltr'>ἡμετέραις</span> 
     </span>
    </p>
   </div>
   <div class='ocr_carea' id='block_1_106' title="bbox 101 2900 870 2948">
    <p class='ocr_par' dir='ltr' id='par_1_106' title="bbox 101 2900 870 2948">
     <span class='ocr_line' id='line_1_106' title="bbox 101 2900 870 2948; baseline -0.005 -3"><span class='ocrx_word' id='word_1_754' title='bbox 101 2914 124 2931; x_wconf 85' lang='grc' dir='ltr'><strong>ι·</strong></span> <span class='ocrx_word' id='word_1_755' title='bbox 138 2913 228 2945; x_wconf 79' lang='lat' dir='ltr'><strong>Levii.</strong></span> <span class='ocrx_word' id='word_1_756' title='bbox 245 2920 302 2943; x_wconf 69' lang='grc' dir='ltr'>χιι.</span> <span class='ocrx_word' id='word_1_757' title='bbox 323 2900 384 2941; x_wconf 59' lang='grc' dir='ltr'><strong>2δῇ</strong></span> <span class='ocrx_word' id='word_1_758' title='bbox 405 2912 534 2948; x_wconf 70' lang='lat' dir='ltr'><strong>“Germ,</strong></span> <span class='ocrx_word' id='word_1_759' title='bbox 552 2912 596 2941; x_wconf 74' lang='lat' dir='ltr'><strong>ac.</strong></span> <span class='ocrx_word' id='word_1_760' title='bbox 634 2912 754 2941; x_wconf 70' lang='lat' dir='ltr'><strong>“Calai.</strong></span> <span class='ocrx_word' id='word_1_761' title='bbox 770 2920 806 2946; x_wconf 82' lang='lat' dir='ltr'><strong>IV,</strong></span> <span class='ocrx_word' id='word_1_762' title='bbox 827 2913 870 2941; x_wconf 83' lang='lat' dir='ltr'><strong>r9.</strong></span> 
     </span>
    </p>
   </div>
   <div class='ocr_carea' id='block_1_107' title="bbox 911 2311 1699 2347">
    <p class='ocr_par' dir='ltr' id='par_1_107' title="bbox 911 2311 1699 2347">
     <span class='ocr_line' id='line_1_107' title="bbox 911 2311 1699 2347; baseline -0.006 -4"><span class='ocrx_word' id='word_1_763' title='bbox 911 2315 1119 2344; x_wconf 79' lang='lat' dir='ltr'><strong>similitudinem</strong></span> <span class='ocrx_word' id='word_1_764' title='bbox 1136 2313 1183 2341; x_wconf 87' lang='lat' dir='ltr'><strong>Dei</strong></span> <span class='ocrx_word' id='word_1_765' title='bbox 1195 2313 1230 2342; x_wconf 80' lang='lat'><strong>&quot;.</strong></span> <span class='ocrx_word' id='word_1_766' title='bbox 1248 2313 1278 2340; x_wconf 85' lang='lat' dir='ltr'><strong>id</strong></span> <span class='ocrx_word' id='word_1_767' title='bbox 1295 2317 1386 2340; x_wconf 86' lang='lat' dir='ltr'><strong>autem</strong></span> <span class='ocrx_word' id='word_1_768' title='bbox 1401 2311 1473 2347; x_wconf 90' lang='lat' dir='ltr'><strong>quod</strong></span> <span class='ocrx_word' id='word_1_769' title='bbox 1488 2311 1607 2338; x_wconf 88' lang='lat' dir='ltr'><strong>divinam</strong></span> <span class='ocrx_word' id='word_1_770' title='bbox 1621 2311 1699 2339; x_wconf 90' lang='lat' dir='ltr'><strong>nobis</strong></span> 
     </span>
    </p>
   </div>
   <div class='ocr_carea' id='block_1_108' title="bbox 909 2358 1697 2397">
    <p class='ocr_par' dir='ltr' id='par_1_108' title="bbox 909 2358 1697 2397">
     <span class='ocr_line' id='line_1_108' title="bbox 909 2358 1697 2397; baseline -0.006 -8"><span class='ocrx_word' id='word_1_771' title='bbox 909 2362 1056 2397; x_wconf 80' lang='lat' dir='ltr'><strong>imaginem</strong></span> <span class='ocrx_word' id='word_1_772' title='bbox 1080 2361 1160 2393; x_wconf 75' lang='lat' dir='ltr'><strong>indit,</strong></span> <span class='ocrx_word' id='word_1_773' title='bbox 1176 2361 1269 2395; x_wconf 87' lang='lat' dir='ltr'><strong>utique</strong></span> <span class='ocrx_word' id='word_1_774' title='bbox 1295 2364 1337 2388; x_wconf 92' lang='lat' dir='ltr'><strong>est</strong></span> <span class='ocrx_word' id='word_1_775' title='bbox 1361 2358 1551 2390; x_wconf 84' lang='lat' dir='ltr'><strong>sanctificatio,</strong></span> <span class='ocrx_word' id='word_1_776' title='bbox 1567 2358 1618 2385; x_wconf 89' lang='lat' dir='ltr'><strong>hoc</strong></span> <span class='ocrx_word' id='word_1_777' title='bbox 1640 2362 1697 2390; x_wconf 79' lang='lat' dir='ltr'><strong>est,</strong></span> 
     </span>
    </p>
   </div>
   <div class='ocr_carea' id='block_1_109' title="bbox 909 2403 1698 2444">
    <p class='ocr_par' dir='ltr' id='par_1_109' title="bbox 909 2403 1698 2444">
     <span class='ocr_line' id='line_1_109' title="bbox 909 2403 1698 2444; baseline -0.006 -8"><span class='ocrx_word' id='word_1_778' title='bbox 909 2408 1081 2444; x_wconf 85' lang='lat' dir='ltr'><strong>partieipatio</strong></span> <span class='ocrx_word' id='word_1_779' title='bbox 1093 2407 1153 2435; x_wconf 82' lang='lat' dir='ltr'><strong>Filii</strong></span> <span class='ocrx_word' id='word_1_780' title='bbox 1168 2408 1194 2435; x_wconf 91' lang='lat' dir='ltr'><strong>in</strong></span> <span class='ocrx_word' id='word_1_781' title='bbox 1208 2407 1321 2442; x_wconf 90' lang='lat' dir='ltr'><strong>Spiritu.</strong></span> <span class='ocrx_word' id='word_1_782' title='bbox 1337 2405 1415 2434; x_wconf 88' lang='lat' dir='ltr'><strong>Unde</strong></span> <span class='ocrx_word' id='word_1_783' title='bbox 1428 2412 1490 2433; x_wconf 90' lang='lat' dir='ltr'><strong>cum</strong></span> <span class='ocrx_word' id='word_1_784' title='bbox 1503 2405 1530 2432; x_wconf 92' lang='lat' dir='ltr'><strong>in</strong></span> <span class='ocrx_word' id='word_1_785' title='bbox 1544 2404 1639 2431; x_wconf 88' lang='lat' dir='ltr'><strong>vitium</strong></span> <span class='ocrx_word' id='word_1_786' title='bbox 1651 2403 1698 2432; x_wconf 87' lang='lat' dir='ltr'><strong>de-</strong></span> 
     </span>
    </p>
   </div>
   <div class='ocr_carea' id='block_1_110' title="bbox 909 2449 1698 2490">
    <p class='ocr_par' dir='ltr' id='par_1_110' title="bbox 909 2449 1698 2490">
     <span class='ocr_line' id='line_1_110' title="bbox 909 2449 1698 2490; baseline -0.009 -7"><span class='ocrx_word' id='word_1_787' title='bbox 909 2455 985 2490; x_wconf 83' lang='lat' dir='ltr'><strong>lapsa</strong></span> <span class='ocrx_word' id='word_1_788' title='bbox 1003 2455 1039 2482; x_wconf 80' lang='lat' dir='ltr'><strong>sit</strong></span> <span class='ocrx_word' id='word_1_789' title='bbox 1061 2459 1157 2481; x_wconf 89' lang='lat' dir='ltr'><strong>natura</strong></span> <span class='ocrx_word' id='word_1_790' title='bbox 1172 2453 1302 2485; x_wconf 80' lang='lat' dir='ltr'><strong>hominis,</strong></span> <span class='ocrx_word' id='word_1_791' title='bbox 1322 2457 1350 2480; x_wconf 91' lang='lat' dir='ltr'><strong>et</strong></span> <span class='ocrx_word' id='word_1_792' title='bbox 1373 2451 1499 2487; x_wconf 76' lang='lat' dir='ltr'><strong>imaginis</strong></span> <span class='ocrx_word' id='word_1_793' title='bbox 1519 2449 1698 2485; x_wconf 90' lang='lat' dir='ltr'><strong>pulchritudi-</strong></span> 
     </span>
    </p>
   </div>
   <div class='ocr_carea' id='block_1_111' title="bbox 911 2497 1698 2534">
    <p class='ocr_par' dir='ltr' id='par_1_111' title="bbox 911 2497 1698 2534">
     <span class='ocr_line' id='line_1_111' title="bbox 911 2497 1698 2534; baseline -0.008 -5"><span class='ocrx_word' id='word_1_794' title='bbox 911 2509 973 2530; x_wconf 87' lang='lat' dir='ltr'><strong>nem</strong></span> <span class='ocrx_word' id='word_1_795' title='bbox 991 2501 1159 2532; x_wconf 88' lang='lat' dir='ltr'><strong>adulterarit,</strong></span> <span class='ocrx_word' id='word_1_796' title='bbox 1178 2501 1204 2527; x_wconf 95' lang='lat' dir='ltr'><strong>in</strong></span> <span class='ocrx_word' id='word_1_797' title='bbox 1220 2500 1365 2534; x_wconf 89' lang='lat' dir='ltr'><strong>pristinum</strong></span> <span class='ocrx_word' id='word_1_798' title='bbox 1387 2503 1487 2526; x_wconf 85' lang='lat' dir='ltr'><strong>statum</strong></span> <span class='ocrx_word' id='word_1_799' title='bbox 1507 2497 1628 2524; x_wconf 85' lang='lat' dir='ltr'><strong>renovati</strong></span> <span class='ocrx_word' id='word_1_800' title='bbox 1653 2504 1698 2524; x_wconf 81' lang='lat' dir='ltr'><strong>su-</strong></span> 
     </span>
    </p>
   </div>
   <div class='ocr_carea' id='block_1_112' title="bbox 910 2542 1698 2581">
    <p class='ocr_par' dir='ltr' id='par_1_112' title="bbox 910 2542 1698 2581">
     <span class='ocr_line' id='line_1_112' title="bbox 910 2542 1698 2581; baseline -0.008 -7"><span class='ocrx_word' id='word_1_801' title='bbox 910 2555 979 2580; x_wconf 85' lang='lat' dir='ltr'><strong>mus,</strong></span> <span class='ocrx_word' id='word_1_802' title='bbox 997 2546 1135 2574; x_wconf 74' lang='lat' dir='ltr'><strong>reformati</strong></span> <span class='ocrx_word' id='word_1_803' title='bbox 1153 2553 1201 2581; x_wconf 88' lang='lat' dir='ltr'><strong>per</strong></span> <span class='ocrx_word' id='word_1_804' title='bbox 1215 2545 1344 2580; x_wconf 90' lang='lat' dir='ltr'><strong>Spiritum</strong></span> <span class='ocrx_word' id='word_1_805' title='bbox 1366 2545 1400 2571; x_wconf 91' lang='lat' dir='ltr'><strong>ad</strong></span> <span class='ocrx_word' id='word_1_806' title='bbox 1416 2544 1561 2579; x_wconf 82' lang='lat' dir='ltr'><strong>imaginem</strong></span> <span class='ocrx_word' id='word_1_807' title='bbox 1585 2542 1698 2570; x_wconf 81' lang='lat' dir='ltr'><strong>Creato-</strong></span> 
     </span>
    </p>
   </div>
   <div class='ocr_carea' id='block_1_113' title="bbox 909 2588 1696 2626">
    <p class='ocr_par' dir='ltr' id='par_1_113' title="bbox 909 2588 1696 2626">
     <span class='ocr_line' id='line_1_113' title="bbox 909 2588 1696 2626; baseline -0.008 -5"><span class='ocrx_word' id='word_1_808' title='bbox 909 2594 957 2626; x_wconf 85' lang='lat' dir='ltr'><strong>ris,</strong></span> <span class='ocrx_word' id='word_1_809' title='bbox 969 2593 1030 2622; x_wconf 87' lang='lat' dir='ltr'><strong>Filii</strong></span> <span class='ocrx_word' id='word_1_810' title='bbox 1046 2593 1185 2624; x_wconf 79' lang='lat' dir='ltr'><strong>nimirum,</strong></span> <span class='ocrx_word' id='word_1_811' title='bbox 1205 2599 1253 2626; x_wconf 91' lang='lat' dir='ltr'><strong>per</strong></span> <span class='ocrx_word' id='word_1_812' title='bbox 1270 2598 1350 2625; x_wconf 91' lang='lat' dir='ltr'><strong>quem</strong></span> <span class='ocrx_word' id='word_1_813' title='bbox 1370 2590 1461 2618; x_wconf 88' lang='lat' dir='ltr'><strong>omnia</strong></span> <span class='ocrx_word' id='word_1_814' title='bbox 1485 2597 1499 2616; x_wconf 92' lang='lat' dir='ltr'><strong>a</strong></span> <span class='ocrx_word' id='word_1_815' title='bbox 1517 2589 1606 2616; x_wconf 80' lang='lat' dir='ltr'><strong>Patre.</strong></span> <span class='ocrx_word' id='word_1_816' title='bbox 1625 2588 1696 2622; x_wconf 87' lang='lat' dir='ltr'><strong>Quo-</strong></span> 
     </span>
    </p>
   </div>
   <div class='ocr_carea' id='block_1_114' title="bbox 911 2634 1699 2674">
    <p class='ocr_par' dir='ltr' id='par_1_114' title="bbox 911 2634 1699 2674">
     <span class='ocr_line' id='line_1_114' title="bbox 911 2634 1699 2674; baseline -0.004 -9"><span class='ocrx_word' id='word_1_817' title='bbox 911 2639 984 2665; x_wconf 87' lang='lat' dir='ltr'><strong>circa</strong></span> <span class='ocrx_word' id='word_1_818' title='bbox 1011 2637 1228 2674; x_wconf 85' lang='lat' dir='ltr'><strong>sapientissimus</strong></span> <span class='ocrx_word' id='word_1_819' title='bbox 1251 2635 1350 2663; x_wconf 85' lang='lat' dir='ltr'><strong>Paulus</strong></span> <span class='ocrx_word' id='word_1_820' title='bbox 1370 2643 1379 2662; x_wconf 88' lang='lat'><strong>:</strong></span> <span class='ocrx_word' id='word_1_821' title='bbox 1402 2644 1411 2661; x_wconf 78' lang='grc' dir='ltr'><strong>ι</strong></span> <span class='ocrx_word' id='word_1_822' title='bbox 1428 2634 1516 2662; x_wconf 82' lang='lat' dir='ltr'><strong>Filioli</strong></span> <span class='ocrx_word' id='word_1_823' title='bbox 1538 2635 1605 2668; x_wconf 82' lang='lat' dir='ltr'><strong>mei,</strong></span> <span class='ocrx_word' id='word_1_824' title='bbox 1631 2641 1699 2668; x_wconf 85' lang='lat' dir='ltr'><strong>quos</strong></span> 
     </span>
    </p>
   </div>
   <div class='ocr_carea' id='block_1_115' title="bbox 911 2680 1699 2718">
    <p class='ocr_par' dir='ltr' id='par_1_115' title="bbox 911 2680 1699 2718">
     <span class='ocr_line' id='line_1_115' title="bbox 911 2680 1699 2718; baseline -0.006 -7"><span class='ocrx_word' id='word_1_825' title='bbox 911 2685 1009 2712; x_wconf 88' lang='lat' dir='ltr'><strong>iterum</strong></span> <span class='ocrx_word' id='word_1_826' title='bbox 1033 2683 1164 2718; x_wconf 84' lang='lat' dir='ltr'><strong>parturio,</strong></span> <span class='ocrx_word' id='word_1_827' title='bbox 1191 2682 1276 2709; x_wconf 88' lang='lat' dir='ltr'><strong>donec</strong></span> <span class='ocrx_word' id='word_1_828' title='bbox 1299 2681 1431 2708; x_wconf 88' lang='lat' dir='ltr'><strong>formetur</strong></span> <span class='ocrx_word' id='word_1_829' title='bbox 1450 2680 1575 2708; x_wconf 81' lang='lat' dir='ltr'><strong>Christus</strong></span> <span class='ocrx_word' id='word_1_830' title='bbox 1602 2681 1629 2706; x_wconf 80' lang='lat' dir='ltr'><strong>in</strong></span> <span class='ocrx_word' id='word_1_831' title='bbox 1653 2688 1699 2706; x_wconf 74' lang='lat' dir='ltr'><strong>vo-</strong></span> 
     </span>
    </p>
   </div>
   <div class='ocr_carea' id='block_1_116' title="bbox 911 2725 1698 2763">
    <p class='ocr_par' dir='ltr' id='par_1_116' title="bbox 911 2725 1698 2763">
     <span class='ocr_line' id='line_1_116' title="bbox 911 2725 1698 2763; baseline -0.006 -6"><span class='ocrx_word' id='word_1_832' title='bbox 911 2730 994 2758; x_wconf 72' lang='lat' dir='ltr'><strong>bis“.</strong></span> <span class='ocrx_word' id='word_1_833' title='bbox 1015 2740 1024 2756; x_wconf 73' lang='grc' dir='ltr'><strong>ι</strong></span> <span class='ocrx_word' id='word_1_834' title='bbox 1044 2730 1128 2757; x_wconf 89' lang='lat' dir='ltr'><strong>Porro</strong></span> <span class='ocrx_word' id='word_1_835' title='bbox 1144 2728 1260 2763; x_wconf 88' lang='lat' dir='ltr'><strong>speciem</strong></span> <span class='ocrx_word' id='word_1_836' title='bbox 1278 2727 1368 2763; x_wconf 81' lang='lat' dir='ltr'><strong>ejusce</strong></span> <span class='ocrx_word' id='word_1_837' title='bbox 1384 2725 1553 2754; x_wconf 85' lang='lat' dir='ltr'><strong>formationis</strong></span> <span class='ocrx_word' id='word_1_838' title='bbox 1567 2733 1615 2760; x_wconf 90' lang='lat' dir='ltr'><strong>per</strong></span> <span class='ocrx_word' id='word_1_839' title='bbox 1636 2725 1698 2759; x_wconf 83' lang='lat' dir='ltr'><strong>Spi-</strong></span> 
     </span>
    </p>
   </div>
   <div class='ocr_carea' id='block_1_117' title="bbox 909 2770 1699 2807">
    <p class='ocr_par' dir='ltr' id='par_1_117' title="bbox 909 2770 1699 2807">
     <span class='ocr_line' id='line_1_117' title="bbox 909 2770 1699 2807; baseline -0.008 -3"><span class='ocrx_word' id='word_1_840' title='bbox 909 2777 991 2804; x_wconf 88' lang='lat' dir='ltr'><strong>ritum</strong></span> <span class='ocrx_word' id='word_1_841' title='bbox 1019 2780 1142 2804; x_wconf 81' lang='lat' dir='ltr'><strong>sanctum</strong></span> <span class='ocrx_word' id='word_1_842' title='bbox 1173 2774 1316 2802; x_wconf 86' lang='lat' dir='ltr'><strong>animabus</strong></span> <span class='ocrx_word' id='word_1_843' title='bbox 1348 2773 1449 2801; x_wconf 85' lang='lat' dir='ltr'><strong>nostris</strong></span> <span class='ocrx_word' id='word_1_844' title='bbox 1476 2771 1613 2807; x_wconf 82' lang='lat' dir='ltr'><strong>imprimi,</strong></span> <span class='ocrx_word' id='word_1_845' title='bbox 1642 2770 1699 2804; x_wconf 82' lang='lat' dir='ltr'><strong>ipse</strong></span> 
     </span>
    </p>
   </div>
   <div class='ocr_carea' id='block_1_118' title="bbox 909 2813 1700 2849">
    <p class='ocr_par' dir='ltr' id='par_1_118' title="bbox 909 2813 1700 2849">
     <span class='ocr_line' id='line_1_118' title="bbox 909 2813 1700 2849; baseline -0.009 0"><span class='ocrx_word' id='word_1_846' title='bbox 909 2821 1033 2849; x_wconf 88' lang='lat' dir='ltr'><strong>ostendet</strong></span> <span class='ocrx_word' id='word_1_847' title='bbox 1050 2820 1171 2849; x_wconf 84' lang='lat' dir='ltr'><strong>clamans</strong></span> <span class='ocrx_word' id='word_1_848' title='bbox 1188 2829 1194 2847; x_wconf 92' lang='lat'>:</span> <span class='ocrx_word' id='word_1_849' title='bbox 1217 2828 1227 2846; x_wconf 76' lang='grc' dir='ltr'><strong>ι</strong></span> <span class='ocrx_word' id='word_1_850' title='bbox 1248 2818 1381 2847; x_wconf 79' lang='lat' dir='ltr'><strong>Nos‘vero</strong></span> <span class='ocrx_word' id='word_1_851' title='bbox 1401 2825 1496 2846; x_wconf 85' lang='lat' dir='ltr'><strong>omnes</strong></span> <span class='ocrx_word' id='word_1_852' title='bbox 1518 2815 1635 2844; x_wconf 81' lang='lat' dir='ltr'><strong>revelata</strong></span> <span class='ocrx_word' id='word_1_853' title='bbox 1656 2813 1700 2843; x_wconf 46' lang='lat' dir='ltr'><strong>[an</strong></span> 
     </span>
    </p>
   </div>
  </div>
