1937 3036
156 151 227 180 1019
672 152 701 182 S.
721 153 858 182 CYRILLI
877 154 1114 183 ALEXANDRINI
1134 155 1294 184 ARCHIEP.
1716 155 1791 184 1020

155 211 296 244 ctiﬁcatio,
314 213 439 248 quamvis
456 214 527 242 Deus
546 213 693 242 secundum
713 218 838 241 naturam
861 214 920 242 sit:

1026 225 1035 242 ν
1048 215 1186 252 ἀληθινὸν,
1203 217 1324 244 ἐπακτὸν
1341 217 1438 252 ἔχοντα
1451 217 1497 245 τὸν
1520 217 1671 253 ἁγιασμδν,
1687 214 1791 251 οἷσπερ

155 264 253 290 verus,
277 258 344 286 nihil
358 259 415 293 jam
437 259 627 294 impediturum
650 259 686 286 sit
706 259 852 293 quominus
877 267 920 287 san

1025 270 1029 285 ν
1053 261 1189 297 βούλοιντο
1211 263 1446 290 καταδεικνύντων
1467 264 1572 298 λόγοις·
1587 265 1603 300 ἢ
1621 264 1672 290 οὐκ
1687 262 1790 298 ἀληθὲς

156 303 305 331 ctilicatum
321 305 402 332 etiam
417 305 504 340 ipsum
519 312 580 333 esse
593 304 674 332 stulte
691 310 827 339 putemus,
844 312 877 333 ex
889 312 921 340 qu

1025 307 1095 337 πεῖν,
1109 306 1147 338 ὼς
1161 307 1241 343 εἴπερ
1257 308 1332 334 ἐστὶν
1356 309 1384 334 ἐν
1405 308 1464 344 Υίῷ
1487 309 1517 336 rb
1539 309 1671 345 ήγιάσθαι
1698 307 1787 338 δοτδν,

156 354 209 382 est,
225 349 344 384 Patrem,
359 351 420 378 licet
436 350 508 379 Dens
519 359 599 378 verus
614 357 675 379 esse
691 350 837 378 credatur?

1026 351 1059 386 εῷ
1074 352 1143 379 κατὰ
1158 352 1238 387 φύσιν
1258 353 1314 380 ὕντι
1333 354 1382 381 καὶ
1402 354 1533 390 ἀληθινῷ,
1548 355 1636 387 οὐδὲν,
1652 352 1742 389 οἶμαι,
1758 352 1791 379 τὸ

142 397 287 432 ’ἀπεῖργον
308 398 348 424 ἔτι
371 398 418 424 καὶ
443 397 523 425 αὑτὸν
545 397 686 433 ἡγιάσθαι,
709 397 858 433 φληνάφως
880 397 1014 432 ὑπονοεῖν,
1026 398 1072 425 τὸν
1088 399 1117 432 ἐξ
1151 396 1237 436 οὗπερ
1273 401 1343 434 ἐστὶ,
1367 401 1491 438 Πατέρα.
1515 403 1564 429 καὶ
1597 403 1623 429 εἰ
1639 401 1706 432 Θεὸς
1722 400 1792 434 ἀλη-

157 443 230 476 θινὸς
244 442 312 471 εῖναι
325 444 517 478 «tentare-urat;

192 491 222 518 Β.
244 490 442 519 Periclitamur.

1033 489 1063 516 B.
1084 489 1293 525 Κινδυνεύομεν.

192 535 224 563 Α.
247 534 281 563 Ut
298 540 387 563 autem
406 535 479 563 omni
497 543 530 564 ex
544 541 621 571 parte
636 535 718 570 impie
737 536 844 563 illorum
860 543 942 571 expu~

1031 536 1063 562 A.
1093 536 1150 562 Ἵνα
1181 536 1210 563 δὲ
1236 536 1402 572 πανταχόθεν
1428 537 1519 564 αὐτῶν
1544 537 1576 564 τὺ
1601 537 1710 565 ἀνόσιον
1743 539 1792 566 ὲκ-

157 586 254 616 gnetur
283 582 415 615 audacia,
449 590 502 610 non
529 583 643 610 verebor
669 583 771 618 aliquid
796 583 922 610 absurdm

1026 579 1176 615 λλιορκῆται
1189 579 1301 616 θράσος,
1314 583 1513 618 κατοκνήσαιμ.⁹
1535 582 1569 609 ἄν
1589 582 1726 618 οὐδαμῶς,
1742 584 1791 611 καί

157 636 264 662 quoque
289 628 420 663 proferre.
437 628 563 663 Nunquid
583 629 654 656 enim
678 629 727 656 soli
751 636 784 656 ac
811 630 922 663 prtecipu

1035 626 1089 653 τῶν
1102 627 1142 659 εις
1156 627 1272 654 ἀτοπίαν
1282 627 1405 664 ἡκόντων
1420 629 1507 655 εἰπεῖν
1517 637 1524 643 ·
1544 628 1560 664 ἢ
1578 629 1633 665 γὰρ
1649 630 1709 665 οὐχὶ
1723 630 1792 665 πρέ-

156 674 299 701 conveniet
320 681 352 701 ac
379 674 512 702 tribuetur
538 675 653 702 naturali
678 675 732 702 Deo
754 675 921 703 sanctiﬁcnm

1026 681 1045 698 ιι
1061 672 1093 700 ἂν
1106 672 1180 708 μόνῳ
1194 682 1224 700 τε
1240 673 1287 700 καὶ
1299 673 1446 709 ἐξαιρέτως
1461 674 1647 706 ἀνακείσεται,
1662 676 1693 702 rb
1707 676 1791 710 ἁγιά-

156 725 287 755 potestas,
309 721 389 749 sicuti
412 722 540 750 nimirum
557 726 584 750 et
607 729 623 749 ε
639 723 725 750 nihilo
743 729 786 750 res
805 723 832 750 in
852 728 921 750 ortu:

1027 727 1056 744 νιν
1073 718 1202 746 δύνασθαι
1217 719 1255 754 τῷ
1273 727 1305 753 γε
1317 719 1375 746 ὄντι
1393 720 1465 747 κατὰ
1477 719 1559 754 φύσιν
1573 720 1644 756 Θεῷ.
1661 722 1792 757 καθάπερ

156 767 320 801 producendi
334 768 346 795 τ
1001 765 1097 800 ἀμέλει
1114 765 1162 792 καὶ
1184 765 1214 792 rb
1227 766 1260 793 ὲκ
1273 765 1320 792 τοῦ
1335 766 1374 801 μὴ
1391 765 1466 798 ὄντος
1481 766 1521 798 εις
1534 766 1565 793 τὸ
1581 766 1652 794 εἶναι
1676 767 1710 795 τὰ
1725 768 1794 796 ὄντα

1003 811 1093 838 καλεῖν
1103 821 1110 843 ;

192 858 222 886 Β.
244 859 401 886 Tribuclur.

964 857 985 886 Β
1034 856 1065 883 Β.
1092 857 1291 884 ’Δνακείσεται.

192 905 224 931 Α.
247 905 339 939 Igitur,
357 906 380 932 si
397 905 497 937 Filius,
514 906 587 933 inter
610 910 751 934 creaturas
771 911 944 938 numeratus,

1033 905 1066 930 A.
1087 903 1202 936 Οὐκοῦν,
1216 904 1241 930 ει
1252 903 1309 935 τοῖς
1321 902 1470 938 κτίσμασιν
1482 902 1642 939 ἐναρίθμιος
1657 903 1792 939 ὑπάρχων

158 955 186 977 ιιι
201 951 238 977 illi
255 952 369 978 absurde
382 959 414 979 ac
430 951 531 979 nefarie
547 953 654 984 docent,
675 960 705 980 ea
726 960 785 987 qua:
799 953 923 980 secundm

1025 950 1090 982 Υἱὸς
1100 970 1107 981 ,
1123 950 1196 977 κατά
1209 958 1242 984 γε
1257 948 1303 976 τὸν
1318 949 1382 984 παρ’
1395 948 1511 981 ἐκείνοις
1525 949 1605 983 λόγον
1619 948 1665 976 τὸν
1680 948 1789 983 ἀκαλλῆ

159 1002 285 1023 naturam
299 997 409 1031 propria
423 1002 450 1024 et
462 998 608 1031 peculiaria
627 1003 689 1024 sunt
704 998 811 1025 deitatis
830 998 920 1032 perlici

1050 996 1098 1023 καὶ
1114 995 1328 1031 βδελυρώτατον,
1344 995 1379 1021 τὰ
1395 995 1445 1030 τῆς
1462 994 1535 1021 κατὰ
1557 995 1638 1030 φύσιν
1663 994 1791 1030 θεότητος

157 1045 185 1068 et
205 1041 296 1076 gloriae
313 1050 367 1068 sua!
385 1047 489 1070 natura:
509 1043 620 1069 ascribit
638 1043 768 1077 (seipsum
789 1043 860 1070 enim
881 1051 922 1070 sar

1025 1051 1053 1070 ια
1078 1043 1126 1069 καὶ
1149 1042 1277 1077 ἐξαίρετα
1293 1041 1518 1076 διάπεραίνεται,
1541 1041 1589 1068 καὶ
1612 1041 1722 1076 φύσεως
1739 1041 1790 1076 τῆς

158 1087 292 1114 ctiﬁcasse
307 1088 342 1114 ait
355 1087 400 1122 "),
411 1088 443 1114 ad
452 1093 607 1115 creaturam
623 1088 732 1122 quidem
745 1089 856 1116 deducta
871 1097 920 1117 sun

1025 1090 1066 1121 ίας
1081 1090 1199 1116 ποιεῖται
1216 1089 1306 1122 δόξαν,
1322 1087 1418 1115 ἑαυτὸν
1436 1087 1491 1123 γὰρ
1504 1087 1614 1120 ἁγιάσαι
1627 1087 1706 1123 φησὶ,
1723 1096 1790 1115 κατ-

159 1137 188 1160 υι
201 1131 316 1166 videtur,
328 1141 359 1160 ea
376 1141 436 1168 quae
456 1134 635 1161 substantiam
658 1135 777 1161 omnium
799 1135 881 1171 598
900 1144 921 1163 su

1025 1135 1132 1170 ιομίσθη
1147 1135 1208 1170 μὲν,
1225 1135 1263 1165 ὼς
1278 1134 1362 1166 ἔοικε,
1378 1133 1412 1160 τὰ
1426 1134 1476 1168 τῆς
1489 1134 1618 1160 ἐπέκεινα
1634 1134 1731 1161 πασῶν
1745 1135 1790 1161 οὖ-

157 1187 278 1214 premam
296 1180 374 1214 longe
388 1185 528 1215 superant,
544 1187 593 1207 nec
604 1180 751 1207 absurdum
764 1182 826 1212 crit,
839 1182 918 1215 t-piltt‘:

1026 1191 1058 1212 ας
1075 1182 1122 1208 ἐπὶ
1145 1182 1195 1216 τὴν
1211 1181 1310 1213 κτίσιν,
1326 1181 1376 1207 οὐκ
1391 1180 1522 1207 ἀπίθανον
1536 1180 1575 1213 δὲ,
1589 1177 1678 1215 οἶμαι,
1694 1181 1725 1207 τὸ
1743 1181 1790 1208 καὶ

157 1225 249 1252 dicere
271 1232 349 1259 posse
372 1233 478 1259 quoque
497 1233 547 1253 nos
570 1225 641 1260 ipsos
662 1225 843 1258 sanctiﬁcare,
868 1227 922 1262 jun

1023 1228 1071 1258 ,ιᾶς
1088 1227 1188 1258 αὐτοὺς
1205 1225 1330 1261 ἁγιάζειν
1340 1225 1477 1260 έδύνασθαι
1498 1225 1673 1262 κατατολμᾷν
1689 1227 1788 1258 εἰπεῖν,

157 1269 217 1297 Filii
230 1270 446 1298 similitudinem.

997 1274 1057 1300 καθ’
1076 1273 1224 1308 ὁμοιὸτητα
1241 1273 1290 1308 τὴν
1308 1271 1383 1299 Υῐοῦ.

192 1317 222 1344 Β.
243 1317 293 1350 Qui
313 1323 339 1344 tu
357 1317 428 1345 istud
444 1317 505 1346 ais?

1031 1321 1061 1347 Β.
1084 1320 1145 1351 Πῶς
1160 1319 1240 1346 τοῦτο
1254 1319 1338 1354 ἔφης-ς

191 1365 224 1390 Α.
246 1363 275 1391 Si
300 1364 371 1391 enim
393 1372 454 1392 cum
475 1365 511 1393 sit
530 1365 588 1400 ipse
607 1371 729 1398 creatus,
750 1371 802 1393 tam
823 1367 945 1394 sublimis

1031 1370 1064 1393 Α.
1084 1367 1117 1392 Εἰ
1133 1366 1187 1401 γὰρ
1204 1365 1316 1401 γενητὸς
1332 1365 1464 1400 ὑπάρχων
1474 1363 1566 1397 αὐτὸς,
1577 1363 1614 1392 τὰ
1629 1364 1681 1400 τῆς
1693 1363 1789 1391 τοσοῦ-

156 1409 317 1437 snbstantiae
342 1410 420 1438 dotes
444 1418 505 1438 suas
527 1411 601 1443 facit,
624 1413 687 1446 quid
709 1417 779 1439 vetat
801 1413 921 1446 quomint

1022 1423 1041 1439 IV
1050 1413 1240 1448 ὰνῳκισμένης
1249 1411 1342 1442 οὐσίας
1352 1411 1406 1438 ἴδια
1418 1412 1536 1437 ποιεῖται
1547 1410 1697 1445 πλεονεκτὴ
1703 1419 1787 1446 ματα,

156 1456 209 1482 nos
220 1456 271 1490 ipsi
285 1464 393 1491 quoque
409 1456 521 1490 implerc
538 1458 672 1492 possimus
684 1466 715 1486 ea
727 1467 786 1493 qua:
799 1460 857 1494 ejus
871 1469 919 1487 sun

1038 1461 1066 1486 τὸ
1085 1459 1211 1495 ἐμποδὼν
1226 1460 1265 1491 είς
1276 1458 1306 1484 τὸ
1323 1458 1370 1485 καὶ
1385 1458 1459 1493 ἡμᾶς
1473 1457 1571 1488 αὐτοὺς
1583 1457 1617 1483 τὰ
1634 1456 1718 1483 αὑτοῦ
1738 1456 1787 1483 δύ-

158 1502 308 1536 prtesertim
327 1510 388 1530 cum
405 1504 548 1538 propinqui
565 1505 660 1537 sinms,
676 1513 725 1533 nec
743 1507 796 1533 ullo
816 1508 894 1534 modo
910 1516 923 1534 a

1022 1506 1093 1533 ισοαι
1116 1504 1248 1540 πληροῦν,
1271 1504 1318 1531 ἅτε
1342 1503 1374 1539 δὴ
1396 1503 1442 1529 καὶ
1461 1501 1557 1537 ἀγχοῦ,
1579 1502 1628 1529 καὶ
1651 1501 1710 1528 οὔτι
1735 1511 1787 1528 που

155 1547 215 1581 ejus
234 1548 396 1582 cognatione
418 1549 517 1581 dissiti,
534 1550 666 1584 siqnidcm
691 1557 732 1578 est
751 1553 823 1580 onmi
851 1560 920 1581 creal

1024 1553 1173 1587 εστηκότας
1192 1551 1240 1586 τῆς
1257 1549 1327 1586 πρὸς
1344 1549 1424 1576 αὐτὸν
1437 1549 1619 1584 οἰκειότητος,
1634 1549 1713 1583 εἴπερ
1728 1548 1787 1575 ἐστι

156 1600 218 1620 cum
249 1601 278 1620 re
303 1598 394 1621 creata
420 1596 546 1629 cognatio
570 1602 651 1631 atque
675 1598 820 1633 habitudo,
851 1601 876 1627 in
911 1608 921 1628 ε

1022 1608 1038 1630 ης
1059 1598 1141 1624 παντὶ
1163 1596 1270 1632 γενητῴ
1292 1595 1360 1631 πρὸς
1384 1594 1497 1629 γενητὸν
1519 1594 1665 1628 συγγένειά
1686 1603 1715 1620 τε
1740 1595 1787 1621 καὶ

157 1648 254 1675 nempe
267 1641 439 1675 quodcreata
455 1642 536 1668 sunt?

999 1644 1100 1679 σχέσις,
1116 1643 1175 1669 κατ’
1190 1642 1255 1669 αὐτὸ
1269 1641 1301 1677 δὴ
1313 1640 1392 1667 τοῦτο
1402 1640 1433 1666 rb
1446 1639 1626 1674 γεγεννῆσθαί
1642 1647 1713 1675 φημι
1725 1648 1734 1674 ἱ

191 1684 224 1712 Β.
245 1685 386 1712 Probabile
401 1691 443 1713 est
459 1687 530 1721 quod
548 1688 597 1715 ais.

1033 1690 1063 1717 Β.
1084 1690 1140 1716 Οὐκ
1156 1689 1287 1719 ἀπίθανος
1300 1688 1366 1723 ἡμῖν
1377 1688 1391 1714 ὁ
1404 1687 1450 1713 ἐπὶ
1465 1685 1532 1721 τῷδε
1547 1685 1633 1719 λόγος.

191 1732 224 1758 Δ.
247 1732 303 1758 Erit
320 1737 409 1759 autem
429 1734 595 1768 cmtcroquin
612 1735 723 1769 impium
747 1737 826 1765 simul
850 1745 877 1767 ct
896 1741 940 1768 ab-

1032 1737 1064 1763 Λ.
1085 1735 1134 1771 Εῖη
1146 1736 1167 1762 δ’
1184 1735 1216 1762 ἂν
1228 1735 1274 1761 καὶ
1288 1734 1388 1770 ἑτέρως
1403 1732 1532 1764 δυσσεϐὲς
1547 1741 1576 1759 τε
1587 1732 1646 1768 ἅμα
1654 1732 1702 1758 καὶ
1712 1731 1786 1767 ἁμα-

156 1778 266 1804 surdum
280 1778 391 1805 credere
408 1780 495 1813 ipsum
511 1786 570 1807 esse
584 1782 795 1811 sanctiﬁcatum.

735 1791 795 1811 tum.
998 1783 1052 1814 θὲς,
1070 1782 1101 1808 rb
1113 1781 1243 1816 ήγιάσθαι
1255 1779 1392 1806 πιστεύειν
1408 1778 1500 1806 αὐτόν.

192 1823 221 1850 8.
242 1823 404 1856 Quomodo?

1033 1827 1063 1852 Β.
1084 1826 1150 1852 Τίνα
1165 1825 1280 1862 τρόπους

190 1871 223 1899 Λ.
244 1873 320 1905 Quod
331 1873 531 1906 sanctiﬁcatur,
545 1875 664 1910 nunquid
681 1884 695 1902 a
717 1877 818 1910 majore
836 1883 862 1904 et
875 1886 941 1911 pne-

1032 1873 1063 1898 A.
1084 1871 1120 1897 'l‘b
1137 1870 1329 1905 ἀγιαζόμενον,
1347 1867 1392 1904 ἆρ’
1405 1869 1462 1904 οὐχὶ
1477 1869 1515 1904 τῷ
1530 1869 1722 1905 ὖπερκειμὲνῳ
1740 1870 1787 1896 καὶ

155 1919 287 1946 stantiore
310 1926 390 1953 quam
412 1920 448 1947 sit
468 1925 563 1947 natura
588 1929 636 1948 sua
657 1917 864 1951 sanctiﬁcatur?
885 1925 920 1951 Nu

1020 1917 1119 1952 μείνονι
1133 1918 1183 1951 τῆς
1199 1916 1268 1947 ιδίας
1290 1915 1397 1950 φύσεως
1421 1915 1582 1949 ἁγιάζεται;
1607 1915 1644 1940 Οὐ
1662 1915 1717 1950 γάρ
1735 1924 1785 1941 που

155 1963 228 1989 enim
241 1970 255 1988 a
274 1963 400 1990 deteriori
419 1964 546 1997 dixerint,
567 1966 673 1999 opinor,
694 1967 826 2002 siquidem
845 1975 918 1996 sanet

1021 1962 1034 1998 ξ)
1058 1971 1090 1996 γε
1109 1962 1224 1997 αἱσχίονι
1247 1963 1325 1996 φαῖεν
1337 1961 1380 1993 ἂν,
1397 1960 1492 1995 ὥσπερ
1507 1958 1553 1987 οὖν
1575 1956 1694 1995 ἐγῷμαι,
1707 1960 1786 1996 εἴπερ

156 2009 246 2043 ﬁcari,
263 2010 297 2038 ad
314 2010 414 2045 aliquid
431 2010 496 2038 utile
513 2012 641 2040 traducit.

1021 2009 1036 2040 ‘c;
1061 2017 1087 2035 τι
1117 2008 1171 2034 τῶν
1203 2007 1353 2034 τελούντων
1379 2007 1420 2038 εἰς
1448 2006 1541 2042 ὄνησιν
1564 2006 1725 2037 ἀναϐιϐάζει
1756 2007 1786 2033 rb

996 2053 1169 2089 ἁγιάζεσθαι.

190 2098 222 2126 Β.
244 2099 405 2128 Rectissime
418 2101 519 2129 dixnsti.

1031 2101 1061 2128 Β.
1084 2101 1202 2136 Ἀριστα
1219 2100 1297 2134 ἔφης.

189 2144 221 2171 Α.
243 2144 353 2180 itaque,
370 2146 392 2172 si
415 2154 509 2174 verum
525 2151 568 2174 est
589 2147 787 2176 sanctiﬁcatum
810 2157 887 2184 esse,
913 2156 942 2179 ut

1031 2149 1062 2175 A.
1081 2147 1196 2179 Οὐκοῦν,
1213 2147 1291 2182 εἴπερ
1305 2145 1379 2172 ἐστὶν
1391 2145 1502 2181 ἀληθὲς,
1519 2144 1557 2177 ὡς
1577 2145 1709 2180 ἡγίασται
1724 2144 1785 2173 κατ’

155 2189 192 2216 illi
222 2190 325 2221 volunt.
355 2191 452 2218 Filium
479 2199 526 2226 per
553 2191 694 2226 Spiritum,
716 2197 809 2229 utique
833 2197 906 2224 velut

1020 2194 1116 2225 ιείνους
1141 2193 1186 2219 διὰ
1205 2193 1252 2219 τοῦ
1279 2191 1436 2227 Πνεύματος
1459 2192 1474 2218 ὁ
1496 2191 1571 2223 Υἱὸς,
1598 2192 1636 2223 ὼς
1662 2191 1785 2226 ἀμείνονι

155 2237 343 2270 prmstantiore
361 2242 403 2264 cst
418 2237 557 2269 inunctus,
573 2243 600 2265 et
617 2239 750 2267 diversam
771 2241 805 2268 ab
823 2243 880 2277 ipso
895 2252 920 2270 ιιι

1020 2241 1104 2272 ivro);
1118 2249 1170 2267 που
1193 2239 1363 2274 κατεχρίετο,
1380 2239 1425 2265 καὶ
1439 2239 1488 2274 τὴν
1504 2238 1585 2272 φύσιν
1609 2238 1697 2273 ἔχοντι
1719 2239 1785 2273 παρ’

153 2286 243 2308 turam
273 2282 398 2309 habente.
425 2281 497 2309 Nihil
522 2284 594 2310 enim
619 2285 661 2312 sui
686 2285 771 2320 ipsius
795 2293 839 2316 est
860 2295 918 2324 part

1060 2296 1077 2314 ιν
1100 2286 1207 2322 ἑτέραν.
1234 2286 1374 2320 Μετάσχοι
1387 2285 1441 2320 γὰρ
1457 2285 1489 2311 ἂν
1509 2283 1606 2311 ἑαυτοῦ
1627 2283 1682 2310 τῶν
1700 2284 1787 2310 ὄντων
1820 2290 1825 2294 ‘

154 2337 234 2364 ceps,
261 2330 308 2358 sed
332 2329 445 2357 alterunt
472 2330 497 2357 in
519 2331 606 2359 altero
627 2334 818 2370 participatur,
839 2337 919 2364 ratior

1020 2334 1081 2365 ιδὲν,
1095 2333 1152 2360 ἀλλ’
1163 2333 1255 2369 ἕτερον
1264 2334 1293 2359 ὲν
1306 2333 1392 2370 ἑτέρῳ
1407 2331 1600 2367 μετεχόμενον,
1612 2331 1682 2358 κατὰ
1695 2339 1727 2366 γε
1739 2331 1785 2357 τὸν

153 2376 287 2403 essentiam

993 2380 1040 2407 τοῦ
1055 2380 1114 2412 πὼς
1125 2377 1195 2407 εἶναι
1209 2380 1297 2414 λόγον.

190 2421 221 2448 Β.
241 2422 314 2449 Istud
332 2421 413 2448 etiam
431 2429 623 2458 consequetur.

592 2433 623 2453 tr.
1029 2427 1060 2455 Β.
1081 2427 1197 2462 Ἐψεται
1211 2427 1258 2454 καὶ
1269 2426 1357 2454 τοῦτο.

191 2467 223 2494 Δ.
244 2466 306 2494 Jam
323 2469 457 2501 quomodo
482 2469 567 2498 Filius
591 2479 639 2506 per
661 2471 791 2507 Spiritum
815 2474 842 2502 in
866 2475 943 2503 nobis

1029 2475 1060 2500 A.
1082 2471 1149 2501 Εἶτα
1163 2473 1221 2504 πῶς
1237 2475 1303 2509 ἡμῖν
1316 2474 1329 2500 ὁ
1340 2472 1406 2504 Tib;
1418 2471 1462 2499 διὰ
1472 2471 1521 2498 τοῦ
1532 2470 1693 2506 Πνεύματος
1705 2471 1785 2497 ἐναυ-

103 2511 107 2514 ’
154 2513 280 2541 habitat?
297 2515 432 2548 quomodo
449 2524 512 2544 vero
529 2517 555 2544 id
570 2519 641 2552 quod
658 2524 753 2546 natura
769 2527 865 2555 praesta

1022 2520 1113 2554 ζεται;
1137 2519 1196 2551 πῶς
1220 2520 1248 2546 δὲ
1270 2519 1300 2546 rb
1319 2520 1431 2555 ἄμεινον
1454 2517 1525 2546 κατὰ
1551 2517 1643 2552 φύσιν,
1664 2517 1713 2552 τὴν
1736 2516 1784 2543 τοῦ

154 2564 210 2591 est,
225 2559 368 2588 deterioris
389 2562 465 2589 nobis
487 2563 722 2598 participationem
744 2566 816 2594 iudet
834 2575 882 2602 per
902 2577 919 2596 St

1018 2566 1114 2602 είρονος
1133 2567 1197 2602 ἡμῖν
1218 2566 1362 2601 ὲμποιήσει
1382 2564 1490 2601 μέθεξιν
1504 2563 1537 2591 δι’
1553 2562 1670 2596 ἑαυτοῦ;
1686 2563 1741 2589 Καὶ
1759 2563 1783 2588 εί

154 2604 265 2638 ipsum?
280 2605 322 2638 Et,
340 2606 361 2633 si
381 2612 483 2634 natura:
499 2608 596 2635 divinae
612 2615 753 2639 consortes
764 2611 787 2627 °'
804 2613 916 2640 reddan

1020 2613 1068 2644 :taq
1093 2612 1200 2648 φύσεως
1223 2611 1430 2646 ἀποτελούμεοα
1446 2610 1589 2642 κοινωνοὶ,
1616 2609 1647 2636 rb
1670 2608 1785 2642 Πνεῦμα

152 2655 264 2684 accepto
280 2650 397 2686 Spiritu,
414 2654 547 2686 quomodo
567 2654 678 2682 inferior
697 2656 749 2683 erit
773 2657 873 2693 Spiritu
895 2658 916 2687 F

1018 2658 1146 2694 ιχόμενοι,
1165 2658 1222 2690 πῶς
1238 2658 1266 2684 ὲν
1280 2657 1421 2692 δευτέροις
1435 2655 1483 2682 τοῦ
1495 2654 1656 2690 Πνεύματος
1669 2655 1683 2681 ὁ
1699 2653 1763 2685 Υἱός
1777 2662 1783 2684 ς

151 2695 281 2723 Iius'laut
297 2700 433 2732 quomodo
445 2701 618 2733 praestantior
638 2706 678 2728 est
691 2702 761 2737 ipso,
780 2711 832 2731 non
848 2710 916 2732 ante:

1023 2703 1081 2735 πῶς
1098 2704 1210 2739 ἄμεινον
1222 2704 1317 2737 αὑτοῦ,
1337 2704 1383 2730 καὶ
1403 2703 1463 2739 οὐχὶ
1484 2702 1515 2737 δὴ
1534 2701 1634 2737 μᾶλλον
1647 2700 1684 2732 ὡς
1702 2700 1784 2731 αὑτός

151 2742 243 2777 potius
270 2743 383 2778 ipsemet
407 2749 434 2771 ct
459 2746 492 2772 ab
519 2746 577 2781 ipso
602 2748 720 2781 Spiritus
741 2748 809 2782 ejus,
830 2757 916 2778 omne:

1019 2761 1021 2776 :
1038 2751 1085 2778 καὶ
1099 2751 1163 2787 παρ’
1177 2750 1261 2778 αὑτοῦ
1277 2751 1308 2778 rb
1331 2750 1443 2786 Πνεῦμα
1455 2749 1553 2792 αὐτοῦ,
1569 2748 1634 2783 ὅλην
1649 2746 1710 2782 ἔχον
1734 2747 1784 2773 αὑ-

149 2789 208 2824 cjus
231 2790 417 2823 operationem
439 2791 558 2826 habens,
575 2798 602 2820 et
622 2793 681 2828 ejus
701 2795 914 2830 participationel

1018 2798 1039 2826 ιῦ
1051 2798 1099 2835 τὴν
1111 2798 1262 2835 ἐνέργειαν,
1280 2799 1328 2827 καὶ
1343 2798 1391 2836 τὴν
1404 2789 1487 2826 αὑτοῦ
1503 2795 1613 2833 μέθεξιν
1632 2794 1783 2831 ὲμποιοῦνε

187 2871 212 2885 ’⁵
225 2869 302 2898 Joan.
319 2879 384 2902 xvn,
404 2871 447 2899 l9.
486 2871 541 2900 "ll
559 2873 630 2903 t‘ctr.
645 2883 664 2910 ι,
680 2875 705 2903 4.
