1937 3036
107 174 178 201 1021

643 180 686 209 DE
707 182 757 211 SS.
779 183 970 215 TRINITATE
989 187 1163 216 DIALOGIIS
1183 188 1226 216 VI.

1676 190 1746 218 1022

106 234 166 261 Καὶ
180 234 245 270 γοῦν
257 234 377 270 ἔφασκεν
390 237 404 264 ὁ
415 237 480 270 Υἱός
491 246 496 253 ·
514 247 523 265 α
549 240 606 267 οὐκ
619 241 719 277 ἀφήσω
732 244 804 279 ὑμᾶς
817 245 901 281 ὀρφα-

955 249 1073 277 intlens?
1091 249 1195 286 Quippe
1215 250 1320 277 dicebat
1340 249 1451 278 Filius:
1480 258 1489 275 ι
1516 248 1575 277 Non
1597 249 1747 285 relinquam

107 282 173 313 νοὺς
184 301 192 314 ,
216 282 335 319 ἔρχομαι
351 283 420 320 πρὸς
443 285 526 320 ὑμᾶς.
546 295 556 312 ι
580 287 690 324 Ἐπειδὴ
704 289 732 316 δὲ
748 291 904 327 ἀναϐέϐηκε

107 328 180 363 πρὸς
190 328 236 355 τὸν
248 329 358 365 Πατέρα
374 331 444 366 μετά
459 332 508 367 τὴν
525 334 558 360 ὲκ
576 335 682 370 νεκρῶν
698 337 859 370 ἀναϐίωσιν,
874 339 904 366 ὲν

106 374 178 408 ἡμῖν
192 375 251 400 ἐστι
269 374 313 402 διὰ
329 375 376 402 τοῦ
394 377 564 413 Πνεύματος.
582 380 664 408 Ἶδιον
680 381 734 416 γὰρ
747 383 831 410 αὐτοῦ
857 384 904 414 καὶ

107 421 140 447 οὐ
152 420 270 459 θύραθεν
285 422 492 459 εῑσκεκριμένον
507 425 537 452 τὸ
549 426 662 462 Πνεῦμα
672 428 766 461 αὐτοῦ,
776 429 904 466 καθάπερ

108 466 208 501 ἀμέλει
224 466 271 493 τοῦ
288 467 436 504 ἀνθρώπου
451 470 482 496 τδ
496 471 678 506 ἀνθρώπινον.
697 474 808 510 Ἐπειδὴ
826 475 855 502 δὲ
871 476 904 503 τὸ

107 513 273 548 ἀμετρήτως
291 514 433 550 διεστηκὸς
454 517 505 552 τῆς
520 516 594 550 θείας
609 519 693 546 αὑτοῦ
719 520 767 547 καὶ
783 521 904 557 ὑπερτά-

107 568 159 595 της
174 559 269 591 οὐσίας
285 560 349 588 ἴδιον
367 562 525 598 ἐποιήσατο,
541 565 614 600 φημὶ
627 565 716 602 δὲτὴν
730 567 904 603 σάρκα,τότε

107 606 140 642 δὴ
158 607 218 633 τότε
236 608 284 633 καὶ
300 607 432 642 ήγιάσθαι
454 609 585 644 λέγεται,
610 612 702 647 σοφῶς
717 621 748 639 τε
770 613 817 640 καὶ
833 623 902 650 πρε-

107 651 282 687 πωδέστερον
304 652 350 679 ἐπὶ
374 653 405 679 τὸ
427 653 599 690 ἀνθρώπινον
627 657 674 684 τοῦ
705 659 837 694 ὴγιάσθαι
862 660 903 687 δι-

106 697 252 734 ᾴττοντος·
274 699 324 734 τήν
345 707 375 734 γε
393 699 447 736 μὴν
459 700 506 727 τοῦ
518 702 647 737 ἡγιάσθαι
668 704 825 740 πλήρωσιν,
844 706 903 742 ἦτοι

106 745 158 779 τὴν
173 745 323 781 ἐνέργειαν,
338 745 376 777 ὡς
391 747 420 774 έν
433 748 573 784 προσώπῳ
590 751 709 786 Πατρὸς,
724 753 758 787 τῇ
775 751 825 786 τῆς
842 752 902 778 Θεό-

107 799 191 825 τητος
206 790 325 819 ἀνετίθει
340 792 438 827 φύσει,
461 795 530 832 μόνῃ
554 795 608 833 γὰρ
626 797 695 833 αὐτῇ
727 797 758 824 τὸ
779 798 903 833 ἀγιάζειν

106 837 221 866 οἰκεῖον.

144 882 174 909 Β.
197 883 337 920 Σύμφημι.
354 886 390 913 Τὸ
404 887 458 922 γάρ
472 895 512 914 τοι
535 889 657 923 μακροὺς
683 889 841 925 ἀντεξάγειν
857 890 902 917 λό-

105 936 184 962 γους,
201 929 290 964 ὀρθῶς
303 931 410 966 λέγοντί
426 942 478 966 σοι,
495 934 631 971 περιττὸν,
646 935 746 970 μᾶλλον
760 936 789 963 δὲ
802 937 902 971 ἥκιστα

107 974 202 1008 σοφόν.
222 975 291 1002 Ἀλλ’
306 978 330 1003 εἰ
349 977 433 1013 μόνῳ,
445 979 522 1012 φασὶ,
539 979 577 1014 τῷ
587 988 618 1013 γε
636 980 692 1007 ὄντι
713 981 795 1016 φύσει
811 991 842 1008 τε
856 982 904 1009 καὶ

107 1021 180 1047 κατὰ
204 1022 334 1057 ἀλήθειαν
357 1024 416 1060 Θεῴ
443 1026 473 1051 τὸ
497 1026 622 1060 ἁγιάζειν
643 1026 774 1055 δύνασθαι
802 1028 904 1064 προσὸν

110 1067 200 1102 ὁρῷτο
225 1069 273 1095 καὶ
299 1070 418 1106 πρέποι,
443 1072 539 1098 τούτου
564 1073 592 1099 δὲ
616 1073 735 1109 πέφηνεν
760 1076 872 1111 ἐνεργὸς
889 1077 904 1102 ὁ

107 1113 182 1147 Υἱὸς,
204 1115 235 1142 τὴ
256 1116 409 1143 ἀποσοϐοῦν
426 1118 512 1151 οὐδὲν,
530 1119 570 1145 ὅτι
598 1120 644 1146 καὶ
657 1120 723 1152 Θεὸς
737 1122 807 1148 κατὰ
823 1122 904 1156 φύσιν

106 1161 166 1187 ἐστὶ
181 1161 328 1198 διαρρήδην
341 1163 484 1199 ὁμολογεῖν
496 1172 504 1180 ·
521 1165 567 1192 καὶ
579 1166 604 1191 εἰ
617 1165 696 1193 τοῦτο
710 1168 903 1202 συγχωρήσαι-

108 1216 169 1242 μεν,
184 1208 243 1244 Θεῷ
260 1209 288 1235 δὲ
305 1209 345 1245 τῷ
365 1211 434 1237 κατὰ
457 1211 539 1245 φύσιν
557 1211 611 1238 τῶν
626 1212 738 1246 ἀγαθῶν
755 1214 826 1240 ὲνδεῖ
850 1223 903 1249 μη-

105 1253 192 1286 δενὸς,
215 1255 241 1281 τί
257 1255 351 1291 μαθὼν
374 1258 387 1284 6
409 1257 470 1284 καθ’
490 1258 562 1293 ὑμᾶς
580 1259 643 1291 Υἱὸς
663 1260 710 1286 καὶ
723 1260 806 1294 Θεὸς,
822 1261 904 1296 δόξης

105 1308 135 1326 τε
151 1300 200 1327 καὶ
229 1300 379 1336 βασιλείας,
395 1304 443 1330 καὶ
465 1305 625 1340 κυριότητος
647 1306 698 1341 τὴν
713 1306 817 1333 οἰκείαν
839 1308 902 1334 ἔπιε

104 1346 156 1373 δεᾱ
179 1348 322 1388 παρέδειξε
346 1349 445 1384 φύσιν;
465 1351 537 1386 Ἔφη
561 1351 616 1386 γάρ
640 1360 692 1378 που
718 1352 788 1388 πρὸς
808 1353 854 1380 τὸν
873 1354 902 1380 ἐν

104 1394 234 1429 οὐρανοῖς
248 1395 368 1430 Πατέρα·
388 1406 397 1421 ι
413 1396 514 1432 Πάτερ,
531 1397 660 1432 ἐλήλυθεν
675 1399 690 1434 ἡ
705 1398 774 1434 ὥρα,
791 1399 902 1433 δόξασόν

106 1448 156 1465 σου
174 1441 220 1466 τὸν
238 1440 311 1474 Υἰὸν,
327 1441 370 1468 ἵνα
383 1443 430 1469 καὶ
448 1443 462 1469 6
488 1443 551 1474 Υἱός
567 1452 613 1470 σου
629 1444 729 1480 δοξάσῃ
748 1454 777 1471 σε
788 1453 794 1460 ι
810 1446 903 1478 καθὼς

104 1485 213 1517 ἔδωκας
228 1486 303 1522 αὐτῷ
320 1487 445 1520 ἐξουσίαν
459 1489 549 1525 πάσης
565 1490 681 1524 σαρκὸς,
694 1490 737 1517 ἵνα.
755 1492 810 1518 πᾶν
824 1491 838 1518 ὃ
854 1492 900 1519 δὲ-

103 1531 197 1565 omne;
214 1532 299 1568 αὐτῷ,
321 1533 402 1560 δώσει
419 1535 512 1567 αὐτοῖς
538 1535 611 1571 ζωὴν
633 1536 753 1564 αἰώνιον.
775 1537 850 1573 Αὖτη
872 1538 901 1565 δέ

104 1577 181 1604 ἔστιν
197 1579 213 1614 ἡ
227 1578 336 1612 αἰώνιος
358 1579 425 1616 ζωὴ,
448 1581 492 1608 ἵνα
514 1581 671 1616 γινώσκωσί
694 1592 724 1609 σε
743 1584 789 1611 τὸν
815 1585 895 1620 μόνον
915 1595 937 1625 c

104 1623 234 1659 ἀληθινὸν
249 1625 326 1658 Θεὸν,
348 1626 396 1652 καὶ
419 1626 449 1653 ὃν
465 1627 629 1659 ἀπέστειλας
650 1629 753 1664 Ἰησοῦν
770 1631 898 1666 Χριστόν.

111 1669 185 1703 Ἐγώ
201 1678 230 1696 σε
246 1671 360 1704 ἐδόξασα
376 1673 421 1698 ἐπὶ
438 1673 488 1708 τῆς
505 1674 555 1709 γῆς
566 1682 573 1688 ·
591 1674 621 1700 τὸ
640 1674 721 1710 ἔργον
742 1676 899 1710 ἐτελείωσα,

102 1715 119 1741 ὅ
144 1715 264 1748 δέδωκάς
289 1726 333 1752 μοι
352 1717 394 1744 ἵνα
413 1719 538 1754 ποιήσω·
558 1720 605 1747 καὶ
621 1721 668 1748 νῦν
681 1722 792 1756 δόξασόν
806 1732 840 1758 με
856 1724 900 1758 σὺ,

104 1762 213 1798 Πάτερ,
238 1763 315 1805 παρά
333 1764 439 1800 σεαυτῷ
451 1766 484 1801 τῇ
506 1765 569 1803 δόξῃ
631 1765 705 1803 εἶχον
719 1768 773 1804 πρὸ
793 1769 841 1796 τοῦ
855 1770 901 1798 τὸν

105 1809 210 1848 κόσμον
227 1807 297 1842 εἶναι
319 1811 396 1846 παρὰ
423 1812 474 1840 σοι.
498 1812 674 1849 Ἐφανέρωσά
691 1823 738 1841 σου
762 1815 793 1842 τὸ
815 1816 901 1852 ὄνομα

104 1857 163 1887 τοῖς
180 1856 357 1892 ἀνθρώποις,
376 1857 422 1888 οὓς
444 1858 565 1890 δέδωκάς
594 1855 643 1894 μοί
660 1861 693 1889 ἐκ
714 1860 760 1887 τοῦ
785 1862 899 1896 κόσμου.

105 1902 153 1928 Σοὶ
168 1899 249 1937 ἦσαν,
276 1903 323 1929 καὶ
336 1902 399 1938 ἐμοὶ
419 1903 520 1935 αὐτοὺς
543 1903 656 1937 ἔδωκας,
679 1906 727 1935 καὶ
751 1907 796 1933 τὸν
822 1907 901 1942 λόγον

105 1957 155 1974 σου
170 1949 320 1984 ἐτήρησαν.
333 1949 391 1976 Νῦν
406 1949 530 1983 ἔγνωσαν
545 1950 586 1980 ὅτι
600 1951 700 1984 πάντα,
716 1952 766 1979 ὅσα
781 1953 901 1985 δέδωκάς

105 2002 165 2028 μοι,
182 1993 258 2029 παρὰ
275 1993 322 2020 σοῦ
337 1994 415 2027 εἰσιν,
429 1994 470 2021 ὅτι
483 1994 518 2021 τὰ
535 1995 656 2031 ῥήματα,
672 1995 691 2023 ἃ.
703 1996 824 2029 δέδωκάς
842 2006 899 2032 μοι,

103 2040 212 2066 δέδωκα
227 2040 320 2074 αὐτοῖς
334 2060 341 2074 ,
357 2041 405 2068 καὶ
420 2041 498 2074 αὐτοὶ
512 2040 620 2075 ἔλαϐον,
637 2042 685 2068 καὶ
696 2042 818 2077 ἔγνωσαν
835 2043 902 2080 ἀλη-

104 2086 159 2118 Θὼς
177 2087 219 2113 ὅτι
233 2086 310 2123 παρά
319 2086 367 2114 σοῦ
382 2087 506 2123 ἐξῆλθον,
522 2088 569 2115 καὶ
583 2088 749 2116 ἐπίστευσαν
761 2089 802 2116 ὅτι
820 2089 852 2117 σύ
867 2099 901 2125 με

102 2131 281 2167 ἀπέστειλας.
306 2142 315 2158 ι
341 2133 421 2169 Ἔφη,
438 2133 467 2160 δὲ
490 2133 538 2160 καὶ
562 2133 576 2159 6
602 2133 712 2166 Λουκᾶς
735 2134 764 2161 ἐν
790 2135 823 2170 τῇ
846 2135 901 2163 τῶν

103 2177 237 2213 Ιῐράξεων
253 2179 400 2214 συγγραφῇ
414 2197 421 2210 ,
446 2178 483 2210 ὡς
500 2178 532 2205 ἐκ
550 2178 698 2214 προσώπου
719 2179 767 2206 τοῦ
783 2180 899 2216 Πέτρου·

106 2234 116 2250 ι
129 2224 273 2258 Ἀσφαλῶς
288 2222 334 2250 οὖν
349 2224 510 2259 γινωσκέτω
521 2225 574 2256 πᾶς
586 2222 661 2257 οἶκος
668 2225 788 2261 Ἰσραὴλ,
798 2226 840 2252 ὅτι
852 2226 900 2253 καὶ

103 2271 210 2307 Κύριον
223 2271 304 2298 αὑτὸν
318 2271 366 2297 καὶ¹
381 2270 499 2305 Χριστὸν
511 2271 641 2306 ἐποίησεν
656 2273 670 2298 6
685 2271 760 2303 Θεός.
773 2281 783 2298 ι
801 2272 898 2308 Συνιης

102 2315 167 2349 οὖν,
181 2317 223 2343 ὅτι
242 2317 365 2352 πανταχῆ
381 2317 474 2343 δίδωσι
496 2317 545 2352 μὲν
560 2319 574 2344 6
588 2317 684 2354 Πατὴρ
707 2317 788 2351 δόξαν
802 2327 833 2344 τε
851 2319 899 2346 καὶ

103 2364 257 2399 κυριότητα
276 2364 315 2400 τῷ
330 2364 406 2400 Υἱῷ,
422 2364 531 2400 δέχεται
553 2365 582 2391 δὲ
605 2365 653 2391 καὶ
678 2365 750 2400 μάλα
775 2365 901 2401 ἀσμένως

102 2411 117 2436 ὁ
130 2410 212 2444 l‘iég;
228 2410 300 2437 Ἀλλ’
315 2411 339 2437 εἰ
353 2411 469 2437 τοιοῖσδέ
485 2419 540 2438 τισι
557 2411 724 2439 καταπαεειν
739 2412 813 2447 ἡμᾶς
831 2413 900 2439 ἀπο-

102 2455 228 2491 τολμῷεν
243 2455 342 2490 λόγοις,
361 2456 553 2492 προσείροντές
569 2465 621 2483 που
635 2456 684 2483 καὶ
700 2456 792 2492 ἕτερα.
809 2457 852 2489 τίς
865 2457 898 2485 ἄν

103 2502 212 2537 γένοιτο
231 2502 380 2538 διεκδρομὴ
404 2502 453 2529 καὶ
469 2503 614 2536 ἀπόνευσις
634 2502 682 2532 τοῦ
698 2503 795 2537 κακοῦ,
809 2505 900 2539 τοῖσγε

103 2549 143 2581 ὡς
157 2548 256 2584 ἄριστα
268 2550 377 2585 φρονεῖν
388 2548 538 2585 ᾑρημένοις
547 2558 556 2583 ;

139 2595 174 2622 Α.
199 2604 208 2620 t
232 2595 261 2621 '0
276 2594 367 2630 πραῢς
389 2594 459 2621 ἔστω
483 2594 628 2630 μαχητὴς,
647 2603 657 2621 ι
676 2595 749 2632 ἱερὸς
765 2595 812 2624 καὶ
827 2595 897 2627 esto;

104 2643 172 2678 ἡμῖν
187 2642 388 2678 ὐποπεφώνηκε
404 2642 493 2677 λόγος.
508 2644 569 2669 Δεῖν
584 2642 612 2669 δὲ
633 2643 720 2678 ἔγωγέ
734 2653 817 2680 φημι,
839 2646 898 2676 ταῖς

103 2689 159 2716 τῶν
181 2689 310 2717 ἐναντίων
325 2689 519 2725 ἀντιφέρεσθαι
535 2689 635 2723 δόξαις.
652 2691 896 2726 κατορρωδοῦντας

103 2735 193 2763 οὐδέν.
212 2735 278 2767 Θεὸς
294 2735 349 2771 γὰρ
363 2735 378 2762 ὁ
397 2734 516 2771 ἐνεργῶν
532 2735 562 2762 ὲν
576 2736 657 2771 ἡμῖν,
682 2735 729 2763 καὶ
753 2737 829 2772 ῥῆμα
847 2737 898 2772 μὲν

103 2780 241 2816 γλώτταις
255 2781 351 2814 ἐνιεὶς,
371 2782 532 2810 ἀπευθύνων
547 2781 577 2808 δὲ
599 2781 668 2817 πρὸς
689 2782 721 2808 τὸ
745 2782 898 2818 ἀκιὸδήλως

103 2827 182 2864 ξχον,
207 2827 264 2854 τῶν
279 2827 465 2855 εὐσεϐούντων
479 2828 525 2855 τὸν
540 2826 620 2854 νοῦν·
643 2827 674 2854 τὸ
687 2827 716 2855 δὲ
732 2828 764 2864 δὴ
783 2829 833 2864 τῆς
854 2829 897 2855 εὑ-

140 2909 163 2926 ¹¹
180 2908 259 2939 Joan.
278 2917 333 2943 xw,
355 2908 398 2938 i8.
436 2909 459 2926 "’
473 2908 549 2938 Joan.
564 2916 630 2944 xvu,
644 2909 700 2938 l-S.

915 2266 937 2294 D

955 303 1004 322 vos
1020 296 1158 331 orpltauos
1170 316 1178 329 ,
1199 296 1277 323 venio
1295 296 1330 323 ad
1345 303 1393 323 vos
1403 295 1437 322 ".
1457 305 1467 322 ι
1488 295 1542 324 Sed
1565 296 1692 331 quoniam
1712 296 1747 324 ad

954 341 1063 370 Patrem
1088 343 1170 371 rediit
1196 347 1257 378 post
1278 343 1524 375 resurrectionem,
1551 342 1578 370 in
1603 342 1682 371 nobis
1704 345 1747 372 est

955 397 1003 424 per
1020 389 1161 424 Spiritum.
1176 389 1305 424 Proprius
1324 389 1396 417 enitn
1420 393 1464 416 est.
1479 388 1551 423 ejus,
1569 395 1618 416 nec
1638 388 1748 415 aliunde

954 435 1056 462 ascitus
1072 435 1191 469 Spiritus
1214 435 1281 469 ejus,
1300 435 1379 463 sicuti
1398 435 1525 462 nimirum
1545 434 1680 466 hominis,
1697 434 1747 462 hu~

955 488 1061 508 ntattus.
1079 481 1146 508 Cum
1165 485 1254 508 attlem
1275 488 1385 508 carnem
1411 480 1516 507 infinito
1537 479 1680 507 intervallo
1703 480 1747 518 dif

955 530 1073 553 stantem
1090 526 1188 553 divina:
1205 531 1232 554 et
1250 533 1384 561 suprema:
1399 529 1502 565 naturze
1517 525 1653 560 propriam
1674 525 1747 553 iece-

954 571 1001 604 rit,
1016 577 1080 599 tunc
1107 577 1192 605 certe,
1219 576 1283 599 tunc
1297 576 1324 599 et
1346 570 1531 601 sanctiﬁcatus
1555 578 1616 599 esse
1634 571 1744 604 dicitur,

954 618 1172 646 sanctiﬁcatione
1195 622 1268 645 recte
1281 622 1308 644 et
1332 617 1526 645 convenienter
1543 618 1577 644 ad
1593 617 1747 646 humanita-

955 668 1007 692 tent
1024 664 1189 700 pertinente.
1213 663 1360 691 Enimvero
1387 663 1574 691 sanctiﬁcandi
1598 664 1746 699 perfectio-

954 717 1016 737 nem
1033 715 1078 737 aut
1090 714 1180 737 actum
1194 709 1267 736 velut
1281 710 1308 736 in
1326 717 1440 744 persona
1457 709 1546 737 Patris
1572 709 1681 737 deitatis
1699 717 1745 735 na-

955 760 1022 783 turce
1045 755 1150 783 tribuit.
1169 754 1226 783 Soli
1245 756 1317 783 enim
1335 756 1385 791 ipsi
1403 756 1543 791 propriqu
1564 760 1606 782 est
1626 754 1747 784 sanctiﬁ-

953 809 1028 830 care.

987 888 1020 916 B.
1041 889 1193 917 Assentior.
1216 889 1353 917 Prolixam
1377 889 1450 916 enim
1475 889 1522 917 tibi
1547 894 1620 917 recte
1647 890 1748 919 dicenti

955 935 1108 962 orationem
1127 942 1266 970 opponere
1290 934 1455 970 superﬂuum
1474 939 1526 967 est.
1543 935 1598 962 imo
1610 936 1691 972 599
1705 945 1747 964 sa-

956 980 1054 1014 pientis
1076 988 1129 1008 non
1147 986 1198 1008 est.
1225 980 1279 1008 Sed
1303 981 1325 1008 si
1353 981 1415 1013 soli,
1442 982 1578 1016 inquiunt,
1603 983 1748 1011 exsistenti

957 1033 1054 1054 natura
1068 1031 1095 1055 et
1113 1034 1176 1055 vere
1194 1027 1248 1055 Deo
1263 1027 1451 1055 sanetilicandi
1465 1033 1585 1062 potestas
1601 1030 1690 1056 inesse
1705 1030 1747 1056 vi-

954 1073 1050 1100 deatur
1069 1081 1101 1100 ac
1116 1073 1222 1105 debeat,
1254 1073 1313 1108 ejus
1333 1079 1424 1101 autem
1439 1075 1575 1108 perfector
1594 1073 1677 1101 Filius
1698 1082 1746 1109 ap-

954 1118 1064 1153 paruit,
1080 1119 1149 1146 nihil
1166 1123 1240 1146 vetat
1255 1118 1402 1153 quominus
1424 1119 1506 1146 etiam
1526 1120 1609 1146 Deum
1628 1127 1688 1148 esse
1703 1128 1748 1147 se-

954 1163 1073 1191 cundum
1104 1169 1231 1191 naturam
1261 1169 1355 1199 aperte
1381 1163 1524 1192 fateamur.
1549 1164 1625 1198 Quod
1653 1166 1674 1193 si
1697 1166 1748 1193 hoc

954 1209 1190 1242 concesserimus,
1217 1210 1287 1238 Deus
1319 1214 1409 1237 autem
1440 1211 1588 1239 secundum
1620 1215 1745 1238 naturant

955 1254 1053 1282 nttllins
1065 1255 1129 1282 boni
1149 1255 1260 1290 indiget,
1292 1256 1356 1290 quid
1375 1263 1465 1283 causa:
1478 1261 1518 1283 est
1535 1264 1584 1284 cur
1597 1256 1640 1284 ille
1657 1261 1748 1284 vester

954 1301 1040 1330 Filius
1059 1309 1091 1329 ac
1108 1301 1178 1330 Deus
1195 1307 1321 1329 naturam
1338 1309 1416 1329 suam
1437 1301 1524 1338 gloria
1536 1321 1544 1333 ,
1558 1307 1586 1330 et
1605 1310 1705 1338 regno,
1718 1309 1747 1330 et

954 1347 1139 1376 dominatione
1157 1355 1253 1375 carere
1271 1348 1459 1383 signiﬁcavit?
1476 1348 1547 1376 Dixit
1559 1349 1631 1376 enim
1647 1348 1748 1377 alicubi

954 1395 988 1422 ad
1001 1393 1109 1422 Patrem
1130 1396 1175 1430 qni
1200 1395 1226 1422 in
1244 1396 1322 1424 caelis
1336 1401 1399 1423 est:
1425 1405 1434 1422 ι
1449 1396 1541 1428 Pater,
1566 1397 1640 1423 venit
1666 1396 1744 1430 hora,

953 1441 1074 1469 clariﬁra
1088 1441 1186 1469 Filium
1206 1445 1294 1474 tuum,
1309 1447 1338 1469 ut
1361 1441 1447 1470 Filius
1470 1447 1530 1470 tuus
1551 1442 1684 1470 clariﬁcet
1707 1446 1745 1470 te.

955 1488 1033 1516 Sicut
1046 1488 1143 1516 dedisti
1159 1488 1184 1516 ei
1202 1493 1363 1524 potestatem
1384 1489 1473 1517 omnis
1493 1489 1599 1522 carnis,
1619 1494 1649 1516 ut
1667 1497 1747 1517 omne

955 1534 1027 1569 quod
1041 1533 1138 1561 dedisti
1154 1534 1190 1567 ei,
1205 1535 1251 1561 det
1261 1534 1301 1561 eis
1318 1534 1399 1562 vitam
1412 1539 1552 1562 aeternam.
1569 1534 1631 1562 Ha-c
1645 1539 1686 1562 est
1698 1542 1745 1561 au-

955 1586 1008 1608 tent
1022 1581 1076 1608 vita
1091 1586 1203 1614 aeterna,
1221 1586 1250 1608 ut
1263 1586 1428 1616 cognoscant
1449 1585 1474 1608 te
1490 1581 1576 1608 solum
1601 1582 1683 1609 Deum
1701 1589 1748 1610 vo-

955 1634 1025 1658 rutn,
1042 1631 1069 1654 et
1083 1633 1164 1661 quem
1185 1627 1283 1653 tnisisti
1299 1626 1391 1654 Jesum
1402 1625 1551 1653 Christum.
1570 1626 1626 1661 Ego
1644 1631 1670 1654 te
1689 1627 1746 1654 cla-

954 1673 1057 1701 riﬁcavi
1078 1681 1159 1708 super
1180 1678 1279 1701 terram
1293 1681 1300 1700 :
1317 1680 1386 1708 opus
1413 1673 1599 1700 consummari
1613 1673 1684 1708 quod
1699 1673 1746 1700 de-

953 1720 1016 1747 disti
1031 1719 1096 1746 tuibi
1113 1725 1143 1746 ut
1158 1719 1272 1747 faciant.
1287 1719 1319 1747 Et
1342 1727 1414 1747 nunc
1437 1719 1557 1747 clariﬁca
1573 1726 1632 1751 me,
1647 1723 1676 1746 tu
1696 1717 1747 1745 Pa-

954 1769 1004 1797 ter,
1019 1765 1089 1800 apud
1115 1765 1290 1800 tetttetipsum
1316 1764 1442 1792 claritate
1465 1771 1546 1799 quam
1571 1763 1653 1791 habui
1671 1763 1747 1798 prius

952 1819 1032 1845 quam
1058 1811 1174 1838 mundus
1198 1815 1288 1844 esset,
1303 1811 1375 1845 apud
1400 1815 1435 1838 te.
1457 1809 1628 1837 Manifestavi
1647 1817 1746 1837 nomen

953 1863 1027 1884 tuum
1053 1858 1209 1885 hominibus
1224 1864 1294 1892 quos
1311 1857 1407 1884 dedisti
1432 1856 1498 1884 mitti
1518 1855 1552 1884 de
1573 1857 1673 1883 tnundo
1689 1857 1744 1891 (tui

951 1908 1039 1936 erant,
1052 1909 1079 1931 et
1087 1903 1153 1930 mihi
1167 1910 1213 1930 eos
1224 1902 1344 1938 dedisti),
1357 1907 1384 1930 et
1395 1909 1549 1930 sertnonem
1563 1907 1637 1928 tuum
1652 1909 1746 1928 serva—

952 1954 1070 1982 verunt;
1103 1957 1174 1976 nunc
1201 1953 1390 1983 cognoverunt
1405 1948 1468 1982 quia
1489 1947 1580 1975 omnia
1609 1955 1670 1982 quae
1698 1948 1745 1975 de-

951 1996 1014 2023 disti
1042 1996 1120 2028 mihi,
1138 1997 1186 2023 abs
1213 1999 1238 2023 te
1265 1999 1339 2028 suttt,
1366 1995 1429 2030 quia
1455 1995 1536 2022 verba
1562 2002 1623 2029 qua
1647 1994 1745 2022 dedisti

952 2042 1029 2074 milii,
1043 2042 1104 2069 dedi
1124 2042 1164 2070 eis
1178 2062 1186 2075 ,
1205 2048 1233 2070 et
1249 2043 1300 2078 ipsi
1312 2047 1496 2077 acceperunt,
1514 2048 1541 2070 et
1558 2047 1746 2078 cognoverunt

951 2095 1015 2114 vere
1029 2087 1091 2122 quia
1105 2095 1121 2114 a
1136 2092 1162 2114 te
1173 2088 1257 2120 exivi,
1269 2093 1297 2115 et
1314 2088 1488 2116 crediderunt
1503 2088 1567 2122 quia
1589 2094 1615 2114 tu
1633 2094 1676 2114 tne
1693 2088 1745 2113 nti-

951 2134 1011 2160 sisti
1024 2134 1057 2160 ⁸⁷.
1078 2143 1088 2159 ι
1117 2133 1191 2160 Dixit
1211 2141 1320 2168 quoque
1349 2134 1437 2162 Lucas
1462 2134 1488 2161 in
1516 2136 1632 2161 Actnum
1657 2133 1743 2164 libro,

951 2180 1025 2207 velut
1039 2187 1072 2207 ex
1087 2186 1204 2214 persona
1216 2179 1290 2207 Petri
1305 2189 1314 2208 ς
1331 2189 1341 2206 t
1352 2180 1511 2208 Certissitne
1524 2180 1594 2208 sciat
1607 2187 1673 2215 ergo
1683 2186 1743 2206 otn-

953 2226 996 2253 nis
1011 2226 1106 2253 domus
1127 2224 1221 2257 israel,
1239 2225 1301 2260 quia
1317 2229 1345 2252 et
1363 2225 1507 2253 Dominum
1523 2233 1586 2252 eutn
1597 2245 1605 2260 ,
1620 2229 1648 2252 et
1666 2224 1745 2252 Citri—

951 2278 1022 2300 stum
1039 2272 1104 2299 fecit
1116 2272 1186 2299 Deus
1198 2271 1232 2298 ".
1262 2280 1272 2297 ι
1291 2271 1420 2307 lntelligis
1434 2280 1499 2308 ergo
1515 2272 1623 2300 Patrem
1645 2271 1745 2305 ubique

949 2318 1016 2345 dare
1030 2317 1143 2351 gloriam
1159 2321 1186 2343 et
1210 2316 1423 2344 dominationem
1438 2317 1517 2350 Filio,
1530 2322 1557 2344 et
1573 2325 1633 2343 earn
1646 2315 1743 2342 Filium

951 2363 1044 2397 utique
1060 2363 1176 2390 libenter
1199 2361 1346 2397 accipere?
1362 2362 1398 2390 At
1419 2363 1442 2390 si
1462 2363 1615 2390 istiusmodi
1637 2370 1743 2389 seruio—

951 2409 1030 2436 nibus
1054 2414 1147 2444 petere
1164 2416 1214 2437 nos
1242 2408 1378 2441 audeant,
1399 2409 1501 2436 additis
1523 2416 1631 2443 quoque
1651 2409 1742 2435 forsan

952 2455 1024 2488 aliis,
1050 2463 1104 2490 quo
1120 2461 1199 2490 pacto
1215 2460 1288 2484 recte
1301 2455 1462 2489 sentiendo,
1480 2455 1580 2482 malum
1596 2455 1743 2482 vitabimus

953 2509 985 2528 ac
1000 2501 1201 2529 decliuabimus
1210 2501 1223 2528 ?

987 2601 1020 2627 A.
1044 2609 1053 2625 ι
1067 2599 1220 2630 Mansuetus
1228 2601 1262 2627 sit
1273 2600 1386 2628 bellator
1397 2601 1430 2634 ’9,
1445 2611 1454 2627 ο
1466 2607 1550 2627 sacra:
1567 2599 1645 2627 nobis
1659 2603 1686 2626 et
1701 2598 1742 2624 di-

951 2646 1021 2672 vina:
1036 2645 1146 2672 Litterae
1157 2646 1311 2673 succinum.
1323 2647 1377 2682 Ego
1395 2655 1459 2675 vero
1474 2647 1604 2674 audacter
1613 2645 1741 2672 resisten-

950 2693 1013 2720 dum
1041 2700 1101 2720 esse
1127 2692 1188 2719 dico
1215 2693 1435 2720 adversariorum
1459 2692 1639 2727 opinionibus.
1671 2692 1741 2719 Deus

949 2738 1022 2766 eniut
1046 2743 1088 2765 est
1112 2737 1158 2772 qui
1175 2742 1307 2772 operatur
1330 2737 1356 2764 in
1384 2737 1474 2770 nobis,
1488 2742 1513 2764 et
1536 2738 1618 2765 verba
1642 2737 1742 2771 linguis

951 2785 1051 2812 nostris
1068 2784 1148 2816 indit,
1164 2788 1192 2811 et
1204 2783 1237 2811 ad
1251 2787 1356 2812 rectum
1372 2791 1482 2810 sensum
1500 2784 1605 2818 piorum
1623 2787 1741 2810 mentem

949 2823 1052 2865 dirigit.
1064 2829 1199 2857 Caeterum
1218 2830 1289 2864 quod
1303 2836 1350 2857 eos
1368 2828 1450 2866 adigit
1473 2836 1501 2857 ut
1521 2837 1535 2857 a
1554 2834 1627 2857 recto
1645 2829 1742 2859 itinere

740 2910 762 2925 θη
775 2910 835 2943 Act.
855 2917 884 2945 ll,
901 2909 945 2937 36.
983 2910 1005 2926 ”
1020 2909 1077 2938 Joel
1093 2917 1134 2944 ιιι,
1155 2910 1197 2939 ll.
