1937 3036
77 176 150 204 1025

608 174 654 203 DE
672 174 723 204 SS.
743 174 932 203 TRINITATE
952 172 1126 204 DIALOGUS
1146 175 1190 204 Vl.

1641 177 1710 205 1026

77 236 108 264 ιν
122 235 268 272 ἀνθρώπου
280 235 356 270 τάξει
372 235 443 263 κατὰ
456 235 506 271 τὴν
517 234 618 271 σάρκα,
632 235 720 263 καίτοι
731 235 787 270 ζωὴ
800 235 872 263 κατὰ

929 243 955 264 ιο
971 237 1072 264 virtute
1089 244 1162 270 usus,
1181 236 1244 264 licet
1269 237 1355 264 nostri
1376 236 1473 264 similis
1495 236 1638 269 exsistens.
1657 238 1710 265 hu-

75 282 163 317 φύσιν
185 283 317 318 ὑπάρχων
340 282 380 314 ὡς
405 281 482 314 Osos.
503 281 618 308 *Ανεὸἰω
632 282 673 314 δὲ,
691 283 803 318 ἀῤῥήτῳ
825 282 871 308 δυ-

69 318 162 365 λιὰμει
184 328 232 355 καὶ
260 328 411 363 ἀφράστοις
433 327 586 364 ἐνεργείαις
611 327 761 363 χρώμενος,
781 328 872 355 καίτοι

77 374 143 402 καθ’
156 375 230 410 ἡμᾶς
243 374 386 409 ὑπάρχων,
404 374 476 400 κατά
490 382 534 408 γε.
550 373 633 409 φημὶ,
648 374 679 400 τὸ
691 373 870 409 ἀνθρώπινον.

75 421 196 453 Ὁὺκοῦν,
215 421 356 453 δοξάζεται
372 420 421 456 μὲν
448 420 524 456 παρὰ
541 420 589 446 τοῦ
613 420 739 455 Πατρὺς,
763 421 812 456 οὐχ
835 420 873 452 ὡς

77 467 159 502 δόξης
173 467 305 502 ὑπάρχων
317 466 437 502 ἐπιδεὴς,
448 467 512 493 ὃταν
527 466 579 500 ἔξω
593 467 686 501 νοῆται
700 467 810 502 σαρκδςς
825 467 873 493 καὶ

77 514 146 545 Θεὸς
156 514 188 540 ὲκ
198 512 266 540 Θεοῦ
283 513 456 548 πιστεύηται,
468 512 526 539 ἀλλ’
538 512 654 548 ἐπείπερ
671 510 705 548 ἦν
720 512 767 539 ἄνθ
773 521 872 547 ρωπος,

78 560 117 592 ὡς
133 559 202 591 ιδίας
220 559 327 594 φύσεως
346 559 453 595 καρπὸν
466 559 516 585 οὐκ
532 558 601 594 ἔχων
613 559 643 586 τὸ
657 560 777 594 ἐνεργεῖν
796 559 874 585 δύνα-

79 605 143 633 σθαι
165 605 200 632 τὰ
214 604 366 640 θεοπρεπῆ,
391 605 502 640 δέχεται
526 613 585 636 πως
610 605 677 632 αὐτὸ
694 604 755 631 καθ’
776 605 873 631 ἕνωσιν

77 651 129 678 καὶ
150 651 200 686 τὴν
220 651 376 687 ἀπόρρητον
394 651 558 686 συνδρομὴν,
574 651 648 686 ἤπερ
675 649 708 677 ἂν
726 652 813 678 νοοῖτο
826 650 872 678 τοῦ

78 698 168 732 λόγου
185 697 254 733 πρὸς
262 697 292 724 τδ
310 697 490 732 ἀνθρώπινον.
508 697 620 730 Δοξάζει
635 697 662 724 δὲ
676 698 723 723 καὶ
735 697 815 729 αὐτὸς
828 697 874 724 τὸν

79 744 202 780 Πατέρα,
233 743 326 778 Πατὴρ
353 743 406 779 γὰρ
431 743 498 770 θεοῦ
524 742 687 779 γνωρίζεται
714 742 761 769 τοῦ
785 743 875 770 πάντα

80 789 232 825 ἰσχύοντος,
258 789 348 817 καίτοι
374 790 526 825 πεφηνότος
553 790 583 816 ἐν
614 789 708 825 σαρκὶ,
735 789 782 816 καὶ
806 789 874 825 μετὰ

79 836 176 871 γηῖνου
196 835 322 870 σώματος
339 835 568 871 συνδιαιτωμένου
594 837 652 867 τοῖς
674 837 744 862 κατὰ
767 836 812 862 τὸν
830 836 875 862 κό-

80 890 160 917 σμον.
177 881 227 908 Διὰ
245 881 325 908 τοῦτό
339 889 421 917 φησιν
432 889 439 896 ·
453 890 464 907 1
482 881 552 915 ἙΥὼ
574 890 603 908 σε
625 881 738 914 ἐδόξασα
761 882 806 908 ἐπὶ
825 882 874 917 τῆς

79 928 132 963 γῆς
143 937 151 944 ·
170 928 200 954 τὸ
215 927 295 964 ἔργον
307 927 464 959 ἑτελείωσα,
476 927 490 954 δ
507 927 625 959 δέδωκάς
639 937 693 963 μοι1
711 928 754 954 ἵνα
769 928 874 962 ποιήσω

78 975 157 1002 αὐτό.
177 983 187 1000 ι
216 973 416 1010 Προεθύμησας
433 973 482 1009 μὲν
496 973 568 1008 γὰρ,
591 969 614 1000 ὦ
629 974 732 1009 Πάτερ,
750 973 826 1008 φησι,
844 973 874 1000 τὸ

79 1021 168 1057 θρασὺ
182 1020 231 1047 καὶ
243 1019 410 1056 δυσάντητον
423 1019 471 1046 τοῦ
483 1019 599 1046 θανάτου
616 1021 788 1055 καταργῆσαι
806 1019 874 1055 κρά-

83 1076 143 1099 τος·
163 1065 266 1103 ἁλλ’ἧν
285 1067 365 1094 τοῦτο
389 1067 467 1102 δρᾷν,
488 1067 535 1093 καὶ
556 1066 718 1102 κατισχῦσαι
743 1066 874 1102 πληροῦν,

84 1115 134 1150 οὐχ
161 1114 276 1149 αἵματος
295 1114 342 1141 καὶ
367 1113 478 1149 σαρκὸς,
502 1113 570 1140 ἀλλὰ
587 1113 637 1148 τῆς
661 1113 710 1147 σῆς
731 1112 807 1144 θείας
829 1112 876 1140 καὶ

84 1160 219 1194 ζωοποιοῦ
244 1159 292 1187 καὶ
308 1160 437 1195 ἀνικήτου
456 1159 574 1194 φύσεως,
592 1156 626 1195 ἧς
647 1159 762 1195 ἐπείπερ
779 1159 876 1192 ὲξέφυν

80 1206 149 1240 ιγὼ,
164 1205 336 1241 κατώρθωκα
349 1205 379 1232 τὺ
392 1205 487 1231 δοκοῦν
503 1204 552 1240 (ι),
567 1205 702 1241 ἀτονήσας
721 1205 789 1239 πρὸς
801 1204 876 1231 οὐδὲν

79 1251 126 1278 διὰ
149 1251 181 1278 τὸ
203 1250 372 1286 ἀνθρώπινον
385 1271 392 1283 ,
411 1250 464 1277 τῶν
489 1250 638 1277 τελούντων
661 1251 702 1282 εἰς
720 1250 875 1286 ἰσουργίδιν,

79 1297 162 1330 ἀλλὰ,
172 1297 273 1333 καίπερ
288 1297 326 1324 ὢν
340 1298 368 1324 ὲν
380 1298 460 1333 σαρκὶ
472 1297 518 1323 καὶ
531 1297 640 1331 αἵματι,
656 1296 687 1322 τὸ
696 1296 760 1330 γοῦν
774 1297 814 1322 ὃτι
828 1298 877 1332 τῆς

82 1345 133 1380 σῆς
146 1345 245 1380 ὲξέφυν
257 1344 363 1377 οὐσίας,
380 1344 409 1377 ἐξ
425 1343 617 1379 ῑσομοιρούσης
630 1343 720 1379 ἰσχύος
731 1352 878 1370 πεπιστευ-

81 1390 176 1426 μένος.
195 1390 312 1422 Δόξασον
326 1389 358 1425 δὴ
375 1387 420 1416 οὖν
438 1398 470 1424 με
486 1389 533 1416 καὶ
551 1389 594 1421 σὺ,
615 1389 661 1415 τὸν
676 1389 714 1420 ὡς
735 1389 878 1424 ἄνθρωπον

79 1435 262 1471 ἀδοξήσαντα,
279 1435 427 1466 συννεύσας
443 1435 504 1470 ἐμοὶ
523 1436 555 1470 τῇ
574 1435 606 1470 σῇ
618 1434 730 1470 δυνάμει
744 1435 791 1461 καὶ
803 1435 879 1470 ὲνερ-

79 1482 146 1518 γεία
159 1482 294 1517 ζωοποιῴ,
309 1480 357 1508 καὶ
370 1481 486 1508 θανάτου
501 1480 644 1516 κρείττονα
655 1481 699 1508 τὸν
715 1481 879 1517 ὰπορῤήτως

79 1528 218 1557 ἐνωϐἑντα
233 1537 278 1564 μοι
300 1527 470 1559 καταδείξαις
495 1527 569 1553 ναόν.
585 1526 647 1553 Ὅτι
666 1527 693 1553 δὲ
719 1527 768 1554 οὐκ
795 1529 878 1554 ὰσυν-

81 1575 166 1611 ήοους
184 1575 232 1601 καὶ
252 1575 301 1610 τῆς
325 1574 356 1600 οὐ
377 1574 462 1600 πάλαι
490 1572 625 1608 μετούσης
642 1572 716 1607 αὐτῷ
740 1573 822 1608 τιμῆς
847 1581 877 1599 τε

82 1621 133 1648 καὶ
148 1621 227 1656 δόξης
249 1619 392 1656 ἀξιοῦσθαι
410 1619 495 1654 ζητεῖ,
510 1618 588 1652 δῆλον
609 1617 642 1644 an
665 1618 708 1652 εἴη
732 1617 876 1653 δήπουθεν.

83 1669 158 1703 Ἔφη
170 1653 236 1703 γάρ,
250 1668 292 1694 ὅτι
313 1676 321 1692 ι
334 1653 389 1693 κὰι
406 1665 452 1692 νῦν
466 1664 577 1697 δόξασόν
593 1664 755 1699 μεδῖἁτερ,
766 1665 799 1699 τῇ
813 1663 877 1700 δόξῃ

86 1711 105 1751 ᾖ
121 1712 194 1749 εἶχον
209 1713 262 1748 πρὸ
272 1711 320 1739 τοῦ
337 1711 382 1738 τὸν
394 1711 495 1746 κόσμον
511 1708 581 1737 εἶναι
595 1710 669 1746 παρὰ
686 1711 735 1737 σοί.
750 1719 759 1735 ι
780 1710 809 1736 '0
824 1710 876 1746 γὰρ

85 1758 131 1786 ἀεί
146 1767 176 1785 τε
195 1757 242 1784 καὶ
253 1758 281 1784 ὲν
299 1757 371 1792 ἀρχῇ
387 1756 436 1791 τῆς
450 1756 529 1790 δόξης
552 1755 649 1791 Κύριε,
664 1755 798 1790 ἀδοκήσας
819 1755 875 1791 [ἷσ.

82 1805 189 1841 Κύριος
215 1802 360 1839 ἀδοξήσας]
387 1802 430 1829 διὰ
456 1802 558 1837 μέσου,
577 1801 620 1828 διὰ
646 1801 693 1827 τοῦ
717 1801 877 1828 καθικέσθαι

83 1853 154 1889 πρὸς
166 1852 201 1879 τὰ
215 1850 385 1886 ἀνθρώπινα,
403 1849 472 1884 πρὸς
484 1848 533 1882 τὴν
547 1848 650 1875 ἄνωοεν
672 1847 746 1881 αὺτῷ
764 1848 812 1874 καὶ
828 1856 878 1881 φυ-

85 1898 173 1930 σικῶς
196 1897 403 1931 ἐνυπάρχουσαν
423 1893 502 1926 δόξαν
518 1893 628 1919 ὑπονοεῖ
641 1892 696 1929 [Ζσ.
716 1892 878 1929 ὑπονοστεη,

85 1946 153 1976 τοὺς
162 1946 194 1980 τῇ
210 1943 324 1970 κενώσει
347 1941 503 1976 πρέποντας
519 1939 616 1973 λόγους
632 1939 699 1973 μετὰ
718 1938 766 1965 τοῦ
783 1938 879 1965 παθεῖν

83 1991 183 2027 αὐτὴν,
195 1991 229 2025 τῇ
245 1988 314 2025 μετὰ
329 1987 430 2023 σαρκὸς
447 1985 587 2021 οἱκονομῖᾳ
609 1985 789 2021 δωρούμενος,
806 1985 879 2012 Οὐκ-

82 2038 144 2069 οῦν,
162 2037 322 2070 ἀναγκαῖον,
339 2034 379 2061 ὅτι
397 2033 515 2068 μάλιστα.
547 2031 600 2058 τῶν
620 2031 718 2064 ἄλλων,
730 2030 760 2057 τὸ
777 2031 876 2058 εἰδέναι

83 2083 210 2118 καιροὺς,
221 2080 282 2108 καθ’
295 2080 341 2112 οὓς
351 2078 384 2115 ἦν
397 2079 436 2106 ἔτι
451 2079 485 2105 τά
501 2087 529 2105 τε
542 2079 592 2114 τῆς
609 2078 709 2114 σαρκὸς
722 2078 769 2105 καὶ
784 2078 816 2105 τὰ
830 2079 880 2114 τῆς

925 283 1063 311 manitatis
1075 283 1200 311 videlicet
1224 283 1338 311 ratione.
1351 282 1446 318 Itaque
1461 283 1626 318 gloriﬁcatur
1650 283 1710 318 qui-

924 330 983 357 dem
996 337 1010 356 a
1024 330 1114 361 Patre.
1129 337 1182 357 non
1195 330 1271 364 quasi
1286 329 1370 365 gloria
1384 329 1521 364 indigeat,
1538 336 1599 356 eum
1615 335 1713 363 expers

923 375 1014 403 carnis
1037 375 1213 410 intelligatur,
1228 381 1253 404 et
1278 376 1348 403 Deus
1371 376 1403 402 de
1424 376 1482 403 Deo
1507 376 1643 407 credatur,
1665 374 1711 402 sed

924 422 1052 456 quoniam
1072 421 1153 448 homo
1169 425 1238 452 erat.
1252 426 1380 457 tanquam
1394 429 1450 449 sum
1470 426 1574 448 natura:
1595 420 1712 448 fructum

923 474 975 494 non
995 467 1106 494 haberet
1122 474 1167 494 res
1189 467 1245 495 Deo
1262 467 1454 495 convenientes
1476 468 1604 502 operandi
1630 467 1714 494 iacu|~

925 517 1020 544 tatem,
1036 513 1120 547 ipsam
1138 513 1337 548 quodammodo
1353 514 1449 548 accipit
1464 515 1612 541 secundum
1635 514 1714 540 unio-

924 566 985 586 nem
1003 563 1029 585 et
1048 558 1210 586 ineffabilem
1227 559 1302 586 illum
1323 568 1486 588 concursum
1508 562 1553 595 qui
1585 560 1713 594 intelligi-

925 610 968 633 tur
991 613 1051 633 esse
1073 605 1153 632 Verbi
1181 613 1242 632 cum
1264 605 1443 633 humanitate.
1469 605 1608 633 Glorilicat
1633 612 1714 640 porro

924 652 982 687 ipse
1002 659 1108 686 quoque
1126 651 1243 679 Patrem.
1271 651 1352 678 Pater
1377 651 1448 679 enim
1471 659 1532 678 esse
1557 651 1713 686 agnoscitur

924 698 1136 732 rtnietipotentis
1162 697 1220 730 Dei,
1248 698 1312 725 licet
1335 698 1361 725 in
1381 706 1463 726 carne
1489 697 1665 730 manili-stati,
1688 703 1716 725 et

924 753 984 772 cum
1010 751 1118 772 terreno
1134 753 1249 779 corpore
1271 752 1321 772 una
1340 753 1400 772 cum
1425 745 1581 772 hominibus
1603 752 1715 771 conver—

924 792 1023 818 santis.
1041 791 1143 818 ldcirco
1162 792 1199 818 ait
1217 800 1222 817 :
1245 801 1254 816 ι
1272 791 1328 826 Ego
1346 796 1371 818 te
1389 790 1538 818 clarilieavi
1560 798 1640 826 super
1659 796 1714 817 ter-

926 845 1006 872 ram;
1028 845 1096 873 opus
1113 838 1298 865 consummavi
1326 837 1397 872 quod
1422 837 1517 864 dedisti
1540 837 1604 864 mihi
1627 841 1656 864 ut
1675 836 1716 863 fa-

925 884 994 912 ciam
1008 884 1028 911 ‘.
1047 894 1056 910 ι
1074 883 1186 911 Voluisti
1206 885 1289 916 enim,
1313 891 1328 910 o
1353 883 1445 916 Pater,
1463 883 1561 918 inquit,
1586 887 1614 910 ut
1628 883 1715 910 audax

926 939 958 958 ac
973 939 1073 959 saevum
1088 931 1184 959 mortis
1201 930 1344 966 imperium
1359 930 1520 964 abrogarem
1534 938 1540 956 :
1555 935 1588 957 ιιι·
1599 929 1656 963 ejus
1674 928 1716 956 [ας

926 976 1014 1004 cicndi
1027 977 1067 1003 vis
1085 984 1117 1003 ac
1130 981 1250 1011 potestas
1269 983 1322 1002 non
1338 976 1428 1002 carnis
1443 981 1503 1002 erat
1515 983 1547 1002 ac
1565 974 1715 1009 sanguinisI

926 1022 973 1050 sed
990 1027 1041 1050 tute
1054 1022 1150 1049 divinae
1166 1021 1319 1049 etvivilica:
1341 1028 1372 1048 ac
1394 1020 1584 1055 insuperabilis
1602 1025 1716 1052 naturae,

926 1075 958 1096 ex
978 1075 1030 1102 qua
1049 1075 1110 1095 eum
1127 1074 1177 1102 ego
1195 1067 1453 1102 prodierim,percgi
1470 1066 1541 1101 quod
1558 1066 1670 1102 placuit,
1688 1066 1716 1092 in

927 1113 1001 1141 nullo
1015 1120 1108 1140 eorum
1123 1121 1182 1148 qua:
1197 1113 1230 1140 ad
1247 1112 1428 1148 aequalitatem
1441 1112 1570 1147 operaudi
1581 1112 1718 1147 pertinent

928 1160 1016 1187 factus
1031 1159 1174 1192 inﬁrmior,
1192 1159 1239 1186 sed
1259 1159 1383 1194 quamvis
1399 1159 1426 1185 in
1445 1166 1526 1185 carne
1545 1158 1596 1185 sim
1610 1163 1637 1186 et
1654 1166 1718 1185 sau-

928 1206 1020 1240 guine,
1035 1205 1069 1233 ob
1083 1205 1266 1240 mqualitalem
1284 1204 1413 1240 operandi
1426 1225 1433 1238 ,
1452 1204 1486 1231 de
1503 1209 1547 1231 tua
1564 1203 1716 1232 substantia

928 1251 1093 1288 processisse
1108 1252 1237 1278 creditus.
1255 1249 1379 1278 Clariliea
1399 1243 1440 1277 me
1456 1258 1531 1285 ergo,
1548 1255 1584 1282 tu,
1598 1257 1718 1284 quoque,

929 1299 986 1334 qui,
1006 1303 1035 1325 ut
1052 1299 1142 1331 homo,
1158 1297 1333 1333 ignominiam
1346 1297 1426 1329 subii,
1447 1297 1574 1324 inelfabili
1590 1302 1632 1324 tua
1645 1297 1669 1324 vi
1687 1304 1719 1323 ac

930 1346 1030 1372 virtute
1050 1345 1156 1372 vivilica
1183 1344 1247 1371 mihi
1269 1351 1403 1377 annuens,
1425 1348 1451 1370 et
1472 1343 1600 1378 templum
1624 1342 1719 1370 int-[Ta-

929 1391 976 1418 bili
1000 1392 1106 1418 ratione
1137 1391 1202 1418 mihi
1227 1390 1331 1418 unitum
1349 1395 1435 1418 morte
1456 1391 1581 1425 superius
1610 1389 1718 1417 reddas.

930 1437 1014 1465 Porro
1034 1437 1165 1464 honorem
1183 1436 1234 1463 sibi
1256 1441 1284 1463 et
1309 1436 1422 1470 gloriam
1439 1443 1531 1471 petere
1550 1443 1602 1462 non
1627 1435 1719 1462 insoli-

931 1488 985 1510 tam
1015 1488 1042 1510 et
1072 1482 1146 1517 prius
1175 1482 1342 1516 inexpertam
1373 1482 1466 1516 utique
1499 1481 1610 1516 patebit.
1638 1482 1720 1508 Addit

930 1531 1000 1557 enim
1017 1538 1023 1557 :
1039 1538 1048 1554 ι
1067 1529 1098 1555 Ει
1110 1536 1180 1555 nunc
1193 1527 1312 1555 clariiica
1327 1534 1379 1560 me,
1393 1533 1419 1554 tu
1433 1527 1522 1559 Pater,
1539 1527 1623 1562 gloria
1638 1535 1719 1562 quam

890 1583 914 1615 ρ
932 1575 1022 1607 habui,
1044 1574 1201 1609 priusquam
1228 1574 1344 1600 mundus
1365 1578 1447 1605 esset,
1461 1574 1530 1607 apud
1549 1578 1573 1600 te
1587 1573 1607 1600 ⁷.
1630 1583 1639 1598 ι
1668 1573 1719 1606 Qui

930 1621 1001 1648 enim
1022 1628 1130 1654 semper
1146 1625 1171 1646 ct
1187 1620 1213 1646 in
1232 1619 1368 1654 principio
1387 1625 1446 1646 erat
1464 1619 1556 1654 glorim
1578 1619 1719 1650 Dominus,

929 1667 1032 1694 interea
1047 1666 1223 1701 ignominiam
1240 1666 1351 1693 subiens
1368 1673 1400 1693 ex
1417 1673 1449 1693 eo
1466 1666 1536 1700 quod
1554 1667 1587 1693 ad
1611 1673 1653 1692 res
1671 1666 1722 1692 bu-

931 1721 1025 1740 tnanas
1039 1713 1190 1745 descendit,
1209 1713 1242 1738 ad
1266 1708 1412 1747 supernam
1438 1717 1464 1738 et
1487 1711 1648 1738 naturaliter
1670 1711 1722 1738 sibi

931 1761 1040 1788 insitam
1061 1760 1175 1796 gloriam
1204 1760 1366 1793 revertitur,
1390 1759 1532 1786 inanitioni
1554 1763 1581 1786 ot
1601 1758 1722 1794 passioni

931 1806 1126 1834 convenientes
1148 1814 1229 1834 voces
1258 1806 1440 1834 iuearnationi
1469 1804 1600 1832 tribuens.
1629 1804 1723 1841 Itaque

931 1853 1050 1880 maxime
1069 1853 1190 1880 omnium
1210 1855 1392 1881 necessarium
1414 1858 1456 1881 est
1478 1859 1601 1890 tempora
1627 1853 1724 1888 digno-

933 1905 1009 1925 scere
1027 1898 1124 1933 quibus
1141 1900 1287 1926 eliamnnm
1301 1908 1333 1927 ea
1358 1899 1547 1928 conducebant
1559 1907 1618 1933 qua
1630 1898 1720 1925 carnis

932 1948 995 1971 sunt
1008 1949 1035 1971 et
1051 1944 1214 1979 ignominiae,
1233 1950 1261 1973 et
1277 1950 1396 1981 tempora
1413 1953 1472 1980 qum
1494 1945 1638 1972 adventum
1653 1952 1722 1979 prat-

933 1996 1083 2024 cesserunt,
1099 1991 1209 2025 quibus,
1221 1992 1313 2027 gloriae
1326 1999 1387 2019 cum
1405 1991 1440 2018 sit
1452 1990 1594 2022 Dominus,
1608 1989 1721 2024 gloriam

933 2042 985 2062 non
1000 2037 1140 2070 accepisse
1152 2056 1160 2070 ,
1176 2037 1222 2064 sed
1246 2037 1384 2072 proprium
1402 2037 1503 2064 habere
1518 2041 1547 2063 ut
1563 2035 1637 2063 Deus
1652 2042 1723 2062 com-

932 2086 1047 2116 peritur.

83 2127 203 2160 ἀδοξίας,
215 2127 348 2162 χρήσιμα,
368 2125 416 2152 καλ⁵
439 2126 502 2156 τοὺς
527 2124 630 2151 ἄνωθεν
654 2124 695 2151 ἔτι
717 2125 766 2160 τῆς
786 2124 944 2160 ἐπιδημίας,
975 2126 1036 2154 καθ’
1059 2126 1105 2160 οὓς
1119 2127 1170 2163 τῆς
1197 2128 1277 2164 δόξης
1295 2128 1396 2165 Κύριος
1407 2128 1456 2160 ὢν,
1471 2127 1550 2160 δόξαν
1561 2127 1591 2154 οὺ
1621 2125 1721 2160 λαϐὼν,

83 2173 145 2202 ἀλλ’
163 2174 234 2209 ἔχων
254 2173 320 2200 ἰδίαν
335 2173 372 2204 ὡς
388 2172 454 2204 Θεὸς
469 2172 642 2208 εὑρίσκηται,

120 2231 153 2259 Β.
174 2231 238 2262 Ηῶς
254 2227 300 2256 οὖν
321 2229 428 2264 δέχεται
453 2237 530 2260 τινας
550 2229 604 2255 τῶν
630 2228 685 2255 ἀπὸ
707 2238 753 2256 του
779 2239 876 2265 κοσμοι

970 2220 1001 2247 Β.
1019 2218 1158 2253 Quomodo
1167 2218 1337 2255 igitur602
1356 2226 1369 2246 a
1382 2218 1462 2247 Patre
1473 2220 1506 2247 de
1522 2219 1622 2247 mundo
1638 2227 1721 2255 quos-

85 2277 164 2313 παρὰ
179 2276 226 2303 τοῦ
248 2276 364 2312 Πατρὺς,
391 2275 456 2310 περὶ
477 2271 515 2302 ὧν
541 2275 588 2302 καί
607 2284 675 2310 φησι
696 2276 764 2311 πρὸς
779 2277 878 2304 αὐτόν·

88 2322 165 2355 «ob;
183 2322 286 2354 ἔδωκάς
304 2330 349 2357 μοι
365 2321 397 2347 ἐκ
415 2321 462 2348 τοῦ
475 2321 589 2357 κόσμου,
608 2321 650 2348 σοὶ
661 2319 742 2358 ἦσαν,
759 2322 804 2348 καὶ
819 2323 881 2358 ἐμοὶ

85 2369 188 2401 αὐτοὺς
198 2368 302 2400 ἔδωκας
313 2377 344 2401 ;-›

121 2416 155 2442 Δ.
178 2414 284 2441 οὐκοῦν
306 2414 361 2451 ὲρῶ
384 2415 456 2451 δήτι
483 2415 583 2447 πάλιν,
608 2415 669 2446 ταῖς
692 2413 747 2440 τῶν
771 2414 880 2441 ἐννοιῶν

85 2461 215 2493 ἀτοπίαις
232 2461 273 2493 εἰς
296 2461 325 2487 τὸ
341 2462 470 2496 ἐναρχαῖς
491 2460 703 2495 συνωθούμενος.
720 2460 826 2496 Μάτην,
842 2460 880 2492 ὡς

86 2509 187 2541 ἔοικεν,
196 2507 367 2535 κεκενῶσθαι
378 2507 498 2542 λέγεται,
515 2508 560 2533 καὶ
575 2507 599 2532 el
612 2507 707 2541 γέγονε
718 2506 778 2533 καθ’
794 2506 877 2541 ἡμᾶς,

85 2555 99 2581 ό
117 2555 147 2581 ὲν
165 2554 257 2589 μορφῇ
269 2554 317 2580 καὶ
336 2553 439 2589 ἰσότητι
453 2552 500 2579 τοῦ
521 2552 628 2588 Πατρὸς
645 2552 708 2584 Υἱὸς
721 2553 877 2587 μονογενής.

85 2601 118 2627 Εἰ
140 2599 196 2636 γὰρ
212 2600 371 2636 εἰσποίητον
388 2599 446 2635 ἔχει
464 2599 495 2626 τὸ
516 2599 616 2635 χρῆναι
638 2599 757 2634 κρατεῖν,
778 2599 825 2625 καὶ
838 2598 880 2624 δέ·

85 2646 165 2683 καται
193 2654 271 2678 τινας
296 2645 374 2681 παρὰ
389 2645 436 2673 τοῦ
456 2645 575 2678 Πατοὸς,
591 2644 637 2677 οὒς
657 2645 722 2680 πρὶν
740 2645 808 2679 ἔχων
831 2645 882 2679 οὐχ

121 2749 225 2779 'Joan.
241 2757 309 2784 nn,
321 2749 348 2777 ι.
386 2749 396 2766 ⁷
412 2749 478 2777 Ibid.
495 2749 523 2776 5.
559 2749 570 2764 ⁸
584 2748 650 2776 ibid.
671 2749 694 2775 6.

123 2840 163 2874 (l)
183 2839 280 2867 (Eccl.
297 2839 337 2874 sic
354 2837 435 2865 vertit
450 2836 590 2874 sequentia
607 2845 613 2862 :
628 2845 637 2874 ι
651 2834 758 2861 Nullam
771 2834 876 2874 habens

86 2869 232 2903 utilitatem
253 2881 287 2901 ex
312 2869 497 2905 humanitate,
513 2871 688 2898 nihilominus
712 2869 875 2905 sacriﬁcium

87 2910 192 2947 peregi,
207 2908 333 2946 quamvis
350 2909 377 2936 iu
397 2903 530 2936 earne'ac
553 2906 685 2940 sanguine
708 2911 806 2932 essem.
823 2903 877 2931 Cur

931 2268 992 2295 dam
1023 2266 1138 2302 accipit,
1169 2266 1202 2293 de
1226 2266 1326 2300 quibus
1350 2265 1432 2293 etiam
1460 2267 1494 2293 ad
1523 2266 1610 2300 ipsum
1640 2267 1720 2294 inﬁt:

932 2322 942 2339 4
962 2315 1036 2346 Quos
1054 2313 1150 2341 dedisti
1174 2312 1239 2340 mihi
1259 2313 1292 2340 de
1315 2312 1427 2344 mundo,
1453 2313 1488 2339 tui
1505 2317 1593 2345 erant,
1607 2318 1635 2340 et
1655 2313 1721 2340 mihi

929 2367 976 2387 eos
993 2360 1090 2387 dedisti
1102 2359 1130 2386 οι
1145 2369 1156 2385 ι

965 2406 998 2433 Α.
1022 2406 1077 2440 Ego
1097 2412 1171 2433 certe
1195 2405 1296 2440 aliquid
1323 2411 1416 2431 rursus
1430 2403 1530 2436 dicant.
1552 2404 1722 2432 absurditate

932 2453 1065 2479 rationum
1083 2452 1116 2479 ad
1133 2451 1159 2479 id
1173 2452 1244 2486 quod
1258 2451 1335 2478 initio
1350 2450 1404 2478 dixi
1417 2450 1504 2477 redire
1517 2454 1636 2477 coactus.
1650 2450 1722 2477 Fru-

932 2503 998 2530 stra,
1020 2502 1051 2525 ut
1068 2498 1185 2530 videtur,
1199 2497 1356 2525 exinanitus
1373 2497 1482 2528 dicitur,
1506 2496 1613 2523 tametsi
1634 2496 1719 2523 nostri

933 2545 1030 2573 similis
1050 2545 1137 2572 factus
1149 2549 1191 2572 est
1207 2544 1233 2571 in
1254 2544 1340 2571 forma
1358 2549 1384 2570 et
1396 2543 1551 2578 aequalitate
1564 2542 1651 2569 Patris
1668 2550 1720 2569 ex-

933 2594 1032 2621 sisteus
1047 2593 1131 2620 Filius
1150 2592 1315 2627 unigenitus.
1338 2591 1406 2619 Nam
1427 2591 1450 2618 si
1473 2590 1618 2618 ascititium
1638 2590 1720 2617 habet

936 2641 1089 2677 imperitun,
1114 2645 1141 2668 et
1157 2640 1286 2676 quosdam
1307 2640 1405 2675 accipit
1426 2647 1441 2667 a
1463 2639 1543 2666 Patre
1556 2645 1627 2673 quos
1646 2637 1720 2672 prius

929 2832 1029 2867 igitur?
1044 2832 1106 2866 quia
1127 2838 1159 2857 ex
1173 2835 1216 2856 tua
1237 2834 1318 2867 natus
1335 2835 1394 2855 sunt
1415 2827 1576 2861 substantia,
1590 2835 1624 2856 ex
1639 2835 1723 2863 aequo,

929 2864 1058 2895 virtutem
1071 2866 1170 2894 habere
1181 2864 1286 2892 credar.
1303 2873 1313 2889 ι
