1937 3036
97 149 106 175 ί
113 149 164 175 033

94 253 187 289 σΞιρχα
203 254 364 291 συνδρομῆς,
386 254 436 280 οὐκ
452 255 481 280 ἐν
503 255 535 290 τῇ
554 254 601 281 τοῦ
624 254 718 281 δούλου
734 255 825 290 μορφῇ
843 254 888 281 τόν

93 301 127 327 ἐκ
139 301 208 328 Θεοῦ
226 301 362 336 πεφηνότα
383 301 479 335 Λόγον,
493 301 551 328 ἀλλ’
566 302 596 328 ὲν
614 302 757 337 κυριότητι
772 303 887 337 φυσικῇ,

93 347 142 373 καὶ
159 348 189 374 ὲν
211 347 285 379 ἰδίοις
304 347 460 383 ὑψώμασιν,
482 344 523 380 οἷς
545 347 660 384 ὲπείπερ
687 348 889 384 ἐμφιλοχωρεῖν

92 392 137 419 διὰ
153 394 205 429 τὴν
219 394 258 425 εις
273 394 347 429 ἡμᾶς
367 394 508 430 ἀγάπησιν
526 395 556 421 οὐ
581 394 641 422 λίαν
662 394 762 427 ἐδόκει,
786 403 887 430 κεχρη-

93 438 196 473 μάτικε
212 436 314 470 δοῦλος,
332 438 364 465 ἵν’
381 438 476 474 ὥσπερ
493 438 575 470 αὐτὸς
589 439 618 465 ἐν
631 439 687 470 τοῖς
711 438 787 474 παρὰ
806 438 887 472 φύσιν

93 483 236 519 ἐθελοντὴς
253 483 285 510 δι’
305 484 388 519 ἡμᾶς.
411 483 498 516 οὕτως
522 484 569 511 καὶ
591 485 671 519 ἡμεῖς
694 485 723 510 ἐν
745 485 800 515 τοῖς
817 482 888 518 ὑπὲρ

93 530 175 565 φύσιν
193 529 328 568 πρόθυμοι
345 529 379 556 δι’
399 529 479 556 αὐτόν
491 538 497 544 ·
523 529 653 556 καθίκετο
675 529 729 564 γὰρ
745 529 785 560 εἷς
804 528 889 554 κένω-

93 584 147 608 σιν,
165 575 225 610 οὐχὶ
240 576 273 611 τῇ
288 574 402 601 κενώσει
416 574 505 606 διδοὺς
520 574 551 601 τὸ
565 575 664 610 χρῆναι
683 574 761 608 νικᾷν
776 572 825 608 τὴν
839 572 889 607 ἔμ-

93 622 179 656 φυτόν
198 630 228 648 τε
251 621 332 648 αὐτοῦ
354 621 401 648 καὶ
425 621 633 657 ἁπαραποὶητον
654 620 742 654 δόξαν,
767 621 824 648 ἀλλ’
846 621 888 647 ἴνα

91 667 124 694 τὸ
141 669 171 694 ὲν
195 667 290 702 ὑφέσει
315 668 362 694 καὶ
387 667 472 699 κάτω,
488 667 626 693 τουτέστιν
651 667 743 702 ἡμεῖς,
762 667 889 702 ἀναθρώ-

94 720 173 740 σκειν
187 712 255 748 ὑψοῦ
267 713 300 739 δι’
312 713 392 740 αὐτὸν
410 713 571 748 ἰσχύσωμεν.
588 713 624 739 Οὔ
641 714 735 749 γάρτοι
753 713 782 740 τὸ
799 715 889 750 χεῖρον

93 760 255 788 ὲκόιόισεταὶ
270 769 334 786 ποτε
347 760 376 786 τὸ
392 760 569 796 ὑπερτεροῦν,
585 760 680 795 ἕψεται
696 760 724 787 δὲ
739 760 838 796 μᾶλλον
851 760 889 796 τῷ

93 806 207 834 νικῶντι
229 807 274 833 καὶ
302 805 446 842 προῦχοντι
468 807 498 833 τὸ
523 806 696 841 ἀσυγκρίτως
723 805 887 841 ἡττώμενον.

99 853 221 888 Ἀμαοὲς
238 850 284 880 οὖν
304 853 364 880 λίαν
378 853 408 879 τὸ
422 852 526 879 οἴεσθαι
543 853 597 879 δεῖν
614 853 694 879 αὐτὸν
711 853 888 880 ἐκϐεϐιάσθαι

93 901 152 932 τοῖς
177 900 236 926 καθ’
257 900 339 935 ἡμᾶς,
369 899 406 931 ὡς
433 899 481 926 σὺν
502 901 568 936 ἡμῖν
592 900 626 926 δι’
645 900 718 934 ἡμᾶς
743 901 889 936 ἁπομείναι

95 946 189 972 κάτον
216 945 296 980 σοφὸν
313 945 341 972 δὲ
363 946 409 972 καὶ
427 945 535 982 ἀληθὲς,
553 946 584 972 τὸ
600 947 763 974 διανοεῖσθαι
780 947 825 974 καὶ
847 948 889 974 λέ-

95 1000 166 1025 γειν1
183 991 252 1028 πρὸς
264 991 295 1018 τὸ
309 991 379 1018 (λεῖον
397 991 478 1018 αὑτοῦ
490 992 536 1019 καὶ
549 992 704 1028 ἀπόρρητον
718 992 815 1024 κάλλος
826 993 890 1020 ἀνα-

95 1037 226 1073 φοιτῆσαι
243 1038 272 1064 τδ
287 1038 423 1070 ταπεινὸν,
437 1040 470 1073 τῇ
489 1039 627 1074 ὑπερτάτη
646 1039 709 1075 δόξῃ
728 1040 889 1075 νικώμενον.

92 1084 204 1121 ’Ὀνπερ
226 1084 279 1120 γὰρ
304 1085 404 1120 τρόπον
429 1085 526 1112 παοεῖν
546 1085 594 1120 μὲν
620 1085 694 1120 αὐτῷ
723 1086 822 1122 συνέϐη
845 1087 890 1113 τὸν

95 1131 170 1158 κατὰ
190 1131 279 1166 σάρκα
303 1131 416 1158 Θάνατον
443 1131 488 1158 διὰ
515 1132 564 1167 τὴν
582 1131 619 1166 τῷ
645 1132 752 1167 Θανάτῳ
776 1134 890 1169 κάτοχον

96 1177 200 1212 σάρκα,
217 1177 271 1212 ζωὴ
296 1177 324 1203 δὲ
349 1176 386 1203 ὢν
404 1177 473 1204 κατὰ
491 1176 583 1211 φύσιν,
607 1177 753 1212 ἀνεκόμισε
775 1178 844 1214 πρὸς
860 1179 890 1205 τὸ

95 1223 198 1249 οἰκεῖον
217 1222 310 1258 αὐτὴν,
326 1222 401 1249 οὐδὲν
420 1223 460 1254 εὶς
478 1222 547 1250 ἰδίαν
567 1223 716 1259 ὑπομείναις
731 1224 823 1258 φύσιν,
842 1234 891 1252 κα-

95 1268 228 1300 caesim;
244 1267 272 1294 δὲ
298 1268 398 1303 μᾶλλον
422 1269 470 1295 τοῦ
494 1268 609 1296 θανάτου
632 1270 662 1296 τὸ
685 1271 801 1306 κράτος·
818 1271 891 1299 οὕτω

98 1314 200 1349 ᾳαμὲν,
219 1314 260 1340 ὅτι
274 1315 372 1341 παθεῖν
387 1314 436 1349 μὲν
453 1314 528 1350 αὐτῷ
543 1315 592 1350 τὴν
611 1315 733 1343 δουλείαν
751 1316 891 1352 συμϐέϐη-

96 1369 146 1387 κεν
171 1360 360 1396 οἰκονομικῶς.
384 1360 493 1397 Ἐπειδὴ
508 1362 535 1388 δὲ
556 1361 627 1388 κατὰ
647 1363 727 1397 φύσιν
750 1364 809 1390 ἐστὶ
825 1364 891 1396 Θεὸς

97 1408 146 1434 καὶ
168 1407 280 1443 Κύριος,
307 1409 470 1444 παραχωρεῖ
496 1408 526 1434 τὸ
545 1407 657 1441 λυποῦν,
687 1410 736 1436 καὶ
759 1411 820 1442 ταῖς
840 1411 892 1446 τῆς

95 1451 176 1490 δόξης
192 1454 354 1489 ὑπερϐολαῖς
370 1454 525 1489 ἡττώμενον
539 1455 568 1481 τὸ
581 1455 613 1482 ὲκ
625 1455 675 1490 τῆς
688 1455 809 1489 δουλείας
825 1465 892 1483 κατ-

97 1499 246 1534 ηφάνισται
272 1498 409 1530 δυσκλεές,
434 1499 548 1532 Οὐκοῦν,
576 1501 601 1526 εἰ
625 1501 780 1536 μεμένηκεν
799 1502 828 1528 ἐν
848 1510 892 1528 νε-

98 1546 185 1580 κροῖς,
201 1544 271 1571 κατά
288 1553 329 1578 γε,
346 1544 428 1580 φημὶ,
447 1545 496 1580 τὴν
510 1545 609 1581 σάρκα,
632 1546 708 1581 μένει
732 1547 760 1574 ἐν
776 1547 890 1580 δούλοις.

97 1590 131 1618 Εἰ
148 1591 176 1617 δὲ
189 1589 300 1626 ἀνέθορέ
314 1599 343 1616 τε
360 1590 408 1616 καὶ
426 1590 509 1626 ἀνέϐη
525 1591 594 1627 πρὸς
605 1591 635 1617 τὸ
652 1593 681 1618 ἐν
696 1592 802 1628 ἀρχαῖς,
820 1593 892 1628 φημὶ

96 1636 131 1672 δὴ
146 1636 177 1662 τὸ
194 1635 253 1671 ζῇν,
274 1636 450 1672 οἰκονομικῶς
474 1636 513 1672 τῷ
532 1637 642 1674 θανάτῳ
662 1638 693 1665 τὸ
718 1639 790 1672 δόξαι
813 1640 892 1675 νικᾷν

98 1682 218 1715 ἐπιδοὺς,
241 1682 415 1718 ἁνοιχήσεται
439 1682 560 1718 δηλονότι
581 1684 628 1711 καὶ
651 1684 719 1721 πρὸς
740 1685 771 1711 τὸ
787 1685 890 1721 ἕτερον,

98 1729 234 1760 τουτέστι,
250 1729 280 1754 τὺ
297 1729 325 1754 ἐν
341 1729 482 1764 κυριότητι
499 1732 600 1766 φυσικῇ
619 1730 757 1765 διαφανὲς,
772 1733 805 1767 τῇ
823 1732 892 1767 μετὰ

100 1776 202 1812 σαρκὸς
217 1775 358 1811 οἰκονομίᾳ
374 1776 404 1801 τὸ
420 1776 449 1801 ὲν
471 1775 560 1811 καιρῷ
581 1775 642 1808 δοὺς
661 1777 768 1813 ἰσχῦσαι
785 1777 892 1814 βραχεῖ,

99 1823 172 1850 κατά
187 1831 218 1856 γε
235 1822 284 1857 τῆς
300 1822 421 1853 δουλείας
433 1821 478 1848 τὸν
492 1822 602 1857 τρόπον.
619 1823 752 1860 Ταύτῃτοι
773 1825 821 1851 καὶ
837 1826 893 1852 lao~

99 1869 182 1904 κλεὴς
203 1869 249 1895 καὶ
275 1868 420 1904 ὁμόθρονος
442 1868 479 1895 ὢν
502 1869 538 1900 ὡς
562 1869 626 1901 Υἱὸς
642 1870 740 1906 Πατρὶ,
757 1871 804 1898 καὶ
828 1871 894 1903 Θεὸς

99 1915 171 1951 eaq),
190 1916 331 1950 μονονουχὶ
345 1916 391 1942 καὶ
411 1915 451 1946 εἰς
467 1915 554 1950 ἀρχὰς
573 1916 623 1951 τῆς
642 1916 712 1943 οὕτω
727 1919 894 1953 περιφανοῦς

100 1961 149 1988 καὶ
167 1961 351 1997 ὐπερκοσμίου
363 1960 442 1995 δόξης
453 1961 666 1993 ἀναϐιϐάζεσθαι
676 1963 759 1996 δοκεῖ,
775 1964 895 1998 φάσκον-

99 2016 146 2039 τος
170 2008 240 2042 προς
262 2007 343 2034 αὑτὸν
358 2007 404 2033 τοῦ
419 2007 486 2033 Θεοῦ
511 2008 558 2034 καὶ
579 2008 703 2044 Πατρός·
720 2019 729 2035 ι
749 2010 841 2037 Κάθου
862 2011 895 2038 ἐκ

100 2053 197 2087 δεξιῶν
220 2062 283 2088 μου,
305 2053 358 2085 ἓως
378 2053 410 2080 ἂν
428 2053 466 2080 θῶ
474 2054 536 2085 τοὺς
556 2054 670 2089 ἐχθρούς
687 2064 732 2082 σου
749 2056 895 2084 ὑποπόδιον

99 2100 156 2127 τῶν
173 2100 262 2127 ποδῶν
278 2108 335 2128 σου.
355 2109 364 2126 ι
387 2101 420 2127 Ὃ
439 2101 492 2137 γὰρ
511 2101 543 2128 ἂν
561 2101 736 2136 ὑποστορέσει
763 2103 791 2128 ἐν
810 2103 894 2138 ἑαυτῇ

101 2146 307 2179 κατευνάζουσα
321 2145 389 2182 πρὸς
406 2146 437 2173 τὺ
458 2147 584 2179 εὐπειοὲς
600 2148 616 2183 ή
634 2147 695 2174 Data.
708 2155 738 2174 τε
754 2149 800 2175 καὶ
813 2149 897 2181 ἀπόῤ-

101 2193 185 2228 ρητος
201 2192 291 2227 φύσις,
302 2192 376 2219 τουτὶ
387 2191 418 2227 δὴ
435 2192 542 2224 πάντως
552 2194 609 2224 τοῖς
620 2193 667 2220 τοῦ
680 2194 806 2230 Σωτῆρος
817 2194 896 2230 ἡμῶν

596 183 599 192 ί
630 149 672 176 Ι)ιί
694 148 743 176 SS.
767 148 954 176 TRINITATE
978 148 1149 176 DlAl.OGUS
1171 148 1216 176 Vl.

133 209 164 235 Δ.
188 206 264 235 Εἶναι
295 209 327 244 δὴ
347 204 393 234 οῦν
420 207 526 243 ἀνάγκη
554 209 639 240 νοεῖν,
668 208 721 244 πρὸ
744 209 793 244 τῆς
821 208 888 243 πρὸς
904 211 927 239 Α

1663 147 1732 175 1054

976 209 1009 236 Α.
1031 207 1235 243 Intelligendum
1257 210 1299 234 est
1323 206 1405 241 igitur
1430 210 1493 233 ante
1516 204 1732 233 incarnationem

942 262 994 281 non
1011 254 1037 281 in
1057 253 1143 281 forma
1162 252 1231 281 servi
1245 259 1306 280 esse
1325 251 1442 279 Verbum
1460 251 1531 285 quod
1546 257 1577 277 ex
1596 250 1650 277 Deo
1669 257 1734 285 pro-

941 300 999 333 diit,
1017 301 1064 328 sed
1081 300 1107 328 in
1129 299 1315 328 dominatione
1330 298 1447 326 naturali
1465 303 1492 325 et
1507 297 1654 325 eminentia
1672 304 1735 331 pro-

941 348 1010 382 pria,
1031 348 1131 382 quibus
1154 351 1265 382 propter
1282 345 1356 372 illam
1375 344 1401 372 in
1427 351 1476 371 nos
1493 343 1653 371 cltaritatem
1671 342 1734 370 reli-

939 394 1001 426 ctis,
1026 401 1122 421 servus
1148 393 1244 426 audiit,
1271 396 1302 419 ut
1328 389 1556 426 quemadmodum
1583 389 1640 424 ipsc
1661 388 1734 416 ultro

941 443 1050 474 propter
1063 447 1113 467 nos
1125 446 1157 466 ea
1170 439 1253 466 subiit
1263 445 1323 473 quae
1336 441 1399 465 sunt
1415 440 1514 471 praeter
1529 441 1666 467 naturam,
1693 434 1733 462 sic

939 485 1022 512 etiam
1041 492 1090 512 nos
1110 485 1137 512 in
1159 485 1193 511 iis
1214 492 1275 519 qua:
1291 491 1371 518 supra
1389 487 1512 509 naturam
1530 486 1604 514 sunt,
1619 481 1732 509 libenter

939 538 1060 558 essemus
1084 536 1194 566 propter
1220 531 1320 565 ipsum.
1345 529 1385 557 Ad
1409 528 1585 556 iuanitionem
1609 528 1681 554 enim
1704 533 1734 554 se

941 577 1060 610 demisit,
1076 585 1129 605 non
1151 577 1220 605 dans
1236 576 1379 604 inanitioni
1394 581 1423 604 ut
1440 575 1549 603 insitam
1565 578 1592 602 et
1606 574 1733 602 immuta-

941 623 1020 650 bilem
1043 623 1156 658 gloriam
1173 627 1325 658 superaret,
1346 622 1393 651 sed
1416 627 1443 649 ut
1457 621 1529 657 quod
1552 621 1673 648 inlituum
1700 627 1733 648 ac

941 670 1097 704 depressum
1119 673 1171 702 est,
1196 677 1245 697 nos
1262 669 1345 705 606
1367 669 1506 701 nimirum,
1528 675 1576 702 per
1600 668 1687 702 ipsum
1705 667 1731 694 in

940 716 1024 743 altum
1046 723 1187 750 possemus
1213 716 1407 743 conscendere.
1429 714 1506 747 Quod
1522 714 1593 741 enim
1620 713 1732 741 inferius

941 767 992 795 est,
1009 770 1180 797 nequaquam
1197 762 1250 789 vim
1267 761 1401 796 superiori
1417 761 1506 793 faciet,
1530 761 1583 787 imo
1600 765 1732 794 praestan-

942 809 1003 836 tiori
1019 813 1045 836 et
1060 808 1246 835 excellentiori
1259 807 1334 834 cedet
1351 807 1376 834 id
1391 807 1462 841 quod
1477 806 1731 840 incomparabiliter

943 854 1031 882 minus
1047 858 1098 882 est.
1122 853 1355 881 Absurdissimutu
1376 858 1418 880 est
1432 852 1513 887 igitur
1532 857 1628 887 putare
1645 853 1732 887 ipsum

943 910 959 928 a
975 900 1052 928 nobis
1065 905 1189 928 coactum
1200 904 1230 926 ut
1239 899 1380 927 uobiscum
1406 903 1516 934 propter
1527 906 1577 925 nos
1593 898 1662 925 inl‘ra
1675 906 1733 926 tita-

943 952 1033 980 neret;
1047 947 1094 974 sed
1106 946 1243 982 sapienter
1255 953 1286 973 ac
1297 952 1361 973 vere
1373 945 1551 980 cogitabimus
1559 952 1591 972 ac
1604 945 1733 976 dicemus,

942 994 975 1020 ad
993 993 1114 1020 divinam
1134 993 1192 1028 ejus
1215 997 1243 1021 et
1262 991 1425 1019 iueﬂ‘abilem
1445 991 1670 1025 pulchritudinem
1689 998 1734 1018 re-

943 1039 1025 1067 diisse
1042 1038 1235 1071 humilitatem,
1255 1046 1382 1072 suprema
1404 1038 1488 1073 gloria
1502 1038 1613 1065 vietam.
1636 1037 1734 1070 Quem.

942 1085 1086 1112 admodum
1110 1085 1182 1112 enim
1205 1085 1293 1119 ipsum
1316 1089 1430 1112 mortem
1455 1084 1602 1112 secundum
1623 1091 1733 1111 carnem

943 1132 1014 1160 ferre
1037 1133 1162 1167 contigit,
1185 1136 1297 1167 propter
1321 1137 1431 1158 carnem
1458 1130 1538 1158 morti
1561 1131 1705 1157 obnoxiam
1726 1139 1732 1156 :

942 1187 1004 1206 cttnt
1023 1185 1110 1206 autem
1135 1178 1190 1205 vita
1207 1178 1243 1205 sit
1261 1177 1409 1205 secundum
1432 1181 1568 1210 naturam,
1587 1177 1671 1210 ipsum
1699 1178 1732 1202 ad

942 1225 969 1253 id
983 1225 1053 1260 quod
1066 1226 1091 1252 ei
1115 1224 1279 1252 conveniens
1292 1228 1333 1251 est
1356 1223 1458 1256 retulit,
1484 1223 1550 1250 nihil
1571 1223 1597 1249 in
1623 1223 1731 1257 propria

943 1277 1040 1299 natura
1061 1279 1167 1307 passus,
1189 1271 1236 1298 sed
1259 1271 1389 1299 convulso
1414 1269 1510 1297 mortis
1534 1269 1649 1303 imperio
1672 1277 1679 1295 :
1699 1268 1734 1295 ita

944 1318 1060 1346 dicimus
1074 1318 1098 1345 ci
1116 1317 1264 1353 contigisse
1280 1321 1308 1344 ut
1324 1318 1482 1345 servitutetn
1497 1316 1608 1348 subiret,
1632 1315 1735 1342 ratione

945 1363 1152 1391 incarnationis.
1182 1363 1248 1391 Cum
1267 1368 1356 1390 autem
1380 1362 1527 1390 secundum
1552 1367 1675 1388 naturain
1699 1362 1735 1389 sit

943 1410 1015 1438 Deus
1026 1418 1058 1438 ac
1067 1411 1208 1443 Dominus,
1220 1410 1291 1445 quod
1305 1414 1347 1437 est
1362 1409 1467 1437 molesti
1481 1409 1593 1441 recedit,
1606 1413 1633 1435 et
1643 1408 1735 1442 gleria:

944 1457 1093 1485 eminentia
1121 1461 1249 1491 superata
1278 1455 1419 1484 servitutis
1447 1455 1602 1490 ignobilitas
1619 1455 1733 1482 deletur.

943 1503 1037 1538 Itaque
1055 1504 1076 1531 si
1097 1503 1198 1531 mansit
1217 1503 1289 1530 inter
1309 1506 1442 1533 mortuos,
1460 1500 1608 1528 Secundum
1625 1507 1733 1527 carnem

946 1547 1083 1580 nitnirum,
1100 1552 1191 1574 manet
1203 1547 1283 1574 etiam
1302 1547 1373 1574 inter
1390 1553 1493 1574 servos.
1513 1545 1560 1573 Sin
1582 1551 1670 1572 autem
1689 1554 1735 1572 ex.-

944 1594 1044 1621 citatus
1070 1597 1121 1625 est,
1143 1600 1175 1621 ac
1200 1593 1226 1620 in
1253 1593 1398 1628 pristinum
1419 1596 1529 1625 statum,
1554 1592 1604 1619 hoc
1627 1596 1679 1624 est,
1702 1593 1735 1618 ad

945 1641 1039 1672 vitam,
1061 1640 1153 1673 rediit,
1175 1641 1281 1668 ratione
1299 1639 1494 1667 incarnationis
1518 1639 1598 1666 tuorti
1622 1639 1736 1667 victoria

944 1695 1085 1720 concessa,
1104 1687 1204 1715 redibit
1219 1687 1311 1721 utique
1323 1687 1405 1714 etiam
1418 1686 1451 1713 ad
1466 1685 1549 1718 aliud,
1569 1686 1621 1713 hoc
1636 1690 1686 1717 est,
1702 1685 1736 1712 ad

945 1733 1141 1761 dominationis
1159 1732 1293 1761 naturalis
1307 1732 1492 1766 splendorem,
1510 1731 1689 1759 incarnaticui
1704 1731 1736 1758 ad

945 1781 1027 1808 breve
1049 1784 1156 1815 tempus
1175 1779 1323 1807 secundum
1338 1778 1473 1806 rationem
1494 1778 1634 1805 servitutis
1649 1777 1736 1812 palma

947 1827 1057 1854 tributa.
1075 1826 1246 1860 Proindeque
1256 1833 1318 1852 cum
1331 1824 1428 1859 aequali
1445 1823 1529 1858 gloria
1545 1824 1674 1858 praeditus
1691 1824 1737 1855 sit,

945 1872 1096 1906 eodemque
1114 1871 1141 1898 in
1158 1871 1226 1899 solio
1239 1871 1332 1898 sedeat
1347 1878 1408 1897 cum
1426 1870 1506 1897 Patre
1527 1869 1622 1897 Filius.
1638 1874 1737 1897 etcum

946 1917 1002 1946 Deo
1024 1917 1106 1951 Deus,
1134 1922 1222 1944 tamen
1244 1917 1276 1944 ad
1305 1915 1467 1951 principium
1495 1921 1548 1942 tam
1573 1915 1685 1943 illustris
1707 1923 1738 1942 ac

945 1963 1172 2000 snpramundana:
1183 1963 1275 1998 gloriae
1286 1961 1479 1996 propemodum
1488 1961 1594 1988 videtur
1604 1968 1698 1988 revoca
1704 1962 1737 1992 ri,

946 2012 1053 2039 dicente
1073 2010 1098 2038 ei
1126 2009 1182 2037 Deo
1204 2016 1236 2036 ac
1259 2008 1361 2035 Patre:
1379 2016 1389 2033 ι
1406 2007 1477 2034 Sede
1498 2014 1513 2034 a
1532 2006 1635 2034 dextris
1659 2006 1737 2039 meis,

947 2058 1034 2086 donec
1048 2063 1145 2092 ponam
1161 2055 1286 2082 inimicos
1301 2059 1362 2081 tuos
1383 2053 1543 2081 seabellum-
1557 2053 1654 2088 pedum
1676 2057 1739 2080 tuo-

947 2111 1006 2132 rum
1028 2103 1062 2130 ²¹,
1079 2111 1088 2128 ι
1116 2101 1302 2136 Quodcunque
1326 2099 1398 2127 enim
1428 2099 1479 2126 sibi
1505 2099 1685 2127 substraverit
1707 2107 1740 2126 ac

947 2148 1093 2184 subiecerit
1117 2148 1144 2174 in
1170 2154 1199 2174 se
1222 2147 1416 2181 conquiescens
1438 2145 1529 2173 divina
1554 2149 1581 2173 et
1597 2144 1740 2172 inet‘fabilis

948 2199 1056 2228 natura,
1075 2194 1126 2222 hoc
1144 2194 1237 2228 utique
1255 2192 1404 2220 Salvatoris
1423 2191 1507 2219 nostri
1527 2191 1671 2225 subjicitur
1691 2198 1739 2223 pe-

102 2238 271 2274 ὑποφέρεται
298 2239 397 2271 ποσὶν,
422 2239 473 2265 οὐκ
498 2239 675 2274 ἀνθρωπίνως
699 2240 892 2275 ὲνηργηκότος,

947 2242 1045 2273 dibus.
1068 2249 1121 2269 nou
1145 2240 1217 2276 quod
1243 2239 1401 2267 humanitus
1427 2242 1555 2271 operatus
1577 2241 1629 2270 est,
1652 2244 1740 2271 neque

101 2285 162 2311 οὐδὲ
189 2285 292 2312 ὲπείτοι
316 2284 413 2319 γέγονε
438 2284 519 2320 σὰρξ,
542 2285 586 2312 διὰ
601 2285 680 2312 τοῦτο
705 2288 816 2322 κρατεῖν
842 2286 897 2313 τῶν

102 2330 292 2366 ὴπειθηκότων
311 2331 459 2366 ἰσχύοντος,
483 2331 540 2358 ἀλλ’
553 2332 594 2358 ὅτι
617 2332 669 2367 τῆς
689 2333 897 2368 ἁνθρωπότητος

102 2377 134 2404 rb
150 2377 360 2412 σμικροπρεπὲς
372 2378 412 2409 εις
426 2378 456 2404 τὸ
469 2378 518 2413 τῆς
534 2378 664 2405 ἀνωτάτω
679 2379 724 2405 καὶ
742 2379 897 2415 ὑπερτάτης

104 2423 211 2459 φύσεως
224 2423 335 2456 ἀναθεὶς
350 2423 467 2459 ἀξίωμα,
490 2425 537 2451 καὶ
557 2426 613 2457 τοῖς
628 2425 678 2461 τῆς
700 2425 827 2461 θεότητος
846 2426 898 2453 θώ-

103 2479 161 2502 κοις
169 2469 311 2506 ὲνιδρύσας
321 2470 426 2503 ἑαυτὸν,
433 2471 481 2498 καὶ
490 2471 559 2506 μετὰ
569 2472 669 2507 σαρκὸς
676 2473 689 2499 ὁ
697 2472 843 2509 μονογενὴς
850 2473 895 2500 τοῦ

103 2516 172 2544 θεοῦ
188 2517 274 2551 Λόγος
292 2517 502 2552 κατακυριεύσει
515 2518 569 2545 τῶν
581 2518 651 2545 ὅλων
665 2519 695 2545 οὐ
708 2519 768 2554 δίχα
779 2521 895 2556 Πατρός.

106 2563 139 2589 Ὃ
164 2562 221 2598 γὰρ
246 2561 279 2589 ἂν
300 2562 386 2599 δρῴτο
405 2563 480 2599 παρὰ
502 2564 618 2599 Πατρὸς,
635 2564 714 2590 τοῦτο
735 2564 766 2600 δὴ
787 2565 896 2597 πάντως

104 2608 179 2635 ἐστὶν
195 2607 334 2643 ἐνέργημα
347 2607 394 2635 τοῦ
410 2608 477 2636 Υἱοῦ
488 2617 496 2625 ·
513 2609 560 2636 καὶ
575 2610 643 2645 ὅπερ
657 2609 690 2636 ἂν
713 2609 816 2644 λέγοιτο
839 2609 897 2636 δια-

104 2653 282 2690 περαίνεσθαι
299 2654 332 2681 δι’
350 2653 426 2686 Υἱοῦ,
450 2655 529 2682 τοῦτο
543 2655 575 2690 δὴ
594 2656 703 2687 πάντως
719 2656 777 2682 ἐστὶ
801 2655 899 2691 κατόρ-

105 2700 186 2735 θωμα
204 2699 252 2726 τοῦ
272 2700 389 2735 Πατρός.
417 2700 510 2727 Πάντα
534 2700 587 2736 γὰρ
611 2701 643 2727 δι’
663 2701 762 2736 ἀμφοῖν
785 2702 814 2728 ἐν
837 2702 898 2737 ἴσῳ,

105 2745 283 2781 ἐνεργοῦντος
297 2746 346 2781 μὲν
358 2746 405 2773 τοῦ
419 2747 536 2783 Πατρὺς,
552 2747 659 2782 ἔχοντος
675 2748 704 2774 δὲ
718 2748 750 2775 δι’
767 2748 832 2774 Υἱοῦ
852 2749 899 2775 καὶ

105 2794 152 2821 σὺν
166 2792 244 2827 αὐτῷ
263 2793 292 2819 ἐν
309 2793 446 2828 Πνεύματι
472 2793 521 2829 τὴν
538 2794 580 2828 ἐφ’
596 2795 648 2829 ὅτῳ
660 2792 707 2822 οὖν
719 2794 772 2821 τῶν
792 2795 900 2831 δρωμέ-

105 2847 156 2866 νων
173 2837 315 2875 ἐνέργειά-ί
330 2847 360 2864 τε
376 2840 423 2865 καὶ
438 2838 559 2874 Οέλησιν.

138 2898 158 2913 ’¹
178 2897 250 2924 Psal.
265 2905 321 2926 cn.
339 2897 363 2929 1,
376 2898 403 2925 ε.

232 2944 370 2975 Parnm.
394 2945 454 2974 Gn.
474 2943 598 2975 LXXV,

948 2293 1090 2324 propterea
1110 2287 1181 2322 quod
1204 2293 1268 2314 caro
1286 2285 1372 2313 factus
1392 2289 1444 2317 est,
1467 2284 1570 2312 idcirco
1586 2285 1740 2312 incredulos

947 2336 1058 2363 vincere
1079 2334 1179 2369 possit,
1193 2335 1240 2361 sed
1257 2332 1385 2368 quoniam
1410 2331 1588 2360 humanitatis
1608 2331 1739 2359 vilitatem

950 2380 981 2406 ad
1004 2387 1137 2414 supremze
1160 2382 1187 2406 et
1209 2377 1348 2405 altissimae
1365 2382 1467 2404 natum
1490 2377 1648 2411 dignitatem
1669 2378 1740 2405 rele-

950 2433 1023 2457 rens,
1047 2429 1075 2452 et
1093 2423 1121 2451 in
1139 2424 1248 2452 deitatis
1265 2424 1333 2451 solio
1354 2424 1472 2458 seipsum
1488 2423 1635 2457 collocans,
1659 2423 1740 2450 etiam

949 2479 1011 2499 cum
1033 2478 1115 2498 carne
1140 2469 1308 2504 unigenitum
1337 2470 1384 2497 Dei
1412 2470 1528 2497 Verbum
1557 2469 1670 2505 imperio
1693 2478 1742 2497 suo

951 2521 1047 2545 cuncta
1071 2517 1243 2550 subiecturus
1261 2515 1297 2543 sit
1318 2523 1370 2543 non
1391 2515 1450 2544 sine
1470 2515 1562 2544 Patre.
1581 2515 1657 2549 Quod
1669 2508 1752 2543 cnim‘

951 2564 1005 2590 illa
1018 2562 1110 2595 Patre,
1125 2563 1176 2589 hoc
1187 2561 1281 2596 utique
1296 2565 1337 2588 est
1347 2568 1414 2595 opus
1428 2561 1504 2596 Filii;
1519 2566 1545 2589 et
1561 2562 1631 2597 quod
1648 2561 1742 2596 perlici

950 2609 1049 2636 dicitur
1065 2616 1114 2643 per
1139 2607 1248 2639 Filium,
1273 2606 1324 2633 hoc
1346 2607 1425 2641 plane
1451 2612 1492 2634 est
1517 2608 1606 2636 Patris
1628 2608 1741 2635 factum.

953 2655 1049 2682 Omnia
1064 2655 1135 2682 enirn
1153 2662 1201 2689 per
1215 2658 1360 2687 utrumque
1372 2653 1512 2687 :cqualiter
1526 2654 1602 2688 fiunt,
1614 2659 1742 2689 operante

952 2703 1061 2736 quidem
1077 2700 1169 2732 Patre,
1187 2690 1234 2728 sed
1249 2698 1365 2726 habente
1377 2705 1425 2733 per
1438 2698 1546 2730 Filium,
1563 2705 1590 2726 et
1604 2707 1665 2726 cum
1686 2700 1743 2734 ipso

951 2749 977 2776 iit
1002 2747 1083 2783 607
1102 2747 1215 2782 Spiritu,
1241 2746 1266 2772 in
1289 2752 1450 2779 unoquoque
1469 2751 1563 2772 eorum
1582 2753 1642 2780 qua:
1665 2746 1740 2779 ilum,

951 2795 1137 2831 operationem
1151 2799 1177 2822 et
1194 2793 1368 2821 voluntatem.

1508 2940 1547 2971 33
