1937 3036
105 177 175 205 1057

639 176 683 204 DE
704 176 754 204 SS.
776 175 962 204 TRlNlTATE
982 176 1156 205 DlALOGUS
1173 177 1217 204 Vl.

1661 180 1731 208 1033

102 236 204 272 λήὸδην
225 237 323 270 εἰπεῖν,
347 236 459 273 οὐρανός
481 247 510 264 τε
536 237 583 264 καὶ
607 238 641 272 γῆ
662 238 707 264 καὶ
734 238 768 264 τὰ
788 239 816 264 ὲν
836 239 888 272 ἁμ-

944 238 1024 265 rerbo
1044 238 1176 270 dicamus.
1190 238 1342 273 coelumque
1356 245 1386 266 ac
1402 243 1541 272 terram,et
1555 246 1614 273 quae
1629 240 1729 267 utrius-

102 282 165 315 φοίν
170 301 176 308 .

139 327 170 354 Β.
192 328 311 362 Ἔγωγε.

138 372 172 399 Α.
191 373 297 399 Οὐκοῦν
316 374 345 400 ὲν
362 373 412 409 ἴσῳ
433 374 482 409 μὲν
505 374 600 410 τρόπῳ
616 374 663 401 τοῦ
683 375 750 402 Θεοῦ
773 377 818 402 καὶ
835 376 891 402 Πα-

104 418 167 454 τρὶς
183 417 237 445 εἷεν
251 418 284 445 ἂν
306 420 330 446 οξ
346 420 394 455 τὴν
420 420 559 456 μακαρίαν
580 421 637 448 ἄνω
652 421 789 457 τρίϐοντες
806 421 888 457 ζωὴν,

100 463 214 497 ἄγγελοί
230 473 258 490 τε
275 465 321 491 καὶ
344 465 520 500 ἁρχάγγελοι,
534 466 582 492 καὶ
605 466 632 492 εἴ
653 475 678 493 τι
700 467 804 493 τούτων
826 467 890 494 επέ-

101 517 180 536 κεινα
191 519 198 526 ·
214 509 270 537 εἷεν
282 511 304 538 δ’
318 511 351 538 ἂν
368 512 415 538 καὶ
428 511 511 538 αὐτοῦ
526 512 572 539 τοῦ
586 512 662 541 Υἱοῦ.
679 513 759 540 Τουτὶ
783 513 811 540 δὲ
825 514 890 540 αὐτὸ

102 554 149 580 καὶ
171 556 235 590 περὶ
248 555 302 582 τῶν
316 557 363 582 ἐπὶ
379 557 429 592 γῆς
451 557 489 588 ὡς
508 555 538 584 εὖ
555 558 610 584 ἴσθι
623 567 664 585 τοι
680 559 831 594 φρονοῦντά
844 568 888 595 με.

138 600 170 628 Β,
193 602 282 637 Ἐφης
301 602 351 637 μὲν
364 602 462 638 ὀρθῶς.
478 603 551 638 Πλὴν
567 605 591 630 εί
611 604 702 632 ἕποιτο
725 606 781 637 τοῖς
802 604 890 639 λόγοις

99 645 169 682 ἡμῖν
183 647 199 683 ή
217 648 259 682 ἐφ’
276 648 382 684 ἑκάστῳ
399 649 500 683 πίστις,
517 649 608 686 δρῴης
621 649 654 676 ἂν
670 650 708 682 ὡς
726 650 826 686 ἄριστά
845 658 887 684 γε.

144 737 178 762 Α.
193 735 299 762 Οὐκοῦν
322 737 337 762 ὁ
363 737 412 770 μὲν
438 736 580 768 θεσπέσιος
603 736 740 772 Μελῳδὺς,
767 747 777 763 ί
805 738 889 765 Εὐλο-

98 782 187 815 γεῖτε,
204 782 279 816 φησὶ,
296 782 341 808 τὸν
355 782 468 817 Κύριον,
496 783 595 814 πάντες
615 784 639 809 οί
662 783 774 818 ἄγγελοι
794 784 887 816 αὑτοῦ,

96 823 254 862 λειτουργοὶ
270 827 350 855 αὺτοῦ
367 829 391 854 οι
405 828 542 860 ποιοῦντες
564 828 594 854 τὸ
617 828 720 864 οέλημα.
744 829 826 856 αὑτοῦ
840 838 847 846 ·
877 840 886 856 ι

97 874 133 915 τῇ
157 873 204 900 τοῦ
220 873 326 909 Πατρδς
344 874 454 910 ἐξουσίᾳ
475 874 635 910 προσνέμων
654 874 703 910 τὴν
730 875 810 909 ἁγίαν
835 875 889 902 τῶν

941 291 995 318 que
1011 285 1111 311 ambitu
1125 285 1308 312 continentur.

976 329 1007 357 B.
1025 329 1142 357 Fatebor
1153 331 1287 364 equidem.

977 375 1010 402 A.
1026 375 1120 410 Itaque
1133 375 1228 403 eodem
1247 375 1328 403 modo
1343 380 1424 403 erunt
1438 375 1485 402 Dei
1505 383 1536 403 ac
1551 372 1651 408 Patris,
1682 375 1729 410 qui

940 421 1046 446 beatam
1059 420 1084 446 in
1098 419 1166 446 coe'lo
1178 420 1261 446 vitam
1278 420 1386 454 degunt,
1402 421 1500 455 angeli,
1521 425 1549 448 et
1580 421 1731 455 archange-

942 463 970 494 li.
986 469 1012 490 et
1030 464 1125 499 siquid
1137 465 1204 491 ultra
1229 465 1278 493 hos
1303 469 1356 494 est.
1385 465 1471 493 Erunt.
1498 471 1587 493 autem
1602 471 1628 493 et
1646 467 1729 500 ipsius

941 509 1011 537 Filii.
1025 510 1142 545 ldipsum
1160 517 1222 537 vero
1237 511 1317 538 etiam
1335 512 1404 539 nosti
1420 519 1463 539 me
1479 512 1580 539 sentire
1594 511 1628 539 de
1640 512 1728 539 homi—

940 555 1028 583 nibus.

975 600 1006 627 Β.
1021 600 1104 628 Recte
1115 602 1225 636 quidem
1241 603 1343 631 dixisti.
1354 604 1545 631 Verumtamen
1564 605 1585 631 si
1609 611 1669 638 qua:
1689 604 1729 631 di-

941 647 1027 674 cimus
1055 647 1193 682 sigillatim
1226 649 1398 684 probaveris,
1428 650 1558 685 praeclare
1582 651 1726 678 admodum

941 693 1034 721 facies.

975 739 1007 766 A.
1018 740 1101 773 igitur
1114 740 1208 768 beatus
1221 740 1324 770 Psalles
1339 752 1345 769 :
1364 752 1373 768 ι
1387 743 1549 778 Benedicite,
1562 745 1658 780 inquit,
1674 747 1728 774 Do-

941 785 1023 817 mino,
1034 793 1127 812 omnes
1144 787 1229 820 angeli
1251 787 1321 821 ejus,’
1347 789 1463 816 ministri
1492 789 1562 824 ejus,
1577 792 1622 826 qui
1639 792 1727 819 facitis

941 829 1106 859 voluntatem
1118 831 1176 865 ejus
1187 833 1222 864 ",
1239 842 1248 859 ι
1263 833 1352 861 Patris
1367 836 1493 868 potestati
1526 837 1647 864 tribuens
1662 845 1726 865 san-

940 880 1011 903 ctam
1024 875 1094 903 illam
1123 877 1242 904 cmlitum
1270 878 1482 907 tnultitudinem.
1503 880 1602 907 Filium
1635 886 1725 908 autem

99 919 158 946 ἀνω
185 919 299 955 πληθύν.
324 920 385 946 Ὅτι
401 921 430 947 δὲ
445 921 504 955 ἥξει
528 920 622 956 κριτὴς
647 920 718 947 κατὰ
742 921 854 956 καιροὺς
875 922 888 948 ό

943 922 1207 958 aliquandojudieem
1220 928 1364 951 venturum
1382 925 1578 958 prwnuntians,
1594 926 1651 960 ipse
1668 928 1723 954 ait:

99 964 166 996 Υἱὸς
181 965 417 1000 προκαταμηνύων
438 965 522 1001 φησὶν
540 965 636 997 αὐτός·
656 975 665 991 σ
685 965 783 992 Μέλλει
806 966 860 1002 γὰρ
875 966 889 992 ὁ

99 1008 166 1040 Υἱὸς
181 1009 228 1035 τοῦ
243 1009 388 1044 ἀνθρώπου
405 1009 533 1045 ἔρχεσθαι
552 1011 581 1037 ὲν
597 1012 631 1045 τῇ
645 1010 707 1046 δόξῃ
721 1010 768 1037 τοῦ
783 1011 887 1046 Harpe;

99 1054 196 1086 αὑτοῦ,
213 1055 282 1090 μετὰ
295 1055 349 1081 τῶν
360 1055 446 1090 ἁγίων
457 1055 581 1090 ἀγγέλων
596 1056 689 1082 αὐτοῦ.
708 1056 807 1090 »Ἥξει
823 1057 887 1092 γὰρ,

97 1099 162 1133 ἣξει
177 1099 249 1126 κατὰ
263 1101 385 1136 καιροὺς,
400 1100 548 1128 ἀποδώσων
563 1101 670 1137 ἑκάστῳ
685 1101 794 1128 κατὰτὸ
809 1102 888 1137 ἔργον

98 1145 183 1172 αὑτοῦ
199 1154 206 1160 ·
226 1146 294 1182 πλὴν
309 1147 360 1173 οὐκ
375 1146 488 1178 ὀθνείοις
502 1147 582 1173 αὑτὸν
600 1147 765 1183 λειτουργοῖς
776 1148 889 1183 ἐπικομ-

99 1191 200 1218 πάσειν
220 1201 249 1218 τε
270 1193 318 1219 καὶ
341 1192 547 1228 ἐναϐρυνεῖσθαι
571 1201 671 1228 φαμεν,
692 1193 760 1220 ἀλλὰ
777 1195 835 1226 ταῖς
859 1195 888 1228 ἐξ

99 1236 227 1271 ἀγγέλων
253 1237 426 1273 δορυφορίαις
456 1237 493 1270 ὡς
520 1238 600 1270 ἰδίαις
625 1238 711 1270 ὅντως
738 1239 889 1275 ὑπηρετού-

99 1291 194 1317 μενον.

136 1329 166 1355 Β.
188 1329 330 1365 Σύμφημι.

133 1375 168 1401 Δ.
196 1374 411 1410 Ἀναμέλποντος
425 1376 453 1403 δὲ
467 1374 502 1405 αὖ
517 1377 562 1404 τοῦ
577 1377 721 1405 θεσπεσίου
736 1374 828 1412 Δαόὶό,
846 1379 889 1406 λέ-

97 1420 195 1454 γοντός
208 1429 237 1447 τε
255 1421 378 1457 περὶτοῦ
394 1423 461 1449 Θεοῦ
477 1424 523 1450 καὶ
542 1423 658 1459 Πατρός·
675 1433 684 1449 ι
694 1423 786 1458 Δεῦτε,
804 1433 889 1460 προσ-

98 1468 262 1502 κυνήσωμεν
276 1467 323 1494 καὶ
346 1468 545 1504 προσπέσωμεν
561 1469 646 1505 αὐτῷ,
664 1469 711 1496 καὶ
727 1470 889 1506 κλαύσωμεν

98 1513 217 1540 ἐνώπιον
241 1513 345 1549 Κυρίου
373 1515 419 1541 τοῦ
448 1516 611 1551 ποιήσαντος
635 1517 719 1552 ἡμᾶς,
745 1517 786 1543 ὅτι
808 1517 889 1549 αὑτός

98 1560 176 1586 ἐστιν
190 1560 204 1586 ὁ
218 1559 282 1592 Θεὸς
297 1560 386 1596 ἡμῶν,
402 1562 448 1588 καὶ
463 1562 544 1597 ἡμεῖς
557 1562 620 1594 λαὸς
635 1563 719 1598 νομῆς
732 1563 826 1595 αὑτοῦ,
841 1564 888 1590 καὶ

943 977 953 993 ί
971 968 1054 996 Filius
1071 969 1142 996 enim
1156 969 1272 997 hominis
1289 975 1422 998 venturus
1435 976 1477 999 est
1496 972 1521 998 in
1535 973 1620 1007 gloria
1635 973 1724 1000 Patris

939 1014 981 1040 sui
994 1021 1055 1041 cum
1074 1015 1175 1043 sanctis
1189 1016 1291 1050 angelis
1303 1016 1359 1044 suis
1368 1017 1400 1045 '°.
1412 1026 1422 1042 ›
1436 1016 1529 1044 Veniet
1539 1017 1623 1050 enim,
1637 1019 1726 1046 veniet

940 1059 1085 1094 aliquando
1118 1062 1273 1090 redditurus
1307 1063 1453 1098 unicuique
1487 1064 1634 1091 secundent
1659 1072 1726 1099 opus

941 1112 1029 1133 suum.
1057 1106 1191 1134 Caeterum
1218 1116 1270 1136 non
1299 1108 1394 1136 alienis
1414 1110 1500 1144 ipsum
1523 1109 1653 1137 ministris
1669 1110 1729 1144 glu—

940 1150 1072 1179 riaturum
1097 1152 1225 1187 dicimus,
1243 1154 1290 1181 sed
1314 1153 1470 1190 angelorum
1493 1155 1621 1182 satellitio
1649 1160 1725 1189 utpo-

939 1200 967 1224 te
978 1204 1026 1225 suo
1037 1205 1130 1226 revera
1143 1199 1282 1234 stipatum.

974 1331 1004 1358 Β.
1020 1331 1168 1358 Assentior.

974 1378 1008 1404 A.
1022 1376 1126 1404 Rursus
1147 1382 1237 1403 autem
1265 1383 1326 1403 cum
1339 1376 1446 1404 divinus
1457 1375 1541 1404 David
1552 1376 1627 1404 canit
1650 1376 1725 1404 etde

939 1421 994 1450 Deo
1004 1429 1035 1448 ac
1052 1421 1132 1449 Patre
1148 1421 1212 1449 dicit
1226 1429 1233 1447 :
1252 1429 1261 1446 ι
1275 1421 1381 1454 Venite,
1394 1421 1548 1454 adoremus,
1562 1425 1589 1449 et
1600 1421 1724 1456 procida-

939 1475 1000 1494 mus
1011 1473 1073 1495 ante
1086 1474 1158 1500 eum,
1173 1471 1200 1494 ct
1214 1467 1350 1502 ploremus
1359 1470 1419 1494 ante
1437 1467 1592 1500 Dominum,
1613 1467 1658 1502 qui
1684 1467 1725 1494 le-

939 1515 978 1542 eit
993 1522 1042 1542 nos
1051 1523 1059 1548 ;
1069 1514 1130 1549 qui:
1144 1514 1202 1549 ipse
1215 1519 1257 1542 est
1268 1513 1396 1542 Dominus
1406 1513 1476 1541 Deus
1492 1519 1596 1547 noster,
1608 1522 1658 1541 nos
1675 1522 1723 1541 au-

940 1564 992 1588 tem
1005 1560 1119 1595 populus
1135 1568 1240 1595 pascua:
1266 1560 1336 1593 eius,
1359 1563 1385 1587 et
1397 1567 1461 1587 oves
1477 1567 1571 1588 manus
1586 1560 1646 1595 ejus
1657 1560 1691 1592 ",
1712 1569 1723 1586 ο

99 1605 228 1641 πρόϐατα
244 1607 333 1642 χειρὸς
346 1608 438 1634 αὐτοῦ’
460 1618 469 1634 ›
491 1609 540 1640 τὰς
559 1609 588 1635 ἐν
601 1609 669 1644 τῷδε
685 1609 724 1644 τῷ
738 1609 832 1645 κόσμῳ
844 1609 888 1636 λο-

943 1611 1006 1632 oves
1028 1605 1108 1639 hujus
1122 1604 1213 1631 mundi
1236 1605 1341 1632 ratione
1370 1605 1496 1639 praeditas
1517 1612 1582 1633 suas
1596 1612 1658 1633 esse
1689 1605 1726 1632 ait

97 1653 182 1687 γικὰς
197 1654 297 1688 ἀγέλας
319 1654 386 1686 ἰδίας
405 1652 474 1682 εἷναί
498 1663 580 1690 φησιν
595 1656 609 1681 ὁ
625 1655 699 1688 Υἱὸς,
721 1656 766 1683 ὁτὲ
783 1657 831 1692 μὲν
846 1657 889 1683 λέ-

98 1707 158 1733 γων
183 1699 271 1734 Πατρὶ
295 1699 349 1726 τῶν
372 1699 402 1731 ἐξ
430 1700 537 1736 Ἰσραὴλ
562 1702 799 1728 πεπιστευκότων·
820 1711 830 1728 ι
850 1702 890 1729 Τὰ

99 1744 226 1780 πρὸὗατα
240 1745 273 1771 τὰ
288 1745 343 1780 ὲμὰ
358 1745 408 1780 τῆς
423 1746 514 1781 φωνῆς
533 1755 583 1782 μου
600 1747 706 1774 ἀκούει*
728 1757 738 1774 ι
757 1747 801 1774 ὁτὲ
813 1747 842 1774 δὲ
855 1745 888 1775 αὖ

99 1791 148 1817 καὶ
174 1790 239 1825 περὶ
261 1789 316 1817 τῶν
341 1790 416 1817 οὔπω
444 1792 666 1818 πεπιστευκότων
684 1801 690 1807 ι
709 1801 719 1818 ‹
748 1793 804 1819 Καὶ
822 1792 889 1819 ἄλλα

99 1833 226 1868 πρὸὃατα
248 1833 312 1869 ἔχω,
329 1834 346 1862 ἃ.
361 1835 409 1861 οὐκ
431 1835 504 1862 ἐςτιν
525 1837 557 1862 ὲκ
570 1836 621 1871 τῆς
635 1836 720 1872 αὐλῆς
740 1837 851 1872 ταύτης.
876 1846 886 1864 ι

99 1879 207 1906 Οὐκοῦν
228 1881 258 1907 ὲκ
275 1881 379 1916 μυρίων
393 1881 462 1908 ὅσων
478 1883 542 1916 ἡμῖν
556 1882 695 1915 ἀποδεῖξαι
710 1884 783 1918 ῥᾷον,
798 1883 835 1915 ὡς
848 1883 889 1910 δε-

97 1925 229 1957 δοξάσθαι
248 1926 354 1960 λέγεται
370 1927 445 1962 παρὰ
467 1927 513 1953 τοῦ
529 1927 635 1963 [ἰατρὸς
651 1928 695 1954 διὰ
709 1929 738 1954 τὸ
752 1928 890 1964 ἀνθρώπια

99 1980 146 1997 νον
159 1972 173 1998 ὁ
185 1971 258 2004 Υἱὸς,
276 1971 364 1998 καίτοι
382 1974 432 2007 τῆς
446 1972 525 2007 δόξης
540 1972 641 2008 Κύριος
655 1971 701 2005 ὢν,
719 1973 845 2008 σύνεδρος
859 1983 889 2000 τε

99 2018 155 2050 ἀεὶ,
174 2018 219 2044 καὶ
237 2018 380 2053 ὁμόθρονος
396 2018 435 2053 τῷ
457 2019 552 2053 Πατρί.
576 2018 626 2053 Εῖη
648 2018 670 2045 δ’
691 2019 723 2045 ἂν
746 2020 792 2046 καὶ
818 2020 889 2055 μάλα

99 2062 214 2094 εἰκότως
237 2062 431 2097 δυσδιάῳυκτος
455 2064 471 2097 ή
497 2062 600 2098 γραφὴ,
623 2063 670 2088 καὶ
692 2063 889 2090 δυσαπόνιπτον

99 2107 206 2144 αἶσχος,
226 2111 283 2141 τοῖς
306 2109 426 2145 ὲπακτὴν
452 2109 527 2145 αὐτῷ
552 2111 713 2146 περι-τιθεῖσι
735 2110 783 2145 τὴν
799 2109 888 2143 δόξαν,

99 2155 148 2181 καὶ
170 2154 356 2190 είσκεκρίσθαι
373 2154 481 2188 λέγουσι
500 2155 530 2181 τὸ
551 2155 621 2182 κατὰ
647 2155 754 2181 πάντων
777 2155 886 2189 κράτος.

137 2200 168 2226 Β.
189 2199 304 2232 Οὐκοῦν,
342 2200 365 2226 εί
389 2199 426 2235 μὴ
456 2199 582 2235 θύραθεν,
605 2201 672 2236 μήτε
695 2201 748 2236 μὴν
775 2200 888 2226 £26856:-

941 1651 1036 1685 Filius,
1055 1652 1187 1679 interdum
1211 1651 1283 1678 Patri
1317 1652 1420 1685 dicens,
1455 1659 1516 1678 cum
1547 1651 1727 1691 credidissent

940 1697 1090 1726 lsraelitae:
1108 1707 1117 1724 ‹
1133 1698 1203 1725 Oves
1221 1705 1287 1725 mea).
1299 1705 1392 1725 vocem
1422 1705 1509 1725 nteant
1529 1697 1641 1724 audiunt
1655 1697 1696 1730 '3;
1714 1707 1723 1723 ι

941 1743 1077 1770 interdum
1096 1751 1162 1770 vero
1187 1750 1281 1770 rursus
1310 1750 1418 1777 quoque
1444 1743 1477 1770 de
1493 1743 1526 1770 iis
1544 1743 1589 1777 qui
1607 1743 1725 1770 nondum

940 1790 1130 1817 crediderant:
1151 1797 1160 1814 ι
1178 1788 1212 1816 Et
1223 1789 1289 1817 alias
1307 1797 1371 1817 Oves
1395 1789 1490 1820 habeo.
1519 1796 1578 1823 qua:
1590 1797 1643 1816 non
1663 1793 1727 1816 sunt

940 1844 973 1864 ex
988 1837 1038 1864 hoc
1048 1836 1112 1863 ovili
1126 1836 1160 1863 ‘9.
1175 1845 1184 1862 ι
1205 1835 1287 1871 Igitur
1302 1836 1452 1862 iuutuneris
1464 1843 1495 1862 ex
1511 1835 1577 1862 locis
1587 1835 1665 1862 facile
1677 1843 1726 1862 nos

939 1883 1029 1910 bisest
1041 1882 1156 1917 probare
1179 1881 1275 1908 Filium
1307 1882 1359 1909 dici
1387 1890 1402 1908 a
1437 1882 1518 1908 Patre
1532 1882 1724 1916 gloriﬁcatum.

940 1933 1050 1963 propter
1065 1928 1270 1959 humanitatem,
1287 1927 1348 1954 licet
1359 1927 1452 1962 glorize
1483 1928 1517 1954 sit
1542 1927 1673 1956 Dominus
1698 1934 1726 1955 et

940 1974 967 2001 in
979 1974 1071 2001 eodem
1086 1973 1153 2001 solio
1166 1981 1197 2000 ac
1208 1974 1306 2000 throno
1318 1980 1377 2000 eum
1396 1973 1474 2000 Patre
1496 1974 1599 2001 sedeat.
1616 1974 1724 2001 Crimen

940 2024 1028 2046 autem
1040 2027 1092 2046 non
1111 2019 1250 2053 eti'ugient,
1268 2025 1299 2045 ac
1316 2018 1403 2045 labem
1428 2026 1482 2045 non
1512 2018 1591 2046 facile
1621 2019 1725 2047 abster-

941 2069 1013 2100 gent,
1031 2065 1113 2100 609
1125 2064 1170 2099 qui
1196 2064 1340 2091 ascilitiam
1354 2064 1377 2091 ei
1394 2064 1506 2099 gloriam
1533 2065 1662 2099 tribuunt,
1692 2074 1725 2094 ac

940 2117 1102 2146 potestatem
1119 2111 1144 2138 in
1160 2115 1259 2138 cuneta
1274 2110 1381 2137 aliunde
1392 2110 1505 2137 ascitatn
1521 2111 1624 2138 dicunt.

976 2201 1006 2228 Β.
1021 2201 1113 2236 Igitur,
1128 2200 1178 2227 nisi
1193 2200 1362 2227 extrinsecus
1378 2203 1405 2227 et
1420 2199 1528 2226 aliunde
1541 2200 1624 2228 ascita
1640 2206 1681 2228 est
1696 2202 1720 2228 ei

97 2246 201 2281 γμένον
226 2246 300 2281 αὐτῷ
322 2246 353 2272 τὸ
376 2246 446 2273 κατὰ
465 2246 573 2273 πάντων
593 2247 703 2282 κράτος,
719 2247 776 2273 ἀλλ’
798 2247 885 2281 ἐμπέ-

943 2249 967 2276 in
982 2252 1079 2275 cuncta
1110 2250 1241 2281 potestas,
1256 2246 1302 2272 sed
1332 2247 1548 2273 substantialiter
1574 2252 1615 2275 est
1631 2248 1724 2280 insita,

99 2301 188 2327 φυκεν
210 2291 355 2324 οὗσιωδῶς,
376 2292 425 2318 οὐκ
443 2291 476 2318 ἂν
500 2292 587 2327 ἔχοιμι
606 2294 709 2328 φράσαι
736 2293 761 2318 τί
781 2292 812 2327 δὴ
833 2292 888 2327 ἄρα

99 2339 148 2366 καὶ
164 2338 258 2373 μαθὼν
273 2339 286 2364 6
302 2338 445 2369 θεσπέσιος
460 2338 575 2370 Παῦλος,
597 2338 757 2371 καταλήξειν
772 2339 836 2365 ποτὲ
854 2339 888 2365 τὰ

98 2385 151 2420 τῆς
172 2384 310 2420 βασιλείας
331 2384 404 2420 αὐτῷ
425 2385 621 2420 διισχυρίσατο,
638 2384 735 2418 λέγων’
759 2393 768 2409 ‹
783 2384 888 2420 Ὥσπερ

99 2430 154 2465 γὰρ
165 2430 193 2456 ἐν
208 2429 247 2465 τῷ
267 2430 351 2465 Ἀδὰμ
363 2431 459 2461 πάντες
474 2430 699 2465 ἀποθνήσκουσιν.
713 2429 783 2456 οὕτω
799 2429 845 2456 καὶ
860 2430 889 2456 ὲν

99 2475 138 2511 τῷ
154 2474 264 2511 Χριστῷ
276 2475 374 2507 πάντες
391 2475 648 2511 ζωοποιηθήσονται.
675 2475 808 2505 Ἕκαστος
817 2475 845 2501 δὲ
860 2476 889 2502 ἐν

98 2521 137 2556 τῷ
161 2521 219 2555 ἰδίῳ
241 2521 380 2556 τάγματι⁸
398 2521 508 2557 ἀπαρχὴ
527 2521 652 2556 Χριστὸς,
683 2521 778 2547 ἔπειτα
798 2520 822 2547 οἱ
842 2520 889 2547 τοῦ

99 2568 231 2604 Χριστοῦ,
245 2569 273 2595 ὲν
288 2570 320 2604 τῇ
335 2569 473 2604 παρουσίᾳ
486 2568 584 2596 αὐτοῦ’
599 2567 658 2595 εἶτα
676 2569 705 2594 τὸ
721 2568 806 2601 τέλος,
824 2569 887 2595 ὅταν

100 2614 214 2650 παραδῷ
238 2613 287 2649 τὴν
311 2613 448 2648 βασιλείαν
473 2613 511 2650 τῷ
541 2614 600 2649 Θεῷ
629 2614 676 2640 καὶ
700 2614 795 2650 Πατρὶ,
824 2614 887 2640 ὅταν

99 2660 264 2696 καταργήσῃ
288 2660 377 2687 πᾶσαν
397 2660 495 2695 ἀρχὴν,
522 2660 568 2686 καὶ
589 2660 679 2686 πᾶσαν
699 2659 821 2692 ἐξουσίαν
841 2659 887 2685 καὶ

97 2705 221 2739 δύναμιν.
241 2707 287 2731 Δεῖ
298 2705 350 2741 γὰρ
362 2706 442 2732 αὐτὸν
456 2705 617 2740 βασιλεύειν,
631 2705 711 2741 ἄχρις
723 2702 752 2732 οὗ
773 2705 804 2740 θῇ
822 2705 886 2732 πάν-

97 2759 146 2781 τας
164 2749 230 2782 τοὺς
247 2750 361 2785 ἐχθροὺς
373 2750 425 2777 ὑπὸ
438 2751 501 2782 τοὺς
517 2751 599 2782 πόδας
616 2750 709 2777 αὐτοῦ.
729 2751 820 2777 Πάντα
832 2751 886 2786 γὰρ

98 2795 234 2828 ὑπέταξεν
261 2795 313 2822 ὑπὸ
340 2796 402 2828 τοὺς
424 2796 506 2828 πόδας
527 2795 619 2823 αὐτοῦ.
638 2797 770 2831 Ἔσχατος
789 2796 886 2831 ἐχθρὸς

101 2881 203 2912 "Psal.
218 2891 265 2918 ctt,
279 2883 324 2911 20.
363 2886 384 2901 ’⁵
401 2884 494 2913 Matth.
510 2885 622 2919 xvr,‘27.
661 2885 683 2902 ’⁷
700 2884 770 2912 Psal.
790 2892 860 2918 χειν,
874 2883 900 2913 6.

941 2296 1030 2323 dicere
1043 2301 1095 2321 non
1111 2300 1219 2327 possum
1234 2293 1297 2327 quid
1318 2292 1424 2320 tandem
1439 2300 1525 2320 caus:e
1536 2293 1571 2321 sit
1595 2301 1643 2321 cur
1657 2295 1724 2321 divi‘

941 2348 992 2368 nus
1007 2339 1105 2366 Paulus
1137 2342 1302 2365 cessaturam
1329 2337 1473 2372 aliquando
1496 2337 1554 2371 ejus
1564 2343 1721 2373 potestatem

942 2385 1097 2418 asseruerit,
1118 2384 1230 2411 dicens:
1254 2393 1262 2408 ι
1280 2383 1356 2410 Sicut
1379 2383 1449 2410 enim
1467 2383 1493 2410 in
1514 2384 1601 2410 Adam
1631 2391 1724 2412 omnes

943 2431 1105 2461 moriuntur,
1123 2430 1157 2456 ita
1173 2433 1201 2455 et
1214 2429 1239 2455 in
1251 2428 1359 2456 Christo
1373 2436 1467 2455 omnes
1494 2428 1701 2456 vivificabuntur
1715 2438 1720 2454 :

941 2476 1127 2511 unusquisque
1148 2479 1236 2502 autern
1252 2475 1278 2501 in
1294 2481 1344 2502 suo
1376 2475 1487 2507 ordine;
1509 2475 1634 2509 primitiae
1644 2475 1724 2509 Chri-

940 2526 998 2548 stus
1011 2540 1018 2552 ,
1035 2520 1132 2547 deinde
1144 2519 1162 2545 ii
1179 2519 1225 2554 qui
1246 2523 1309 2546 sunt
1321 2518 1433 2551 Christi,
1449 2520 1474 2545 in
1489 2519 1632 2546 adventum
1650 2520 1723 2554 ejus;

939 2566 1036 2594 deinde
1049 2566 1121 2598 ﬁnis,
1137 2572 1198 2592 cum
1215 2565 1356 2592 tradiderit
1384 2572 1494 2600 regnum
1523 2565 1578 2593 Deo
1593 2570 1620 2592 et
1641 2565 1723 2603 Patri.

939 2619 1000 2639 cum
1020 2609 1193 2638 evacuaverit
1208 2617 1314 2636 omnem
1344 2610 1533 2644 principatum,
1553 2614 1581 2637 et
1608 2615 1725 2645 potesta-

941 2663 1006 2690 tem,
1023 2661 1049 2684 et
1066 2657 1204 2683 virtutem.
1217 2655 1410 2690 Oporteteuim
1438 2656 1511 2682 illum
1544 2663 1658 2691 regnare
1677 2657 1724 2682 (Ιυα

940 2711 989 2731 nec
1005 2707 1087 2738 ponat
1101 2709 1194 2729 omnes
1208 2701 1331 2728 inimicos
1344 2701 1394 2728 sub
1408 2702 1520 2736 pedibus
1543 2701 1600 2737 ejus
1625 2701 1724 2737 (omnia

939 2750 1009 2777 enim
1026 2748 1140 2783 subjecit
1153 2748 1202 2775 sub
1231 2746 1340 2782 pedibus
1362 2747 1446 2781 'cjus).
1470 2746 1620 2774 Novissime
1636 2753 1723 2775 autem

940 2795 1048 2823 inimica
1059 2795 1213 2822 destruetur
1223 2800 1297 2820 mors
1311 2792 1344 2819 ³⁰.
1355 2802 1364 2818 ι
1382 2792 1451 2820 Ecce
1466 2793 1549 2826 enim,
1562 2800 1626 2821 ecce
1637 2794 1722 2821 conti-

915 2883 939 2910 7.
978 2884 999 2899 ”
1013 2883 1091 2912 Joan.
1103 2891 1127 2916 Χ,
1144 2882 1189 2910 ‘27.
1226 2883 1249 2899 "
1264 2881 1328 2910 ibid.
1346 2881 1388 2909 16.
1428 2882 1450 2898 ³ο
1466 2882 1476 2909 l
1491 2881 1552 2910 Cor.
1570 2890 1614 2916 xv,
1626 2880 1713 2908 22—26
