  <div class='ocr_page' id='page_1' title='image "/cluster/home/n/w/nwhite01/storage/ocr_20150623/75/njp.32101077772786/599.png"; bbox 0 0 1937 3036; ppageno 0'>
   <div class='ocr_carea' id='block_1_1' title="bbox 203 169 270 198">
    <p class='ocr_par' dir='ltr' id='par_1_1' title="bbox 203 169 270 198">
     <span class='ocr_line' id='line_1_1' title="bbox 203 169 270 198; baseline -0.015 0"><span class='ocrx_word' id='word_1_1' title='bbox 203 169 270 198; x_wconf 69' lang='lat'><strong>“‘59</strong></span> 
     </span>
    </p>
   </div>
   <div class='ocr_carea' id='block_1_2' title="bbox 204 224 1031 264">
    <p class='ocr_par' dir='ltr' id='par_1_2' title="bbox 204 224 1031 264">
     <span class='ocr_line' id='line_1_2' title="bbox 204 224 1031 264; baseline -0.007 -8"><span class='ocrx_word' id='word_1_2' title='bbox 204 231 279 256; x_wconf 91' lang='lat' dir='ltr'><strong>nium</strong></span> <span class='ocrx_word' id='word_1_3' title='bbox 301 229 381 257; x_wconf 87' lang='lat' dir='ltr'><strong>veluti</strong></span> <span class='ocrx_word' id='word_1_4' title='bbox 395 228 541 264; x_wconf 87' lang='lat' dir='ltr'><strong>quoddam,</strong></span> <span class='ocrx_word' id='word_1_5' title='bbox 561 227 694 263; x_wconf 88' lang='lat' dir='ltr'><strong>inqnicnt,</strong></span> <span class='ocrx_word' id='word_1_6' title='bbox 713 225 844 254; x_wconf 83' lang='lat' dir='ltr'><strong>cessaturi</strong></span> <span class='ocrx_word' id='word_1_7' title='bbox 860 224 919 258; x_wconf 81' lang='lat' dir='ltr'><strong>ejus</strong></span> <span class='ocrx_word' id='word_1_8' title='bbox 943 225 993 251; x_wconf 82' lang='lat' dir='ltr'><strong>iiu-</strong></span> <span class='ocrx_word' id='word_1_9' title='bbox 1011 230 1031 257; x_wconf 70' lang='grc' dir='ltr'>Α</span> 
     </span>
    </p>
   </div>
   <div class='ocr_carea' id='block_1_3' title="bbox 205 271 996 311">
    <p class='ocr_par' dir='ltr' id='par_1_3' title="bbox 205 271 996 311">
     <span class='ocr_line' id='line_1_3' title="bbox 205 271 996 311; baseline -0.008 -8"><span class='ocrx_word' id='word_1_10' title='bbox 205 276 282 311; x_wconf 77' lang='lat' dir='ltr'><strong>perii,</strong></span> <span class='ocrx_word' id='word_1_11' title='bbox 299 284 359 302; x_wconf 87' lang='lat' dir='ltr'><strong>cum</strong></span> <span class='ocrx_word' id='word_1_12' title='bbox 386 276 553 310; x_wconf 74' lang='lat' dir='ltr'><strong>principatus</strong></span> <span class='ocrx_word' id='word_1_13' title='bbox 578 275 673 301; x_wconf 88' lang='lat' dir='ltr'><strong>inanes</strong></span> <span class='ocrx_word' id='word_1_14' title='bbox 705 273 807 300; x_wconf 80' lang='lat' dir='ltr'><strong>fuerim</strong></span> <span class='ocrx_word' id='word_1_15' title='bbox 836 271 945 302; x_wconf 88' lang='lat' dir='ltr'><strong>redditi,</strong></span> <span class='ocrx_word' id='word_1_16' title='bbox 968 275 996 297; x_wconf 87' lang='lat' dir='ltr'><strong>et</strong></span> 
     </span>
    </p>
   </div>
   <div class='ocr_carea' id='block_1_4' title="bbox 207 317 995 356">
    <p class='ocr_par' dir='ltr' id='par_1_4' title="bbox 207 317 995 356">
     <span class='ocr_line' id='line_1_4' title="bbox 207 317 995 356; baseline -0.005 -8"><span class='ocrx_word' id='word_1_17' title='bbox 207 330 278 348; x_wconf 70' lang='lat' dir='ltr'><strong>nuors</strong></span> <span class='ocrx_word' id='word_1_18' title='bbox 303 327 437 356; x_wconf 70' lang='lat' dir='ltr'><strong>prostrata</strong></span> <span class='ocrx_word' id='word_1_19' title='bbox 455 329 462 347; x_wconf 87' lang='lat'><strong>:</strong></span> <span class='ocrx_word' id='word_1_20' title='bbox 479 325 542 349; x_wconf 89' lang='lat' dir='ltr'><strong>tunc</strong></span> <span class='ocrx_word' id='word_1_21' title='bbox 571 320 646 347; x_wconf 89' lang='lat' dir='ltr'><strong>enim</strong></span> <span class='ocrx_word' id='word_1_22' title='bbox 677 318 820 354; x_wconf 86' lang='lat' dir='ltr'><strong>imperium</strong></span> <span class='ocrx_word' id='word_1_23' title='bbox 838 318 926 346; x_wconf 87' lang='lat' dir='ltr'><strong>tradet</strong></span> <span class='ocrx_word' id='word_1_24' title='bbox 946 317 995 345; x_wconf 89' lang='lat' dir='ltr'><strong>soli</strong></span> 
     </span>
    </p>
   </div>
   <div class='ocr_carea' id='block_1_5' title="bbox 205 366 397 394">
    <p class='ocr_par' dir='ltr' id='par_1_5' title="bbox 205 366 397 394">
     <span class='ocr_line' id='line_1_5' title="bbox 205 366 397 394; baseline 0 -1"><span class='ocrx_word' id='word_1_25' title='bbox 205 366 259 394; x_wconf 79' lang='lat' dir='ltr'><strong>Deo</strong></span> <span class='ocrx_word' id='word_1_26' title='bbox 274 376 304 394; x_wconf 77' lang='lat' dir='ltr'><strong>ac</strong></span> <span class='ocrx_word' id='word_1_27' title='bbox 317 367 397 393; x_wconf 81' lang='lat' dir='ltr'><strong>l‘atri.</strong></span> 
     </span>
    </p>
   </div>
   <div class='ocr_carea' id='block_1_6' title="bbox 240 453 994 492">
    <p class='ocr_par' dir='ltr' id='par_1_6' title="bbox 240 453 994 492">
     <span class='ocr_line' id='line_1_6' title="bbox 240 453 994 492; baseline -0.007 -8"><span class='ocrx_word' id='word_1_28' title='bbox 240 458 272 484; x_wconf 78' lang='grc' dir='ltr'>Α.</span> <span class='ocrx_word' id='word_1_29' title='bbox 287 458 449 492; x_wconf 75' lang='lat' dir='ltr'><strong>Apagecum</strong></span> <span class='ocrx_word' id='word_1_30' title='bbox 462 456 526 484; x_wconf 94' lang='lat' dir='ltr'><strong>anili</strong></span> <span class='ocrx_word' id='word_1_31' title='bbox 559 460 587 483; x_wconf 87' lang='lat' dir='ltr'><strong>et</strong></span> <span class='ocrx_word' id='word_1_32' title='bbox 608 455 721 484; x_wconf 87' lang='lat' dir='ltr'><strong>ridicula</strong></span> <span class='ocrx_word' id='word_1_33' title='bbox 741 455 791 482; x_wconf 89' lang='lat' dir='ltr'><strong>ista</strong></span> <span class='ocrx_word' id='word_1_34' title='bbox 814 453 994 490; x_wconf 67' lang='lat' dir='ltr'><strong>cogitatione!</strong></span> 
     </span>
    </p>
   </div>
   <div class='ocr_carea' id='block_1_7' title="bbox 206 500 997 538">
    <p class='ocr_par' dir='ltr' id='par_1_7' title="bbox 206 500 997 538">
     <span class='ocr_line' id='line_1_7' title="bbox 206 500 997 538; baseline -0.004 -9"><span class='ocrx_word' id='word_1_35' title='bbox 206 503 254 537; x_wconf 85' lang='lat' dir='ltr'><strong>Qui</strong></span> <span class='ocrx_word' id='word_1_36' title='bbox 269 503 341 531; x_wconf 82' lang='lat' dir='ltr'><strong>enim</strong></span> <span class='ocrx_word' id='word_1_37' title='bbox 358 503 417 531; x_wconf 58' lang='lat' dir='ltr'><strong>hate</strong></span> <span class='ocrx_word' id='word_1_38' title='bbox 428 502 512 530; x_wconf 85' lang='lat' dir='ltr'><strong>sentit</strong></span> <span class='ocrx_word' id='word_1_39' title='bbox 528 502 702 538; x_wconf 87' lang='lat' dir='ltr'><strong>acloquitur,</strong></span> <span class='ocrx_word' id='word_1_40' title='bbox 716 501 827 536; x_wconf 89' lang='lat' dir='ltr'><strong>reliquit</strong></span> <span class='ocrx_word' id='word_1_41' title='bbox 840 501 898 528; x_wconf 81' lang='lat' dir='ltr'><strong>vias</strong></span> <span class='ocrx_word' id='word_1_42' title='bbox 911 500 997 527; x_wconf 62' lang='lat' dir='ltr'><strong>viuere</strong></span> 
     </span>
    </p>
   </div>
   <div class='ocr_carea' id='block_1_8' title="bbox 204 547 998 584">
    <p class='ocr_par' dir='ltr' id='par_1_8' title="bbox 204 547 998 584">
     <span class='ocr_line' id='line_1_8' title="bbox 204 547 998 584; baseline -0.005 -8"><span class='ocrx_word' id='word_1_43' title='bbox 204 557 271 582; x_wconf 54' lang='lat' dir='ltr'><strong>suae,</strong></span> <span class='ocrx_word' id='word_1_44' title='bbox 282 553 310 576; x_wconf 88' lang='lat' dir='ltr'><strong>et</strong></span> <span class='ocrx_word' id='word_1_45' title='bbox 323 549 429 576; x_wconf 88' lang='lat' dir='ltr'><strong>erravit</strong></span> <span class='ocrx_word' id='word_1_46' title='bbox 442 556 491 584; x_wconf 89' lang='lat' dir='ltr'><strong>per</strong></span> <span class='ocrx_word' id='word_1_47' title='bbox 513 548 626 576; x_wconf 86' lang='lat' dir='ltr'><strong>semitas</strong></span> <span class='ocrx_word' id='word_1_48' title='bbox 650 548 707 584; x_wconf 79' lang='lat' dir='ltr'><strong>agri</strong></span> <span class='ocrx_word' id='word_1_49' title='bbox 720 548 779 581; x_wconf 86' lang='lat' dir='ltr'><strong>sui;</strong></span> <span class='ocrx_word' id='word_1_50' title='bbox 797 547 919 583; x_wconf 76' lang='lat' dir='ltr'><strong>graditur</strong></span> <span class='ocrx_word' id='word_1_51' title='bbox 932 553 998 573; x_wconf 90' lang='lat' dir='ltr'><strong>vero</strong></span> 
     </span>
    </p>
   </div>
   <div class='ocr_carea' id='block_1_9' title="bbox 204 592 997 629">
    <p class='ocr_par' dir='ltr' id='par_1_9' title="bbox 204 592 997 629">
     <span class='ocr_line' id='line_1_9' title="bbox 204 592 997 629; baseline -0.006 -6"><span class='ocrx_word' id='word_1_52' title='bbox 204 603 253 629; x_wconf 89' lang='lat' dir='ltr'><strong>per</strong></span> <span class='ocrx_word' id='word_1_53' title='bbox 267 595 443 623; x_wconf 79' lang='lat' dir='ltr'><strong>solitudinem</strong></span> <span class='ocrx_word' id='word_1_54' title='bbox 454 595 532 629; x_wconf 81' lang='lat' dir='ltr'><strong>aquis</strong></span> <span class='ocrx_word' id='word_1_55' title='bbox 549 602 674 628; x_wconf 79' lang='lat' dir='ltr'><strong>vacuam,</strong></span> <span class='ocrx_word' id='word_1_56' title='bbox 690 600 718 622; x_wconf 90' lang='lat' dir='ltr'><strong>et</strong></span> <span class='ocrx_word' id='word_1_57' title='bbox 733 599 836 621; x_wconf 84' lang='lat' dir='ltr'><strong>terram</strong></span> <span class='ocrx_word' id='word_1_58' title='bbox 851 593 877 620; x_wconf 94' lang='lat' dir='ltr'><strong>in</strong></span> <span class='ocrx_word' id='word_1_59' title='bbox 902 592 997 619; x_wconf 88' lang='lat' dir='ltr'><strong>siticu-</strong></span> 
     </span>
    </p>
   </div>
   <div class='ocr_carea' id='block_1_10' title="bbox 204 639 998 676">
    <p class='ocr_par' dir='ltr' id='par_1_10' title="bbox 204 639 998 676">
     <span class='ocr_line' id='line_1_10' title="bbox 204 639 998 676; baseline -0.005 -8"><span class='ocrx_word' id='word_1_60' title='bbox 204 641 268 669; x_wconf 80' lang='lat' dir='ltr'><strong>losis</strong></span> <span class='ocrx_word' id='word_1_61' title='bbox 281 641 347 668; x_wconf 84' lang='lat' dir='ltr'><strong>locis</strong></span> <span class='ocrx_word' id='word_1_62' title='bbox 357 640 484 676; x_wconf 82' lang='lat' dir='ltr'><strong>positam,</strong></span> <span class='ocrx_word' id='word_1_63' title='bbox 505 640 727 668; x_wconf 83' lang='lat' dir='ltr'><strong>manibusautem</strong></span> <span class='ocrx_word' id='word_1_64' title='bbox 741 639 913 668; x_wconf 85' lang='lat' dir='ltr'><strong>sterilitatem</strong></span> <span class='ocrx_word' id='word_1_65' title='bbox 932 645 998 666; x_wconf 93' lang='lat' dir='ltr'><strong>eon-</strong></span> 
     </span>
    </p>
   </div>
   <div class='ocr_carea' id='block_1_11' title="bbox 203 684 999 722">
    <p class='ocr_par' dir='ltr' id='par_1_11' title="bbox 203 684 999 722">
     <span class='ocr_line' id='line_1_11' title="bbox 203 684 999 722; baseline -0.005 -8"><span class='ocrx_word' id='word_1_66' title='bbox 203 692 308 722; x_wconf 83' lang='lat' dir='ltr'><strong>gregat,</strong></span> <span class='ocrx_word' id='word_1_67' title='bbox 323 692 352 714; x_wconf 93' lang='lat' dir='ltr'><strong>ut</strong></span> <span class='ocrx_word' id='word_1_68' title='bbox 365 688 497 722; x_wconf 88' lang='lat' dir='ltr'><strong>scriptum</strong></span> <span class='ocrx_word' id='word_1_69' title='bbox 513 691 554 715; x_wconf 89' lang='lat' dir='ltr'><strong>est</strong></span> <span class='ocrx_word' id='word_1_70' title='bbox 565 687 599 715; x_wconf 86' lang='grc'><strong>³¹.</strong></span> <span class='ocrx_word' id='word_1_71' title='bbox 614 686 670 715; x_wconf 86' lang='lat' dir='ltr'><strong>Non</strong></span> <span class='ocrx_word' id='word_1_72' title='bbox 684 687 756 714; x_wconf 87' lang='lat' dir='ltr'><strong>enim</strong></span> <span class='ocrx_word' id='word_1_73' title='bbox 773 685 847 721; x_wconf 80' lang='lat' dir='ltr'><strong>regni</strong></span> <span class='ocrx_word' id='word_1_74' title='bbox 860 684 953 712; x_wconf 84' lang='lat' dir='ltr'><strong>titulos</strong></span> <span class='ocrx_word' id='word_1_75' title='bbox 972 689 999 711; x_wconf 93' lang='lat' dir='ltr'><strong>et</strong></span> 
     </span>
    </p>
   </div>
   <div class='ocr_carea' id='block_1_12' title="bbox 203 730 997 768">
    <p class='ocr_par' dir='ltr' id='par_1_12' title="bbox 203 730 997 768">
     <span class='ocr_line' id='line_1_12' title="bbox 203 730 997 768; baseline -0.003 -9"><span class='ocrx_word' id='word_1_76' title='bbox 203 733 348 767; x_wconf 88' lang='lat' dir='ltr'><strong>itnperium</strong></span> <span class='ocrx_word' id='word_1_77' title='bbox 365 733 501 761; x_wconf 86' lang='lat' dir='ltr'><strong>incuncta</strong></span> <span class='ocrx_word' id='word_1_78' title='bbox 529 733 699 768; x_wconf 87' lang='lat' dir='ltr'><strong>perditurum</strong></span> <span class='ocrx_word' id='word_1_79' title='bbox 728 732 875 766; x_wconf 81' lang='lat' dir='ltr'><strong>aliquando</strong></span> <span class='ocrx_word' id='word_1_80' title='bbox 898 730 997 758; x_wconf 84' lang='lat' dir='ltr'><strong>Filium</strong></span> 
     </span>
    </p>
   </div>
   <div class='ocr_carea' id='block_1_13' title="bbox 204 777 995 809">
    <p class='ocr_par' dir='ltr' id='par_1_13' title="bbox 204 777 995 809">
     <span class='ocr_line' id='line_1_13' title="bbox 204 777 995 809; baseline -0.004 -3"><span class='ocrx_word' id='word_1_81' title='bbox 204 779 311 806; x_wconf 82' lang='lat' dir='ltr'><strong>divinus</strong></span> <span class='ocrx_word' id='word_1_82' title='bbox 326 779 405 806; x_wconf 90' lang='lat' dir='ltr'><strong>nobis</strong></span> <span class='ocrx_word' id='word_1_83' title='bbox 431 779 527 806; x_wconf 88' lang='lat' dir='ltr'><strong>doctor</strong></span> <span class='ocrx_word' id='word_1_84' title='bbox 536 779 614 806; x_wconf 84' lang='lat' dir='ltr'><strong>dixit.</strong></span> <span class='ocrx_word' id='word_1_85' title='bbox 642 778 752 806; x_wconf 84' lang='lat' dir='ltr'><strong>Sciebat</strong></span> <span class='ocrx_word' id='word_1_86' title='bbox 775 777 859 809; x_wconf 83' lang='lat' dir='ltr'><strong>enim,</strong></span> <span class='ocrx_word' id='word_1_87' title='bbox 879 781 908 803; x_wconf 86' lang='lat' dir='ltr'><strong>ut</strong></span> <span class='ocrx_word' id='word_1_88' title='bbox 926 784 995 808; x_wconf 87' lang='lat' dir='ltr'><strong>reor,</strong></span> 
     </span>
    </p>
   </div>
   <div class='ocr_carea' id='block_1_14' title="bbox 203 823 999 860">
    <p class='ocr_par' dir='ltr' id='par_1_14' title="bbox 203 823 999 860">
     <span class='ocr_line' id='line_1_14' title="bbox 203 823 999 860; baseline -0.003 -9"><span class='ocrx_word' id='word_1_89' title='bbox 203 825 322 852; x_wconf 80' lang='lat' dir='ltr'><strong>divinum</strong></span> <span class='ocrx_word' id='word_1_90' title='bbox 339 824 472 852; x_wconf 84' lang='lat' dir='ltr'><strong>Davident</strong></span> <span class='ocrx_word' id='word_1_91' title='bbox 485 825 570 860; x_wconf 80' lang='lat' dir='ltr'><strong>lyram</strong></span> <span class='ocrx_word' id='word_1_92' title='bbox 586 824 694 860; x_wconf 84' lang='lat' dir='ltr'><strong>pulsare</strong></span> <span class='ocrx_word' id='word_1_93' title='bbox 713 823 875 860; x_wconf 82' lang='lat' dir='ltr'><strong>spiritalem,</strong></span> <span class='ocrx_word' id='word_1_94' title='bbox 897 827 925 850; x_wconf 89' lang='lat' dir='ltr'><strong>et</strong></span> <span class='ocrx_word' id='word_1_95' title='bbox 952 830 999 850; x_wconf 88' lang='lat' dir='ltr'><strong>ac-</strong></span> 
     </span>
    </p>
   </div>
   <div class='ocr_carea' id='block_1_15' title="bbox 204 868 998 906">
    <p class='ocr_par' dir='ltr' id='par_1_15' title="bbox 204 868 998 906">
     <span class='ocr_line' id='line_1_15' title="bbox 204 868 998 906; baseline -0.004 -8"><span class='ocrx_word' id='word_1_96' title='bbox 204 871 296 898; x_wconf 87' lang='lat' dir='ltr'><strong>cinere</strong></span> <span class='ocrx_word' id='word_1_97' title='bbox 306 869 374 898; x_wconf 85' lang='lat' dir='ltr'><strong>Filio</strong></span> <span class='ocrx_word' id='word_1_98' title='bbox 389 871 414 898; x_wconf 92' lang='lat' dir='ltr'><strong>in</strong></span> <span class='ocrx_word' id='word_1_99' title='bbox 429 871 531 906; x_wconf 87' lang='lat' dir='ltr'><strong>Spiritu</strong></span> <span class='ocrx_word' id='word_1_100' title='bbox 543 879 550 898; x_wconf 90' lang='lat'><strong>:</strong></span> <span class='ocrx_word' id='word_1_101' title='bbox 565 880 574 896; x_wconf 77' lang='grc' dir='ltr'><strong>ι</strong></span> <span class='ocrx_word' id='word_1_102' title='bbox 585 871 668 898; x_wconf 85' lang='lat' dir='ltr'><strong>Sedes</strong></span> <span class='ocrx_word' id='word_1_103' title='bbox 678 875 732 902; x_wconf 87' lang='lat' dir='ltr'><strong>tua,</strong></span> <span class='ocrx_word' id='word_1_104' title='bbox 742 870 821 902; x_wconf 87' lang='lat' dir='ltr'><strong>Deus,</strong></span> <span class='ocrx_word' id='word_1_105' title='bbox 834 869 860 896; x_wconf 90' lang='lat' dir='ltr'><strong>in</strong></span> <span class='ocrx_word' id='word_1_106' title='bbox 872 868 998 896; x_wconf 61' lang='lat' dir='ltr'><strong>saculum</strong></span> 
     </span>
    </p>
   </div>
   <div class='ocr_carea' id='block_1_16' title="bbox 703 163 1330 194">
    <p class='ocr_par' dir='ltr' id='par_1_16' title="bbox 703 163 1330 194">
     <span class='ocr_line' id='line_1_16' title="bbox 703 163 1330 194; baseline -0.005 0"><span class='ocrx_word' id='word_1_107' title='bbox 703 167 732 194; x_wconf 90' lang='lat' dir='ltr'><strong>S.</strong></span> <span class='ocrx_word' id='word_1_108' title='bbox 753 165 892 193; x_wconf 67' lang='lat' dir='ltr'><strong>(LYltllJJ</strong></span> <span class='ocrx_word' id='word_1_109' title='bbox 914 163 1150 192; x_wconf 61' lang='lat' dir='ltr'><strong>ALEXLNDRINI</strong></span> <span class='ocrx_word' id='word_1_110' title='bbox 1170 163 1330 191; x_wconf 76' lang='lat' dir='ltr'><strong>ARCIIIEP.</strong></span> 
     </span>
    </p>
   </div>
   <div class='ocr_carea' id='block_1_17' title="bbox 1782 163 1857 192">
    <p class='ocr_par' dir='ltr' id='par_1_17' title="bbox 1782 163 1857 192">
     <span class='ocr_line' id='line_1_17' title="bbox 1782 163 1857 192; baseline 0.013 -1"><span class='ocrx_word' id='word_1_111' title='bbox 1782 163 1857 192; x_wconf 71' lang='lat' dir='ltr'><strong>&quot;MO</strong></span> 
     </span>
    </p>
   </div>
   <div class='ocr_carea' id='block_1_18' title="bbox 1047 220 1855 259">
    <p class='ocr_par' dir='ltr' id='par_1_18' title="bbox 1047 220 1855 259">
     <span class='ocr_line' id='line_1_18' title="bbox 1047 220 1855 259; baseline -0.004 -8"><span class='ocrx_word' id='word_1_112' title='bbox 1047 225 1226 259; x_wconf 79' lang='grc' dir='ltr'>καταργεῖται</span> <span class='ocrx_word' id='word_1_113' title='bbox 1246 223 1261 250; x_wconf 81' lang='grc' dir='ltr'><strong>δ</strong></span> <span class='ocrx_word' id='word_1_114' title='bbox 1278 223 1402 254; x_wconf 80' lang='grc' dir='ltr'>θάνατος.</span> <span class='ocrx_word' id='word_1_115' title='bbox 1421 232 1429 248; x_wconf 80' lang='grc' dir='ltr'><strong>ι</strong></span> <span class='ocrx_word' id='word_1_116' title='bbox 1460 220 1524 249; x_wconf 74' lang='grc' dir='ltr'>Ίδοῦ</span> <span class='ocrx_word' id='word_1_117' title='bbox 1540 222 1605 257; x_wconf 75' lang='grc' dir='ltr'>γὰρ,</span> <span class='ocrx_word' id='word_1_118' title='bbox 1624 222 1690 254; x_wconf 65' lang='grc' dir='ltr'>ἰδοὺ,</span> <span class='ocrx_word' id='word_1_119' title='bbox 1708 223 1789 256; x_wconf 73' lang='grc' dir='ltr'>φαῖεν</span> <span class='ocrx_word' id='word_1_120' title='bbox 1807 221 1855 254; x_wconf 70' lang='lat' dir='ltr'><strong>av,</strong></span> 
     </span>
    </p>
   </div>
   <div class='ocr_carea' id='block_1_19' title="bbox 1049 267 1856 306">
    <p class='ocr_par' dir='ltr' id='par_1_19' title="bbox 1049 267 1856 306">
     <span class='ocr_line' id='line_1_19' title="bbox 1049 267 1856 306; baseline -0.006 -8"><span class='ocrx_word' id='word_1_121' title='bbox 1049 271 1174 306; x_wconf 77' lang='grc' dir='ltr'><strong>μεθόριον</strong></span> <span class='ocrx_word' id='word_1_122' title='bbox 1187 270 1281 306; x_wconf 75' lang='grc' dir='ltr'>ὥσπερ</span> <span class='ocrx_word' id='word_1_123' title='bbox 1298 269 1380 296; x_wconf 85' lang='grc' dir='ltr'>τιτοῦ</span> <span class='ocrx_word' id='word_1_124' title='bbox 1396 269 1464 304; x_wconf 80' lang='grc' dir='ltr'>πρὸς</span> <span class='ocrx_word' id='word_1_125' title='bbox 1479 267 1628 303; x_wconf 75' lang='grc' dir='ltr'>κατάληξιν</span> <span class='ocrx_word' id='word_1_126' title='bbox 1643 268 1692 303; x_wconf 75' lang='grc' dir='ltr'>τῆς</span> <span class='ocrx_word' id='word_1_127' title='bbox 1708 267 1856 303; x_wconf 79' lang='grc' dir='ltr'>βασιλείας</span> 
     </span>
    </p>
   </div>
   <div class='ocr_carea' id='block_1_20' title="bbox 1047 313 1856 352">
    <p class='ocr_par' dir='ltr' id='par_1_20' title="bbox 1047 313 1856 352">
     <span class='ocr_line' id='line_1_20' title="bbox 1047 313 1856 352; baseline -0.005 -8"><span class='ocrx_word' id='word_1_128' title='bbox 1047 317 1140 349; x_wconf 77' lang='grc' dir='ltr'>αὑτοῦ,</span> <span class='ocrx_word' id='word_1_129' title='bbox 1164 317 1194 343; x_wconf 81' lang='grc' dir='ltr'><strong>τὺ</strong></span> <span class='ocrx_word' id='word_1_130' title='bbox 1209 317 1387 352; x_wconf 81' lang='grc' dir='ltr'>ἀπρακτῆσαι</span> <span class='ocrx_word' id='word_1_131' title='bbox 1405 315 1455 350; x_wconf 79' lang='grc' dir='ltr'>μὲν</span> <span class='ocrx_word' id='word_1_132' title='bbox 1472 314 1569 351; x_wconf 80' lang='grc' dir='ltr'>ἀρχὰς,</span> <span class='ocrx_word' id='word_1_133' title='bbox 1587 313 1809 349; x_wconf 78' lang='grc' dir='ltr'>καταργηθῆναι</span> <span class='ocrx_word' id='word_1_134' title='bbox 1826 313 1856 340; x_wconf 74' lang='grc' dir='ltr'>δὲ</span> 
     </span>
    </p>
   </div>
   <div class='ocr_carea' id='block_1_21' title="bbox 1048 358 1853 398">
    <p class='ocr_par' dir='ltr' id='par_1_21' title="bbox 1048 358 1853 398">
     <span class='ocr_line' id='line_1_21' title="bbox 1048 358 1853 398; baseline -0.009 -8"><span class='ocrx_word' id='word_1_135' title='bbox 1048 363 1172 390; x_wconf 75' lang='grc' dir='ltr'>θάνατον·</span> <span class='ocrx_word' id='word_1_136' title='bbox 1194 361 1353 398; x_wconf 76' lang='grc' dir='ltr'><strong>παραδώσει</strong></span> <span class='ocrx_word' id='word_1_137' title='bbox 1367 360 1422 395; x_wconf 78' lang='grc' dir='ltr'><strong>γὰρ</strong></span> <span class='ocrx_word' id='word_1_138' title='bbox 1443 359 1502 386; x_wconf 81' lang='grc' dir='ltr'>τότε</span> <span class='ocrx_word' id='word_1_139' title='bbox 1521 359 1669 394; x_wconf 65' lang='grc' dir='ltr'>τδιχρῇναι</span> <span class='ocrx_word' id='word_1_140' title='bbox 1684 358 1853 393; x_wconf 77' lang='grc' dir='ltr'>κατάρχειν,</span> 
     </span>
    </p>
   </div>
   <div class='ocr_carea' id='block_1_22' title="bbox 1049 407 1423 445">
    <p class='ocr_par' dir='ltr' id='par_1_22' title="bbox 1049 407 1423 445">
     <span class='ocr_line' id='line_1_22' title="bbox 1049 407 1423 445; baseline 0 -10"><span class='ocrx_word' id='word_1_141' title='bbox 1049 409 1123 445; x_wconf 84' lang='grc' dir='ltr'><strong>μόνῳ</strong></span> <span class='ocrx_word' id='word_1_142' title='bbox 1136 407 1176 444; x_wconf 80' lang='grc' dir='ltr'>τῷ</span> <span class='ocrx_word' id='word_1_143' title='bbox 1191 407 1251 444; x_wconf 87' lang='grc' dir='ltr'><strong>Θεῷ</strong></span> <span class='ocrx_word' id='word_1_144' title='bbox 1266 408 1313 434; x_wconf 77' lang='grc' dir='ltr'>καὶ</span> <span class='ocrx_word' id='word_1_145' title='bbox 1325 407 1423 442; x_wconf 81' lang='grc' dir='ltr'>Πατρί-</span> 
     </span>
    </p>
   </div>
   <div class='ocr_carea' id='block_1_23' title="bbox 1082 449 1856 488">
    <p class='ocr_par' dir='ltr' id='par_1_23' title="bbox 1082 449 1856 488">
     <span class='ocr_line' id='line_1_23' title="bbox 1082 449 1856 488; baseline -0.005 -7"><span class='ocrx_word' id='word_1_146' title='bbox 1082 455 1115 481; x_wconf 79' lang='grc' dir='ltr'><strong>Α.</strong></span> <span class='ocrx_word' id='word_1_147' title='bbox 1129 454 1236 487; x_wconf 78' lang='grc' dir='ltr'>Ἀπαγε</span> <span class='ocrx_word' id='word_1_148' title='bbox 1250 453 1299 488; x_wconf 80' lang='grc' dir='ltr'>τῆς</span> <span class='ocrx_word' id='word_1_149' title='bbox 1313 452 1384 479; x_wconf 69' lang='grc' dir='ltr'>οὕτω</span> <span class='ocrx_word' id='word_1_150' title='bbox 1398 450 1590 488; x_wconf 85' lang='grc' dir='ltr'>γραοπρεποῦς</span> <span class='ocrx_word' id='word_1_151' title='bbox 1606 451 1653 477; x_wconf 75' lang='grc' dir='ltr'>καὶ</span> <span class='ocrx_word' id='word_1_152' title='bbox 1674 449 1856 485; x_wconf 79' lang='grc' dir='ltr'>γελοιοτάτης</span> 
     </span>
    </p>
   </div>
   <div class='ocr_carea' id='block_1_24' title="bbox 1049 495 1854 534">
    <p class='ocr_par' dir='ltr' id='par_1_24' title="bbox 1049 495 1854 534">
     <span class='ocr_line' id='line_1_24' title="bbox 1049 495 1854 534; baseline -0.007 -9"><span class='ocrx_word' id='word_1_153' title='bbox 1049 498 1151 531; x_wconf 82' lang='grc' dir='ltr'>ἐννοίας</span> <span class='ocrx_word' id='word_1_154' title='bbox 1162 499 1168 525; x_wconf 69' lang='lat'><strong><em>2</em></strong></span> <span class='ocrx_word' id='word_1_155' title='bbox 1186 498 1214 524; x_wconf 91' lang='lat'>&#39;0</span> <span class='ocrx_word' id='word_1_156' title='bbox 1227 497 1281 534; x_wconf 81' lang='grc' dir='ltr'><strong>γάρ</strong></span> <span class='ocrx_word' id='word_1_157' title='bbox 1295 505 1336 524; x_wconf 81' lang='grc' dir='ltr'><strong>¹ιοι</strong></span> <span class='ocrx_word' id='word_1_158' title='bbox 1349 498 1430 524; x_wconf 68' lang='grc' dir='ltr'>ταυτὶ</span> <span class='ocrx_word' id='word_1_159' title='bbox 1443 495 1624 532; x_wconf 81' lang='grc' dir='ltr'>πεφρονηκώς</span> <span class='ocrx_word' id='word_1_160' title='bbox 1636 504 1667 522; x_wconf 91' lang='grc' dir='ltr'><strong>τε</strong></span> <span class='ocrx_word' id='word_1_161' title='bbox 1685 495 1734 522; x_wconf 77' lang='grc' dir='ltr'>καὶ</span> <span class='ocrx_word' id='word_1_162' title='bbox 1750 495 1854 529; x_wconf 80' lang='grc' dir='ltr'>λέγων,</span> 
     </span>
    </p>
   </div>
   <div class='ocr_carea' id='block_1_25' title="bbox 1049 541 1855 580">
    <p class='ocr_par' dir='ltr' id='par_1_25' title="bbox 1049 541 1855 580">
     <span class='ocr_line' id='line_1_25' title="bbox 1049 541 1855 580; baseline -0.005 -9"><span class='ocrx_word' id='word_1_163' title='bbox 1049 544 1166 572; x_wconf 76' lang='grc' dir='ltr'>ἀπέλιπε</span> <span class='ocrx_word' id='word_1_164' title='bbox 1187 544 1237 580; x_wconf 80' lang='grc' dir='ltr'>μὲν</span> <span class='ocrx_word' id='word_1_165' title='bbox 1257 543 1335 576; x_wconf 77' lang='grc' dir='ltr'>ὁδοὺς</span> <span class='ocrx_word' id='word_1_166' title='bbox 1352 543 1400 570; x_wconf 89' lang='grc' dir='ltr'><strong>τοῦ</strong></span> <span class='ocrx_word' id='word_1_167' title='bbox 1423 542 1520 570; x_wconf 80' lang='grc' dir='ltr'>ἑαυτοῦ</span> <span class='ocrx_word' id='word_1_168' title='bbox 1538 542 1712 577; x_wconf 80' lang='grc' dir='ltr'><strong>ἀμπελῶνος,</strong></span> <span class='ocrx_word' id='word_1_169' title='bbox 1737 542 1801 573; x_wconf 82' lang='grc' dir='ltr'>τοὺς</span> <span class='ocrx_word' id='word_1_170' title='bbox 1825 541 1855 567; x_wconf 72' lang='grc' dir='ltr'>δὲ</span> 
     </span>
    </p>
   </div>
   <div class='ocr_carea' id='block_1_26' title="bbox 1049 587 1855 625">
    <p class='ocr_par' dir='ltr' id='par_1_26' title="bbox 1049 587 1855 625">
     <span class='ocr_line' id='line_1_26' title="bbox 1049 587 1855 625; baseline -0.006 -7"><span class='ocrx_word' id='word_1_171' title='bbox 1049 591 1147 623; x_wconf 83' lang='grc' dir='ltr'>ἄξονας</span> <span class='ocrx_word' id='word_1_172' title='bbox 1162 589 1210 617; x_wconf 85' lang='grc' dir='ltr'><strong>τοῦ</strong></span> <span class='ocrx_word' id='word_1_173' title='bbox 1228 589 1293 616; x_wconf 83' lang='grc' dir='ltr'>ίδίου</span> <span class='ocrx_word' id='word_1_174' title='bbox 1305 589 1439 625; x_wconf 89' lang='grc' dir='ltr'>γεωργίου</span> <span class='ocrx_word' id='word_1_175' title='bbox 1453 589 1636 624; x_wconf 83' lang='grc' dir='ltr'><strong>πεπλάνηται,</strong></span> <span class='ocrx_word' id='word_1_176' title='bbox 1656 587 1855 623; x_wconf 75' lang='grc' dir='ltr'><strong>διαπορεύεται</strong></span> 
     </span>
    </p>
   </div>
   <div class='ocr_carea' id='block_1_27' title="bbox 1049 633 1856 672">
    <p class='ocr_par' dir='ltr' id='par_1_27' title="bbox 1049 633 1856 672">
     <span class='ocr_line' id='line_1_27' title="bbox 1049 633 1856 672; baseline -0.006 -9"><span class='ocrx_word' id='word_1_177' title='bbox 1049 638 1076 664; x_wconf 80' lang='grc' dir='ltr'>δὲ</span> <span class='ocrx_word' id='word_1_178' title='bbox 1091 637 1124 664; x_wconf 83' lang='grc' dir='ltr'><strong>δι’</strong></span> <span class='ocrx_word' id='word_1_179' title='bbox 1139 636 1254 672; x_wconf 82' lang='grc' dir='ltr'>ἀνύδρου</span> <span class='ocrx_word' id='word_1_180' title='bbox 1275 636 1389 672; x_wconf 68' lang='grc' dir='ltr'>ἐρήμου,</span> <span class='ocrx_word' id='word_1_181' title='bbox 1412 636 1460 662; x_wconf 80' lang='grc' dir='ltr'>καὶ</span> <span class='ocrx_word' id='word_1_182' title='bbox 1483 635 1521 670; x_wconf 83' lang='grc' dir='ltr'><strong>(ι)</strong></span> <span class='ocrx_word' id='word_1_183' title='bbox 1537 634 1588 669; x_wconf 84' lang='grc' dir='ltr'><strong>γῆν</strong></span> <span class='ocrx_word' id='word_1_184' title='bbox 1601 633 1800 668; x_wconf 85' lang='grc' dir='ltr'>διατεταμένην</span> <span class='ocrx_word' id='word_1_185' title='bbox 1825 633 1856 658; x_wconf 76' lang='grc' dir='ltr'>ἐν</span> 
     </span>
    </p>
   </div>
   <div class='ocr_carea' id='block_1_28' title="bbox 1049 678 1856 718">
    <p class='ocr_par' dir='ltr' id='par_1_28' title="bbox 1049 678 1856 718">
     <span class='ocr_line' id='line_1_28' title="bbox 1049 678 1856 718; baseline -0.007 -9"><span class='ocrx_word' id='word_1_186' title='bbox 1049 683 1187 718; x_wconf 67' lang='grc' dir='ltr'>διψώδεσι,</span> <span class='ocrx_word' id='word_1_187' title='bbox 1216 682 1328 716; x_wconf 76' lang='grc' dir='ltr'><strong>συνάγει</strong></span> <span class='ocrx_word' id='word_1_188' title='bbox 1355 681 1384 708; x_wconf 84' lang='grc' dir='ltr'>δὲ</span> <span class='ocrx_word' id='word_1_189' title='bbox 1410 681 1506 717; x_wconf 63' lang='grc' dir='ltr'>χερσὶν</span> <span class='ocrx_word' id='word_1_190' title='bbox 1535 680 1685 716; x_wconf 80' lang='grc' dir='ltr'>ἀκαρπίαν,</span> <span class='ocrx_word' id='word_1_191' title='bbox 1719 678 1791 705; x_wconf 81' lang='grc' dir='ltr'>κατὰ</span> <span class='ocrx_word' id='word_1_192' title='bbox 1823 678 1856 704; x_wconf 74' lang='grc' dir='ltr'><strong>τὸ</strong></span> 
     </span>
    </p>
   </div>
   <div class='ocr_carea' id='block_1_29' title="bbox 1050 726 1854 765">
    <p class='ocr_par' dir='ltr' id='par_1_29' title="bbox 1050 726 1854 765">
     <span class='ocr_line' id='line_1_29' title="bbox 1050 726 1854 765; baseline -0.009 -8"><span class='ocrx_word' id='word_1_193' title='bbox 1050 729 1253 765; x_wconf 82' lang='grc' dir='ltr'>γεγραμμένον.</span> <span class='ocrx_word' id='word_1_194' title='bbox 1272 729 1309 756; x_wconf 83' lang='grc' dir='ltr'><strong>Οὐ</strong></span> <span class='ocrx_word' id='word_1_195' title='bbox 1324 728 1380 764; x_wconf 79' lang='grc' dir='ltr'><strong>γὰρ</strong></span> <span class='ocrx_word' id='word_1_196' title='bbox 1399 729 1439 755; x_wconf 81' lang='grc' dir='ltr'>ὅτι</span> <span class='ocrx_word' id='word_1_197' title='bbox 1461 727 1516 754; x_wconf 87' lang='grc' dir='ltr'><strong>τῶν</strong></span> <span class='ocrx_word' id='word_1_198' title='bbox 1532 728 1582 763; x_wconf 85' lang='grc' dir='ltr'>τῆς</span> <span class='ocrx_word' id='word_1_199' title='bbox 1606 726 1748 762; x_wconf 78' lang='grc' dir='ltr'>βασιλείας</span> <span class='ocrx_word' id='word_1_200' title='bbox 1764 733 1854 751; x_wconf 82' lang='grc' dir='ltr'>κατα-</span> 
     </span>
    </p>
   </div>
   <div class='ocr_carea' id='block_1_30' title="bbox 1052 772 1855 812">
    <p class='ocr_par' dir='ltr' id='par_1_30' title="bbox 1052 772 1855 812">
     <span class='ocr_line' id='line_1_30' title="bbox 1052 772 1855 812; baseline -0.007 -9"><span class='ocrx_word' id='word_1_201' title='bbox 1052 777 1227 812; x_wconf 74' lang='grc' dir='ltr'>στεμμάτων,</span> <span class='ocrx_word' id='word_1_202' title='bbox 1248 776 1295 803; x_wconf 73' lang='grc' dir='ltr'>καὶ</span> <span class='ocrx_word' id='word_1_203' title='bbox 1312 775 1362 810; x_wconf 83' lang='grc' dir='ltr'>τῆς</span> <span class='ocrx_word' id='word_1_204' title='bbox 1387 775 1457 802; x_wconf 83' lang='grc' dir='ltr'>κατὰ</span> <span class='ocrx_word' id='word_1_205' title='bbox 1476 775 1584 802; x_wconf 83' lang='grc' dir='ltr'>πάντων</span> <span class='ocrx_word' id='word_1_206' title='bbox 1607 773 1695 809; x_wconf 78' lang='grc' dir='ltr'>ἀρχῆς</span> <span class='ocrx_word' id='word_1_207' title='bbox 1723 772 1855 806; x_wconf 67' lang='grc' dir='ltr'><strong>ἀπόπεμ-</strong></span> 
     </span>
    </p>
   </div>
   <div class='ocr_carea' id='block_1_31' title="bbox 1051 819 1854 858">
    <p class='ocr_par' dir='ltr' id='par_1_31' title="bbox 1051 819 1854 858">
     <span class='ocr_line' id='line_1_31' title="bbox 1051 819 1854 858; baseline -0.007 -8"><span class='ocrx_word' id='word_1_208' title='bbox 1051 832 1117 855; x_wconf 88' lang='grc' dir='ltr'>πτος</span> <span class='ocrx_word' id='word_1_209' title='bbox 1138 823 1215 850; x_wconf 80' lang='grc' dir='ltr'>ἔσται</span> <span class='ocrx_word' id='word_1_210' title='bbox 1241 822 1311 850; x_wconf 81' lang='grc' dir='ltr'>κατὰ</span> <span class='ocrx_word' id='word_1_211' title='bbox 1329 823 1443 858; x_wconf 80' lang='grc' dir='ltr'>καιροὺς</span> <span class='ocrx_word' id='word_1_212' title='bbox 1463 822 1478 848; x_wconf 83' lang='grc' dir='ltr'><strong><em>ὁ</em></strong></span> <span class='ocrx_word' id='word_1_213' title='bbox 1502 821 1577 853; x_wconf 79' lang='grc' dir='ltr'>Υἱὸς,</span> <span class='ocrx_word' id='word_1_214' title='bbox 1592 820 1607 847; x_wconf 77' lang='grc' dir='ltr'><strong>ὁ</strong></span> <span class='ocrx_word' id='word_1_215' title='bbox 1623 820 1695 851; x_wconf 84' lang='grc' dir='ltr'>θεῖος</span> <span class='ocrx_word' id='word_1_216' title='bbox 1717 820 1784 854; x_wconf 75' lang='grc' dir='ltr'>ἡμῖν</span> <span class='ocrx_word' id='word_1_217' title='bbox 1799 819 1854 853; x_wconf 66' lang='grc' dir='ltr'>ἔφη</span> 
     </span>
    </p>
   </div>
   <div class='ocr_carea' id='block_1_32' title="bbox 1050 865 1854 906">
    <p class='ocr_par' dir='ltr' id='par_1_32' title="bbox 1050 865 1854 906">
     <span class='ocr_line' id='line_1_32' title="bbox 1050 865 1854 906; baseline -0.009 -9"><span class='ocrx_word' id='word_1_218' title='bbox 1050 869 1233 906; x_wconf 81' lang='grc' dir='ltr'>μυσταγωγός</span> <span class='ocrx_word' id='word_1_219' title='bbox 1246 878 1252 884; x_wconf 93' lang='grc'><strong>·</strong></span> <span class='ocrx_word' id='word_1_220' title='bbox 1268 869 1324 904; x_wconf 72' lang='grc' dir='ltr'>ᾔδει</span> <span class='ocrx_word' id='word_1_221' title='bbox 1337 868 1403 905; x_wconf 72' lang='grc' dir='ltr'>γὰρ,</span> <span class='ocrx_word' id='word_1_222' title='bbox 1427 866 1503 903; x_wconf 75' lang='grc' dir='ltr'>οἶμαί</span> <span class='ocrx_word' id='word_1_223' title='bbox 1519 876 1583 900; x_wconf 80' lang='grc' dir='ltr'>που,</span> <span class='ocrx_word' id='word_1_224' title='bbox 1603 866 1689 902; x_wconf 82' lang='grc' dir='ltr'>λύραν</span> <span class='ocrx_word' id='word_1_225' title='bbox 1714 865 1764 900; x_wconf 74' lang='grc' dir='ltr'>μὲν</span> <span class='ocrx_word' id='word_1_226' title='bbox 1783 866 1854 891; x_wconf 85' lang='grc' dir='ltr'><strong>ἀ-.α-</strong></span> 
     </span>
    </p>
   </div>
   <div class='ocr_carea' id='block_1_33' title="bbox 204 909 997 952">
    <p class='ocr_par' dir='ltr' id='par_1_33' title="bbox 204 913 997 952">
     <span class='ocr_line' id='line_1_33' title="bbox 204 913 997 952; baseline -0.005 -8"><span class='ocrx_word' id='word_1_227' title='bbox 204 917 305 949; x_wconf 77' lang='lat' dir='ltr'><strong>saeculi,</strong></span> <span class='ocrx_word' id='word_1_228' title='bbox 321 916 396 951; x_wconf 79' lang='lat' dir='ltr'><strong>virga</strong></span> <span class='ocrx_word' id='word_1_229' title='bbox 412 917 581 949; x_wconf 87' lang='lat' dir='ltr'><strong>directionis,</strong></span> <span class='ocrx_word' id='word_1_230' title='bbox 608 916 684 952; x_wconf 84' lang='lat' dir='ltr'><strong>virga</strong></span> <span class='ocrx_word' id='word_1_231' title='bbox 713 916 788 950; x_wconf 83' lang='lat' dir='ltr'><strong>regni</strong></span> <span class='ocrx_word' id='word_1_232' title='bbox 804 915 840 942; x_wconf 92' lang='lat' dir='ltr'><strong>tui</strong></span> <span class='ocrx_word' id='word_1_233' title='bbox 852 915 885 942; x_wconf 83' lang='lat'><strong>&quot;.</strong></span> <span class='ocrx_word' id='word_1_234' title='bbox 902 924 911 940; x_wconf 75' lang='grc' dir='ltr'><strong>ι</strong></span> <span class='ocrx_word' id='word_1_235' title='bbox 929 913 997 948; x_wconf 83' lang='lat' dir='ltr'><strong>Quid</strong></span> 
     </span>
    </p>
   </div>
   <div class='ocr_carea' id='block_1_34' title="bbox 1053 909 1854 952">
    <p class='ocr_par' dir='ltr' id='par_1_34' title="bbox 1053 910 1854 950">
     <span class='ocr_line' id='line_1_34' title="bbox 1053 910 1854 950; baseline -0.006 -9"><span class='ocrx_word' id='word_1_236' title='bbox 1053 914 1186 950; x_wconf 77' lang='grc' dir='ltr'>κρούοντα</span> <span class='ocrx_word' id='word_1_237' title='bbox 1211 914 1260 950; x_wconf 84' lang='grc' dir='ltr'>τὴν</span> <span class='ocrx_word' id='word_1_238' title='bbox 1292 913 1482 949; x_wconf 81' lang='grc' dir='ltr'>πνευματικὴν</span> <span class='ocrx_word' id='word_1_239' title='bbox 1509 913 1556 939; x_wconf 77' lang='grc' dir='ltr'>τὸν</span> <span class='ocrx_word' id='word_1_240' title='bbox 1585 911 1728 938; x_wconf 76' lang='grc' dir='ltr'>θεσπέσιον</span> <span class='ocrx_word' id='word_1_241' title='bbox 1757 910 1854 940; x_wconf 64' lang='grc' dir='ltr'>Δαΰιδ,</span> 
     </span>
    </p>
   </div>
   <div class='ocr_carea' id='block_1_35' title="bbox 203 959 998 996">
    <p class='ocr_par' dir='ltr' id='par_1_35' title="bbox 203 959 998 996">
     <span class='ocr_line' id='line_1_35' title="bbox 203 959 998 996; baseline -0.003 -7"><span class='ocrx_word' id='word_1_242' title='bbox 203 969 286 996; x_wconf 86' lang='lat' dir='ltr'><strong>porro</strong></span> <span class='ocrx_word' id='word_1_243' title='bbox 301 961 415 992; x_wconf 76' lang='lat' dir='ltr'><strong>faciant.</strong></span> <span class='ocrx_word' id='word_1_244' title='bbox 441 962 486 996; x_wconf 89' lang='lat' dir='ltr'><strong>qui</strong></span> <span class='ocrx_word' id='word_1_245' title='bbox 505 962 539 988; x_wconf 87' lang='lat' dir='ltr'><strong>ad</strong></span> <span class='ocrx_word' id='word_1_246' title='bbox 559 962 684 996; x_wconf 83' lang='lat' dir='ltr'><strong>quamvis</strong></span> <span class='ocrx_word' id='word_1_247' title='bbox 710 961 904 989; x_wconf 85' lang='lat' dir='ltr'><strong>absurditatem</strong></span> <span class='ocrx_word' id='word_1_248' title='bbox 931 959 998 987; x_wconf 78' lang='lat' dir='ltr'><strong>laxis</strong></span> 
     </span>
    </p>
   </div>
   <div class='ocr_carea' id='block_1_36' title="bbox 204 1005 999 1042">
    <p class='ocr_par' dir='ltr' id='par_1_36' title="bbox 204 1005 999 1042">
     <span class='ocr_line' id='line_1_36' title="bbox 204 1005 999 1042; baseline 0.001 -10"><span class='ocrx_word' id='word_1_249' title='bbox 204 1005 301 1041; x_wconf 68' lang='lat' dir='ltr'><strong>lingua:</strong></span> <span class='ocrx_word' id='word_1_250' title='bbox 319 1005 431 1033; x_wconf 78' lang='lat' dir='ltr'><strong>habenis</strong></span> <span class='ocrx_word' id='word_1_251' title='bbox 444 1006 579 1039; x_wconf 77' lang='lat' dir='ltr'><strong>feruntur,</strong></span> <span class='ocrx_word' id='word_1_252' title='bbox 591 1011 618 1034; x_wconf 82' lang='lat' dir='ltr'><strong>et</strong></span> <span class='ocrx_word' id='word_1_253' title='bbox 636 1011 690 1034; x_wconf 89' lang='lat' dir='ltr'><strong>tam</strong></span> <span class='ocrx_word' id='word_1_254' title='bbox 709 1006 812 1042; x_wconf 79' lang='lat' dir='ltr'><strong>agresti</strong></span> <span class='ocrx_word' id='word_1_255' title='bbox 841 1012 932 1035; x_wconf 87' lang='lat' dir='ltr'><strong>mente</strong></span> <span class='ocrx_word' id='word_1_256' title='bbox 961 1007 999 1034; x_wconf 87' lang='lat' dir='ltr'><strong>la-</strong></span> 
     </span>
    </p>
   </div>
   <div class='ocr_carea' id='block_1_37' title="bbox 205 1051 998 1088">
    <p class='ocr_par' dir='ltr' id='par_1_37' title="bbox 205 1051 998 1088">
     <span class='ocr_line' id='line_1_37' title="bbox 205 1051 998 1088; baseline 0.004 -10"><span class='ocrx_word' id='word_1_257' title='bbox 205 1051 313 1084; x_wconf 81' lang='lat' dir='ltr'><strong>borant,</strong></span> <span class='ocrx_word' id='word_1_258' title='bbox 331 1059 391 1078; x_wconf 87' lang='lat' dir='ltr'><strong>eum</strong></span> <span class='ocrx_word' id='word_1_259' title='bbox 407 1052 501 1079; x_wconf 89' lang='lat' dir='ltr'><strong>beatus</strong></span> <span class='ocrx_word' id='word_1_260' title='bbox 528 1051 637 1080; x_wconf 79' lang='lat' dir='ltr'><strong>Gabriel</strong></span> <span class='ocrx_word' id='word_1_261' title='bbox 666 1057 769 1080; x_wconf 74' lang='lat' dir='ltr'><strong>sanctze</strong></span> <span class='ocrx_word' id='word_1_262' title='bbox 788 1052 892 1088; x_wconf 78' lang='lat' dir='ltr'><strong>Virgini</strong></span> <span class='ocrx_word' id='word_1_263' title='bbox 918 1053 998 1081; x_wconf 87' lang='lat' dir='ltr'><strong>Chri-</strong></span> 
     </span>
    </p>
   </div>
   <div class='ocr_carea' id='block_1_38' title="bbox 204 1097 997 1136">
    <p class='ocr_par' dir='ltr' id='par_1_38' title="bbox 204 1097 997 1136">
     <span class='ocr_line' id='line_1_38' title="bbox 204 1097 997 1136; baseline 0.005 -12"><span class='ocrx_word' id='word_1_264' title='bbox 204 1102 276 1125; x_wconf 88' lang='lat' dir='ltr'><strong>stum</strong></span> <span class='ocrx_word' id='word_1_265' title='bbox 289 1097 496 1133; x_wconf 69' lang='lat' dir='ltr'><strong>praenuntiatus:</strong></span> <span class='ocrx_word' id='word_1_266' title='bbox 516 1107 525 1124; x_wconf 88' lang='grc'><strong>‹</strong></span> <span class='ocrx_word' id='word_1_267' title='bbox 544 1097 583 1126; x_wconf 78' lang='lat' dir='ltr'><strong>Ne</strong></span> <span class='ocrx_word' id='word_1_268' title='bbox 599 1099 672 1126; x_wconf 86' lang='lat' dir='ltr'><strong>enim</strong></span> <span class='ocrx_word' id='word_1_269' title='bbox 699 1099 806 1133; x_wconf 84' lang='lat' dir='ltr'><strong>timeas,</strong></span> <span class='ocrx_word' id='word_1_270' title='bbox 830 1099 929 1136; x_wconf 80' lang='lat' dir='ltr'><strong>inquit,</strong></span> <span class='ocrx_word' id='word_1_271' title='bbox 955 1101 997 1128; x_wconf 94' lang='lat' dir='ltr'><strong>in-</strong></span> 
     </span>
    </p>
   </div>
   <div class='ocr_carea' id='block_1_39' title="bbox 204 1143 998 1181">
    <p class='ocr_par' dir='ltr' id='par_1_39' title="bbox 204 1143 998 1181">
     <span class='ocr_line' id='line_1_39' title="bbox 204 1143 998 1181; baseline 0.005 -11"><span class='ocrx_word' id='word_1_272' title='bbox 204 1143 404 1176; x_wconf 84' lang='lat' dir='ltr'><strong>carnationem,</strong></span> <span class='ocrx_word' id='word_1_273' title='bbox 415 1152 432 1172; x_wconf 92' lang='lat' dir='ltr'><strong>o</strong></span> <span class='ocrx_word' id='word_1_274' title='bbox 444 1143 530 1171; x_wconf 80' lang='lat' dir='ltr'><strong>Maria</strong></span> <span class='ocrx_word' id='word_1_275' title='bbox 545 1153 551 1171; x_wconf 90' lang='lat'><strong>:</strong></span> <span class='ocrx_word' id='word_1_276' title='bbox 575 1145 700 1172; x_wconf 81' lang='lat' dir='ltr'><strong>invenisti</strong></span> <span class='ocrx_word' id='word_1_277' title='bbox 712 1145 785 1172; x_wconf 87' lang='lat' dir='ltr'><strong>enim</strong></span> <span class='ocrx_word' id='word_1_278' title='bbox 798 1146 913 1181; x_wconf 78' lang='lat' dir='ltr'><strong>gratiam</strong></span> <span class='ocrx_word' id='word_1_279' title='bbox 928 1147 998 1181; x_wconf 90' lang='lat' dir='ltr'><strong>apud</strong></span> 
     </span>
    </p>
   </div>
   <div class='ocr_carea' id='block_1_40' title="bbox 203 1189 997 1227">
    <p class='ocr_par' dir='ltr' id='par_1_40' title="bbox 203 1189 997 1227">
     <span class='ocr_line' id='line_1_40' title="bbox 203 1189 997 1227; baseline 0.003 -11"><span class='ocrx_word' id='word_1_280' title='bbox 203 1189 299 1222; x_wconf 90' lang='lat' dir='ltr'><strong>Deum,</strong></span> <span class='ocrx_word' id='word_1_281' title='bbox 312 1194 339 1217; x_wconf 86' lang='lat' dir='ltr'><strong>et</strong></span> <span class='ocrx_word' id='word_1_282' title='bbox 354 1197 417 1217; x_wconf 85' lang='lat' dir='ltr'><strong>ecce</strong></span> <span class='ocrx_word' id='word_1_283' title='bbox 428 1191 567 1225; x_wconf 80' lang='lat' dir='ltr'><strong>concipies</strong></span> <span class='ocrx_word' id='word_1_284' title='bbox 577 1191 602 1218; x_wconf 91' lang='lat' dir='ltr'><strong>in</strong></span> <span class='ocrx_word' id='word_1_285' title='bbox 624 1196 713 1224; x_wconf 83' lang='lat' dir='ltr'><strong>utero,</strong></span> <span class='ocrx_word' id='word_1_286' title='bbox 733 1196 762 1219; x_wconf 92' lang='lat' dir='ltr'><strong>ct</strong></span> <span class='ocrx_word' id='word_1_287' title='bbox 776 1192 865 1227; x_wconf 88' lang='lat' dir='ltr'><strong>paries</strong></span> <span class='ocrx_word' id='word_1_288' title='bbox 889 1191 997 1224; x_wconf 81' lang='lat' dir='ltr'><strong>Filium,</strong></span> 
     </span>
    </p>
   </div>
   <div class='ocr_carea' id='block_1_41' title="bbox 205 1236 999 1274">
    <p class='ocr_par' dir='ltr' id='par_1_41' title="bbox 205 1236 999 1274">
     <span class='ocr_line' id='line_1_41' title="bbox 205 1236 999 1274; baseline 0.005 -12"><span class='ocrx_word' id='word_1_289' title='bbox 205 1241 232 1262; x_wconf 91' lang='lat' dir='ltr'><strong>et</strong></span> <span class='ocrx_word' id='word_1_290' title='bbox 250 1236 360 1264; x_wconf 76' lang='lat' dir='ltr'><strong>vocabis</strong></span> <span class='ocrx_word' id='word_1_291' title='bbox 373 1243 470 1264; x_wconf 89' lang='lat' dir='ltr'><strong>nomen</strong></span> <span class='ocrx_word' id='word_1_292' title='bbox 497 1236 555 1271; x_wconf 85' lang='lat' dir='ltr'><strong>ejus</strong></span> <span class='ocrx_word' id='word_1_293' title='bbox 577 1236 680 1265; x_wconf 85' lang='lat' dir='ltr'><strong>Jesum.</strong></span> <span class='ocrx_word' id='word_1_294' title='bbox 710 1238 768 1274; x_wconf 87' lang='lat' dir='ltr'><strong>lpse</strong></span> <span class='ocrx_word' id='word_1_295' title='bbox 784 1239 855 1265; x_wconf 86' lang='lat' dir='ltr'><strong>enim</strong></span> <span class='ocrx_word' id='word_1_296' title='bbox 879 1237 999 1266; x_wconf 83' lang='lat' dir='ltr'><strong>servabit</strong></span> 
     </span>
    </p>
   </div>
   <div class='ocr_carea' id='block_1_42' title="bbox 204 1281 998 1317">
    <p class='ocr_par' dir='ltr' id='par_1_42' title="bbox 204 1281 998 1317">
     <span class='ocr_line' id='line_1_42' title="bbox 204 1281 998 1317; baseline 0.005 -9"><span class='ocrx_word' id='word_1_297' title='bbox 204 1281 332 1316; x_wconf 79' lang='lat' dir='ltr'><strong>populum</strong></span> <span class='ocrx_word' id='word_1_298' title='bbox 347 1289 426 1309; x_wconf 88' lang='lat' dir='ltr'><strong>suum</strong></span> <span class='ocrx_word' id='word_1_299' title='bbox 436 1289 451 1308; x_wconf 86' lang='lat' dir='ltr'><strong>a</strong></span> <span class='ocrx_word' id='word_1_300' title='bbox 463 1283 583 1317; x_wconf 76' lang='lat' dir='ltr'><strong>peccatis</strong></span> <span class='ocrx_word' id='word_1_301' title='bbox 597 1283 664 1311; x_wconf 87' lang='lat' dir='ltr'><strong>suis.</strong></span> <span class='ocrx_word' id='word_1_302' title='bbox 676 1283 710 1311; x_wconf 85' lang='lat' dir='ltr'><strong>Et</strong></span> <span class='ocrx_word' id='word_1_303' title='bbox 727 1284 802 1312; x_wconf 82' lang='lat' dir='ltr'><strong>dabit</strong></span> <span class='ocrx_word' id='word_1_304' title='bbox 819 1284 858 1311; x_wconf 70' lang='lat' dir='ltr'><strong>ill!</strong></span> <span class='ocrx_word' id='word_1_305' title='bbox 868 1283 998 1313; x_wconf 84' lang='lat' dir='ltr'><strong>Dominus</strong></span> 
     </span>
    </p>
   </div>
   <div class='ocr_carea' id='block_1_43' title="bbox 208 1327 999 1364">
    <p class='ocr_par' dir='ltr' id='par_1_43' title="bbox 208 1327 999 1364">
     <span class='ocr_line' id='line_1_43' title="bbox 208 1327 999 1364; baseline 0.003 -10"><span class='ocrx_word' id='word_1_306' title='bbox 208 1327 278 1354; x_wconf 90' lang='lat' dir='ltr'><strong>Deus</strong></span> <span class='ocrx_word' id='word_1_307' title='bbox 293 1328 384 1355; x_wconf 84' lang='lat' dir='ltr'><strong>sedem</strong></span> <span class='ocrx_word' id='word_1_308' title='bbox 397 1327 482 1354; x_wconf 85' lang='lat' dir='ltr'><strong>David</strong></span> <span class='ocrx_word' id='word_1_309' title='bbox 495 1328 582 1362; x_wconf 81' lang='lat' dir='ltr'><strong>patris</strong></span> <span class='ocrx_word' id='word_1_310' title='bbox 597 1329 666 1364; x_wconf 84' lang='lat' dir='ltr'><strong>ejus,</strong></span> <span class='ocrx_word' id='word_1_311' title='bbox 685 1333 711 1356; x_wconf 87' lang='lat' dir='ltr'><strong>et</strong></span> <span class='ocrx_word' id='word_1_312' title='bbox 729 1329 854 1364; x_wconf 72' lang='lat' dir='ltr'><strong>regnabit</strong></span> <span class='ocrx_word' id='word_1_313' title='bbox 879 1329 905 1356; x_wconf 91' lang='lat' dir='ltr'><strong>in</strong></span> <span class='ocrx_word' id='word_1_314' title='bbox 918 1330 999 1357; x_wconf 92' lang='lat' dir='ltr'><strong>domo</strong></span> 
     </span>
    </p>
   </div>
   <div class='ocr_carea' id='block_1_44' title="bbox 203 1373 999 1412">
    <p class='ocr_par' dir='ltr' id='par_1_44' title="bbox 203 1373 999 1412">
     <span class='ocr_line' id='line_1_44' title="bbox 203 1373 999 1412; baseline 0.001 -10"><span class='ocrx_word' id='word_1_315' title='bbox 203 1373 325 1402; x_wconf 75' lang='lat' dir='ltr'><strong>Jacobiu</strong></span> <span class='ocrx_word' id='word_1_316' title='bbox 339 1379 483 1409; x_wconf 67' lang='lat' dir='ltr'><strong>aeternum,</strong></span> <span class='ocrx_word' id='word_1_317' title='bbox 499 1376 582 1412; x_wconf 68' lang='grc' dir='ltr'><strong>διο</strong></span> <span class='ocrx_word' id='word_1_318' title='bbox 609 1380 635 1403; x_wconf 87' lang='lat' dir='ltr'><strong>et</strong></span> <span class='ocrx_word' id='word_1_319' title='bbox 656 1376 730 1411; x_wconf 83' lang='lat' dir='ltr'><strong>regni</strong></span> <span class='ocrx_word' id='word_1_320' title='bbox 753 1375 811 1410; x_wconf 87' lang='lat' dir='ltr'><strong>ejus</strong></span> <span class='ocrx_word' id='word_1_321' title='bbox 827 1383 881 1404; x_wconf 90' lang='lat' dir='ltr'><strong>non</strong></span> <span class='ocrx_word' id='word_1_322' title='bbox 894 1377 947 1403; x_wconf 91' lang='lat' dir='ltr'><strong>erit</strong></span> <span class='ocrx_word' id='word_1_323' title='bbox 967 1376 999 1403; x_wconf 88' lang='lat' dir='ltr'><strong>ﬁ-</strong></span> 
     </span>
    </p>
   </div>
   <div class='ocr_carea' id='block_1_45' title="bbox 205 1421 998 1457">
    <p class='ocr_par' dir='ltr' id='par_1_45' title="bbox 205 1421 998 1457">
     <span class='ocr_line' id='line_1_45' title="bbox 205 1421 998 1457; baseline 0.001 -9"><span class='ocrx_word' id='word_1_324' title='bbox 205 1421 247 1448; x_wconf 87' lang='lat' dir='ltr'><strong>nis</strong></span> <span class='ocrx_word' id='word_1_325' title='bbox 259 1421 292 1448; x_wconf 85' lang='grc'><strong>¹³.</strong></span> <span class='ocrx_word' id='word_1_326' title='bbox 314 1430 324 1448; x_wconf 73' lang='grc' dir='ltr'><strong>ι</strong></span> <span class='ocrx_word' id='word_1_327' title='bbox 339 1421 407 1449; x_wconf 88' lang='lat' dir='ltr'><strong>Cum</strong></span> <span class='ocrx_word' id='word_1_328' title='bbox 425 1422 516 1456; x_wconf 87' lang='lat' dir='ltr'><strong>itaque</strong></span> <span class='ocrx_word' id='word_1_329' title='bbox 530 1426 643 1450; x_wconf 86' lang='lat' dir='ltr'><strong>sanctus</strong></span> <span class='ocrx_word' id='word_1_330' title='bbox 655 1422 696 1449; x_wconf 88' lang='lat' dir='ltr'><strong>vir</strong></span> <span class='ocrx_word' id='word_1_331' title='bbox 712 1429 826 1457; x_wconf 78' lang='lat' dir='ltr'><strong>regnum</strong></span> <span class='ocrx_word' id='word_1_332' title='bbox 841 1421 902 1449; x_wconf 86' lang='lat' dir='ltr'><strong>Filii</strong></span> <span class='ocrx_word' id='word_1_333' title='bbox 929 1429 998 1457; x_wconf 71' lang='lat' dir='ltr'><strong>pra:-</strong></span> 
     </span>
    </p>
   </div>
   <div class='ocr_carea' id='block_1_46' title="bbox 204 1467 999 1503">
    <p class='ocr_par' dir='ltr' id='par_1_46' title="bbox 204 1467 999 1503">
     <span class='ocr_line' id='line_1_46' title="bbox 204 1467 999 1503; baseline 0.001 -9"><span class='ocrx_word' id='word_1_334' title='bbox 204 1467 346 1495; x_wconf 73' lang='lat' dir='ltr'><strong>dixeritad</strong></span> <span class='ocrx_word' id='word_1_335' title='bbox 361 1468 458 1496; x_wconf 60' lang='lat' dir='ltr'><strong>saecula</strong></span> <span class='ocrx_word' id='word_1_336' title='bbox 474 1468 579 1496; x_wconf 83' lang='lat' dir='ltr'><strong>inﬁnita</strong></span> <span class='ocrx_word' id='word_1_337' title='bbox 589 1472 800 1503; x_wconf 88' lang='lat' dir='ltr'><strong>perventurum,</strong></span> <span class='ocrx_word' id='word_1_338' title='bbox 819 1468 999 1503; x_wconf 77' lang='lat' dir='ltr'><strong>adeoquevox</strong></span> 
     </span>
    </p>
   </div>
   <div class='ocr_carea' id='block_1_47' title="bbox 204 1514 999 1550">
    <p class='ocr_par' dir='ltr' id='par_1_47' title="bbox 204 1514 999 1550">
     <span class='ocr_line' id='line_1_47' title="bbox 204 1514 999 1550; baseline 0.001 -10"><span class='ocrx_word' id='word_1_339' title='bbox 204 1514 291 1549; x_wconf 85' lang='lat' dir='ltr'><strong>angeli</strong></span> <span class='ocrx_word' id='word_1_340' title='bbox 305 1515 411 1542; x_wconf 74' lang='lat' dir='ltr'><strong>veritati</strong></span> <span class='ocrx_word' id='word_1_341' title='bbox 421 1515 555 1548; x_wconf 86' lang='lat' dir='ltr'><strong>cuncinat,</strong></span> <span class='ocrx_word' id='word_1_342' title='bbox 567 1521 764 1542; x_wconf 87' lang='lat' dir='ltr'><strong>consensurum</strong></span> <span class='ocrx_word' id='word_1_343' title='bbox 776 1515 872 1550; x_wconf 88' lang='lat' dir='ltr'><strong>opinor</strong></span> <span class='ocrx_word' id='word_1_344' title='bbox 881 1522 942 1542; x_wconf 88' lang='lat' dir='ltr'><strong>eum</strong></span> <span class='ocrx_word' id='word_1_345' title='bbox 954 1514 999 1549; x_wconf 91' lang='lat' dir='ltr'><strong>qui</strong></span> 
     </span>
    </p>
   </div>
   <div class='ocr_carea' id='block_1_48' title="bbox 204 1560 999 1597">
    <p class='ocr_par' dir='ltr' id='par_1_48' title="bbox 204 1560 999 1597">
     <span class='ocr_line' id='line_1_48' title="bbox 204 1560 999 1597; baseline 0 -9"><span class='ocrx_word' id='word_1_346' title='bbox 204 1561 304 1595; x_wconf 88' lang='lat' dir='ltr'><strong>probus</strong></span> <span class='ocrx_word' id='word_1_347' title='bbox 317 1565 358 1588; x_wconf 86' lang='lat' dir='ltr'><strong>est</strong></span> <span class='ocrx_word' id='word_1_348' title='bbox 375 1568 406 1589; x_wconf 77' lang='lat' dir='ltr'><strong>ac</strong></span> <span class='ocrx_word' id='word_1_349' title='bbox 416 1560 496 1596; x_wconf 79' lang='lat' dir='ltr'><strong>frugi,</strong></span> <span class='ocrx_word' id='word_1_350' title='bbox 514 1566 542 1589; x_wconf 92' lang='lat' dir='ltr'><strong>et</strong></span> <span class='ocrx_word' id='word_1_351' title='bbox 559 1569 644 1597; x_wconf 82' lang='lat' dir='ltr'><strong>nugas</strong></span> <span class='ocrx_word' id='word_1_352' title='bbox 668 1561 926 1595; x_wconf 84' lang='lat' dir='ltr'><strong>condemnaturum,</strong></span> <span class='ocrx_word' id='word_1_353' title='bbox 956 1561 999 1588; x_wconf 92' lang='lat' dir='ltr'><strong>in-</strong></span> 
     </span>
    </p>
   </div>
   <div class='ocr_carea' id='block_1_49' title="bbox 204 1607 995 1643">
    <p class='ocr_par' dir='ltr' id='par_1_49' title="bbox 204 1607 995 1643">
     <span class='ocr_line' id='line_1_49' title="bbox 204 1607 995 1643; baseline 0 -9"><span class='ocrx_word' id='word_1_354' title='bbox 204 1614 339 1642; x_wconf 86' lang='lat' dir='ltr'><strong>sanosque</strong></span> <span class='ocrx_word' id='word_1_355' title='bbox 353 1607 489 1635; x_wconf 93' lang='lat' dir='ltr'><strong>dicturum</strong></span> <span class='ocrx_word' id='word_1_356' title='bbox 503 1614 561 1640; x_wconf 87' lang='lat' dir='ltr'><strong>eos,</strong></span> <span class='ocrx_word' id='word_1_357' title='bbox 577 1608 623 1642; x_wconf 90' lang='lat' dir='ltr'><strong>qui</strong></span> <span class='ocrx_word' id='word_1_358' title='bbox 639 1607 693 1635; x_wconf 86' lang='lat' dir='ltr'><strong>alia</strong></span> <span class='ocrx_word' id='word_1_359' title='bbox 704 1608 808 1643; x_wconf 65' lang='lat' dir='ltr'><strong>qumvis</strong></span> <span class='ocrx_word' id='word_1_360' title='bbox 828 1607 930 1635; x_wconf 79' lang='lat' dir='ltr'><strong>sentire</strong></span> <span class='ocrx_word' id='word_1_361' title='bbox 952 1614 995 1634; x_wconf 88' lang='lat' dir='ltr'><strong>ve-</strong></span> 
     </span>
    </p>
   </div>
   <div class='ocr_carea' id='block_1_50' title="bbox 204 1652 997 1688">
    <p class='ocr_par' dir='ltr' id='par_1_50' title="bbox 204 1652 997 1688">
     <span class='ocr_line' id='line_1_50' title="bbox 204 1652 997 1688; baseline 0.001 -8"><span class='ocrx_word' id='word_1_362' title='bbox 204 1653 264 1686; x_wconf 88' lang='lat' dir='ltr'><strong>lint,</strong></span> <span class='ocrx_word' id='word_1_363' title='bbox 280 1653 394 1682; x_wconf 83' lang='lat' dir='ltr'><strong>cumlex</strong></span> <span class='ocrx_word' id='word_1_364' title='bbox 413 1657 508 1688; x_wconf 84' lang='lat' dir='ltr'><strong>aperte</strong></span> <span class='ocrx_word' id='word_1_365' title='bbox 534 1653 650 1682; x_wconf 85' lang='lat' dir='ltr'><strong>clamet:</strong></span> <span class='ocrx_word' id='word_1_366' title='bbox 667 1662 678 1679; x_wconf 82' lang='grc' dir='ltr'><strong>ι</strong></span> <span class='ocrx_word' id='word_1_367' title='bbox 693 1652 723 1681; x_wconf 83' lang='lat' dir='ltr'><strong>lu</strong></span> <span class='ocrx_word' id='word_1_368' title='bbox 745 1661 793 1682; x_wconf 90' lang='lat' dir='ltr'><strong>ore</strong></span> <span class='ocrx_word' id='word_1_369' title='bbox 806 1654 920 1681; x_wconf 90' lang='lat' dir='ltr'><strong>duorum</strong></span> <span class='ocrx_word' id='word_1_370' title='bbox 950 1657 997 1681; x_wconf 89' lang='lat' dir='ltr'><strong>aut</strong></span> 
     </span>
    </p>
   </div>
   <div class='ocr_carea' id='block_1_51' title="bbox 205 1699 996 1735">
    <p class='ocr_par' dir='ltr' id='par_1_51' title="bbox 205 1699 996 1735">
     <span class='ocr_line' id='line_1_51' title="bbox 205 1699 996 1735; baseline 0.001 -10"><span class='ocrx_word' id='word_1_371' title='bbox 205 1699 286 1726; x_wconf 90' lang='lat' dir='ltr'><strong>trium</strong></span> <span class='ocrx_word' id='word_1_372' title='bbox 308 1700 417 1727; x_wconf 86' lang='lat' dir='ltr'><strong>testium</strong></span> <span class='ocrx_word' id='word_1_373' title='bbox 445 1699 527 1727; x_wconf 86' lang='lat' dir='ltr'><strong>stabit</strong></span> <span class='ocrx_word' id='word_1_374' title='bbox 553 1707 635 1728; x_wconf 87' lang='lat' dir='ltr'><strong>omne</strong></span> <span class='ocrx_word' id='word_1_375' title='bbox 657 1699 770 1727; x_wconf 87' lang='lat' dir='ltr'><strong>verbum</strong></span> <span class='ocrx_word' id='word_1_376' title='bbox 795 1699 827 1726; x_wconf 73' lang='grc'><strong>³⁴.</strong></span> <span class='ocrx_word' id='word_1_377' title='bbox 858 1708 868 1725; x_wconf 84' lang='grc'><strong>›</strong></span> <span class='ocrx_word' id='word_1_378' title='bbox 888 1699 996 1735; x_wconf 86' lang='lat' dir='ltr'><strong>Alioqui</strong></span> 
     </span>
    </p>
   </div>
   <div class='ocr_carea' id='block_1_52' title="bbox 203 1745 837 1781">
    <p class='ocr_par' dir='ltr' id='par_1_52' title="bbox 203 1745 837 1781">
     <span class='ocr_line' id='line_1_52' title="bbox 203 1745 837 1781; baseline 0 -10"><span class='ocrx_word' id='word_1_379' title='bbox 203 1751 295 1772; x_wconf 80' lang='lat' dir='ltr'><strong>nonne</strong></span> <span class='ocrx_word' id='word_1_380' title='bbox 307 1745 421 1780; x_wconf 83' lang='lat' dir='ltr'><strong>plurima</strong></span> <span class='ocrx_word' id='word_1_381' title='bbox 431 1746 569 1781; x_wconf 84' lang='lat' dir='ltr'><strong>impietate</strong></span> <span class='ocrx_word' id='word_1_382' title='bbox 591 1750 677 1774; x_wconf 81' lang='lat' dir='ltr'><strong>scatet</strong></span> <span class='ocrx_word' id='word_1_383' title='bbox 698 1745 837 1780; x_wconf 83' lang='lat' dir='ltr'><strong>objectio?</strong></span> 
     </span>
    </p>
   </div>
   <div class='ocr_carea' id='block_1_53' title="bbox 1011 1592 1032 1621">
    <p class='ocr_par' dir='ltr' id='par_1_53' title="bbox 1011 1592 1032 1621">
     <span class='ocr_line' id='line_1_53' title="bbox 1011 1592 1032 1621; baseline 0 0"><span class='ocrx_word' id='word_1_384' title='bbox 1011 1592 1032 1621; x_wconf 80' lang='grc' dir='ltr'><strong>ο</strong></span> 
     </span>
    </p>
   </div>
   <div class='ocr_carea' id='block_1_54' title="bbox 1049 956 1855 996">
    <p class='ocr_par' dir='ltr' id='par_1_54' title="bbox 1049 956 1855 996">
     <span class='ocr_line' id='line_1_54' title="bbox 1049 956 1855 996; baseline -0.006 -9"><span class='ocrx_word' id='word_1_385' title='bbox 1049 960 1276 996; x_wconf 83' lang='grc' dir='ltr'>ἁναμελῳδοῦντα</span> <span class='ocrx_word' id='word_1_386' title='bbox 1297 960 1325 987; x_wconf 75' lang='grc' dir='ltr'>δὲ</span> <span class='ocrx_word' id='word_1_387' title='bbox 1341 959 1410 995; x_wconf 76' lang='grc' dir='ltr'>πρὸς</span> <span class='ocrx_word' id='word_1_388' title='bbox 1431 959 1475 986; x_wconf 82' lang='grc' dir='ltr'>τὸν</span> <span class='ocrx_word' id='word_1_389' title='bbox 1493 958 1558 985; x_wconf 70' lang='grc' dir='ltr'>Υίδν</span> <span class='ocrx_word' id='word_1_390' title='bbox 1579 958 1608 984; x_wconf 83' lang='grc' dir='ltr'>ὲν</span> <span class='ocrx_word' id='word_1_391' title='bbox 1628 957 1780 992; x_wconf 73' lang='grc' dir='ltr'>Πνεῦμα-η’</span> <span class='ocrx_word' id='word_1_392' title='bbox 1802 966 1811 981; x_wconf 79' lang='lat' dir='ltr'><strong>r</strong></span> <span class='ocrx_word' id='word_1_393' title='bbox 1826 956 1855 982; x_wconf 88' lang='grc' dir='ltr'>ὐ</span> 
     </span>
    </p>
   </div>
   <div class='ocr_carea' id='block_1_55' title="bbox 1050 1002 1855 1043">
    <p class='ocr_par' dir='ltr' id='par_1_55' title="bbox 1050 1002 1855 1043">
     <span class='ocr_line' id='line_1_55' title="bbox 1050 1002 1855 1043; baseline -0.007 -9"><span class='ocrx_word' id='word_1_394' title='bbox 1050 1007 1143 1043; x_wconf 84' lang='grc' dir='ltr'>θρόνος</span> <span class='ocrx_word' id='word_1_395' title='bbox 1159 1015 1216 1040; x_wconf 87' lang='grc' dir='ltr'>σου,</span> <span class='ocrx_word' id='word_1_396' title='bbox 1234 1007 1248 1033; x_wconf 84' lang='grc' dir='ltr'><strong>ὸ</strong></span> <span class='ocrx_word' id='word_1_397' title='bbox 1261 1006 1336 1038; x_wconf 80' lang='grc' dir='ltr'>Θεὸς,</span> <span class='ocrx_word' id='word_1_398' title='bbox 1350 1007 1388 1037; x_wconf 84' lang='grc' dir='ltr'><strong>είς</strong></span> <span class='ocrx_word' id='word_1_399' title='bbox 1403 1005 1449 1032; x_wconf 80' lang='grc' dir='ltr'><strong>τὸν</strong></span> <span class='ocrx_word' id='word_1_400' title='bbox 1463 1005 1549 1032; x_wconf 76' lang='grc' dir='ltr'>αἰῶνα</span> <span class='ocrx_word' id='word_1_401' title='bbox 1560 1004 1607 1030; x_wconf 83' lang='grc' dir='ltr'><strong>τοῦ</strong></span> <span class='ocrx_word' id='word_1_402' title='bbox 1620 1003 1719 1035; x_wconf 86' lang='grc' dir='ltr'>αίῶνος</span> <span class='ocrx_word' id='word_1_403' title='bbox 1731 1012 1737 1018; x_wconf 90' lang='grc'>·</span> <span class='ocrx_word' id='word_1_404' title='bbox 1755 1002 1855 1038; x_wconf 74' lang='grc' dir='ltr'>ράίδιις</span> 
     </span>
    </p>
   </div>
   <div class='ocr_carea' id='block_1_56' title="bbox 1049 1049 1853 1088">
    <p class='ocr_par' dir='ltr' id='par_1_56' title="bbox 1049 1049 1853 1088">
     <span class='ocr_line' id='line_1_56' title="bbox 1049 1049 1853 1088; baseline -0.006 -8"><span class='ocrx_word' id='word_1_405' title='bbox 1049 1053 1205 1088; x_wconf 82' lang='grc' dir='ltr'><strong>εὐθύτητος,</strong></span> <span class='ocrx_word' id='word_1_406' title='bbox 1223 1054 1240 1088; x_wconf 82' lang='grc' dir='ltr'><strong>ἡ</strong></span> <span class='ocrx_word' id='word_1_407' title='bbox 1262 1052 1360 1088; x_wconf 78' lang='grc' dir='ltr'>ῥάϐδος</span> <span class='ocrx_word' id='word_1_408' title='bbox 1381 1051 1432 1087; x_wconf 80' lang='grc' dir='ltr'>τῆς</span> <span class='ocrx_word' id='word_1_409' title='bbox 1450 1051 1589 1087; x_wconf 75' lang='grc' dir='ltr'>βασιλείας</span> <span class='ocrx_word' id='word_1_410' title='bbox 1609 1059 1667 1077; x_wconf 82' lang='grc' dir='ltr'>σου.</span> <span class='ocrx_word' id='word_1_411' title='bbox 1683 1060 1692 1076; x_wconf 71' lang='grc' dir='ltr'><strong>ι</strong></span> <span class='ocrx_word' id='word_1_412' title='bbox 1719 1050 1752 1076; x_wconf 86' lang='grc' dir='ltr'>Τί</span> <span class='ocrx_word' id='word_1_413' title='bbox 1772 1050 1800 1076; x_wconf 78' lang='grc' dir='ltr'>δὲ</span> <span class='ocrx_word' id='word_1_414' title='bbox 1822 1049 1853 1084; x_wconf 79' lang='grc' dir='ltr'>δὴ</span> 
     </span>
    </p>
   </div>
   <div class='ocr_carea' id='block_1_57' title="bbox 1049 1096 1854 1135">
    <p class='ocr_par' dir='ltr' id='par_1_57' title="bbox 1049 1096 1854 1135">
     <span class='ocr_line' id='line_1_57' title="bbox 1049 1096 1854 1135; baseline -0.007 -8"><span class='ocrx_word' id='word_1_415' title='bbox 1049 1100 1098 1126; x_wconf 67' lang='grc' dir='ltr'>καὶ.</span> <span class='ocrx_word' id='word_1_416' title='bbox 1110 1099 1195 1135; x_wconf 79' lang='grc' dir='ltr'>δρῷεν</span> <span class='ocrx_word' id='word_1_417' title='bbox 1211 1099 1254 1132; x_wconf 81' lang='grc' dir='ltr'>ἂν,</span> <span class='ocrx_word' id='word_1_418' title='bbox 1269 1100 1293 1126; x_wconf 88' lang='grc' dir='ltr'>οἱ</span> <span class='ocrx_word' id='word_1_419' title='bbox 1312 1098 1379 1134; x_wconf 77' lang='grc' dir='ltr'>πρὸς</span> <span class='ocrx_word' id='word_1_420' title='bbox 1399 1099 1454 1124; x_wconf 82' lang='grc' dir='ltr'><strong>πᾶν</strong></span> <span class='ocrx_word' id='word_1_421' title='bbox 1471 1097 1560 1124; x_wconf 77' lang='grc' dir='ltr'>ὁτιοῦν</span> <span class='ocrx_word' id='word_1_422' title='bbox 1579 1097 1634 1123; x_wconf 77' lang='grc' dir='ltr'>τῶν</span> <span class='ocrx_word' id='word_1_423' title='bbox 1652 1096 1854 1132; x_wconf 74' lang='grc' dir='ltr'>ἁπηχεστατων</span> 
     </span>
    </p>
   </div>
   <div class='ocr_carea' id='block_1_58' title="bbox 1049 1142 1854 1182">
    <p class='ocr_par' dir='ltr' id='par_1_58' title="bbox 1049 1142 1854 1182">
     <span class='ocr_line' id='line_1_58' title="bbox 1049 1142 1854 1182; baseline -0.009 -9"><span class='ocrx_word' id='word_1_424' title='bbox 1049 1145 1303 1182; x_wconf 76' lang='grc' dir='ltr'>ἀθυροστομοῦντες</span> <span class='ocrx_word' id='word_1_425' title='bbox 1329 1144 1458 1176; x_wconf 79' lang='grc' dir='ltr'><strong>εὐκόλως,</strong></span> <span class='ocrx_word' id='word_1_426' title='bbox 1485 1143 1532 1170; x_wconf 68' lang='grc' dir='ltr'>καὶ</span> <span class='ocrx_word' id='word_1_427' title='bbox 1558 1143 1608 1179; x_wconf 79' lang='grc' dir='ltr'>τὴν</span> <span class='ocrx_word' id='word_1_428' title='bbox 1628 1144 1757 1179; x_wconf 85' lang='grc' dir='ltr'>ἀγροῖκον</span> <span class='ocrx_word' id='word_1_429' title='bbox 1781 1142 1854 1168; x_wconf 67' lang='grc' dir='ltr'>οὕτω</span> 
     </span>
    </p>
   </div>
   <div class='ocr_carea' id='block_1_59' title="bbox 1049 1189 1854 1227">
    <p class='ocr_par' dir='ltr' id='par_1_59' title="bbox 1049 1189 1854 1227">
     <span class='ocr_line' id='line_1_59' title="bbox 1049 1189 1854 1227; baseline -0.006 -8"><span class='ocrx_word' id='word_1_430' title='bbox 1049 1193 1191 1224; x_wconf 73' lang='grc' dir='ltr'>νοσοῦντες</span> <span class='ocrx_word' id='word_1_431' title='bbox 1207 1192 1304 1227; x_wconf 79' lang='grc' dir='ltr'>φρένα,</span> <span class='ocrx_word' id='word_1_432' title='bbox 1320 1190 1631 1227; x_wconf 78' lang='grc' dir='ltr'>προκατασημαίνοντος</span> <span class='ocrx_word' id='word_1_433' title='bbox 1646 1191 1678 1226; x_wconf 78' lang='grc' dir='ltr'><strong>τῇ</strong></span> <span class='ocrx_word' id='word_1_434' title='bbox 1701 1189 1768 1224; x_wconf 70' lang='grc' dir='ltr'>ἁγία</span> <span class='ocrx_word' id='word_1_435' title='bbox 1780 1189 1854 1223; x_wconf 76' lang='grc' dir='ltr'>Παρ-</span> 
     </span>
    </p>
   </div>
   <div class='ocr_carea' id='block_1_60' title="bbox 1050 1234 1853 1275">
    <p class='ocr_par' dir='ltr' id='par_1_60' title="bbox 1050 1234 1853 1275">
     <span class='ocr_line' id='line_1_60' title="bbox 1050 1234 1853 1275; baseline -0.009 -9"><span class='ocrx_word' id='word_1_436' title='bbox 1050 1239 1119 1275; x_wconf 83' lang='grc' dir='ltr'>θένῳ</span> <span class='ocrx_word' id='word_1_437' title='bbox 1144 1238 1179 1265; x_wconf 75' lang='grc' dir='ltr'><strong>τὰ</strong></span> <span class='ocrx_word' id='word_1_438' title='bbox 1203 1239 1250 1265; x_wconf 74' lang='grc' dir='ltr'><strong>ἐπὶ</strong></span> <span class='ocrx_word' id='word_1_439' title='bbox 1265 1237 1376 1274; x_wconf 78' lang='grc' dir='ltr'>Χριστῷ</span> <span class='ocrx_word' id='word_1_440' title='bbox 1393 1237 1439 1264; x_wconf 86' lang='grc' dir='ltr'><strong>τοῦ</strong></span> <span class='ocrx_word' id='word_1_441' title='bbox 1457 1236 1594 1272; x_wconf 82' lang='grc' dir='ltr'>μακαρίου</span> <span class='ocrx_word' id='word_1_442' title='bbox 1609 1235 1730 1270; x_wconf 74' lang='grc' dir='ltr'>Γαϐριὴλ</span> <span class='ocrx_word' id='word_1_443' title='bbox 1744 1243 1751 1267; x_wconf 88' lang='grc'>;</span> <span class='ocrx_word' id='word_1_444' title='bbox 1780 1244 1789 1259; x_wconf 77' lang='lat' dir='ltr'><strong>r</strong></span> <span class='ocrx_word' id='word_1_445' title='bbox 1806 1234 1853 1269; x_wconf 78' lang='grc' dir='ltr'><strong>Μὴ</strong></span> 
     </span>
    </p>
   </div>
   <div class='ocr_carea' id='block_1_61' title="bbox 1049 1279 1853 1322">
    <p class='ocr_par' dir='ltr' id='par_1_61' title="bbox 1049 1279 1853 1322">
     <span class='ocr_line' id='line_1_61' title="bbox 1049 1279 1853 1322; baseline -0.009 -9"><span class='ocrx_word' id='word_1_446' title='bbox 1049 1287 1104 1322; x_wconf 75' lang='grc' dir='ltr'><strong>γὰρ</strong></span> <span class='ocrx_word' id='word_1_447' title='bbox 1119 1286 1163 1322; x_wconf 83' lang='grc' dir='ltr'>δὴ,</span> <span class='ocrx_word' id='word_1_448' title='bbox 1175 1286 1254 1320; x_wconf 71' lang='grc' dir='ltr'>φησὶ,</span> <span class='ocrx_word' id='word_1_449' title='bbox 1270 1285 1434 1321; x_wconf 80' lang='grc' dir='ltr'>καταδεὶσῃς</span> <span class='ocrx_word' id='word_1_450' title='bbox 1448 1283 1498 1319; x_wconf 81' lang='grc' dir='ltr'>τὴν</span> <span class='ocrx_word' id='word_1_451' title='bbox 1511 1283 1678 1318; x_wconf 81' lang='grc' dir='ltr'>οἰκονομίαν,</span> <span class='ocrx_word' id='word_1_452' title='bbox 1691 1279 1714 1308; x_wconf 85' lang='grc' dir='ltr'><strong>ὧ</strong></span> <span class='ocrx_word' id='word_1_453' title='bbox 1727 1281 1853 1316; x_wconf 74' lang='grc' dir='ltr'>Μαριάμ·</span> 
     </span>
    </p>
   </div>
   <div class='ocr_carea' id='block_1_62' title="bbox 1051 1328 1853 1369">
    <p class='ocr_par' dir='ltr' id='par_1_62' title="bbox 1051 1328 1853 1369">
     <span class='ocr_line' id='line_1_62' title="bbox 1051 1328 1853 1369; baseline -0.009 -9"><span class='ocrx_word' id='word_1_454' title='bbox 1051 1331 1128 1369; x_wconf 75' lang='grc' dir='ltr'>εὗρες</span> <span class='ocrx_word' id='word_1_455' title='bbox 1144 1333 1198 1368; x_wconf 75' lang='grc' dir='ltr'><strong>γὰρ</strong></span> <span class='ocrx_word' id='word_1_456' title='bbox 1214 1332 1295 1367; x_wconf 82' lang='grc' dir='ltr'>χάριν</span> <span class='ocrx_word' id='word_1_457' title='bbox 1311 1331 1389 1367; x_wconf 71' lang='grc' dir='ltr'>παρὰ</span> <span class='ocrx_word' id='word_1_458' title='bbox 1401 1331 1440 1366; x_wconf 80' lang='grc' dir='ltr'>τῷ</span> <span class='ocrx_word' id='word_1_459' title='bbox 1453 1330 1524 1366; x_wconf 85' lang='grc' dir='ltr'>Θεῷ,</span> <span class='ocrx_word' id='word_1_460' title='bbox 1543 1330 1590 1356; x_wconf 71' lang='grc' dir='ltr'>καὶ</span> <span class='ocrx_word' id='word_1_461' title='bbox 1609 1329 1663 1355; x_wconf 76' lang='grc' dir='ltr'>ἰδοὺ</span> <span class='ocrx_word' id='word_1_462' title='bbox 1685 1328 1809 1363; x_wconf 64' lang='grc' dir='ltr'>συλλήψῃ</span> <span class='ocrx_word' id='word_1_463' title='bbox 1825 1328 1853 1353; x_wconf 80' lang='grc' dir='ltr'>ἐν</span> 
     </span>
    </p>
   </div>
   <div class='ocr_carea' id='block_1_63' title="bbox 1049 1372 1853 1414">
    <p class='ocr_par' dir='ltr' id='par_1_63' title="bbox 1049 1372 1853 1414">
     <span class='ocr_line' id='line_1_63' title="bbox 1049 1372 1853 1414; baseline -0.009 -9"><span class='ocrx_word' id='word_1_464' title='bbox 1049 1377 1161 1414; x_wconf 70' lang='grc' dir='ltr'>γαστρὶ,</span> <span class='ocrx_word' id='word_1_465' title='bbox 1176 1377 1224 1404; x_wconf 77' lang='grc' dir='ltr'>καὶ</span> <span class='ocrx_word' id='word_1_466' title='bbox 1240 1377 1305 1413; x_wconf 79' lang='grc' dir='ltr'>τέξῃ</span> <span class='ocrx_word' id='word_1_467' title='bbox 1325 1376 1401 1408; x_wconf 71' lang='grc' dir='ltr'>Υίὸν,</span> <span class='ocrx_word' id='word_1_468' title='bbox 1419 1375 1465 1402; x_wconf 74' lang='grc' dir='ltr'>καὶ</span> <span class='ocrx_word' id='word_1_469' title='bbox 1482 1375 1609 1408; x_wconf 78' lang='grc' dir='ltr'>καλέσεις</span> <span class='ocrx_word' id='word_1_470' title='bbox 1623 1374 1654 1401; x_wconf 80' lang='grc' dir='ltr'>τὸ</span> <span class='ocrx_word' id='word_1_471' title='bbox 1670 1374 1756 1408; x_wconf 72' lang='grc' dir='ltr'>ὄνομα</span> <span class='ocrx_word' id='word_1_472' title='bbox 1770 1372 1853 1399; x_wconf 73' lang='grc' dir='ltr'>αὑτοῦ</span> 
     </span>
    </p>
   </div>
   <div class='ocr_carea' id='block_1_64' title="bbox 1057 1418 1853 1460">
    <p class='ocr_par' dir='ltr' id='par_1_64' title="bbox 1057 1418 1853 1460">
     <span class='ocr_line' id='line_1_64' title="bbox 1057 1418 1853 1460; baseline -0.009 -9"><span class='ocrx_word' id='word_1_473' title='bbox 1057 1423 1161 1460; x_wconf 86' lang='grc' dir='ltr'>Ἰησοῦν</span> <span class='ocrx_word' id='word_1_474' title='bbox 1175 1431 1182 1439; x_wconf 86' lang='lat'><strong><em>°</em></strong></span> <span class='ocrx_word' id='word_1_475' title='bbox 1197 1423 1278 1455; x_wconf 76' lang='grc' dir='ltr'>αὐτὸς</span> <span class='ocrx_word' id='word_1_476' title='bbox 1293 1422 1347 1457; x_wconf 81' lang='grc' dir='ltr'><strong>γὰρ</strong></span> <span class='ocrx_word' id='word_1_477' title='bbox 1364 1421 1446 1448; x_wconf 82' lang='grc' dir='ltr'>σώσει</span> <span class='ocrx_word' id='word_1_478' title='bbox 1469 1421 1514 1448; x_wconf 65' lang='grc' dir='ltr'><strong>τὸν</strong></span> <span class='ocrx_word' id='word_1_479' title='bbox 1530 1421 1595 1448; x_wconf 71' lang='grc' dir='ltr'>λαὸν</span> <span class='ocrx_word' id='word_1_480' title='bbox 1616 1419 1700 1447; x_wconf 72' lang='grc' dir='ltr'>αὐτοῦ</span> <span class='ocrx_word' id='word_1_481' title='bbox 1726 1419 1779 1446; x_wconf 73' lang='grc' dir='ltr'><strong>ἀπὸ</strong></span> <span class='ocrx_word' id='word_1_482' title='bbox 1798 1418 1853 1445; x_wconf 84' lang='grc' dir='ltr'>τῶν</span> 
     </span>
    </p>
   </div>
   <div class='ocr_carea' id='block_1_65' title="bbox 1050 1467 1852 1507">
    <p class='ocr_par' dir='ltr' id='par_1_65' title="bbox 1050 1467 1852 1507">
     <span class='ocr_line' id='line_1_65' title="bbox 1050 1467 1852 1507; baseline -0.007 -8"><span class='ocrx_word' id='word_1_483' title='bbox 1050 1471 1192 1507; x_wconf 77' lang='grc' dir='ltr'>ἁμαρτιῶν</span> <span class='ocrx_word' id='word_1_484' title='bbox 1207 1471 1307 1502; x_wconf 74' lang='grc' dir='ltr'>αὐτῶν,</span> <span class='ocrx_word' id='word_1_485' title='bbox 1322 1471 1369 1498; x_wconf 76' lang='grc' dir='ltr'>καὶ</span> <span class='ocrx_word' id='word_1_486' title='bbox 1387 1470 1468 1497; x_wconf 84' lang='grc' dir='ltr'>δώσει</span> <span class='ocrx_word' id='word_1_487' title='bbox 1482 1469 1556 1505; x_wconf 82' lang='grc' dir='ltr'><strong>αύτῷ</strong></span> <span class='ocrx_word' id='word_1_488' title='bbox 1572 1469 1676 1505; x_wconf 80' lang='grc' dir='ltr'>Κύριος</span> <span class='ocrx_word' id='word_1_489' title='bbox 1694 1470 1708 1496; x_wconf 80' lang='grc' dir='ltr'><em>ὁ</em></span> <span class='ocrx_word' id='word_1_490' title='bbox 1723 1468 1788 1500; x_wconf 81' lang='grc' dir='ltr'>Θεὸς</span> <span class='ocrx_word' id='word_1_491' title='bbox 1808 1467 1852 1494; x_wconf 67' lang='grc' dir='ltr'>τὶν</span> 
     </span>
    </p>
   </div>
   <div class='ocr_carea' id='block_1_66' title="bbox 1052 1514 1853 1553">
    <p class='ocr_par' dir='ltr' id='par_1_66' title="bbox 1052 1514 1853 1553">
     <span class='ocr_line' id='line_1_66' title="bbox 1052 1514 1853 1553; baseline -0.006 -9"><span class='ocrx_word' id='word_1_492' title='bbox 1052 1517 1147 1552; x_wconf 84' lang='grc' dir='ltr'>Θρόνον</span> <span class='ocrx_word' id='word_1_493' title='bbox 1163 1517 1246 1545; x_wconf 72' lang='grc' dir='ltr'>Δαΰὶδ</span> <span class='ocrx_word' id='word_1_494' title='bbox 1264 1516 1310 1543; x_wconf 81' lang='grc' dir='ltr'><strong>τοῦ</strong></span> <span class='ocrx_word' id='word_1_495' title='bbox 1329 1517 1432 1553; x_wconf 84' lang='grc' dir='ltr'>πατρὸς</span> <span class='ocrx_word' id='word_1_496' title='bbox 1452 1516 1545 1549; x_wconf 77' lang='grc' dir='ltr'>αὑτοῦ,</span> <span class='ocrx_word' id='word_1_497' title='bbox 1566 1516 1612 1542; x_wconf 70' lang='grc' dir='ltr'><strong>καὶ</strong></span> <span class='ocrx_word' id='word_1_498' title='bbox 1629 1514 1782 1550; x_wconf 76' lang='grc' dir='ltr'>βασιλεύσει</span> <span class='ocrx_word' id='word_1_499' title='bbox 1808 1514 1853 1540; x_wconf 76' lang='grc' dir='ltr'><strong>ἐπὶ</strong></span> 
     </span>
    </p>
   </div>
   <div class='ocr_carea' id='block_1_67' title="bbox 1051 1559 1852 1596">
    <p class='ocr_par' dir='ltr' id='par_1_67' title="bbox 1051 1559 1852 1596">
     <span class='ocr_line' id='line_1_67' title="bbox 1051 1559 1852 1596; baseline -0.004 -8"><span class='ocrx_word' id='word_1_500' title='bbox 1051 1563 1096 1589; x_wconf 68' lang='grc' dir='ltr'><strong>τὸν</strong></span> <span class='ocrx_word' id='word_1_501' title='bbox 1109 1560 1184 1590; x_wconf 72' lang='grc' dir='ltr'>οἷκον</span> <span class='ocrx_word' id='word_1_502' title='bbox 1210 1561 1309 1589; x_wconf 78' lang='grc' dir='ltr'>Ἰακὼὸ</span> <span class='ocrx_word' id='word_1_503' title='bbox 1325 1563 1364 1594; x_wconf 88' lang='grc' dir='ltr'><strong>είς</strong></span> <span class='ocrx_word' id='word_1_504' title='bbox 1375 1562 1438 1594; x_wconf 74' lang='grc' dir='ltr'>τοὺς</span> <span class='ocrx_word' id='word_1_505' title='bbox 1456 1561 1567 1595; x_wconf 75' lang='grc' dir='ltr'>αἰῶνας,</span> <span class='ocrx_word' id='word_1_506' title='bbox 1587 1561 1635 1588; x_wconf 73' lang='grc' dir='ltr'>καὶ</span> <span class='ocrx_word' id='word_1_507' title='bbox 1650 1562 1699 1596; x_wconf 83' lang='grc' dir='ltr'>τῆς</span> <span class='ocrx_word' id='word_1_508' title='bbox 1716 1559 1852 1596; x_wconf 71' lang='grc' dir='ltr'>βασιλείας</span> 
     </span>
    </p>
   </div>
   <div class='ocr_carea' id='block_1_68' title="bbox 1052 1606 1851 1644">
    <p class='ocr_par' dir='ltr' id='par_1_68' title="bbox 1052 1606 1851 1644">
     <span class='ocr_line' id='line_1_68' title="bbox 1052 1606 1851 1644; baseline -0.006 -8"><span class='ocrx_word' id='word_1_509' title='bbox 1052 1608 1136 1636; x_wconf 75' lang='grc' dir='ltr'>αὑτοῦ</span> <span class='ocrx_word' id='word_1_510' title='bbox 1151 1609 1201 1635; x_wconf 84' lang='grc' dir='ltr'><strong>οὐκ</strong></span> <span class='ocrx_word' id='word_1_511' title='bbox 1217 1608 1293 1635; x_wconf 75' lang='grc' dir='ltr'>ἔσται</span> <span class='ocrx_word' id='word_1_512' title='bbox 1318 1609 1404 1641; x_wconf 86' lang='grc' dir='ltr'>τέλος.</span> <span class='ocrx_word' id='word_1_513' title='bbox 1429 1618 1438 1634; x_wconf 75' lang='grc' dir='ltr'><strong>ι</strong></span> <span class='ocrx_word' id='word_1_514' title='bbox 1467 1609 1574 1644; x_wconf 80' lang='grc' dir='ltr'>’Δνδρὸς</span> <span class='ocrx_word' id='word_1_515' title='bbox 1597 1606 1745 1642; x_wconf 78' lang='grc' dir='ltr'>τοιγαροῦν</span> <span class='ocrx_word' id='word_1_516' title='bbox 1763 1606 1851 1640; x_wconf 80' lang='grc' dir='ltr'>ἁγίου,</span> 
     </span>
    </p>
   </div>
   <div class='ocr_carea' id='block_1_69' title="bbox 1051 1652 1852 1690">
    <p class='ocr_par' dir='ltr' id='par_1_69' title="bbox 1051 1652 1852 1690">
     <span class='ocr_line' id='line_1_69' title="bbox 1051 1652 1852 1690; baseline -0.002 -10"><span class='ocrx_word' id='word_1_517' title='bbox 1051 1654 1101 1690; x_wconf 77' lang='grc' dir='ltr'>τὴν</span> <span class='ocrx_word' id='word_1_518' title='bbox 1119 1655 1159 1686; x_wconf 83' lang='grc' dir='ltr'><strong>εἰς</strong></span> <span class='ocrx_word' id='word_1_519' title='bbox 1175 1655 1345 1690; x_wconf 77' lang='grc' dir='ltr'>ἀπεράντους</span> <span class='ocrx_word' id='word_1_520' title='bbox 1367 1655 1470 1687; x_wconf 85' lang='grc' dir='ltr'>αξῶνας</span> <span class='ocrx_word' id='word_1_521' title='bbox 1492 1655 1606 1690; x_wconf 62' lang='grc' dir='ltr'>ἄσχετον</span> <span class='ocrx_word' id='word_1_522' title='bbox 1631 1652 1782 1688; x_wconf 77' lang='grc' dir='ltr'>ἐπιδρομὴν</span> <span class='ocrx_word' id='word_1_523' title='bbox 1803 1652 1852 1686; x_wconf 76' lang='grc' dir='ltr'>τῆς</span> 
     </span>
    </p>
   </div>
   <div class='ocr_carea' id='block_1_70' title="bbox 1050 1699 1852 1737">
    <p class='ocr_par' dir='ltr' id='par_1_70' title="bbox 1050 1699 1852 1737">
     <span class='ocr_line' id='line_1_70' title="bbox 1050 1699 1852 1737; baseline -0.005 -10"><span class='ocrx_word' id='word_1_524' title='bbox 1050 1701 1097 1728; x_wconf 90' lang='grc' dir='ltr'><strong>τοῦ</strong></span> <span class='ocrx_word' id='word_1_525' title='bbox 1114 1700 1180 1728; x_wconf 77' lang='grc' dir='ltr'>Υῐοῦ</span> <span class='ocrx_word' id='word_1_526' title='bbox 1199 1701 1341 1736; x_wconf 70' lang='grc' dir='ltr'>βασιλείας</span> <span class='ocrx_word' id='word_1_527' title='bbox 1361 1701 1636 1737; x_wconf 79' lang='grc' dir='ltr'>κεχρησμῳδηκότος,</span> <span class='ocrx_word' id='word_1_528' title='bbox 1660 1700 1709 1727; x_wconf 66' lang='grc' dir='ltr'><strong>καὶ</strong></span> <span class='ocrx_word' id='word_1_529' title='bbox 1732 1700 1785 1735; x_wconf 70' lang='grc' dir='ltr'>μὴν</span> <span class='ocrx_word' id='word_1_530' title='bbox 1806 1699 1852 1724; x_wconf 80' lang='grc' dir='ltr'>καὶ</span> 
     </span>
    </p>
   </div>
   <div class='ocr_carea' id='block_1_71' title="bbox 1050 1745 1852 1785">
    <p class='ocr_par' dir='ltr' id='par_1_71' title="bbox 1050 1745 1852 1785">
     <span class='ocr_line' id='line_1_71' title="bbox 1050 1745 1852 1785; baseline -0.006 -10"><span class='ocrx_word' id='word_1_531' title='bbox 1050 1748 1169 1783; x_wconf 80' lang='grc' dir='ltr'>ἀγγέλου</span> <span class='ocrx_word' id='word_1_532' title='bbox 1188 1749 1280 1785; x_wconf 79' lang='grc' dir='ltr'>φωνῆς</span> <span class='ocrx_word' id='word_1_533' title='bbox 1301 1750 1472 1785; x_wconf 76' lang='grc' dir='ltr'>συνηχούσης</span> <span class='ocrx_word' id='word_1_534' title='bbox 1501 1749 1532 1775; x_wconf 79' lang='grc' dir='ltr'>τὸ</span> <span class='ocrx_word' id='word_1_535' title='bbox 1556 1748 1666 1783; x_wconf 79' lang='grc' dir='ltr'>ἀληθὲς,</span> <span class='ocrx_word' id='word_1_536' title='bbox 1685 1745 1852 1774; x_wconf 78' lang='grc' dir='ltr'>συναινέσειν</span> 
     </span>
    </p>
   </div>
   <div class='ocr_carea' id='block_1_72' title="bbox 204 1789 1851 1830">
    <p class='ocr_par' dir='ltr' id='par_1_72' title="bbox 204 1789 1851 1830">
     <span class='ocr_line' id='line_1_72' title="bbox 204 1789 1851 1830; baseline -0.001 -12"><span class='ocrx_word' id='word_1_537' title='bbox 204 1789 280 1826; x_wconf 77' lang='grc' dir='ltr'>οἶμαι</span> <span class='ocrx_word' id='word_1_538' title='bbox 295 1800 344 1818; x_wconf 79' lang='grc' dir='ltr'>που</span> <span class='ocrx_word' id='word_1_539' title='bbox 357 1792 403 1819; x_wconf 65' lang='grc' dir='ltr'>τιν</span> <span class='ocrx_word' id='word_1_540' title='bbox 420 1801 450 1818; x_wconf 85' lang='grc' dir='ltr'><strong>τε</strong></span> <span class='ocrx_word' id='word_1_541' title='bbox 461 1792 620 1826; x_wconf 72' lang='grc' dir='ltr'>ἀγαθὸνκαὶ</span> <span class='ocrx_word' id='word_1_542' title='bbox 649 1792 787 1828; x_wconf 85' lang='grc' dir='ltr'>σώφρονα,</span> <span class='ocrx_word' id='word_1_543' title='bbox 819 1792 1052 1828; x_wconf 66' lang='grc' dir='ltr'>καταψηφιεῖσθαι</span> <span class='ocrx_word' id='word_1_544' title='bbox 1071 1794 1100 1821; x_wconf 76' lang='grc' dir='ltr'>δὲ</span> <span class='ocrx_word' id='word_1_545' title='bbox 1115 1794 1145 1821; x_wconf 83' lang='grc' dir='ltr'><strong>τὺ</strong></span> <span class='ocrx_word' id='word_1_546' title='bbox 1161 1794 1264 1830; x_wconf 78' lang='grc' dir='ltr'>ληρεῖν,</span> <span class='ocrx_word' id='word_1_547' title='bbox 1282 1796 1328 1822; x_wconf 77' lang='grc' dir='ltr'>καὶ</span> <span class='ocrx_word' id='word_1_548' title='bbox 1348 1794 1546 1830; x_wconf 80' lang='grc' dir='ltr'>ὲκκεκροῦσθαι</span> <span class='ocrx_word' id='word_1_549' title='bbox 1561 1793 1667 1829; x_wconf 83' lang='grc' dir='ltr'>φρενῶν</span> <span class='ocrx_word' id='word_1_550' title='bbox 1687 1793 1775 1819; x_wconf 81' lang='grc' dir='ltr'>εἰπεῖν</span> <span class='ocrx_word' id='word_1_551' title='bbox 1792 1790 1851 1820; x_wconf 69' lang='grc' dir='ltr'>τοὺς</span> 
     </span>
    </p>
   </div>
   <div class='ocr_carea' id='block_1_73' title="bbox 204 1838 1850 1878">
    <p class='ocr_par' dir='ltr' id='par_1_73' title="bbox 204 1838 1850 1878">
     <span class='ocr_line' id='line_1_73' title="bbox 204 1838 1850 1878; baseline -0.003 -9"><span class='ocrx_word' id='word_1_552' title='bbox 204 1840 306 1869; x_wconf 73' lang='grc' dir='ltr'>οἴεσθαι</span> <span class='ocrx_word' id='word_1_553' title='bbox 322 1841 376 1866; x_wconf 86' lang='grc' dir='ltr'>δεῖν</span> <span class='ocrx_word' id='word_1_554' title='bbox 391 1840 535 1875; x_wconf 81' lang='grc' dir='ltr'>ἑλομένους</span> <span class='ocrx_word' id='word_1_555' title='bbox 546 1839 628 1875; x_wconf 72' lang='grc' dir='ltr'>ἕτερα</span> <span class='ocrx_word' id='word_1_556' title='bbox 656 1839 725 1867; x_wconf 79' lang='grc' dir='ltr'>ἄττα</span> <span class='ocrx_word' id='word_1_557' title='bbox 754 1840 872 1874; x_wconf 71' lang='grc' dir='ltr'>φρονεῖν,</span> <span class='ocrx_word' id='word_1_558' title='bbox 889 1840 977 1866; x_wconf 71' lang='grc' dir='ltr'>καίτοι</span> <span class='ocrx_word' id='word_1_559' title='bbox 990 1839 1036 1866; x_wconf 86' lang='grc' dir='ltr'><strong>τοῦ</strong></span> <span class='ocrx_word' id='word_1_560' title='bbox 1057 1841 1139 1876; x_wconf 85' lang='grc' dir='ltr'>νόμου</span> <span class='ocrx_word' id='word_1_561' title='bbox 1165 1842 1258 1876; x_wconf 69' lang='grc' dir='ltr'>σαφῶς</span> <span class='ocrx_word' id='word_1_562' title='bbox 1283 1841 1511 1878; x_wconf 83' lang='grc' dir='ltr'>ἁνακεκραγότος’</span> <span class='ocrx_word' id='word_1_563' title='bbox 1534 1851 1543 1867; x_wconf 76' lang='grc' dir='ltr'><strong>ι</strong></span> <span class='ocrx_word' id='word_1_564' title='bbox 1563 1841 1624 1868; x_wconf 71' lang='grc' dir='ltr'><strong>Ἐπὶ</strong></span> <span class='ocrx_word' id='word_1_565' title='bbox 1651 1840 1785 1875; x_wconf 73' lang='grc' dir='ltr'>στόματος</span> <span class='ocrx_word' id='word_1_566' title='bbox 1807 1838 1850 1864; x_wconf 66' lang='grc' dir='ltr'>δίο</span> 
     </span>
    </p>
   </div>
   <div class='ocr_carea' id='block_1_74' title="bbox 204 1883 1849 1923">
    <p class='ocr_par' dir='ltr' id='par_1_74' title="bbox 204 1883 1849 1923">
     <span class='ocr_line' id='line_1_74' title="bbox 204 1883 1849 1923; baseline -0.002 -9"><span class='ocrx_word' id='word_1_567' title='bbox 204 1887 252 1915; x_wconf 62' lang='grc' dir='ltr'>καὶ</span> <span class='ocrx_word' id='word_1_568' title='bbox 266 1886 347 1922; x_wconf 77' lang='grc' dir='ltr'>τριῶν</span> <span class='ocrx_word' id='word_1_569' title='bbox 364 1886 509 1922; x_wconf 88' lang='grc' dir='ltr'>μαρτύρων</span> <span class='ocrx_word' id='word_1_570' title='bbox 529 1884 692 1921; x_wconf 80' lang='grc' dir='ltr'>σταθήσεται</span> <span class='ocrx_word' id='word_1_571' title='bbox 717 1885 770 1912; x_wconf 75' lang='grc' dir='ltr'>πᾶν</span> <span class='ocrx_word' id='word_1_572' title='bbox 793 1886 878 1920; x_wconf 72' lang='grc' dir='ltr'>ῥῆμα.</span> <span class='ocrx_word' id='word_1_573' title='bbox 891 1894 899 1910; x_wconf 81' lang='grc' dir='ltr'><strong>ι</strong></span> <span class='ocrx_word' id='word_1_574' title='bbox 916 1883 954 1911; x_wconf 85' lang='grc' dir='ltr'><strong><em>Ἦ</em></strong></span> <span class='ocrx_word' id='word_1_575' title='bbox 969 1885 1000 1911; x_wconf 78' lang='grc' dir='ltr'>οὺ</span> <span class='ocrx_word' id='word_1_576' title='bbox 1020 1885 1150 1921; x_wconf 74' lang='grc' dir='ltr'>πλείστης</span> <span class='ocrx_word' id='word_1_577' title='bbox 1168 1887 1234 1922; x_wconf 76' lang='grc' dir='ltr'>ὅσης</span> <span class='ocrx_word' id='word_1_578' title='bbox 1266 1887 1410 1923; x_wconf 85' lang='grc' dir='ltr'>θεομισοῦς</span> <span class='ocrx_word' id='word_1_579' title='bbox 1427 1887 1554 1919; x_wconf 72' lang='grc' dir='ltr'>ἀσεϐείας</span> <span class='ocrx_word' id='word_1_580' title='bbox 1584 1886 1728 1918; x_wconf 80' lang='grc' dir='ltr'>ἀνάπλεως</span> <span class='ocrx_word' id='word_1_581' title='bbox 1743 1887 1760 1921; x_wconf 79' lang='grc' dir='ltr'>ἡ</span> <span class='ocrx_word' id='word_1_582' title='bbox 1778 1884 1849 1913; x_wconf 76' lang='grc' dir='ltr'>ἀντί-</span> 
     </span>
    </p>
   </div>
   <div class='ocr_carea' id='block_1_75' title="bbox 205 1943 322 1967">
    <p class='ocr_par' dir='ltr' id='par_1_75' title="bbox 205 1943 322 1967">
     <span class='ocr_line' id='line_1_75' title="bbox 205 1943 322 1967; baseline -0.017 -4"><span class='ocrx_word' id='word_1_583' title='bbox 205 1944 300 1967; x_wconf 84' lang='grc' dir='ltr'>στασις</span> <span class='ocrx_word' id='word_1_584' title='bbox 315 1943 322 1967; x_wconf 87' lang='grc'><strong>;</strong></span> 
     </span>
    </p>
   </div>
   <div class='ocr_carea' id='block_1_76' title="bbox 242 1979 995 2014">
    <p class='ocr_par' dir='ltr' id='par_1_76' title="bbox 242 1979 995 2014">
     <span class='ocr_line' id='line_1_76' title="bbox 242 1979 995 2014; baseline -0.005 -5"><span class='ocrx_word' id='word_1_585' title='bbox 242 1983 271 2009; x_wconf 79' lang='grc' dir='ltr'><strong>Β.</strong></span> <span class='ocrx_word' id='word_1_586' title='bbox 284 1979 470 2008; x_wconf 77' lang='lat' dir='ltr'><strong>Cuncesscrim</strong></span> <span class='ocrx_word' id='word_1_587' title='bbox 484 1979 620 2014; x_wconf 83' lang='lat' dir='ltr'><strong>equidem.</strong></span> <span class='ocrx_word' id='word_1_588' title='bbox 635 1979 830 2006; x_wconf 72' lang='lat' dir='ltr'><strong>Verumtamen</strong></span> <span class='ocrx_word' id='word_1_589' title='bbox 853 1979 923 2007; x_wconf 78' lang='lat' dir='ltr'><strong>scias</strong></span> <span class='ocrx_word' id='word_1_590' title='bbox 943 1986 995 2006; x_wconf 89' lang='lat' dir='ltr'><strong>non</strong></span> 
     </span>
    </p>
   </div>
   <div class='ocr_carea' id='block_1_77' title="bbox 204 2023 747 2063">
    <p class='ocr_par' dir='ltr' id='par_1_77' title="bbox 204 2023 747 2063">
     <span class='ocr_line' id='line_1_77' title="bbox 204 2023 747 2063; baseline -0.007 -9"><span class='ocrx_word' id='word_1_591' title='bbox 204 2026 318 2063; x_wconf 86' lang='lat' dir='ltr'><strong>perinde</strong></span> <span class='ocrx_word' id='word_1_592' title='bbox 328 2025 408 2060; x_wconf 80' lang='lat' dir='ltr'><strong>atque</strong></span> <span class='ocrx_word' id='word_1_593' title='bbox 421 2031 471 2051; x_wconf 90' lang='lat' dir='ltr'><strong>nos</strong></span> <span class='ocrx_word' id='word_1_594' title='bbox 483 2024 653 2052; x_wconf 65' lang='lat' dir='ltr'><strong>adversarios</strong></span> <span class='ocrx_word' id='word_1_595' title='bbox 667 2023 747 2050; x_wconf 71' lang='lat' dir='ltr'><strong>allici.</strong></span> 
     </span>
    </p>
   </div>
   <div class='ocr_carea' id='block_1_78' title="bbox 239 2070 998 2106">
    <p class='ocr_par' dir='ltr' id='par_1_78' title="bbox 239 2070 998 2106">
     <span class='ocr_line' id='line_1_78' title="bbox 239 2070 998 2106; baseline -0.004 -7"><span class='ocrx_word' id='word_1_596' title='bbox 239 2072 272 2099; x_wconf 82' lang='lat' dir='ltr'><strong>A.</strong></span> <span class='ocrx_word' id='word_1_597' title='bbox 284 2071 319 2098; x_wconf 81' lang='lat' dir='ltr'><strong>At</strong></span> <span class='ocrx_word' id='word_1_598' title='bbox 335 2071 437 2106; x_wconf 83' lang='lat' dir='ltr'><strong>Optime</strong></span> <span class='ocrx_word' id='word_1_599' title='bbox 451 2070 552 2097; x_wconf 92' lang='lat' dir='ltr'><strong>sentire</strong></span> <span class='ocrx_word' id='word_1_600' title='bbox 564 2077 596 2097; x_wconf 86' lang='lat' dir='ltr'><strong>ac</strong></span> <span class='ocrx_word' id='word_1_601' title='bbox 612 2070 717 2097; x_wconf 75' lang='lat' dir='ltr'><strong>diseere</strong></span> <span class='ocrx_word' id='word_1_602' title='bbox 734 2070 825 2104; x_wconf 88' lang='lat' dir='ltr'><strong>utique</strong></span> <span class='ocrx_word' id='word_1_603' title='bbox 852 2077 934 2104; x_wconf 81' lang='lat' dir='ltr'><strong>penes</strong></span> <span class='ocrx_word' id='word_1_604' title='bbox 945 2076 998 2096; x_wconf 86' lang='lat' dir='ltr'><strong>nos</strong></span> 
     </span>
    </p>
   </div>
   <div class='ocr_carea' id='block_1_79' title="bbox 205 2114 997 2152">
    <p class='ocr_par' dir='ltr' id='par_1_79' title="bbox 205 2114 997 2152">
     <span class='ocr_line' id='line_1_79' title="bbox 205 2114 997 2152; baseline -0.004 -9"><span class='ocrx_word' id='word_1_605' title='bbox 205 2118 278 2152; x_wconf 89' lang='lat' dir='ltr'><strong>ipsos</strong></span> <span class='ocrx_word' id='word_1_606' title='bbox 290 2116 352 2148; x_wconf 87' lang='lat' dir='ltr'><strong>erit,</strong></span> <span class='ocrx_word' id='word_1_607' title='bbox 369 2123 457 2150; x_wconf 90' lang='lat' dir='ltr'><strong>neque</strong></span> <span class='ocrx_word' id='word_1_608' title='bbox 472 2114 578 2142; x_wconf 87' lang='lat' dir='ltr'><strong>illorum</strong></span> <span class='ocrx_word' id='word_1_609' title='bbox 593 2114 737 2148; x_wconf 64' lang='lat' dir='ltr'><strong>imperitiae</strong></span> <span class='ocrx_word' id='word_1_610' title='bbox 753 2114 862 2141; x_wconf 90' lang='lat' dir='ltr'><strong>omnino</strong></span> <span class='ocrx_word' id='word_1_611' title='bbox 882 2115 997 2149; x_wconf 86' lang='lat' dir='ltr'><strong>permit-</strong></span> 
     </span>
    </p>
   </div>
   <div class='ocr_carea' id='block_1_80' title="bbox 205 2159 997 2195">
    <p class='ocr_par' dir='ltr' id='par_1_80' title="bbox 205 2159 997 2195">
     <span class='ocr_line' id='line_1_80' title="bbox 205 2159 997 2195; baseline -0.004 -5"><span class='ocrx_word' id='word_1_612' title='bbox 205 2168 291 2190; x_wconf 80' lang='lat' dir='ltr'><strong>tentes</strong></span> <span class='ocrx_word' id='word_1_613' title='bbox 305 2167 430 2189; x_wconf 85' lang='lat' dir='ltr'><strong>eructare</strong></span> <span class='ocrx_word' id='word_1_614' title='bbox 442 2160 514 2195; x_wconf 90' lang='lat' dir='ltr'><strong>quod</strong></span> <span class='ocrx_word' id='word_1_615' title='bbox 525 2159 619 2192; x_wconf 86' lang='lat' dir='ltr'><strong>velint,</strong></span> <span class='ocrx_word' id='word_1_616' title='bbox 634 2160 713 2187; x_wconf 63' lang='lat' dir='ltr'><strong>otiosi</strong></span> <span class='ocrx_word' id='word_1_617' title='bbox 743 2160 896 2188; x_wconf 71' lang='lat' dir='ltr'><strong>sedebintus</strong></span> <span class='ocrx_word' id='word_1_618' title='bbox 911 2168 919 2193; x_wconf 85' lang='lat'><strong>;</strong></span> <span class='ocrx_word' id='word_1_619' title='bbox 949 2160 997 2187; x_wconf 77' lang='lat' dir='ltr'><strong>sed</strong></span> 
     </span>
    </p>
   </div>
   <div class='ocr_carea' id='block_1_81' title="bbox 1088 1975 1847 2012">
    <p class='ocr_par' dir='ltr' id='par_1_81' title="bbox 1088 1975 1847 2012">
     <span class='ocr_line' id='line_1_81' title="bbox 1088 1975 1847 2012; baseline 0.001 -10"><span class='ocrx_word' id='word_1_620' title='bbox 1088 1976 1117 2002; x_wconf 89' lang='grc' dir='ltr'><strong>Β.</strong></span> <span class='ocrx_word' id='word_1_621' title='bbox 1135 1975 1220 2011; x_wconf 79' lang='grc' dir='ltr'>Φαίην</span> <span class='ocrx_word' id='word_1_622' title='bbox 1236 1976 1268 2003; x_wconf 80' lang='grc' dir='ltr'>ἂν</span> <span class='ocrx_word' id='word_1_623' title='bbox 1283 1975 1382 2011; x_wconf 82' lang='grc' dir='ltr'>ἔγωγε,</span> <span class='ocrx_word' id='word_1_624' title='bbox 1400 1976 1469 2012; x_wconf 85' lang='grc' dir='ltr'>πλὴν</span> <span class='ocrx_word' id='word_1_625' title='bbox 1493 1975 1546 2003; x_wconf 75' lang='grc' dir='ltr'>ἴσθι</span> <span class='ocrx_word' id='word_1_626' title='bbox 1563 1984 1604 2002; x_wconf 89' lang='grc' dir='ltr'><strong>τοι</strong></span> <span class='ocrx_word' id='word_1_627' title='bbox 1617 1976 1806 2010; x_wconf 74' lang='grc' dir='ltr'>διακειμένους</span> <span class='ocrx_word' id='word_1_628' title='bbox 1819 1978 1847 2004; x_wconf 70' lang='grc' dir='ltr'>οὗ</span> 
     </span>
    </p>
   </div>
   <div class='ocr_carea' id='block_1_82' title="bbox 1052 2022 1461 2058">
    <p class='ocr_par' dir='ltr' id='par_1_82' title="bbox 1052 2022 1461 2058">
     <span class='ocr_line' id='line_1_82' title="bbox 1052 2022 1461 2058; baseline 0.002 -9"><span class='ocrx_word' id='word_1_629' title='bbox 1052 2022 1113 2050; x_wconf 81' lang='grc' dir='ltr'>καθ’</span> <span class='ocrx_word' id='word_1_630' title='bbox 1128 2023 1202 2058; x_wconf 74' lang='grc' dir='ltr'>ἡμᾶς</span> <span class='ocrx_word' id='word_1_631' title='bbox 1219 2023 1283 2055; x_wconf 74' lang='grc' dir='ltr'>τοὺς</span> <span class='ocrx_word' id='word_1_632' title='bbox 1299 2023 1461 2054; x_wconf 83' lang='grc' dir='ltr'>διεναντίας.</span> 
     </span>
    </p>
   </div>
   <div class='ocr_carea' id='block_1_83' title="bbox 1089 2068 1847 2105">
    <p class='ocr_par' dir='ltr' id='par_1_83' title="bbox 1089 2068 1847 2105">
     <span class='ocr_line' id='line_1_83' title="bbox 1089 2068 1847 2105; baseline 0.004 -10"><span class='ocrx_word' id='word_1_633' title='bbox 1089 2069 1120 2096; x_wconf 72' lang='grc' dir='ltr'>Δ.</span> <span class='ocrx_word' id='word_1_634' title='bbox 1149 2069 1229 2096; x_wconf 82' lang='grc' dir='ltr'>Ἀλλὰ</span> <span class='ocrx_word' id='word_1_635' title='bbox 1252 2069 1282 2096; x_wconf 80' lang='grc' dir='ltr'>τό</span> <span class='ocrx_word' id='word_1_636' title='bbox 1303 2078 1334 2104; x_wconf 89' lang='grc' dir='ltr'><strong>γε</strong></span> <span class='ocrx_word' id='word_1_637' title='bbox 1358 2068 1396 2101; x_wconf 85' lang='grc' dir='ltr'>ὠς</span> <span class='ocrx_word' id='word_1_638' title='bbox 1415 2069 1514 2104; x_wconf 82' lang='grc' dir='ltr'>ἄριστα</span> <span class='ocrx_word' id='word_1_639' title='bbox 1540 2071 1649 2105; x_wconf 80' lang='grc' dir='ltr'>φρονεῖν</span> <span class='ocrx_word' id='word_1_640' title='bbox 1669 2069 1779 2097; x_wconf 75' lang='grc' dir='ltr'>ἑλέσθαι</span> <span class='ocrx_word' id='word_1_641' title='bbox 1805 2072 1847 2098; x_wconf 73' lang='grc' dir='ltr'><strong>καί</strong></span> 
     </span>
    </p>
   </div>
   <div class='ocr_carea' id='block_1_84' title="bbox 1053 2114 1846 2150">
    <p class='ocr_par' dir='ltr' id='par_1_84' title="bbox 1053 2114 1846 2150">
     <span class='ocr_line' id='line_1_84' title="bbox 1053 2114 1846 2150; baseline 0.001 -8"><span class='ocrx_word' id='word_1_642' title='bbox 1053 2115 1160 2150; x_wconf 83' lang='grc' dir='ltr'>μαθεῖν,</span> <span class='ocrx_word' id='word_1_643' title='bbox 1178 2114 1300 2142; x_wconf 81' lang='grc' dir='ltr'>κείσεταί</span> <span class='ocrx_word' id='word_1_644' title='bbox 1317 2123 1368 2141; x_wconf 87' lang='grc' dir='ltr'><strong>που</strong></span> <span class='ocrx_word' id='word_1_645' title='bbox 1382 2115 1491 2146; x_wconf 80' lang='grc' dir='ltr'>πάντως</span> <span class='ocrx_word' id='word_1_646' title='bbox 1504 2115 1547 2149; x_wconf 77' lang='grc' dir='ltr'><strong>ἐφ’</strong></span> <span class='ocrx_word' id='word_1_647' title='bbox 1562 2115 1628 2150; x_wconf 74' lang='grc' dir='ltr'>ἡμῖν</span> <span class='ocrx_word' id='word_1_648' title='bbox 1642 2115 1746 2148; x_wconf 71' lang='grc' dir='ltr'>αὐτοῖς,</span> <span class='ocrx_word' id='word_1_649' title='bbox 1763 2117 1806 2143; x_wconf 72' lang='grc' dir='ltr'>καὶ</span> <span class='ocrx_word' id='word_1_650' title='bbox 1818 2118 1846 2143; x_wconf 77' lang='grc' dir='ltr'>οὺ</span> 
     </span>
    </p>
   </div>
   <div class='ocr_carea' id='block_1_85' title="bbox 1051 2160 1848 2196">
    <p class='ocr_par' dir='ltr' id='par_1_85' title="bbox 1051 2160 1848 2196">
     <span class='ocr_line' id='line_1_85' title="bbox 1051 2160 1848 2196; baseline 0.001 -9"><span class='ocrx_word' id='word_1_651' title='bbox 1051 2161 1110 2192; x_wconf 86' lang='grc' dir='ltr'>ταῖς</span> <span class='ocrx_word' id='word_1_652' title='bbox 1122 2161 1233 2187; x_wconf 77' lang='grc' dir='ltr'>ἐκείνων</span> <span class='ocrx_word' id='word_1_653' title='bbox 1247 2160 1333 2192; x_wconf 76' lang='grc' dir='ltr'>Θείαις</span> <span class='ocrx_word' id='word_1_654' title='bbox 1345 2160 1383 2195; x_wconf 69' lang='grc' dir='ltr'><strong>(Ξ)</strong></span> <span class='ocrx_word' id='word_1_655' title='bbox 1399 2161 1510 2195; x_wconf 75' lang='grc' dir='ltr'>ἐφέντες</span> <span class='ocrx_word' id='word_1_656' title='bbox 1531 2160 1626 2191; x_wconf 78' lang='grc' dir='ltr'>ἁπλῶς</span> <span class='ocrx_word' id='word_1_657' title='bbox 1643 2161 1803 2196; x_wconf 74' lang='grc' dir='ltr'>ὲρεύγεπθαι</span> <span class='ocrx_word' id='word_1_658' title='bbox 1821 2160 1848 2188; x_wconf 70' lang='grc' dir='ltr'><strong>τὸ</strong></span> 
     </span>
    </p>
   </div>
   <div class='ocr_carea' id='block_1_86' title="bbox 204 2205 997 2248">
    <p class='ocr_par' dir='ltr' id='par_1_86' title="bbox 204 2205 997 2243">
     <span class='ocr_line' id='line_1_86' title="bbox 204 2205 997 2243; baseline -0.005 -7"><span class='ocrx_word' id='word_1_659' title='bbox 204 2208 323 2243; x_wconf 82' lang='lat' dir='ltr'><strong>undique</strong></span> <span class='ocrx_word' id='word_1_660' title='bbox 344 2215 393 2242; x_wconf 90' lang='lat' dir='ltr'><strong>pro</strong></span> <span class='ocrx_word' id='word_1_661' title='bbox 407 2206 477 2234; x_wconf 84' lang='lat' dir='ltr'><strong>virili</strong></span> <span class='ocrx_word' id='word_1_662' title='bbox 502 2205 618 2240; x_wconf 78' lang='lat' dir='ltr'><strong>repulsis</strong></span> <span class='ocrx_word' id='word_1_663' title='bbox 640 2211 773 2240; x_wconf 66' lang='grc' dir='ltr'>μεθίει-ναξ</span> <span class='ocrx_word' id='word_1_664' title='bbox 799 2207 897 2233; x_wconf 85' lang='lat' dir='ltr'><strong>mentis</strong></span> <span class='ocrx_word' id='word_1_665' title='bbox 922 2213 997 2234; x_wconf 90' lang='lat' dir='ltr'><strong>com-</strong></span> 
     </span>
    </p>
   </div>
   <div class='ocr_carea' id='block_1_87' title="bbox 1053 2205 1848 2248">
    <p class='ocr_par' dir='ltr' id='par_1_87' title="bbox 1053 2206 1848 2243">
     <span class='ocr_line' id='line_1_87' title="bbox 1053 2206 1848 2243; baseline 0 -10"><span class='ocrx_word' id='word_1_666' title='bbox 1053 2207 1155 2238; x_wconf 77' lang='grc' dir='ltr'>δοκοῦν,</span> <span class='ocrx_word' id='word_1_667' title='bbox 1169 2207 1256 2243; x_wconf 78' lang='grc' dir='ltr'>ἡσυχῆ</span> <span class='ocrx_word' id='word_1_668' title='bbox 1271 2206 1469 2242; x_wconf 80' lang='grc' dir='ltr'>καθεδούμεθα·</span> <span class='ocrx_word' id='word_1_669' title='bbox 1489 2208 1729 2243; x_wconf 76' lang='grc' dir='ltr'>παρακρουόμενοι</span> <span class='ocrx_word' id='word_1_670' title='bbox 1743 2209 1770 2235; x_wconf 82' lang='grc' dir='ltr'>δὲ</span> <span class='ocrx_word' id='word_1_671' title='bbox 1787 2218 1848 2235; x_wconf 71' lang='grc' dir='ltr'>παν-</span> 
     </span>
    </p>
   </div>
   <div class='ocr_carea' id='block_1_88' title="bbox 205 2252 997 2288">
    <p class='ocr_par' dir='ltr' id='par_1_88' title="bbox 205 2252 997 2288">
     <span class='ocr_line' id='line_1_88' title="bbox 205 2252 997 2288; baseline -0.004 -6"><span class='ocrx_word' id='word_1_672' title='bbox 205 2255 313 2287; x_wconf 82' lang='lat' dir='ltr'><strong>nientis,</strong></span> <span class='ocrx_word' id='word_1_673' title='bbox 329 2261 360 2281; x_wconf 80' lang='lat' dir='ltr'><strong>ac</strong></span> <span class='ocrx_word' id='word_1_674' title='bbox 379 2259 510 2288; x_wconf 74' lang='lat' dir='ltr'><strong>generose</strong></span> <span class='ocrx_word' id='word_1_675' title='bbox 531 2252 668 2286; x_wconf 86' lang='lat' dir='ltr'><strong>superatis</strong></span> <span class='ocrx_word' id='word_1_676' title='bbox 697 2252 792 2279; x_wconf 78' lang='lat' dir='ltr'><strong>nefarii</strong></span> <span class='ocrx_word' id='word_1_677' title='bbox 807 2253 940 2279; x_wconf 76' lang='lat' dir='ltr'><strong>mendacii</strong></span> <span class='ocrx_word' id='word_1_678' title='bbox 958 2252 997 2279; x_wconf 89' lang='lat' dir='ltr'><strong>la-</strong></span> 
     </span>
    </p>
   </div>
   <div class='ocr_carea' id='block_1_89' title="bbox 204 2296 998 2334">
    <p class='ocr_par' dir='ltr' id='par_1_89' title="bbox 204 2296 998 2334">
     <span class='ocr_line' id='line_1_89' title="bbox 204 2296 998 2334; baseline 0 -10"><span class='ocrx_word' id='word_1_679' title='bbox 204 2300 292 2334; x_wconf 84' lang='lat' dir='ltr'><strong>queis,</strong></span> <span class='ocrx_word' id='word_1_680' title='bbox 303 2300 373 2333; x_wconf 86' lang='lat' dir='ltr'><strong>apud</strong></span> <span class='ocrx_word' id='word_1_681' title='bbox 394 2305 443 2325; x_wconf 89' lang='lat' dir='ltr'><strong>nos</strong></span> <span class='ocrx_word' id='word_1_682' title='bbox 471 2304 644 2324; x_wconf 66' lang='lat' dir='ltr'><strong>cancmusu</strong></span> <span class='ocrx_word' id='word_1_683' title='bbox 678 2296 839 2325; x_wconf 82' lang='lat' dir='ltr'><strong>Benedictus</strong></span> <span class='ocrx_word' id='word_1_684' title='bbox 868 2297 998 2326; x_wconf 82' lang='lat' dir='ltr'><strong>Dominus</strong></span> 
     </span>
    </p>
   </div>
   <div class='ocr_carea' id='block_1_90' title="bbox 204 2342 994 2381">
    <p class='ocr_par' dir='ltr' id='par_1_90' title="bbox 204 2342 994 2381">
     <span class='ocr_line' id='line_1_90' title="bbox 204 2342 994 2381; baseline -0.005 -8"><span class='ocrx_word' id='word_1_685' title='bbox 204 2346 249 2381; x_wconf 82' lang='lat' dir='ltr'><strong>qui</strong></span> <span class='ocrx_word' id='word_1_686' title='bbox 263 2353 314 2372; x_wconf 90' lang='lat' dir='ltr'><strong>non</strong></span> <span class='ocrx_word' id='word_1_687' title='bbox 327 2344 456 2371; x_wconf 72' lang='lat' dir='ltr'><strong>dedituros</strong></span> <span class='ocrx_word' id='word_1_688' title='bbox 469 2343 494 2369; x_wconf 93' lang='lat' dir='ltr'><strong>in</strong></span> <span class='ocrx_word' id='word_1_689' title='bbox 511 2342 662 2377; x_wconf 84' lang='lat' dir='ltr'><strong>captionem</strong></span> <span class='ocrx_word' id='word_1_690' title='bbox 678 2343 805 2370; x_wconf 82' lang='lat' dir='ltr'><strong>dentibus</strong></span> <span class='ocrx_word' id='word_1_691' title='bbox 830 2351 924 2371; x_wconf 84' lang='lat' dir='ltr'><strong>eorum</strong></span> <span class='ocrx_word' id='word_1_692' title='bbox 937 2343 970 2370; x_wconf 84' lang='lat'><strong>&quot;.</strong></span> <span class='ocrx_word' id='word_1_693' title='bbox 985 2352 994 2368; x_wconf 77' lang='grc' dir='ltr'><strong>ι</strong></span> 
     </span>
    </p>
   </div>
   <div class='ocr_carea' id='block_1_91' title="bbox 204 2387 995 2424">
    <p class='ocr_par' dir='ltr' id='par_1_91' title="bbox 204 2387 995 2424">
     <span class='ocr_line' id='line_1_91' title="bbox 204 2387 995 2424; baseline -0.004 -6"><span class='ocrx_word' id='word_1_694' title='bbox 204 2391 270 2418; x_wconf 82' lang='lat' dir='ltr'><strong>Cum</strong></span> <span class='ocrx_word' id='word_1_695' title='bbox 282 2395 384 2421; x_wconf 87' lang='lat' dir='ltr'><strong>autem,</strong></span> <span class='ocrx_word' id='word_1_696' title='bbox 398 2393 428 2416; x_wconf 89' lang='lat' dir='ltr'><strong>ut</strong></span> <span class='ocrx_word' id='word_1_697' title='bbox 443 2388 469 2416; x_wconf 86' lang='lat' dir='ltr'><strong>in</strong></span> <span class='ocrx_word' id='word_1_698' title='bbox 484 2387 693 2416; x_wconf 81' lang='lat' dir='ltr'><strong>Prm&#39;erbiorum</strong></span> <span class='ocrx_word' id='word_1_699' title='bbox 710 2389 778 2416; x_wconf 91' lang='lat' dir='ltr'><strong>libro</strong></span> <span class='ocrx_word' id='word_1_700' title='bbox 795 2389 925 2424; x_wconf 87' lang='lat' dir='ltr'><strong>scriptnnt</strong></span> <span class='ocrx_word' id='word_1_701' title='bbox 943 2393 995 2420; x_wconf 86' lang='lat' dir='ltr'><strong>cst,</strong></span> 
     </span>
    </p>
   </div>
   <div class='ocr_carea' id='block_1_92' title="bbox 203 2433 995 2471">
    <p class='ocr_par' dir='ltr' id='par_1_92' title="bbox 203 2433 995 2471">
     <span class='ocr_line' id='line_1_92' title="bbox 203 2433 995 2471; baseline -0.004 -8"><span class='ocrx_word' id='word_1_702' title='bbox 203 2437 355 2471; x_wconf 79' lang='lat' dir='ltr'><strong>gubernem</strong></span> <span class='ocrx_word' id='word_1_703' title='bbox 373 2434 446 2469; x_wconf 89' lang='lat' dir='ltr'><strong>impii</strong></span> <span class='ocrx_word' id='word_1_704' title='bbox 464 2433 541 2462; x_wconf 88' lang='lat' dir='ltr'><strong>dolos</strong></span> <span class='ocrx_word' id='word_1_705' title='bbox 552 2433 586 2468; x_wconf 85' lang='grc'><strong>³⁸,</strong></span> <span class='ocrx_word' id='word_1_706' title='bbox 605 2441 664 2470; x_wconf 79' lang='lat' dir='ltr'><strong>age,</strong></span> <span class='ocrx_word' id='word_1_707' title='bbox 677 2434 798 2462; x_wconf 85' lang='lat' dir='ltr'><strong>dicamus</strong></span> <span class='ocrx_word' id='word_1_708' title='bbox 810 2434 911 2468; x_wconf 88' lang='lat' dir='ltr'><strong>aliquid</strong></span> <span class='ocrx_word' id='word_1_709' title='bbox 924 2435 995 2468; x_wconf 86' lang='lat' dir='ltr'><strong>quod</strong></span> 
     </span>
    </p>
   </div>
   <div class='ocr_carea' id='block_1_93' title="bbox 203 2479 996 2516">
    <p class='ocr_par' dir='ltr' id='par_1_93' title="bbox 203 2479 996 2516">
     <span class='ocr_line' id='line_1_93' title="bbox 203 2479 996 2516; baseline -0.003 -8"><span class='ocrx_word' id='word_1_710' title='bbox 203 2481 371 2509; x_wconf 71' lang='lat' dir='ltr'><strong>auditoribus</strong></span> <span class='ocrx_word' id='word_1_711' title='bbox 392 2480 534 2513; x_wconf 82' lang='lat' dir='ltr'><strong>conducat,</strong></span> <span class='ocrx_word' id='word_1_712' title='bbox 547 2485 574 2508; x_wconf 87' lang='lat' dir='ltr'><strong>et</strong></span> <span class='ocrx_word' id='word_1_713' title='bbox 589 2488 619 2508; x_wconf 85' lang='lat' dir='ltr'><strong>ea</strong></span> <span class='ocrx_word' id='word_1_714' title='bbox 634 2488 681 2515; x_wconf 89' lang='lat' dir='ltr'><strong>per</strong></span> <span class='ocrx_word' id='word_1_715' title='bbox 694 2487 756 2516; x_wconf 78' lang='lat' dir='ltr'><strong>qua:</strong></span> <span class='ocrx_word' id='word_1_716' title='bbox 785 2480 891 2508; x_wconf 79' lang='lat' dir='ltr'><strong>fraudis</strong></span> <span class='ocrx_word' id='word_1_717' title='bbox 910 2479 996 2507; x_wconf 86' lang='lat' dir='ltr'><strong>insul-</strong></span> 
     </span>
    </p>
   </div>
   <div class='ocr_carea' id='block_1_94' title="bbox 204 2526 997 2562">
    <p class='ocr_par' dir='ltr' id='par_1_94' title="bbox 204 2526 997 2562">
     <span class='ocr_line' id='line_1_94' title="bbox 204 2526 997 2562; baseline -0.003 -8"><span class='ocrx_word' id='word_1_718' title='bbox 204 2533 260 2554; x_wconf 92' lang='lat' dir='ltr'><strong>tum</strong></span> <span class='ocrx_word' id='word_1_719' title='bbox 285 2533 415 2562; x_wconf 81' lang='lat' dir='ltr'><strong>generose</strong></span> <span class='ocrx_word' id='word_1_720' title='bbox 430 2532 531 2562; x_wconf 89' lang='lat' dir='ltr'><strong>queant</strong></span> <span class='ocrx_word' id='word_1_721' title='bbox 550 2527 688 2562; x_wconf 81' lang='lat' dir='ltr'><strong>repellere.</strong></span> <span class='ocrx_word' id='word_1_722' title='bbox 702 2527 786 2562; x_wconf 80' lang='lat' dir='ltr'><strong>Igitur</strong></span> <span class='ocrx_word' id='word_1_723' title='bbox 804 2527 910 2554; x_wconf 84' lang='lat' dir='ltr'><strong>divinus</strong></span> <span class='ocrx_word' id='word_1_724' title='bbox 926 2526 997 2553; x_wconf 82' lang='lat' dir='ltr'><strong>Pan-</strong></span> 
     </span>
    </p>
   </div>
   <div class='ocr_carea' id='block_1_95' title="bbox 203 2572 992 2608">
    <p class='ocr_par' dir='ltr' id='par_1_95' title="bbox 203 2572 992 2608">
     <span class='ocr_line' id='line_1_95' title="bbox 203 2572 992 2608; baseline -0.001 -8"><span class='ocrx_word' id='word_1_725' title='bbox 203 2574 244 2600; x_wconf 87' lang='lat' dir='ltr'><strong>lus</strong></span> <span class='ocrx_word' id='word_1_726' title='bbox 259 2573 292 2600; x_wconf 88' lang='lat' dir='ltr'><strong>iis</strong></span> <span class='ocrx_word' id='word_1_727' title='bbox 301 2573 346 2608; x_wconf 92' lang='lat' dir='ltr'><strong>qui</strong></span> <span class='ocrx_word' id='word_1_728' title='bbox 361 2572 387 2600; x_wconf 89' lang='lat' dir='ltr'><strong>in</strong></span> <span class='ocrx_word' id='word_1_729' title='bbox 404 2574 455 2600; x_wconf 91' lang='lat' dir='ltr'><strong>lide</strong></span> <span class='ocrx_word' id='word_1_730' title='bbox 487 2578 549 2601; x_wconf 87' lang='lat' dir='ltr'><strong>sunt</strong></span> <span class='ocrx_word' id='word_1_731' title='bbox 577 2573 730 2608; x_wconf 81' lang='lat' dir='ltr'><strong>justiﬂcati,</strong></span> <span class='ocrx_word' id='word_1_732' title='bbox 745 2579 773 2602; x_wconf 92' lang='lat' dir='ltr'><strong>et</strong></span> <span class='ocrx_word' id='word_1_733' title='bbox 787 2573 948 2608; x_wconf 68' lang='lat' dir='ltr'><strong>praeclaram</strong></span> <span class='ocrx_word' id='word_1_734' title='bbox 966 2573 992 2599; x_wconf 92' lang='lat' dir='ltr'><strong>in</strong></span> 
     </span>
    </p>
   </div>
   <div class='ocr_carea' id='block_1_96' title="bbox 202 2618 993 2654">
    <p class='ocr_par' dir='ltr' id='par_1_96' title="bbox 202 2618 993 2654">
     <span class='ocr_line' id='line_1_96' title="bbox 202 2618 993 2654; baseline -0.003 -8"><span class='ocrx_word' id='word_1_735' title='bbox 202 2619 254 2646; x_wconf 87' lang='lat' dir='ltr'><strong>huc</strong></span> <span class='ocrx_word' id='word_1_736' title='bbox 264 2627 339 2654; x_wconf 80' lang='lat' dir='ltr'><strong>spem</strong></span> <span class='ocrx_word' id='word_1_737' title='bbox 355 2618 464 2652; x_wconf 86' lang='lat' dir='ltr'><strong>habent,</strong></span> <span class='ocrx_word' id='word_1_738' title='bbox 478 2620 513 2646; x_wconf 88' lang='lat' dir='ltr'><strong>ita</strong></span> <span class='ocrx_word' id='word_1_739' title='bbox 537 2619 630 2646; x_wconf 82' lang='lat' dir='ltr'><strong>scribit</strong></span> <span class='ocrx_word' id='word_1_740' title='bbox 642 2627 648 2645; x_wconf 88' lang='lat'><strong><em>:</em></strong></span> <span class='ocrx_word' id='word_1_741' title='bbox 662 2629 670 2645; x_wconf 78' lang='grc' dir='ltr'><strong>ι</strong></span> <span class='ocrx_word' id='word_1_742' title='bbox 689 2618 782 2654; x_wconf 84' lang='lat' dir='ltr'><strong>Itaque</strong></span> <span class='ocrx_word' id='word_1_743' title='bbox 806 2626 917 2654; x_wconf 83' lang='lat' dir='ltr'><strong>regnum</strong></span> <span class='ocrx_word' id='word_1_744' title='bbox 943 2618 993 2645; x_wconf 88' lang='lat' dir='ltr'><strong>im-</strong></span> 
     </span>
    </p>
   </div>
   <div class='ocr_carea' id='block_1_97' title="bbox 202 2664 992 2699">
    <p class='ocr_par' dir='ltr' id='par_1_97' title="bbox 202 2664 992 2699">
     <span class='ocr_line' id='line_1_97' title="bbox 202 2664 992 2699; baseline -0.004 -7"><span class='ocrx_word' id='word_1_745' title='bbox 202 2665 301 2692; x_wconf 84' lang='lat' dir='ltr'><strong>mobile</strong></span> <span class='ocrx_word' id='word_1_746' title='bbox 312 2665 492 2699; x_wconf 86' lang='lat' dir='ltr'><strong>suscipientes</strong></span> <span class='ocrx_word' id='word_1_747' title='bbox 522 2665 653 2692; x_wconf 87' lang='lat' dir='ltr'><strong>habemus</strong></span> <span class='ocrx_word' id='word_1_748' title='bbox 684 2664 810 2699; x_wconf 78' lang='lat' dir='ltr'><strong>gratiam,</strong></span> <span class='ocrx_word' id='word_1_749' title='bbox 837 2671 886 2698; x_wconf 81' lang='lat' dir='ltr'><strong>per</strong></span> <span class='ocrx_word' id='word_1_750' title='bbox 912 2670 992 2698; x_wconf 86' lang='lat' dir='ltr'><strong>quam</strong></span> 
     </span>
    </p>
   </div>
   <div class='ocr_carea' id='block_1_98' title="bbox 201 2710 994 2745">
    <p class='ocr_par' dir='ltr' id='par_1_98' title="bbox 201 2710 994 2745">
     <span class='ocr_line' id='line_1_98' title="bbox 201 2710 994 2745; baseline -0.003 -8"><span class='ocrx_word' id='word_1_751' title='bbox 201 2710 350 2737; x_wconf 79' lang='lat' dir='ltr'><strong>serviamus</strong></span> <span class='ocrx_word' id='word_1_752' title='bbox 366 2710 503 2745; x_wconf 82' lang='lat' dir='ltr'><strong>placentes</strong></span> <span class='ocrx_word' id='word_1_753' title='bbox 524 2710 592 2744; x_wconf 83' lang='lat' dir='ltr'><strong>Deo,</strong></span> <span class='ocrx_word' id='word_1_754' title='bbox 620 2717 682 2737; x_wconf 88' lang='lat' dir='ltr'><strong>cum</strong></span> <span class='ocrx_word' id='word_1_755' title='bbox 719 2714 792 2736; x_wconf 89' lang='lat' dir='ltr'><strong>metu</strong></span> <span class='ocrx_word' id='word_1_756' title='bbox 820 2713 846 2735; x_wconf 83' lang='lat' dir='ltr'><strong>et</strong></span> <span class='ocrx_word' id='word_1_757' title='bbox 867 2715 994 2736; x_wconf 85' lang='lat' dir='ltr'><strong>reveren-</strong></span> 
     </span>
    </p>
   </div>
   <div class='ocr_carea' id='block_1_99' title="bbox 234 2794 1008 2834">
    <p class='ocr_par' dir='ltr' id='par_1_99' title="bbox 234 2794 1008 2834">
     <span class='ocr_line' id='line_1_99' title="bbox 234 2794 1008 2834; baseline -0.001 -8"><span class='ocrx_word' id='word_1_758' title='bbox 234 2799 255 2815; x_wconf 77' lang='grc'><strong>³³</strong></span> <span class='ocrx_word' id='word_1_759' title='bbox 270 2799 319 2827; x_wconf 84' lang='lat' dir='ltr'><strong>Job</strong></span> <span class='ocrx_word' id='word_1_760' title='bbox 336 2808 381 2831; x_wconf 81' lang='lat' dir='ltr'><strong>xv,</strong></span> <span class='ocrx_word' id='word_1_761' title='bbox 398 2799 443 2827; x_wconf 74' lang='lat'><strong>52.</strong></span> <span class='ocrx_word' id='word_1_762' title='bbox 483 2799 505 2815; x_wconf 84' lang='grc'><strong>³¹</strong></span> <span class='ocrx_word' id='word_1_763' title='bbox 521 2799 592 2828; x_wconf 81' lang='lat' dir='ltr'><strong>Psal.</strong></span> <span class='ocrx_word' id='word_1_764' title='bbox 605 2806 680 2834; x_wconf 69' lang='lat' dir='ltr'><strong>XLIV,</strong></span> <span class='ocrx_word' id='word_1_765' title='bbox 695 2794 723 2826; x_wconf 62' lang='lat'><strong>7.</strong></span> <span class='ocrx_word' id='word_1_766' title='bbox 754 2798 776 2814; x_wconf 74' lang='grc'><strong>³³</strong></span> <span class='ocrx_word' id='word_1_767' title='bbox 787 2798 853 2826; x_wconf 89' lang='lat' dir='ltr'><strong>Luc.</strong></span> <span class='ocrx_word' id='word_1_768' title='bbox 869 2805 888 2831; x_wconf 87' lang='grc' dir='ltr'><strong>ι,</strong></span> <span class='ocrx_word' id='word_1_769' title='bbox 913 2798 1008 2826; x_wconf 78' lang='lat'><strong>50-55.</strong></span> 
     </span>
    </p>
   </div>
   <div class='ocr_carea' id='block_1_100' title="bbox 233 2889 488 2924">
    <p class='ocr_par' dir='ltr' id='par_1_100' title="bbox 233 2889 488 2924">
     <span class='ocr_line' id='line_1_100' title="bbox 233 2889 488 2924; baseline 0.008 -9"><span class='ocrx_word' id='word_1_770' title='bbox 233 2889 271 2924; x_wconf 77' lang='lat'><strong>(1.)</strong></span> <span class='ocrx_word' id='word_1_771' title='bbox 290 2889 393 2917; x_wconf 83' lang='lat' dir='ltr'><strong>Forsan</strong></span> <span class='ocrx_word' id='word_1_772' title='bbox 408 2889 488 2917; x_wconf 80' lang='grc' dir='ltr'>κατά.</span> 
     </span>
    </p>
   </div>
   <div class='ocr_carea' id='block_1_101' title="bbox 1051 2253 1847 2290">
    <p class='ocr_par' dir='ltr' id='par_1_101' title="bbox 1051 2253 1847 2290">
     <span class='ocr_line' id='line_1_101' title="bbox 1051 2253 1847 2290; baseline 0.003 -11"><span class='ocrx_word' id='word_1_773' title='bbox 1051 2253 1133 2288; x_wconf 83' lang='grc' dir='ltr'>ταχῆ,</span> <span class='ocrx_word' id='word_1_774' title='bbox 1164 2254 1235 2280; x_wconf 84' lang='grc' dir='ltr'>κατά</span> <span class='ocrx_word' id='word_1_775' title='bbox 1249 2261 1281 2287; x_wconf 89' lang='grc' dir='ltr'><strong>γε</strong></span> <span class='ocrx_word' id='word_1_776' title='bbox 1298 2254 1329 2280; x_wconf 79' lang='grc' dir='ltr'>τὸ</span> <span class='ocrx_word' id='word_1_777' title='bbox 1348 2254 1470 2287; x_wconf 77' lang='grc' dir='ltr'>ἐφικτὸν,</span> <span class='ocrx_word' id='word_1_778' title='bbox 1488 2254 1522 2281; x_wconf 73' lang='grc' dir='ltr'><strong>τὰ</strong></span> <span class='ocrx_word' id='word_1_779' title='bbox 1542 2254 1571 2287; x_wconf 83' lang='grc' dir='ltr'>ἐξ</span> <span class='ocrx_word' id='word_1_780' title='bbox 1587 2255 1734 2281; x_wconf 73' lang='grc' dir='ltr'>ἀλλοκότου</span> <span class='ocrx_word' id='word_1_781' title='bbox 1756 2256 1847 2290; x_wconf 70' lang='grc' dir='ltr'>φρενὸς</span> 
     </span>
    </p>
   </div>
   <div class='ocr_carea' id='block_1_102' title="bbox 1050 2298 1847 2336">
    <p class='ocr_par' dir='ltr' id='par_1_102' title="bbox 1050 2298 1847 2336">
     <span class='ocr_line' id='line_1_102' title="bbox 1050 2298 1847 2336; baseline 0.003 -12"><span class='ocrx_word' id='word_1_782' title='bbox 1050 2298 1204 2333; x_wconf 76' lang='grc' dir='ltr'>εὑρήματα,</span> <span class='ocrx_word' id='word_1_783' title='bbox 1233 2299 1281 2325; x_wconf 75' lang='grc' dir='ltr'>καὶ</span> <span class='ocrx_word' id='word_1_784' title='bbox 1311 2299 1442 2330; x_wconf 82' lang='grc' dir='ltr'>νεανικῶς</span> <span class='ocrx_word' id='word_1_785' title='bbox 1470 2299 1651 2336; x_wconf 82' lang='grc' dir='ltr'>ὑπερθέοντες</span> <span class='ocrx_word' id='word_1_786' title='bbox 1685 2300 1717 2326; x_wconf 71' lang='grc' dir='ltr'><strong>τὸ</strong></span> <span class='ocrx_word' id='word_1_787' title='bbox 1751 2300 1847 2326; x_wconf 80' lang='grc' dir='ltr'>ἁλῶναι</span> 
     </span>
    </p>
   </div>
   <div class='ocr_carea' id='block_1_103' title="bbox 1050 2342 1847 2380">
    <p class='ocr_par' dir='ltr' id='par_1_103' title="bbox 1050 2342 1847 2380">
     <span class='ocr_line' id='line_1_103' title="bbox 1050 2342 1847 2380; baseline 0.004 -12"><span class='ocrx_word' id='word_1_788' title='bbox 1050 2342 1158 2377; x_wconf 76' lang='grc' dir='ltr'>βρόχοις</span> <span class='ocrx_word' id='word_1_789' title='bbox 1185 2342 1235 2378; x_wconf 86' lang='grc' dir='ltr'>τῆς</span> <span class='ocrx_word' id='word_1_790' title='bbox 1263 2342 1418 2379; x_wconf 81' lang='grc' dir='ltr'>βωμολόχου</span> <span class='ocrx_word' id='word_1_791' title='bbox 1446 2343 1640 2379; x_wconf 75' lang='grc' dir='ltr'>ψευδομυοίας,</span> <span class='ocrx_word' id='word_1_792' title='bbox 1671 2345 1715 2380; x_wconf 74' lang='grc' dir='ltr'><strong>ἐφ’</strong></span> <span class='ocrx_word' id='word_1_793' title='bbox 1748 2346 1847 2376; x_wconf 78' lang='grc' dir='ltr'>ἐαυτιῖς</span> 
     </span>
    </p>
   </div>
   <div class='ocr_carea' id='block_1_104' title="bbox 1049 2387 1846 2424">
    <p class='ocr_par' dir='ltr' id='par_1_104' title="bbox 1049 2387 1846 2424">
     <span class='ocr_line' id='line_1_104' title="bbox 1049 2387 1846 2424; baseline 0.004 -11"><span class='ocrx_word' id='word_1_794' title='bbox 1049 2387 1257 2422; x_wconf 67' lang='grc' dir='ltr'>ἁναμέλψομεψ</span> <span class='ocrx_word' id='word_1_795' title='bbox 1280 2398 1289 2414; x_wconf 75' lang='grc' dir='ltr'><strong>ι</strong></span> <span class='ocrx_word' id='word_1_796' title='bbox 1313 2389 1464 2424; x_wconf 71' lang='grc' dir='ltr'>Εὐλογητὸς</span> <span class='ocrx_word' id='word_1_797' title='bbox 1494 2390 1606 2423; x_wconf 82' lang='grc' dir='ltr'>Κύριος,</span> <span class='ocrx_word' id='word_1_798' title='bbox 1629 2390 1658 2422; x_wconf 81' lang='grc' dir='ltr'>ὃς</span> <span class='ocrx_word' id='word_1_799' title='bbox 1682 2391 1732 2418; x_wconf 66' lang='grc' dir='ltr'>οὐκ</span> <span class='ocrx_word' id='word_1_800' title='bbox 1754 2392 1846 2418; x_wconf 81' lang='grc' dir='ltr'>ἔδωκεν</span> 
     </span>
    </p>
   </div>
   <div class='ocr_carea' id='block_1_105' title="bbox 1049 2433 1846 2472">
    <p class='ocr_par' dir='ltr' id='par_1_105' title="bbox 1049 2433 1846 2472">
     <span class='ocr_line' id='line_1_105' title="bbox 1049 2433 1846 2472; baseline 0.005 -13"><span class='ocrx_word' id='word_1_801' title='bbox 1049 2433 1122 2467; x_wconf 84' lang='grc' dir='ltr'>ἡμᾶς</span> <span class='ocrx_word' id='word_1_802' title='bbox 1137 2433 1176 2465; x_wconf 80' lang='grc' dir='ltr'><strong>εἰς</strong></span> <span class='ocrx_word' id='word_1_803' title='bbox 1189 2433 1275 2468; x_wconf 84' lang='grc' dir='ltr'>θήραν</span> <span class='ocrx_word' id='word_1_804' title='bbox 1289 2435 1346 2466; x_wconf 83' lang='grc' dir='ltr'>τοῖς</span> <span class='ocrx_word' id='word_1_805' title='bbox 1362 2434 1467 2461; x_wconf 78' lang='grc' dir='ltr'>ὀδοῦσιν</span> <span class='ocrx_word' id='word_1_806' title='bbox 1483 2435 1582 2462; x_wconf 71' lang='grc' dir='ltr'>αὐτῶν.</span> <span class='ocrx_word' id='word_1_807' title='bbox 1600 2446 1609 2461; x_wconf 78' lang='grc' dir='ltr'><strong>ι</strong></span> <span class='ocrx_word' id='word_1_808' title='bbox 1633 2436 1746 2472; x_wconf 77' lang='grc' dir='ltr'>Ἐπειδὴ</span> <span class='ocrx_word' id='word_1_809' title='bbox 1763 2437 1800 2469; x_wconf 84' lang='grc' dir='ltr'>δὲ,</span> <span class='ocrx_word' id='word_1_810' title='bbox 1813 2438 1846 2469; x_wconf 82' lang='grc' dir='ltr'>ὡς</span> 
     </span>
    </p>
   </div>
   <div class='ocr_carea' id='block_1_106' title="bbox 1051 2479 1845 2518">
    <p class='ocr_par' dir='ltr' id='par_1_106' title="bbox 1051 2479 1845 2518">
     <span class='ocr_line' id='line_1_106' title="bbox 1051 2479 1845 2518; baseline 0.005 -13"><span class='ocrx_word' id='word_1_811' title='bbox 1051 2479 1117 2512; x_wconf 87' lang='grc' dir='ltr'>γοῦν</span> <span class='ocrx_word' id='word_1_812' title='bbox 1142 2480 1156 2506; x_wconf 76' lang='grc' dir='ltr'><strong>ὁ</strong></span> <span class='ocrx_word' id='word_1_813' title='bbox 1184 2480 1265 2514; x_wconf 72' lang='grc' dir='ltr'>σοφὸς</span> <span class='ocrx_word' id='word_1_814' title='bbox 1304 2481 1353 2507; x_wconf 84' lang='grc' dir='ltr'>καὶ</span> <span class='ocrx_word' id='word_1_815' title='bbox 1379 2480 1568 2516; x_wconf 78' lang='grc' dir='ltr'>παροιμιώδης</span> <span class='ocrx_word' id='word_1_816' title='bbox 1596 2483 1662 2517; x_wconf 83' lang='grc' dir='ltr'>ἡμῖν</span> <span class='ocrx_word' id='word_1_817' title='bbox 1691 2482 1845 2518; x_wconf 64' lang='grc' dir='ltr'>ἐπεφώνησε</span> 
     </span>
    </p>
   </div>
   <div class='ocr_carea' id='block_1_107' title="bbox 1051 2524 1846 2564">
    <p class='ocr_par' dir='ltr' id='par_1_107' title="bbox 1051 2524 1846 2564">
     <span class='ocr_line' id='line_1_107' title="bbox 1051 2524 1846 2564; baseline 0.006 -14"><span class='ocrx_word' id='word_1_818' title='bbox 1051 2524 1139 2559; x_wconf 85' lang='grc' dir='ltr'>λόγος,</span> <span class='ocrx_word' id='word_1_819' title='bbox 1156 2525 1308 2560; x_wconf 78' lang='grc' dir='ltr'>κυὸερνῶσι</span> <span class='ocrx_word' id='word_1_820' title='bbox 1328 2525 1357 2552; x_wconf 75' lang='grc' dir='ltr'>δὲ</span> <span class='ocrx_word' id='word_1_821' title='bbox 1377 2526 1486 2558; x_wconf 80' lang='grc' dir='ltr'>ἀσεϐεῖς</span> <span class='ocrx_word' id='word_1_822' title='bbox 1508 2526 1610 2559; x_wconf 81' lang='grc' dir='ltr'>δόλους,</span> <span class='ocrx_word' id='word_1_823' title='bbox 1636 2528 1705 2563; x_wconf 80' lang='grc' dir='ltr'>φέρε</span> <span class='ocrx_word' id='word_1_824' title='bbox 1728 2527 1846 2564; x_wconf 81' lang='grc' dir='ltr'>λέγωμεν</span> 
     </span>
    </p>
   </div>
   <div class='ocr_carea' id='block_1_108' title="bbox 1046 2571 1845 2608">
    <p class='ocr_par' dir='ltr' id='par_1_108' title="bbox 1046 2571 1845 2608">
     <span class='ocr_line' id='line_1_108' title="bbox 1046 2571 1845 2608; baseline 0.006 -11"><span class='ocrx_word' id='word_1_825' title='bbox 1046 2571 1076 2597; x_wconf 72' lang='grc' dir='ltr'>τὸ</span> <span class='ocrx_word' id='word_1_826' title='bbox 1093 2571 1187 2598; x_wconf 79' lang='grc' dir='ltr'>τελοῦν</span> <span class='ocrx_word' id='word_1_827' title='bbox 1202 2572 1242 2604; x_wconf 83' lang='grc' dir='ltr'><strong>είς</strong></span> <span class='ocrx_word' id='word_1_828' title='bbox 1261 2572 1354 2607; x_wconf 80' lang='grc' dir='ltr'>ὕνησιν</span> <span class='ocrx_word' id='word_1_829' title='bbox 1376 2574 1431 2604; x_wconf 80' lang='grc' dir='ltr'>τοῖς</span> <span class='ocrx_word' id='word_1_830' title='bbox 1450 2573 1673 2608; x_wconf 72' lang='grc' dir='ltr'>ἐντευξομένοις,</span> <span class='ocrx_word' id='word_1_831' title='bbox 1697 2574 1744 2602; x_wconf 70' lang='grc' dir='ltr'><strong>καὶ</strong></span> <span class='ocrx_word' id='word_1_832' title='bbox 1767 2575 1800 2602; x_wconf 74' lang='grc' dir='ltr'><strong>τὰ</strong></span> <span class='ocrx_word' id='word_1_833' title='bbox 1817 2576 1845 2602; x_wconf 80' lang='grc' dir='ltr'>δι’</span> 
     </span>
    </p>
   </div>
   <div class='ocr_carea' id='block_1_109' title="bbox 1046 2614 1845 2658">
    <p class='ocr_par' dir='ltr' id='par_1_109' title="bbox 1046 2614 1845 2658">
     <span class='ocr_line' id='line_1_109' title="bbox 1046 2614 1845 2658; baseline 0.004 -14"><span class='ocrx_word' id='word_1_834' title='bbox 1046 2614 1083 2644; x_wconf 82' lang='grc' dir='ltr'>ὦν</span> <span class='ocrx_word' id='word_1_835' title='bbox 1093 2617 1215 2645; x_wconf 74' lang='grc' dir='ltr'>δύναιντο</span> <span class='ocrx_word' id='word_1_836' title='bbox 1230 2619 1452 2654; x_wconf 79' lang='grc' dir='ltr'>παρακρούεσθαι</span> <span class='ocrx_word' id='word_1_837' title='bbox 1469 2621 1602 2654; x_wconf 83' lang='grc' dir='ltr'>γεννικῶς</span> <span class='ocrx_word' id='word_1_838' title='bbox 1612 2622 1662 2657; x_wconf 84' lang='grc' dir='ltr'>τῆς</span> <span class='ocrx_word' id='word_1_839' title='bbox 1675 2622 1788 2658; x_wconf 73' lang='grc' dir='ltr'>ἀπάτης</span> <span class='ocrx_word' id='word_1_840' title='bbox 1802 2623 1845 2657; x_wconf 72' lang='grc' dir='ltr'><strong>τὴν</strong></span> 
     </span>
    </p>
   </div>
   <div class='ocr_carea' id='block_1_110' title="bbox 1047 2662 1839 2702">
    <p class='ocr_par' dir='ltr' id='par_1_110' title="bbox 1047 2662 1839 2702">
     <span class='ocr_line' id='line_1_110' title="bbox 1047 2662 1839 2702; baseline 0.008 -13"><span class='ocrx_word' id='word_1_841' title='bbox 1047 2662 1153 2697; x_wconf 66' lang='grc' dir='ltr'>ἔφοδον.</span> <span class='ocrx_word' id='word_1_842' title='bbox 1176 2663 1281 2690; x_wconf 82' lang='grc' dir='ltr'>οὐκοῦν</span> <span class='ocrx_word' id='word_1_843' title='bbox 1305 2665 1360 2696; x_wconf 87' lang='grc' dir='ltr'>τοῖς</span> <span class='ocrx_word' id='word_1_844' title='bbox 1386 2666 1414 2691; x_wconf 80' lang='grc' dir='ltr'>ὲν</span> <span class='ocrx_word' id='word_1_845' title='bbox 1436 2665 1527 2692; x_wconf 85' lang='grc' dir='ltr'>πίστει</span> <span class='ocrx_word' id='word_1_846' title='bbox 1549 2666 1786 2702; x_wconf 77' lang='grc' dir='ltr'>δεδικαιωμένοις,</span> <span class='ocrx_word' id='word_1_847' title='bbox 1803 2668 1839 2695; x_wconf 71' lang='grc' dir='ltr'><strong>καέ</strong></span> 
     </span>
    </p>
   </div>
   <div class='ocr_carea' id='block_1_111' title="bbox 1047 2709 1845 2749">
    <p class='ocr_par' dir='ltr' id='par_1_111' title="bbox 1047 2709 1845 2749">
     <span class='ocr_line' id='line_1_111' title="bbox 1047 2709 1845 2749; baseline 0.008 -14"><span class='ocrx_word' id='word_1_848' title='bbox 1047 2709 1296 2745; x_wconf 55' lang='grc' dir='ltr'>λαμπρὰνὲλπίδα</span> <span class='ocrx_word' id='word_1_849' title='bbox 1323 2710 1373 2744; x_wconf 81' lang='grc' dir='ltr'>τὴν</span> <span class='ocrx_word' id='word_1_850' title='bbox 1395 2711 1442 2737; x_wconf 77' lang='grc' dir='ltr'><strong>ἐπὶ</strong></span> <span class='ocrx_word' id='word_1_851' title='bbox 1475 2711 1544 2746; x_wconf 78' lang='grc' dir='ltr'>τῷδε</span> <span class='ocrx_word' id='word_1_852' title='bbox 1573 2712 1805 2749; x_wconf 77' lang='grc' dir='ltr'>πεπλουτηκόσιν,</span> <span class='ocrx_word' id='word_1_853' title='bbox 1832 2715 1845 2740; x_wconf 86' lang='grc' dir='ltr'>ὁ</span> 
     </span>
    </p>
   </div>
   <div class='ocr_carea' id='block_1_112' title="bbox 1045 2797 1840 2837">
    <p class='ocr_par' dir='ltr' id='par_1_112' title="bbox 1045 2797 1840 2837">
     <span class='ocr_line' id='line_1_112' title="bbox 1045 2797 1840 2837; baseline 0.009 -13"><span class='ocrx_word' id='word_1_854' title='bbox 1045 2797 1069 2813; x_wconf 62' lang='grc'><strong>³⁸</strong></span> <span class='ocrx_word' id='word_1_855' title='bbox 1084 2797 1163 2825; x_wconf 86' lang='lat' dir='ltr'><strong>Deut.</strong></span> <span class='ocrx_word' id='word_1_856' title='bbox 1185 2806 1250 2830; x_wconf 71' lang='lat' dir='ltr'><strong>ml,</strong></span> <span class='ocrx_word' id='word_1_857' title='bbox 1267 2799 1292 2826; x_wconf 75' lang='lat'><strong>6.</strong></span> <span class='ocrx_word' id='word_1_858' title='bbox 1333 2800 1355 2815; x_wconf 81' lang='lat'>&quot;</span> <span class='ocrx_word' id='word_1_859' title='bbox 1367 2800 1438 2828; x_wconf 83' lang='lat' dir='ltr'><strong>Psal.</strong></span> <span class='ocrx_word' id='word_1_860' title='bbox 1466 2808 1564 2833; x_wconf 81' lang='lat' dir='ltr'><strong>cxxnt,</strong></span> <span class='ocrx_word' id='word_1_861' title='bbox 1581 2800 1608 2828; x_wconf 83' lang='grc'><strong>6.</strong></span> <span class='ocrx_word' id='word_1_862' title='bbox 1629 2802 1652 2817; x_wconf 74' lang='grc'><strong>³⁸</strong></span> <span class='ocrx_word' id='word_1_863' title='bbox 1667 2801 1751 2830; x_wconf 84' lang='lat' dir='ltr'><strong>Prov.</strong></span> <span class='ocrx_word' id='word_1_864' title='bbox 1769 2804 1840 2837; x_wconf 67' lang='lat'><strong>111,0.</strong></span> 
     </span>
    </p>
   </div>
   <div class='ocr_carea' id='block_1_113' title="bbox 1081 2888 1734 2928">
    <p class='ocr_par' dir='ltr' id='par_1_113' title="bbox 1081 2888 1734 2928">
     <span class='ocr_line' id='line_1_113' title="bbox 1081 2888 1734 2928; baseline 0.012 -13"><span class='ocrx_word' id='word_1_865' title='bbox 1081 2888 1119 2923; x_wconf 64' lang='grc' dir='ltr'><strong>(ἐξ)</strong></span> <span class='ocrx_word' id='word_1_866' title='bbox 1130 2888 1275 2925; x_wconf 64' lang='lat' dir='ltr'><strong>Corrupto.</strong></span> <span class='ocrx_word' id='word_1_867' title='bbox 1289 2890 1468 2920; x_wconf 74' lang='lat' dir='ltr'><strong>Scribcndum</strong></span> <span class='ocrx_word' id='word_1_868' title='bbox 1482 2892 1574 2921; x_wconf 81' lang='lat' dir='ltr'><strong>forsan</strong></span> <span class='ocrx_word' id='word_1_869' title='bbox 1590 2894 1734 2928; x_wconf 73' lang='grc' dir='ltr'>ἀμαθίαις.</span> 
     </span>
    </p>
   </div>
  </div>
