1937 3036
93 180 158 208 l0“

91 238 236 271 θεσπέσιος
253 239 352 276 γράφει
367 239 470 272 Παῦλος
486 249 491 256 ·
509 250 517 266 ι
531 240 576 267 Διὸ
591 240 730 275 βασιλείαν
742 243 889 270 ἀσάλευτον
905 248 927 275 Α

91 285 365 321 παραλαμϐάνοντες,
390 285 487 322 ἔχομεν
505 286 594 322 χάριν,
611 286 644 313 δι’
659 284 692 323 ἧς
712 287 888 323 λατρεύωμεν

91 331 248 366 εὐαρέστως
268 331 307 368 τῷ
324 332 392 368 Θεῷ.
409 342 418 358 ι
444 333 589 365 Βασιλείας
608 330 655 360 οὖν
677 333 731 368 ἄρα
750 335 800 369 τῆς
816 335 887 366 τίνος

91 377 173 404 αὑτὸν
185 377 385 414 διαμεμνῆσθαι
399 379 521 414 φήσομεν
536 379 564 405 ἐν
579 387 610 413 γε
625 380 753 413 τουτοισὶ,
767 381 886 416 φράσαις

629 183 671 211 DE
691 182 740 212 SS.
762 184 952 214 TRlNlTkTE
973 186 1145 217 DIALOGUS
1166 189 1210 217 Vl.

1666 195 1734 222 10h).

943 244 979 272 tia
996 246 1028 272 ³⁷.
1046 255 1054 272 ›
1072 246 1154 281 Cujus
1169 254 1233 282 ergo
1249 248 1322 283 regni
1341 249 1462 277 dicemus
1480 250 1565 285 ipsum
1589 251 1633 279 hic
1658 260 1732 280 mell-

942 291 1042 319 tiouern
1056 292 1164 326 fecisse,
1178 293 1277 321 doceas
1289 302 1395 329 precor.
1410 295 1474 323 Vide
1491 304 1573 330 porro
1587 305 1639 332 quo
1652 303 1732 332 pacto

941 336 1145 371 ipsumiirmum
1158 339 1214 366 lore
1231 340 1279 372 ait,
1297 345 1324 368 et
1356 341 1543 370 inconcussum
1572 351 1732 378 permansu-

941 383 1072 411 rum.Hoc
1086 385 1157 412 enim
1172 386 1307 420 signiﬁcat
1322 387 1364 414 illa
1383 395 1444 420 vox,
1461 388 1641 418 ἀσάλευτον.

91 423 135 454 ἂν,
151 420 175 450 ὧ
193 424 282 469 ἑταῖρε
290 432 298 457 ;
318 423 412 459 Ἀορει
431 424 460 450 δὲ
479 425 553 457 ὅπως
584 425 670 460 αὐτὴν
700 426 899 462 ἐρηρεισμένην
919 427 1028 456 ἔσεσθαι
1053 429 1138 465 λέγει,
1163 432 1209 458 καὶ
1228 432 1272 458 ἀεὶ
1305 432 1439 469 λαχοῦσαν
1463 435 1493 461 τὸ
1516 436 1730 463 ἀκατὰσειστον·

89 469 166 503 δηλοῖ
179 470 244 506 γὰρ,
261 467 337 506 οἶμαί
357 480 419 504 που,
438 471 511 498 τουτὶ
527 472 558 498 τὸ
571 471 754 499 ἀσάλευτον.

127 515 158 542 Β.
178 515 214 542 06
235 515 338 550 σφόδρα
361 515 394 542 ἃν
410 516 500 551 ἔχοιμι
522 516 615 550 σαφῶς
631 518 728 550 εἰπεῖν,
743 517 887 554 βουλοίμην

89 560 112 586 δ’
131 560 164 588 ἂν
182 560 269 596 ἔγωγε
279 561 458 588 διαπυθέσθαι
475 570 535 589 σου,

125 619 158 646 Δ.
178 619 405 646 Ἐκῦασανιστέον
423 619 455 655 δὴ
474 617 532 652 οὖν,
548 620 608 646 ἐπεί
624 629 665 647 τοι
683 620 768 654 δοκεῖ,
785 621 887 657 πότερα

87 665 139 700 τὴν
158 665 223 692 Υἱοῦ
238 665 387 700 βασιλείαν,
402 667 485 701 ἤγουν
499 666 549 702 τὴν
563 667 611 693 καὶ
625 667 716 700 αὐτοῖς
729 668 785 699 τοῖς
799 667 887 702 ἁγίοις

87 711 287 747 δοθησομένην,
307 712 398 747 φησίν.
417 713 448 739 Ei
465 713 514 748 μὲν
535 710 581 741 οὖν
603 713 708 749 ἀμείνω
735 714 781 740 τοῦ
802 723 886 748 μετα-

89 757 200 785 πίπτειν
211 758 341 785 δύνασθαι
368 759 415 785 καὶ
433 759 659 795 ἀπαρακόμιστον
670 757 740 787 εἷναί
755 769 822 795 φασι
838 760 887 796 τήν

87 813 118 830 τε
142 804 284 839 βασιλείαν
299 805 346 831 καὶ⁹
361 804 498 840 ὑπεροχὴν
507 805 554 832 τοῦ
568 806 644 839 Υἱοῦ,
659 805 888 842 πεφλυαρηκὸτας

88 851 150 885 εξκῆ
175 851 402 887 κατερυθριάσειν
425 849 503 887 οἶμαι
520 861 572 879 που
589 852 652 884 τοὺς
670 852 832 884 διεναντίας.
855 853 886 879 Ei

87 896 116 923 δὲ
127 897 159 933 δὴ
174 897 302 933 μεθέντες
313 898 359 924 καὶ
369 898 531 932 διωσάμενοι
542 898 587 926 τὸν
595 898 668 931 Υῑὺν,
681 899 888 934 ἁπαραποίητον
904 906 924 933 Β

87 942 202 970 ἔσεσθαι
226 945 283 975 τοῖς
313 944 401 978 ἁγίοις
425 945 456 971 τδ
478 945 629 980 βασιλεύειν
653 945 760 982 ἐροῦσι,
778 946 887 981 πρῶτον

89 989 140 1024 μὲν
158 990 286 1025 ἀμείνους
300 990 347 1017 καλ⁸
359 990 441 1017 αὐτοῦ
456 991 622 1026 φανήσονται
637 990 683 1017 τοῦ
696 991 826 1027 Χριστοῦ,
840 992 887 1018 καὶ

89 1036 190 1071 μοῖραν
209 1035 259 1071 ἠδη
278 1035 406 1071 λαχόντες
420 1036 469 1071 τὴν
492 1036 623 1064 ἐπέκεινα
638 1036 692 1064 τῶν
714 1037 808 1070 αὑτοῦ,
831 1039 855 1064 εἰ
873 1039 887 1064 6

89 1081 141 1115 μὲν
157 1080 311 1116 ἅπόὸλητον
326 1082 469 1117 ποιήσεται
480 1082 529 1118 τὴν
543 1083 631 1119 ἀρχήν
643 1091 650 1098 ·
667 1083 692 1110 οἱ
703 1083 731 1110 δὲ
746 1084 887 1119 ἀμήρυτον

87 1128 137 1154 καὶ
152 1127 263 1163 δ.ηνεκῆ
279 1127 408 1163 λαχόντες
423 1128 472 1164 τὴν
487 1129 631 1164 εὐθυμίαν,
643 1129 731 1156 καὶτὸ
745 1130 773 1156 εν
786 1129 886 1165 βεϐαίῳ

87 1173 198 1199 κεῖσθαι
215 1173 265 1207 τῆς
282 1173 360 1208 δόξης
375 1174 614 1209 διακεκτήσονται.

124 1218 156 1244 Β.
175 1218 291 1254 ’Δριστα
311 1219 391 1254 ἔφης.

123 1276 158 1302 Α.
179 1275 216 1302 Τὸ
228 1275 256 1302 δὲ
269 1275 301 1311 δὴ
313 1276 359 1302 καὶ
371 1276 499 1311 ἀγροῖκον
512 1277 583 1304 οὕτω
596 1279 731 1305 ποιεῖσθαι
745 1279 794 1314 τὴν
806 1288 886 1306 συκο-

86 1322 216 1356 φαντίαν,
236 1322 293 1353 πῶς
312 1323 362 1349 οὐκ
380 1323 557 1358 ἀπόπληκτον
575 1324 694 1360 κομιδῇ;
712 1325 749 1352 Τὸ
768 1326 817 1361 μὲν
832 1326 886 1362 γὰρ

86 1368 190 1404 χρῆναι
211 1370 320 1404 κρατεῖν
341 1369 389 1396 καὶ
409 1369 563 1404 βασιλεύειν
584 1371 638 1397 τῶν
652 1371 731 1402 ὅλων.
754 1373 886 1408 προσήκοι

87 1415 121 1440 ἂν
134 1414 184 1449 οὐχ
198 1414 284 1450 ἑτέρῳ
295 1415 405 1449 μᾶλλον,
417 1415 433 1450 ἢ
447 1415 522 1450 αὐτῷ
532 1415 570 1451 τῷ
581 1416 702 1452 Χριστῷ,
713 1417 767 1444 οὐκί
775 1418 886 1453 ἐπίκτη-

85 1469 133 1487 τον
156 1461 173 1496 ἢ
200 1461 275 1487 δοτὸν
295 1460 453 1487 πλουτοῦντι
470 1461 501 1488 τὸ
522 1462 626 1497 χρῆμα,
644 1462 770 1498 καθάπερ
792 1464 883 1498 ἡμεῖς,

86 1507 157 1533 ἀλλὰ
169 1508 225 1538 τοῖς
238 1507 287 1542 τῆς
306 1507 423 1543 φυσικῆς
444 1507 606 1544 κυριότητος
630 1509 884 1545 ἑπόμενον.λόγοις’

91 1555 152 1580 ιΟί
185 1554 212 1581 δέ
244 1562 276 1588 γε
307 1554 526 1590 συμπάσχοντες.
556 1555 604 1582 καὶ
631 1555 884 1592 συμϐασιλεύσομεν

86 1600 174 1636 αὐτῷ,
188 1610 197 1626 ι
215 1599 287 1632 καθὰ
305 1600 469 1636 γέγραπται.
484 1601 600 1631 Οὐκοῦν,
617 1603 631 1628 6
646 1602 695 1637 μὲν
722 1602 769 1629 τοῦ
784 1604 884 1639 κατάρ-

85 1656 147 1682 χειν
162 1647 256 1682 κύριος
267 1655 273 1661 ”
289 1646 437 1682 εἰσποίητοι
448 1647 476 1673 δὲ
487 1648 579 1682 ἡμεῖς,
594 1647 640 1674 καὶ
655 1648 748 1683 τρόπῳ
760 1648 800 1684 τῷ
815 1650 885 1676 κατὰ

88 1692 200 1728 μέθεξιν
215 1692 434 1728 ἐκτετιμημένοι.
454 1692 706 1728 Συμὸασιλεύσουσι
728 1693 783 1730 γὰρ
807 1694 884 1729 βασι-

85 1739 194 1765 λεύοντι
209 1738 246 1774 τῷ
260 1738 382 1774 Χριστῷ.
406 1737 473 1766 Εἶτα
491 1739 550 1771 πῶς
566 1740 715 1767 ἀσάλευτον
729 1740 820 1774 ἕξουσι
836 1741 885 1777 τὴν

86 1786 133 1812 ἐπὶ
153 1785 222 1820 τῷδε
243 1785 408 1820 φιλοτιμίαν,
429 1785 478 1812 καὶ
507 1785 640 1820 διηνεκῶς
665 1786 882 1821 βασιλεύσουσιν,

86 1833 111 1858 εἰ
134 1832 382 1867 κατασεισθήσεται
399 1833 445 1859 καὶ
467 1833 611 1868 καταλήξει
634 1833 700 1860 ποτὲ
717 1833 748 1860 τὸ
765 1832 884 1869 Χριστοῦ

87 1879 200 1914 κράτος,
214 1875 244 1905 οὗ
259 1879 306 1905 καὶ
322 1879 451 1914 μετόχους
465 1880 564 1911 αὐτοὺς
577 1877 647 1907 εἷναί
661 1889 768 1915 φαμεν;
792 1880 846 1907 Καὶ
860 1881 884 1907 εί

86 1925 137 1958 τῆς
157 1924 295 1959 βασιλείας
322 1925 439 1957 αὐτοῖςὸ
453 1926 571 1961 χορηγὺς
587 1927 634 1952 καὶ
662 1927 794 1962 πρύτανις
816 1928 884 1954 ἀπο-

87 1970 260 1997 πεπαύσεται
278 1971 327 2006 τῆς
344 1971 442 2006 ἀρχῆς,
463 1971 514 1998 ποῦ
528 1971 563 1998 τὰ
584 1971 674 1999 αὐτῶν
690 1972 730 1998 ἔτι
746 1972 883 2005 κείσεταις

86 2018 164 2043 τῖοίον
180 2016 277 2051 ἔχοντα
291 2016 390 2052 βάθρον
404 2026 410 2049 ;
427 2017 481 2044 Ποῦ
495 2018 550 2053 γὰρ
563 2017 603 2044 ἔτι
620 2017 846 2053 συμμεθέξουσιν,
861 2020 885 2045 εί

86 2064 118 2090 τὸ
144 2062 280 2098 κεκληκὸς
310 2065 350 2095 εἰς
373 2063 452 2096 δόξαν
477 2063 604 2096 ἀσθενεῖ;
634 2062 672 2090 Ἦ
697 2065 748 2091 οὐκ
777 2065 884 2100 ἀνάγκη

89 2110 314 2144 συγκατολισοεῖν
340 2113 396 2143 τοῖς
426 2112 554 2147 ἀνέχουσι
580 2112 609 2149 τὸ
633 2112 808 2148 ἀνεχόμενον,
838 2112 886 2139 καὶ

85 2158 144 2188 τοῖς
157 2156 307 2183 κατωτάτω
322 2153 432 2193 βᾶοροις
446 2157 588 2193 συνιζῆσαι
602 2157 637 2184 τὰ
649 2158 884 2194 ὲπερηρεισμένα;

87 2203 153 2230 Ὅτε
180 2203 270 2229 τοίνυν
287 2204 303 2238 ἡ
321 2204 369 2239 τῆς
390 2204 514 2236 εὐκλείας
530 2204 644 2239 κρηπὶς,
666 2205 714 2231 καὶ¹
728 2206 742 2231 6
755 2205 805 2240 τῆς
820 2205 886 2239 εὑη-

89 2249 188 2284 μερίας
197 2248 320 2284 Θεμέλιος
330 2249 587 2286 κατασεισοήσεται,
601 2251 660 2276 κατ’
670 2250 779 2282 αὐτοὺς,
795 2260 884 2278 συνοι-
902 2259 922 2286 ι)

87 2296 203 2331 χήσεταί
218 2305 269 2323 που
279 2296 388 2328 πάντως
403 2297 443 2328 είς
458 2297 488 2323 τὸ
500 2297 630 2329 δυσκλεές
642 2305 672 2324 τε
687 2298 734 2325 καὶ
747 2299 774 2324 ὲν
792 2295 885 2332 ὑφέσεί

87 2343 134 2368 καὶ
150 2342 167 2377 ἡ
178 2341 233 2369 τῶν
248 2343 334 2377 ἁγίων
346 2343 433 2374 ἐλπίς.
768 2381 784 2390 .

122 2398 152 2425 Β.
175 2398 368 2434 Συνοιχήσεται
391 2399 446 2433 γὰρ
470 2396 526 2431 οὖν,
549 2399 587 2431 ὡς
606 2399 664 2426 ἔστι
680 2400 769 2435 σαφής
786 2408 815 2426 τε
838 2408 885 2427 και

87 2441 191 2477 ἀληὺὴς
203 2443 218 2468 ὁ
234 2442 320 2476 λόγος.

121 2499 154 2525 Λ.
170 2499 203 2525 Τί
215 2499 242 2525 δὲ
252 2499 283 2534 δὴ
299 2500 345 2526 καὶ
358 2499 450 2534 μαθὼν
461 2501 474 2526 6
487 2500 540 2526 τῶν
549 2500 628 2527 Οείων
643 2501 707 2535 ἡμῖν
722 2501 878 2537 μυστηρίων

87 2544 239 2579 ἱερουργὸς,
267 2543 334 2570 Θεοῦ
361 2544 498 2579 βασιλείαν
524 2543 649 2580 ὠνόμαζε
675 2544 724 2580 τὴν
751 2545 881 2580 Χριστοῦ;

87 2591 190 2625 Γρέῳει
205 2590 258 2625 γὰρ
274 2586 341 2616 ὧδε’
370 2600 378 2616 ι
393 2590 477 2616 Τοῦτο
492 2590 546 2626 γὰρ
561 2591 618 2616 ἴστε
634 2589 826 2624 γινώσκοντες,
842 2591 883 2617 ὅτι

87 2637 139 2668 ri;
156 2636 302 2672 πόρνοςηῆ
322 2636 485 2670 ἀκάθαρτος,
510 2635 526 2671 ἢ
553 2636 728 2672 πλεονέκτης,
757 2637 784 2668 ὂ,
809 2637 883 2662 ἐστιν

86 2681 294 2716 εἰδωλολάτρης,
314 2681 364 2708 οὐκ
380 2681 436 2716 ἔχει
452 2681 634 2717 κληρονομίαν
656 2683 685 2708 ἐν
704 2683 737 2717 τῇ
762 2681 885 2717 βασιλείᾳ

85 2726 130 2752 τοῦ
144 2727 166 2752 Χ
173 2725 267 2761 (usto-3
281 2726 328 2752 καὶ
337 2726 414 2753 Θεοῦ.
423 2736 432 2751 ›
444 2726 627 2762 Ἑνδοιάσαιμι
639 2727 693 2762 γὰρ
703 2727 736 2754 ἂν
744 2727 880 2762 οὐδαμῶς,

85 2773 121 2804 ὡς
129 2773 242 2807 ὅτῳπερ
260 2773 292 2798 ἂν
306 2773 454 2807 ἐνυπάρχοι
469 2772 583 2806 φυσικὸν
599 2772 710 2808 ἀξίωμα
726 2774 756 2799 τὸ
781 2775 881 2809 χρῆναι

87 2820 210 2854 κρατεῖν,
227 2818 321 2852 ἕψεταὶ
336 2827 387 2845 που
411 2818 519 2851 πάντως
539 2818 613 2853 αὖτῷ
627 2819 673 2846 καὶ
692 2819 722 2845 τὸ
743 2819 796 2846 δεῖν
812 2817 881 2846 εἶναι

118 2907 141 2922 ³⁷
161 2906 245 2933 lit'bt‘.
264 2907 367 2939 “5‘23.
396 2908 418 2922 “
434 2907 453 2933 ii
480 2907 598 2935 't'm.o:t..
617 2915 646 2939 tt,
672 2907 711 2934 i‘l.
750 2907 772 2922 ³⁷
785 2907 881 2942 Epitcs.
901 2916 924 2934 ν.

977 519 1007 547 Β.
1028 520 1102 547 [laud
1116 521 1227 548 multum
1239 523 1311 550 clare
1326 524 1610 561 cxplicareqnco.‘sed
1621 529 1684 556 illud
1698 538 1730 558 cx

942 571 968 594 te
985 567 1080 595 audire
1096 568 1186 595 velim.

978 623 1009 651 Α.
1027 624 1244 653 Examinaudum
1271 632 1315 654 est,
1340 628 1430 662 igitur,
1461 631 1568 664 quando
1591 632 1627 658 ita
1653 631 1729 665 libet,

941 676 1031 698 utrunt
1051 670 1111 698 Filii
1124 678 1235 706 regnum
1251 673 1332 705 dicat,
1345 681 1377 701 an
1394 675 1457 702 illud
1476 677 1549 710 quod
1558 677 1730 706 sanctisdanv

941 716 1002 743 dum
1021 722 1072 744 est.
1085 717 1112 744 Si
1130 725 1195 754 ergo
1208 719 1375 748 immutabile
1390 726 1417 748 et
1434 722 1572 750 immobile
1602 723 1663 752 Filii
1686 733 1730 753 re-

941 770 1022 797 gnum
1045 767 1071 790 et
1088 763 1257 798 majestatem
1281 773 1341 794 esse
1359 767 1445 800 aiunt,
1469 770 1571 803 pudore
1599 771 1730 799 sntl'usnm

940 809 973 836 iri
986 809 1021 836 ob
1037 817 1119 837 vanas
1127 818 1189 838 sttas
1201 819 1286 846 nugas
1301 813 1472 841 adversarios
1485 819 1557 849 puto.
1571 815 1618 842 Sin
1628 821 1728 849 autem.

942 856 1037 884 relicto
1065 863 1096 883 ac
1112 857 1297 891 prmtermisso
1317 857 1396 890 Filio,
1413 859 1550 887 immobile
1570 862 1672 889 sanctis
1688 871 1730 890 re-

940 910 1019 936 gnum
1036 901 1094 930 fore
1109 903 1210 935 dicent,
1228 903 1343 938 primum
1357 904 1465 939 quidem
1480 905 1537 940 ipso
1552 907 1633 934 etiam
1649 907 1730 935 Chri-

939 952 981 975 sto
996 948 1151 982 superiores
1162 949 1338 981 videbuntur,
1348 953 1375 976 et
1387 949 1465 985 longe
1480 951 1610 984 potiorem
1622 953 1728 980 dentunt

939 1002 1020 1028 quatn
1037 994 1094 1029 ipse
1105 995 1289 1022 conditionem
1308 996 1409 1028 sortiti,
1422 997 1444 1023 si
1457 996 1501 1023 hic
1514 997 1621 1031 quidem
1646 999 1726 1034 611

941 1046 1050 1074 regnum
1064 1039 1135 1074 quod
1164 1039 1250 1066 amitti
1284 1039 1368 1075 possit
1385 1040 1515 1074 obtineat,
1537 1041 1574 1068 illi
1605 1049 1669 1070 vero
1689 1043 1730 1069 iu-

941 1084 1015 1112 iinita
1028 1090 1056 1113 et
1066 1089 1194 1121 perpetua
1208 1085 1338 1114 felicitate
1349 1085 1490 1122 gloriaque
1506 1088 1641 1115 constanti
1668 1088 1724 1115 sint

939 1131 1055 1166 praediti.

973 1223 1003 1250 B.
1024 1222 1186 1250 Rectissime
1202 1223 1306 1251 dixisti.

974 1281 1005 1306 Α.
1020 1279 1078 1307 Jam
1098 1288 1163 1308 vero
1174 1284 1228 1308 tam
1253 1284 1362 1316 agreste
1387 1281 1515 1308 cavillum
1540 1281 1618 1310 nobis
1632 1282 1727 1310 obtru—

939 1326 1012 1358 dere.
1027 1334 1115 1354 nonne
1128 1326 1247 1362 stuporis
1257 1333 1289 1353 ac
1315 1327 1449 1355 vecordiae
1459 1327 1645 1362 plenissimum
1668 1329 1728 1358 est?

938 1372 1075 1407 lmperare
1093 1373 1166 1400 enim
1182 1380 1338 1408 acpraeesse
1360 1380 1449 1401 rerum
1470 1374 1657 1408 universitati,
1674 1383 1727 1403 nou

937 1420 1074 1455 aliiquam
1091 1420 1142 1456 ipsi
1156 1419 1264 1448 Christo
1279 1420 1415 1453 convenit,
1428 1420 1474 1455 qui
1497 1428 1550 1448 tton
1581 1421 1646 1448 illud
1678 1428 1728 1449 ceu

937 1465 1083 1493 aseititium
1101 1465 1244 1493 etaliunde
1260 1468 1401 1500 acceptum
1428 1469 1521 1492 nostro
1542 1473 1617 1492 more
1638 1465 1728 1500 possi-

937 1512 994 1544 det,
1008 1512 1054 1540 sed
1071 1511 1202 1539 naturalis
1215 1511 1408 1538 dominationis
1437 1511 1587 1539 rationibus
1614 1510 1729 1546 conjun-

938 1563 1020 1586 ctum.
1037 1567 1046 1585 ‹
1064 1557 1117 1585 Nos
1131 1562 1222 1585 autem
1235 1558 1258 1585 si
1272 1557 1480 1592 eompatiamnr,
1495 1561 1521 1584 et
1550 1557 1729 1592 conregnabi-

940 1613 999 1632 mus
1016 1606 1076 1639 ipsi,
1089 1614 1099 1631 ι
1117 1605 1185 1632 sicut
1198 1604 1327 1638 scriptum
1341 1607 1382 1631 est
1394 1603 1426 1630 ³⁸.
1452 1602 1545 1638 Itaque
1562 1604 1606 1631 hic
1620 1603 1727 1639 quidem

937 1651 1066 1685 regnandi
1078 1650 1215 1681 dominus,
1233 1657 1282 1676 nos
1307 1657 1371 1677 vero
1399 1649 1520 1682 ascititii,
1533 1653 1560 1676 et
1583 1649 1729 1684 participa-

938 1696 1009 1723 tione
1022 1695 1137 1730 quadam
1156 1695 1255 1722 ornati.
1270 1693 1482 1730 Conresttabunt
1505 1695 1578 1722 enim
1603 1695 1728 1730 regnanti

936 1742 1057 1769 Christo.
1074 1743 1106 1768 At
1130 1741 1441 1776 quomodoimmobilem
1457 1741 1484 1768 iu
1499 1748 1532 1768 eo
1540 1741 1669 1769 honorem
1681 1740 1728 1768 ba-

936 1788 1049 1820 bt‘bunl,
1067 1795 1098 1814 c
1110 1792 1238 1823 perpetuo
1248 1786 1384 1822 regnaturi
1394 1791 1465 1819 sunt,
1482 1787 1504 1814 si
1519 1786 1728 1814 concutiendum

936 1842 967 1862 ac
983 1834 1130 1861 ﬁniendum
1143 1838 1183 1861 est
1197 1833 1343 1868 aliquando
1357 1833 1459 1861 Christi
1474 1833 1628 1867 imperium,
1653 1833 1728 1867 cujus

936 1880 1019 1906 etiam
1029 1878 1178 1914 participes
1195 1878 1269 1913 ἱρεοε
1285 1885 1346 1906 esse
1372 1878 1509 1906 dicimus?
1539 1878 1584 1911 Et,
1604 1878 1627 1905 si
1651 1879 1726 1913 regni

936 1925 1048 1959 largitor
1078 1932 1108 1952 ac
1132 1924 1292 1952 distributor
1320 1931 1434 1958 regnare
1452 1924 1569 1956 desinet,
1601 1931 1723 1959 quonam

937 1972 1044 1998 demum
1058 1971 1117 1998 loco
1132 1978 1175 1998 res
1187 1977 1278 1998 eorum
1292 1969 1388 1997 futura:
1403 1969 1481 1997 sunt?
1493 1977 1546 2004 quo
1566 1969 1728 1997 fundamen-

938 2022 965 2043 to
989 2015 1130 2043 nituntur?
1148 2015 1197 2044 Ubi
1213 2016 1284 2043 enim
1299 2014 1355 2049 jam
1371 2021 1424 2042 una
1440 2015 1586 2050 participes
1598 2019 1688 2047 erunt,
1698 2015 1720 2042 si

937 2063 963 2089 id
972 2062 1044 2097 quod
1060 2063 1093 2089 ad
1109 2061 1222 2097 gloriam
1237 2061 1343 2089 vocavit
1356 2061 1513 2090 infirmitate
1529 2060 1655 2089 laborat?
1671 2061 1727 2088 An-

937 2117 989 2136 non
1000 2115 1110 2136 uccesse
1127 2113 1170 2136 est
1183 2115 1244 2136 cum
1267 2108 1300 2136 iis
1313 2115 1373 2144 qua:
1384 2107 1517 2135 extollunt
1540 2108 1566 2135 id
1583 2107 1654 2142 quod
1679 2115 1726 2135 ex-

937 2155 1040 2183 tollitur
1054 2162 1107 2182 una
1118 2155 1245 2183 decidere
1259 2175 1266 2186 .
1293 2160 1319 2182 et
1330 2155 1391 2182 imis
1405 2155 1590 2182 fundamentis
1604 2154 1682 2182 simul
1695 2161 1725 2181 ea

937 2200 999 2232 niti,
1013 2207 1073 2235 qua:
1085 2200 1111 2226 in
1123 2199 1157 2227 iis
1172 2199 1281 2227 fundata
1296 2199 1380 2227 sunt?
1399 2199 1466 2227 Cum
1478 2199 1559 2234 igitur
1579 2199 1622 2227 illa
1635 2199 1727 2235 gloria:

938 2245 1044 2273 basiset
1054 2244 1193 2272 felicitatis
1206 2245 1421 2278 fundamentum,
1436 2250 1465 2272 ut
1480 2245 1518 2272 illi
1532 2245 1634 2278 volunt,
1660 2253 1726 2274 con-

937 2291 1090 2319 cutiettdum
1103 2291 1138 2318 sit
1156 2298 1163 2316 ι
1178 2290 1258 2317 simul
1275 2291 1355 2318 etiam
1373 2291 1466 2325 utique
1487 2291 1513 2318 itt
1530 2290 1725 2327 ignobilitatem

936 2344 998 2372 spes
1012 2340 1167 2364 sanctorum
1177 2335 1320 2363 diiabelur.

972 2395 1002 2422 Β.
1022 2395 1159 2422 Dilabelur
1175 2397 1258 2421 certe.
1273 2393 1347 2420 Adeo
1357 2393 1429 2420 clara
1440 2399 1504 2421 sunt
1518 2402 1550 2422 ac
1573 2402 1635 2422 vera
1668 2402 1727 2429 quze

938 2441 1014 2468 dicis.

968 2496 1068 2524 A..i:ttn
1081 2504 1146 2524 vero
1162 2495 1224 2531 quid
1236 2503 1324 2523 causa),
1339 2500 1380 2523 est
1404 2502 1454 2522 cur
1479 2499 1572 2523 noster
1586 2495 1630 2523 ille
1659 2495 1728 2523 divi-

936 2551 1032 2571 norum
1045 2543 1234 2579 mysteriorum
1250 2542 1364 2570 antistes
1380 2542 1425 2569 Dei
1441 2548 1554 2576 regnum
1567 2542 1726 2575 nominarit,

935 2589 1000 2616 illud
1015 2588 1115 2616 Christi
1130 2587 1260 2623 regnum?
1271 2586 1316 2614 Sic
1327 2587 1400 2614 enim
1412 2585 1526 2614 scribit:
1547 2595 1556 2612 ι
1577 2584 1633 2613 Hoc
1653 2586 1725 2614 enim

935 2635 1032 2660 scitote
1048 2633 1240 2667 intelligentes,
1272 2632 1344 2667 quod
1375 2631 1463 2659 omnis
1495 2630 1652 2663 fornicator,
1679 2635 1724 2658 aut

937 2679 1101 2711 immundus,
1121 2683 1166 2706 aut
1182 2685 1291 2709 avarus.
1305 2678 1349 2711 qui
1367 2682 1409 2705 est
1421 2677 1551 2705 idolorum
1563 2685 1724 2720 servus,n9n

937 2726 1017 2753 habet
1038 2725 1221 2753 [nereditatem
1254 2724 1280 2751 in
1307 2731 1388 2758 regno
1413 2724 1514 2751 Christi
1535 2729 1562 2751 et
1587 2723 1636 2751 Dei
1657 2723 1690 2752 3’.
1714 2732 1721 2749 ι

936 2772 1028 2807 Neque
1045 2772 1116 2799 enim
1131 2770 1310 2799 dubitaverim
1343 2778 1460 2804 unquam
1486 2771 1557 2804 quod
1574 2770 1727 2804 cuicunque

937 2824 1056 2853 potestas
1073 2817 1221 2852 imperandi
1240 2816 1369 2844 naturalis
1384 2821 1425 2844 est
1442 2817 1568 2852 dignitas,
1585 2816 1654 2843 lutnc
1668 2823 1728 2843 oms-

944 2907 971 2935 5.
