1937 3036
77 175 91 203 I
96 174 152 203 025

609 173 656 202 DE
674 173 725 202 SS.
745 173 933 201 'I‘RINITA'I‘E
953 172 1128 203 DIALOGUS
1147 173 1192 203 VI.

1642 176 1711 204 I026

78 235 110 262 Iv
123 234 270 271 ἀνθρώπου
282 234 357 268 τάξει
374 234 445 262 κατὰ
457 234 508 270 τὴν
519 233 619 269 σάρκα,
633 234 721 262 καίτοι
733 234 788 269 ζωὴ
802 234 873 261 κατὰ

931 242 956 262 te
972 235 1074 263 virtute
1090 243 1164 269 usus,
1183 235 1246 262 licet
1270 236 1356 263 nostri
1378 235 1474 264 similis
1496 235 1639 268 exsisteus,
1658 237 1711 264 liu-

76 280 165 316 φύσιν
187 281 318 317 ὑπάρχων
342 280 382 313 ὼς
407 280 484 313 Θεός.
504 280 620 307 Ἀνεὸίω
634 281 674 312 δὲ,
693 281 805 316 ἀρρήτῳ
827 281 873 307 δυ-

70 316 164 364 λκὶμει
186 327 234 354 καὶ
248 316 412 362 νὰφράστοις
435 326 588 362 ἐνεργείαις
613 326 763 362 χρώμενος,
783 327 874 353 καίτοι

79 373 145 400 καθ’
158 373 232 409 ἡμᾶς
245 372 388 408 ὑπάρχων,
405 372 478 399 κατά
492 380 536 406 γε.
552 372 634 407 φημὶ,
650 373 680 399 τὸ
694 372 872 408 ἀνθρώπινον.

76 420 198 452 θΰκοῦν,
217 419 358 452 δοξάζεται
374 419 423 454 μὲν
450 419 525 454 παρὰ
543 419 591 445 τοῦ
615 418 721 454 Πατρδς
734 440 740 451 ,
765 419 814 454 οὐχ
837 419 875 450 ὡς

77 466 161 501 δόξης
176 466 306 501 ὑπάρχων
319 465 439 501 ἐπιδεὴς,
450 465 513 492 ὅταν
529 465 581 498 ἔξω
594 465 687 500 νοῆται
702 465 812 500 σαρκὸς,
827 466 875 492 καὶ

78 513 149 544 Θεὸς
158 513 191 539 ὲκ
200 511 268 538 Θεοῦ
284 511 458 546 πιστεύηται,
470 511 528 538 ἀλλ’
540 511 655 546 ἐπείπερ
672 509 706 546 ἦν
721 510 768 537 ἄνθ
774 519 873 546 ρωπος,

79 559 119 591 ὡς
136 558 204 589 ιδίας
222 557 329 592 φύσεως
347 557 454 593 καρπον
467 557 518 584 οὐκ
533 556 602 593 ἔχων
615 557 645 584 τὸ
659 558 779 593 ἐνεργεῖν
797 557 875 584 δύνα-

81 605 145 631 σθαι
168 603 202 630 τὰ
216 604 368 639 θεοπρεπῆ,
393 603 503 639 δέχεταί
528 612 587 635 πως
611 604 678 630 αὐτὸ
696 603 757 630 καθ’
778 604 874 630 ἕνωσιν

80 650 131 677 καὶ
152 650 202 684 τὴν
222 649 378 685 ἀπόρρητον
396 649 559 685 συνδρομὴν,
576 649 650 684 ἥπερ
677 649 710 676 ἂν
728 651 815 676 νοοῖτο
828 649 874 676 τοῦ

79 697 171 731 Λόγου
188 696 256 732 πρὸς
264 696 294 722 τὸ
311 695 492 732 ἀνθρώπινον.
510 695 621 729 Δοξάζει
636 696 664 722 δὲ
678 697 725 722 καὶ
736 696 817 728 αὐτὸς
830 696 875 722 τὸν

81 742 204 778 Πατέρα.
235 742 328 777 Πατὴρ
354 742 408 777 γὰρ
433 742 500 768 θεοῦ
526 741 690 777 γνωρίζεται
716 741 763 768 τοῦ
787 742 876 768 πάντα

81 788 234 824 ἰσχύοντος,
260 789 350 815 καίτοι
376 788 528 824 πεφηνότος
555 789 584 814 ὲν
616 788 709 824 σαρκὶ,
737 788 784 814 καὶ
808 787 876 823 μετὰ

81 835 178 869 γηῖνου
198 833 324 868 σώματος
341 834 570 870 συνδιαιτωμένου
596 836 654 866 τοῖς
676 835 746 861 κατὰ
769 834 815 861 τὸν
832 834 876 861 κό-

82 889 163 916 σμον.
179 880 229 906 Διὰ
246 879 327 907 τοῦτό
341 889 423 915 φησιν
434 888 441 895 ·
456 889 466 906 ι
483 879 553 914 Ἐγώ
576 889 606 906 σε
627 879 740 912 ἐδόξασα
763 881 808 907 ἐπὶ
827 881 876 916 τῆς

81 927 134 962 γῆς
144 935 152 942 ⁸
173 927 202 953 τὸ
217 927 297 962 ἔργον
309 926 466 957 ἐτελείωσα,
478 926 492 952 ὃ
509 926 628 958 δέδωκάς
641 935 695 961 μοι,
713 926 756 952 ἵνα
771 927 876 961 ποιήσω

81 974 159 1000 αὐτό.
180 982 189 999 ι
218 971 418 1009 Προεθύμησας
435 972 484 1008 μὲν
498 971 570 1007 γὰρ,
593 968 615 998 ὦ
631 972 734 1007 Πάτερ,
752 972 828 1007 φησὶ,
846 971 877 998 τὸ

81 1020 170 1056 θρασὺ
184 1019 233 1046 καὶ
245 1018 412 1054 δυσάντητον
424 1018 472 1045 τοῦ
485 1018 600 1046 Θανάτου
617 1019 790 1054 καταργῆσαι
808 1018 876 1053 κρά-

85 1075 145 1098 ¹ιος·
165 1063 267 1102 ἀλλ’ἧν
287 1065 367 1092 τοῦτο
391 1065 468 1101 δρᾷν,
490 1065 537 1092 καὶ
558 1064 721 1100 κατισχῦσαι
745 1065 876 1100 πληροῦν,

86 1114 137 1149 οὐχ
163 1113 278 1148 αἵματος
297 1113 344 1140 καὶ
369 1112 480 1148 σαρκὸς,
504 1112 572 1139 ἀλλὰ
589 1111 640 1146 τῆς
663 1111 712 1146 σῆς
733 1111 809 1143 θείας
831 1111 878 1139 καὶ

87 1158 221 1193 ζωοποιοῦ
246 1159 294 1186 καὶ
309 1158 439 1193 ἀνικήτου
458 1157 576 1192 φύσεως,
594 1155 628 1194 ἦς
649 1157 764 1193 ἐπείπερ
780 1157 878 1191 ὲξέφυν

83 1205 152 1239 εγὼ,
167 1204 337 1240 κατώρθωκα
351 1204 381 1230 τὸ
395 1203 489 1230 δοκοῦν
505 1203 554 1238 (Ι),
569 1203 704 1239 ἀτονήσας
723 1204 791 1238 πρὸς
803 1203 879 1229 οὐδὲν

82 1249 128 1277 διὰ
151 1250 183 1277 τὸ
205 1249 374 1285 ἀνθρώπινον
387 1269 394 1281 ,
413 1249 466 1276 τῶν
491 1248 640 1276 τελούντων
664 1250 704 1280 εις
722 1249 877 1284 ξσουργίαν,

82 1296 164 1329 ἀλλὰ,
174 1296 275 1331 καίπερ
290 1295 328 1322 ὼν
342 1297 370 1322 ὲν
382 1297 463 1331 σαρκὶ
473 1295 520 1322 καὶ
533 1295 642 1330 αἵματι,
658 1294 689 1321 τὸ
698 1294 762 1329 γοῦν
776 1295 816 1321 ὅτι
830 1297 879 1331 τῆς

85 1344 136 1379 σῆς
149 1344 247 1379 ἐξέφυν
259 1343 365 1376 οὐσίας,
382 1342 411 1376 ἐξ
427 1342 619 1378 ἱσομοιροὺσης
632 1342 723 1378 ἰσχύος
733 1351 881 1369 πεπιστευ-

85 1389 178 1425 μένος.
197 1389 314 1421 Δὸξασον
328 1389 360 1424 δὴ
376 1386 422 1415 οὖν
440 1397 472 1423 με
488 1388 535 1414 καὶ
553 1388 596 1420 σὺ,
617 1387 663 1413 τὸν
678 1387 716 1419 ὠς
737 1387 880 1423 ἄνθρωπον

82 1434 264 1470 ἁδοξήσαντα,
281 1433 429 1465 συννεύσας
444 1434 506 1468 ἐμοὶ
525 1434 557 1468 τῇ
576 1434 608 1469 σῇ
620 1432 732 1468 δυνάμει
747 1433 793 1459 καὶ
805 1433 881 1468 ἐνερ-

82 1481 148 1516 γείᾳ
162 1480 296 1516 ζωοποιῷ,
311 1479 488 1507 καὶ-Θανάτου
504 1479 646 1514 κρείττονα
656 1479 701 1506 τὸν
717 1479 881 1515 ἀπορρήτως

83 1528 220 1555 ἑνωθέντα
235 1535 280 1562 μοι
301 1526 473 1558 καταδειξαις
497 1525 571 1552 ναόν.
587 1525 649 1551 ’Ὁτι
668 1525 696 1552 δὲ
721 1525 771 1552 οὐκ
797 1527 881 1553 ὰσυν-

926 282 1064 310 manitatis
1076 281 1202 310 videlicet
1225 283 1339 310 ratione.
1352 281 1447 318 Itaque
1462 282 1628 318 gloriﬁcatur
1651 282 1711 317 qui-

925 329 985 356 dem
998 336 1012 355 a
1026 329 1115 360 Patre.
1131 336 1183 356 non
1196 329 1272 363 quasi
1288 328 1371 364 gloria
1385 328 1522 363 indigeat,
1539 335 1600 355 cum
1616 334 1714 362 expers

925 374 1016 402 carnis
1038 374 1214 409 intelligatur,
1229 379 1255 402 et
1280 375 1350 402 Deus
1372 376 1405 402 de
1426 375 1484 402 Deo
1509 375 1644 406 credatur,
1667 373 1712 400 sed

926 421 1054 454 qttoniam
1073 420 1154 448 homo
1170 425 1239 451 erat.
1253 425 1381 456 tanquam
1395 428 1451 448 suae
1472 425 1575 447 naturae
1597 419 1713 446 fructum

925 473 977 492 non
995 466 1108 492 haberet
1124 473 1169 493 res
1191 465 1246 494 Deo
1263 466 1455 494 convenientes
1478 467 1605 500 operandi
1631 466 1715 493 facul-

927 515 1022 543 tatem,
1038 511 1122 546 ipsam
1140 513 1338 546 quodammodo
1354 513 1451 547 accipit
1465 514 1613 540 secundum
1636 513 1715 539 intin-

926 565 986 584 nem
1005 562 1031 583 et
1049 557 1212 584 inell'abilem
1229 558 1303 586 illum
1324 567 1487 587 concursum
1509 561 1554 594 qui
1586 559 1714 593 intelligi-

926 609 970 632 tur
992 611 1053 632 esse
1075 603 1155 631 Verbi
1183 612 1243 631 cum
1266 604 1444 632 humanitate.
1471 604 1610 632 Gloriticat
1635 611 1716 638 porro

926 651 984 685 ipse
1003 657 1110 684 quoque
1128 650 1244 677 Patrem.
1273 650 1354 677 Pater
1378 650 1450 677 enim
1472 657 1534 677 esse
1558 650 1715 685 agnoscitur

926 697 1137 731 cunctipotenlis
1163 696 1222 728 Dei,
1250 696 1313 723 licet
1337 697 1362 724 in
1382 705 1464 724 carne
1490 695 1666 729 maniieslati,
1689 701 1717 724 ct

926 751 986 770 cum
1012 749 1120 770 terreno
1136 751 1251 778 corpore
1273 751 1323 770 una
1341 751 1402 770 cum
1427 744 1583 771 liomiuibus
1605 751 1716 770 conver-

926 790 1025 817 santis.
1043 790 1145 817 Idcirco
1163 791 1201 817 ait
1218 798 1224 816 2
1247 799 1256 815 ι
1274 790 1330 824 Ego
1348 795 1373 817 te
1390 789 1539 816 elarilicavi
1562 797 1642 824 super
1661 794 1715 815 ter-

928 844 1008 870 ram;
1030 844 1098 872 opus
1115 836 1300 863 consummavi
1328 836 1399 870 quod
1423 835 1519 863 dedisti
1542 835 1605 862 mihi
1629 839 1657 862 ut
1676 835 1717 862 fa-

928 883 997 910 ciam
1010 883 1030 909 °.
1049 892 1058 909 ›
1076 882 1188 910 Voluisti
1208 883 1291 914 enim,
1314 890 1330 909 ο
1355 882 1447 915 Pater,
1465 882 1563 917 inquit,
1587 886 1616 908 ut
1630 882 1716 910 audax

928 938 959 957 ac
975 938 1075 957 stevum
1090 929 1185 957 mortis
1202 929 1345 964 imperium
1361 929 1521 962 abrogarem
1535 936 1542 954 ε
1557 933 1590 955 at‘
1600 928 1658 962 ejus
1676 927 1718 955 fa—

928 975 1016 1002 ciendi
1028 976 1069 1002 vis
1087 983 1119 1002 ac
1132 980 1251 1010 potestas
1271 982 1323 1001 non
1340 975 1429 1001 carnis
1445 979 1505 1001 erat
1517 981 1548 1000 ac
1567 973 1717 1008 sanguinis,

928 1021 975 1048 sed
992 1026 1043 1048 tum
1055 1020 1152 1048 divinm
1168 1019 1320 1047 etvivilica:
1342 1027 1374 1046 ac
1395 1019 1586 1054 insuperabilis
1604 1024 1718 1050 naturm,

928 1074 960 1094 ex
981 1074 1032 1100 qua
1051 1074 1112 1093 eum
1129 1073 1179 1100 ego
1196 1066 1354 1100 prodierim,
1365 1065 1455 1100 peregi
1471 1064 1543 1100 quod
1560 1064 1671 1100 placuit,
1691 1065 1718 1091 in

929 1111 1002 1139 nullo
1017 1118 1109 1138 eorum
1125 1119 1184 1146 qua:
1199 1112 1231 1138 ad
1249 1111 1430 1146 aequalitatem
1443 1111 1572 1145 operandi
1583 1112 1720 1146 pertinent

930 1158 1018 1185 iactus
1033 1157 1175 1190 inﬁrmior,
1194 1157 1241 1184 sed
1261 1157 1385 1192 quamvis
1401 1157 1428 1184 in
1446 1165 1528 1184 carne
1547 1156 1597 1184 sim
1612 1161 1639 1185 et
1655 1164 1720 1184 sau-

930 1205 1022 1238 guine,
1037 1204 1072 1231 ob
1086 1203 1268 1238 aequalitatem
1286 1203 1434 1238 operandi,
1454 1203 1488 1230 de
1504 1208 1548 1230 tua
1566 1201 1718 1230 substantia

930 1250 1095 1286 processisse
1110 1250 1239 1277 creditus.
1256 1248 1381 1277 Claritica
1400 1242 1442 1276 uie
1458 1257 1533 1283 ergo,
1549 1254 1586 1281 tu,
1600 1256 1720 1283 quoque,

931 1297 988 1332 qui,
1008 1301 1037 1324 ut
1054 1297 1144 1330 homo,
1159 1296 1335 1331 ignominiam
1347 1296 1428 1328 subii,
1449 1296 1576 1323 inelrabili
1591 1301 1634 1323 tua
1647 1296 1671 1322 vi
1689 1303 1721 1322 ac

932 1344 1033 1370 virtute
1052 1343 1159 1370 vivitiea
1185 1342 1249 1369 milii
1271 1350 1404 1375 annuens,
1426 1347 1453 1369 et
1474 1342 1602 1377 templum
1626 1340 1721 1369 int-ﬂii-

932 1390 978 1417 bili
1002 1390 1108 1416 ratione
1139 1389 1203 1416 mihi
1229 1389 1332 1416 unitum
1351 1394 1437 1416 morte
1458 1390 1583 1423 superius
1611 1388 1719 1415 reddas.

931 1435 1017 1464 Porro
1036 1435 1167 1462 honorem
1185 1434 1236 1462 sibi
1258 1439 1286 1461 et
1311 1434 1424 1469 gloriam
1441 1441 1533 1469 petere
1550 1442 1603 1461 non
1629 1434 1722 1460 insoli-

933 1486 987 1508 tam
1018 1485 1044 1508 et
1074 1481 1149 1514 prius
1176 1480 1344 1514 inexpertam
1375 1480 1468 1514 utique
1502 1480 1612 1515 patebit.
1640 1480 1722 1507 Addit

932 1529 1002 1555 enim
1019 1537 1025 1555 :
1041 1537 1050 1553 ι
1069 1527 1101 1553 Ει
1113 1534 1182 1553 nunc
1196 1525 1315 1553 clariﬁea
1330 1533 1381 1558 me,
1395 1531 1421 1552 tu
1435 1525 1524 1558 Pater,
1541 1526 1624 1561 gloria
1640 1534 1721 1561 quam

83 1575 168 1610 ήθους
186 1573 234 1600 καὶ
254 1574 303 1608 τῆς
326 1573 358 1599 οὐ
379 1572 464 1598 πάλαι
493 1570 627 1606 μετούσης
644 1570 719 1606 αὐτῷ
742 1571 824 1606 τιμῆς
849 1580 878 1598 τε

934 1573 1024 1606 habui,
1046 1572 1203 1607 priusquam
1231 1572 1346 1598 mundus
1368 1576 1449 1604 esset,
1463 1572 1532 1605 apud
1552 1577 1575 1599 te
1589 1572 1609 1598 ⁷.
1632 1581 1640 1597 ι
1669 1571 1722 1605 Qui

84 1620 135 1647 καὶ
149 1619 229 1655 δόξης
251 1617 394 1655 ἀξιοῦσθαι
412 1618 498 1652 ζητεῖ,
512 1617 590 1651 δῆλον
611 1615 644 1642 ἂν
667 1617 710 1651 εἴη
734 1615 878 1651 δήπουθεν.

86 1668 160 1702 Ἔφη
253 1650 294 1693 ὅτι
315 1675 323 1691 ι
336 1650 391 1691 κὰι
408 1650 455 1691 νῦν
468 1650 579 1696 δόξασόν
595 1650 801 1698 με,ρῐῐάτερ,ντῇ
815 1661 880 1698 δόξῃ

88 1709 107 1749 ᾗ
122 1710 195 1747 εἶχον
212 1711 263 1747 πρὸ
274 1710 321 1737 τοῦ
338 1711 384 1737 τὸν
396 1710 497 1744 κόσμον
513 1707 584 1735 εἶναι
597 1709 671 1744 παρᾶ
688 1709 738 1735 eoi.
753 1718 761 1734 ι
782 1709 811 1734 '0
825 1708 878 1744 γὰρ

87 1757 133 1784 ἀεί
148 1765 179 1784 τε
197 1756 244 1783 καὶ
255 1757 283 1782 ὲν
302 1756 373 1790 ἀρχῇ
389 1755 438 1789 τῆς
452 1754 531 1788 δόξης
554 1753 651 1790 Κύριε,
666 1754 801 1789 eam“;
821 1753 877 1790 [ἴον.

84 1804 191 1840 Κύριος
217 1801 363 1838 ἀδοξήσας]
389 1800 432 1827 διὰ
458 1801 560 1835 μέσου,
579 1800 622 1826 διὰ
648 1799 695 1826 τοῦ
719 1800 879 1827 καθικέσθαι

85 1851 156 1888 πρὸς
167 1851 203 1878 τὰ
217 1849 387 1884 ἀνθρώπινα,
405 1847 474 1883 πρὸς
487 1847 535 1881 τὴν
549 1847 652 1873 ἅνωοεν
675 1846 748 1880 αὺτῷ
766 1847 814 1873 καὶ
830 1855 880 1880 φυ-

87 1897 175 1928 σικῶς
198 1895 405 1930 ἐνυπάρχουσαν
425 1892 504 1924 δόξαν
520 1892 630 1917 ὑπονοεῖ
644 1891 698 1928 [ἵσ.
718 1891 880 1928 ὐποκθοστεη,

87 1945 154 1975 τοὺς
163 1944 196 1978 τῇ
212 1941 326 1968 κενώσει
348 1939 505 1974 πρέποντας
522 1937 619 1971 λόγους
634 1937 702 1972 μετὰ
721 1937 768 1964 τοῦ
785 1937 881 1964 παθεῖν

86 1989 186 2025 αὐτὴν,
197 1989 230 2023 τῇ
247 1987 316 2024 μετὰ
331 1985 432 2021 σαρκὸς
449 1984 590 2019 οἱκονομῖᾳ
611 1983 791 2019 δωρούμενος,
808 1984 882 2010 Οὐκ-

85 2036 145 2068 οῦν,
164 2035 324 2068 ἀναγκαῖον,
342 2033 381 2059 ὅτι
399 2031 517 2067 μάλιστα
549 2030 602 2056 τῶν
622 2028 762 2062 ἄ).λων,τὺ
779 2029 879 2056 εἰδέναι

85 2081 212 2117 καιροὺς,
223 2079 284 2106 καθ’
297 2078 344 2110 οὓς
353 2077 386 2114 ἦν
399 2078 438 2104 ἔτι
454 2077 488 2104 τά
503 2086 531 2104 τε
545 2077 595 2112 τῆς
611 2077 711 2113 σαρκὸς
724 2076 771 2103 καὶ
785 2077 818 2102 τὰ
832 2077 882 2112 τῆς

933 1619 1004 1646 enim
1024 1626 1133 1652 semper
1148 1623 1173 1644 et
1189 1618 1216 1644 in
1234 1617 1370 1652 principio
1389 1623 1448 1644 erat
1466 1618 1558 1652 gloria:
1581 1617 1721 1648 Dominus,

933 1666 1034 1693 interea
1049 1665 1225 1700 ignominiam
1242 1665 1353 1692 subiens
1370 1671 1402 1691 ex
1420 1672 1451 1691 eo
1468 1665 1539 1699 quod
1556 1665 1589 1691 ad
1613 1672 1655 1690 res
1670 1664 1724 1690 ltu-

933 1719 1027 1739 mauas
1041 1711 1191 1743 descendit,
1211 1711 1244 1737 ad
1269 1707 1414 1745 supernam
1440 1715 1466 1737 et
1489 1710 1650 1737 naturaliter
1671 1710 1723 1737 sibi

933 1759 1042 1786 insitam
1064 1758 1177 1794 gloriam
1206 1759 1369 1791 revertitur,
1392 1758 1534 1785 inanitioni
1556 1762 1583 1784 et
1603 1757 1723 1792 passioni

933 1804 1128 1832 convenientes
1151 1812 1231 1832 voces
1260 1804 1442 1832 inearnationi
1471 1802 1602 1831 tribuens.
1631 1802 1725 1839 Itaque

934 1851 1052 1878 maxime
1071 1851 1192 1878 omnium
1212 1853 1394 1879 necessarium
1416 1856 1458 1880 est
1480 1857 1603 1889 tempora
1629 1851 1725 1887 digno-

935 1904 1012 1924 scere
1029 1897 1127 1932 quibus
1143 1897 1289 1924 etiamnum
1304 1906 1335 1925 ea
1360 1897 1548 1925 conducebant
1561 1905 1620 1931 qum
1632 1897 1722 1924 carnis

935 1947 998 1970 sunt
1010 1947 1037 1970 et
1053 1943 1216 1978 ignominim,
1235 1948 1264 1971 et
1279 1948 1398 1978 tempora
1415 1951 1474 1978 qua:
1496 1943 1640 1970 adventum
1655 1951 1724 1978 prai-

935 1995 1085 2023 cesserunt,
1102 1989 1211 2024 quibus.
1223 1989 1314 2024 gloria:
1327 1997 1389 2016 cum
1407 1989 1442 2016 sit
1454 1988 1596 2021 Dominus,
1610 1988 1723 2023 gloriam

935 2041 987 2060 non
1002 2035 1143 2069 accepisse
1154 2055 1162 2069 ,
1178 2035 1225 2062 sed
1248 2035 1386 2069 propriam
1405 2035 1505 2062 habere
1520 2039 1549 2061 ut
1566 2034 1639 2062 Deus
1654 2041 1724 2061 com-

935 2079 1049 2114 peritur.

85 2125 205 2158 ἀδοξίας,
217 2125 351 2160 χρήσιμα,
370 2123 418 2150 καὶ
442 2124 504 2154 τοὺς
529 2122 632 2149 ἄνωθεν
656 2122 697 2149 ἔτι
719 2123 769 2158 τῆς
789 2122 947 2159 ἐπιδημίας,
977 2125 1038 2152 καθ’
1061 2125 1108 2158 οὒς
1122 2126 1172 2162 τῆς
1199 2127 1279 2162 δόξης
1297 2126 1398 2162 Κύριος
1409 2125 1458 2158 ὢν,
1473 2125 1551 2158 δόξαν
1563 2125 1593 2151 οὺ
1623 2124 1722 2158 λασὼν,

85 2172 146 2200 ἀλλ’
166 2172 236 2208 ἔχων
256 2171 322 2198 ἰδίαν
338 2171 374 2203 ὡς
390 2170 456 2203 Θεὸς
472 2170 644 2206 εὑρίσκηται.

122 2230 155 2257 Β.
177 2229 241 2260 Πῶς
256 2225 303 2255 οὖν
324 2227 431 2263 δέχεταί
455 2236 533 2259 τινας
552 2227 607 2254 τῶν
633 2227 687 2254 ἀπὸ
709 2236 756 2254 του
782 2237 878 2263 κοσμοι

972 2217 1003 2245 Β.
1021 2216 1160 2250 Quomodo
1169 2218 1340 2254 igitursoz
1358 2225 1372 2244 a
1384 2217 1464 2245 Patre
1475 2217 1507 2244 de
1524 2217 1623 2245 mundo
1640 2225 1722 2252 quos-

87 2275 166 2312 παρὰ
181 2274 228 2302 τοῦ
250 2274 367 2310 Πατρὺς,
394 2273 459 2309 περὶ
479 2270 517 2300 ὧν
543 2273 590 2301 καί
608 2283 677 2308 φησι
699 2274 766 2309 πρὸς
781 2275 880 2302 αὐτόν·

91 2321 167 2354 (οὓς
185 2320 289 2353 ἔδωκάς
307 2328 351 2356 μοι
368 2320 400 2345 ὲκ
417 2319 464 2346 τοῦ
478 2319 591 2355 κόσμου,
610 2320 653 2346 σοὶ
664 2317 744 2356 ἦσαν,
761 2321 807 2347 καὶ
821 2321 883 2356 ἐμοὶ

87 2367 190 2399 αὐτοὺς
201 2367 305 2399 ἔδωκας
315 2375 347 2400 ςτ»

124 2414 157 2441 Δ.
181 2413 286 2440 Ulixe-3v
308 2413 363 2449 ἐρῶ
387 2413 418 2449 δή
432 2421 459 2439 τι
486 2413 586 2445 πάλιν,
611 2413 672 2444 ταῖς
695 2412 749 2439 τῶν
773 2412 882 2439 ἐννοιῶν

88 2459 218 2492 ἀτοπίαις
235 2460 276 2491 εἰς
299 2460 328 2486 τὸ
343 2460 472 2494 ἐναρχαῖς
493 2459 705 2493 συνωθούμενος.
722 2458 828 2494 Μάτην,
844 2458 882 2490 ὡς

89 2507 189 2539 ἔοικεν,
199 2505 369 2533 κεκενῶσθαι
381 2505 500 2540 λέγεται.
517 2506 563 2531 καὶ
577 2505 601 2531 ει
615 2505 709 2539 γέγονε
721 2504 780 2531 καθ’
796 2505 880 2539 ἡμᾶς,

87 2553 102 2580 ὁ
120 2553 149 2579 ὲν
167 2553 259 2588 μορφῇ
271 2552 319 2579 καὶ
338 2551 442 2587 ἰσότητι
456 2551 503 2578 τοῦ
523 2551 630 2586 Πατρὸς
647 2551 711 2582 Υἱὺς
723 2551 880 2585 μονογενής.

88 2599 120 2626 Ει
142 2598 199 2635 γὰρ
214 2598 374 2634 εῑσποίητον
391 2598 448 2634 ἔχει
467 2598 498 2624 τὸ
519 2597 618 2633 χρῆναι
640 2598 759 2632 κρατεῖν,
781 2597 828 2623 καὶ
840 2596 882 2622 δὲ-

87 2644 167 2681 κεταί
195 2653 273 2676 τινας
298 2644 376 2680 παρὰ
392 2643 439 2671 τοῦ
458 2643 577 2676 Πατοὸς,
594 2642 639 2675 οὓς
659 2643 723 2678 πρὶν
742 2643 810 2677 ἔχων
834 2643 884 2678 οὐχ

123 2748 228 2778 ‘Joan.
243 2755 311 2782 XVII,
324 2748 351 2775 ι.
389 2748 399 2763 ⁷
414 2747 481 2774 Ibid.
497 2747 526 2774 5.
562 2747 573 2762 ⁵
586 2746 653 2773 Ibid.
673 2747 696 2773 ti.

125 2839 166 2873 (I)
186 2837 282 2865 (Ecol.
300 2836 340 2873 sic
356 2835 437 2873 vertit
453 2834 592 2873 sequentia
610 2842 615 2860 :
631 2843 639 2873 ι
654 2832 760 2859 Nullam
774 2832 878 2873 balteus

87 2867 236 2902 utilitatem
257 2878 290 2899 ex
314 2867 500 2903 humanitate;
515 2869 690 2896 nihilominus
715 2867 877 2903 sacriﬁcium

89 2909 195 2945 peregi,
211 2907 336 2944 quamvis
352 2907 380 2934 in
399 2902 533 2934 carne'ac
556 2904 687 2938 sanguine
710 2910 808 2931 essem.
825 2902 880 2929 Cur

933 2266 994 2293 dam
1025 2265 1141 2300 accipit,
1171 2265 1205 2292 de
1228 2265 1328 2299 quibus
1353 2264 1434 2292 etiam
1463 2265 1496 2291 ad
1525 2264 1612 2298 ipsum
1641 2265 1721 2291 inﬁt:

935 2321 944 2337 ι
965 2312 1038 2344 Quos
1056 2310 1152 2338 dedisti
1176 2311 1242 2337 mihi
1262 2312 1294 2339 de
1317 2311 1429 2343 mundo,
1455 2311 1490 2337 tui
1507 2315 1595 2343 erant,
1608 2316 1636 2338 et
1656 2311 1722 2338 milii

932 2365 978 2386 eos
996 2357 1092 2384 dedisti
1104 2356 1131 2384 εἳ
1148 2366 1157 2382 ι

968 2403 1001 2430 Α.
1024 2404 1079 2438 Ego
1099 2409 1173 2430 certe
1197 2402 1298 2437 aliquid
1325 2411 1418 2430 rursus
1433 2403 1532 2434 dicam,
1555 2402 1723 2430 absurditate

934 2451 1067 2477 rationum
1085 2449 1118 2475 ad
1135 2449 1160 2475 id
1175 2449 1246 2482 quod
1260 2449 1337 2475 initio
1352 2449 1405 2476 dixi
1419 2449 1506 2476 redire
1519 2453 1638 2476 coaetus.
1653 2448 1723 2475 Fru—

935 2501 1001 2529 stra,
1023 2500 1053 2523 ut
1070 2496 1187 2528 videtur,
1201 2494 1358 2522 exinanitus
1375 2495 1485 2527 dicitur,
1509 2495 1615 2522 tametsi
1636 2494 1721 2521 nostri

935 2543 1032 2572 similis
1052 2543 1139 2570 factus
1151 2545 1193 2569 est
1208 2541 1235 2567 in
1256 2541 1342 2567 forma
1359 2546 1386 2567 et
1398 2541 1553 2576 aequalitate
1566 2541 1654 2568 Patris
1670 2548 1721 2567 ex-

935 2592 1034 2620 sistens
1049 2591 1133 2618 Filius
1152 2588 1316 2624 unigenitus.
1340 2588 1407 2615 Nam
1428 2589 1452 2615 si
1475 2588 1620 2616 aseititium
1640 2587 1722 2615 habet

939 2640 1092 2676 imperium,
1116 2642 1143 2666 et
1159 2637 1288 2673 quosdam
1309 2636 1407 2670 accipit
1427 2643 1443 2663 a
1465 2635 1545 2663 Patre
1558 2643 1629 2670 quos
1647 2635 1722 2670 prius

932 2831 1032 2865 igitur?
1047 2831 1108 2864 quia
1129 2836 1161 2855 ex
1175 2834 1218 2855 tua
1239 2832 1320 2865 natus
1337 2833 1396 2852 sum
1417 2823 1576 2856 substantia,
1592 2830 1625 2852 ex
1641 2831 1725 2859 atquo.

932 2863 1060 2893 virtutem
1074 2865 1173 2892 habere
1183 2863 1289 2891 credar.
1306 2871 1316 2887 ι
