  <div class='ocr_page' id='page_1' title='image "/cluster/home/n/w/nwhite01/storage/ocr_20150623/75/njp.32101077772786/603.png"; bbox 0 0 1937 3036; ppageno 0'>
   <div class='ocr_carea' id='block_1_1' title="bbox 226 156 295 185">
    <p class='ocr_par' dir='ltr' id='par_1_1' title="bbox 226 156 295 185">
     <span class='ocr_line' id='line_1_1' title="bbox 226 156 295 185; baseline -0.029 0"><span class='ocrx_word' id='word_1_1' title='bbox 226 156 295 185; x_wconf 70' lang='grc'><strong>1327</strong></span> 
     </span>
    </p>
   </div>
   <div class='ocr_carea' id='block_1_2' title="bbox 715 153 1338 185">
    <p class='ocr_par' dir='ltr' id='par_1_2' title="bbox 715 153 1338 185">
     <span class='ocr_line' id='line_1_2' title="bbox 715 153 1338 185; baseline -0.005 0"><span class='ocrx_word' id='word_1_2' title='bbox 715 157 745 185; x_wconf 87' lang='lat' dir='ltr'><strong>S.</strong></span> <span class='ocrx_word' id='word_1_3' title='bbox 763 155 902 185; x_wconf 80' lang='lat' dir='ltr'><strong>CYRILLI</strong></span> <span class='ocrx_word' id='word_1_4' title='bbox 921 154 1156 184; x_wconf 74' lang='lat' dir='ltr'><strong>ALEXANDBINI</strong></span> <span class='ocrx_word' id='word_1_5' title='bbox 1176 153 1338 183; x_wconf 74' lang='lat' dir='ltr'><strong>ARCHIEP.</strong></span> 
     </span>
    </p>
   </div>
   <div class='ocr_carea' id='block_1_3' title="bbox 1790 151 1856 179">
    <p class='ocr_par' dir='ltr' id='par_1_3' title="bbox 1790 151 1856 179">
     <span class='ocr_line' id='line_1_3' title="bbox 1790 151 1856 179; baseline 0 -1"><span class='ocrx_word' id='word_1_6' title='bbox 1790 151 1856 179; x_wconf 67' lang='lat'><strong>[0‘18</strong></span> 
     </span>
    </p>
   </div>
   <div class='ocr_carea' id='block_1_4' title="bbox 225 210 1018 250">
    <p class='ocr_par' dir='ltr' id='par_1_4' title="bbox 225 213 1013 249">
     <span class='ocr_line' id='line_1_4' title="bbox 225 213 1013 249; baseline 0.001 -8"><span class='ocrx_word' id='word_1_7' title='bbox 225 222 279 242; x_wconf 91' lang='lat' dir='ltr'><strong>non</strong></span> <span class='ocrx_word' id='word_1_8' title='bbox 295 213 395 242; x_wconf 84' lang='lat' dir='ltr'><strong>habere</strong></span> <span class='ocrx_word' id='word_1_9' title='bbox 411 214 543 247; x_wconf 86' lang='lat' dir='ltr'><strong>cernitur,</strong></span> <span class='ocrx_word' id='word_1_10' title='bbox 564 214 627 242; x_wconf 84' lang='lat' dir='ltr'><strong>novi</strong></span> <span class='ocrx_word' id='word_1_11' title='bbox 647 214 748 249; x_wconf 87' lang='lat' dir='ltr'><strong>aliquid</strong></span> <span class='ocrx_word' id='word_1_12' title='bbox 763 215 874 246; x_wconf 86' lang='lat' dir='ltr'><strong>accidit,</strong></span> <span class='ocrx_word' id='word_1_13' title='bbox 889 220 919 242; x_wconf 91' lang='lat' dir='ltr'><strong>ut</strong></span> <span class='ocrx_word' id='word_1_14' title='bbox 934 222 1013 242; x_wconf 86' lang='lat' dir='ltr'><strong>vero-</strong></span> 
     </span>
    </p>
   </div>
   <div class='ocr_carea' id='block_1_5' title="bbox 1073 210 1858 250">
    <p class='ocr_par' dir='ltr' id='par_1_5' title="bbox 1073 210 1858 250">
     <span class='ocr_line' id='line_1_5' title="bbox 1073 210 1858 250; baseline -0.005 -10"><span class='ocrx_word' id='word_1_15' title='bbox 1073 215 1169 249; x_wconf 76' lang='grc' dir='ltr'>ιρᾱται,</span> <span class='ocrx_word' id='word_1_16' title='bbox 1180 213 1412 250; x_wconf 82' lang='grc' dir='ltr'>κεκαινούργηταί</span> <span class='ocrx_word' id='word_1_17' title='bbox 1424 222 1450 240; x_wconf 85' lang='grc' dir='ltr'><strong>τι</strong></span> <span class='ocrx_word' id='word_1_18' title='bbox 1460 213 1530 241; x_wconf 80' lang='grc' dir='ltr'>κατὰ</span> <span class='ocrx_word' id='word_1_19' title='bbox 1543 213 1573 240; x_wconf 77' lang='grc' dir='ltr'><strong>τὺ</strong></span> <span class='ocrx_word' id='word_1_20' title='bbox 1587 212 1661 244; x_wconf 78' lang='grc' dir='ltr'>είκδς</span> <span class='ocrx_word' id='word_1_21' title='bbox 1673 211 1716 246; x_wconf 71' lang='grc' dir='ltr'><strong>ἐφ’</strong></span> <span class='ocrx_word' id='word_1_22' title='bbox 1731 210 1798 245; x_wconf 66' lang='grc' dir='ltr'>Υίῷ,</span> <span class='ocrx_word' id='word_1_23' title='bbox 1811 211 1858 237; x_wconf 77' lang='grc' dir='ltr'>καὶ</span> 
     </span>
    </p>
   </div>
   <div class='ocr_carea' id='block_1_6' title="bbox 224 260 1017 296">
    <p class='ocr_par' dir='ltr' id='par_1_6' title="bbox 224 260 1017 296">
     <span class='ocr_line' id='line_1_6' title="bbox 224 260 1017 296; baseline 0 -8"><span class='ocrx_word' id='word_1_24' title='bbox 224 260 313 288; x_wconf 77' lang='lat' dir='ltr'><strong>simile</strong></span> <span class='ocrx_word' id='word_1_25' title='bbox 338 265 392 294; x_wconf 84' lang='lat' dir='ltr'><strong>est,</strong></span> <span class='ocrx_word' id='word_1_26' title='bbox 412 261 438 288; x_wconf 92' lang='lat' dir='ltr'><strong>in</strong></span> <span class='ocrx_word' id='word_1_27' title='bbox 462 260 540 293; x_wconf 88' lang='lat' dir='ltr'><strong>Filio,</strong></span> <span class='ocrx_word' id='word_1_28' title='bbox 557 265 584 288; x_wconf 76' lang='lat' dir='ltr'><strong>et</strong></span> <span class='ocrx_word' id='word_1_29' title='bbox 606 260 705 288; x_wconf 82' lang='lat' dir='ltr'><strong>exinde</strong></span> <span class='ocrx_word' id='word_1_30' title='bbox 726 260 838 295; x_wconf 86' lang='lat' dir='ltr'><strong>gloriam</strong></span> <span class='ocrx_word' id='word_1_31' title='bbox 856 261 964 296; x_wconf 86' lang='lat' dir='ltr'><strong>accipit.</strong></span> <span class='ocrx_word' id='word_1_32' title='bbox 990 267 1017 288; x_wconf 85' lang='lat' dir='ltr'><strong>et</strong></span> 
     </span>
    </p>
   </div>
   <div class='ocr_carea' id='block_1_7' title="bbox 224 306 1015 341">
    <p class='ocr_par' dir='ltr' id='par_1_7' title="bbox 224 306 1015 341">
     <span class='ocr_line' id='line_1_7' title="bbox 224 306 1015 341; baseline 0.001 -8"><span class='ocrx_word' id='word_1_33' title='bbox 224 307 311 341; x_wconf 86' lang='lat' dir='ltr'><strong>gratia</strong></span> <span class='ocrx_word' id='word_1_34' title='bbox 325 307 410 341; x_wconf 86' lang='lat' dir='ltr'><strong>ipsum</strong></span> <span class='ocrx_word' id='word_1_35' title='bbox 426 306 623 341; x_wconf 88' lang='lat' dir='ltr'><strong>quodammodo</strong></span> <span class='ocrx_word' id='word_1_36' title='bbox 637 306 745 333; x_wconf 90' lang='lat' dir='ltr'><strong>deducit</strong></span> <span class='ocrx_word' id='word_1_37' title='bbox 759 306 793 332; x_wconf 86' lang='lat' dir='ltr'><strong>ad</strong></span> <span class='ocrx_word' id='word_1_38' title='bbox 810 307 896 340; x_wconf 80' lang='lat' dir='ltr'><strong>majus</strong></span> <span class='ocrx_word' id='word_1_39' title='bbox 912 307 1015 340; x_wconf 88' lang='lat' dir='ltr'><strong>aliquid</strong></span> 
     </span>
    </p>
   </div>
   <div class='ocr_carea' id='block_1_8' title="bbox 224 351 1016 386">
    <p class='ocr_par' dir='ltr' id='par_1_8' title="bbox 224 351 1016 386">
     <span class='ocr_line' id='line_1_8' title="bbox 224 351 1016 386; baseline 0 -8"><span class='ocrx_word' id='word_1_40' title='bbox 224 360 257 379; x_wconf 87' lang='lat' dir='ltr'><strong>ac</strong></span> <span class='ocrx_word' id='word_1_41' title='bbox 271 353 443 386; x_wconf 65' lang='lat' dir='ltr'><strong>praestantius</strong></span> <span class='ocrx_word' id='word_1_42' title='bbox 457 359 537 386; x_wconf 77' lang='lat' dir='ltr'><strong>quam</strong></span> <span class='ocrx_word' id='word_1_43' title='bbox 555 351 630 385; x_wconf 90' lang='lat' dir='ltr'><strong>prius</strong></span> <span class='ocrx_word' id='word_1_44' title='bbox 642 356 712 378; x_wconf 86' lang='lat' dir='ltr'><strong>erat.</strong></span> <span class='ocrx_word' id='word_1_45' title='bbox 725 351 760 378; x_wconf 82' lang='lat' dir='ltr'><strong>At</strong></span> <span class='ocrx_word' id='word_1_46' title='bbox 775 359 894 386; x_wconf 88' lang='lat' dir='ltr'><strong>quonam</strong></span> <span class='ocrx_word' id='word_1_47' title='bbox 909 352 1016 379; x_wconf 75' lang='lat' dir='ltr'><strong>abitura</strong></span> 
     </span>
    </p>
   </div>
   <div class='ocr_carea' id='block_1_9' title="bbox 224 396 1017 425">
    <p class='ocr_par' dir='ltr' id='par_1_9' title="bbox 224 396 1017 425">
     <span class='ocr_line' id='line_1_9' title="bbox 224 396 1017 425; baseline 0.001 -1"><span class='ocrx_word' id='word_1_48' title='bbox 224 397 332 424; x_wconf 84' lang='lat' dir='ltr'><strong>demum</strong></span> <span class='ocrx_word' id='word_1_49' title='bbox 343 403 383 424; x_wconf 84' lang='lat' dir='ltr'><strong>est</strong></span> <span class='ocrx_word' id='word_1_50' title='bbox 393 396 437 424; x_wconf 85' lang='lat' dir='ltr'><strong>illa</strong></span> <span class='ocrx_word' id='word_1_51' title='bbox 452 397 624 425; x_wconf 85' lang='lat' dir='ltr'><strong>demissionis</strong></span> <span class='ocrx_word' id='word_1_52' title='bbox 638 397 725 424; x_wconf 87' lang='lat' dir='ltr'><strong>ratio?</strong></span> <span class='ocrx_word' id='word_1_53' title='bbox 738 403 784 424; x_wconf 90' lang='lat' dir='ltr'><strong>aut</strong></span> <span class='ocrx_word' id='word_1_54' title='bbox 798 398 906 424; x_wconf 84' lang='lat' dir='ltr'><strong>ubinam</strong></span> <span class='ocrx_word' id='word_1_55' title='bbox 922 399 1017 425; x_wconf 85' lang='lat' dir='ltr'><strong>exina-</strong></span> 
     </span>
    </p>
   </div>
   <div class='ocr_carea' id='block_1_10' title="bbox 225 441 1016 477">
    <p class='ocr_par' dir='ltr' id='par_1_10' title="bbox 225 441 1016 477">
     <span class='ocr_line' id='line_1_10' title="bbox 225 441 1016 477; baseline -0.001 -7"><span class='ocrx_word' id='word_1_56' title='bbox 225 443 311 470; x_wconf 89' lang='lat' dir='ltr'><strong>nitum</strong></span> <span class='ocrx_word' id='word_1_57' title='bbox 329 444 413 477; x_wconf 88' lang='lat' dir='ltr'><strong>ipsum</strong></span> <span class='ocrx_word' id='word_1_58' title='bbox 428 443 542 475; x_wconf 87' lang='lat' dir='ltr'><strong>videbis,</strong></span> <span class='ocrx_word' id='word_1_59' title='bbox 555 441 576 470; x_wconf 89' lang='lat' dir='ltr'><strong>si</strong></span> <span class='ocrx_word' id='word_1_60' title='bbox 592 442 671 477; x_wconf 81' lang='lat' dir='ltr'><strong>plane</strong></span> <span class='ocrx_word' id='word_1_61' title='bbox 685 443 903 477; x_wconf 77' lang='lat' dir='ltr'><strong>deprehendetur</strong></span> <span class='ocrx_word' id='word_1_62' title='bbox 916 443 1016 477; x_wconf 85' lang='lat' dir='ltr'><strong>aliquid</strong></span> 
     </span>
    </p>
   </div>
   <div class='ocr_carea' id='block_1_11' title="bbox 225 488 1015 524">
    <p class='ocr_par' dir='ltr' id='par_1_11' title="bbox 225 488 1015 524">
     <span class='ocr_line' id='line_1_11' title="bbox 225 488 1015 524; baseline -0.003 -8"><span class='ocrx_word' id='word_1_63' title='bbox 225 488 326 516; x_wconf 85' lang='lat' dir='ltr'><strong>habere</strong></span> <span class='ocrx_word' id='word_1_64' title='bbox 349 488 418 523; x_wconf 87' lang='lat' dir='ltr'><strong>quod</strong></span> <span class='ocrx_word' id='word_1_65' title='bbox 434 489 510 523; x_wconf 87' lang='lat' dir='ltr'><strong>prius</strong></span> <span class='ocrx_word' id='word_1_66' title='bbox 530 495 581 515; x_wconf 90' lang='lat' dir='ltr'><strong>non</strong></span> <span class='ocrx_word' id='word_1_67' title='bbox 604 488 702 520; x_wconf 78' lang='lat' dir='ltr'><strong>iuerat,</strong></span> <span class='ocrx_word' id='word_1_68' title='bbox 720 492 746 515; x_wconf 93' lang='lat' dir='ltr'><strong>ct</strong></span> <span class='ocrx_word' id='word_1_69' title='bbox 772 489 915 523; x_wconf 85' lang='lat' dir='ltr'><strong>quamdam</strong></span> <span class='ocrx_word' id='word_1_70' title='bbox 934 489 1015 524; x_wconf 83' lang='lat' dir='ltr'><strong>veluti</strong></span> 
     </span>
    </p>
   </div>
   <div class='ocr_carea' id='block_1_12' title="bbox 226 534 1015 569">
    <p class='ocr_par' dir='ltr' id='par_1_12' title="bbox 226 534 1015 569">
     <span class='ocr_line' id='line_1_12' title="bbox 226 534 1015 569; baseline 0 -8"><span class='ocrx_word' id='word_1_71' title='bbox 226 534 376 561; x_wconf 87' lang='lat' dir='ltr'><strong>mercedem</strong></span> <span class='ocrx_word' id='word_1_72' title='bbox 401 542 431 560; x_wconf 90' lang='lat' dir='ltr'><strong>ac</strong></span> <span class='ocrx_word' id='word_1_73' title='bbox 458 535 704 562; x_wconf 73' lang='lat' dir='ltr'><strong>remunerationem</strong></span> <span class='ocrx_word' id='word_1_74' title='bbox 728 535 870 569; x_wconf 81' lang='lat' dir='ltr'><strong>consequi,</strong></span> <span class='ocrx_word' id='word_1_75' title='bbox 894 535 966 561; x_wconf 86' lang='lat' dir='ltr'><strong>illam</strong></span> <span class='ocrx_word' id='word_1_76' title='bbox 989 535 1015 561; x_wconf 90' lang='lat' dir='ltr'><strong>in</strong></span> 
     </span>
    </p>
   </div>
   <div class='ocr_carea' id='block_1_13' title="bbox 223 577 529 613">
    <p class='ocr_par' dir='ltr' id='par_1_13' title="bbox 223 577 529 613">
     <span class='ocr_line' id='line_1_13' title="bbox 223 577 529 613; baseline -0.003 -8"><span class='ocrx_word' id='word_1_77' title='bbox 223 578 327 612; x_wconf 73' lang='lat' dir='ltr'><strong>aliquos</strong></span> <span class='ocrx_word' id='word_1_78' title='bbox 349 577 529 613; x_wconf 82' lang='lat' dir='ltr'><strong>potestatem?</strong></span> 
     </span>
    </p>
   </div>
   <div class='ocr_carea' id='block_1_14' title="bbox 257 623 472 652">
    <p class='ocr_par' dir='ltr' id='par_1_14' title="bbox 257 623 472 652">
     <span class='ocr_line' id='line_1_14' title="bbox 257 623 472 652; baseline 0 -1"><span class='ocrx_word' id='word_1_79' title='bbox 257 623 288 651; x_wconf 88' lang='lat' dir='ltr'><strong>B.</strong></span> <span class='ocrx_word' id='word_1_80' title='bbox 308 624 343 650; x_wconf 73' lang='lat' dir='ltr'><strong>Itzt</strong></span> <span class='ocrx_word' id='word_1_81' title='bbox 360 632 402 651; x_wconf 84' lang='lat' dir='ltr'><strong>res</strong></span> <span class='ocrx_word' id='word_1_82' title='bbox 418 627 472 652; x_wconf 72' lang='lat' dir='ltr'><strong>est.</strong></span> 
     </span>
    </p>
   </div>
   <div class='ocr_carea' id='block_1_15' title="bbox 258 667 1015 706">
    <p class='ocr_par' dir='ltr' id='par_1_15' title="bbox 258 667 1015 706">
     <span class='ocr_line' id='line_1_15' title="bbox 258 667 1015 706; baseline 0 -10"><span class='ocrx_word' id='word_1_83' title='bbox 258 671 291 697; x_wconf 74' lang='grc' dir='ltr'><strong>Α.</strong></span> <span class='ocrx_word' id='word_1_84' title='bbox 314 667 457 697; x_wconf 82' lang='lat' dir='ltr'><strong>Mentictur</strong></span> <span class='ocrx_word' id='word_1_85' title='bbox 470 675 559 698; x_wconf 84' lang='lat' dir='ltr'><strong>autem</strong></span> <span class='ocrx_word' id='word_1_86' title='bbox 578 671 635 706; x_wconf 90' lang='lat' dir='ltr'><strong>ipse</strong></span> <span class='ocrx_word' id='word_1_87' title='bbox 649 679 756 706; x_wconf 79' lang='lat' dir='ltr'><strong>quoque</strong></span> <span class='ocrx_word' id='word_1_88' title='bbox 766 671 874 705; x_wconf 82' lang='lat' dir='ltr'><strong>sapiens</strong></span> <span class='ocrx_word' id='word_1_89' title='bbox 886 670 1015 703; x_wconf 79' lang='lat' dir='ltr'><strong>Joannes,</strong></span> 
     </span>
    </p>
   </div>
   <div class='ocr_carea' id='block_1_16' title="bbox 222 717 1017 755">
    <p class='ocr_par' dir='ltr' id='par_1_16' title="bbox 222 717 1017 755">
     <span class='ocr_line' id='line_1_16' title="bbox 222 717 1017 755; baseline 0.001 -12"><span class='ocrx_word' id='word_1_90' title='bbox 222 721 252 744; x_wconf 89' lang='lat' dir='ltr'><strong>ut</strong></span> <span class='ocrx_word' id='word_1_91' title='bbox 269 717 384 750; x_wconf 87' lang='lat' dir='ltr'><strong>videtur,</strong></span> <span class='ocrx_word' id='word_1_92' title='bbox 402 717 424 744; x_wconf 88' lang='lat' dir='ltr'><strong>si</strong></span> <span class='ocrx_word' id='word_1_93' title='bbox 442 717 514 744; x_wconf 84' lang='lat' dir='ltr'><strong>dicat</strong></span> <span class='ocrx_word' id='word_1_94' title='bbox 529 718 562 744; x_wconf 88' lang='lat' dir='ltr'><strong>de</strong></span> <span class='ocrx_word' id='word_1_95' title='bbox 581 718 638 753; x_wconf 89' lang='lat' dir='ltr'><strong>ipso</strong></span> <span class='ocrx_word' id='word_1_96' title='bbox 652 727 686 755; x_wconf 25' lang='lat' dir='ltr'><strong>:kr</strong></span> <span class='ocrx_word' id='word_1_97' title='bbox 700 719 727 745; x_wconf 93' lang='lat' dir='ltr'><strong>ln</strong></span> <span class='ocrx_word' id='word_1_98' title='bbox 751 718 860 752; x_wconf 77' lang='lat' dir='ltr'><strong>propria</strong></span> <span class='ocrx_word' id='word_1_99' title='bbox 880 718 965 747; x_wconf 81' lang='lat' dir='ltr'><strong>venit.</strong></span> <span class='ocrx_word' id='word_1_100' title='bbox 990 722 1017 744; x_wconf 90' lang='lat' dir='ltr'><strong>et</strong></span> 
     </span>
    </p>
   </div>
   <div class='ocr_carea' id='block_1_17' title="bbox 223 762 1017 798">
    <p class='ocr_par' dir='ltr' id='par_1_17' title="bbox 223 762 1017 798">
     <span class='ocr_line' id='line_1_17' title="bbox 223 762 1017 798; baseline 0 -9"><span class='ocrx_word' id='word_1_101' title='bbox 223 764 264 790; x_wconf 89' lang='lat' dir='ltr'><strong>sui</strong></span> <span class='ocrx_word' id='word_1_102' title='bbox 286 770 348 790; x_wconf 88' lang='lat' dir='ltr'><strong>eum</strong></span> <span class='ocrx_word' id='word_1_103' title='bbox 366 770 420 790; x_wconf 92' lang='lat' dir='ltr'><strong>non</strong></span> <span class='ocrx_word' id='word_1_104' title='bbox 444 762 637 798; x_wconf 75' lang='lat' dir='ltr'><strong>rccepcrunt’.</strong></span> <span class='ocrx_word' id='word_1_105' title='bbox 661 773 670 790; x_wconf 78' lang='grc' dir='ltr'><strong>ι</strong></span> <span class='ocrx_word' id='word_1_106' title='bbox 697 763 838 797; x_wconf 84' lang='lat' dir='ltr'><strong>Quomodo</strong></span> <span class='ocrx_word' id='word_1_107' title='bbox 855 763 928 789; x_wconf 88' lang='lat' dir='ltr'><strong>enim</strong></span> <span class='ocrx_word' id='word_1_108' title='bbox 953 770 1017 797; x_wconf 90' lang='lat' dir='ltr'><strong>pro-</strong></span> 
     </span>
    </p>
   </div>
   <div class='ocr_carea' id='block_1_18' title="bbox 222 808 1016 846">
    <p class='ocr_par' dir='ltr' id='par_1_18' title="bbox 222 808 1016 846">
     <span class='ocr_line' id='line_1_18' title="bbox 222 808 1016 846; baseline -0.003 -11"><span class='ocrx_word' id='word_1_109' title='bbox 222 810 309 845; x_wconf 88' lang='lat' dir='ltr'><strong>prium</strong></span> <span class='ocrx_word' id='word_1_110' title='bbox 331 813 373 846; x_wconf 73' lang='lat' dir='ltr'><strong>est</strong></span> <span class='ocrx_word' id='word_1_111' title='bbox 391 808 466 842; x_wconf 87' lang='lat' dir='ltr'><strong>ejus,</strong></span> <span class='ocrx_word' id='word_1_112' title='bbox 489 808 515 836; x_wconf 91' lang='lat' dir='ltr'><strong>id</strong></span> <span class='ocrx_word' id='word_1_113' title='bbox 540 810 611 844; x_wconf 86' lang='lat' dir='ltr'><strong>quod</strong></span> <span class='ocrx_word' id='word_1_114' title='bbox 641 810 702 840; x_wconf 75' lang='lat' dir='ltr'><strong>vix.</strong></span> <span class='ocrx_word' id='word_1_115' title='bbox 724 814 751 836; x_wconf 90' lang='lat' dir='ltr'><strong>et</strong></span> <span class='ocrx_word' id='word_1_116' title='bbox 773 814 918 843; x_wconf 87' lang='lat' dir='ltr'><strong>postremo,</strong></span> <span class='ocrx_word' id='word_1_117' title='bbox 937 813 963 834; x_wconf 91' lang='lat' dir='ltr'><strong>et</strong></span> <span class='ocrx_word' id='word_1_118' title='bbox 983 808 1016 834; x_wconf 83' lang='lat' dir='ltr'><strong>ab</strong></span> 
     </span>
    </p>
   </div>
   <div class='ocr_carea' id='block_1_19' title="bbox 222 853 1011 889">
    <p class='ocr_par' dir='ltr' id='par_1_19' title="bbox 222 853 1011 889">
     <span class='ocr_line' id='line_1_19' title="bbox 222 853 1011 889; baseline -0.004 -7"><span class='ocrx_word' id='word_1_119' title='bbox 222 856 275 883; x_wconf 84' lang='lat' dir='ltr'><strong>alio</strong></span> <span class='ocrx_word' id='word_1_120' title='bbox 291 855 382 882; x_wconf 84' lang='lat' dir='ltr'><strong>datum</strong></span> <span class='ocrx_word' id='word_1_121' title='bbox 400 854 459 882; x_wconf 86' lang='lat' dir='ltr'><strong>est?</strong></span> <span class='ocrx_word' id='word_1_122' title='bbox 481 855 516 881; x_wconf 83' lang='lat' dir='ltr'><strong>At</strong></span> <span class='ocrx_word' id='word_1_123' title='bbox 540 855 681 881; x_wconf 80' lang='lat' dir='ltr'><strong>innumera</strong></span> <span class='ocrx_word' id='word_1_124' title='bbox 706 853 785 889; x_wconf 79' lang='lat' dir='ltr'><strong>plane</strong></span> <span class='ocrx_word' id='word_1_125' title='bbox 808 859 929 888; x_wconf 79' lang='lat' dir='ltr'><strong>tempora</strong></span> <span class='ocrx_word' id='word_1_126' title='bbox 948 861 1011 888; x_wconf 69' lang='lat' dir='ltr'><strong>prm-</strong></span> 
     </span>
    </p>
   </div>
   <div class='ocr_carea' id='block_1_20' title="bbox 223 899 1013 936">
    <p class='ocr_par' dir='ltr' id='par_1_20' title="bbox 223 899 1013 936">
     <span class='ocr_line' id='line_1_20' title="bbox 223 899 1013 936; baseline -0.004 -8"><span class='ocrx_word' id='word_1_127' title='bbox 223 902 321 930; x_wconf 85' lang='lat' dir='ltr'><strong>tericre</strong></span> <span class='ocrx_word' id='word_1_128' title='bbox 338 901 436 936; x_wconf 82' lang='lat' dir='ltr'><strong>quibus</strong></span> <span class='ocrx_word' id='word_1_129' title='bbox 452 899 534 928; x_wconf 88' lang='lat' dir='ltr'><strong>Filius</strong></span> <span class='ocrx_word' id='word_1_130' title='bbox 549 905 699 927; x_wconf 74' lang='lat' dir='ltr'><strong>coaeternus</strong></span> <span class='ocrx_word' id='word_1_131' title='bbox 719 905 777 927; x_wconf 85' lang='lat' dir='ltr'><strong>erat</strong></span> <span class='ocrx_word' id='word_1_132' title='bbox 799 901 854 927; x_wconf 83' lang='lat' dir='ltr'><strong>Deo</strong></span> <span class='ocrx_word' id='word_1_133' title='bbox 875 907 906 926; x_wconf 92' lang='lat' dir='ltr'><strong>ac</strong></span> <span class='ocrx_word' id='word_1_134' title='bbox 928 899 1013 926; x_wconf 78' lang='lat' dir='ltr'><strong>Patri.</strong></span> 
     </span>
    </p>
   </div>
   <div class='ocr_carea' id='block_1_21' title="bbox 223 945 1012 982">
    <p class='ocr_par' dir='ltr' id='par_1_21' title="bbox 223 945 1012 982">
     <span class='ocr_line' id='line_1_21' title="bbox 223 945 1012 982; baseline -0.005 -7"><span class='ocrx_word' id='word_1_135' title='bbox 223 948 299 982; x_wconf 87' lang='lat' dir='ltr'><strong>Quod</strong></span> <span class='ocrx_word' id='word_1_136' title='bbox 316 949 338 975; x_wconf 87' lang='lat' dir='ltr'><strong>si</strong></span> <span class='ocrx_word' id='word_1_137' title='bbox 352 953 493 982; x_wconf 80' lang='lat' dir='ltr'><strong>postquam</strong></span> <span class='ocrx_word' id='word_1_138' title='bbox 511 947 590 974; x_wconf 85' lang='lat' dir='ltr'><strong>homo</strong></span> <span class='ocrx_word' id='word_1_139' title='bbox 608 946 694 974; x_wconf 80' lang='lat' dir='ltr'><strong>factus</strong></span> <span class='ocrx_word' id='word_1_140' title='bbox 708 952 759 978; x_wconf 83' lang='lat' dir='ltr'><strong>est,</strong></span> <span class='ocrx_word' id='word_1_141' title='bbox 773 946 806 973; x_wconf 92' lang='lat' dir='ltr'><strong>de</strong></span> <span class='ocrx_word' id='word_1_142' title='bbox 821 946 920 973; x_wconf 84' lang='lat' dir='ltr'><strong>mundo</strong></span> <span class='ocrx_word' id='word_1_143' title='bbox 941 945 1012 972; x_wconf 79' lang='lat' dir='ltr'><strong>sele-</strong></span> 
     </span>
    </p>
   </div>
   <div class='ocr_carea' id='block_1_22' title="bbox 223 990 1016 1029">
    <p class='ocr_par' dir='ltr' id='par_1_22' title="bbox 223 990 1016 1029">
     <span class='ocr_line' id='line_1_22' title="bbox 223 990 1016 1029; baseline -0.005 -8"><span class='ocrx_word' id='word_1_144' title='bbox 223 1000 282 1022; x_wconf 90' lang='lat' dir='ltr'><strong>ctos</strong></span> <span class='ocrx_word' id='word_1_145' title='bbox 300 994 407 1029; x_wconf 82' lang='lat' dir='ltr'><strong>accipit,</strong></span> <span class='ocrx_word' id='word_1_146' title='bbox 424 998 451 1020; x_wconf 85' lang='lat' dir='ltr'><strong>et</strong></span> <span class='ocrx_word' id='word_1_147' title='bbox 465 991 534 1020; x_wconf 84' lang='lat' dir='ltr'><strong>hanc</strong></span> <span class='ocrx_word' id='word_1_148' title='bbox 550 992 651 1026; x_wconf 77' lang='lat' dir='ltr'><strong>sceptri</strong></span> <span class='ocrx_word' id='word_1_149' title='bbox 668 992 814 1018; x_wconf 69' lang='lat' dir='ltr'><strong>ueritatem</strong></span> <span class='ocrx_word' id='word_1_150' title='bbox 836 990 1016 1024; x_wconf 75' lang='lat' dir='ltr'><strong>assumpsisse</strong></span> 
     </span>
    </p>
   </div>
   <div class='ocr_carea' id='block_1_23' title="bbox 223 1034 1015 1071">
    <p class='ocr_par' dir='ltr' id='par_1_23' title="bbox 223 1034 1015 1071">
     <span class='ocr_line' id='line_1_23' title="bbox 223 1034 1015 1071; baseline -0.005 -4"><span class='ocrx_word' id='word_1_151' title='bbox 223 1040 360 1071; x_wconf 82' lang='lat' dir='ltr'><strong>cernitur,</strong></span> <span class='ocrx_word' id='word_1_152' title='bbox 381 1038 468 1066; x_wconf 85' lang='lat' dir='ltr'><strong>dicam</strong></span> <span class='ocrx_word' id='word_1_153' title='bbox 492 1039 622 1065; x_wconf 81' lang='lat' dir='ltr'><strong>audacter</strong></span> <span class='ocrx_word' id='word_1_154' title='bbox 639 1037 757 1069; x_wconf 80' lang='lat' dir='ltr'><strong>demum,</strong></span> <span class='ocrx_word' id='word_1_155' title='bbox 776 1034 858 1071; x_wconf 85' lang='lat' dir='ltr'><strong>priori</strong></span> <span class='ocrx_word' id='word_1_156' title='bbox 882 1035 925 1063; x_wconf 91' lang='lat' dir='ltr'><strong>illo</strong></span> <span class='ocrx_word' id='word_1_157' title='bbox 945 1040 1015 1063; x_wconf 79' lang='lat' dir='ltr'><strong>statu</strong></span> 
     </span>
    </p>
   </div>
   <div class='ocr_carea' id='block_1_24' title="bbox 223 1081 1014 1122">
    <p class='ocr_par' dir='ltr' id='par_1_24' title="bbox 223 1081 1014 1122">
     <span class='ocr_line' id='line_1_24' title="bbox 223 1081 1014 1122; baseline -0.008 -9"><span class='ocrx_word' id='word_1_158' title='bbox 223 1085 438 1120; x_wconf 74' lang='lat' dir='ltr'><strong>pnestantiorem</strong></span> <span class='ocrx_word' id='word_1_159' title='bbox 457 1091 517 1111; x_wconf 85' lang='lat' dir='ltr'><strong>esse</strong></span> <span class='ocrx_word' id='word_1_160' title='bbox 534 1084 560 1110; x_wconf 89' lang='lat' dir='ltr'><strong>in</strong></span> <span class='ocrx_word' id='word_1_161' title='bbox 579 1083 633 1110; x_wconf 85' lang='lat' dir='ltr'><strong>Deo</strong></span> <span class='ocrx_word' id='word_1_162' title='bbox 649 1083 736 1110; x_wconf 84' lang='lat' dir='ltr'><strong>Verbo</strong></span> <span class='ocrx_word' id='word_1_163' title='bbox 755 1081 1014 1122; x_wconf 63' lang='lat' dir='ltr'><strong>inliumanatimtem,</strong></span> 
     </span>
    </p>
   </div>
   <div class='ocr_carea' id='block_1_25' title="bbox 224 1126 1014 1163">
    <p class='ocr_par' dir='ltr' id='par_1_25' title="bbox 224 1126 1014 1163">
     <span class='ocr_line' id='line_1_25' title="bbox 224 1126 1014 1163; baseline -0.003 -7"><span class='ocrx_word' id='word_1_164' title='bbox 224 1129 287 1156; x_wconf 87' lang='lat' dir='ltr'><strong>licet</strong></span> <span class='ocrx_word' id='word_1_165' title='bbox 299 1129 456 1163; x_wconf 72' lang='lat' dir='ltr'><strong>aequalitate</strong></span> <span class='ocrx_word' id='word_1_166' title='bbox 467 1136 526 1155; x_wconf 92' lang='lat' dir='ltr'><strong>cum</strong></span> <span class='ocrx_word' id='word_1_167' title='bbox 537 1127 618 1155; x_wconf 77' lang='lat' dir='ltr'><strong>Patre</strong></span> <span class='ocrx_word' id='word_1_168' title='bbox 632 1127 798 1160; x_wconf 77' lang='lat' dir='ltr'><strong>intelligatur</strong></span> <span class='ocrx_word' id='word_1_169' title='bbox 810 1135 869 1154; x_wconf 87' lang='lat' dir='ltr'><strong>esse</strong></span> <span class='ocrx_word' id='word_1_170' title='bbox 878 1126 1014 1161; x_wconf 74' lang='lat' dir='ltr'><strong>praeditus.</strong></span> 
     </span>
    </p>
   </div>
   <div class='ocr_carea' id='block_1_26' title="bbox 224 1171 1017 1207">
    <p class='ocr_par' dir='ltr' id='par_1_26' title="bbox 224 1171 1017 1207">
     <span class='ocr_line' id='line_1_26' title="bbox 224 1171 1017 1207; baseline -0.005 -4"><span class='ocrx_word' id='word_1_171' title='bbox 224 1174 366 1204; x_wconf 82' lang='lat' dir='ltr'><strong>Transfert</strong></span> <span class='ocrx_word' id='word_1_172' title='bbox 381 1176 464 1207; x_wconf 88' lang='lat' dir='ltr'><strong>enim,</strong></span> <span class='ocrx_word' id='word_1_173' title='bbox 481 1178 511 1201; x_wconf 93' lang='lat' dir='ltr'><strong>ut</strong></span> <span class='ocrx_word' id='word_1_174' title='bbox 524 1174 612 1206; x_wconf 73' lang='lat' dir='ltr'><strong>vides,</strong></span> <span class='ocrx_word' id='word_1_175' title='bbox 629 1173 662 1200; x_wconf 86' lang='lat' dir='ltr'><strong>ad</strong></span> <span class='ocrx_word' id='word_1_176' title='bbox 685 1173 906 1200; x_wconf 82' lang='lat' dir='ltr'><strong>excellentiorem</strong></span> <span class='ocrx_word' id='word_1_177' title='bbox 923 1171 1017 1200; x_wconf 88' lang='lat' dir='ltr'><strong>condi-</strong></span> 
     </span>
    </p>
   </div>
   <div class='ocr_carea' id='block_1_27' title="bbox 225 1218 1017 1255">
    <p class='ocr_par' dir='ltr' id='par_1_27' title="bbox 225 1218 1017 1255">
     <span class='ocr_line' id='line_1_27' title="bbox 225 1218 1017 1255; baseline -0.003 -7"><span class='ocrx_word' id='word_1_178' title='bbox 225 1222 326 1249; x_wconf 81' lang='lat' dir='ltr'><strong>tionem</strong></span> <span class='ocrx_word' id='word_1_179' title='bbox 342 1225 370 1248; x_wconf 92' lang='lat' dir='ltr'><strong>et</strong></span> <span class='ocrx_word' id='word_1_180' title='bbox 386 1219 638 1255; x_wconf 76' lang='lat' dir='ltr'><strong>incomparabiliter</strong></span> <span class='ocrx_word' id='word_1_181' title='bbox 658 1218 858 1254; x_wconf 87' lang='lat' dir='ltr'><strong>gloriosiorem.</strong></span> <span class='ocrx_word' id='word_1_182' title='bbox 877 1218 933 1245; x_wconf 88' lang='lat' dir='ltr'><strong>Sibi</strong></span> <span class='ocrx_word' id='word_1_183' title='bbox 952 1224 1017 1254; x_wconf 90' lang='lat' dir='ltr'><strong>ergo</strong></span> 
     </span>
    </p>
   </div>
   <div class='ocr_carea' id='block_1_28' title="bbox 225 1265 1018 1304">
    <p class='ocr_par' dir='ltr' id='par_1_28' title="bbox 225 1265 1018 1304">
     <span class='ocr_line' id='line_1_28' title="bbox 225 1265 1018 1304; baseline -0.005 -9"><span class='ocrx_word' id='word_1_184' title='bbox 225 1267 337 1304; x_wconf 76' lang='lat' dir='ltr'><strong>perfecit</strong></span> <span class='ocrx_word' id='word_1_185' title='bbox 353 1266 437 1294; x_wconf 85' lang='lat' dir='ltr'><strong>Filius</strong></span> <span class='ocrx_word' id='word_1_186' title='bbox 458 1274 519 1294; x_wconf 88' lang='lat' dir='ltr'><strong>cum</strong></span> <span class='ocrx_word' id='word_1_187' title='bbox 539 1272 620 1294; x_wconf 88' lang='lat' dir='ltr'><strong>carne</strong></span> <span class='ocrx_word' id='word_1_188' title='bbox 639 1265 880 1300; x_wconf 85' lang='lat' dir='ltr'><strong>dispensationem,</strong></span> <span class='ocrx_word' id='word_1_189' title='bbox 894 1270 922 1292; x_wconf 91' lang='lat' dir='ltr'><strong>et</strong></span> <span class='ocrx_word' id='word_1_190' title='bbox 939 1265 1018 1292; x_wconf 80' lang='lat' dir='ltr'><strong>inlitt-</strong></span> 
     </span>
    </p>
   </div>
   <div class='ocr_carea' id='block_1_29' title="bbox 226 1310 1019 1346">
    <p class='ocr_par' dir='ltr' id='par_1_29' title="bbox 226 1310 1019 1346">
     <span class='ocr_line' id='line_1_29' title="bbox 226 1310 1019 1346; baseline -0.005 -5"><span class='ocrx_word' id='word_1_191' title='bbox 226 1313 389 1341; x_wconf 86' lang='lat' dir='ltr'><strong>manationis</strong></span> <span class='ocrx_word' id='word_1_192' title='bbox 418 1312 525 1339; x_wconf 89' lang='lat' dir='ltr'><strong>modum</strong></span> <span class='ocrx_word' id='word_1_193' title='bbox 558 1319 613 1339; x_wconf 69' lang='lat' dir='ltr'><strong>sua:</strong></span> <span class='ocrx_word' id='word_1_194' title='bbox 634 1310 728 1346; x_wconf 72' lang='lat' dir='ltr'><strong>gloria:</strong></span> <span class='ocrx_word' id='word_1_195' title='bbox 755 1311 858 1338; x_wconf 87' lang='lat' dir='ltr'><strong>tribuit.</strong></span> <span class='ocrx_word' id='word_1_196' title='bbox 880 1310 1019 1344; x_wconf 80' lang='lat' dir='ltr'><strong>Quomodo</strong></span> 
     </span>
    </p>
   </div>
   <div class='ocr_carea' id='block_1_30' title="bbox 227 1355 1020 1395">
    <p class='ocr_par' dir='ltr' id='par_1_30' title="bbox 227 1355 1020 1395">
     <span class='ocr_line' id='line_1_30' title="bbox 227 1355 1020 1395; baseline -0.006 -8"><span class='ocrx_word' id='word_1_197' title='bbox 227 1359 310 1395; x_wconf 78' lang='lat' dir='ltr'><strong>igitur</strong></span> <span class='ocrx_word' id='word_1_198' title='bbox 328 1363 438 1393; x_wconf 83' lang='lat' dir='ltr'><strong>propter</strong></span> <span class='ocrx_word' id='word_1_199' title='bbox 453 1365 504 1384; x_wconf 86' lang='lat' dir='ltr'><strong>nos</strong></span> <span class='ocrx_word' id='word_1_200' title='bbox 519 1358 626 1384; x_wconf 80' lang='lat' dir='ltr'><strong>demunt</strong></span> <span class='ocrx_word' id='word_1_201' title='bbox 642 1355 759 1384; x_wconf 88' lang='lat' dir='ltr'><strong>bominis</strong></span> <span class='ocrx_word' id='word_1_202' title='bbox 775 1361 899 1383; x_wconf 89' lang='lat' dir='ltr'><strong>naturam</strong></span> <span class='ocrx_word' id='word_1_203' title='bbox 914 1363 1020 1382; x_wconf 87' lang='lat' dir='ltr'><strong>assum-</strong></span> 
     </span>
    </p>
   </div>
   <div class='ocr_carea' id='block_1_31' title="bbox 227 1402 1018 1442">
    <p class='ocr_par' dir='ltr' id='par_1_31' title="bbox 227 1402 1018 1442">
     <span class='ocr_line' id='line_1_31' title="bbox 227 1402 1018 1442; baseline -0.005 -8"><span class='ocrx_word' id='word_1_204' title='bbox 227 1407 314 1442; x_wconf 82' lang='lat' dir='ltr'><strong>psisse</strong></span> <span class='ocrx_word' id='word_1_205' title='bbox 328 1405 437 1437; x_wconf 88' lang='lat' dir='ltr'><strong>dicitur,</strong></span> <span class='ocrx_word' id='word_1_206' title='bbox 468 1407 515 1431; x_wconf 83' lang='lat' dir='ltr'><strong>aut</strong></span> <span class='ocrx_word' id='word_1_207' title='bbox 525 1404 661 1438; x_wconf 85' lang='lat' dir='ltr'><strong>quomodo</strong></span> <span class='ocrx_word' id='word_1_208' title='bbox 678 1410 726 1437; x_wconf 90' lang='lat' dir='ltr'><strong>pro</strong></span> <span class='ocrx_word' id='word_1_209' title='bbox 745 1402 798 1429; x_wconf 84' lang='lat' dir='ltr'><strong>vita</strong></span> <span class='ocrx_word' id='word_1_210' title='bbox 813 1402 934 1430; x_wconf 90' lang='lat' dir='ltr'><strong>omnium</strong></span> <span class='ocrx_word' id='word_1_211' title='bbox 954 1410 1018 1437; x_wconf 87' lang='lat' dir='ltr'><strong>pre-</strong></span> 
     </span>
    </p>
   </div>
   <div class='ocr_carea' id='block_1_32' title="bbox 229 1448 1021 1486">
    <p class='ocr_par' dir='ltr' id='par_1_32' title="bbox 229 1448 1021 1486">
     <span class='ocr_line' id='line_1_32' title="bbox 229 1448 1021 1486; baseline -0.006 -7"><span class='ocrx_word' id='word_1_212' title='bbox 229 1453 295 1479; x_wconf 86' lang='lat' dir='ltr'><strong>tium</strong></span> <span class='ocrx_word' id='word_1_213' title='bbox 323 1449 517 1486; x_wconf 83' lang='lat' dir='ltr'><strong>redemptionis</strong></span> <span class='ocrx_word' id='word_1_214' title='bbox 543 1449 604 1480; x_wconf 78' lang='lat' dir='ltr'><strong>fuit.</strong></span> <span class='ocrx_word' id='word_1_215' title='bbox 631 1449 654 1476; x_wconf 92' lang='lat' dir='ltr'><strong>si</strong></span> <span class='ocrx_word' id='word_1_216' title='bbox 685 1453 771 1475; x_wconf 90' lang='lat' dir='ltr'><strong>morte</strong></span> <span class='ocrx_word' id='word_1_217' title='bbox 790 1449 880 1476; x_wconf 83' lang='lat' dir='ltr'><strong>carnis</strong></span> <span class='ocrx_word' id='word_1_218' title='bbox 906 1448 1021 1483; x_wconf 65' lang='lat' dir='ltr'><strong>propriae</strong></span> 
     </span>
    </p>
   </div>
   <div class='ocr_carea' id='block_1_33' title="bbox 229 1488 1020 1529">
    <p class='ocr_par' dir='ltr' id='par_1_33' title="bbox 229 1488 1020 1529">
     <span class='ocr_line' id='line_1_33' title="bbox 229 1488 1020 1529; baseline -0.005 -5"><span class='ocrx_word' id='word_1_219' title='bbox 229 1499 296 1524; x_wconf 81' lang='lat' dir='ltr'><strong>adeo</strong></span> <span class='ocrx_word' id='word_1_220' title='bbox 311 1497 466 1524; x_wconf 78' lang='lat' dir='ltr'><strong>inusitatam</strong></span> <span class='ocrx_word' id='word_1_221' title='bbox 487 1499 515 1523; x_wconf 89' lang='lat' dir='ltr'><strong>et.</strong></span> <span class='ocrx_word' id='word_1_222' title='bbox 534 1499 612 1522; x_wconf 85' lang='lat' dir='ltr'><strong>antea</strong></span> <span class='ocrx_word' id='word_1_223' title='bbox 631 1495 796 1522; x_wconf 88' lang='lat' dir='ltr'><strong>inaccessam</strong></span> <span class='ocrx_word' id='word_1_224' title='bbox 815 1493 927 1529; x_wconf 76' lang='lat' dir='ltr'><strong>gloriam</strong></span> <span class='ocrx_word' id='word_1_225' title='bbox 942 1488 1020 1521; x_wconf 76' lang='lat' dir='ltr'><strong>com-</strong></span> 
     </span>
    </p>
   </div>
   <div class='ocr_carea' id='block_1_34' title="bbox 228 1542 352 1578">
    <p class='ocr_par' dir='ltr' id='par_1_34' title="bbox 228 1542 352 1578">
     <span class='ocr_line' id='line_1_34' title="bbox 228 1542 352 1578; baseline 0 -9"><span class='ocrx_word' id='word_1_226' title='bbox 228 1542 352 1578; x_wconf 78' lang='lat' dir='ltr'><strong>paravit?</strong></span> 
     </span>
    </p>
   </div>
   <div class='ocr_carea' id='block_1_35' title="bbox 265 1584 1022 1621">
    <p class='ocr_par' dir='ltr' id='par_1_35' title="bbox 265 1584 1022 1621">
     <span class='ocr_line' id='line_1_35' title="bbox 265 1584 1022 1621; baseline -0.005 -6"><span class='ocrx_word' id='word_1_227' title='bbox 265 1588 297 1615; x_wconf 87' lang='lat' dir='ltr'><strong>B.</strong></span> <span class='ocrx_word' id='word_1_228' title='bbox 318 1587 402 1615; x_wconf 77' lang='lat' dir='ltr'><strong>Recte</strong></span> <span class='ocrx_word' id='word_1_229' title='bbox 416 1586 525 1621; x_wconf 84' lang='lat' dir='ltr'><strong>quidem</strong></span> <span class='ocrx_word' id='word_1_230' title='bbox 541 1584 633 1613; x_wconf 81' lang='lat' dir='ltr'><strong>dixisti</strong></span> <span class='ocrx_word' id='word_1_231' title='bbox 654 1592 661 1612; x_wconf 89' lang='lat'><strong>:</strong></span> <span class='ocrx_word' id='word_1_232' title='bbox 683 1585 730 1612; x_wconf 87' lang='lat' dir='ltr'><strong>sed</strong></span> <span class='ocrx_word' id='word_1_233' title='bbox 745 1584 772 1611; x_wconf 92' lang='lat' dir='ltr'><strong>in</strong></span> <span class='ocrx_word' id='word_1_234' title='bbox 794 1584 976 1612; x_wconf 76' lang='lat' dir='ltr'><strong>temeritatem</strong></span> <span class='ocrx_word' id='word_1_235' title='bbox 994 1589 1022 1611; x_wconf 86' lang='lat' dir='ltr'><strong>et</strong></span> 
     </span>
    </p>
   </div>
   <div class='ocr_carea' id='block_1_36' title="bbox 230 1631 689 1667">
    <p class='ocr_par' dir='ltr' id='par_1_36' title="bbox 230 1631 689 1667">
     <span class='ocr_line' id='line_1_36' title="bbox 230 1631 689 1667; baseline -0.011 -4"><span class='ocrx_word' id='word_1_236' title='bbox 230 1635 426 1663; x_wconf 86' lang='lat' dir='ltr'><strong>absurditatem</strong></span> <span class='ocrx_word' id='word_1_237' title='bbox 441 1633 576 1667; x_wconf 80' lang='lat' dir='ltr'><strong>abripitur</strong></span> <span class='ocrx_word' id='word_1_238' title='bbox 590 1631 689 1659; x_wconf 78' lang='lat' dir='ltr'><strong>oratio.</strong></span> 
     </span>
    </p>
   </div>
   <div class='ocr_carea' id='block_1_37' title="bbox 267 1675 1022 1712">
    <p class='ocr_par' dir='ltr' id='par_1_37' title="bbox 267 1675 1022 1712">
     <span class='ocr_line' id='line_1_37' title="bbox 267 1675 1022 1712; baseline -0.004 -7"><span class='ocrx_word' id='word_1_239' title='bbox 267 1679 299 1705; x_wconf 85' lang='lat' dir='ltr'><strong>A.</strong></span> <span class='ocrx_word' id='word_1_240' title='bbox 323 1678 416 1712; x_wconf 88' lang='lat' dir='ltr'><strong>Itaque</strong></span> <span class='ocrx_word' id='word_1_241' title='bbox 437 1677 569 1712; x_wconf 76' lang='lat' dir='ltr'><strong>ahjieiant</strong></span> <span class='ocrx_word' id='word_1_242' title='bbox 583 1676 632 1711; x_wconf 85' lang='lat' dir='ltr'><strong>ipsi</strong></span> <span class='ocrx_word' id='word_1_243' title='bbox 651 1682 759 1710; x_wconf 84' lang='lat' dir='ltr'><strong>quoque</strong></span> <span class='ocrx_word' id='word_1_244' title='bbox 773 1675 900 1702; x_wconf 83' lang='lat' dir='ltr'><strong>acerbum</strong></span> <span class='ocrx_word' id='word_1_245' title='bbox 917 1675 980 1702; x_wconf 92' lang='lat' dir='ltr'><strong>illud</strong></span> <span class='ocrx_word' id='word_1_246' title='bbox 995 1679 1022 1703; x_wconf 86' lang='lat' dir='ltr'><strong>et</strong></span> 
     </span>
    </p>
   </div>
   <div class='ocr_carea' id='block_1_38' title="bbox 230 1721 1021 1759">
    <p class='ocr_par' dir='ltr' id='par_1_38' title="bbox 230 1721 1021 1759">
     <span class='ocr_line' id='line_1_38' title="bbox 230 1721 1021 1759; baseline -0.004 -7"><span class='ocrx_word' id='word_1_247' title='bbox 230 1725 376 1759; x_wconf 86' lang='lat' dir='ltr'><strong>malignum</strong></span> <span class='ocrx_word' id='word_1_248' title='bbox 397 1722 549 1756; x_wconf 84' lang='lat' dir='ltr'><strong>disputandi</strong></span> <span class='ocrx_word' id='word_1_249' title='bbox 566 1729 660 1757; x_wconf 65' lang='lat' dir='ltr'><strong>genus.</strong></span> <span class='ocrx_word' id='word_1_250' title='bbox 677 1721 783 1755; x_wconf 79' lang='lat' dir='ltr'><strong>Alioqui</strong></span> <span class='ocrx_word' id='word_1_251' title='bbox 803 1729 891 1748; x_wconf 77' lang='lat' dir='ltr'><strong>nonne</strong></span> <span class='ocrx_word' id='word_1_252' title='bbox 909 1721 954 1748; x_wconf 91' lang='lat' dir='ltr'><strong>tibi</strong></span> <span class='ocrx_word' id='word_1_253' title='bbox 978 1728 1021 1749; x_wconf 84' lang='lat' dir='ltr'><strong>res</strong></span> 
     </span>
    </p>
   </div>
   <div class='ocr_carea' id='block_1_39' title="bbox 231 1765 1022 1801">
    <p class='ocr_par' dir='ltr' id='par_1_39' title="bbox 231 1765 1022 1801">
     <span class='ocr_line' id='line_1_39' title="bbox 231 1765 1022 1801; baseline -0.006 -4"><span class='ocrx_word' id='word_1_254' title='bbox 231 1769 411 1797; x_wconf 87' lang='lat' dir='ltr'><strong>intolerabilis</strong></span> <span class='ocrx_word' id='word_1_255' title='bbox 423 1768 542 1800; x_wconf 88' lang='lat' dir='ltr'><strong>videtur,</strong></span> <span class='ocrx_word' id='word_1_256' title='bbox 559 1772 585 1794; x_wconf 92' lang='lat' dir='ltr'><strong>et</strong></span> <span class='ocrx_word' id='word_1_257' title='bbox 598 1774 658 1801; x_wconf 80' lang='lat' dir='ltr'><strong>qua:</strong></span> <span class='ocrx_word' id='word_1_258' title='bbox 669 1766 711 1793; x_wconf 85' lang='lat' dir='ltr'><strong>vel</strong></span> <span class='ocrx_word' id='word_1_259' title='bbox 725 1766 823 1793; x_wconf 84' lang='lat' dir='ltr'><strong>invitos</strong></span> <span class='ocrx_word' id='word_1_260' title='bbox 835 1766 861 1793; x_wconf 89' lang='lat' dir='ltr'><strong>in</strong></span> <span class='ocrx_word' id='word_1_261' title='bbox 875 1765 1022 1801; x_wconf 79' lang='lat' dir='ltr'><strong>argutiolas</strong></span> 
     </span>
    </p>
   </div>
   <div class='ocr_carea' id='block_1_40' title="bbox 233 1811 1021 1847">
    <p class='ocr_par' dir='ltr' id='par_1_40' title="bbox 233 1811 1021 1847">
     <span class='ocr_line' id='line_1_40' title="bbox 233 1811 1021 1847; baseline -0.004 -4"><span class='ocrx_word' id='word_1_262' title='bbox 233 1816 328 1843; x_wconf 81' lang='lat' dir='ltr'><strong>inanes</strong></span> <span class='ocrx_word' id='word_1_263' title='bbox 337 1813 484 1842; x_wconf 85' lang='lat' dir='ltr'><strong>detrudat?</strong></span> <span class='ocrx_word' id='word_1_264' title='bbox 495 1813 570 1840; x_wconf 81' lang='lat' dir='ltr'><strong>Nihil</strong></span> <span class='ocrx_word' id='word_1_265' title='bbox 583 1813 653 1839; x_wconf 87' lang='lat' dir='ltr'><strong>enint</strong></span> <span class='ocrx_word' id='word_1_266' title='bbox 668 1819 740 1839; x_wconf 73' lang='lat' dir='ltr'><strong>cura:</strong></span> <span class='ocrx_word' id='word_1_267' title='bbox 751 1812 883 1839; x_wconf 84' lang='lat' dir='ltr'><strong>habentes</strong></span> <span class='ocrx_word' id='word_1_268' title='bbox 893 1811 1021 1847; x_wconf 76' lang='lat' dir='ltr'><strong>congruis</strong></span> 
     </span>
    </p>
   </div>
   <div class='ocr_carea' id='block_1_41' title="bbox 231 1858 1021 1896">
    <p class='ocr_par' dir='ltr' id='par_1_41' title="bbox 231 1858 1021 1896">
     <span class='ocr_line' id='line_1_41' title="bbox 231 1858 1021 1896; baseline -0.009 -6"><span class='ocrx_word' id='word_1_269' title='bbox 231 1861 396 1896; x_wconf 87' lang='lat' dir='ltr'><strong>temporibus</strong></span> <span class='ocrx_word' id='word_1_270' title='bbox 425 1859 640 1886; x_wconf 81' lang='lat' dir='ltr'><strong>accommodatas</strong></span> <span class='ocrx_word' id='word_1_271' title='bbox 662 1865 742 1885; x_wconf 76' lang='lat' dir='ltr'><strong>voces</strong></span> <span class='ocrx_word' id='word_1_272' title='bbox 765 1858 894 1889; x_wconf 84' lang='lat' dir='ltr'><strong>tribucre,</strong></span> <span class='ocrx_word' id='word_1_273' title='bbox 914 1866 959 1884; x_wconf 87' lang='lat' dir='ltr'><strong>sus</strong></span> <span class='ocrx_word' id='word_1_274' title='bbox 974 1858 1021 1884; x_wconf 89' lang='lat' dir='ltr'><strong>de-</strong></span> 
     </span>
    </p>
   </div>
   <div class='ocr_carea' id='block_1_42' title="bbox 230 1903 1020 1944">
    <p class='ocr_par' dir='ltr' id='par_1_42' title="bbox 230 1903 1020 1944">
     <span class='ocr_line' id='line_1_42' title="bbox 230 1903 1020 1944; baseline -0.006 -9"><span class='ocrx_word' id='word_1_275' title='bbox 230 1915 283 1944; x_wconf 88' lang='lat' dir='ltr'><strong>que</strong></span> <span class='ocrx_word' id='word_1_276' title='bbox 291 1907 380 1935; x_wconf 89' lang='lat' dir='ltr'><strong>omnia</strong></span> <span class='ocrx_word' id='word_1_277' title='bbox 392 1905 472 1942; x_wconf 73' lang='lat'><strong>603</strong></span> <span class='ocrx_word' id='word_1_278' title='bbox 485 1905 647 1940; x_wconf 79' lang='lat' dir='ltr'><strong>permiscere</strong></span> <span class='ocrx_word' id='word_1_279' title='bbox 659 1909 687 1932; x_wconf 90' lang='lat' dir='ltr'><strong>et</strong></span> <span class='ocrx_word' id='word_1_280' title='bbox 708 1903 873 1931; x_wconf 81' lang='lat' dir='ltr'><strong>contundere</strong></span> <span class='ocrx_word' id='word_1_281' title='bbox 887 1908 1020 1931; x_wconf 77' lang='lat' dir='ltr'><strong>statuunt.</strong></span> 
     </span>
    </p>
   </div>
   <div class='ocr_carea' id='block_1_43' title="bbox 232 1948 1020 1987">
    <p class='ocr_par' dir='ltr' id='par_1_43' title="bbox 232 1948 1020 1987">
     <span class='ocr_line' id='line_1_43' title="bbox 232 1948 1020 1987; baseline -0.008 -6"><span class='ocrx_word' id='word_1_282' title='bbox 232 1954 267 1981; x_wconf 82' lang='lat' dir='ltr'><strong>At</strong></span> <span class='ocrx_word' id='word_1_283' title='bbox 282 1952 402 1987; x_wconf 87' lang='lat' dir='ltr'><strong>nunquid</strong></span> <span class='ocrx_word' id='word_1_284' title='bbox 415 1952 500 1978; x_wconf 87' lang='lat' dir='ltr'><strong>satius</strong></span> <span class='ocrx_word' id='word_1_285' title='bbox 514 1954 554 1977; x_wconf 87' lang='lat' dir='ltr'><strong>est</strong></span> <span class='ocrx_word' id='word_1_286' title='bbox 567 1949 687 1984; x_wconf 82' lang='lat' dir='ltr'><strong>cogitare</strong></span> <span class='ocrx_word' id='word_1_287' title='bbox 702 1948 772 1983; x_wconf 86' lang='lat' dir='ltr'><strong>quod</strong></span> <span class='ocrx_word' id='word_1_288' title='bbox 790 1949 896 1984; x_wconf 89' lang='lat' dir='ltr'><strong>propria</strong></span> <span class='ocrx_word' id='word_1_289' title='bbox 913 1949 1020 1984; x_wconf 87' lang='lat' dir='ltr'><strong>quidem</strong></span> 
     </span>
    </p>
   </div>
   <div class='ocr_carea' id='block_1_44' title="bbox 233 1995 1020 2030">
    <p class='ocr_par' dir='ltr' id='par_1_44' title="bbox 233 1995 1020 2030">
     <span class='ocr_line' id='line_1_44' title="bbox 233 1995 1020 2030; baseline -0.006 -3"><span class='ocrx_word' id='word_1_290' title='bbox 233 1999 314 2027; x_wconf 82' lang='lat' dir='ltr'><strong>Verbi</strong></span> <span class='ocrx_word' id='word_1_291' title='bbox 331 2002 410 2025; x_wconf 86' lang='lat' dir='ltr'><strong>erant</strong></span> <span class='ocrx_word' id='word_1_292' title='bbox 431 1997 533 2027; x_wconf 87' lang='lat' dir='ltr'><strong>omnia,</strong></span> <span class='ocrx_word' id='word_1_293' title='bbox 549 2001 578 2023; x_wconf 87' lang='lat' dir='ltr'><strong>et</strong></span> <span class='ocrx_word' id='word_1_294' title='bbox 598 2003 688 2022; x_wconf 84' lang='lat' dir='ltr'><strong>rerum</strong></span> <span class='ocrx_word' id='word_1_295' title='bbox 708 1995 900 2030; x_wconf 87' lang='lat' dir='ltr'><strong>productarum</strong></span> <span class='ocrx_word' id='word_1_296' title='bbox 925 1999 1020 2022; x_wconf 77' lang='lat' dir='ltr'><strong>natura</strong></span> 
     </span>
    </p>
   </div>
   <div class='ocr_carea' id='block_1_45' title="bbox 231 2041 1020 2079">
    <p class='ocr_par' dir='ltr' id='par_1_45' title="bbox 231 2041 1020 2079">
     <span class='ocr_line' id='line_1_45' title="bbox 231 2041 1020 2079; baseline -0.006 -7"><span class='ocrx_word' id='word_1_297' title='bbox 231 2044 363 2072; x_wconf 82' lang='lat' dir='ltr'><strong>creatoris</strong></span> <span class='ocrx_word' id='word_1_298' title='bbox 380 2043 471 2079; x_wconf 78' lang='lat' dir='ltr'><strong>gloria:</strong></span> <span class='ocrx_word' id='word_1_299' title='bbox 483 2041 613 2070; x_wconf 70' lang='lat' dir='ltr'><strong>suberat?</strong></span> <span class='ocrx_word' id='word_1_300' title='bbox 626 2041 678 2068; x_wconf 85' lang='lat' dir='ltr'><strong>Sed</strong></span> <span class='ocrx_word' id='word_1_301' title='bbox 698 2041 825 2075; x_wconf 86' lang='lat' dir='ltr'><strong>quoniam</strong></span> <span class='ocrx_word' id='word_1_302' title='bbox 844 2048 858 2067; x_wconf 85' lang='lat' dir='ltr'><strong>a</strong></span> <span class='ocrx_word' id='word_1_303' title='bbox 884 2044 956 2068; x_wconf 79' lang='lat' dir='ltr'><strong>recta</strong></span> <span class='ocrx_word' id='word_1_304' title='bbox 977 2048 1020 2067; x_wconf 84' lang='lat' dir='ltr'><strong>ra-</strong></span> 
     </span>
    </p>
   </div>
   <div class='ocr_carea' id='block_1_46' title="bbox 231 2085 1022 2122">
    <p class='ocr_par' dir='ltr' id='par_1_46' title="bbox 231 2085 1022 2122">
     <span class='ocr_line' id='line_1_46' title="bbox 231 2085 1022 2122; baseline -0.006 -4"><span class='ocrx_word' id='word_1_305' title='bbox 231 2091 306 2118; x_wconf 89' lang='lat' dir='ltr'><strong>tione</strong></span> <span class='ocrx_word' id='word_1_306' title='bbox 319 2093 456 2116; x_wconf 87' lang='lat' dir='ltr'><strong>terrenum</strong></span> <span class='ocrx_word' id='word_1_307' title='bbox 479 2093 565 2122; x_wconf 88' lang='lat' dir='ltr'><strong>genus</strong></span> <span class='ocrx_word' id='word_1_308' title='bbox 583 2085 731 2118; x_wconf 68' lang='lat' dir='ltr'><strong>defecerat,</strong></span> <span class='ocrx_word' id='word_1_309' title='bbox 752 2092 804 2111; x_wconf 93' lang='lat' dir='ltr'><strong>non</strong></span> <span class='ocrx_word' id='word_1_310' title='bbox 824 2090 964 2119; x_wconf 68' lang='lat' dir='ltr'><strong>exceptum</strong></span> <span class='ocrx_word' id='word_1_311' title='bbox 980 2090 1022 2113; x_wconf 82' lang='lat' dir='ltr'><strong>est</strong></span> 
     </span>
    </p>
   </div>
   <div class='ocr_carea' id='block_1_47' title="bbox 232 2131 1022 2170">
    <p class='ocr_par' dir='ltr' id='par_1_47' title="bbox 232 2131 1022 2170">
     <span class='ocr_line' id='line_1_47' title="bbox 232 2131 1022 2170; baseline -0.009 -7"><span class='ocrx_word' id='word_1_312' title='bbox 232 2137 266 2164; x_wconf 88' lang='lat' dir='ltr'><strong>ab</strong></span> <span class='ocrx_word' id='word_1_313' title='bbox 279 2135 415 2170; x_wconf 87' lang='lat' dir='ltr'><strong>aliquibus</strong></span> <span class='ocrx_word' id='word_1_314' title='bbox 429 2133 548 2160; x_wconf 83' lang='lat' dir='ltr'><strong>Verbum</strong></span> <span class='ocrx_word' id='word_1_315' title='bbox 563 2131 635 2165; x_wconf 89' lang='lat' dir='ltr'><strong>quod</strong></span> <span class='ocrx_word' id='word_1_316' title='bbox 649 2135 759 2166; x_wconf 85' lang='lat' dir='ltr'><strong>propter</strong></span> <span class='ocrx_word' id='word_1_317' title='bbox 770 2138 818 2158; x_wconf 91' lang='lat' dir='ltr'><strong>nos</strong></span> <span class='ocrx_word' id='word_1_318' title='bbox 831 2131 858 2158; x_wconf 92' lang='lat' dir='ltr'><strong>in</strong></span> <span class='ocrx_word' id='word_1_319' title='bbox 874 2138 955 2157; x_wconf 82' lang='lat' dir='ltr'><strong>carne</strong></span> <span class='ocrx_word' id='word_1_320' title='bbox 975 2140 1022 2165; x_wconf 85' lang='lat' dir='ltr'><strong>ap-</strong></span> 
     </span>
    </p>
   </div>
   <div class='ocr_carea' id='block_1_48' title="bbox 232 2176 1021 2218">
    <p class='ocr_par' dir='ltr' id='par_1_48' title="bbox 232 2176 1021 2218">
     <span class='ocr_line' id='line_1_48' title="bbox 232 2176 1021 2218; baseline -0.009 -9"><span class='ocrx_word' id='word_1_321' title='bbox 232 2182 332 2218; x_wconf 85' lang='lat' dir='ltr'><strong>paruit,</strong></span> <span class='ocrx_word' id='word_1_322' title='bbox 358 2179 405 2208; x_wconf 88' lang='lat' dir='ltr'><strong>sed</strong></span> <span class='ocrx_word' id='word_1_323' title='bbox 431 2184 576 2214; x_wconf 80' lang='lat' dir='ltr'><strong>persuasos</strong></span> <span class='ocrx_word' id='word_1_324' title='bbox 595 2176 650 2210; x_wconf 83' lang='lat' dir='ltr'><strong>jam</strong></span> <span class='ocrx_word' id='word_1_325' title='bbox 675 2176 804 2211; x_wconf 70' lang='lat' dir='ltr'><strong>paulatim</strong></span> <span class='ocrx_word' id='word_1_326' title='bbox 829 2180 857 2203; x_wconf 87' lang='lat' dir='ltr'><strong>et</strong></span> <span class='ocrx_word' id='word_1_327' title='bbox 880 2177 1021 2203; x_wconf 86' lang='lat' dir='ltr'><strong>credentes</strong></span> 
     </span>
    </p>
   </div>
   <div class='ocr_carea' id='block_1_49' title="bbox 1066 255 1857 291">
    <p class='ocr_par' dir='ltr' id='par_1_49' title="bbox 1066 255 1857 291">
     <span class='ocr_line' id='line_1_49' title="bbox 1066 255 1857 291; baseline -0.005 -5"><span class='ocrx_word' id='word_1_328' title='bbox 1066 261 1125 291; x_wconf 85' lang='grc' dir='ltr'>ταῖς</span> <span class='ocrx_word' id='word_1_329' title='bbox 1141 259 1266 287; x_wconf 71' lang='grc' dir='ltr'>ἐντεῦθεν</span> <span class='ocrx_word' id='word_1_330' title='bbox 1289 259 1427 291; x_wconf 83' lang='grc' dir='ltr'>εὐκλείαις</span> <span class='ocrx_word' id='word_1_331' title='bbox 1442 258 1687 289; x_wconf 84' lang='grc' dir='ltr'>κατακαλλύνεται,</span> <span class='ocrx_word' id='word_1_332' title='bbox 1703 257 1815 290; x_wconf 81' lang='grc' dir='ltr'>ξεναγεῖ</span> <span class='ocrx_word' id='word_1_333' title='bbox 1829 255 1857 282; x_wconf 77' lang='grc' dir='ltr'>δι</span> 
     </span>
    </p>
   </div>
   <div class='ocr_carea' id='block_1_50' title="bbox 1066 301 1855 341">
    <p class='ocr_par' dir='ltr' id='par_1_50' title="bbox 1066 301 1855 341">
     <span class='ocr_line' id='line_1_50' title="bbox 1066 301 1855 341; baseline -0.005 -10"><span class='ocrx_word' id='word_1_334' title='bbox 1066 305 1160 340; x_wconf 74' lang='grc' dir='ltr'>ὥσπερ</span> <span class='ocrx_word' id='word_1_335' title='bbox 1172 306 1188 340; x_wconf 80' lang='grc' dir='ltr'>ὴ</span> <span class='ocrx_word' id='word_1_336' title='bbox 1200 305 1279 340; x_wconf 79' lang='grc' dir='ltr'>χάρις</span> <span class='ocrx_word' id='word_1_337' title='bbox 1293 305 1374 332; x_wconf 78' lang='grc' dir='ltr'>αὑτὸν</span> <span class='ocrx_word' id='word_1_338' title='bbox 1386 306 1432 332; x_wconf 78' lang='grc' dir='ltr'><strong>ὲπὶ</strong></span> <span class='ocrx_word' id='word_1_339' title='bbox 1443 306 1474 332; x_wconf 79' lang='grc' dir='ltr'>τὸ</span> <span class='ocrx_word' id='word_1_340' title='bbox 1486 305 1596 341; x_wconf 81' lang='grc' dir='ltr'>ἄμεινον</span> <span class='ocrx_word' id='word_1_341' title='bbox 1610 301 1855 337; x_wconf 72' lang='grc' dir='ltr'>καὶιὺπερτεροῦν,</span> 
     </span>
    </p>
   </div>
   <div class='ocr_carea' id='block_1_51' title="bbox 1066 348 1858 386">
    <p class='ocr_par' dir='ltr' id='par_1_51' title="bbox 1066 348 1858 386">
     <span class='ocr_line' id='line_1_51' title="bbox 1066 348 1858 386; baseline 0.003 -10"><span class='ocrx_word' id='word_1_342' title='bbox 1066 351 1082 386; x_wconf 77' lang='grc' dir='ltr'>ἢ</span> <span class='ocrx_word' id='word_1_343' title='bbox 1099 351 1232 386; x_wconf 81' lang='grc' dir='ltr'>πρότερον</span> <span class='ocrx_word' id='word_1_344' title='bbox 1244 348 1288 386; x_wconf 87' lang='grc' dir='ltr'><strong>ἦν.</strong></span> <span class='ocrx_word' id='word_1_345' title='bbox 1305 349 1372 378; x_wconf 76' lang='grc' dir='ltr'>Εἶτα</span> <span class='ocrx_word' id='word_1_346' title='bbox 1383 351 1444 378; x_wconf 76' lang='grc' dir='ltr'>ὅποι</span> <span class='ocrx_word' id='word_1_347' title='bbox 1466 351 1532 378; x_wconf 79' lang='grc' dir='ltr'>ποτὲ</span> <span class='ocrx_word' id='word_1_348' title='bbox 1553 351 1620 385; x_wconf 77' lang='grc' dir='ltr'>ἡμῖν</span> <span class='ocrx_word' id='word_1_349' title='bbox 1638 349 1653 376; x_wconf 99' lang='lat'><strong>6</strong></span> <span class='ocrx_word' id='word_1_350' title='bbox 1666 349 1716 383; x_wconf 84' lang='grc' dir='ltr'>τῆς</span> <span class='ocrx_word' id='word_1_351' title='bbox 1735 348 1858 382; x_wconf 57' lang='grc' dir='ltr'><strong>ὑςεέσεως</strong></span> 
     </span>
    </p>
   </div>
   <div class='ocr_carea' id='block_1_52' title="bbox 1066 394 1858 432">
    <p class='ocr_par' dir='ltr' id='par_1_52' title="bbox 1066 394 1858 432">
     <span class='ocr_line' id='line_1_52' title="bbox 1066 394 1858 432; baseline -0.003 -11"><span class='ocrx_word' id='word_1_352' title='bbox 1066 396 1207 430; x_wconf 79' lang='grc' dir='ltr'>οἰχήσεται</span> <span class='ocrx_word' id='word_1_353' title='bbox 1220 395 1308 430; x_wconf 81' lang='grc' dir='ltr'>λόγος,</span> <span class='ocrx_word' id='word_1_354' title='bbox 1324 396 1340 432; x_wconf 85' lang='grc' dir='ltr'>ἦ</span> <span class='ocrx_word' id='word_1_355' title='bbox 1359 397 1419 423; x_wconf 80' lang='grc' dir='ltr'>ὅποι</span> <span class='ocrx_word' id='word_1_356' title='bbox 1430 396 1617 431; x_wconf 81' lang='grc' dir='ltr'>κεκενωμένον</span> <span class='ocrx_word' id='word_1_357' title='bbox 1632 394 1806 429; x_wconf 76' lang='grc' dir='ltr'>καταθρήσαι</span> <span class='ocrx_word' id='word_1_358' title='bbox 1817 402 1858 425; x_wconf 81' lang='grc' dir='ltr'><strong>τις</strong></span> 
     </span>
    </p>
   </div>
   <div class='ocr_carea' id='block_1_53' title="bbox 1067 442 1857 479">
    <p class='ocr_par' dir='ltr' id='par_1_53' title="bbox 1067 442 1857 479">
     <span class='ocr_line' id='line_1_53' title="bbox 1067 442 1857 479; baseline 0 -11"><span class='ocrx_word' id='word_1_359' title='bbox 1067 442 1109 473; x_wconf 79' lang='grc' dir='ltr'>ἂν,</span> <span class='ocrx_word' id='word_1_360' title='bbox 1124 443 1203 478; x_wconf 78' lang='grc' dir='ltr'>εἴπερ</span> <span class='ocrx_word' id='word_1_361' title='bbox 1218 443 1286 474; x_wconf 77' lang='grc' dir='ltr'>ὅλως</span> <span class='ocrx_word' id='word_1_362' title='bbox 1299 452 1324 470; x_wconf 87' lang='grc' dir='ltr'><strong>τι</strong></span> <span class='ocrx_word' id='word_1_363' title='bbox 1340 444 1387 470; x_wconf 80' lang='grc' dir='ltr'>καὶ</span> <span class='ocrx_word' id='word_1_364' title='bbox 1402 443 1459 470; x_wconf 70' lang='grc' dir='ltr'>τῶν</span> <span class='ocrx_word' id='word_1_365' title='bbox 1470 444 1500 470; x_wconf 82' lang='grc' dir='ltr'>οὐ</span> <span class='ocrx_word' id='word_1_366' title='bbox 1519 444 1602 470; x_wconf 80' lang='grc' dir='ltr'>πάλαι</span> <span class='ocrx_word' id='word_1_367' title='bbox 1616 443 1857 479; x_wconf 77' lang='grc' dir='ltr'><strong>προσπεφυκότων</strong></span> 
     </span>
    </p>
   </div>
   <div class='ocr_carea' id='block_1_54' title="bbox 1067 487 1857 524">
    <p class='ocr_par' dir='ltr' id='par_1_54' title="bbox 1067 487 1857 524">
     <span class='ocr_line' id='line_1_54' title="bbox 1067 487 1857 524; baseline 0 -10"><span class='ocrx_word' id='word_1_368' title='bbox 1067 489 1142 523; x_wconf 80' lang='grc' dir='ltr'>ἁλοίη</span> <span class='ocrx_word' id='word_1_369' title='bbox 1157 497 1190 515; x_wconf 79' lang='grc' dir='ltr'><strong>πε</strong></span> <span class='ocrx_word' id='word_1_370' title='bbox 1196 489 1363 524; x_wconf 82' lang='grc' dir='ltr'>πλουτηκὼς,</span> <span class='ocrx_word' id='word_1_371' title='bbox 1374 490 1420 516; x_wconf 74' lang='grc' dir='ltr'>καὶ</span> <span class='ocrx_word' id='word_1_372' title='bbox 1430 487 1475 516; x_wconf 77' lang='grc' dir='ltr'><strong>οἷά</strong></span> <span class='ocrx_word' id='word_1_373' title='bbox 1488 498 1548 516; x_wconf 84' lang='grc' dir='ltr'>τινα</span> <span class='ocrx_word' id='word_1_374' title='bbox 1557 489 1606 524; x_wconf 81' lang='grc' dir='ltr'><strong>τῆς</strong></span> <span class='ocrx_word' id='word_1_375' title='bbox 1623 489 1857 524; x_wconf 76' lang='grc' dir='ltr'>ὲνανθρωπήσεως</span> 
     </span>
    </p>
   </div>
   <div class='ocr_carea' id='block_1_55' title="bbox 1068 535 1855 572">
    <p class='ocr_par' dir='ltr' id='par_1_55' title="bbox 1068 535 1855 572">
     <span class='ocr_line' id='line_1_55' title="bbox 1068 535 1855 572; baseline 0 -11"><span class='ocrx_word' id='word_1_376' title='bbox 1068 535 1162 570; x_wconf 71' lang='grc' dir='ltr'>μισθὸν</span> <span class='ocrx_word' id='word_1_377' title='bbox 1181 535 1227 562; x_wconf 79' lang='grc' dir='ltr'>καὶ</span> <span class='ocrx_word' id='word_1_378' title='bbox 1241 536 1396 563; x_wconf 78' lang='grc' dir='ltr'>ἁντέκτισιν</span> <span class='ocrx_word' id='word_1_379' title='bbox 1406 536 1454 572; x_wconf 82' lang='grc' dir='ltr'>τὴν</span> <span class='ocrx_word' id='word_1_380' title='bbox 1475 536 1545 564; x_wconf 75' lang='grc' dir='ltr'>κατά</span> <span class='ocrx_word' id='word_1_381' title='bbox 1555 545 1635 563; x_wconf 85' lang='grc' dir='ltr'>τινων</span> <span class='ocrx_word' id='word_1_382' title='bbox 1651 536 1778 569; x_wconf 77' lang='grc' dir='ltr'>ἐξουσίαν</span> <span class='ocrx_word' id='word_1_383' title='bbox 1792 536 1855 562; x_wconf 77' lang='grc' dir='ltr'><strong>ἀπθ-</strong></span> 
     </span>
    </p>
   </div>
   <div class='ocr_carea' id='block_1_56' title="bbox 1067 580 1231 614">
    <p class='ocr_par' dir='ltr' id='par_1_56' title="bbox 1067 580 1231 614">
     <span class='ocr_line' id='line_1_56' title="bbox 1067 580 1231 614; baseline -0.012 -8"><span class='ocrx_word' id='word_1_384' title='bbox 1067 580 1213 614; x_wconf 77' lang='grc' dir='ltr'>κερδαίνων</span> <span class='ocrx_word' id='word_1_385' title='bbox 1223 589 1231 612; x_wconf 69' lang='grc' dir='ltr'><strong>ς</strong></span> 
     </span>
    </p>
   </div>
   <div class='ocr_carea' id='block_1_57' title="bbox 1103 621 1293 659">
    <p class='ocr_par' dir='ltr' id='par_1_57' title="bbox 1103 621 1293 659">
     <span class='ocr_line' id='line_1_57' title="bbox 1103 621 1293 659; baseline 0.016 -9"><span class='ocrx_word' id='word_1_386' title='bbox 1103 625 1133 652; x_wconf 87' lang='grc' dir='ltr'><strong>Β.</strong></span> <span class='ocrx_word' id='word_1_387' title='bbox 1151 621 1212 650; x_wconf 83' lang='grc' dir='ltr'>Ὧδε</span> <span class='ocrx_word' id='word_1_388' title='bbox 1225 625 1293 659; x_wconf 78' lang='grc' dir='ltr'>ἔχει.</span> 
     </span>
    </p>
   </div>
   <div class='ocr_carea' id='block_1_58' title="bbox 1102 663 1856 707">
    <p class='ocr_par' dir='ltr' id='par_1_58' title="bbox 1102 663 1856 707">
     <span class='ocr_line' id='line_1_58' title="bbox 1102 663 1856 707; baseline 0.003 -11"><span class='ocrx_word' id='word_1_389' title='bbox 1102 672 1133 697; x_wconf 79' lang='grc' dir='ltr'><strong>Α.</strong></span> <span class='ocrx_word' id='word_1_390' title='bbox 1153 671 1362 707; x_wconf 79' lang='grc' dir='ltr'>Ψευδηγορήσει</span> <span class='ocrx_word' id='word_1_391' title='bbox 1381 663 1408 698; x_wconf 67' lang='grc' dir='ltr'><strong>δὲ</strong></span> <span class='ocrx_word' id='word_1_392' title='bbox 1432 671 1503 699; x_wconf 82' lang='grc' dir='ltr'>κατὰ</span> <span class='ocrx_word' id='word_1_393' title='bbox 1527 672 1556 699; x_wconf 83' lang='grc' dir='ltr'>τὸ</span> <span class='ocrx_word' id='word_1_394' title='bbox 1583 671 1657 704; x_wconf 76' lang='grc' dir='ltr'>είχὸς</span> <span class='ocrx_word' id='word_1_395' title='bbox 1673 672 1722 699; x_wconf 70' lang='grc' dir='ltr'><strong>καὶ</strong></span> <span class='ocrx_word' id='word_1_396' title='bbox 1741 673 1757 698; x_wconf 80' lang='grc' dir='ltr'><strong>ό</strong></span> <span class='ocrx_word' id='word_1_397' title='bbox 1778 671 1856 705; x_wconf 46' lang='lat' dir='ltr'><strong>cogi);</strong></span> 
     </span>
    </p>
   </div>
   <div class='ocr_carea' id='block_1_59' title="bbox 1073 716 1856 753">
    <p class='ocr_par' dir='ltr' id='par_1_59' title="bbox 1073 716 1856 753">
     <span class='ocr_line' id='line_1_59' title="bbox 1073 716 1856 753; baseline 0 -9"><span class='ocrx_word' id='word_1_398' title='bbox 1073 717 1208 751; x_wconf 74' lang='grc' dir='ltr'>Ἰωάννης,</span> <span class='ocrx_word' id='word_1_399' title='bbox 1223 719 1247 743; x_wconf 81' lang='grc' dir='ltr'>εἰ</span> <span class='ocrx_word' id='word_1_400' title='bbox 1268 718 1341 751; x_wconf 81' lang='grc' dir='ltr'>λέγοι</span> <span class='ocrx_word' id='word_1_401' title='bbox 1362 718 1426 753; x_wconf 72' lang='grc' dir='ltr'>περὶ</span> <span class='ocrx_word' id='word_1_402' title='bbox 1441 718 1525 744; x_wconf 76' lang='grc' dir='ltr'>αὐτοῦ</span> <span class='ocrx_word' id='word_1_403' title='bbox 1539 727 1546 734; x_wconf 90' lang='grc'><strong>·</strong></span> <span class='ocrx_word' id='word_1_404' title='bbox 1569 728 1577 743; x_wconf 85' lang='grc' dir='ltr'><strong>ι</strong></span> <span class='ocrx_word' id='word_1_405' title='bbox 1591 719 1637 749; x_wconf 88' lang='grc' dir='ltr'><strong>Είς</strong></span> <span class='ocrx_word' id='word_1_406' title='bbox 1653 717 1687 744; x_wconf 79' lang='grc' dir='ltr'><strong>τὰ</strong></span> <span class='ocrx_word' id='word_1_407' title='bbox 1705 718 1761 744; x_wconf 85' lang='grc' dir='ltr'>ῐδια</span> <span class='ocrx_word' id='word_1_408' title='bbox 1781 716 1856 752; x_wconf 53' lang='lat' dir='ltr'><strong>ﬁxos;</strong></span> 
     </span>
    </p>
   </div>
   <div class='ocr_carea' id='block_1_60' title="bbox 1067 763 1857 799">
    <p class='ocr_par' dir='ltr' id='par_1_60' title="bbox 1067 763 1857 799">
     <span class='ocr_line' id='line_1_60' title="bbox 1067 763 1857 799; baseline 0 -10"><span class='ocrx_word' id='word_1_409' title='bbox 1067 763 1114 789; x_wconf 69' lang='grc' dir='ltr'><strong>καὶ</strong></span> <span class='ocrx_word' id='word_1_410' title='bbox 1123 764 1147 790; x_wconf 89' lang='grc' dir='ltr'>οἱ</span> <span class='ocrx_word' id='word_1_411' title='bbox 1159 763 1219 789; x_wconf 80' lang='grc' dir='ltr'>ἴδιοι</span> <span class='ocrx_word' id='word_1_412' title='bbox 1231 763 1312 790; x_wconf 77' lang='grc' dir='ltr'>αὑτὸν</span> <span class='ocrx_word' id='word_1_413' title='bbox 1328 763 1358 790; x_wconf 74' lang='grc' dir='ltr'>οὗ</span> <span class='ocrx_word' id='word_1_414' title='bbox 1377 764 1541 799; x_wconf 72' lang='grc' dir='ltr'>παρέλαϐον.</span> <span class='ocrx_word' id='word_1_415' title='bbox 1555 773 1564 789; x_wconf 75' lang='grc' dir='ltr'><strong>ι</strong></span> <span class='ocrx_word' id='word_1_416' title='bbox 1582 764 1643 795; x_wconf 81' lang='grc' dir='ltr'><strong>Πῶς</strong></span> <span class='ocrx_word' id='word_1_417' title='bbox 1657 764 1713 798; x_wconf 77' lang='grc' dir='ltr'><strong>γὰρ</strong></span> <span class='ocrx_word' id='word_1_418' title='bbox 1728 764 1796 789; x_wconf 82' lang='grc' dir='ltr'>ἴδιον</span> <span class='ocrx_word' id='word_1_419' title='bbox 1809 764 1857 789; x_wconf 85' lang='grc' dir='ltr'><strong>αὑ-</strong></span> 
     </span>
    </p>
   </div>
   <div class='ocr_carea' id='block_1_61' title="bbox 1065 800 1854 845">
    <p class='ocr_par' dir='ltr' id='par_1_61' title="bbox 1065 800 1854 845">
     <span class='ocr_line' id='line_1_61' title="bbox 1065 800 1854 845; baseline 0 -11"><span class='ocrx_word' id='word_1_420' title='bbox 1065 808 1124 839; x_wconf 77' lang='grc' dir='ltr'>τοῦ.</span> <span class='ocrx_word' id='word_1_421' title='bbox 1137 809 1168 835; x_wconf 76' lang='grc' dir='ltr'>τὸ</span> <span class='ocrx_word' id='word_1_422' title='bbox 1182 809 1258 844; x_wconf 79' lang='grc' dir='ltr'>μόλις</span> <span class='ocrx_word' id='word_1_423' title='bbox 1273 810 1318 836; x_wconf 74' lang='grc' dir='ltr'>καὶ</span> <span class='ocrx_word' id='word_1_424' title='bbox 1329 810 1357 836; x_wconf 78' lang='grc' dir='ltr'>ὲν</span> <span class='ocrx_word' id='word_1_425' title='bbox 1370 810 1493 845; x_wconf 76' lang='grc' dir='ltr'><strong>ἐσχάτοις</strong></span> <span class='ocrx_word' id='word_1_426' title='bbox 1509 810 1556 836; x_wconf 75' lang='grc' dir='ltr'>καὶ</span> <span class='ocrx_word' id='word_1_427' title='bbox 1571 810 1634 845; x_wconf 79' lang='grc' dir='ltr'>παρ’</span> <span class='ocrx_word' id='word_1_428' title='bbox 1652 809 1748 844; x_wconf 75' lang='grc' dir='ltr'>ἑτέρου</span> <span class='ocrx_word' id='word_1_429' title='bbox 1761 800 1854 839; x_wconf 81' lang='grc' dir='ltr'>δοτόν;</span> 
     </span>
    </p>
   </div>
   <div class='ocr_carea' id='block_1_62' title="bbox 1066 855 1856 891">
    <p class='ocr_par' dir='ltr' id='par_1_62' title="bbox 1066 855 1856 891">
     <span class='ocr_line' id='line_1_62' title="bbox 1066 855 1856 891; baseline -0.003 -9"><span class='ocrx_word' id='word_1_430' title='bbox 1066 856 1174 887; x_wconf 75' lang='grc' dir='ltr'>Καίτοι,</span> <span class='ocrx_word' id='word_1_431' title='bbox 1196 856 1289 891; x_wconf 85' lang='grc' dir='ltr'>μυρίοι</span> <span class='ocrx_word' id='word_1_432' title='bbox 1308 856 1358 891; x_wconf 76' lang='grc' dir='ltr'><strong>μὲν</strong></span> <span class='ocrx_word' id='word_1_433' title='bbox 1375 857 1432 883; x_wconf 83' lang='grc' dir='ltr'><strong>ὅσοι</strong></span> <span class='ocrx_word' id='word_1_434' title='bbox 1451 857 1498 882; x_wconf 69' lang='grc' dir='ltr'>καὶ</span> <span class='ocrx_word' id='word_1_435' title='bbox 1515 856 1698 891; x_wconf 70' lang='grc' dir='ltr'><strong>ἀναρίθμητοι</strong></span> <span class='ocrx_word' id='word_1_436' title='bbox 1715 855 1856 885; x_wconf 77' lang='grc' dir='ltr'>παντελῶς</span> 
     </span>
    </p>
   </div>
   <div class='ocr_carea' id='block_1_63' title="bbox 1067 897 1857 935">
    <p class='ocr_par' dir='ltr' id='par_1_63' title="bbox 1067 897 1857 935">
     <span class='ocr_line' id='line_1_63' title="bbox 1067 897 1857 935; baseline -0.001 -10"><span class='ocrx_word' id='word_1_437' title='bbox 1067 899 1265 934; x_wconf 78' lang='grc' dir='ltr'>δεδαπάνηνται</span> <span class='ocrx_word' id='word_1_438' title='bbox 1279 900 1370 935; x_wconf 88' lang='grc' dir='ltr'><strong>χρόνοι</strong></span> <span class='ocrx_word' id='word_1_439' title='bbox 1383 900 1443 927; x_wconf 76' lang='grc' dir='ltr'>καθ’</span> <span class='ocrx_word' id='word_1_440' title='bbox 1457 900 1502 931; x_wconf 82' lang='grc' dir='ltr'><strong>οὓς</strong></span> <span class='ocrx_word' id='word_1_441' title='bbox 1518 901 1532 926; x_wconf 90' lang='lat'><strong>6</strong></span> <span class='ocrx_word' id='word_1_442' title='bbox 1543 900 1605 931; x_wconf 68' lang='grc' dir='ltr'><strong>Υἱὸς</strong></span> <span class='ocrx_word' id='word_1_443' title='bbox 1621 899 1756 930; x_wconf 76' lang='grc' dir='ltr'>συναῖὅιος</span> <span class='ocrx_word' id='word_1_444' title='bbox 1774 897 1806 934; x_wconf 76' lang='grc' dir='ltr'>ἦν</span> <span class='ocrx_word' id='word_1_445' title='bbox 1820 899 1857 933; x_wconf 83' lang='grc' dir='ltr'>τῷ</span> 
     </span>
    </p>
   </div>
   <div class='ocr_carea' id='block_1_64' title="bbox 1067 942 1857 979">
    <p class='ocr_par' dir='ltr' id='par_1_64' title="bbox 1067 942 1857 979">
     <span class='ocr_line' id='line_1_64' title="bbox 1067 942 1857 979; baseline 0.004 -12"><span class='ocrx_word' id='word_1_446' title='bbox 1067 942 1125 977; x_wconf 78' lang='grc' dir='ltr'><strong>θεῷ</strong></span> <span class='ocrx_word' id='word_1_447' title='bbox 1138 942 1185 969; x_wconf 68' lang='grc' dir='ltr'>καὶ</span> <span class='ocrx_word' id='word_1_448' title='bbox 1206 944 1301 979; x_wconf 82' lang='grc' dir='ltr'>Πατρί.</span> <span class='ocrx_word' id='word_1_449' title='bbox 1329 944 1361 970; x_wconf 79' lang='lat' dir='ltr'><strong>Et</strong></span> <span class='ocrx_word' id='word_1_450' title='bbox 1377 944 1416 976; x_wconf 85' lang='grc' dir='ltr'><strong>δὲ,</strong></span> <span class='ocrx_word' id='word_1_451' title='bbox 1436 944 1552 979; x_wconf 72' lang='grc' dir='ltr'>ἐπείπερ</span> <span class='ocrx_word' id='word_1_452' title='bbox 1572 945 1682 978; x_wconf 85' lang='grc' dir='ltr'>γέγονεν</span> <span class='ocrx_word' id='word_1_453' title='bbox 1702 943 1857 979; x_wconf 61' lang='grc' dir='ltr'>ἄνθρωπος,</span> 
     </span>
    </p>
   </div>
   <div class='ocr_carea' id='block_1_65' title="bbox 1066 989 1856 1025">
    <p class='ocr_par' dir='ltr' id='par_1_65' title="bbox 1066 989 1856 1025">
     <span class='ocr_line' id='line_1_65' title="bbox 1066 989 1856 1025; baseline 0.003 -11"><span class='ocrx_word' id='word_1_454' title='bbox 1066 989 1175 1024; x_wconf 82' lang='grc' dir='ltr'>δέχεται</span> <span class='ocrx_word' id='word_1_455' title='bbox 1194 989 1257 1021; x_wconf 71' lang='grc' dir='ltr'>τοὺς</span> <span class='ocrx_word' id='word_1_456' title='bbox 1272 990 1326 1017; x_wconf 78' lang='grc' dir='ltr'><strong>ἀπὸ</strong></span> <span class='ocrx_word' id='word_1_457' title='bbox 1346 990 1392 1017; x_wconf 77' lang='grc' dir='ltr'><strong>τοῦ</strong></span> <span class='ocrx_word' id='word_1_458' title='bbox 1414 990 1529 1025; x_wconf 82' lang='grc' dir='ltr'>κόσμου,</span> <span class='ocrx_word' id='word_1_459' title='bbox 1544 991 1590 1016; x_wconf 75' lang='grc' dir='ltr'><strong>καὶ</strong></span> <span class='ocrx_word' id='word_1_460' title='bbox 1611 991 1752 1025; x_wconf 77' lang='grc' dir='ltr'>τκήπτρου</span> <span class='ocrx_word' id='word_1_461' title='bbox 1766 990 1856 1016; x_wconf 65' lang='grc' dir='ltr'>καινόι·</span> 
     </span>
    </p>
   </div>
   <div class='ocr_carea' id='block_1_66' title="bbox 1066 1036 1856 1072">
    <p class='ocr_par' dir='ltr' id='par_1_66' title="bbox 1066 1036 1856 1072">
     <span class='ocr_line' id='line_1_66' title="bbox 1066 1036 1856 1072; baseline 0.001 -10"><span class='ocrx_word' id='word_1_462' title='bbox 1066 1044 1136 1070; x_wconf 76' lang='grc' dir='ltr'>τητα</span> <span class='ocrx_word' id='word_1_463' title='bbox 1159 1036 1349 1072; x_wconf 80' lang='grc' dir='ltr'>προσειληφὼς</span> <span class='ocrx_word' id='word_1_464' title='bbox 1373 1038 1469 1072; x_wconf 82' lang='grc' dir='ltr'>ὁρᾶται</span> <span class='ocrx_word' id='word_1_465' title='bbox 1490 1038 1619 1072; x_wconf 78' lang='grc' dir='ltr'>ταυτηνὶ,</span> <span class='ocrx_word' id='word_1_466' title='bbox 1645 1037 1730 1072; x_wconf 81' lang='grc' dir='ltr'><strong>φαίην</strong></span> <span class='ocrx_word' id='word_1_467' title='bbox 1752 1037 1785 1063; x_wconf 80' lang='grc' dir='ltr'>ἂν</span> <span class='ocrx_word' id='word_1_468' title='bbox 1808 1037 1856 1072; x_wconf 69' lang='grc' dir='ltr'><strong>ἢδη</strong></span> 
     </span>
    </p>
   </div>
   <div class='ocr_carea' id='block_1_67' title="bbox 1066 1078 1857 1118">
    <p class='ocr_par' dir='ltr' id='par_1_67' title="bbox 1066 1078 1857 1118">
     <span class='ocr_line' id='line_1_67' title="bbox 1066 1078 1857 1118; baseline 0.003 -11"><span class='ocrx_word' id='word_1_469' title='bbox 1066 1078 1170 1113; x_wconf 76' lang='grc' dir='ltr'>λοιπὸν,</span> <span class='ocrx_word' id='word_1_470' title='bbox 1186 1082 1350 1113; x_wconf 79' lang='grc' dir='ltr'><strong>καταδείσας</strong></span> <span class='ocrx_word' id='word_1_471' title='bbox 1369 1083 1461 1113; x_wconf 64' lang='grc' dir='ltr'>οὐδὲν,</span> <span class='ocrx_word' id='word_1_472' title='bbox 1482 1083 1520 1115; x_wconf 81' lang='grc' dir='ltr'>ὡς</span> <span class='ocrx_word' id='word_1_473' title='bbox 1542 1083 1662 1118; x_wconf 79' lang='grc' dir='ltr'>ἀμείνων</span> <span class='ocrx_word' id='word_1_474' title='bbox 1685 1084 1702 1118; x_wconf 77' lang='grc' dir='ltr'>ἡ</span> <span class='ocrx_word' id='word_1_475' title='bbox 1723 1083 1857 1118; x_wconf 75' lang='grc' dir='ltr'>ἑνανθρώ-</span> 
     </span>
    </p>
   </div>
   <div class='ocr_carea' id='block_1_68' title="bbox 1068 1125 1855 1163">
    <p class='ocr_par' dir='ltr' id='par_1_68' title="bbox 1068 1125 1855 1163">
     <span class='ocr_line' id='line_1_68' title="bbox 1068 1125 1855 1163; baseline 0.003 -11"><span class='ocrx_word' id='word_1_476' title='bbox 1068 1135 1152 1161; x_wconf 82' lang='grc' dir='ltr'>πησις</span> <span class='ocrx_word' id='word_1_477' title='bbox 1168 1127 1206 1162; x_wconf 79' lang='grc' dir='ltr'><strong>τῷ</strong></span> <span class='ocrx_word' id='word_1_478' title='bbox 1219 1127 1280 1162; x_wconf 85' lang='grc' dir='ltr'><strong>Θεῷ</strong></span> <span class='ocrx_word' id='word_1_479' title='bbox 1302 1127 1381 1162; x_wconf 83' lang='grc' dir='ltr'><strong>Λόγῳ</strong></span> <span class='ocrx_word' id='word_1_480' title='bbox 1397 1128 1590 1159; x_wconf 75' lang='grc' dir='ltr'><strong>καταστάσεως</strong></span> <span class='ocrx_word' id='word_1_481' title='bbox 1604 1125 1638 1163; x_wconf 85' lang='grc' dir='ltr'>ἦν</span> <span class='ocrx_word' id='word_1_482' title='bbox 1653 1128 1703 1163; x_wconf 82' lang='grc' dir='ltr'>τῆς</span> <span class='ocrx_word' id='word_1_483' title='bbox 1720 1129 1855 1162; x_wconf 82' lang='grc' dir='ltr'>ὲναρχαίς,</span> 
     </span>
    </p>
   </div>
   <div class='ocr_carea' id='block_1_69' title="bbox 1068 1173 1854 1209">
    <p class='ocr_par' dir='ltr' id='par_1_69' title="bbox 1068 1173 1854 1209">
     <span class='ocr_line' id='line_1_69' title="bbox 1068 1173 1854 1209; baseline 0.001 -10"><span class='ocrx_word' id='word_1_484' title='bbox 1068 1173 1116 1200; x_wconf 70' lang='grc' dir='ltr'><strong>καὶ</strong></span> <span class='ocrx_word' id='word_1_485' title='bbox 1132 1173 1156 1199; x_wconf 86' lang='grc' dir='ltr'>εἰ</span> <span class='ocrx_word' id='word_1_486' title='bbox 1182 1174 1268 1199; x_wconf 79' lang='grc' dir='ltr'>νοοῖτο</span> <span class='ocrx_word' id='word_1_487' title='bbox 1292 1173 1414 1200; x_wconf 79' lang='grc' dir='ltr'>πλουτῶν</span> <span class='ocrx_word' id='word_1_488' title='bbox 1445 1173 1475 1199; x_wconf 81' lang='grc' dir='ltr'><strong>τὸ</strong></span> <span class='ocrx_word' id='word_1_489' title='bbox 1499 1173 1527 1198; x_wconf 81' lang='grc' dir='ltr'>ὲν</span> <span class='ocrx_word' id='word_1_490' title='bbox 1550 1173 1655 1208; x_wconf 82' lang='grc' dir='ltr'>ἰσότητι</span> <span class='ocrx_word' id='word_1_491' title='bbox 1676 1173 1723 1200; x_wconf 77' lang='grc' dir='ltr'>τοῦ</span> <span class='ocrx_word' id='word_1_492' title='bbox 1740 1174 1854 1209; x_wconf 75' lang='grc' dir='ltr'>Πατρόςε</span> 
     </span>
    </p>
   </div>
   <div class='ocr_carea' id='block_1_70' title="bbox 1074 1219 1855 1255">
    <p class='ocr_par' dir='ltr' id='par_1_70' title="bbox 1074 1219 1855 1255">
     <span class='ocr_line' id='line_1_70' title="bbox 1074 1219 1855 1255; baseline 0.003 -11"><span class='ocrx_word' id='word_1_493' title='bbox 1074 1219 1245 1251; x_wconf 73' lang='grc' dir='ltr'>Ἀναϐιϐἁςει</span> <span class='ocrx_word' id='word_1_494' title='bbox 1269 1219 1334 1254; x_wconf 77' lang='grc' dir='ltr'>γὰρ,</span> <span class='ocrx_word' id='word_1_495' title='bbox 1350 1219 1387 1251; x_wconf 84' lang='grc' dir='ltr'><strong>ὡς</strong></span> <span class='ocrx_word' id='word_1_496' title='bbox 1403 1220 1479 1255; x_wconf 70' lang='grc' dir='ltr'>ὁρᾷς,</span> <span class='ocrx_word' id='word_1_497' title='bbox 1501 1219 1548 1246; x_wconf 71' lang='grc' dir='ltr'><strong>ἐπὶ</strong></span> <span class='ocrx_word' id='word_1_498' title='bbox 1569 1219 1600 1246; x_wconf 80' lang='grc' dir='ltr'><strong>τὸ</strong></span> <span class='ocrx_word' id='word_1_499' title='bbox 1619 1219 1791 1255; x_wconf 79' lang='grc' dir='ltr'>ὑπερτεροῦν</span> <span class='ocrx_word' id='word_1_500' title='bbox 1811 1220 1855 1246; x_wconf 80' lang='grc' dir='ltr'>καὶ</span> 
     </span>
    </p>
   </div>
   <div class='ocr_carea' id='block_1_71' title="bbox 1068 1265 1858 1306">
    <p class='ocr_par' dir='ltr' id='par_1_71' title="bbox 1068 1265 1858 1306">
     <span class='ocr_line' id='line_1_71' title="bbox 1068 1265 1858 1306; baseline 0 -14"><span class='ocrx_word' id='word_1_501' title='bbox 1068 1265 1241 1306; x_wconf 77' lang='grc' dir='ltr'>ἁσυγκρίτως</span> <span class='ocrx_word' id='word_1_502' title='bbox 1254 1266 1365 1301; x_wconf 81' lang='grc' dir='ltr'>ἄμεινον</span> <span class='ocrx_word' id='word_1_503' title='bbox 1385 1267 1414 1292; x_wconf 75' lang='grc' dir='ltr'>ὲν</span> <span class='ocrx_word' id='word_1_504' title='bbox 1427 1265 1501 1301; x_wconf 75' lang='grc' dir='ltr'>δόξῃ.</span> <span class='ocrx_word' id='word_1_505' title='bbox 1517 1265 1622 1300; x_wconf 83' lang='grc' dir='ltr'>Ἑαυτῷ</span> <span class='ocrx_word' id='word_1_506' title='bbox 1635 1265 1783 1301; x_wconf 72' lang='grc' dir='ltr'>τοιγαροῦν</span> <span class='ocrx_word' id='word_1_507' title='bbox 1798 1274 1858 1292; x_wconf 79' lang='grc' dir='ltr'>κατ-</span> 
     </span>
    </p>
   </div>
   <div class='ocr_carea' id='block_1_72' title="bbox 1069 1310 1858 1348">
    <p class='ocr_par' dir='ltr' id='par_1_72' title="bbox 1069 1310 1858 1348">
     <span class='ocr_line' id='line_1_72' title="bbox 1069 1310 1858 1348; baseline 0.001 -11"><span class='ocrx_word' id='word_1_508' title='bbox 1069 1310 1198 1347; x_wconf 82' lang='grc' dir='ltr'>ώροωχεν</span> <span class='ocrx_word' id='word_1_509' title='bbox 1214 1312 1228 1337; x_wconf 91' lang='lat'><strong>6</strong></span> <span class='ocrx_word' id='word_1_510' title='bbox 1252 1311 1315 1343; x_wconf 75' lang='grc' dir='ltr'><strong>Υἱὸς</strong></span> <span class='ocrx_word' id='word_1_511' title='bbox 1330 1311 1378 1346; x_wconf 85' lang='grc' dir='ltr'>τὴν</span> <span class='ocrx_word' id='word_1_512' title='bbox 1400 1311 1469 1346; x_wconf 78' lang='grc' dir='ltr'>μετὰ</span> <span class='ocrx_word' id='word_1_513' title='bbox 1496 1311 1596 1348; x_wconf 81' lang='grc' dir='ltr'>σαρκὸς</span> <span class='ocrx_word' id='word_1_514' title='bbox 1620 1311 1790 1347; x_wconf 77' lang='grc' dir='ltr'><strong>οἰκονομίαν,</strong></span> <span class='ocrx_word' id='word_1_515' title='bbox 1813 1312 1858 1338; x_wconf 75' lang='grc' dir='ltr'>καὶ</span> 
     </span>
    </p>
   </div>
   <div class='ocr_carea' id='block_1_73' title="bbox 1069 1356 1859 1393">
    <p class='ocr_par' dir='ltr' id='par_1_73' title="bbox 1069 1356 1859 1393">
     <span class='ocr_line' id='line_1_73' title="bbox 1069 1356 1859 1393; baseline 0.001 -10"><span class='ocrx_word' id='word_1_516' title='bbox 1069 1356 1114 1384; x_wconf 68' lang='grc' dir='ltr'>τὸν</span> <span class='ocrx_word' id='word_1_517' title='bbox 1129 1357 1177 1392; x_wconf 78' lang='grc' dir='ltr'><strong>τῆς</strong></span> <span class='ocrx_word' id='word_1_518' title='bbox 1190 1357 1424 1393; x_wconf 71' lang='grc' dir='ltr'>ἑνανθρωπήσεως</span> <span class='ocrx_word' id='word_1_519' title='bbox 1438 1358 1539 1393; x_wconf 85' lang='grc' dir='ltr'>τρόπον</span> <span class='ocrx_word' id='word_1_520' title='bbox 1549 1359 1608 1389; x_wconf 86' lang='grc' dir='ltr'>ταῖς</span> <span class='ocrx_word' id='word_1_521' title='bbox 1624 1358 1704 1389; x_wconf 77' lang='grc' dir='ltr'>ἰδίαις</span> <span class='ocrx_word' id='word_1_522' title='bbox 1719 1358 1859 1393; x_wconf 74' lang='grc' dir='ltr'><strong>ἐχαρίζετο</strong></span> 
     </span>
    </p>
   </div>
   <div class='ocr_carea' id='block_1_74' title="bbox 1069 1401 1856 1439">
    <p class='ocr_par' dir='ltr' id='par_1_74' title="bbox 1069 1401 1856 1439">
     <span class='ocr_line' id='line_1_74' title="bbox 1069 1401 1856 1439; baseline 0 -9"><span class='ocrx_word' id='word_1_523' title='bbox 1069 1401 1168 1436; x_wconf 77' lang='grc' dir='ltr'>δόξαις.</span> <span class='ocrx_word' id='word_1_524' title='bbox 1184 1404 1246 1435; x_wconf 80' lang='grc' dir='ltr'><strong>Πῶς</strong></span> <span class='ocrx_word' id='word_1_525' title='bbox 1257 1402 1304 1430; x_wconf 85' lang='grc' dir='ltr'>οὖν</span> <span class='ocrx_word' id='word_1_526' title='bbox 1318 1404 1356 1430; x_wconf 77' lang='grc' dir='ltr'>ἔτι</span> <span class='ocrx_word' id='word_1_527' title='bbox 1372 1403 1405 1430; x_wconf 84' lang='grc' dir='ltr'><strong>δι’</strong></span> <span class='ocrx_word' id='word_1_528' title='bbox 1417 1404 1492 1439; x_wconf 74' lang='grc' dir='ltr'><strong>ἡμᾶς</strong></span> <span class='ocrx_word' id='word_1_529' title='bbox 1510 1403 1721 1439; x_wconf 80' lang='grc' dir='ltr'>ὲνανορωπῆσαι</span> <span class='ocrx_word' id='word_1_530' title='bbox 1737 1403 1856 1437; x_wconf 80' lang='grc' dir='ltr'>λέγεται,</span> 
     </span>
    </p>
   </div>
   <div class='ocr_carea' id='block_1_75' title="bbox 1069 1448 1858 1485">
    <p class='ocr_par' dir='ltr' id='par_1_75' title="bbox 1069 1448 1858 1485">
     <span class='ocr_line' id='line_1_75' title="bbox 1069 1448 1858 1485; baseline -0.001 -9"><span class='ocrx_word' id='word_1_531' title='bbox 1069 1450 1086 1485; x_wconf 76' lang='grc' dir='ltr'>ἢ</span> <span class='ocrx_word' id='word_1_532' title='bbox 1105 1449 1162 1482; x_wconf 82' lang='grc' dir='ltr'>πῶς</span> <span class='ocrx_word' id='word_1_533' title='bbox 1181 1450 1341 1485; x_wconf 80' lang='grc' dir='ltr'>ἀντίλυτρον</span> <span class='ocrx_word' id='word_1_534' title='bbox 1354 1450 1405 1485; x_wconf 82' lang='grc' dir='ltr'><strong>τῆς</strong></span> <span class='ocrx_word' id='word_1_535' title='bbox 1427 1450 1555 1477; x_wconf 75' lang='grc' dir='ltr'>ἁπάντων</span> <span class='ocrx_word' id='word_1_536' title='bbox 1571 1449 1667 1483; x_wconf 81' lang='grc' dir='ltr'>γέγονε</span> <span class='ocrx_word' id='word_1_537' title='bbox 1682 1448 1767 1484; x_wconf 81' lang='grc' dir='ltr'><strong>ζωῆς,</strong></span> <span class='ocrx_word' id='word_1_538' title='bbox 1783 1450 1807 1475; x_wconf 84' lang='grc' dir='ltr'><strong>εί</strong></span> <span class='ocrx_word' id='word_1_539' title='bbox 1821 1449 1858 1484; x_wconf 80' lang='grc' dir='ltr'>τῷ</span> 
     </span>
    </p>
   </div>
   <div class='ocr_carea' id='block_1_76' title="bbox 1071 1494 1858 1531">
    <p class='ocr_par' dir='ltr' id='par_1_76' title="bbox 1071 1494 1858 1531">
     <span class='ocr_line' id='line_1_76' title="bbox 1071 1494 1858 1531; baseline -0.003 -9"><span class='ocrx_word' id='word_1_540' title='bbox 1071 1495 1178 1530; x_wconf 75' lang='grc' dir='ltr'>θανάτῳ</span> <span class='ocrx_word' id='word_1_541' title='bbox 1201 1495 1251 1530; x_wconf 78' lang='grc' dir='ltr'>τῆς</span> <span class='ocrx_word' id='word_1_542' title='bbox 1276 1495 1344 1527; x_wconf 84' lang='grc' dir='ltr'>ιδίας</span> <span class='ocrx_word' id='word_1_543' title='bbox 1362 1496 1475 1531; x_wconf 81' lang='grc' dir='ltr'>σαρκὸς,</span> <span class='ocrx_word' id='word_1_544' title='bbox 1497 1495 1546 1531; x_wconf 84' lang='grc' dir='ltr'>τὴν</span> <span class='ocrx_word' id='word_1_545' title='bbox 1568 1494 1654 1526; x_wconf 78' lang='grc' dir='ltr'>οὕτως</span> <span class='ocrx_word' id='word_1_546' title='bbox 1671 1494 1744 1530; x_wconf 74' lang='grc' dir='ltr'><strong>ἀήθη</strong></span> <span class='ocrx_word' id='word_1_547' title='bbox 1769 1495 1815 1521; x_wconf 80' lang='grc' dir='ltr'><strong>καὶ</strong></span> <span class='ocrx_word' id='word_1_548' title='bbox 1830 1495 1858 1521; x_wconf 68' lang='grc' dir='ltr'>οὐ</span> 
     </span>
    </p>
   </div>
   <div class='ocr_carea' id='block_1_77' title="bbox 1034 1541 1520 1588">
    <p class='ocr_par' dir='ltr' id='par_1_77' title="bbox 1034 1541 1520 1588">
     <span class='ocr_line' id='line_1_77' title="bbox 1034 1541 1520 1588; baseline 0.004 -21"><span class='ocrx_word' id='word_1_549' title='bbox 1034 1559 1056 1588; x_wconf 76' lang='lat' dir='ltr'><strong>c</strong></span> <span class='ocrx_word' id='word_1_550' title='bbox 1073 1541 1157 1568; x_wconf 64' lang='grc' dir='ltr'>πάλαι</span> <span class='ocrx_word' id='word_1_551' title='bbox 1168 1541 1252 1577; x_wconf 84' lang='grc' dir='ltr'>βατὴν</span> <span class='ocrx_word' id='word_1_552' title='bbox 1267 1542 1412 1577; x_wconf 76' lang='grc' dir='ltr'>ὲξεπρίατο</span> <span class='ocrx_word' id='word_1_553' title='bbox 1427 1543 1520 1576; x_wconf 79' lang='grc' dir='ltr'>δόξαν;</span> 
     </span>
    </p>
   </div>
   <div class='ocr_carea' id='block_1_78' title="bbox 1107 1586 1861 1624">
    <p class='ocr_par' dir='ltr' id='par_1_78' title="bbox 1107 1586 1861 1624">
     <span class='ocr_line' id='line_1_78' title="bbox 1107 1586 1861 1624; baseline 0.001 -10"><span class='ocrx_word' id='word_1_554' title='bbox 1107 1586 1137 1615; x_wconf 81' lang='grc' dir='ltr'><strong>Β.</strong></span> <span class='ocrx_word' id='word_1_555' title='bbox 1158 1588 1273 1624; x_wconf 70' lang='grc' dir='ltr'>Ἀρίστα</span> <span class='ocrx_word' id='word_1_556' title='bbox 1296 1589 1345 1623; x_wconf 58' lang='grc' dir='ltr'><strong>μὲν</strong></span> <span class='ocrx_word' id='word_1_557' title='bbox 1368 1588 1446 1623; x_wconf 75' lang='grc' dir='ltr'>ἔφης,</span> <span class='ocrx_word' id='word_1_558' title='bbox 1474 1588 1625 1624; x_wconf 75' lang='grc' dir='ltr'>ἀνασκιρτᾷ</span> <span class='ocrx_word' id='word_1_559' title='bbox 1641 1588 1669 1615; x_wconf 75' lang='grc' dir='ltr'><strong>δὲ</strong></span> <span class='ocrx_word' id='word_1_560' title='bbox 1690 1589 1759 1624; x_wconf 81' lang='grc' dir='ltr'>ἡμῖν</span> <span class='ocrx_word' id='word_1_561' title='bbox 1778 1589 1817 1620; x_wconf 76' lang='grc' dir='ltr'><strong>είς</strong></span> <span class='ocrx_word' id='word_1_562' title='bbox 1831 1587 1861 1614; x_wconf 77' lang='grc' dir='ltr'><strong>τὸ</strong></span> 
     </span>
    </p>
   </div>
   <div class='ocr_carea' id='block_1_79' title="bbox 1072 1633 1512 1670">
    <p class='ocr_par' dir='ltr' id='par_1_79' title="bbox 1072 1633 1512 1670">
     <span class='ocr_line' id='line_1_79' title="bbox 1072 1633 1512 1670; baseline 0.005 -10"><span class='ocrx_word' id='word_1_563' title='bbox 1072 1633 1159 1669; x_wconf 79' lang='grc' dir='ltr'>Θρασύ</span> <span class='ocrx_word' id='word_1_564' title='bbox 1171 1643 1200 1660; x_wconf 87' lang='grc' dir='ltr'><strong>τε</strong></span> <span class='ocrx_word' id='word_1_565' title='bbox 1218 1635 1265 1661; x_wconf 78' lang='grc' dir='ltr'>καὶ</span> <span class='ocrx_word' id='word_1_566' title='bbox 1277 1635 1382 1670; x_wconf 80' lang='grc' dir='ltr'><strong>ἀπηχὲς</strong></span> <span class='ocrx_word' id='word_1_567' title='bbox 1394 1636 1408 1662; x_wconf 81' lang='grc' dir='ltr'>ὁ</span> <span class='ocrx_word' id='word_1_568' title='bbox 1424 1635 1512 1668; x_wconf 72' lang='grc' dir='ltr'>λόγοςε</span> 
     </span>
    </p>
   </div>
   <div class='ocr_carea' id='block_1_80' title="bbox 1107 1678 1861 1715">
    <p class='ocr_par' dir='ltr' id='par_1_80' title="bbox 1107 1678 1861 1715">
     <span class='ocr_line' id='line_1_80' title="bbox 1107 1678 1861 1715; baseline -0.003 -9"><span class='ocrx_word' id='word_1_569' title='bbox 1107 1680 1140 1706; x_wconf 79' lang='grc' dir='ltr'><strong>Α.</strong></span> <span class='ocrx_word' id='word_1_570' title='bbox 1160 1679 1264 1706; x_wconf 81' lang='grc' dir='ltr'>Οὐκοῦν</span> <span class='ocrx_word' id='word_1_571' title='bbox 1287 1679 1410 1715; x_wconf 75' lang='grc' dir='ltr'><strong>ἐῤῥίφϐω</strong></span> <span class='ocrx_word' id='word_1_572' title='bbox 1427 1680 1475 1706; x_wconf 76' lang='grc' dir='ltr'><strong>καὶ</strong></span> <span class='ocrx_word' id='word_1_573' title='bbox 1498 1681 1563 1715; x_wconf 79' lang='grc' dir='ltr'>παρ’</span> <span class='ocrx_word' id='word_1_574' title='bbox 1578 1679 1668 1706; x_wconf 79' lang='grc' dir='ltr'>αὐτῶν</span> <span class='ocrx_word' id='word_1_575' title='bbox 1683 1678 1714 1705; x_wconf 83' lang='grc' dir='ltr'>τδ</span> <span class='ocrx_word' id='word_1_576' title='bbox 1731 1678 1804 1706; x_wconf 82' lang='grc' dir='ltr'>οὕτω</span> <span class='ocrx_word' id='word_1_577' title='bbox 1817 1686 1861 1704; x_wconf 80' lang='grc' dir='ltr'>πι-</span> 
     </span>
    </p>
   </div>
   <div class='ocr_carea' id='block_1_81' title="bbox 1072 1722 1861 1760">
    <p class='ocr_par' dir='ltr' id='par_1_81' title="bbox 1072 1722 1861 1760">
     <span class='ocr_line' id='line_1_81' title="bbox 1072 1722 1861 1760; baseline -0.001 -9"><span class='ocrx_word' id='word_1_578' title='bbox 1072 1723 1138 1759; x_wconf 71' lang='grc' dir='ltr'>κρὸν</span> <span class='ocrx_word' id='word_1_579' title='bbox 1151 1725 1197 1751; x_wconf 76' lang='grc' dir='ltr'>καὶ</span> <span class='ocrx_word' id='word_1_580' title='bbox 1218 1725 1353 1760; x_wconf 77' lang='grc' dir='ltr'><strong>κακόηθες</strong></span> <span class='ocrx_word' id='word_1_581' title='bbox 1373 1726 1412 1757; x_wconf 83' lang='grc' dir='ltr'><strong>εἰς</strong></span> <span class='ocrx_word' id='word_1_582' title='bbox 1429 1724 1538 1759; x_wconf 82' lang='grc' dir='ltr'>λόγους·</span> <span class='ocrx_word' id='word_1_583' title='bbox 1557 1725 1573 1760; x_wconf 80' lang='grc' dir='ltr'>ἢ</span> <span class='ocrx_word' id='word_1_584' title='bbox 1588 1726 1619 1752; x_wconf 79' lang='grc' dir='ltr'>οὐ</span> <span class='ocrx_word' id='word_1_585' title='bbox 1637 1724 1778 1751; x_wconf 73' lang='grc' dir='ltr'>δύσοιστον</span> <span class='ocrx_word' id='word_1_586' title='bbox 1793 1722 1861 1750; x_wconf 83' lang='grc' dir='ltr'>εἶναι</span> 
     </span>
    </p>
   </div>
   <div class='ocr_carea' id='block_1_82' title="bbox 1072 1767 1862 1806">
    <p class='ocr_par' dir='ltr' id='par_1_82' title="bbox 1072 1767 1862 1806">
     <span class='ocr_line' id='line_1_82' title="bbox 1072 1767 1862 1806; baseline 0.001 -10"><span class='ocrx_word' id='word_1_587' title='bbox 1072 1778 1114 1797; x_wconf 88' lang='grc' dir='ltr'><strong>σοι</strong></span> <span class='ocrx_word' id='word_1_588' title='bbox 1134 1767 1164 1796; x_wconf 83' lang='grc' dir='ltr'>τδ</span> <span class='ocrx_word' id='word_1_589' title='bbox 1185 1771 1283 1806; x_wconf 81' lang='grc' dir='ltr'>χρῆναι</span> <span class='ocrx_word' id='word_1_590' title='bbox 1308 1770 1381 1797; x_wconf 87' lang='grc' dir='ltr'>δοκεῖ</span> <span class='ocrx_word' id='word_1_591' title='bbox 1403 1771 1450 1797; x_wconf 75' lang='grc' dir='ltr'><strong>καὶ</strong></span> <span class='ocrx_word' id='word_1_592' title='bbox 1476 1769 1614 1797; x_wconf 75' lang='grc' dir='ltr'>κατωθοῦν</span> <span class='ocrx_word' id='word_1_593' title='bbox 1640 1770 1798 1804; x_wconf 79' lang='grc' dir='ltr'>ἀναγκαίως</span> <span class='ocrx_word' id='word_1_594' title='bbox 1823 1771 1862 1801; x_wconf 71' lang='grc' dir='ltr'><strong>εἰς</strong></span> 
     </span>
    </p>
   </div>
   <div class='ocr_carea' id='block_1_83' title="bbox 1071 1815 1861 1852">
    <p class='ocr_par' dir='ltr' id='par_1_83' title="bbox 1071 1815 1861 1852">
     <span class='ocr_line' id='line_1_83' title="bbox 1071 1815 1861 1852; baseline 0 -10"><span class='ocrx_word' id='word_1_595' title='bbox 1071 1816 1250 1852; x_wconf 80' lang='grc' dir='ltr'>ἀνεοελήτους</span> <span class='ocrx_word' id='word_1_596' title='bbox 1277 1816 1467 1851; x_wconf 84' lang='grc' dir='ltr'>ίσχνομυοίας;</span> <span class='ocrx_word' id='word_1_597' title='bbox 1485 1816 1623 1848; x_wconf 79' lang='grc' dir='ltr'>Μεοέντες</span> <span class='ocrx_word' id='word_1_598' title='bbox 1643 1816 1698 1851; x_wconf 79' lang='grc' dir='ltr'><strong>γὰρ</strong></span> <span class='ocrx_word' id='word_1_599' title='bbox 1721 1815 1754 1850; x_wconf 77' lang='grc' dir='ltr'><strong>δὴ</strong></span> <span class='ocrx_word' id='word_1_600' title='bbox 1766 1815 1796 1842; x_wconf 80' lang='grc' dir='ltr'><strong>τὸ</strong></span> <span class='ocrx_word' id='word_1_601' title='bbox 1815 1816 1861 1842; x_wconf 78' lang='grc' dir='ltr'><strong>ἁν-</strong></span> 
     </span>
    </p>
   </div>
   <div class='ocr_carea' id='block_1_84' title="bbox 1072 1853 1861 1896">
    <p class='ocr_par' dir='ltr' id='par_1_84' title="bbox 1072 1853 1861 1896">
     <span class='ocr_line' id='line_1_84' title="bbox 1072 1853 1861 1896; baseline 0 -9"><span class='ocrx_word' id='word_1_602' title='bbox 1072 1861 1170 1888; x_wconf 85' lang='grc' dir='ltr'>άπτειν</span> <span class='ocrx_word' id='word_1_603' title='bbox 1184 1860 1290 1896; x_wconf 77' lang='grc' dir='ltr'>χρόνοις</span> <span class='ocrx_word' id='word_1_604' title='bbox 1301 1862 1356 1892; x_wconf 82' lang='grc' dir='ltr'>τοῖς</span> <span class='ocrx_word' id='word_1_605' title='bbox 1369 1862 1489 1896; x_wconf 77' lang='grc' dir='ltr'><strong>καθήκοι)</strong></span> <span class='ocrx_word' id='word_1_606' title='bbox 1495 1870 1518 1888; x_wconf 78' lang='grc' dir='ltr'><strong>τι</strong></span> <span class='ocrx_word' id='word_1_607' title='bbox 1527 1863 1576 1893; x_wconf 74' lang='grc' dir='ltr'>τὰς</span> <span class='ocrx_word' id='word_1_608' title='bbox 1590 1861 1692 1896; x_wconf 79' lang='grc' dir='ltr'>φωνὰς,</span> <span class='ocrx_word' id='word_1_609' title='bbox 1705 1861 1762 1888; x_wconf 77' lang='grc' dir='ltr'><strong>ἄνω</strong></span> <span class='ocrx_word' id='word_1_610' title='bbox 1773 1869 1803 1887; x_wconf 80' lang='grc' dir='ltr'><strong>τε</strong></span> <span class='ocrx_word' id='word_1_611' title='bbox 1815 1853 1861 1888; x_wconf 54' lang='grc' dir='ltr'>καὶ</span> 
     </span>
    </p>
   </div>
   <div class='ocr_carea' id='block_1_85' title="bbox 1072 1904 1860 1942">
    <p class='ocr_par' dir='ltr' id='par_1_85' title="bbox 1072 1904 1860 1942">
     <span class='ocr_line' id='line_1_85' title="bbox 1072 1904 1860 1942; baseline 0.001 -11"><span class='ocrx_word' id='word_1_612' title='bbox 1072 1905 1149 1932; x_wconf 77' lang='grc' dir='ltr'>κάτω</span> <span class='ocrx_word' id='word_1_613' title='bbox 1163 1905 1196 1932; x_wconf 81' lang='grc' dir='ltr'><strong>τὰ</strong></span> <span class='ocrx_word' id='word_1_614' title='bbox 1222 1905 1310 1932; x_wconf 79' lang='grc' dir='ltr'>πάντα</span> <span class='ocrx_word' id='word_1_615' title='bbox 1326 1905 1458 1940; x_wconf 79' lang='grc' dir='ltr'>διακυκᾷν</span> <span class='ocrx_word' id='word_1_616' title='bbox 1472 1905 1519 1931; x_wconf 80' lang='grc' dir='ltr'>καὶ</span> <span class='ocrx_word' id='word_1_617' title='bbox 1546 1905 1694 1942; x_wconf 64' lang='grc' dir='ltr'>ἁναφύρειν</span> <span class='ocrx_word' id='word_1_618' title='bbox 1715 1904 1860 1939; x_wconf 71' lang='grc' dir='ltr'>ἐγνώκασι.</span> 
     </span>
    </p>
   </div>
   <div class='ocr_carea' id='block_1_86' title="bbox 1072 1946 1862 1989">
    <p class='ocr_par' dir='ltr' id='par_1_86' title="bbox 1072 1946 1862 1989">
     <span class='ocr_line' id='line_1_86' title="bbox 1072 1946 1862 1989; baseline 0 -13"><span class='ocrx_word' id='word_1_619' title='bbox 1072 1950 1170 1977; x_wconf 81' lang='grc' dir='ltr'>Καίτοι</span> <span class='ocrx_word' id='word_1_620' title='bbox 1187 1949 1245 1982; x_wconf 86' lang='grc' dir='ltr'><strong>πῶς</strong></span> <span class='ocrx_word' id='word_1_621' title='bbox 1256 1951 1305 1976; x_wconf 90' lang='grc' dir='ltr'>οὑκ</span> <span class='ocrx_word' id='word_1_622' title='bbox 1318 1951 1429 1985; x_wconf 78' lang='grc' dir='ltr'>ἄμεινον</span> <span class='ocrx_word' id='word_1_623' title='bbox 1450 1950 1560 1989; x_wconf 71' lang='grc' dir='ltr'>ἐννοεῖν,</span> <span class='ocrx_word' id='word_1_624' title='bbox 1578 1949 1615 1982; x_wconf 85' lang='grc' dir='ltr'><strong>ὡς</strong></span> <span class='ocrx_word' id='word_1_625' title='bbox 1636 1950 1689 1976; x_wconf 76' lang='grc' dir='ltr'>[δια</span> <span class='ocrx_word' id='word_1_626' title='bbox 1707 1950 1758 1985; x_wconf 80' lang='grc' dir='ltr'><strong>μὲν</strong></span> <span class='ocrx_word' id='word_1_627' title='bbox 1779 1947 1813 1984; x_wconf 79' lang='grc' dir='ltr'>ἦν</span> <span class='ocrx_word' id='word_1_628' title='bbox 1828 1946 1862 1976; x_wconf 65' lang='grc' dir='ltr'>τά</span> 
     </span>
    </p>
   </div>
   <div class='ocr_carea' id='block_1_87' title="bbox 1072 1992 1861 2030">
    <p class='ocr_par' dir='ltr' id='par_1_87' title="bbox 1072 1992 1861 2030">
     <span class='ocr_line' id='line_1_87' title="bbox 1072 1992 1861 2030; baseline -0.003 -8"><span class='ocrx_word' id='word_1_629' title='bbox 1072 1996 1162 2023; x_wconf 82' lang='grc' dir='ltr'>πάντα</span> <span class='ocrx_word' id='word_1_630' title='bbox 1172 1994 1218 2022; x_wconf 77' lang='grc' dir='ltr'>τοῦ</span> <span class='ocrx_word' id='word_1_631' title='bbox 1228 1994 1324 2029; x_wconf 88' lang='grc' dir='ltr'>Λόγου,</span> <span class='ocrx_word' id='word_1_632' title='bbox 1335 1992 1381 2022; x_wconf 71' lang='grc' dir='ltr'>καὶ</span> <span class='ocrx_word' id='word_1_633' title='bbox 1389 1995 1442 2022; x_wconf 87' lang='grc' dir='ltr'>τῶν</span> <span class='ocrx_word' id='word_1_634' title='bbox 1449 1996 1489 2026; x_wconf 85' lang='grc' dir='ltr'><strong>είς</strong></span> <span class='ocrx_word' id='word_1_635' title='bbox 1497 1994 1527 2021; x_wconf 79' lang='grc' dir='ltr'>τὸ</span> <span class='ocrx_word' id='word_1_636' title='bbox 1536 1992 1605 2021; x_wconf 80' lang='grc' dir='ltr'>εἶναι</span> <span class='ocrx_word' id='word_1_637' title='bbox 1615 1995 1861 2030; x_wconf 77' lang='grc' dir='ltr'>παρενηνεγμένων</span> 
     </span>
    </p>
   </div>
   <div class='ocr_carea' id='block_1_88' title="bbox 1071 2039 1861 2076">
    <p class='ocr_par' dir='ltr' id='par_1_88' title="bbox 1071 2039 1861 2076">
     <span class='ocr_line' id='line_1_88' title="bbox 1071 2039 1861 2076; baseline -0.001 -9"><span class='ocrx_word' id='word_1_638' title='bbox 1071 2040 1088 2076; x_wconf 77' lang='grc' dir='ltr'>ἡ</span> <span class='ocrx_word' id='word_1_639' title='bbox 1106 2040 1196 2075; x_wconf 69' lang='grc' dir='ltr'>φύσις,</span> <span class='ocrx_word' id='word_1_640' title='bbox 1208 2042 1240 2075; x_wconf 84' lang='grc' dir='ltr'><strong>τῇ</strong></span> <span class='ocrx_word' id='word_1_641' title='bbox 1253 2039 1300 2066; x_wconf 83' lang='grc' dir='ltr'>τοῦ</span> <span class='ocrx_word' id='word_1_642' title='bbox 1316 2040 1482 2075; x_wconf 78' lang='grc' dir='ltr'>κεκληκότος</span> <span class='ocrx_word' id='word_1_643' title='bbox 1496 2039 1738 2076; x_wconf 77' lang='grc' dir='ltr'>ὑπέζευκτο’δόξῃ;</span> <span class='ocrx_word' id='word_1_644' title='bbox 1753 2039 1861 2075; x_wconf 80' lang='grc' dir='ltr'>Ἐπειδῆ</span> 
     </span>
    </p>
   </div>
   <div class='ocr_carea' id='block_1_89' title="bbox 1071 2082 1860 2122">
    <p class='ocr_par' dir='ltr' id='par_1_89' title="bbox 1071 2082 1860 2122">
     <span class='ocr_line' id='line_1_89' title="bbox 1071 2082 1860 2122; baseline -0.005 -8"><span class='ocrx_word' id='word_1_645' title='bbox 1071 2087 1100 2114; x_wconf 79' lang='grc' dir='ltr'><strong>δὲ</strong></span> <span class='ocrx_word' id='word_1_646' title='bbox 1109 2086 1240 2122; x_wconf 84' lang='grc' dir='ltr'>λογισμοῦ</span> <span class='ocrx_word' id='word_1_647' title='bbox 1252 2086 1299 2113; x_wconf 84' lang='grc' dir='ltr'>τοῦ</span> <span class='ocrx_word' id='word_1_648' title='bbox 1315 2085 1467 2122; x_wconf 77' lang='grc' dir='ltr'>πρέποντος</span> <span class='ocrx_word' id='word_1_649' title='bbox 1477 2085 1507 2112; x_wconf 73' lang='grc' dir='ltr'>τὸ</span> <span class='ocrx_word' id='word_1_650' title='bbox 1522 2082 1568 2112; x_wconf 73' lang='grc' dir='ltr'><strong>ἐπὶ</strong></span> <span class='ocrx_word' id='word_1_651' title='bbox 1577 2086 1628 2121; x_wconf 84' lang='grc' dir='ltr'><strong>γῆς</strong></span> <span class='ocrx_word' id='word_1_652' title='bbox 1643 2085 1800 2121; x_wconf 81' lang='grc' dir='ltr'>παρώλισθε</span> <span class='ocrx_word' id='word_1_653' title='bbox 1814 2085 1860 2119; x_wconf 79' lang='grc' dir='ltr'><strong>γέ-</strong></span> 
     </span>
    </p>
   </div>
   <div class='ocr_carea' id='block_1_90' title="bbox 1072 2130 1861 2169">
    <p class='ocr_par' dir='ltr' id='par_1_90' title="bbox 1072 2130 1861 2169">
     <span class='ocr_line' id='line_1_90' title="bbox 1072 2130 1861 2169; baseline -0.006 -8"><span class='ocrx_word' id='word_1_654' title='bbox 1072 2143 1126 2166; x_wconf 82' lang='grc' dir='ltr'>νος,</span> <span class='ocrx_word' id='word_1_655' title='bbox 1148 2134 1177 2160; x_wconf 81' lang='grc' dir='ltr'>οὺ</span> <span class='ocrx_word' id='word_1_656' title='bbox 1204 2133 1357 2169; x_wconf 79' lang='grc' dir='ltr'>παρεδέχθη</span> <span class='ocrx_word' id='word_1_657' title='bbox 1379 2132 1447 2167; x_wconf 85' lang='grc' dir='ltr'>πρός</span> <span class='ocrx_word' id='word_1_658' title='bbox 1472 2140 1554 2158; x_wconf 89' lang='grc' dir='ltr'>τινων</span> <span class='ocrx_word' id='word_1_659' title='bbox 1576 2132 1605 2158; x_wconf 81' lang='grc' dir='ltr'>ὲν</span> <span class='ocrx_word' id='word_1_660' title='bbox 1631 2131 1713 2166; x_wconf 85' lang='grc' dir='ltr'>σαρκὶ</span> <span class='ocrx_word' id='word_1_661' title='bbox 1738 2130 1773 2157; x_wconf 82' lang='grc' dir='ltr'>δι’</span> <span class='ocrx_word' id='word_1_662' title='bbox 1788 2130 1861 2165; x_wconf 66' lang='grc' dir='ltr'><strong>ἡμεῖς</strong></span> 
     </span>
    </p>
   </div>
   <div class='ocr_carea' id='block_1_91' title="bbox 1075 2177 1861 2216">
    <p class='ocr_par' dir='ltr' id='par_1_91' title="bbox 1075 2177 1861 2216">
     <span class='ocr_line' id='line_1_91' title="bbox 1075 2177 1861 2216; baseline -0.006 -9"><span class='ocrx_word' id='word_1_663' title='bbox 1075 2179 1201 2216; x_wconf 80' lang='grc' dir='ltr'>πεφηνὼς</span> <span class='ocrx_word' id='word_1_664' title='bbox 1222 2180 1236 2206; x_wconf 88' lang='lat'><strong>6</strong></span> <span class='ocrx_word' id='word_1_665' title='bbox 1261 2179 1356 2214; x_wconf 87' lang='grc' dir='ltr'>Λόγος,</span> <span class='ocrx_word' id='word_1_666' title='bbox 1383 2178 1635 2213; x_wconf 75' lang='grc' dir='ltr'>ἀναπεπεισμένους</span> <span class='ocrx_word' id='word_1_667' title='bbox 1651 2177 1679 2204; x_wconf 81' lang='grc' dir='ltr'>δὲ</span> <span class='ocrx_word' id='word_1_668' title='bbox 1707 2177 1758 2212; x_wconf 73' lang='grc' dir='ltr'><strong>ἢδη</strong></span> <span class='ocrx_word' id='word_1_669' title='bbox 1777 2185 1861 2203; x_wconf 79' lang='grc' dir='ltr'>κατα-</span> 
     </span>
    </p>
   </div>
   <div class='ocr_carea' id='block_1_92' title="bbox 230 2220 1018 2263">
    <p class='ocr_par' dir='ltr' id='par_1_92' title="bbox 230 2220 1018 2261">
     <span class='ocr_line' id='line_1_92' title="bbox 230 2220 1018 2261; baseline -0.009 -7"><span class='ocrx_word' id='word_1_670' title='bbox 230 2227 294 2261; x_wconf 69' lang='lat' dir='ltr'><strong>iugo</strong></span> <span class='ocrx_word' id='word_1_671' title='bbox 307 2232 356 2252; x_wconf 90' lang='lat' dir='ltr'><strong>suo</strong></span> <span class='ocrx_word' id='word_1_672' title='bbox 366 2222 492 2256; x_wconf 80' lang='lat' dir='ltr'><strong>subjecit,</strong></span> <span class='ocrx_word' id='word_1_673' title='bbox 506 2225 532 2248; x_wconf 92' lang='lat' dir='ltr'><strong>et</strong></span> <span class='ocrx_word' id='word_1_674' title='bbox 544 2222 632 2248; x_wconf 87' lang='lat' dir='ltr'><strong>denuo</strong></span> <span class='ocrx_word' id='word_1_675' title='bbox 648 2221 752 2248; x_wconf 84' lang='lat' dir='ltr'><strong>discere</strong></span> <span class='ocrx_word' id='word_1_676' title='bbox 764 2220 884 2248; x_wconf 87' lang='lat' dir='ltr'><strong>volentes</strong></span> <span class='ocrx_word' id='word_1_677' title='bbox 899 2221 1018 2253; x_wconf 64' lang='lat' dir='ltr'><strong>melioral</strong></span> 
     </span>
    </p>
   </div>
   <div class='ocr_carea' id='block_1_93' title="bbox 1073 2220 1862 2263">
    <p class='ocr_par' dir='ltr' id='par_1_93' title="bbox 1075 2223 1862 2263">
     <span class='ocr_line' id='line_1_93' title="bbox 1075 2223 1862 2263; baseline -0.005 -11"><span class='ocrx_word' id='word_1_678' title='bbox 1075 2227 1161 2263; x_wconf 77' lang='grc' dir='ltr'>ϐραχὺ</span> <span class='ocrx_word' id='word_1_679' title='bbox 1184 2226 1232 2254; x_wconf 74' lang='grc' dir='ltr'>καὶ</span> <span class='ocrx_word' id='word_1_680' title='bbox 1259 2226 1474 2258; x_wconf 67' lang='grc' dir='ltr'>πεπιστευκότας</span> <span class='ocrx_word' id='word_1_681' title='bbox 1500 2224 1622 2252; x_wconf 78' lang='grc' dir='ltr'>ὑπετίθει</span> <span class='ocrx_word' id='word_1_682' title='bbox 1639 2225 1700 2256; x_wconf 84' lang='grc' dir='ltr'>ταῖς</span> <span class='ocrx_word' id='word_1_683' title='bbox 1723 2223 1862 2257; x_wconf 81' lang='grc' dir='ltr'>ζεύγλαις,</span> 
     </span>
    </p>
   </div>
   <div class='ocr_carea' id='block_1_94' title="bbox 233 2267 1022 2306">
    <p class='ocr_par' dir='ltr' id='par_1_94' title="bbox 233 2267 1022 2306">
     <span class='ocr_line' id='line_1_94' title="bbox 233 2267 1022 2306; baseline -0.008 -6"><span class='ocrx_word' id='word_1_684' title='bbox 233 2271 357 2306; x_wconf 81' lang='lat' dir='ltr'><strong>suscipit.</strong></span> <span class='ocrx_word' id='word_1_685' title='bbox 379 2279 388 2295; x_wconf 84' lang='grc' dir='ltr'><strong>ι</strong></span> <span class='ocrx_word' id='word_1_686' title='bbox 405 2268 541 2296; x_wconf 86' lang='lat' dir='ltr'><strong>Flectctur</strong></span> <span class='ocrx_word' id='word_1_687' title='bbox 559 2267 630 2293; x_wconf 88' lang='lat' dir='ltr'><strong>enim</strong></span> <span class='ocrx_word' id='word_1_688' title='bbox 647 2267 670 2293; x_wconf 89' lang='lat' dir='ltr'><strong>ei</strong></span> <span class='ocrx_word' id='word_1_689' title='bbox 689 2274 768 2293; x_wconf 89' lang='lat' dir='ltr'><strong>omne</strong></span> <span class='ocrx_word' id='word_1_690' title='bbox 789 2274 868 2299; x_wconf 70' lang='lat' dir='ltr'><strong>genu,</strong></span> <span class='ocrx_word' id='word_1_691' title='bbox 886 2272 913 2293; x_wconf 87' lang='lat' dir='ltr'><strong>et</strong></span> <span class='ocrx_word' id='word_1_692' title='bbox 933 2267 1022 2294; x_wconf 91' lang='lat' dir='ltr'><strong>omnis</strong></span> 
     </span>
    </p>
   </div>
   <div class='ocr_carea' id='block_1_95' title="bbox 234 2309 1020 2352">
    <p class='ocr_par' dir='ltr' id='par_1_95' title="bbox 234 2309 1020 2352">
     <span class='ocr_line' id='line_1_95' title="bbox 234 2309 1020 2352; baseline -0.006 -9"><span class='ocrx_word' id='word_1_693' title='bbox 234 2317 324 2352; x_wconf 72' lang='lat' dir='ltr'><strong>lingua</strong></span> <span class='ocrx_word' id='word_1_694' title='bbox 338 2313 510 2342; x_wconf 82' lang='lat' dir='ltr'><strong>conﬁtebitur</strong></span> <span class='ocrx_word' id='word_1_695' title='bbox 521 2311 647 2345; x_wconf 90' lang='lat' dir='ltr'><strong>quoniam</strong></span> <span class='ocrx_word' id='word_1_696' title='bbox 668 2311 796 2338; x_wconf 82' lang='lat' dir='ltr'><strong>Dominus</strong></span> <span class='ocrx_word' id='word_1_697' title='bbox 809 2309 887 2338; x_wconf 81' lang='lat' dir='ltr'><strong>Jcsus</strong></span> <span class='ocrx_word' id='word_1_698' title='bbox 897 2311 1020 2339; x_wconf 76' lang='lat' dir='ltr'><strong>Christus</strong></span> 
     </span>
    </p>
   </div>
   <div class='ocr_carea' id='block_1_96' title="bbox 234 2355 1019 2397">
    <p class='ocr_par' dir='ltr' id='par_1_96' title="bbox 234 2355 1019 2397">
     <span class='ocr_line' id='line_1_96' title="bbox 234 2355 1019 2397; baseline -0.006 -9"><span class='ocrx_word' id='word_1_699' title='bbox 234 2363 261 2390; x_wconf 92' lang='lat' dir='ltr'><strong>in</strong></span> <span class='ocrx_word' id='word_1_700' title='bbox 277 2361 361 2397; x_wconf 78' lang='lat' dir='ltr'><strong>gloria</strong></span> <span class='ocrx_word' id='word_1_701' title='bbox 378 2363 420 2385; x_wconf 83' lang='lat' dir='ltr'><strong>est</strong></span> <span class='ocrx_word' id='word_1_702' title='bbox 443 2357 489 2384; x_wconf 91' lang='lat' dir='ltr'><strong>Dei</strong></span> <span class='ocrx_word' id='word_1_703' title='bbox 507 2355 596 2383; x_wconf 79' lang='lat' dir='ltr'><strong>Patris</strong></span> <span class='ocrx_word' id='word_1_704' title='bbox 610 2356 642 2382; x_wconf 82' lang='grc'><strong>¹⁴³.</strong></span> <span class='ocrx_word' id='word_1_705' title='bbox 661 2366 670 2382; x_wconf 72' lang='grc' dir='ltr'><strong>ι</strong></span> <span class='ocrx_word' id='word_1_706' title='bbox 689 2356 771 2391; x_wconf 74' lang='lat' dir='ltr'><strong>Igitur</strong></span> <span class='ocrx_word' id='word_1_707' title='bbox 786 2357 890 2392; x_wconf 86' lang='lat' dir='ltr'><strong>propria</strong></span> <span class='ocrx_word' id='word_1_708' title='bbox 913 2358 1019 2391; x_wconf 85' lang='lat' dir='ltr'><strong>quidem</strong></span> 
     </span>
    </p>
   </div>
   <div class='ocr_carea' id='block_1_97' title="bbox 234 2402 1021 2438">
    <p class='ocr_par' dir='ltr' id='par_1_97' title="bbox 234 2402 1021 2438">
     <span class='ocr_line' id='line_1_97' title="bbox 234 2402 1021 2438; baseline -0.005 -4"><span class='ocrx_word' id='word_1_709' title='bbox 234 2410 298 2434; x_wconf 82' lang='lat' dir='ltr'><strong>sunt</strong></span> <span class='ocrx_word' id='word_1_710' title='bbox 320 2403 399 2431; x_wconf 83' lang='lat' dir='ltr'><strong>Verbi</strong></span> <span class='ocrx_word' id='word_1_711' title='bbox 424 2402 526 2434; x_wconf 82' lang='lat' dir='ltr'><strong>omnia,</strong></span> <span class='ocrx_word' id='word_1_712' title='bbox 549 2408 681 2436; x_wconf 80' lang='lat' dir='ltr'><strong>quatenus</strong></span> <span class='ocrx_word' id='word_1_713' title='bbox 702 2403 734 2428; x_wconf 89' lang='lat' dir='ltr'><strong>de</strong></span> <span class='ocrx_word' id='word_1_714' title='bbox 757 2402 811 2429; x_wconf 84' lang='lat' dir='ltr'><strong>Deo</strong></span> <span class='ocrx_word' id='word_1_715' title='bbox 832 2404 979 2438; x_wconf 64' lang='lat' dir='ltr'><strong>praecessit,</strong></span> <span class='ocrx_word' id='word_1_716' title='bbox 994 2408 1021 2430; x_wconf 87' lang='lat' dir='ltr'><strong>et</strong></span> 
     </span>
    </p>
   </div>
   <div class='ocr_carea' id='block_1_98' title="bbox 235 2447 1021 2482">
    <p class='ocr_par' dir='ltr' id='par_1_98' title="bbox 235 2447 1021 2482">
     <span class='ocr_line' id='line_1_98' title="bbox 235 2447 1021 2482; baseline -0.003 -5"><span class='ocrx_word' id='word_1_717' title='bbox 235 2449 371 2478; x_wconf 75' lang='lat' dir='ltr'><strong>universis</strong></span> <span class='ocrx_word' id='word_1_718' title='bbox 397 2448 478 2475; x_wconf 89' lang='lat' dir='ltr'><strong>rebus</strong></span> <span class='ocrx_word' id='word_1_719' title='bbox 501 2448 616 2482; x_wconf 84' lang='lat' dir='ltr'><strong>imperat</strong></span> <span class='ocrx_word' id='word_1_720' title='bbox 641 2454 702 2474; x_wconf 90' lang='lat' dir='ltr'><strong>cum</strong></span> <span class='ocrx_word' id='word_1_721' title='bbox 729 2447 820 2475; x_wconf 87' lang='lat' dir='ltr'><strong>Patre.</strong></span> <span class='ocrx_word' id='word_1_722' title='bbox 848 2447 910 2475; x_wconf 69' lang='lat' dir='ltr'><strong>Haec</strong></span> <span class='ocrx_word' id='word_1_723' title='bbox 932 2452 1021 2476; x_wconf 81' lang='lat' dir='ltr'><strong>autem</strong></span> 
     </span>
    </p>
   </div>
   <div class='ocr_carea' id='block_1_99' title="bbox 237 2493 1024 2530">
    <p class='ocr_par' dir='ltr' id='par_1_99' title="bbox 237 2493 1024 2530">
     <span class='ocr_line' id='line_1_99' title="bbox 237 2493 1024 2530; baseline -0.003 -7"><span class='ocrx_word' id='word_1_724' title='bbox 237 2496 334 2530; x_wconf 82' lang='lat' dir='ltr'><strong>accipit</strong></span> <span class='ocrx_word' id='word_1_725' title='bbox 348 2494 494 2522; x_wconf 76' lang='lat' dir='ltr'><strong>secundum</strong></span> <span class='ocrx_word' id='word_1_726' title='bbox 507 2493 713 2525; x_wconf 76' lang='lat' dir='ltr'><strong>humanitatem,</strong></span> <span class='ocrx_word' id='word_1_727' title='bbox 730 2495 839 2528; x_wconf 83' lang='lat' dir='ltr'><strong>quando</strong></span> <span class='ocrx_word' id='word_1_728' title='bbox 849 2496 932 2522; x_wconf 88' lang='lat' dir='ltr'><strong>nostri</strong></span> <span class='ocrx_word' id='word_1_729' title='bbox 947 2495 1024 2521; x_wconf 82' lang='lat' dir='ltr'><strong>simi-</strong></span> 
     </span>
    </p>
   </div>
   <div class='ocr_carea' id='block_1_100' title="bbox 237 2540 1023 2575">
    <p class='ocr_par' dir='ltr' id='par_1_100' title="bbox 237 2540 1023 2575">
     <span class='ocr_line' id='line_1_100' title="bbox 237 2540 1023 2575; baseline 0 -7"><span class='ocrx_word' id='word_1_730' title='bbox 237 2543 269 2570; x_wconf 87' lang='lat' dir='ltr'><strong>lis</strong></span> <span class='ocrx_word' id='word_1_731' title='bbox 291 2542 378 2568; x_wconf 83' lang='lat' dir='ltr'><strong>factus</strong></span> <span class='ocrx_word' id='word_1_732' title='bbox 393 2544 445 2573; x_wconf 86' lang='lat' dir='ltr'><strong>est,</strong></span> <span class='ocrx_word' id='word_1_733' title='bbox 468 2540 494 2566; x_wconf 91' lang='lat' dir='ltr'><strong>in</strong></span> <span class='ocrx_word' id='word_1_734' title='bbox 519 2547 586 2574; x_wconf 84' lang='lat' dir='ltr'><strong>quos</strong></span> <span class='ocrx_word' id='word_1_735' title='bbox 606 2540 735 2575; x_wconf 74' lang='lat' dir='ltr'><strong>regnandi</strong></span> <span class='ocrx_word' id='word_1_736' title='bbox 760 2546 787 2567; x_wconf 92' lang='lat' dir='ltr'><strong>et</strong></span> <span class='ocrx_word' id='word_1_737' title='bbox 805 2540 953 2575; x_wconf 74' lang='lat' dir='ltr'><strong>irruperandi</strong></span> <span class='ocrx_word' id='word_1_738' title='bbox 975 2549 1023 2575; x_wconf 73' lang='lat' dir='ltr'><strong>po-</strong></span> 
     </span>
    </p>
   </div>
   <div class='ocr_carea' id='block_1_101' title="bbox 237 2585 681 2621">
    <p class='ocr_par' dir='ltr' id='par_1_101' title="bbox 237 2585 681 2621">
     <span class='ocr_line' id='line_1_101' title="bbox 237 2585 681 2621; baseline -0.009 -5"><span class='ocrx_word' id='word_1_739' title='bbox 237 2592 321 2616; x_wconf 77' lang='lat' dir='ltr'><strong>testas</strong></span> <span class='ocrx_word' id='word_1_740' title='bbox 337 2594 352 2614; x_wconf 91' lang='lat' dir='ltr'><strong>a</strong></span> <span class='ocrx_word' id='word_1_741' title='bbox 369 2586 423 2614; x_wconf 81' lang='lat' dir='ltr'><strong>Deo</strong></span> <span class='ocrx_word' id='word_1_742' title='bbox 439 2591 492 2619; x_wconf 83' lang='lat' dir='ltr'><strong>est,</strong></span> <span class='ocrx_word' id='word_1_743' title='bbox 503 2590 530 2613; x_wconf 89' lang='lat' dir='ltr'><strong>et</strong></span> <span class='ocrx_word' id='word_1_744' title='bbox 544 2585 594 2621; x_wconf 90' lang='lat' dir='ltr'><strong>ipsi</strong></span> <span class='ocrx_word' id='word_1_745' title='bbox 609 2586 681 2612; x_wconf 81' lang='lat' dir='ltr'><strong>data.</strong></span> 
     </span>
    </p>
   </div>
   <div class='ocr_carea' id='block_1_102' title="bbox 271 2632 1018 2668">
    <p class='ocr_par' dir='ltr' id='par_1_102' title="bbox 271 2632 1018 2668">
     <span class='ocr_line' id='line_1_102' title="bbox 271 2632 1018 2668; baseline 0 -7"><span class='ocrx_word' id='word_1_746' title='bbox 271 2634 302 2661; x_wconf 86' lang='grc' dir='ltr'><strong>Β.</strong></span> <span class='ocrx_word' id='word_1_747' title='bbox 322 2633 497 2668; x_wconf 83' lang='lat' dir='ltr'><strong>Propriamne</strong></span> <span class='ocrx_word' id='word_1_748' title='bbox 514 2633 596 2668; x_wconf 90' lang='lat' dir='ltr'><strong>igitur</strong></span> <span class='ocrx_word' id='word_1_749' title='bbox 612 2632 724 2666; x_wconf 82' lang='lat' dir='ltr'><strong>gloriam</strong></span> <span class='ocrx_word' id='word_1_750' title='bbox 751 2632 837 2667; x_wconf 85' lang='lat' dir='ltr'><strong>ipsum</strong></span> <span class='ocrx_word' id='word_1_751' title='bbox 858 2633 958 2661; x_wconf 86' lang='lat' dir='ltr'><strong>habere</strong></span> <span class='ocrx_word' id='word_1_752' title='bbox 976 2634 1018 2661; x_wconf 90' lang='lat' dir='ltr'><strong>di-</strong></span> 
     </span>
    </p>
   </div>
   <div class='ocr_carea' id='block_1_103' title="bbox 236 2677 1020 2714">
    <p class='ocr_par' dir='ltr' id='par_1_103' title="bbox 236 2677 1020 2714">
     <span class='ocr_line' id='line_1_103' title="bbox 236 2677 1020 2714; baseline 0 -8"><span class='ocrx_word' id='word_1_753' title='bbox 236 2686 338 2711; x_wconf 84' lang='lat' dir='ltr'><strong>cemus,</strong></span> <span class='ocrx_word' id='word_1_754' title='bbox 355 2677 426 2705; x_wconf 88' lang='lat' dir='ltr'><strong>nulla</strong></span> <span class='ocrx_word' id='word_1_755' title='bbox 443 2684 473 2706; x_wconf 86' lang='lat' dir='ltr'><strong>re</strong></span> <span class='ocrx_word' id='word_1_756' title='bbox 493 2677 526 2704; x_wconf 91' lang='lat' dir='ltr'><strong>ad</strong></span> <span class='ocrx_word' id='word_1_757' title='bbox 545 2677 597 2704; x_wconf 88' lang='lat' dir='ltr'><strong>hoc</strong></span> <span class='ocrx_word' id='word_1_758' title='bbox 618 2684 633 2703; x_wconf 84' lang='lat' dir='ltr'><strong>a</strong></span> <span class='ocrx_word' id='word_1_759' title='bbox 648 2677 703 2704; x_wconf 88' lang='lat' dir='ltr'><strong>Deo</strong></span> <span class='ocrx_word' id='word_1_760' title='bbox 725 2681 753 2704; x_wconf 88' lang='lat' dir='ltr'><strong>et</strong></span> <span class='ocrx_word' id='word_1_761' title='bbox 767 2677 848 2705; x_wconf 87' lang='lat' dir='ltr'><strong>Patre</strong></span> <span class='ocrx_word' id='word_1_762' title='bbox 862 2679 1020 2714; x_wconf 80' lang='lat' dir='ltr'><strong>assumpta?</strong></span> 
     </span>
    </p>
   </div>
   <div class='ocr_carea' id='block_1_104' title="bbox 272 2723 1020 2760">
    <p class='ocr_par' dir='ltr' id='par_1_104' title="bbox 272 2723 1020 2760">
     <span class='ocr_line' id='line_1_104' title="bbox 272 2723 1020 2760; baseline 0 -8"><span class='ocrx_word' id='word_1_763' title='bbox 272 2726 305 2752; x_wconf 79' lang='grc' dir='ltr'><strong>Α.</strong></span> <span class='ocrx_word' id='word_1_764' title='bbox 327 2724 426 2756; x_wconf 75' lang='lat' dir='ltr'><strong>Etiam,</strong></span> <span class='ocrx_word' id='word_1_765' title='bbox 441 2723 468 2750; x_wconf 91' lang='lat' dir='ltr'><strong>in</strong></span> <span class='ocrx_word' id='word_1_766' title='bbox 480 2728 610 2758; x_wconf 87' lang='lat' dir='ltr'><strong>quantum</strong></span> <span class='ocrx_word' id='word_1_767' title='bbox 624 2723 783 2758; x_wconf 81' lang='lat' dir='ltr'><strong>intelligitur</strong></span> <span class='ocrx_word' id='word_1_768' title='bbox 794 2723 875 2757; x_wconf 88' lang='lat' dir='ltr'><strong>Deus,</strong></span> <span class='ocrx_word' id='word_1_769' title='bbox 890 2729 916 2752; x_wconf 88' lang='lat' dir='ltr'><strong>et</strong></span> <span class='ocrx_word' id='word_1_770' title='bbox 930 2726 1020 2760; x_wconf 74' lang='lat' dir='ltr'><strong>glorite</strong></span> 
     </span>
    </p>
   </div>
   <div class='ocr_carea' id='block_1_105' title="bbox 235 2767 1020 2802">
    <p class='ocr_par' dir='ltr' id='par_1_105' title="bbox 235 2767 1020 2802">
     <span class='ocr_line' id='line_1_105' title="bbox 235 2767 1020 2802; baseline 0 -5"><span class='ocrx_word' id='word_1_771' title='bbox 235 2769 374 2797; x_wconf 86' lang='lat' dir='ltr'><strong>Dominus.</strong></span> <span class='ocrx_word' id='word_1_772' title='bbox 391 2767 437 2796; x_wconf 83' lang='lat' dir='ltr'><strong>Sic</strong></span> <span class='ocrx_word' id='word_1_773' title='bbox 451 2767 523 2795; x_wconf 89' lang='lat' dir='ltr'><strong>enim</strong></span> <span class='ocrx_word' id='word_1_774' title='bbox 545 2767 614 2802; x_wconf 83' lang='lat' dir='ltr'><strong>apud</strong></span> <span class='ocrx_word' id='word_1_775' title='bbox 631 2767 784 2802; x_wconf 80' lang='lat' dir='ltr'><strong>Scripturas</strong></span> <span class='ocrx_word' id='word_1_776' title='bbox 796 2767 901 2796; x_wconf 85' lang='lat' dir='ltr'><strong>divinas</strong></span> <span class='ocrx_word' id='word_1_777' title='bbox 918 2777 1020 2797; x_wconf 89' lang='lat' dir='ltr'><strong>nuncu-</strong></span> 
     </span>
    </p>
   </div>
   <div class='ocr_carea' id='block_1_106' title="bbox 269 2856 845 2893">
    <p class='ocr_par' dir='ltr' id='par_1_106' title="bbox 269 2856 845 2893">
     <span class='ocr_line' id='line_1_106' title="bbox 269 2856 845 2893; baseline -0.005 -4"><span class='ocrx_word' id='word_1_778' title='bbox 269 2863 279 2878; x_wconf 86' lang='grc'><strong><em>⁹</em></strong></span> <span class='ocrx_word' id='word_1_779' title='bbox 299 2861 375 2889; x_wconf 82' lang='lat' dir='ltr'><strong>Joan.</strong></span> <span class='ocrx_word' id='word_1_780' title='bbox 391 2867 410 2893; x_wconf 95' lang='lat' dir='ltr'><strong>I,</strong></span> <span class='ocrx_word' id='word_1_781' title='bbox 426 2859 469 2886; x_wconf 81' lang='grc' dir='ltr'>Η.</span> <span class='ocrx_word' id='word_1_782' title='bbox 508 2858 529 2873; x_wconf 85' lang='grc'><strong>¹⁹</strong></span> <span class='ocrx_word' id='word_1_783' title='bbox 544 2856 658 2893; x_wconf 85' lang='lat' dir='ltr'><strong>Philipp.</strong></span> <span class='ocrx_word' id='word_1_784' title='bbox 692 2866 720 2891; x_wconf 87' lang='grc' dir='ltr'><strong>ιι,</strong></span> <span class='ocrx_word' id='word_1_785' title='bbox 742 2858 784 2892; x_wconf 75' lang='grc'>10,</span> <span class='ocrx_word' id='word_1_786' title='bbox 804 2859 845 2886; x_wconf 87' lang='grc' dir='ltr'><strong>Η.</strong></span> 
     </span>
    </p>
   </div>
   <div class='ocr_carea' id='block_1_107' title="bbox 1074 2268 1860 2307">
    <p class='ocr_par' dir='ltr' id='par_1_107' title="bbox 1074 2268 1860 2307">
     <span class='ocr_line' id='line_1_107' title="bbox 1074 2268 1860 2307; baseline -0.006 -7"><span class='ocrx_word' id='word_1_787' title='bbox 1074 2273 1122 2300; x_wconf 77' lang='grc' dir='ltr'><strong>καὶ</strong></span> <span class='ocrx_word' id='word_1_788' title='bbox 1146 2271 1346 2307; x_wconf 79' lang='grc' dir='ltr'>ἀναμανθάνειν</span> <span class='ocrx_word' id='word_1_789' title='bbox 1371 2272 1512 2302; x_wconf 76' lang='grc' dir='ltr'>ἐθέλοντας</span> <span class='ocrx_word' id='word_1_790' title='bbox 1539 2270 1573 2297; x_wconf 78' lang='grc' dir='ltr'><strong>τὰ</strong></span> <span class='ocrx_word' id='word_1_791' title='bbox 1599 2270 1718 2304; x_wconf 84' lang='grc' dir='ltr'>ἀμείνω,</span> <span class='ocrx_word' id='word_1_792' title='bbox 1743 2268 1860 2303; x_wconf 85' lang='grc' dir='ltr'>δέχεται,</span> 
     </span>
    </p>
   </div>
   <div class='ocr_carea' id='block_1_108' title="bbox 1076 2314 1862 2354">
    <p class='ocr_par' dir='ltr' id='par_1_108' title="bbox 1076 2314 1862 2354">
     <span class='ocr_line' id='line_1_108' title="bbox 1076 2314 1862 2354; baseline -0.006 -10"><span class='ocrx_word' id='word_1_793' title='bbox 1076 2328 1086 2344; x_wconf 80' lang='grc' dir='ltr'><strong>ι</strong></span> <span class='ocrx_word' id='word_1_794' title='bbox 1101 2319 1212 2354; x_wconf 78' lang='grc' dir='ltr'>Κάμψει</span> <span class='ocrx_word' id='word_1_795' title='bbox 1235 2318 1290 2354; x_wconf 82' lang='grc' dir='ltr'><strong>γὰρ</strong></span> <span class='ocrx_word' id='word_1_796' title='bbox 1315 2317 1389 2352; x_wconf 84' lang='grc' dir='ltr'><strong>αὑτῷ</strong></span> <span class='ocrx_word' id='word_1_797' title='bbox 1409 2318 1463 2344; x_wconf 82' lang='grc' dir='ltr'><strong>πᾶν</strong></span> <span class='ocrx_word' id='word_1_798' title='bbox 1488 2316 1562 2351; x_wconf 85' lang='grc' dir='ltr'>γόνυ,</span> <span class='ocrx_word' id='word_1_799' title='bbox 1588 2315 1635 2342; x_wconf 78' lang='grc' dir='ltr'>καὶ</span> <span class='ocrx_word' id='word_1_800' title='bbox 1662 2315 1737 2341; x_wconf 82' lang='grc' dir='ltr'>πᾶσα</span> <span class='ocrx_word' id='word_1_801' title='bbox 1753 2314 1862 2349; x_wconf 71' lang='grc' dir='ltr'>γλῶσσα</span> 
     </span>
    </p>
   </div>
   <div class='ocr_carea' id='block_1_109' title="bbox 1073 2359 1863 2400">
    <p class='ocr_par' dir='ltr' id='par_1_109' title="bbox 1073 2359 1863 2400">
     <span class='ocr_line' id='line_1_109' title="bbox 1073 2359 1863 2400; baseline -0.006 -10"><span class='ocrx_word' id='word_1_802' title='bbox 1073 2364 1300 2400; x_wconf 76' lang='grc' dir='ltr'>ἐξομολογήσεται</span> <span class='ocrx_word' id='word_1_803' title='bbox 1317 2364 1357 2390; x_wconf 83' lang='grc' dir='ltr'>ὅτι</span> <span class='ocrx_word' id='word_1_804' title='bbox 1376 2363 1477 2399; x_wconf 86' lang='grc' dir='ltr'>Κύριος</span> <span class='ocrx_word' id='word_1_805' title='bbox 1495 2361 1600 2397; x_wconf 71' lang='grc' dir='ltr'>Ἰησοῦς</span> <span class='ocrx_word' id='word_1_806' title='bbox 1618 2360 1746 2396; x_wconf 71' lang='grc' dir='ltr'>Χριστὸς,</span> <span class='ocrx_word' id='word_1_807' title='bbox 1763 2361 1804 2391; x_wconf 79' lang='grc' dir='ltr'><strong>είς</strong></span> <span class='ocrx_word' id='word_1_808' title='bbox 1822 2359 1863 2386; x_wconf 69' lang='grc' dir='ltr'><strong>δόδ</strong></span> 
     </span>
    </p>
   </div>
   <div class='ocr_carea' id='block_1_110' title="bbox 1073 2405 1863 2445">
    <p class='ocr_par' dir='ltr' id='par_1_110' title="bbox 1073 2405 1863 2445">
     <span class='ocr_line' id='line_1_110' title="bbox 1073 2405 1863 2445; baseline -0.008 -8"><span class='ocrx_word' id='word_1_809' title='bbox 1073 2410 1121 2442; x_wconf 77' lang='grc' dir='ltr'>ξαν</span> <span class='ocrx_word' id='word_1_810' title='bbox 1137 2410 1205 2437; x_wconf 83' lang='grc' dir='ltr'>Θεοῦ</span> <span class='ocrx_word' id='word_1_811' title='bbox 1227 2410 1344 2445; x_wconf 77' lang='grc' dir='ltr'>Πατρός.</span> <span class='ocrx_word' id='word_1_812' title='bbox 1363 2419 1372 2435; x_wconf 82' lang='grc' dir='ltr'><strong>ι</strong></span> <span class='ocrx_word' id='word_1_813' title='bbox 1395 2408 1500 2436; x_wconf 71' lang='grc' dir='ltr'>Οὐκοῦν</span> <span class='ocrx_word' id='word_1_814' title='bbox 1515 2408 1570 2434; x_wconf 80' lang='grc' dir='ltr'>ῐδία</span> <span class='ocrx_word' id='word_1_815' title='bbox 1588 2407 1637 2442; x_wconf 82' lang='grc' dir='ltr'><strong>μὲν</strong></span> <span class='ocrx_word' id='word_1_816' title='bbox 1651 2405 1698 2433; x_wconf 81' lang='grc' dir='ltr'>τοῦ</span> <span class='ocrx_word' id='word_1_817' title='bbox 1720 2405 1810 2439; x_wconf 87' lang='grc' dir='ltr'>Λόγου</span> <span class='ocrx_word' id='word_1_818' title='bbox 1829 2405 1863 2431; x_wconf 68' lang='grc' dir='ltr'>τὰ</span> 
     </span>
    </p>
   </div>
   <div class='ocr_carea' id='block_1_111' title="bbox 1075 2451 1862 2491">
    <p class='ocr_par' dir='ltr' id='par_1_111' title="bbox 1075 2451 1862 2491">
     <span class='ocr_line' id='line_1_111' title="bbox 1075 2451 1862 2491; baseline -0.01 -7"><span class='ocrx_word' id='word_1_819' title='bbox 1075 2457 1174 2489; x_wconf 81' lang='grc' dir='ltr'>πάντα,</span> <span class='ocrx_word' id='word_1_820' title='bbox 1201 2456 1269 2483; x_wconf 84' lang='grc' dir='ltr'>καοὺ</span> <span class='ocrx_word' id='word_1_821' title='bbox 1286 2457 1406 2491; x_wconf 79' lang='grc' dir='ltr'>πέφηνεν</span> <span class='ocrx_word' id='word_1_822' title='bbox 1433 2456 1464 2481; x_wconf 83' lang='grc' dir='ltr'>ὲκ</span> <span class='ocrx_word' id='word_1_823' title='bbox 1484 2454 1562 2486; x_wconf 83' lang='grc' dir='ltr'>Θεοῦ,</span> <span class='ocrx_word' id='word_1_824' title='bbox 1587 2453 1634 2479; x_wconf 78' lang='grc' dir='ltr'>καὶ</span> <span class='ocrx_word' id='word_1_825' title='bbox 1656 2452 1791 2487; x_wconf 73' lang='grc' dir='ltr'>κατάρχει</span> <span class='ocrx_word' id='word_1_826' title='bbox 1809 2451 1862 2477; x_wconf 69' lang='grc' dir='ltr'><strong>τῶν</strong></span> 
     </span>
    </p>
   </div>
   <div class='ocr_carea' id='block_1_112' title="bbox 1073 2495 1862 2537">
    <p class='ocr_par' dir='ltr' id='par_1_112' title="bbox 1073 2495 1862 2537">
     <span class='ocr_line' id='line_1_112' title="bbox 1073 2495 1862 2537; baseline -0.01 -8"><span class='ocrx_word' id='word_1_827' title='bbox 1073 2502 1141 2529; x_wconf 81' lang='grc' dir='ltr'>ὅλων</span> <span class='ocrx_word' id='word_1_828' title='bbox 1157 2502 1227 2537; x_wconf 85' lang='grc' dir='ltr'>μετὰ</span> <span class='ocrx_word' id='word_1_829' title='bbox 1242 2501 1288 2528; x_wconf 82' lang='grc' dir='ltr'>τοῦ</span> <span class='ocrx_word' id='word_1_830' title='bbox 1304 2501 1421 2537; x_wconf 81' lang='grc' dir='ltr'>Πατρός.</span> <span class='ocrx_word' id='word_1_831' title='bbox 1448 2501 1559 2534; x_wconf 81' lang='grc' dir='ltr'>Δέχεται</span> <span class='ocrx_word' id='word_1_832' title='bbox 1583 2498 1612 2525; x_wconf 73' lang='grc' dir='ltr'><strong>δὲ</strong></span> <span class='ocrx_word' id='word_1_833' title='bbox 1630 2497 1717 2524; x_wconf 83' lang='grc' dir='ltr'>ταῦτα</span> <span class='ocrx_word' id='word_1_834' title='bbox 1741 2496 1813 2523; x_wconf 75' lang='grc' dir='ltr'>κατὰ</span> <span class='ocrx_word' id='word_1_835' title='bbox 1832 2495 1862 2521; x_wconf 75' lang='grc' dir='ltr'>τὸ</span> 
     </span>
    </p>
   </div>
   <div class='ocr_carea' id='block_1_113' title="bbox 1073 2541 1862 2581">
    <p class='ocr_par' dir='ltr' id='par_1_113' title="bbox 1073 2541 1862 2581">
     <span class='ocr_line' id='line_1_113' title="bbox 1073 2541 1862 2581; baseline -0.008 -8"><span class='ocrx_word' id='word_1_836' title='bbox 1073 2547 1254 2581; x_wconf 68' lang='grc' dir='ltr'>ἀνθρώπινον,</span> <span class='ocrx_word' id='word_1_837' title='bbox 1267 2548 1312 2573; x_wconf 85' lang='grc' dir='ltr'>ὅτε</span> <span class='ocrx_word' id='word_1_838' title='bbox 1325 2547 1421 2581; x_wconf 78' lang='grc' dir='ltr'>γέγονε</span> <span class='ocrx_word' id='word_1_839' title='bbox 1437 2545 1497 2572; x_wconf 79' lang='grc' dir='ltr'>καθ’</span> <span class='ocrx_word' id='word_1_840' title='bbox 1512 2545 1595 2579; x_wconf 75' lang='grc' dir='ltr'>ἡμᾶς,</span> <span class='ocrx_word' id='word_1_841' title='bbox 1611 2541 1651 2574; x_wconf 77' lang='grc' dir='ltr'>οἷς</span> <span class='ocrx_word' id='word_1_842' title='bbox 1664 2543 1693 2569; x_wconf 80' lang='grc' dir='ltr'><strong>τὺ</strong></span> <span class='ocrx_word' id='word_1_843' title='bbox 1712 2541 1862 2577; x_wconf 74' lang='grc' dir='ltr'>βασιλεύειν</span> 
     </span>
    </p>
   </div>
   <div class='ocr_carea' id='block_1_114' title="bbox 1073 2587 1791 2626">
    <p class='ocr_par' dir='ltr' id='par_1_114' title="bbox 1073 2587 1791 2626">
     <span class='ocr_line' id='line_1_114' title="bbox 1073 2587 1791 2626; baseline -0.007 -8"><span class='ocrx_word' id='word_1_844' title='bbox 1073 2592 1120 2618; x_wconf 71' lang='grc' dir='ltr'>καὶ</span> <span class='ocrx_word' id='word_1_845' title='bbox 1134 2591 1164 2618; x_wconf 79' lang='grc' dir='ltr'>τὸ</span> <span class='ocrx_word' id='word_1_846' title='bbox 1175 2593 1286 2626; x_wconf 85' lang='grc' dir='ltr'>κρατεῖν</span> <span class='ocrx_word' id='word_1_847' title='bbox 1302 2591 1442 2622; x_wconf 83' lang='grc' dir='ltr'>δύνασθαι,</span> <span class='ocrx_word' id='word_1_848' title='bbox 1459 2590 1532 2625; x_wconf 74' lang='grc' dir='ltr'>παρὰ</span> <span class='ocrx_word' id='word_1_849' title='bbox 1548 2589 1627 2620; x_wconf 58' lang='grc' dir='ltr'>Θεοῦ,</span> <span class='ocrx_word' id='word_1_850' title='bbox 1642 2588 1690 2614; x_wconf 71' lang='grc' dir='ltr'><strong>καὶ</strong></span> <span class='ocrx_word' id='word_1_851' title='bbox 1705 2587 1791 2614; x_wconf 77' lang='grc' dir='ltr'>δοτόν.</span> 
     </span>
    </p>
   </div>
   <div class='ocr_carea' id='block_1_115' title="bbox 1109 2632 1864 2672">
    <p class='ocr_par' dir='ltr' id='par_1_115' title="bbox 1109 2632 1864 2672">
     <span class='ocr_line' id='line_1_115' title="bbox 1109 2632 1864 2672; baseline -0.008 -8"><span class='ocrx_word' id='word_1_852' title='bbox 1109 2638 1140 2664; x_wconf 81' lang='grc' dir='ltr'><strong>Β.</strong></span> <span class='ocrx_word' id='word_1_853' title='bbox 1158 2637 1242 2670; x_wconf 77' lang='grc' dir='ltr'>Δόξαν</span> <span class='ocrx_word' id='word_1_854' title='bbox 1255 2635 1302 2664; x_wconf 87' lang='grc' dir='ltr'>οὖν</span> <span class='ocrx_word' id='word_1_855' title='bbox 1319 2637 1386 2664; x_wconf 82' lang='grc' dir='ltr'>ίδίαν</span> <span class='ocrx_word' id='word_1_856' title='bbox 1402 2637 1474 2672; x_wconf 79' lang='grc' dir='ltr'>ἔχειν</span> <span class='ocrx_word' id='word_1_857' title='bbox 1490 2635 1606 2672; x_wconf 70' lang='grc' dir='ltr'>ὶροῠμεν</span> <span class='ocrx_word' id='word_1_858' title='bbox 1618 2634 1713 2665; x_wconf 62' lang='grc' dir='ltr'>αὑτὸν,</span> <span class='ocrx_word' id='word_1_859' title='bbox 1726 2633 1812 2668; x_wconf 78' lang='grc' dir='ltr'>μηδὲν</span> <span class='ocrx_word' id='word_1_860' title='bbox 1824 2632 1864 2664; x_wconf 76' lang='grc' dir='ltr'><strong>είς</strong></span> 
     </span>
    </p>
   </div>
   <div class='ocr_carea' id='block_1_116' title="bbox 1073 2678 1806 2718">
    <p class='ocr_par' dir='ltr' id='par_1_116' title="bbox 1073 2678 1806 2718">
     <span class='ocr_line' id='line_1_116' title="bbox 1073 2678 1806 2718; baseline -0.008 -9"><span class='ocrx_word' id='word_1_861' title='bbox 1073 2682 1151 2709; x_wconf 80' lang='grc' dir='ltr'>τοῦτο</span> <span class='ocrx_word' id='word_1_862' title='bbox 1164 2683 1365 2718; x_wconf 78' lang='grc' dir='ltr'>προσειληφότα</span> <span class='ocrx_word' id='word_1_863' title='bbox 1384 2681 1460 2717; x_wconf 84' lang='grc' dir='ltr'>παρὰ</span> <span class='ocrx_word' id='word_1_864' title='bbox 1473 2680 1520 2707; x_wconf 80' lang='grc' dir='ltr'>τοῦ</span> <span class='ocrx_word' id='word_1_865' title='bbox 1536 2679 1604 2706; x_wconf 74' lang='grc' dir='ltr'>Θεοῦ</span> <span class='ocrx_word' id='word_1_866' title='bbox 1618 2679 1666 2705; x_wconf 79' lang='grc' dir='ltr'>καὶ</span> <span class='ocrx_word' id='word_1_867' title='bbox 1680 2678 1806 2713; x_wconf 74' lang='grc' dir='ltr'>Πατρόςς</span> 
     </span>
    </p>
   </div>
   <div class='ocr_carea' id='block_1_117' title="bbox 1109 2721 1862 2759">
    <p class='ocr_par' dir='ltr' id='par_1_117' title="bbox 1109 2721 1862 2759">
     <span class='ocr_line' id='line_1_117' title="bbox 1109 2721 1862 2759; baseline -0.009 -5"><span class='ocrx_word' id='word_1_868' title='bbox 1109 2727 1141 2753; x_wconf 89' lang='grc' dir='ltr'>Λ.</span> <span class='ocrx_word' id='word_1_869' title='bbox 1159 2726 1221 2759; x_wconf 66' lang='grc' dir='ltr'>Ναὶ,</span> <span class='ocrx_word' id='word_1_870' title='bbox 1236 2726 1304 2754; x_wconf 80' lang='grc' dir='ltr'>καθὸ</span> <span class='ocrx_word' id='word_1_871' title='bbox 1315 2727 1415 2754; x_wconf 79' lang='grc' dir='ltr'>νοεῖται</span> <span class='ocrx_word' id='word_1_872' title='bbox 1431 2725 1507 2757; x_wconf 79' lang='grc' dir='ltr'>Θεὸς,</span> <span class='ocrx_word' id='word_1_873' title='bbox 1523 2725 1572 2751; x_wconf 78' lang='grc' dir='ltr'>καὶ</span> <span class='ocrx_word' id='word_1_874' title='bbox 1588 2724 1638 2758; x_wconf 85' lang='grc' dir='ltr'>τῆς</span> <span class='ocrx_word' id='word_1_875' title='bbox 1654 2722 1734 2757; x_wconf 74' lang='grc' dir='ltr'>δόξης</span> <span class='ocrx_word' id='word_1_876' title='bbox 1750 2721 1862 2756; x_wconf 77' lang='grc' dir='ltr'>Κύριος.</span> 
     </span>
    </p>
   </div>
   <div class='ocr_carea' id='block_1_118' title="bbox 1074 2767 1865 2808">
    <p class='ocr_par' dir='ltr' id='par_1_118' title="bbox 1074 2767 1865 2808">
     <span class='ocr_line' id='line_1_118' title="bbox 1074 2767 1865 2808; baseline -0.008 -8"><span class='ocrx_word' id='word_1_877' title='bbox 1074 2773 1291 2808; x_wconf 77' lang='grc' dir='ltr'>Κατωνόμασται</span> <span class='ocrx_word' id='word_1_878' title='bbox 1306 2772 1360 2808; x_wconf 82' lang='grc' dir='ltr'><strong>γὰρ</strong></span> <span class='ocrx_word' id='word_1_879' title='bbox 1379 2773 1448 2799; x_wconf 77' lang='grc' dir='ltr'>οὕτω</span> <span class='ocrx_word' id='word_1_880' title='bbox 1465 2771 1541 2806; x_wconf 82' lang='grc' dir='ltr'>παρά</span> <span class='ocrx_word' id='word_1_881' title='bbox 1561 2779 1593 2806; x_wconf 82' lang='grc' dir='ltr'><strong>γε</strong></span> <span class='ocrx_word' id='word_1_882' title='bbox 1614 2771 1674 2801; x_wconf 78' lang='grc' dir='ltr'>ταῖς</span> <span class='ocrx_word' id='word_1_883' title='bbox 1688 2769 1777 2800; x_wconf 77' lang='grc' dir='ltr'>Θείαις</span> <span class='ocrx_word' id='word_1_884' title='bbox 1794 2767 1865 2804; x_wconf 66' lang='lat' dir='ltr'><strong>T96.-</strong></span> 
     </span>
    </p>
   </div>
  </div>
