1937 3036
117 161 191 190 £029

653 157 698 186 DE
715 156 767 186 SS.
789 159 982 190 TBINITATE
999 161 1175 191 DlALOCUS
1193 162 1239 191 Vl.

1682 162 1759 192 ’1050

115 218 195 253 φαῐς.
211 215 268 243 Καὶ
288 215 355 252 γοῦν
377 215 426 243 τοῦ
440 215 569 252 Σωτῆρος
588 215 603 242 6
624 214 762 251 μαθητὴς,
785 214 911 246 Ἰάκωϐος

967 221 1045 250 palus
1059 220 1112 243 est.
1125 215 1202 243 Unde
1213 215 1367 244 Senatoris
1375 216 1535 251 discipulus,
1545 216 1662 246 Iacobus
1674 219 1757 247 nimi-

115 258 197 294 οὗτος
216 259 252 297 ἦν
265 269 272 275 ·
289 270 299 288 t
319 261 453 297 Ἀδελφοὶ,
470 261 548 296 φησὶ,
565 260 602 296 μὴ
617 261 647 287 ὲν
672 259 914 296 προσωποληψίαις

115 307 198 344 ἔχετε
220 307 270 343 τὴν
286 306 380 334 πίστιν
395 307 444 335 τοῦ
466 307 570 343 Κυρίου
585 306 665 342 ἡμῶν
684 305 771 342 Ἰησοῦ
795 305 914 342 Χριστοῦ

114 353 168 389 τῆς
184 352 274 388 δόξης·
291 362 300 378 ι

156 399 187 426 Β.
205 397 273 426 Εἶτα
288 398 332 431 τίς
350 399 367 434 ὴ
388 398 436 425 τοῦ
454 397 521 425 Υίοῦ
539 396 614 432 δόξα,
632 398 709 434 παρὰ
725 397 774 434 τὴν
786 398 833 425 τοῦ
857 398 915 425 Πα-

115 444 182 480 τρός
193 453 201 477 ;

153 492 187 518 Δ.
205 491 262 527 Οὐχ
277 490 437 525 ὑπέρτονος,
447 487 470 517 ὦ
479 490 540 523 τᾶν,
551 489 612 516 οὐδὲ
624 489 719 525 μείων,
732 489 790 516 ἀλλ’
801 490 818 525 ὴ
833 489 912 525 αὺτήο

118 538 222 574 μᾶλλον
237 538 277 571 δὲ,
298 536 393 573 ὥσπερ
409 537 468 564 ἐστὶ
492 536 574 571 σοφία
594 536 642 563 καὶ
659 536 774 571 δύναμις
786 535 833 562 τοῦ
856 536 914 562 Πα-

114 586 192 622 τρὸς,
211 584 297 616 οὕτως
316 584 350 612 ἂν
367 584 409 620 εἴη
431 584 479 611 καὶ
497 583 572 617 δόξα,
590 583 641 618 τῆς
655 583 703 609 τοῦ
724 583 848 614 τεκόντος
868 583 914 609 οὺ-

117 633 182 665 σίας
201 631 350 667 ἀφράστως
372 630 600 666 ἁπηυγασμένος,
624 630 672 656 καὶ
685 629 735 665 τὴν
750 629 811 656 ὅθεν
832 629 912 663 ἐξέφυ

114 679 150 707 δι’
172 679 271 707 ἑαυτοῦ
291 678 506 714 κατασημαίνων
523 677 614 712 φύσιν,
638 677 765 712 καθάπερ
780 684 822 708 τις
838 675 913 711 ἡλίου

117 726 195 762 βολὴ,
209 725 256 752 καὶ
281 724 371 759 φωτὸς
392 723 565 759 ἀπαύγασμα
586 722 636 757 τῆς
661 721 709 749 τοῦ
727 721 857 758 προέντος
873 721 913 749 δι-

115 773 255 800 εκκύπτον
270 771 376 804 οὐσίας,
393 771 441 798 καὶ
460 769 498 801 ὡς
514 771 603 797 ἐκεῖνο
623 769 727 802 λοιπὸν,
740 769 771 795 τὸ
782 768 811 802 ἐξ
828 764 913 805 οὗπέρ

116 820 189 852 ἐστι,
204 819 248 846 διὰ
263 818 314 854 τῆς
328 818 369 850 εἰς
392 817 477 853 ἄκρον
503 816 653 852 ὲμφερείας
672 815 719 842 καὶ
741 814 912 846 ταυτοειδοῦς

115 866 274 901 ποιότητος,
290 863 320 892 εὖ
337 863 410 900 μάλα
425 862 581 898 νοούμενον.

951 269 1024 301 ‘rum
1043 270 1050 289 :
1067 271 1076 288 ι
1091 261 1213 296 Fratres,
1228 262 1328 297 inquit,
1341 261 1425 289 nolite
1442 263 1468 289 in
1480 269 1660 296 personarum
1678 271 1758 292 tte-ee-

965 308 1058 342 ptione
1075 307 1177 336 habere
1192 308 1272 336 tidem
1289 308 1395 336 Domini
1411 307 1496 336 nostri
1509 307 1573 336 Jesu
1585 308 1685 336 Christi
1699 309 1758 344 glo-

965 354 1013 381 riae
1024 354 1056 382 ιι.
1076 363 1086 380 ι
1215 387 1219 391 _

1000 399 1032 427 Β.
1052 401 1088 427 At
1101 408 1226 436 quasnam
1251 406 1293 429 est
1310 400 1372 428 Filii
1399 400 1496 436 gloria,
1520 405 1618 436 prmter
1644 401 1758 437 gloriam

965 445 1055 474 Patris
1066 446 1078 473 ?

1000 492 1033 519 A.
1047 491 1106 519 Non
1122 494 1258 527 superior,
1269 494 1366 527 amice,
1378 501 1464 528 neque
1476 494 1573 527 minor,
1586 493 1632 521 sed
1645 494 1738 521 eadem
1750 502 1758 522 :

965 538 1020 565 imo
1034 545 1100 566 vero
1116 539 1344 573 quemadmodum
1362 543 1404 566 est
1420 540 1553 574 sapientia
1568 545 1596 567 et
1609 540 1695 567 virtus
1709 539 1758 567 Pa—

965 585 1025 617 tris,
1042 585 1082 612 sic
1096 585 1149 612 erit
1160 590 1187 612 et
1204 585 1300 620 gloria,
1316 593 1330 612 a
1346 585 1483 613 Genitoris
1500 587 1652 614 substantia
1667 587 1759 614 incﬂ‘o-

964 630 1055 658 biliter
1067 630 1374 667 eiIulgens,etnaturam
1388 632 1459 660 unde
1472 633 1571 667 prodiit
1581 639 1628 668 per
1638 633 1758 668 seipsum

964 677 1119 705 denotans:
1143 685 1197 705 non
1219 685 1298 706 secus
1321 686 1368 711 ac,
1377 678 1442 705 solis
1464 679 1556 706 radius
1578 686 1611 706 ac
1629 679 1759 715 splendor

964 722 1075 751 luminis
1086 723 1119 752 de
1131 724 1281 752 substantia
1294 725 1352 758 ejus
1364 732 1378 751 ο
1391 733 1444 760 quo
1455 726 1588 753 emittitur
1598 728 1757 761 procedens,

964 769 1064 805 quique
1087 776 1198 805 propter
1219 778 1352 798 summam
1368 771 1574 800 similitudinem
1590 777 1616 799 et
1633 774 1757 801 eamdem

963 816 1135 850 qualitatem,
1153 817 1178 844 ei
1201 824 1216 844 a
1232 825 1286 853 quo
1306 818 1478 853 progreditur
1490 825 1537 853 per
1551 819 1641 850 omnia
1662 818 1758 856 similis

965 860 1132 897 intelligitur.

154 911 186 937 B.
203 908 277 946 Ἆρα
289 909 322 937 ἂν
333 909 405 944 ἔχοις
421 908 510 934 είπεῐν
525 908 557 934 ὲκ
573 907 627 934 τῶν
647 906 727 942 ἱερῶν
735 905 911 942 Γραμμάτων

999 905 1030 933 Β.
1050 906 1166 936 Potesne
1182 909 1273 937 dicere
1289 916 1321 936 ex
1333 910 1418 937 sacris
1429 909 1540 938 Litteris
1552 918 1675 944 quasnam
1692 911 1758 939 ﬁdes

116 957 158 990 τίς
173 957 207 984 ἂν
218 956 324 991 γένοιτο
336 954 466 982 τοιούτων
480 954 497 989 ἡ
513 953 623 986 πίστις;

152 1004 186 1030 Α.
207 1002 303 1030 Καίτοι
328 1002 432 1037 βραχὺς
453 1001 551 1036 κομιδῇ
575 999 796 1036 δαπανηοήσεται
820 999 910 1032 πόνος,

117 1047 307 1084 συναγείροντί
332 1055 372 1074 σοι
394 1047 444 1078 τὰς
468 1045 523 1072 τῶν
543 1045 629 1080 ἁγίων
652 1045 753 1080 φωνάς.
778 1044 912 1078 Ἐφεσίοις

117 1096 170 1132 μὲν
190 1096 244 1130 γὰρ
270 1093 437 1120 ἐπιστέλλων
459 1093 474 1119 ό
496 1092 602 1125 Παῦλος
615 1100 622 1106 ’
638 1101 646 1117 t
663 1091 713 1118 Διὰ
728 1091 817 1124 τοῦτο,
833 1091 910 1126 φησὶ,

117 1142 197 1177 κάγὼ
211 1140 331 1172 ἀκούσας
357 1139 406 1175 τὴν
435 1138 497 1166 καθ’
509 1138 582 1174 ὑμᾶς
602 1137 694 1165 πίστιν
714 1138 744 1164 ὲν
764 1137 803 1172 τῷ
818 1137 913 1172 Κυρίῳ

123 1187 226 1225 Ἰησοῦ,
243 1187 291 1215 κα)⁸
303 1187 354 1222 τὴν
368 1185 479 1220 ἀγάπην
492 1185 542 1221 τὴν
557 1185 597 1217 είς
612 1184 717 1216 πάντας
732 1184 796 1215 τοὺς
807 1183 911 1218 ἁγίους,

115 1235 147 1262 οὺ
167 1234 292 1270 παύομαι
314 1232 484 1268 εὐχαριστῶν
510 1231 581 1267 ὑπὲρ
606 1231 695 1267 ὑμῶν,
719 1230 815 1266 μνείαν
835 1230 912 1265 ὑμῶν

115 1281 279 1316 ποιούμενος
296 1278 342 1306 ἐπὶ
360 1278 416 1305 τῶν
431 1276 592 1313 προσευχῶν
614 1285 677 1312 μου,
694 1276 738 1303 Eva
752 1277 766 1303 6
779 1276 846 1308 Θεὸς
864 1276 912 1303 τοῦ

115 1326 223 1362 Κυρίου
247 1325 328 1361 ἡμῶν
349 1323 437 1359 Ἰησοῦ
458 1322 589 1358 Χριστοῦ,
606 1323 620 1349 ό
640 1322 736 1358 Πατὴρ
752 1322 802 1357 τῆς
822 1321 911 1358 δόξης,

114 1373 175 1409 δῳη
192 1372 257 1408 ὑμῖν
276 1370 390 1406 Πνεῦμα
412 1369 509 1405 σοφίας
528 1369 576 1396 καὶ
592 1369 792 1404 ἀποκαλύψεως
806 1370 835 1395 ὲν
850 1370 912 1395 ἐπι-

115 1418 218 1452 γνώσει
234 1416 328 1445 αὑτοῦ.
341 1425 350 1442 ι
363 1416 463 1451 Συνίης
477 1413 523 1443 οὖν
538 1415 580 1442 ὅτι
594 1414 707 1451 Πατέρα
722 1415 852 1450 Χριστοῦ,
864 1415 912 1443 καὶ

116 1464 230 1500 Πατέρα
248 1464 298 1499 τῆς
309 1461 388 1498 δόξης
405 1462 602 1498 κατωνόμασεν
615 1461 696 1494 εὐθὺς
712 1461 758 1488 τὸν
775 1461 851 1494 Θεὸν,
863 1462 913 1497 οὐχ

113 1511 222 1546 ἕτερον,
240 1507 328 1545 οἶμαι,
340 1510 368 1536 τι
383 1509 460 1544 παρά
472 1517 504 1543 γε
519 1508 568 1543 τὴν
588 1508 668 1541 δόξαν
681 1507 729 1535 τοῦ
746 1508 853 1544 Πατρὸς
867 1508 913 1535 τὸν
930 1530 935 1534 .

114 1555 235 1591 Χριστὸν
249 1554 418 1589 ἀποφαίνων.
435 1554 507 1589 Ἔφη
520 1553 549 1579 δέ
560 1561 612 1579 που
634 1553 716 1580 πάλιν
726 1562 732 1569 ·
748 1562 758 1579 s
775 1553 870 1588 Ἡμεῖς
884 1553 913 1579 δὲ

115 1602 229 1634 πάντες,
243 1599 499 1636 ἀνακεκαλυμμένῳ
511 1599 649 1636 προσώπῳ
660 1599 709 1635 τὴν
721 1599 800 1633 δόξαν
808 1600 911 1636 Κυρίου

115 1648 381 1684 κατοπτριζόμενοι,
409 1647 459 1682 τὴν
485 1647 570 1682 αὐτὴν
595 1646 689 1673 εἰκόνα
716 1647 912 1682 μεταμορφού-

117 1695 209 1730 μεθα,
232 1694 286 1721 ἀπὸ
308 1693 387 1729 δόξης
405 1694 445 1725 εἰς
466 1692 560 1726 δόξαν,
586 1692 713 1727 καθάπερ
737 1692 792 1719 ἀπὸ
809 1692 912 1728 Κυρίου

116 1742 290 1776 Πνεὺματος.
300 1750 310 1767 ι
319 1756 353 1761 -
361 1749 371 1766 ‹
387 1738 604 1770 Ἀποϐλέποντες
617 1738 657 1770 εἰς
673 1738 719 1765 τὸν
729 1739 779 1772 τῆς
794 1738 913 1771 πίστεως

116 1788 198 1824 ἡμῶν
213 1787 336 1823 ἀρχηγὸν
351 1786 399 1813 καὶ
419 1785 567 1821 τελειωτὴν
587 1783 702 1820 Ἰησοῦν,
723 1794 733 1810 ι
747 1785 776 1816 ὅς
797 1785 871 1811 ἐστιν
895 1785 912 1820 ἡ

115 1834 183 1867 δόξα
197 1834 245 1860 τοῦ
262 1833 333 1861 κατὰ
357 1833 439 1867 φύσιν
455 1833 503 1859 καὶ
516 1831 625 1866 ἀληθῶς
650 1831 754 1867 Κυρίου
765 1851 772 1863 ,
795 1830 866 1866 φημὶ
880 1829 913 1865 δὴ

114 1880 166 1907 τοῦ
180 1880 296 1914 Πατρὺς,
308 1876 541 1913 ἀναμορφούμεθα
556 1876 625 1911 πρὸς
636 1875 717 1901 αὐτὸν
728 1876 762 1902 δι’
775 1875 912 1910 ἁγιασμοῦ

114 1926 146 1953 ὃν
169 1925 320 1959 Πνεύματι.
352 1923 455 1959 Πέτρος
469 1923 497 1949 δὲ
521 1920 569 1954 αὖ,
594 1921 685 1949 καίτοι
700 1921 859 1957 διαπρέπων
884 1922 913 1949 ὲν

115 1973 267 2008 μαθηταῖς,
290 1971 348 2002 τοῖς
365 1969 451 1997 ἰοῦσιν
471 1969 504 1996 ὲκ
522 1968 678 2004 περιτομῆς
701 1969 741 1999 είς
757 1968 911 2000 δικαίωσιν,

112 2019 166 2054 τὴν
181 2019 211 2045 ὲν
227 2017 340 2053 Χριστῷ
348 2016 393 2043 διὰ
403 2015 532 2048 πίστεως,
542 2014 713 2050 προσεφώνει
724 2014 825 2048 λέγων,
842 2023 851 2040 t
868 2015 913 2046 Ὡς

112 2066 151 2092 τὰ
168 2064 259 2092 πάντα
276 2065 343 2100 ἡμῖν
360 2063 409 2097 τῆς
430 2061 506 2094 θείας
527 2062 668 2098 δυνάμεως
687 2061 769 2088 αὑτοῦ
785 2061 820 2088 τὰ
844 2061 913 2096 προς

113 2113 190 2148 ζωὴν
206 2112 253 2139 καὶ
273 2110 415 2138 εὐσέϐειαν
436 2109 639 2144 δεδωρημένης,
660 2108 705 2135 διὰ
727 2108 776 2143 τῆς
793 2107 912 2141 ἐπιγνώ-

114 2165 188 2189 σεως
212 2156 260 2183 τοῦ
283 2155 453 2186 καλέσαντος
468 2154 544 2190 ἡμᾶς
572 2153 625 2189 ἰδίᾳ
643 2152 708 2188 δόξῃ
721 2149 768 2180 καὶ
783 2153 877 2188 ἀρετῇ.
899 2161 908 2178 ›

112 2202 206 2237 Εἴπερ
220 2199 267 2228 οὖν
282 2201 358 2228 ἐστιν
377 2199 431 2226 ἰδία
450 2199 514 2231 δόξα
530 2197 578 2225 τοῦ
594 2197 700 2233 Πατρὸς
721 2198 735 2224 ὁ
749 2197 823 2229 Υίὺς,
835 2197 867 2223 δι’
881 2193 911 2224 οὗ

963 952 1059 980 borum
1074 954 1110 981 sit
1119 954 1130 980 τ

998 997 1031 1024 Α.
1052 997 1123 1025 Sane
1141 999 1167 1026 id
1194 1006 1324 1034 perquam
1344 999 1395 1027 levi
1422 1000 1514 1028 labore
1536 1000 1713 1033 conticietur,
1736 1001 1758 1028 si

963 1044 1037 1072 dicta
1057 1050 1217 1073 sanctorum
1234 1046 1390 1081 collegeris.
1419 1046 1549 1074 Scriberis
1571 1047 1642 1074 enim
1661 1047 1759 1074 Paulus

963 1090 1109 1125 Ephesiis:
1126 1100 1135 1117 ι
1151 1091 1310 1128 Propterea.
1330 1093 1427 1127 inquit,
1442 1098 1468 1120 et
1485 1101 1535 1128 ego
1551 1093 1664 1120 audiens
1680 1094 1759 1120 ﬁdem

962 1141 1082 1165 vestram
1095 1145 1155 1173 qua:
1172 1143 1214 1166 est
1227 1138 1254 1166 in
1272 1138 1387 1167 Domino
1399 1138 1476 1172 Jesu,
1492 1144 1519 1166 et
1539 1138 1711 1166 dilectionem
1732 1139 1758 1165 in

963 1190 1060 1212 omnes
1080 1189 1202 1218 sanctos,
1219 1192 1272 1212 non
1288 1192 1367 1213 cesso
1385 1186 1488 1220 gratias
1506 1192 1590 1219 agens
1607 1193 1656 1219 pro
1671 1185 1758 1218 vobis,

964 1231 1124 1258 memoriam
1148 1231 1230 1259 vestri
1258 1231 1362 1259 iaciens
1387 1232 1414 1258 in
1439 1232 1609 1259 orationibus
1633 1232 1710 1264 meis,
1730 1235 1760 1257 ut

964 1277 1035 1304 Deus
1050 1276 1157 1304 Domini
1179 1278 1265 1305 nostri
1287 1277 1350 1305 Jesu
1366 1277 1480 1311 Christi,
1497 1277 1577 1305 Pater
1595 1277 1696 1312 glorias,
1713 1278 1760 1304 det

964 1323 1041 1351 vobis
1063 1324 1194 1358 Spiritum
1212 1324 1353 1358 sapientiae
1374 1329 1402 1351 et
1424 1324 1609 1357 revelationis,
1633 1325 1660 1351 in
1680 1323 1758 1359 agni-

964 1370 1037 1399 tione
1050 1370 1110 1405 ejus
1131 1371 1164 1396 ".
1185 1379 1194 1396 ι
1226 1369 1359 1404 lntelligis
1382 1378 1447 1406 ergo
1472 1378 1525 1406 quo
1549 1375 1627 1405 pacto
1650 1369 1759 1397 Patrem

963 1414 1078 1449 Christi,
1090 1420 1116 1442 et
1129 1415 1237 1443 Patrem
1251 1415 1345 1451 gloria:
1357 1417 1487 1443 continuo
1499 1417 1647 1443 nominavit
1665 1417 1758 1449 Deum,

966 1461 1033 1502 nilnil
1044 1461 1242 1497 aliud,opinor,
1257 1461 1340 1498 604
1354 1461 1490 1490 Christqu
1505 1462 1662 1495 ostendens,
1677 1470 1759 1496 quam

964 1507 1053 1536 Patris
1069 1508 1193 1543 gloriam.
1217 1508 1289 1535 Dixit
1309 1513 1399 1536 autem
1418 1509 1516 1536 alicubi
1540 1517 1634 1536 rursus
1651 1518 1658 1536 :
1681 1518 1690 1534 ι
1706 1508 1760 1536 Nos

964 1563 1030 1582 vero
1038 1563 1132 1583 omnes
1142 1555 1258 1582 revelata
1266 1554 1336 1583 facie
1343 1555 1453 1590 gloriam
1462 1555 1567 1582 Domini
1576 1555 1758 1590 speculantes,

965 1602 992 1629 in
1009 1603 1131 1630 eamdem
1147 1602 1292 1637 imaginem
1310 1602 1539 1629 transformamur
1555 1610 1569 1629 a
1588 1602 1712 1630 claritate
1732 1603 1759 1629 in

964 1649 1128 1680 claritatem,
1148 1653 1277 1682 tanquam
1293 1655 1307 1675 ο
1323 1649 1429 1676 D0mini
1443 1648 1545 1684 Spiritu
1559 1649 1591 1676 ".
1608 1659 1617 1675 ›
1633 1658 1690 1675 ι--ι
1705 1647 1760 1676 Re-

963 1695 1109 1730 spicientes
1123 1695 1194 1722 enim
1211 1695 1237 1722 in
1249 1695 1309 1723 ﬁdei
1324 1700 1424 1723 nostra:
1438 1701 1575 1723 auctorem
1592 1700 1618 1723 et
1633 1703 1759 1723 consum-

965 1747 1097 1769 tnatorem
1112 1741 1204 1769 Jesum
1220 1741 1253 1774 ",
1271 1752 1280 1768 ι
1295 1742 1340 1777 qui
1355 1747 1396 1770 est
1412 1741 1497 1777 gloria
1512 1742 1643 1770 naturalis
1657 1749 1689 1769 ac
1701 1743 1758 1769 veri

964 1788 1082 1820 Domini,
1105 1787 1195 1815 Patris
1220 1788 1359 1821 nimirum,
1386 1788 1591 1816 conformamur
1612 1788 1645 1815 ad
1671 1788 1758 1822 ipsum

964 1841 1013 1869 per
1032 1834 1278 1862 sanetilicationem
1303 1835 1330 1862 in
1350 1835 1464 1870 Spiritu.
1484 1835 1579 1862 Petrus
1594 1834 1669 1867 item,
1687 1835 1759 1861 inter

964 1880 1110 1914 discipulos
1131 1881 1308 1915 conspicuus,
1328 1888 1362 1907 ex
1377 1881 1589 1908 circumcisione
1604 1882 1638 1908 ad
1654 1881 1756 1916 justiﬂ-

963 1927 1096 1954 cntionem
1109 1926 1135 1953 in
1149 1925 1260 1954 Christo
1270 1926 1441 1954 venientibus
1454 1934 1502 1962 per
1514 1927 1594 1954 iidem
1611 1926 1756 1960 clamabat,

964 1972 1057 2000 dicens
1073 1980 1079 1999 :
1094 1982 1103 1999 ί
1118 1972 1259 2006 Quomodo
1269 1973 1360 1999 omnia
1376 1973 1454 2001 nobis
1464 1973 1561 2001 divina:
1569 1973 1677 2000 virtutis
1689 1980 1756 2006 sum,

963 2025 1024 2052 quae
1037 2017 1072 2045 ad
1087 2019 1170 2044 vitam
1190 2023 1216 2045 et
1233 2018 1372 2053 pietatem,
1389 2019 1488 2046 donata
1510 2023 1583 2052 sunt,
1600 2026 1649 2054 per
1664 2018 1757 2054 cogni-
1784 2020 1789 2025 '

963 2066 1064 2092 lienem
1079 2066 1139 2100 ejus
1152 2065 1198 2100 qui
1222 2065 1329 2093 vocavit
1352 2073 1401 2092 nos
1422 2066 1532 2100 propria
1555 2066 1640 2102 gloria
1659 2071 1685 2093 et
1702 2067 1757 2092 vir-

962 2116 1019 2138 tute
1041 2111 1073 2138 ”.
1089 2120 1098 2137 ι
1119 2111 1147 2139 Si
1165 2119 1231 2146 ergo
1250 2112 1360 2147 propria
1381 2111 1470 2139 Patris
1493 2112 1576 2146 gloria
1597 2117 1639 2140 est
1659 2112 1754 2146 Filius,

963 2165 1011 2192 per
1031 2164 1111 2192 quem
1131 2162 1159 2184 et
1181 2158 1215 2185 ad
1245 2158 1427 2193 cognitionem
1451 2157 1510 2193 ejus
1532 2158 1620 2186 vocati
1650 2166 1756 2191 smnus,

963 2202 1024 2237 quis
1041 2203 1132 2230 dicere
1151 2203 1248 2231 audeat
1270 2203 1362 2230 datum
1383 2208 1410 2231 et
1430 2203 1577 2231 ascititium
1593 2211 1653 2232 esse
1666 2204 1756 2239 glorire

114 2249 166 2276 καὶ
182 2247 341 2284 κεκλήμεθα
355 2245 424 2281 πρὸς
447 2246 597 2280 ἐπίγνωσιν
620 2243 715 2276 αὐτοῦ,
739 2244 782 2276 τίς
799 2245 813 2270 ὁ
828 2243 911 2279 φάναι

965 2248 1062 2281 Patris,
1077 2254 1107 2277 ut
1121 2249 1157 2277 sit
1170 2250 1196 2277 id
1211 2250 1283 2285 quod
1300 2250 1359 2277 est?
1375 2249 1443 2284 Quis
1454 2250 1525 2278 enim
1542 2250 1630 2278 Patris
1642 2251 1755 2286 gloriam

112 2294 235 2330 τολμῶν,
248 2294 288 2321 ὃτι
301 2293 377 2320 δοτδν
388 2293 436 2319 καὶ
446 2291 602 2327 εἰσποιητὸν
615 2292 648 2326 τῇ
660 2290 724 2326 δόξῃ
734 2290 781 2316 τοῦ
793 2291 910 2326 Πατρὺς,

113 2343 148 2371 τὺ
163 2340 233 2369 εἶναι
259 2340 332 2368 τοῦθ’
349 2340 419 2376 ὅπερ
441 2338 521 2372 ὲστίς
544 2337 593 2368 Τίς
614 2337 681 2372 γὰρ,
699 2337 714 2363 6
739 2337 821 2375 ἑτέρᾳ
847 2336 912 2372 δόξῃ

113 2387 358 2424 καταλαμπρύνων
373 2385 433 2413 ἐστὶ
448 2385 499 2420 τὴν
513 2383 561 2411 τοῦ
582 2383 688 2419 Πατρδς
705 2383 797 2416 δόξαν;
813 2383 848 2409 Ἢ
860 2382 911 2409 οὐκ

113 2437 146 2464 ἑν
161 2436 213 2471 ἴσῳ
229 2434 308 2469 τίθης
322 2433 364 2466 τὸ,
377 2432 424 2459 καὶ
437 2432 549 2468 ἑτέρους
563 2431 663 2467 χρῆναι
675 2429 858 2466 κατατολμᾷν,
871 2430 911 2462 είς

114 2483 201 2519 μέσον
216 2481 335 2517 ἥκοντας
349 2479 450 2514 λέγειν,
466 2479 505 2510 ὡς
520 2478 675 2512 σεσόφωται
691 2476 741 2512 μὲν
754 2476 822 2512 πρός
836 2484 909 2509 τινος

112 2530 130 2564 ἡ
147 2519 228 2562 σοφία
242 2526 290 2554 τοῦ
314 2525 434 2561 Πατρὺς,
448 2524 479 2551 τὸ
502 2524 530 2551 δὲ
550 2521 621 2550 εῖναι
638 2523 764 2558 δύναμις,
779 2523 796 2558 ἠ
811 2522 909 2550 ἐνοῦσα

112 2575 189 2603 κατὰ
202 2573 284 2609 φύσιν
296 2572 372 2607 ἰσχὺς
386 2571 473 2607 αὐτῷ,
486 2571 625 2603 τουτέστιν
640 2571 654 2596 6
668 2569 743 2602 Υἱὸς,
760 2568 909 2604 κεκέρδακε

111 2619 181 2656 παρ’
191 2619 297 2655 ἐτέρου,
308 2618 356 2646 καὶ
366 2617 469 2645 ὀθνεῖον
482 2615 539 2652 ἔχει
550 2616 581 2643 τὸ
590 2615 704 2651 αὔχημα
717 2614 798 2650 σοφόν
812 2621 856 2647 τε;
870 2612 908 2640 Οὐ

112 2668 171 2703 γὰρ
189 2667 213 2693 εί
233 2666 267 2702 [Γ.
281 2664 326 2702 ἂν]
352 2665 410 2696 τοῖς
435 2663 548 2690 τοιοῖσδε
568 2660 787 2697 κατακηλοῦντες,
806 2659 907 2694 λόγοις,

110 2712 279 2749 ἀποφέροιεν
287 2711 362 2747 ἡμᾶς
370 2711 395 2737 oi
403 2708 555 2740 διεναντίας
561 2708 629 2745 πρὸς
640 2708 696 2735 πᾶν
705 2706 795 2734 ὁτιοῦν
804 2706 859 2733 τῶν
868 2706 909 2733 δι-

111 2758 333 2796 ιστραμμένωνς
347 2758 379 2784 Et
394 2757 442 2792 μὲν
459 2754 506 2783 οῦν
516 2756 628 2791 ἀπόχρη
642 2755 676 2781 τὰ
691 2754 829 2790 εἰρημένω
840 2752 910 2788 πρὸς

111 2805 255 2838 ἀπόδειξιν
275 2803 381 2840 ἐναργῆ
394 2802 442 2830 τοῦ
457 2802 536 2836 δόξαν
550 2799 621 2828 εἷναι
640 2801 690 2836 τὴν
710 2800 777 2827 ἰδίαν
790 2799 837 2827 τοῦ
851 2799 909 2827 Πα-

964 2294 1017 2322 alia
1033 2295 1119 2329 gloria
1137 2295 1281 2323 nobilitetl
1297 2295 1418 2331 Alioqui,
1436 2303 1525 2324 nonne
1539 2296 1651 2331 perinde
1668 2302 1711 2325 est
1724 2305 1756 2324 ac

964 2340 987 2367 si
1002 2340 1094 2368 dicant
1114 2341 1199 2376 aliqui
1219 2342 1383 2376 sapientiam
1405 2341 1495 2369 Patris
1514 2342 1549 2369 ab
1567 2342 1656 2377 aliquo
1678 2342 1754 2371 reddi

964 2386 1134 2420 sapientem:
1149 2387 1274 2415 virtutem
1294 2395 1357 2415 vero
1371 2387 1429 2422 ejus
1451 2387 1612 2420 naturalem,
1634 2388 1685 2416 hoc
1702 2393 1754 2423 est,

965 2432 1078 2464 Filium,
1095 2433 1129 2460 ab
1147 2433 1201 2461 alio
1213 2435 1353 2469 accepisse
1369 2440 1398 2461 ut
1412 2434 1448 2462 sit
1463 2434 1523 2469 ejus
1536 2435 1631 2468 virtus,
1652 2439 1679 2462 et
1698 2436 1755 2471 εἰῶ

964 2479 1031 2506 riam
1054 2479 1088 2506 ab
1103 2479 1156 2507 alio
1182 2480 1283 2508 habere
1307 2489 1340 2508 ac
1362 2481 1546 2516 sapientiam?
1567 2480 1662 2508 Nonne
1681 2481 1753 2509 enim

963 2525 1116 2553 istiusmodi
1141 2528 1314 2556 sermonibus
1334 2536 1382 2556 nos
1404 2529 1550 2557 adversarii
1571 2528 1754 2557 demulcentes

962 2571 990 2598 in
1008 2571 1214 2605 perversissima
1228 2580 1342 2608 qumque
1358 2573 1545 2602 deducerent?
1558 2573 1586 2601 Si
1605 2580 1669 2609 ergo
1682 2574 1753 2601 dicta

961 2615 1098 2643 suﬂiciunt
1120 2617 1153 2644 ad
1173 2617 1246 2645 clare
1268 2618 1507 2646 demonstrandum
1531 2621 1667 2655 propriam
1692 2627 1754 2647 esse

962 2660 1051 2689 Patris
1064 2661 1176 2697 gloriam
1190 2661 1296 2695 Filium,
1326 2663 1395 2691 bene
1409 2665 1499 2698 habet,
1527 2666 1659 2693 silendum
1676 2667 1753 2694 nobis

962 2711 1015 2735 est.
1037 2707 1085 2735 Sin
1106 2713 1208 2741 autem,
1225 2713 1254 2736 ut
1270 2716 1343 2742 reor,
1361 2710 1421 2738 aliis
1439 2718 1507 2746 opus
1528 2720 1635 2747 quoque
1649 2717 1691 2740 est
1715 2717 1754 2740 te-

961 2754 1109 2788 stimoniis,
1122 2753 1232 2782 afferam
1247 2754 1368 2782 divinum
1384 2756 1501 2784 Psaltem
1517 2758 1549 2784 ad
1565 2758 1753 2786 universorum

963 2801 1073 2829 Patrem
1093 2809 1126 2829 ac
1141 2800 1238 2835 Deum,
1260 2806 1387 2836 tanquam
1403 2809 1435 2830 ex
1448 2810 1542 2830 eorutn
1568 2809 1683 2838 persona
1707 2805 1753 2839 qui

149 2895 171 2913 “
186 2894 245 2924 Jac.
266 2901 297 2928 ll,
315 2893 341 2927 l,
377 2893 398 2909 ”
418 2893 517 2928 Eplies.
537 2899 557 2926 ι,
575 2890 671 2918 15-17.
711 2890 732 2906 ¹³
747 2890 768 2918 ll
781 2889 844 2918 Cor.
864 2896 906 2924 nt,

965 2909 969 2917 .
1011 2889 1034 2906 “
1047 2889 1130 2919 Hebr.
1143 2897 1193 2926 xu,
1207 2890 1235 2918 2.
1275 2891 1298 2908 ’⁸
1312 2890 1334 2918 ll
1350 2890 1452 2928 Pctr.t,
1470 2894 1498 2922 5.
