1937 3036
101 153 167 180 1033

598 188 601 198 Ι
632 154 675 181 ΒΕ
697 154 746 182 SS.
769 154 957 182 ΊΊΗΧΙΤΛΤΕ
980 153 1151 182 DlAl.OGUS
1174 153 1218 181 Vl.

1666 153 1734 181 1054

135 214 167 240 Δ.
191 211 267 240 Εἶναι
298 213 328 250 δὴ
350 210 396 240 οὖν
422 212 529 249 ἀνάγκη
557 214 642 245 νοεῖν,
671 213 723 249 πρὸ
747 214 796 249 τῆς
823 213 891 249 πρὸς

979 214 1011 242 Α.
1033 213 1237 248 intelligendum
1260 216 1302 240 est
1325 211 1407 247 igitur
1433 215 1496 238 ante
1519 210 1734 239 incarnationem

98 259 189 294 oipxa
205 259 366 296 συνδρομῆς,
388 259 438 286 οὐκ
455 261 483 286 ὲν
506 261 538 295 τῇ
557 260 603 286 τοῦ
626 259 720 287 δούλου
736 261 827 296 μορῳῇ
845 260 891 286 τὸν

97 306 130 332 ἐκ
142 305 210 333 Θεοῦ
229 306 365 341 πεφηνότα
385 306 482 341 Λόγον,
495 306 553 333 ἀλλ’
568 307 598 334 ὲν
617 307 759 343 κυριότητι
774 308 890 342 φυσικῇ,

98 353 146 378 καὶ
161 354 191 379 ὲν
213 353 288 384 ἰδίοις
307 350 462 388 ὖψὼμασιν,
485 350 526 386 οἷς
547 353 663 390 ἐπείπερ
690 353 891 390 ἐμφιλοχωρεῖν

97 398 140 425 διὰ
157 399 207 434 τὴν
222 399 261 430 εἰς
276 399 350 434 ἡμᾶς
370 400 510 436 ἀγάπησιν
528 400 559 427 οὐ
583 400 644 428 λίαν
664 400 765 433 ἐδόκει,
788 409 889 436 κεχρη-

99 443 198 478 μάτικε
215 442 316 476 δοῦλος,
334 444 366 469 ἵν’
384 443 478 479 ὥσπερ
496 444 577 476 αὐτὸς
592 444 620 470 ὲν
634 445 690 475 τοῖς
713 443 790 479 παρὰ
809 443 890 478 φύσιν

97 489 238 525 ἐθελοντὴς
255 489 287 516 δι’
307 490 391 524 ἡμᾶς,
414 489 501 521 οὕτως
525 490 571 516 καὶ
593 490 673 524 ἡμεῖς
697 490 726 516 ὲν
747 490 803 521 τοῖς
819 488 890 524 ὑπὲρ

98 535 178 570 φύσιν
195 535 330 573 πρόθυμοι
347 534 382 561 δι“
402 535 499 562 αὐτόν·
525 535 655 562 καθίκετο
677 534 732 570 γὰρ
748 534 787 566 εἰς
807 533 891 560 κένω-

98 589 150 613 σιν,
167 579 228 616 οὐχ).
243 582 275 616 τῇ
290 580 404 607 κενώσει
419 579 507 612 διδοὺς
523 580 554 606 τὸ
568 580 666 616 χρῆναι
686 580 763 613 νικᾷν
779 578 828 614 τὴν
842 577 892 613 ξμ-

98 628 181 661 φυτόν
201 635 230 653 τε
253 627 335 654 αὑτοῦ
357 627 404 653 καὶ
427 626 635 662 ἀπαραποίητον
656 626 744 659 δόξαν,
769 627 826 653 ἀλλ’
849 626 891 653 ἵνα

97 673 128 700 τδ
144 674 174 700 ἐν
198 673 292 707 ὑφέσει
318 673 364 699 καὶ
390 673 475 705 κάτω,
490 672 628 699 τουτέστιν
653 673 745 707 ἡμεῖς,
764 672 891 708 ἀναθρώ-

99 726 176 746 σκειν
190 718 257 753 ὑψοῦ
270 719 302 745 δι’
314 719 395 745 αὐτὸν
412 719 574 754 ἰσχύσωμεν.
590 718 627 745 υῦ
643 719 738 754 γάρτοι
755 719 785 745 τὸ
801 721 891 756 χεῖρον

98 766 257 793 ὲκὸιάσεται
272 774 336 792 ποτε
349 765 378 792 τὸ
394 765 571 802 ὑπερτεροῦν,
587 765 682 800 ἕψεται
699 766 726 792 δὲ
741 766 841 801 μᾶλλον
853 766 891 801 τῷ

97 812 209 839 νικῶντι
231 811 277 838 καὶ
304 811 448 847 προῦχοντι
470 812 500 838 τὸ
525 811 698 847 ἀσυγκρίτως
725 811 889 846 ἡττώμενον.

104 858 224 893 ’Λμσιοὲς
241 855 286 885 οὖν
307 858 366 885 λίαν
380 858 410 884 τὺ
425 857 528 885 οἴεσθαι
545 858 600 884 δεῖν
616 858 697 885 αὑτὸν
714 858 891 885 ἐκϐεϐιάσθαι

98 906 154 936 τοῖς
179 906 239 931 καθ’
259 905 342 940 ἡμᾶς,
371 904 408 936 ὡς
436 905 483 931 σὺν
505 906 571 940 ἡμῖν
595 905 628 932 δι’
647 906 720 940 ἡμᾶς
745 906 891 941 ἀπομεῖναι

99 951 192 978 κὰτω’
219 950 299 985 σοφὸν
315 951 343 977 δὲ
365 951 411 977 καὶ
429 951 538 986 ἀληθὲς,
556 951 586 978 τὸ
602 952 766 979 διανοεῖσθαι
782 953 827 979 καὶ
849 953 892 980 λέ-

99 1005 169 1031 γειν,
186 996 254 1033 πρὸς
267 996 297 1023 τὸ
312 996 381 1023 θεῖον
399 997 480 1023 αὑτοῦ
493 997 538 1024 καὶ
551 997 706 1033 ἀπόρρητον
721 997 817 1030 κάλλος
828 999 892 1025 ἀνα-

98 1043 228 1078 ιροιτῆσαι
245 1043 274 1070 τὸ
289 1043 426 1075 ταπεινὸν,
439 1045 472 1078 τῇ
492 1044 630 1079 ὑπερτάτη
648 1044 711 1080 δόξῃ
730 1045 891 1080 νικώμενον,

95 1089 206 1125 Ὀνπερ
228 1089 281 1126 γὰρ
307 1090 406 1126 τρόπον
432 1090 529 1116 παθεῖν
548 1091 596 1125 μὲν
622 1090 696 1126 αὖτῷ
725 1091 824 1127 συνέϐη
847 1093 892 1119 τὸν

97 1136 172 1163 κατὰ
193 1136 281 1171 σάρκα
305 1136 417 1163 θάνατον
446 1136 490 1163 διὰ
517 1137 566 1172 τὴν
584 1136 621 1172 τῷ
647 1137 754 1172 θανάτῳ
779 1139 892 1175 κάτοχον

98 1183 202 1218 σάρκα,
219 1182 274 1217 ζωὴ
298 1182 326 1208 δὲ
351 1182 388 1208 ὼν
406 1182 476 1209 κατὰ
493 1181 585 1216 φύσιν,
609 1182 755 1218 ἀνεκόμισε
778 1183 846 1219 πρὸς
862 1184 893 1211 τὸ

97 1228 201 1254 οἰκεῖον
219 1227 312 1263 αὐτὴν,
328 1228 403 1254 οὐδὲν
422 1228 462 1259 εἰς
480 1227 549 1254 ἰδίαν
569 1228 718 1264 ὑπομείνας
733 1229 825 1263 φύσιν,
844 1239 893 1257 κα-

96 1273 230 1305 τασείσας
246 1273 274 1299 δὲ
300 1273 400 1308 μᾶλλον
425 1273 471 1300 τοῦ
495 1273 611 1301 θανάτου
635 1276 665 1302 τὸ
686 1275 803 1311 κράτος·
820 1276 893 1304 οὕτω

98 1319 202 1354 φαμὲν,
221 1319 263 1345 ὅτι
276 1319 374 1346 παθεῖν
389 1319 438 1355 μὲν
455 1319 530 1355 αὐτῷ
545 1320 594 1356 τὴν
613 1320 735 1348 δουλείαν
753 1322 893 1358 συμϐέϐη-

97 1374 148 1392 κεν
174 1366 362 1401 οἰκονομικῶς.
386 1366 495 1402 Ἐπειδὴ
510 1366 537 1393 δὲ
558 1367 629 1394 κατὰ
650 1368 730 1402 φύσιν
752 1369 811 1395 ἐστί
827 1369 893 1402 Θεὸς

97 1413 148 1439 καὶ
170 1411 282 1448 Κύριος,
310 1414 471 1449 παραχωρεῖ
498 1413 528 1440 τὺ
547 1413 660 1447 λυποῦν,
690 1415 738 1442 καὶ
761 1416 822 1448 ταῖς
843 1416 894 1451 τῆς

95 1456 178 1495 δόξης
194 1459 357 1495 ὑπερϐολαῖς
372 1459 527 1495 ἡττώμενον
541 1460 571 1487 τὸ
583 1461 615 1488 ἐκ
627 1461 677 1495 τῆς
690 1461 810 1495 δουλείας
827 1471 894 1489 κατ-

97 1505 247 1540 ηφάνισται
273 1504 412 1536 δυσκλεές.
436 1505 550 1538 Οὐκοῦν,
578 1507 602 1532 εἰ
627 1506 782 1542 μεμένηκεν
801 1507 830 1534 ἐν
850 1516 894 1534 νε-

99 1552 187 1585 κροῖς,
203 1550 273 1577 κατὰ
289 1558 331 1584 γε,
349 1550 430 1586 φημὶ,
449 1551 498 1586 τὴν
512 1551 611 1587 σάρκα,
634 1551 711 1587 μένει
734 1553 762 1579 ἐν
778 1553 892 1586 δούλοις.

97 1595 133 1623 Εἰ
149 1596 178 1622 δὲ
191 1595 302 1632 ἀνέθορὲ
316 1605 345 1622 τε
363 1595 410 1622 καὶ
428 1596 511 1632 ἀνέϐη
528 1597 596 1633 πρὸς
608 1596 637 1623 τὸ
655 1599 683 1624 ἐν
698 1598 805 1634 ἀρχαῖς,
822 1599 894 1634 φημί

98 1642 133 1677 δὴ
147 1641 179 1668 τὸ
196 1641 255 1676 ζῇν,
276 1642 452 1678 οἰκονομικῶς
476 1642 515 1678 τῷ
535 1643 644 1679 θανάτῳ
664 1644 696 1671 τὸ
720 1644 792 1677 δόξαι
816 1645 894 1680 νικᾷν

99 1688 220 1720 ἐπιδοὺς,
244 1688 417 1723 ἁνοιχήσεται
441 1688 562 1724 δηλονότι
583 1690 630 1717 καὶ
653 1690 721 1727 πρὸς
742 1691 773 1717 τὸ
789 1691 892 1727 ἕτερον,

99 1734 236 1766 τουτέστι,
252 1734 282 1760 τὸ
299 1735 327 1760 ἐν
343 1734 484 1770 κυριότητι
500 1738 602 1771 φυσικῇ
621 1736 759 1771 διαφανὲς,
774 1738 807 1773 τῇ
825 1738 894 1772 μετὰ

101 1781 203 1817 σαρκὸς
219 1781 359 1816 οἰκονομίᾳ
376 1782 406 1807 τὸ
422 1782 451 1807 ὲν
473 1781 562 1817 καιρῴ
583 1782 645 1815 δοὺς
663 1783 770 1819 ἰσχῦσαι
787 1784 893 1820 βραχεῖ,

100 1829 174 1855 κατά
189 1836 220 1861 γε
237 1827 286 1862 τῆς
302 1827 422 1859 δουλείας
435 1827 480 1854 τὸν
494 1828 604 1863 τρόπον.
620 1829 754 1866 Ταύτῃτοι
775 1831 823 1857 καὶ
839 1831 894 1857 ἰσο-

100 1874 184 1910 κλεὴς
205 1875 252 1901 καὶ
277 1874 422 1909 ὁμόθρονος
444 1873 481 1900 ὢν
504 1874 540 1906 ὡς
564 1875 628 1906 Υἱὸς
643 1876 741 1912 Πατρὶ,
759 1877 806 1904 καὶ
829 1877 895 1909 Θεὸς

99 1921 172 1956 Θεῷ,
192 1921 334 1956 μονονουχί
348 1921 393 1947 καὶ
413 1921 453 1952 εἰς
470 1921 556 1956 ἀρχὰς
575 1922 625 1956 τῆς
644 1921 714 1948 οὕτω
729 1924 896 1959 περιφανοῦς

100 1966 151 1994 καὶ
168 1967 353 2002 ὑπερκοσμίου
365 1966 444 2000 δόξης
455 1966 668 1998 ἁναϐιδὸιζεσθαι
678 1968 761 2002 δοκεῖ,
777 1970 896 2004 φάσκον-

99 2021 148 2044 τος
172 2013 242 2047 πρὸς
264 2012 345 2039 αὐτὸν
360 2012 405 2038 τοῦ
421 2012 488 2038 Θεοῦ
514 2013 560 2039 καὶ
582 2013 706 2049 Πατρός’
721 2025 731 2041 ‹
751 2015 842 2042 Κάθου
864 2017 896 2043 ὲκ

101 2057 199 2092 δεξιῶν
222 2067 285 2093 μου,
307 2058 359 2090 ἓως
379 2059 412 2085 ἂν
429 2058 468 2085 θῶ
476 2059 538 2090 τοὺς
558 2059 672 2094 ἐχθρούς
688 2069 734 2087 σου
751 2062 896 2089 ὑποπόδιον

100 2105 158 2132 τῶν
175 2105 264 2132 ποδῶν
280 2113 336 2132 σου.
356 2114 366 2130 ›
389 2106 421 2132 Ὃ
440 2106 494 2142 γὰρ
513 2106 546 2134 ἂν
563 2107 738 2141 ὐπθςτορὲσει
764 2108 793 2133 ἐν
812 2108 896 2144 ἑαυτῇ

101 2151 308 2183 κατευνάζουσα
323 2151 390 2187 πρὸς
408 2151 439 2178 τὺ
460 2152 586 2184 εὐπειθὲς
602 2153 618 2188 ἡ
636 2152 697 2180 θεία
710 2160 740 2179 τε
756 2154 802 2180 καὶ
815 2154 898 2186 ἀπόρ-

103 2198 187 2233 ῥητος
203 2197 293 2231 φύσις,
303 2197 378 2223 τουτὶ
388 2196 420 2232 δὴ
436 2197 545 2229 πάντως
553 2199 611 2229 τοῖς
622 2198 669 2225 τοῦ
681 2199 807 2235 Σωτῆρος
819 2199 898 2235 ἡμῶν

945 267 996 287 non
1014 259 1040 286 in
1059 258 1146 286 forma
1164 258 1234 286 servi
1248 265 1308 286 esse
1328 257 1445 285 Verbum
1463 257 1534 291 quod
1548 263 1580 283 ex
1598 255 1653 283 Deo
1671 263 1736 290 pro-

944 306 1002 339 diit,
1019 307 1067 333 sed
1083 306 1110 333 in
1131 305 1318 333 dominatione
1332 303 1450 331 naturali
1468 308 1494 330 et
1510 303 1656 330 eminentia
1675 310 1737 337 pro—

943 353 1012 388 pria,
1034 353 1134 388 quibus
1157 356 1268 388 propter
1285 350 1359 378 illam
1377 349 1404 377 in
1429 356 1478 376 nos
1496 349 1655 376 charitatem
1673 347 1737 375 reli-

942 399 1004 432 ctis,
1029 406 1125 426 servus
1150 399 1246 431 audiit,
1274 401 1304 424 ut
1331 395 1559 431 quemadmodum
1585 394 1643 430 ipse
1664 394 1736 421 ultro

943 448 1052 480 propter
1065 452 1115 472 nos
1128 451 1159 472 ea
1172 444 1255 472 subiit
1266 451 1325 478 quae
1338 446 1401 470 sunt
1418 446 1517 477 prmter
1532 446 1668 473 naturam,
1695 440 1736 467 sic

942 491 1024 518 etiam
1043 498 1092 518 nos
1113 491 1139 517 in
1161 490 1195 517 iis
1216 497 1277 525 qua:
1293 496 1374 524 supra
1392 492 1514 514 naturam
1533 491 1606 520 sunt,
1621 487 1735 514 libenter

942 543 1063 564 essemus
1086 541 1196 571 propter
1222 536 1322 571 ipsum.
1347 535 1388 562 Ad
1411 534 1587 562 inanilionem
1611 533 1683 560 enim
1706 539 1737 560 se

943 583 1063 616 demisit,
1078 591 1131 610 non
1154 583 1223 610 dans
1239 582 1381 610 inanitioni
1397 587 1426 609 ut
1442 581 1551 609 insitam
1568 584 1595 607 et
1608 580 1735 607 immuta-

942 628 1022 656 bilem
1045 629 1158 664 gloriam
1175 632 1328 664 superarct,
1349 628 1396 656 sed
1419 633 1446 655 ut
1460 627 1532 663 quod
1554 626 1676 654 intimum
1703 633 1735 653 ac

943 675 1099 709 depressum
1121 679 1174 707 est,
1198 683 1248 703 nos
1265 675 1347 710 606
1370 674 1508 706 nimirum,
1530 680 1578 708 per
1602 674 1689 707 ipsum
1707 673 1734 700 in

943 722 1026 748 altum
1048 729 1189 755 possemus
1215 721 1409 748 conscendere.
1431 720 1509 753 Quod
1524 720 1596 746 enim
1623 719 1735 746 inferius

943 773 995 800 cst,
1011 775 1182 802 nequaquam
1199 767 1253 794 vim
1269 767 1404 802 superiori
1420 767 1509 799 l'aciel,
1532 766 1586 794 imo
1603 771 1734 800 prtcstan-

945 815 1006 842 tiori
1021 819 1047 841 et
1062 813 1248 841 excellentiori
1262 813 1337 840 cedet
1354 813 1379 840 id
1393 813 1464 847 quod
1480 812 1733 846 incomparabiliter

945 859 1034 887 minus
1050 864 1100 887 est.
1124 858 1357 887 Absurdissimum
1379 864 1421 886 est
1434 858 1516 893 igitur
1535 863 1631 893 putare
1647 859 1734 893 ipsum

946 916 961 933 a
977 906 1055 933 nobis
1068 910 1191 933 coactum
1202 909 1232 932 ut
1242 905 1383 932 nobiscum
1409 909 1518 939 propter
1529 912 1579 932 nos
1595 904 1664 932 infra
1677 913 1735 932 ma-

945 957 1035 986 neret;
1049 952 1096 980 sed
1108 952 1246 987 sapienter
1257 959 1288 979 ac
1300 959 1364 979 vere
1375 951 1553 986 cogitabimus
1561 959 1593 978 ac.
1606 951 1735 982 dicemus,

944 1000 978 1026 ad
995 999 1116 1026 divinam
1137 998 1195 1034 ejus
1217 1003 1246 1026 et
1265 997 1427 1025 inetl‘abilem
1447 997 1672 1031 pulchritudinem
1691 1004 1735 1024 rc-

945 1045 1027 1072 diisse
1045 1044 1238 1076 humilitatem,
1258 1051 1385 1078 suprema
1407 1044 1490 1079 gloria
1504 1043 1615 1070 victam.
1638 1043 1736 1075 Quem-

944 1090 1088 1118 admodum
1113 1091 1185 1118 enim
1208 1090 1296 1124 ipsum
1319 1095 1433 1118 mortem
1457 1090 1604 1118 secundum
1625 1097 1735 1117 carnem

944 1137 1016 1166 ferre
1039 1138 1164 1172 contigit,
1188 1141 1300 1172 propter
1324 1143 1434 1165 carnem
1460 1136 1540 1163 morti
1563 1136 1707 1163 obnoxiam
1728 1144 1734 1162 :

944 1192 1006 1212 cum
1025 1190 1113 1212 autem
1138 1184 1193 1211 vita
1210 1184 1246 1210 sit
1263 1183 1412 1211 secundum
1435 1187 1571 1216 naturam,
1589 1182 1673 1216 ipsam
1701 1183 1734 1208 ad

944 1231 971 1258 id
986 1231 1055 1265 quod
1069 1231 1094 1258 ei
1117 1230 1281 1258 conveniens
1295 1234 1336 1257 est
1358 1229 1461 1262 retulit,
1486 1229 1552 1255 nihil
1573 1229 1599 1255 in
1625 1229 1733 1263 propria

946 1282 1042 1304 natura
1063 1284 1169 1312 passus,
1191 1277 1238 1304 sed
1261 1277 1392 1304 convulso
1416 1276 1513 1303 mortis
1536 1275 1651 1309 imperio
1674 1283 1682 1301 :
1701 1274 1736 1301 ita

947 1324 1062 1351 dicimus
1076 1324 1100 1350 ei
1118 1323 1266 1358 contigisse
1282 1327 1311 1350 ut
1326 1324 1484 1351 servitutem
1499 1322 1610 1354 subiret,
1634 1321 1737 1348 ratione

946 1369 1154 1397 incarnationis.
1185 1369 1250 1397 Cum
1270 1373 1358 1396 autem
1382 1368 1530 1396 secundum
1555 1372 1677 1394 naturam
1701 1367 1737 1395 sit

946 1415 1017 1444 Deus
1028 1424 1060 1443 ac
1069 1416 1211 1449 Dominus,
1222 1415 1293 1451 quod
1307 1420 1349 1443 est
1365 1414 1470 1442 molesti
1484 1414 1595 1446 recedit,
1608 1418 1634 1441 et
1645 1414 1737 1448 gloriae

946 1463 1095 1491 eminentia
1124 1467 1252 1497 superata
1280 1461 1421 1489 servitutis
1448 1460 1604 1496 ignobilitas
1621 1461 1734 1488 deletur.

946 1509 1040 1544 Itaque
1057 1510 1079 1537 si
1099 1509 1200 1536 mansit
1219 1509 1291 1535 inter
1311 1512 1444 1539 mortuos,
1462 1506 1610 1533 Secundum
1627 1513 1735 1533 carnem

947 1553 1085 1586 nimirum,
1102 1557 1193 1580 manet
1205 1553 1286 1580 etiam
1304 1552 1375 1579 inter
1392 1558 1495 1579 servos.
1515 1551 1562 1578 Sin
1583 1556 1672 1578 autem
1691 1559 1737 1578 εχ.-

946 1600 1046 1627 citatus
1072 1603 1123 1631 est,
1145 1606 1177 1627 ac
1202 1599 1229 1626 in
1255 1599 1399 1633 pristinum
1421 1602 1531 1630 statum,
1555 1597 1606 1625 hoc
1628 1601 1681 1630 est,
1704 1598 1737 1624 ad

947 1647 1041 1678 vitam,
1064 1646 1155 1679 rediit,
1177 1646 1283 1674 ratione
1300 1645 1496 1673 incarnationis
1520 1645 1600 1672 morti
1624 1645 1738 1673 victoria

946 1701 1087 1726 concessa,
1106 1693 1206 1721 redibit
1221 1692 1313 1727 utique
1325 1692 1407 1720 etiam
1420 1691 1453 1719 ad
1468 1691 1551 1724 aliud,
1570 1691 1622 1719 hoc
1637 1695 1688 1723 est,
1703 1691 1737 1718 ad

947 1739 1142 1766 dominationis
1161 1738 1294 1766 naturalis
1309 1738 1494 1772 splendorem,
1511 1736 1691 1765 iucarnationi
1705 1737 1738 1764 ad

946 1787 1029 1813 breve
1051 1789 1157 1820 tempus
1177 1785 1324 1812 secundum
1340 1784 1475 1811 rationem
1496 1783 1636 1811 servitutis
1651 1783 1738 1818 palma

948 1832 1058 1859 tributa.
1077 1831 1248 1866 Proindeque
1259 1838 1319 1858 cum
1333 1830 1430 1865 aequali
1446 1830 1531 1863 gloria
1546 1830 1676 1864 praeditus
1692 1830 1738 1862 sit,

947 1878 1098 1912 eodemque
1115 1877 1142 1904 in
1160 1877 1227 1904 solio
1240 1877 1334 1904 sedeat
1349 1884 1409 1903 cum
1428 1876 1507 1903 Patro
1528 1875 1624 1904 Filius.
1640 1881 1666 1902 et
1678 1883 1739 1903 cum

948 1923 1003 1952 Deo
1025 1923 1108 1956 Deus,
1135 1927 1224 1950 tamen
1245 1923 1278 1949 ad
1307 1921 1468 1957 principium
1496 1927 1550 1948 tant
1575 1921 1687 1949 illustris
1709 1930 1740 1948 ac

947 1969 1174 2006 supramundanre
1185 1968 1277 2004 gloriae
1287 1967 1481 2002 propemodum
1490 1967 1596 1994 videtur
1605 1975 1700 1994 revoca
1706 1969 1739 1999 ri,

948 2019 1055 2045 dicente
1076 2016 1100 2044 ei
1128 2015 1183 2042 Deo
1206 2022 1238 2042 ac
1260 2013 1363 2041 Patre:
1381 2021 1390 2039 α
1407 2013 1478 2040 Sede
1499 2020 1515 2040 a
1534 2012 1637 2040 dextris
1661 2013 1739 2045 meis,

948 2064 1036 2092 donec
1050 2069 1147 2098 ponam
1162 2061 1288 2088 inimicos
1303 2065 1363 2087 tuos
1384 2059 1544 2087 scabellum-
1559 2059 1656 2094 pedum
1678 2063 1740 2086 tuo-

949 2117 1008 2138 rum
1030 2109 1064 2136 “.
1081 2117 1090 2134 ι
1117 2107 1304 2142 Quodcunque
1327 2106 1399 2133 cnim
1429 2105 1481 2133 sibi
1507 2105 1687 2132 substraverit
1709 2113 1742 2132 ac

949 2154 1095 2189 subjecerit
1119 2154 1146 2180 in
1172 2160 1201 2180 se
1223 2153 1417 2187 compiiescens
1439 2151 1530 2179 divina
1556 2155 1582 2178 et
1598 2150 1742 2178 inetiahilis

949 2205 1057 2234 natura,
1077 2199 1128 2228 hoc
1145 2200 1239 2234 utique
1257 2197 1406 2226 Salvatoris
1424 2197 1509 2224 nostri
1528 2197 1672 2231 subjicitur
1693 2204 1741 2230 pe-

103 2243 273 2278 ὗποφέρεται
300 2244 399 2276 ποσὶν,
424 2244 475 2270 οὐκ
500 2244 677 2279 ἀνθρωπίνως
701 2246 894 2280 ὲνηργηκότος,

949 2248 1047 2279 dibus.
1070 2255 1123 2274 non
1147 2246 1218 2282 quod
1245 2245 1402 2273 humanitus
1428 2248 1556 2277 operatus
1579 2247 1631 2276 est,
1654 2251 1741 2277 neque

102 2289 164 2316 οὐδὲ
191 2289 294 2316 ὲπείτοι
318 2289 414 2324 γέγονε
439 2289 521 2325 σὰρξ,
543 2290 587 2317 διὰ
603 2290 682 2317 τοῦτο
707 2293 818 2327 κρατεῖν
844 2291 898 2318 τῶν

102 2335 295 2370 amem/mw
313 2336 460 2371 ἰσχύοντος,
485 2336 542 2363 ἀλλ’
555 2337 596 2363 ὅτι
619 2337 671 2372 τῆς
690 2338 899 2373 ἁνθρωπότητος

103 2381 135 2408 τὺ
151 2382 361 2417 σμικροπρεπὲς
374 2383 414 2414 εἰς
428 2383 458 2408 τὸ
471 2383 520 2418 τῆς
536 2383 666 2410 ἀνωτάτω
681 2384 726 2410 καὶ
743 2384 899 2420 ὑπερτάτης

104 2428 213 2464 φύσεως
225 2428 336 2460 ἀναθεὶς
351 2428 470 2464 ἀξίωμα,
492 2429 539 2456 καὶ
559 2431 614 2462 τοῖς
630 2430 680 2465 τῆς
702 2430 828 2466 θεότητος
848 2431 899 2458 θώ-

104 2484 163 2507 κοις
169 2474 313 2510 ὲνιδρύσας
322 2475 428 2508 ἑαυτὸν,
435 2476 482 2503 καὶ
493 2476 561 2510 μετὰ
571 2477 671 2512 σαρκὸς
678 2479 692 2503 ὁ
699 2477 844 2514 μονογενὴς
851 2478 897 2505 τοῦ

104 2521 172 2548 Geo-3
188 2522 276 2555 Λόγος
294 2522 504 2557 κατακυριεύσει
516 2523 571 2550 τῶν
583 2523 653 2550 ὅλων
667 2524 697 2550 οὺ
710 2524 770 2559 δίχα
781 2525 896 2561 Πατρός.

107 2568 140 2593 Ὂ
165 2567 222 2602 γὰρ
248 2566 281 2594 ἂν
302 2567 388 2603 δρῷτο
407 2567 482 2604 παρὰ
505 2568 620 2603 Πατρὺς,
637 2569 716 2595 τοῦτο
737 2569 768 2605 δὴ
789 2570 898 2602 πάντως

103 2613 179 2639 ἐστὶν
196 2612 336 2648 ἐνέργημα
348 2612 396 2640 τοῦ
412 2613 479 2640 Υἱοῦ
490 2621 498 2630 ⁸
515 2614 562 2641 καὶ
577 2613 645 2649 ὅπερ
659 2614 692 2640 Ξιν
715 2614 818 2649 λέγοιτο
841 2615 898 2641 δια-

104 2658 284 2695 περαίνεσθαι
300 2659 334 2685 δι’
351 2658 428 2691 Υἱοῦ,
452 2659 531 2687 τοῦτο
545 2659 576 2695 δὴ
597 2660 705 2692 πάντως
721 2660 779 2687 ἐστὶ
803 2661 901 2696 κατόρ-

104 2705 185 2740 θωμα
204 2704 254 2731 τοῦ
274 2705 391 2740 Πατρός.
418 2705 512 2732 Πάντα
536 2705 589 2741 γὰρ
613 2706 645 2732 δι’
664 2706 764 2742 ἀμφοῖν
788 2707 816 2733 ἐν
840 2707 899 2742 ἴσῳ,

104 2751 284 2786 ἐνεργοῦντος
298 2751 347 2786 μὲν
360 2751 406 2778 τοῦ
421 2752 538 2788 Πατρὸς,
554 2752 661 2787 ἔχοντος
677 2753 706 2780 δὲ
720 2753 752 2780 δι’
769 2753 834 2780 Υἱοῦ
854 2755 901 2780 καὶ

104 2799 152 2826 σὺν
165 2797 245 2832 αὐτῷ
264 2798 293 2824 ἐν
309 2797 448 2833 Πνεύματι
474 2798 523 2834 τὴν
539 2799 582 2833 ἐφ’
597 2800 650 2834 ὅτῳ
662 2797 708 2827 οὖν
721 2800 774 2826 τῶν
795 2800 902 2837 δρωμέ-

104 2852 156 2872 νων
172 2842 316 2880 ἐνέργειάν
332 2851 361 2869 τε
378 2844 425 2870 καὶ
440 2843 561 2879 θέλησιν.

137 2903 158 2919 ἰ
176 2902 251 2930 Psnl.
265 2910 322 2932 cn.
341 2902 365 2933 Ι,
378 2903 405 2929 9..

231 2950 372 2981 PA'ntOL.
396 2949 455 2979 Gn.
476 2948 600 2980 LXXV,

950 2299 1092 2329 propterea
1112 2293 1183 2328 quod
1206 2299 1270 2319 caro
1288 2291 1374 2319 factus
1394 2294 1446 2323 est,
1469 2290 1572 2318 idcirco
1588 2291 1741 2318 incredulos

949 2341 1060 2368 vincere
1081 2340 1180 2374 possit,
1195 2341 1242 2367 sed
1258 2338 1386 2374 quoniam
1412 2337 1590 2365 humanitatis
1609 2337 1740 2365 vilitatem

951 2385 982 2412 ad
1006 2392 1139 2420 supremae
1162 2388 1189 2411 et
1210 2384 1349 2411 altissimae
1367 2387 1469 2410 natura!
1491 2383 1650 2417 dignitatem
1670 2384 1742 2411 rele-

951 2439 1025 2463 rens,
1049 2434 1077 2457 et
1095 2429 1122 2456 in
1141 2429 1249 2457 deitatis
1267 2430 1335 2456 solio
1356 2430 1473 2464 seipsum
1490 2429 1637 2462 collocans,
1661 2430 1741 2457 etiam

951 2484 1012 2505 cttm
1035 2483 1116 2503 carne
1141 2475 1309 2509 unigenitum
1338 2476 1385 2503 Dei
1413 2475 1530 2503 Verbum
1558 2475 1672 2511 imperio
1695 2484 1743 2503 suo

952 2526 1049 2551 cuncta
1073 2522 1245 2555 subiecturus
1262 2521 1298 2548 sit
1319 2529 1372 2548 nou
1392 2522 1451 2549 sine
1471 2521 1564 2549 Patre.
1583 2522 1658 2555 Quod
1671 2514 1753 2550 enimi

953 2569 982 2596 ﬁt
993 2576 1007 2595 a
1019 2567 1112 2600 Patre,
1127 2567 1177 2594 hoc
1189 2567 1282 2601 utique
1297 2571 1338 2594 est
1349 2574 1416 2601 opus
1429 2567 1506 2602 Filii;
1520 2573 1547 2595 et
1562 2569 1633 2603 quod
1650 2567 1743 2603 perﬁci

951 2615 1051 2642 dicitur
1067 2621 1115 2648 per
1140 2612 1249 2644 Filium,
1274 2612 1326 2639 hoc
1348 2613 1426 2646 plane
1452 2618 1494 2641 est
1518 2614 1608 2642 Patris
1630 2614 1742 2641 factum.

954 2661 1050 2688 Omnia
1066 2661 1136 2688 enim
1155 2666 1203 2695 per
1217 2663 1361 2692 utrumque
1373 2659 1514 2692 mqualiter
1528 2660 1603 2694 ﬁunt,
1616 2665 1743 2695 operante

953 2708 1063 2742 quidem
1079 2705 1171 2737 Patre,
1188 2696 1235 2732 sed
1250 2704 1367 2732 habente
1379 2712 1426 2738 per
1440 2704 1548 2735 Filium,
1565 2710 1592 2732 et
1605 2713 1666 2732 eum
1687 2706 1744 2740 ipso

952 2754 979 2781 in
1003 2753 1085 2789 607
1103 2752 1216 2787 Spiritu.
1242 2751 1268 2778 in
1290 2757 1451 2785 unoquoque
1470 2757 1565 2778 eorum
1583 2758 1643 2786 qua:
1666 2752 1742 2785 lium,

952 2801 1138 2836 operationem
1153 2804 1179 2827 et
1194 2798 1369 2826 voluntatem.

1509 2946 1548 2977 33
