1937 3036
107 177 179 205 1057

643 177 687 204 DE
708 176 758 204 SS.
780 175 966 204 TBINITATE
987 176 1160 205 DIALOGUS
1178 177 1222 204 VI.

1665 179 1735 208 I053

104 236 209 272 λήὸδην
230 237 327 270 είπεῖν,
352 237 464 273 οὐρανός
485 247 514 265 τε
541 237 588 264 καὶ
612 238 646 273 γῆ
666 238 712 264 καὶ
739 238 773 264 τὰ
793 239 821 265 ἐν
840 239 893 272 ἀμ-

949 238 1029 265 verbo
1049 238 1180 270 dicamus.
1194 238 1347 273 cmlumque
1361 246 1390 266 ac
1405 243 1545 272 terram,et
1559 246 1618 273 quae
1633 240 1733 267 utrius-

105 282 180 315 φοῖν.

141 327 174 354 Β.
196 328 316 362 Ἔγωγε.

141 373 175 399 Δ.
195 373 302 400 Οὐκοῦν
321 374 350 401 ἐν
367 374 416 409 ἴσῳ
438 374 487 409 μὲν
510 374 604 410 τρόπῳ
620 374 667 401 τοῦ
688 375 755 402 Θεοῦ
778 377 823 402 καὶ
840 376 895 402 Πα-

107 418 172 454 τρὶς
187 418 241 445 εἷεν
256 419 288 446 ἂν
311 421 335 446 ol
350 421 399 456 τὴν
424 420 563 456 μακαρίαν
585 421 641 448 ἄνω
656 421 794 457 τρίϐοντες
811 422 893 457 ζωὴν,

103 463 218 498 ἄγγελοί
235 474 263 491 τε
279 465 326 491 καὶ
349 466 524 501 ἁρχὰγγελοι,
539 466 587 493 καὶ
610 467 637 493 εἴ
657 475 683 493 τι
705 467 808 493 τούτων
830 467 895 493 ἐπέ-

104 518 184 536 κεινα
195 519 202 527 ·
219 510 274 537 εἷεν
286 512 308 538 δ’
323 511 355 538 ἂν
372 513 420 538 καὶ
433 512 515 539 αὐτοῦ
530 512 577 539 τοῦ
591 513 666 541 Υίοῦ.
683 513 764 540 Τουτὶ
788 513 816 540 δὲ
830 514 894 540 αὐτὸ

105 555 153 580 καὶ
175 557 240 591 περὶ
252 556 306 583 τῶν
320 557 367 583 ἐπὶ
384 558 434 592 γῆς
455 558 493 589 ὡς
513 556 542 585 εὖ
560 558 614 585 ἴσθι
628 567 669 585 τοι
684 559 835 595 φρονοῦντά
849 567 892 595 με.

142 601 175 628 Β.
198 602 286 638 Ἔφης
306 602 355 638 μὲν
369 603 466 638 ὀρθῶς.
481 604 556 638 Πλὴν
572 605 595 630 εὶ
616 605 707 632 ἕποιτο
730 606 786 637 τοῖς
807 604 894 638 λόγοις

102 645 174 682 ἡμῖν
188 648 205 684 ἡ
221 649 264 683 ἐφ’
280 649 387 684 ἑκάστῳ
403 650 504 683 πίστις,
522 649 612 686 δρῴης
626 650 659 677 ἂν
675 650 713 682 ὼς
731 650 830 686 ἄριστά
850 659 891 684 γε.

149 737 182 762 Δ.
198 736 303 763 Οὐκοῦν
327 737 341 763 ὁ
367 737 417 770 μὲν
442 737 584 769 θεσπέσιος
608 737 744 772 Μελῳδδς,
772 747 782 764 ί
809 738 893 765 Εὐλο-

102 783 193 815 γεῖτε,
209 782 284 817 φησι,
300 782 345 808 τὸν
360 782 473 818 Κύριον,
501 783 599 815 πάντες
619 784 644 810 ol
667 783 778 818 ἄγγελοι
799 785 892 816 αὑτοῦ,

101 824 258 863 λειτουργοὶ
274 828 355 855 αὑτοῦ
372 830 396 855 ei.
409 828 546 860 ποιοῦντες
569 829 599 855 τὸ
621 829 725 864 θέλημα
749 829 831 856 αὐτοῦ
844 838 851 846 ·
881 839 891 856 ι

101 875 138 915 τῇ
161 873 209 900 τοῦ
225 873 330 910 Πατρός
349 875 459 910 ἐξουσίᾳ
479 875 640 910 προσνέμων
659 875 708 910 τὴν
734 875 814 909 ἁγίαν
839 875 894 901 τῶν

946 291 999 318 que
1016 285 1116 311 ambitu
1129 285 1313 312 continentur.

980 329 1012 357 Β.
1029 329 1146 357 Fatebor
1158 330 1292 364 equidem.

981 375 1014 402 A.
1031 374 1125 410 Itaque
1137 375 1232 403 eodem
1251 375 1332 402 modo
1347 380 1428 402 erunt
1443 375 1489 402 Dei
1509 383 1540 403 ac
1555 375 1655 408 Patris,
1686 375 1733 410 qtti

945 421 1050 446 beatam
1064 419 1088 446 in
1102 419 1171 447 cce'lo
1183 419 1265 446 vitam
1282 420 1391 454 degunt,
1407 421 1504 454 angeli,
1526 425 1553 447 et
1584 421 1735 454 areliange~

946 464 974 494 Ii,
990 469 1017 490 et
1034 464 1129 499 siquid
1141 465 1208 491 ultra
1234 465 1282 493 hos
1307 469 1360 493 est.
1389 465 1475 492 Erunt
1502 471 1591 493 autent
1606 471 1632 492 ct
1650 466 1733 500 ipsius

945 509 1016 537 Filii.
1030 510 1146 545 Idipsum
1163 517 1227 537 vero
1241 511 1322 538 etiam
1340 511 1409 538 nosti
1425 518 1467 538 me
1483 512 1584 539 sentire
1599 511 1632 538 de
1645 511 1732 538 homi-

945 555 1032 582 nibus.

980 599 1010 627 Β.
1025 600 1108 628 Recte
1120 602 1230 636 quidem
1245 603 1348 631 dixisti.
1358 604 1549 631 Verumtamen
1568 605 1589 631 si
1614 611 1674 638 qua:
1693 603 1733 630 tli-

945 647 1032 674 cimus
1059 647 1197 682 sigillatim
1230 649 1403 684 probaveris,
1431 650 1562 684 praeclare
1587 650 1730 677 admodum

945 693 1038 721 facies.

980 738 1011 766 Α.
1022 739 1105 773 Igitur
1118 739 1211 767 beatus
1226 740 1328 770 Psalles
1343 752 1350 769 :
1368 751 1377 768 ι
1391 743 1553 777 Benedicite,
1566 744 1662 780 inquit,
1678 746 1732 773 Do-

945 785 1027 817 mino,
1038 793 1131 812 omnes
1148 787 1234 820 angeli
1255 787 1326 821 ejus,”
1351 789 1468 816 ministri
1496 789 1565 824 ejus,
1581 792 1627 826 qui
1644 791 1731 818 facitis

945 829 1111 858 voluntatem
1123 831 1180 865 ejus
1192 833 1226 864 ⁹⁶,
1244 842 1253 859 t
1267 833 1356 860 Patris
1371 835 1497 868 potestati
1531 837 1652 864 tribuens
1667 844 1731 864 eam

944 879 1016 902 ctam
1028 876 1099 903 illam
1127 877 1246 904 cmlitum
1276 878 1487 906 multitudinem.
1508 879 1606 907 Filium
1639 886 1729 908 autem

103 920 163 946 ἄνω
190 919 303 955 πληθύν.
328 921 389 947 ’Ὁτι
406 921 434 947 δὲ
450 921 509 955 ἥξει
534 921 627 956 κριτὴς
651 920 722 947 κατὰ
747 921 859 956 καιροὺς
879 922 893 948 ὁ

949 921 1212 957 aliquandojudicem
1225 928 1369 951 venturum
1387 925 1583 958 praenuntians,
1599 926 1656 960 ipse
1672 927 1727 954 ait:

103 964 171 996 Tib;
186 965 422 1001 προκαταμηνύων
442 966 526 1001 φησὶν
546 965 642 997 αὐτός’
660 975 669 991 ‹
690 965 788 992 Μέλλει
810 965 864 1002 γὰρ
879 966 893 992 ὁ

104 1009 172 1041 Υίδς
186 1009 233 1036 τοῦ
248 1009 392 1044 ἀνθρώπου
409 1010 537 1045 ἔρχεσθαι
557 1011 586 1037 ὲν
602 1012 636 1045 τῇ
649 1010 711 1046 δόξῃ
725 1010 772 1037 τοῦ
788 1011 892 1046 Πατρός

103 1054 201 1087 αὑτοῦ,
217 1055 286 1090 μετὰ
300 1055 353 1082 τῶν
365 1056 451 1090 ἁγίων
461 1056 586 1090 ἀγγέλων
601 1055 694 1082 αὑτοῦ.
713 1065 722 1082 ι
734 1056 811 1090 Ἥξει
827 1057 892 1092 γὰρ,

102 1099 167 1134 ἥξει
182 1100 254 1126 κατὰ
268 1101 390 1136 καιροὺς,
405 1100 552 1128 ἀποδώσων
568 1101 676 1137 ἑκάστῳ
689 1101 799 1128 κατὰτὸ
814 1102 893 1137 ἔργον

102 1145 188 1172 αὑτοῦ
203 1155 210 1161 ·
231 1146 299 1182 πλὴν
314 1147 364 1173 οὐκ
379 1147 492 1178 ὀθνείοις
506 1147 587 1173 αὑτὸν
604 1146 769 1183 λειτουργοῖς
780 1148 894 1183 ἐπικομ-

103 1191 204 1218 πάσειν
225 1200 254 1218 τε
275 1193 322 1219 καὶ
345 1192 551 1228 ἐναϐρυνεῖσθαι
576 1201 676 1228 φαμεν,
697 1193 764 1220 ἀλλὰ
781 1194 840 1225 ταῖς
864 1194 893 1228 ἐξ

103 1236 232 1271 ἀγγέλων
258 1237 431 1274 δορυφορίαις
461 1238 498 1270 ὡς
525 1238 605 1271 ἰδίαις
630 1238 715 1270 ὄντως
743 1239 893 1275 ὑπηρετού-

103 1291 199 1318 μενον.

140 1329 172 1356 Β,
193 1329 229 1356 Σύ
234 1338 290 1365 μφη
296 1339 335 1364 μι.

138 1375 174 1402 Δ.
201 1375 416 1411 Ἀναμέλποντος
430 1377 458 1404 δὲ
472 1375 507 1404 αὖ
521 1377 567 1404 τοῦ
581 1378 725 1405 θεσπεσίου
741 1374 833 1411 Δαὸὶὸ,
851 1379 894 1406 λέ-

101 1420 200 1455 γοντός
213 1430 243 1447 τε
260 1422 324 1458 περὶ
336 1422 383 1449 τοῦ
398 1423 465 1450 Θεοῦ
482 1423 527 1450 καὶ
546 1423 663 1459 Πατρός·
680 1423 791 1457 ιΔεῦτε,
810 1433 894 1461 προσ-

103 1468 267 1502 κυνήσωμεν
281 1467 328 1495 καὶ
351 1469 550 1504 προσπέσωμεν
566 1469 651 1505 αὐτῷ,
669 1470 715 1496 καὶ
732 1470 894 1506 κλαύσωμεν

102 1513 222 1540 ἐνώπιον
246 1514 349 1549 Κυρίου
377 1515 424 1542 τοῦ
453 1516 616 1551 ποιήσαντος
640 1517 724 1552 ἡμᾶς,
750 1517 791 1544 ὅτι
814 1517 894 1549 αὑτός

103 1561 181 1587 ἐστιν
195 1560 209 1586 ὁ
223 1560 288 1592 Θεὸς
301 1561 390 1596 ἡμῶν,
407 1562 453 1588 καὶ
469 1562 548 1597 ἡμεῖς
562 1562 625 1594 λαὸς
640 1563 724 1598 νομῆς
737 1563 831 1595 αὑτοῦ,
846 1563 893 1590 καὶ

948 977 958 993 ι
975 967 1058 996 Filius
1075 969 1147 996 enim
1161 969 1277 996 hominis
1294 975 1425 998 venturus
1440 976 1481 998 est
1499 972 1525 998 in
1540 972 1624 1006 gloria
1638 973 1729 1000 Patris

944 1013 985 1041 sui
999 1020 1060 1041 cum
1079 1016 1180 1043 sanctis
1193 1016 1295 1050 angelis
1307 1016 1404 1044 suis".
1417 1026 1426 1042 ι
1440 1016 1533 1044 Veniet
1543 1017 1627 1050 enim,
1642 1018 1730 1046 veniet

945 1059 1090 1094 aliquando
1123 1062 1278 1090 redditurus
1312 1063 1457 1098 unicuique
1492 1064 1639 1091 secundum
1664 1072 1731 1099 opus

945 1112 1034 1132 suum.
1061 1106 1196 1135 Caeterum
1222 1116 1275 1136 non
1303 1109 1399 1136 alienis
1419 1109 1504 1144 ipsum
1527 1109 1657 1137 ministris
1673 1110 1734 1144 ειη-

945 1150 1077 1178 riaturunt
1103 1153 1230 1187 dicimus,
1248 1154 1294 1182 sed
1318 1153 1474 1190 angelorum
1498 1155 1625 1182 satellitio
1653 1159 1729 1189 utpo-

944 1200 971 1224 te
982 1204 1031 1225 suo
1042 1204 1134 1226 revera
1148 1199 1286 1234 stipatum.

979 1330 1010 1359 Β.
1025 1331 1173 1358 Assentior.

979 1378 1013 1403 A.
1028 1376 1132 1403 Rursus
1151 1382 1242 1403 autem
1269 1383 1330 1403 cum
1344 1376 1450 1403 divinus
1461 1375 1545 1403 David
1556 1375 1631 1404 cauit
1654 1380 1682 1404 et
1695 1375 1730 1403 de

944 1421 999 1450 Deo
1009 1428 1040 1448 ac
1057 1421 1137 1448 Patre
1152 1421 1217 1448 dicit
1231 1429 1237 1447 :
1257 1429 1266 1446 ι
1280 1421 1386 1454 Venite,
1398 1421 1552 1454 adoremus,
1566 1424 1594 1449 et
1604 1421 1728 1456 procida-

944 1474 1005 1494 mus
1016 1473 1078 1495 ante
1091 1474 1163 1500 eum,
1178 1471 1205 1494 et
1219 1467 1354 1502 ploremus
1363 1470 1424 1494 ante
1441 1467 1596 1500 Dominum,
1617 1467 1663 1502 qui
1689 1467 1729 1494 fe-

945 1515 983 1541 cit
998 1514 1135 1548 nos;qui:t
1149 1514 1206 1549 ipse
1220 1519 1262 1542 est
1273 1513 1401 1541 Dominus
1410 1513 1481 1541 Deus
1497 1519 1600 1547 noster,
1613 1521 1663 1541 nos
1680 1522 1728 1541 au-

945 1564 997 1588 tem
1010 1560 1124 1595 populus
1139 1568 1245 1594 pascute
1271 1560 1341 1593 ejus,
1363 1564 1390 1588 et
1401 1566 1466 1588 oves
1481 1567 1576 1588 manus
1590 1560 1650 1595 ejus
1662 1560 1696 1592 ",
1716 1569 1728 1585 ο

104 1606 233 1641 πρόϐατα
249 1607 339 1642 χειρὸς
351 1608 443 1635 αὐτοῦ·
465 1618 474 1634 t
496 1609 545 1640 τὰς
564 1609 592 1635 ὲν
606 1609 674 1644 τῷδε
690 1609 729 1645 τῷ
743 1610 837 1645 κόσμῳ
849 1609 893 1636 λο-

949 1611 1011 1631 oves
1033 1604 1114 1639 hujus
1127 1604 1218 1631 nmndi
1241 1605 1345 1631 ratione
1375 1605 1501 1639 prmditas
1522 1612 1586 1632 suas
1601 1612 1662 1632 esse
1694 1605 1731 1632 ait

103 1654 188 1687 γικὰς
202 1654 303 1688 ἀγέλας
323 1655 391 1686 ἰδίας
410 1652 479 1682 εἶναί
503 1663 585 1690 φησιν
600 1656 614 1682 ό
629 1656 704 1688 Υἱὸς,
725 1657 770 1683 ὁτὲ
787 1657 836 1692 μὲν
850 1657 894 1683 λέ-

103 1707 163 1733 γων
188 1699 277 1735 Πατρὶ
300 1699 354 1726 τῶν
377 1700 407 1732 ἐξ
435 1700 542 1736 Ἰσραὴλ
567 1702 804 1729 πεπιστευκότων·
825 1711 835 1728 ε
855 1702 894 1729 Τὰ

104 1745 231 1780 πρόὸατα
245 1745 279 1772 τὰ
294 1745 348 1780 ἐμὰ
363 1746 413 1780 τῆς
428 1747 519 1781 φωνῆς
537 1756 587 1782 μου
605 1747 711 1774 ἀκούει·
733 1757 742 1773 ι
763 1748 806 1774 ὁτὲ
818 1747 846 1774 δὲ
860 1745 893 1775 αὖ

105 1791 154 1817 καὶ
179 1790 245 1825 περὶ
267 1790 320 1817 τῶν
346 1790 422 1817 οὔπω
449 1792 671 1819 πεπιστευκότων
689 1801 694 1808 ·
714 1802 724 1818 ‹
753 1793 809 1819 Καὶ
827 1792 894 1820 ἄλλα

104 1834 231 1868 πρόϐατα
253 1834 316 1870 ἔχω,
333 1835 351 1862 ἃ
366 1835 415 1862 οὐκ
436 1835 509 1862 ἐστιν
530 1837 562 1862 ὲκ
575 1836 627 1871 τῆς
641 1837 725 1872 αὐλῆς
745 1837 856 1872 ταύτης,
881 1846 891 1864 ι

104 1880 212 1907 Οὐκοῦν
233 1881 264 1907 ἐκ
281 1881 383 1916 μυρίων
398 1882 467 1908 ὅσων
483 1883 547 1917 ἡμῖν
561 1883 700 1915 ἀποδεῖξαι
714 1884 787 1918 ῥᾷον,
803 1883 839 1915 ὡς
853 1883 895 1910 δε-

103 1925 234 1958 δοξάσθαι
253 1926 360 1960 λέγεται
375 1927 450 1962 παρὰ
472 1927 518 1954 τοῦ
534 1928 640 1963 Πατρός
656 1928 699 1955 διὰ
713 1929 743 1954 τὸ
757 1928 894 1963 ἀνθρώπι-

104 1980 151 1998 νον
164 1973 178 1998 ὁ
190 1972 263 2004 Υἱὸς,
281 1972 369 1998 καίτοι
388 1974 437 2008 τῆς
451 1972 530 2007 δόξης
545 1972 646 2008 Κύριος
659 1971 706 2005 ὣν,
724 1973 850 2008 σύνεδρός
864 1982 894 2000 τε

104 2018 161 2050 ἀεὶ,
179 2019 225 2045 καὶ
242 2018 386 2054 ὀμόορονος
401 2018 440 2053 τῷ
462 2019 557 2054 Πατρί.
582 2019 631 2053 Είη
653 2018 675 2045 δ’
696 2019 728 2046 ἂν
751 2020 797 2046 καὶ
823 2020 894 2055 μάλα

104 2063 219 2094 εἰκότως
243 2063 437 2098 δυσδιάφυκτος
460 2064 476 2097 ή
502 2063 605 2098 γραφὴ,
628 2063 675 2088 καὶ
697 2063 894 2090 δυσαπόνιπτον

103 2107 212 2145 αἶσχος,
231 2111 288 2142 τοῖς
311 2110 432 2145 ἐπακτὴν
458 2109 532 2145 αὖτῷ
557 2111 718 2146 περιτιοεῖσι
740 2110 788 2145 τὴν
804 2110 893 2143 δόξαν,

104 2155 153 2181 καὶ
175 2155 361 2190 εἰσκεκρίσείαι
378 2154 487 2188 λέγουσι
505 2155 535 2181 τὸ
556 2155 626 2182 κατὰ
652 2155 758 2182 πάντων
782 2155 892 2190 κράτος.

141 2201 173 2227 Β.
194 2199 309 2232 Οὐκοῦν,
347 2200 370 2226 εἰ
394 2199 432 2235 μὴ
461 2200 587 2235 Οὐραθεν,
610 2201 677 2236 μήτε
699 2201 753 2236 μὴν
780 2200 893 2226 εἰσδεδε-

946 1651 1040 1685 Filius,
1060 1652 1193 1679 interdum
1216 1651 1288 1678 Patri
1322 1652 1425 1685 dicens,
1460 1659 1520 1678 curn
1552 1651 1731 1691 credidissent

945 1697 1095 1725 Israelitae:
1113 1707 1122 1724 ‹
1137 1698 1208 1725 Oves
1226 1705 1292 1725 mem
1304 1705 1396 1725 vocem
1426 1705 1513 1724 meam
1533 1697 1646 1724 audiunt
1659 1697 1700 1730 ¹⁸;
1719 1707 1729 1722 ι

946 1743 1082 1770 interdum
1101 1751 1167 1770 vero
1192 1750 1286 1770 rursus
1315 1750 1423 1777 quoque
1449 1743 1482 1769 de
1497 1743 1530 1770 iis
1548 1743 1593 1777 qui
1611 1742 1730 1770 nondum

945 1790 1136 1818 crediderant:
1156 1798 1166 1815 ι
1183 1789 1217 1816 Et
1227 1790 1294 1816 alias
1312 1797 1376 1817 Oves
1399 1789 1495 1820 habeo,
1523 1796 1584 1823 quae
1595 1796 1647 1816 non
1667 1793 1732 1816 sunt

945 1844 978 1864 ex
993 1837 1043 1864 hoc
1053 1836 1117 1863 ovili
1131 1836 1164 1863 ¹⁹.
1180 1845 1190 1862 ι
1209 1835 1292 1870 Igitur
1307 1836 1456 1862 innumeris
1468 1843 1500 1862 ex
1516 1835 1670 1862 locislaeile
1682 1843 1731 1862 no-

945 1883 1034 1910 bisest
1047 1882 1162 1917 probare
1184 1881 1280 1908 Filium
1311 1881 1363 1908 diei
1391 1889 1406 1908 a
1441 1881 1522 1908 Patre
1536 1882 1729 1916 gloriﬁcattnu.

945 1933 1055 1963 propter
1069 1927 1275 1959 humanitatem,
1292 1927 1353 1953 licet
1364 1927 1457 1961 gloria:
1487 1927 1522 1954 sit
1547 1927 1677 1956 Dominus
1704 1933 1731 1955 et

945 1974 972 2000 in
984 1973 1076 2001 eodem
1091 1973 1158 2001 solio
1171 1980 1203 1999 ac
1213 1973 1311 2000 throno
1323 1980 1382 1999 cum
1401 1972 1479 1999 Patre
1501 1973 1604 2001 sedeat.
1621 1973 1729 2001 Crimen

945 2024 1097 2046 autemnon
1116 2018 1255 2053 effugient,
1273 2025 1305 2045 ac
1321 2018 1408 2044 labem
1434 2026 1486 2044 nott
1517 2018 1595 2046 facile
1625 2019 1730 2047 abster-

946 2069 1018 2100 gent,
1036 2065 1118 2100 609
1131 2064 1176 2098 qui
1201 2064 1345 2091 ascititiam
1358 2063 1382 2090 ei
1399 2063 1511 2098 gloriam
1538 2065 1667 2100 tribuunt,
1697 2074 1730 2094 ac

946 2117 1107 2146 potestatem
1124 2111 1149 2138 in
1166 2115 1263 2138 cuncta
1279 2110 1386 2137 aliunde
1397 2110 1510 2137 ascitaut
1526 2110 1628 2138 dicunt.

981 2201 1011 2228 Β.
1026 2201 1119 2236 Igitur,
1134 2200 1183 2227 nisi
1198 2199 1367 2227 extrinsecus
1383 2203 1410 2226 et
1425 2199 1533 2226 aliunde
1546 2200 1630 2227 ascita
1645 2205 1686 2228 est
1701 2202 1725 2228 ei

101 2247 206 2281 γριένον
231 2246 305 2281 αὐτῷ
327 2246 358 2272 τὺ
381 2246 451 2273 κατὰ
471 2246 578 2273 πάντων
598 2247 708 2282 κράτος,
723 2246 781 2273 ἀλλ’
803 2247 890 2281 ἐμπέ-

949 2250 972 2276 iu
988 2252 1085 2275 cuncta
1115 2251 1246 2281 potestas,
1262 2245 1308 2273 sed
1337 2246 1553 2273 substantialller
1579 2251 1620 2274 est
1637 2247 1729 2279 insita.

105 2301 193 2328 φυκεν
216 2292 360 2324 οὗσιωδῶς,
381 2292 430 2318 οὐκ
449 2291 482 2318 ἂν
506 2292 592 2327 ἔχοιμι
611 2293 713 2328 φράσαι
741 2292 766 2318 τί
786 2292 817 2327 δὴ
838 2292 892 2327 ἄρα

105 2340 153 2366 καὶ
169 2338 264 2374 μαθὼν
278 2339 292 2364 ό
306 2338 450 2369 θεσπέσιος
466 2338 580 2370 Παῦλος,
602 2338 762 2371 καταλήξειν
777 2339 841 2365 ποτε
859 2339 893 2365 τὰ

103 2385 156 2420 τῆς
177 2384 315 2420 βασιλείας
336 2384 410 2419 αὖτῷ
431 2385 627 2420 διισχυρίσατο,
643 2384 740 2418 λέγων’
765 2384 893 2419 (Ὥσπερ

104 2430 159 2465 γὰρ
170 2430 199 2456 ἐν
213 2429 252 2464 τῷ
273 2429 356 2465 Ἀδὰμ
367 2430 464 2461 πάντες
480 2430 704 2465 ἀποθνήσκουσιν.
718 2429 788 2456 οὕτω
804 2430 850 2456 καὶ
866 2430 894 2456 ἐν

104 2475 144 2510 τῷ
159 2474 270 2511 Χριστῷ
281 2475 379 2507 πάντες
397 2475 653 2510 ζωοποιηθήσονται.
680 2475 813 2505 Ἕκαστος
823 2475 851 2501 δὲ
866 2476 894 2501 ὲν

104 2521 143 2556 τῷ
166 2521 225 2555 ἰδίῳ
246 2521 385 2556 τάγματι·
404 2521 514 2557 ἀπαρχὴ
533 2521 657 2556 Χριστὸς,
689 2520 783 2547 ἔπειτα
803 2521 827 2546 οἱ
847 2520 894 2547 τοῦ

104 2568 237 2604 Χριστοῦ,
250 2569 278 2595 ὲν
294 2570 326 2604 τῇ
341 2569 478 2604 παρουσίᾳ
491 2568 572 2596 αὑτοῦ
583 2578 589 2585 ·
604 2566 664 2595 εἶτα
682 2569 711 2594 τὸ
727 2568 812 2601 τέλος,
829 2569 893 2595 ὅταν

105 2613 220 2650 παραδῷ
243 2613 293 2649 τὴν
316 2613 454 2649 βασιλείαν
479 2613 517 2649 τῷ
547 2614 606 2649 Θεῷ
635 2613 681 2640 καὶ
706 2614 801 2649 Πατρὶ,
830 2614 893 2640 ὅταν

104 2659 270 2696 καταργήσῃ
294 2661 383 2687 πᾶσαν
403 2660 500 2696 ἀρχὴν,
528 2659 574 2686 καὶ
595 2660 684 2686 πᾶσαν
705 2659 826 2691 ἐξουσίαν
846 2659 892 2685 καὶ

103 2705 228 2740 δύναμιν.
246 2706 292 2731 Δεῖ
303 2706 356 2741 γὰρ
368 2707 448 2732 αὑτὸν
461 2705 622 2741 βασιλεύειν,
637 2705 716 2740 ἄχρις
728 2703 758 2731 οὗ
778 2705 810 2740 θῇ
827 2705 892 2731 πάν-

103 2758 151 2782 τας
169 2750 236 2782 τοὺς
252 2750 367 2786 ἐχθροὺς
379 2750 431 2777 ὑπὸ
444 2751 506 2782 τοὺς
523 2751 604 2782 πόδας
622 2750 714 2777 αὐτοῦ.
735 2750 825 2777 Πάντα
838 2751 892 2786 γὰρ

103 2795 240 2828 ὑπέταξεν
266 2796 319 2823 ὑπὸ
346 2796 408 2828 τοὺς
429 2797 512 2828 πόδας
532 2795 625 2822 αὐτοῦ.
643 2797 776 2831 Ἐσχατος
795 2795 892 2831 ἐχθρὸς

105 2882 209 2912 "Psal.
224 2891 271 2919 cn,
285 2884 330 2912 20.
368 2886 390 2901 ¹⁶
406 2885 500 2912 Matth.
516 2893 570 2918 xvt,
582 2885 627 2913 27.

946 2296 1036 2323 dicere
1049 2301 1100 2322 non
1116 2300 1224 2327 possum
1239 2293 1302 2327 quid
1324 2292 1430 2319 tandem
1444 2300 1530 2320 causa:
1541 2293 1576 2321 sit
1600 2301 1649 2320 cur
1663 2294 1730 2321 divi-

947 2348 997 2368 nus
1012 2339 1110 2366 Paulus
1142 2342 1306 2365 cessaturam
1334 2337 1478 2372 aliquando
1501 2336 1559 2371 ejus
1569 2343 1727 2372 potestatem

947 2385 1103 2417 asscruerit,
1123 2384 1236 2411 dicens:
1258 2393 1267 2408 ί
1285 2382 1361 2410 Sicut
1384 2383 1454 2410 enim
1473 2383 1498 2410 in
1519 2383 1606 2410 Adam
1637 2391 1729 2411 omnes

948 2431 1110 2461 moriumur,
1128 2430 1162 2456 ita
1179 2433 1206 2455 et
1219 2429 1244 2455 in
1256 2428 1365 2456 Christo
1379 2436 1472 2455 omnes
1499 2428 1706 2456 viviﬁcabuntur
1721 2438 1726 2454 ί

947 2476 1132 2511 unusquisque
1153 2479 1241 2502 autem
1257 2475 1284 2501 in
1300 2481 1349 2502 suo
1382 2475 1492 2508 ordine;
1515 2475 1640 2509 primitiae
1649 2475 1729 2510 Chri-

945 2525 1004 2548 stus
1016 2539 1024 2552 ,
1040 2520 1137 2546 deinde
1149 2519 1168 2545 ii
1184 2519 1230 2553 qui
1251 2523 1315 2546 sunt
1327 2519 1438 2551 Christi,
1454 2521 1480 2546 in
1494 2519 1637 2547 adventum
1655 2520 1729 2554 eius;

945 2566 1041 2595 deinde
1055 2565 1126 2598 linis,
1142 2572 1203 2592 eum
1220 2565 1362 2592 tradiderit
1389 2572 1499 2600 regnum
1528 2565 1583 2593 Deo
1599 2570 1625 2592 et
1646 2565 1728 2596 Patri.

945 2618 1005 2639 cum
1026 2609 1198 2638 evacuavcrit
1213 2616 1320 2636 omnem
1349 2610 1539 2643 principatum,
1559 2615 1586 2637 et
1613 2614 1730 2645 potesta-

946 2663 1011 2690 tem,
1028 2661 1055 2683 et
1071 2656 1209 2683 virtutem.
1223 2655 1415 2689 Oportetenim
1443 2655 1516 2681 ilhtm
1549 2663 1664 2690 regnare
1682 2657 1729 2682 du-

945 2711 994 2731 nee
1010 2707 1092 2738 ponat
1106 2709 1200 2730 omnes
1214 2700 1337 2728 inimicos
1350 2701 1399 2728 sub
1413 2701 1526 2735 pedibus
1548 2700 1606 2735 ejus
1631 2700 1728 2736 (omnia

945 2749 1015 2777 enim
1031 2748 1145 2783 subjecit
1158 2748 1207 2775 sul)
1236 2746 1346 2781 pedibus
1373 2745 1452 2781 ejus).
1475 2745 1625 2773 Novissime
1641 2752 1728 2774 autem

946 2794 1053 2822 inimica
1064 2794 1218 2822 destruetur
1229 2799 1302 2820 mors
1317 2791 1349 2819 ⁸ο.
1361 2801 1370 2818 ι
1387 2792 1456 2819 Ecce
1472 2792 1554 2826 enim,
1567 2799 1631 2820 ecce
1643 2792 1728 2820 conli-

667 2885 689 2901 ⁸⁷
705 2884 776 2912 Psal.
796 2892 865 2918 χειν,
880 2882 893 2909 ῦ

984 2883 1005 2898 ’θ
1018 2882 1096 2912 Joan.
1109 2890 1133 2915 x,
1150 2881 1195 2909 27.
1232 2881 1255 2897 "
1269 2881 1334 2909 ibid.
1353 2880 1394 2908 I6.
1433 2881 1455 2897 ³ο
1471 2881 1482 2909 I
1497 2881 1558 2909 Cor.
1575 2889 1619 2915 xv,
1631 2880 1718 2908 ‘22-26
