1937 3036
207 167 218 195 1
223 166 274 194 059

706 163 735 190 S.
756 162 896 190 CYRILLI
917 161 1154 190 ALEXANDRINI
1173 160 1333 188 ARCIIIEI‘.

1784 160 1855 189 “MO

207 228 282 254 nium
304 226 384 253 veluti
398 225 544 260 quoddam,
564 224 697 260 inquient,
716 222 847 250 cessaturi
863 221 923 256 ejus
946 222 997 248 iut-

1055 222 1229 257 καταργεῖται
1249 221 1264 247 ό
1281 221 1405 252 θάνατος.
1424 229 1433 246 ι
1463 218 1527 246 Ἰδοὺ
1543 219 1608 255 γὰρ,
1627 219 1693 251 ἰδοὺ,
1711 220 1791 253 φαῖεν
1810 219 1852 251 ἂν,

209 273 286 308 peril,
302 281 362 299 Clllll
389 273 557 308 principatus
581 272 676 298 inanes
708 270 811 296 fuerim
839 268 949 300 redditi,
972 272 999 294 et

210 327 281 346 utors
306 324 440 354 prostrata
459 326 465 344 :
483 322 545 345 tunc
574 317 649 344 enim
679 315 823 351 imperium
841 315 929 343 tradet
949 314 998 342 soli

208 363 262 391 Deo
277 373 307 391 ac
321 364 400 390 l‘atri.

243 455 275 481 Α.
290 455 380 489 Apage
389 461 452 482 eum
465 453 529 481 anili
562 457 590 481 et
611 452 725 481 ridicula
744 452 795 479 ista
817 450 996 487 cogitatione!

209 501 257 534 Qui
272 501 344 528 enim
362 500 420 528 haec
431 500 515 528 sentit
531 507 564 528 ac
573 499 705 535 loquitur,
719 499 830 533 reliquit
843 498 901 525 vias
914 498 1000 524 vinea:

207 554 273 579 suat,
286 550 313 573 et
325 546 431 574 erravit
445 553 494 582 per
516 545 629 574 semitas
653 545 710 581 agri
723 545 782 578 sui;
800 545 923 580 graditur
935 550 1000 570 vero

208 600 256 626 per
270 592 446 620 solitudinem
457 593 535 626 aquis
552 599 677 625 vacuam,
693 597 721 619 et
737 596 838 618 terrain
854 590 880 617 in
905 589 1000 617 siticu-

207 638 271 666 lusis
284 637 350 665 locis
361 637 487 673 positam,
507 638 632 665 manibus
640 643 730 665 autem
744 636 916 664 sterilitatem
935 642 1001 663 eon-

206 689 311 719 gregat,
326 689 355 711 ut
368 684 500 719 Scriptum
515 689 556 712 est
568 684 602 712 ³¹.
617 683 673 712 Νοιι
687 684 760 712 enim
776 683 850 718 regni
863 681 956 709 titulos
974 686 1002 708 et

207 730 351 764 imperium
369 730 504 758 incuncta
531 730 702 765 perditurum
731 729 878 763 aliquando
901 728 1000 755 Filium

207 775 314 802 divinus
329 776 408 803 nobis
434 776 529 803 doctor
539 776 617 803 dixit.
645 775 755 803 Sciebat
778 774 862 807 enim,
883 778 911 800 ut
928 781 998 805 reor,

207 821 326 848 divinum
342 821 475 849 Davidem
488 821 573 857 lyram
589 822 698 857 pulsare
716 820 878 856 spiritalem,
900 824 928 847 et
955 827 1002 847 ac-

207 867 299 895 cinere
309 866 377 895 Filio
392 867 417 895 in
432 867 534 902 Spiritu
546 876 553 895 :
568 877 577 894 ι
588 868 671 896 Sedes
681 872 735 900 tua,
745 867 824 900 Deus,
837 866 863 893 in
874 866 1001 893 satculum

1052 268 1177 304 μεθόριον
1190 268 1285 303 ὥσπερ
1301 266 1383 294 τιτοῦ
1400 266 1468 302 πρὸς
1482 265 1631 301 κατάληξιν
1646 266 1695 301 τῆς
1711 264 1853 301 βασιλείας

1050 314 1144 346 αὐτοῦ,
1167 314 1198 341 τὸ
1212 314 1390 349 ἀπρακτῆσαι
1409 313 1458 348 μὲν
1475 311 1572 348 ἀρχὰς,
1590 311 1810 346 καταργηθῆναι
1825 310 1852 337 δὲ

1051 360 1175 387 θάνατον’
1197 358 1355 394 παραδώσει
1370 357 1425 393 γὰρ
1446 357 1505 384 τότε
1524 356 1672 392 τδιχρῆναι
1687 355 1850 390 κατάρχειν,

1052 406 1126 442 μόνῳ
1140 405 1180 441 τῷ
1194 405 1254 441 Θεῷ
1268 405 1316 432 καὶ
1328 404 1426 440 Πατρί.

1086 452 1118 478 Α.
1132 451 1239 485 Ἀπαγε
1253 450 1302 486 τῆς
1317 450 1387 477 οὕτω
1401 447 1592 486 γραοπρεποῦς
1609 448 1656 474 καὶ
1677 447 1851 482 γελοιοτάτης

1052 495 1154 528 ἐννοίας
1165 496 1171 522 ἶ
1189 495 1217 522 ’0
1230 495 1284 530 γάρ
1297 503 1339 522 τοι
1352 495 1433 521 ταυτὶ
1446 493 1627 529 πεφροντικώς
1639 501 1669 519 τε
1687 493 1736 519 καὶ
1752 492 1850 526 λέγων,

1052 542 1169 569 ἀπέλιπε
1190 541 1240 577 μὲν
1260 540 1338 573 ὁδοὺς
1355 540 1403 568 τοῦ
1426 539 1523 567 ἑαυτοῦ
1540 539 1715 574 ἀμπελῶνος,
1739 539 1802 570 τοὺς
1824 539 1851 564 δὲ

1052 587 1150 620 ἄξονας
1166 587 1213 614 τοῦ
1231 586 1296 614 ἰδίου
1308 587 1442 622 γεωργίου
1456 586 1639 621 πεπλάνηται,
1658 584 1850 620 διαπορεύεται

1052 635 1080 661 δὲ
1094 634 1127 661 δι’
1142 633 1257 669 ἀνύδρου
1278 633 1392 668 ἐρήμου,
1415 633 1463 659 καὶ
1486 632 1524 667 (Ι)
1540 632 1591 666 γῆν
1604 630 1801 666 διατεταμένην
1823 630 1851 656 ἐν

1053 679 1190 715 διψώδεσι,
1219 679 1332 713 συνάγει
1358 679 1387 706 δὲ
1413 678 1509 714 χερσὶν
1538 677 1688 714 ἀκαρπίαν,
1721 675 1793 702 κατὰ
1822 676 1851 701 τὸ

1053 727 1256 763 γεγραμμένον.
1275 727 1312 753 Οὐ
1327 726 1382 762 γὰρ
1402 726 1442 752 ὅτι
1464 725 1519 751 τῶν
1535 725 1585 760 τῆς
1609 723 1750 759 βασιλείας
1766 730 1849 748 κατα-

1055 774 1230 809 στεμμάτων,
1251 773 1298 800 καὶ
1315 773 1365 808 τῆς
1390 772 1460 800 κατὰ
1478 772 1586 799 πάντων
1609 771 1697 806 ἀρχῆς
1725 769 1849 804 ἀπόπεμ-

1054 829 1120 852 mo;
1141 820 1218 847 ἔσται
1243 820 1314 847 κατὰ
1332 820 1446 855 καιροὺς
1466 819 1481 845 ό
1505 818 1580 850 Υἱὸς,
1596 818 1610 844 ὁ
1625 817 1697 848 θεῖος
1720 817 1785 852 ἡμῖν
1800 816 1848 851 ἒςςη

1052 867 1236 902 μυσταγωγός
1249 875 1255 882 ·
1271 866 1327 902 ῇδει
1340 866 1406 903 γὰρ,
1430 863 1506 900 οἶμαί
1522 873 1586 897 που,
1607 863 1691 900 λύραν
1715 863 1766 898 μὲν
1785 863 1848 888 ἀα-

207 913 309 946 satculi,
324 913 399 948 virga
415 913 584 946 directiouis,
611 913 687 948 virga
716 913 791 947 regni
806 913 843 940 ttti
855 912 887 939 ".
905 921 914 938 ι
932 911 999 944 Quid

1055 911 1189 947 κρούοντα
1213 912 1263 947 τὴν
1295 910 1486 946 πνευματικὴν
1513 910 1559 936 τὸν
1588 909 1730 936 θεσπέσιον
1758 907 1849 937 Δαειδ,

207 965 289 992 porro
303 957 418 988 faciant.
444 959 489 992 qui
509 959 542 985 ad
562 959 687 993 quamvis
712 958 908 986 absurditatem
934 957 1001 984 laxis

207 1002 304 1037 lingua:
322 1002 434 1030 habenis
447 1003 582 1036 feruntur,
594 1007 621 1031 et
640 1007 693 1030 tam
712 1003 815 1039 agresti
844 1009 935 1032 mente
963 1005 1002 1031 la-

208 1047 316 1081 borant,
333 1055 394 1075 cum
410 1048 504 1076 beatus
531 1048 640 1077 Gabriel
669 1054 772 1076 sauctte
791 1049 895 1084 Virgini
921 1050 1001 1078 Chri-

207 1098 279 1121 stum
292 1094 498 1129 praanuntiaus:
519 1105 528 1121 ι
547 1095 586 1123 Ne
602 1096 675 1123 enim
702 1096 809 1130 timeas,
833 1096 932 1132 inquit,
958 1098 1000 1125 in-

208 1140 408 1172 carnationem,
419 1148 435 1168 ο
447 1140 533 1168 Maria
547 1150 554 1168 :
577 1141 703 1169 invenisti
715 1142 788 1169 enim
801 1143 916 1178 gratiam
931 1144 1001 1178 apud

206 1185 302 1218 Deum,
315 1191 342 1214 et
357 1193 420 1214 ecce
431 1187 606 1221 concipiesiu
627 1193 716 1222 utero,
736 1193 764 1216 et
780 1189 868 1224 paries
892 1188 1000 1220 Filium,

207 1237 236 1259 et
253 1232 363 1260 vocabis
376 1240 473 1260 nomen
500 1232 558 1268 ejus
579 1233 683 1262 Jesum.
713 1235 771 1270 Ipse
787 1235 858 1262 enim
882 1235 1002 1263 servabit

207 1278 335 1314 populum
349 1285 429 1306 suum
439 1285 454 1305 a
466 1279 586 1314 peccatis
600 1280 667 1308 suis.
679 1280 714 1308 Et
729 1281 806 1309 dabit
822 1281 861 1308 illi
871 1281 1002 1310 Dominus

211 1324 281 1351 Dens
296 1325 388 1352 sedem
401 1324 485 1351 David
499 1325 585 1359 patris
601 1326 669 1361 ejus,
687 1330 714 1354 et
732 1327 857 1362 regnabit
883 1327 908 1353 in
921 1327 1002 1354 domo

206 1371 328 1399 Jacobin
341 1376 486 1406 aeternum,
501 1373 586 1408 διο
612 1377 638 1400 et
659 1373 734 1408 regni
756 1372 814 1407 ejus
830 1380 884 1400 non
897 1374 950 1400 erit
970 1373 1002 1400 li-

207 1418 250 1445 nis
262 1418 295 1444 ".
317 1427 326 1444 ι
343 1418 410 1446 Cum
428 1419 519 1453 itaque
533 1423 646 1446 sanctus
658 1419 699 1446 vir
715 1426 829 1454 regnum
844 1418 905 1446 Filii
933 1427 1001 1454 pra:-

207 1464 305 1492 dixerit
315 1465 349 1492 ad
363 1465 461 1492 saecula
476 1465 582 1492 inﬁnita
591 1469 803 1500 perventurum,
821 1465 1002 1500 adeoquevox

207 1511 294 1546 angeli
308 1511 414 1539 ventati
423 1511 558 1545 concinat,
569 1519 766 1539 eonsensurum
779 1512 875 1546 opinor
884 1519 945 1539 cum
957 1511 1003 1546 qui

207 1557 307 1592 probus
320 1561 362 1585 est
378 1565 409 1585 ac
418 1557 499 1593 frugi,
517 1563 544 1585 et
563 1566 648 1594 nugas
670 1558 929 1592 condetnnaturum,
959 1558 1002 1585 in-

207 1611 342 1639 sauosque
356 1604 492 1632 dicturum
506 1611 564 1637 eos,
580 1605 626 1639 qui
642 1604 696 1632 alia
707 1605 811 1640 qumvis
831 1604 934 1632 sentire
955 1611 998 1632 ve-

207 1650 267 1683 lint,
283 1649 397 1678 cumlex
417 1655 510 1685 aperte
537 1650 653 1678 clamet:
671 1658 681 1676 ι
696 1650 726 1678 lu
748 1657 796 1678 ore
809 1651 923 1678 ducrum
953 1655 1000 1678 aut

208 1695 289 1722 trium
311 1696 420 1724 testium
448 1696 530 1724 stabit
556 1704 638 1725 omne
660 1697 773 1724 verbum
797 1696 830 1724 ".
862 1705 871 1722 ›
890 1696 999 1732 Alioqui

206 1748 298 1769 nonne
309 1742 424 1777 plurima
434 1743 572 1778 impietate
594 1747 680 1770 scatet
701 1742 839 1777 obiectio?

1052 957 1279 993 ἀναμελῳδοῦντα
1299 957 1328 984 δὲ
1345 957 1413 993 πρὸς
1434 957 1478 983 τὸν
1496 956 1561 982 Υίδν
1583 955 1611 981 ὲν
1631 955 1782 990 Πνεύματι·
1803 964 1811 978 ι
1824 953 1850 979 ὐ

1053 1004 1146 1040 θρόνος
1162 1013 1218 1037 σου,
1237 1005 1251 1030 ὁ
1264 1003 1339 1035 Θεὸς,
1352 1004 1392 1034 εἰς
1405 1002 1452 1029 τὸν
1465 1002 1551 1029 αἰῶνα
1563 1001 1610 1028 τοῦ
1623 1001 1721 1032 αἰῶνος
1733 1009 1739 1015 ·
1758 1000 1851 1036 ῥάϐδος

1052 1050 1208 1086 εὐθύτητος,
1226 1051 1243 1086 ή
1265 1049 1363 1085 ράΰδος
1384 1049 1434 1084 τῆς
1452 1048 1592 1084 βασιλείας
1612 1056 1670 1074 σου.
1686 1057 1695 1074 1
1721 1047 1754 1074 Τί
1774 1047 1801 1073 δὲ
1821 1047 1851 1082 δὴ

1052 1097 1100 1124 καὶ
1113 1097 1198 1132 δρῷεν
1214 1097 1257 1129 ἂν,
1272 1097 1296 1123 οἱ
1315 1096 1382 1132 πρὸς
1403 1096 1457 1122 πᾶν
1475 1094 1563 1122 ὁτιοῦν
1582 1094 1636 1121 τῶν
1655 1093 1851 1130 ἀπηχεστάτων

1052 1142 1306 1179 ἀθυροπομοῦντες
1332 1142 1461 1173 εὐκόλως,
1488 1141 1535 1167 καὶ
1561 1141 1610 1177 τὴν
1630 1141 1760 1176 ἀγροῖκον
1783 1139 1853 1166 οὕτω

1052 1190 1194 1222 νοσοῦντες
1210 1189 1307 1224 φρένα,
1323 1187 1633 1224 προκατασημαίνοντος
1648 1189 1680 1222 τῇ
1704 1187 1770 1222 ἁγία
1783 1186 1852 1221 Παρ-

1053 1237 1121 1272 θένῳ
1147 1235 1182 1262 τὰ
1206 1236 1253 1262 ἐπὶ
1268 1234 1379 1271 Χριστῷ
1396 1234 1442 1262 τοῦ
1459 1233 1596 1270 μακαρίου
1612 1231 1733 1268 Γαϐριήὶ
1747 1241 1754 1264 ;
1783 1241 1792 1257 ι
1808 1231 1852 1266 Μὴ

1052 1284 1107 1319 γὰρ
1122 1283 1166 1319 δὴ,
1178 1283 1256 1318 φησὶ,
1273 1282 1437 1318 καταδείσῃς
1451 1281 1500 1316 τὴν
1514 1280 1681 1315 οἰκονομίαν,
1694 1276 1716 1305 ὦ
1730 1279 1852 1314 Μαριάμ·

1053 1328 1131 1366 εὗρες
1147 1329 1201 1365 γὰρ
1216 1329 1298 1365 χάριν
1314 1328 1392 1364 παρὰ
1404 1328 1443 1363 τῷ
1456 1327 1527 1363 Θεῷ,
1545 1327 1592 1354 καὶ
1612 1326 1666 1353 ἰδοὺ
1689 1325 1812 1361 massa
1826 1326 1853 1350 ἑν

1052 1375 1164 1411 γαστρὶ,
1179 1374 1227 1402 καὶ
1242 1374 1308 1410 τέξῃ
1328 1373 1404 1406 Υῑὸν,
1421 1373 1468 1399 καὶ
1485 1372 1612 1405 καλέσεις
1625 1371 1656 1398 τὸ
1673 1371 1759 1406 ὄνομα
1774 1369 1853 1396 αὺτοῦ

1059 1420 1164 1457 Ἰησοῦν
1177 1428 1185 1436 ⁸
1200 1420 1281 1452 αὐτὸς
1296 1419 1349 1455 γὰρ
1367 1418 1449 1446 σώσει
1472 1419 1517 1445 τον
1533 1418 1597 1445 λαόν
1619 1417 1703 1444 αὑτοῦ
1728 1416 1782 1443 ἀπὸ
1801 1416 1854 1442 τῶν

1053 1468 1194 1504 ἁμαρτιῶν
1210 1468 1310 1499 αὐτῶν,
1324 1469 1371 1495 καὶ
1390 1467 1471 1494 δώσει
1484 1466 1558 1502 αὺτῷ
1575 1467 1678 1502 Κύριος
1697 1467 1711 1492 ό
1726 1465 1792 1497 Θεὸς
1811 1465 1854 1491 τόν

1055 1514 1149 1550 θρόνον
1166 1514 1249 1542 Δαὸὶδ
1266 1513 1313 1540 τοῦ
1332 1514 1435 1550 πατρὸς
1454 1513 1548 1546 αὑτοῦ,
1568 1513 1615 1540 καὶ
1631 1511 1787 1548 βασιλεύσει
1811 1511 1855 1536 ἐπὶ

1054 1560 1099 1586 τδν
1111 1557 1186 1587 οἷκον
1213 1559 1311 1586 Ἰακὼϐ
1328 1560 1367 1591 εἰς
1377 1559 1441 1591 τοὺς
1458 1559 1570 1592 αἰῶνας,
1590 1559 1638 1585 καὶ
1652 1560 1702 1593 τῆς
1719 1557 1854 1593 βασιλεὺς

1055 1605 1138 1633 αὑτοῦ
1153 1605 1203 1632 οὐκ
1219 1605 1296 1632 ἔσται
1321 1606 1407 1638 τέλος.
1431 1615 1440 1632 ›
1469 1606 1577 1641 ’Δνδρὸς
1600 1603 1748 1640 τοιγαροῦν
1767 1603 1854 1638 ἁγίου,

1054 1651 1104 1687 τὴν
1122 1652 1162 1683 εἰς
1178 1652 1348 1687 ἀπεράντους
1370 1652 1472 1684 αἰῶνας
1495 1653 1609 1687 ἄσχετον
1633 1650 1786 1686 ἐπιδρομὴν
1807 1649 1855 1683 τῆς

1053 1698 1100 1725 τοῦ
1118 1698 1183 1725 Υἱοῦ
1201 1698 1344 1733 βασιλείας
1364 1698 1638 1735 κεχρησμῳδηκότος,
1663 1697 1712 1724 καὶ
1735 1698 1788 1732 μὴν
1809 1697 1855 1722 καὶ

1053 1745 1172 1780 ἀγγέλου
1190 1747 1282 1782 φωνῆς
1304 1747 1474 1783 συνηχούσης
1504 1746 1534 1772 τὺ
1558 1745 1668 1781 ἀληθὲς,
1687 1742 1855 1772 συναινέσειν

206 1785 283 1823 οἶμαί
298 1797 347 1814 που
360 1789 407 1816 τόν
423 1798 453 1815 τε
463 1789 564 1824 ἀγαθὸν
575 1790 623 1817 καὶ
652 1789 790 1825 σώφρονα,
822 1789 1055 1825 καταψηφιεῖσθαι
1074 1791 1102 1818 δὲ
1118 1791 1148 1818 τὸ
1163 1792 1267 1827 ληρεῖν,
1284 1793 1330 1819 καὶ
1351 1791 1548 1827 ἑκκεκροῦσθαι
1563 1791 1670 1826 φρενῶν
1689 1790 1778 1816 εἰπεῖν
1795 1787 1855 1817 τοὺς

207 1837 309 1866 οἴεσθαι
325 1837 379 1864 δεῖν
394 1837 538 1872 ἑλομένους
549 1837 630 1872 ἕτερα
659 1837 727 1864 ἄττα
757 1837 875 1871 φρονεῖν,
892 1836 1039 1863 καίτοιτοῦ
1060 1838 1142 1873 νόμου
1168 1839 1260 1873 σαφῶς
1285 1839 1514 1874 ἀνακεκραγότος·
1536 1848 1545 1865 t
1566 1839 1627 1865 Ἐπὶ
1653 1837 1787 1872 στόματος
1810 1835 1854 1862 δίο

207 1884 255 1912 καὶ
269 1883 350 1918 τριῶν
367 1883 512 1918 μαρτύρων
532 1881 695 1918 σταθήσεται
719 1883 773 1908 πᾶν
795 1883 880 1917 ῥῆμα.
894 1891 902 1907 ι
919 1879 956 1908 Ἥ
973 1882 1003 1908 οὺ
1024 1882 1152 1918 πλείστης
1171 1884 1236 1919 ὅσης
1269 1883 1413 1920 θεομισοῦς
1430 1885 1556 1916 ἀσεσείας
1587 1884 1730 1916 ἀνάπλεως
1746 1885 1762 1919 ὴ
1779 1881 1854 1910 ἀντί-

208 1941 303 1964 στασις
318 1940 325 1965 ;

244 1980 273 2006 Β.
287 1976 473 2005 Concesseritn
487 1976 623 2011 equidem.
638 1976 832 2003 Verumtamen
855 1976 926 2003 scias
946 1982 998 2003 non

207 2023 321 2060 perinde
330 2022 411 2056 atque
425 2028 474 2048 nos
486 2021 656 2048 adverstrios
670 2020 750 2047 allici.

241 2069 274 2096 A.
287 2069 322 2095 At
338 2067 440 2102 optime
453 2067 555 2094 sentire
567 2074 598 2094 ac
615 2067 719 2094 discere
737 2067 828 2101 utique
855 2074 936 2100 pcues
951 2073 1001 2093 nos

207 2115 281 2149 ipsos
292 2113 354 2145 erit,
371 2119 460 2147 neque
475 2111 581 2138 illorqu
595 2111 740 2145 imperitiae
755 2111 865 2138 onmino
886 2111 1000 2145 permit-

208 2165 294 2188 tentes
308 2163 432 2186 eructarc
445 2157 517 2192 quod
527 2156 622 2188 velint,
637 2157 715 2184 otiosi
746 2157 899 2184 sedebiuuss
913 2165 922 2190 ;
952 2157 1000 2184 sed

1091 1973 1120 2000 Β.
1139 1973 1223 2008 Φαίην
1238 1973 1271 2000 ἂν
1285 1973 1384 2008 ἔγωγε,
1402 1973 1472 2009 πλὴν
1495 1973 1549 2000 [σοι
1565 1981 1606 2000 τοι
1619 1973 1808 2008 διακειμένους
1822 1975 1852 2002 οὗ

1055 2019 1116 2046 καθ’
1131 2020 1204 2054 ἡμᾶς
1222 2020 1286 2052 τοὺς
1302 2019 1463 2051 διεναντίας.

1092 2066 1122 2092 Α.
1152 2066 1232 2093 Ἀλλὰ
1255 2066 1284 2092 τό
1305 2075 1337 2100 γε
1361 2065 1399 2098 ὡς
1418 2066 1517 2102 ἄριστα
1542 2068 1651 2102 φρονεῖν
1671 2067 1780 2094 ἑλέσθαι
1808 2069 1853 2094 καὶ

1057 2111 1163 2147 μαθεῖν,
1181 2111 1302 2138 κείσεται
1320 2120 1371 2138 που
1385 2112 1493 2144 πάντως
1507 2112 1549 2146 ἐφ’
1565 2113 1630 2147 ἡμῖν
1644 2113 1748 2145 αὐτοῖς,
1765 2114 1810 2140 καὶ
1823 2115 1852 2140 οὗ

1054 2158 1113 2188 ταῖς
1124 2157 1236 2184 ἐκείνων
1249 2157 1335 2188 θείαις
1347 2157 1385 2192 (‘2)
1401 2158 1513 2192 ἐφέντες
1533 2157 1628 2188 ἁπλῶς
1645 2158 1806 2192 ἐρεόγεσθαι
1825 2158 1854 2185 τὺ

207 2205 326 2239 undique
347 2211 396 2239 pro
410 2203 480 2231 virili
505 2202 620 2237 repulsis
643 2208 776 2237 proterva:
802 2203 899 2230 utentis
925 2210 999 2230 com-

1055 2203 1158 2235 δοκοῦν,
1171 2204 1259 2239 ἡσυχῆ
1274 2203 1472 2239 καθεδούμεθα·
1491 2205 1731 2240 παρακρουόμενοι
1745 2206 1772 2232 δὲ
1789 2215 1854 2232 παν.

208 2252 316 2284 utentis,
331 2258 363 2278 ac
382 2256 513 2285 generose
534 2248 670 2283 superatis
700 2249 794 2276 nefarii
809 2249 942 2276 mendacii
961 2249 1000 2276 la-

207 2296 295 2331 queis,
306 2297 376 2330 apud
398 2302 446 2321 nos
473 2301 622 2321 canemus:
638 2303 647 2319 ‹
680 2293 842 2322 Benedictus
870 2293 1001 2323 Dominus

207 2344 251 2378 qui
265 2349 317 2369 non
329 2341 459 2368 dedituros
471 2340 497 2366 in
514 2339 665 2374 captionem
681 2340 808 2367 dentibus
833 2348 926 2368 eorum
940 2340 972 2367 ".
987 2350 997 2365 ι

207 2388 273 2415 Cum
285 2391 386 2418 autem,
401 2390 430 2412 ut
445 2385 471 2412 in
486 2385 696 2413 Pret'et'biorutu
712 2385 781 2414 libro
797 2386 928 2421 scriptum
946 2390 997 2416 est,

206 2433 358 2468 gubernem
375 2430 449 2466 impii
466 2430 543 2458 dolos
555 2431 589 2464 ³⁸,
607 2438 666 2466 age,
680 2431 801 2458 dicamus
813 2431 914 2465 aliquid
926 2431 997 2465 quod

206 2477 374 2505 auditoribus
394 2477 536 2510 condurat,
550 2482 577 2504 et
591 2484 622 2504 ea
637 2485 684 2512 per
697 2484 758 2512 qua:
787 2477 893 2505 fraudis
913 2476 998 2504 insul-

207 2530 263 2551 tum
287 2530 418 2558 generose
433 2529 533 2559 queant
552 2524 690 2558 repellere.
705 2524 788 2559 Igitur
806 2524 913 2551 divinus
928 2523 1000 2550 Pau-

205 2570 247 2597 lus
261 2570 294 2596 iis
303 2569 348 2604 qui
363 2569 389 2597 in
406 2571 458 2597 lldc
489 2575 551 2597 sunt
579 2570 732 2605 jttstilicati,
747 2575 775 2598 et
790 2569 951 2605 prazclaram
969 2570 994 2596 in

205 2616 256 2643 hoc
267 2623 341 2650 spem
358 2615 466 2649 habent,
480 2616 516 2643 ita
539 2616 650 2644 scrthit:
664 2626 673 2641 ‹
692 2615 785 2651 Itaque
809 2623 920 2651 regnum
945 2615 996 2642 itu-

204 2661 304 2688 mobile
315 2662 494 2696 suscipientes
524 2661 655 2688 habemus
687 2661 813 2695 gratiam,
839 2667 889 2695 per
915 2667 994 2695 quam

203 2706 352 2734 serviamus
368 2707 505 2742 placentes
527 2706 594 2740 Deo,
622 2714 684 2734 cuin
721 2710 795 2733 metu
822 2709 849 2732 et
869 2712 996 2732 reveren-

236 2796 257 2812 ³¹
272 2796 321 2824 Job
338 2805 383 2829 xv,
401 2796 445 2824 52.
485 2796 508 2812 ³¹
523 2796 594 2825 Psal.
607 2802 682 2831 xttv,
697 2790 725 2823 7i
757 2795 780 2811 ³³
790 2795 855 2823 Luc.
871 2803 890 2828 ι,
915 2795 1010 2822 50-55.

236 2886 274 2921 (l)
293 2886 395 2914 Forsan
411 2886 490 2914 κατὰ.

1054 2249 1136 2285 ταχῆ,
1167 2250 1238 2276 κατὰ
1252 2258 1284 2284 γε
1301 2250 1331 2276 τὸ
1351 2251 1472 2284 ἐφικτὸν,
1490 2252 1524 2278 τὰ
1545 2251 1574 2284 ἐξ
1589 2252 1736 2279 ἀλλοκότου
1758 2253 1854 2287 φρενὸς

1053 2295 1206 2330 εὑρήματα,
1236 2295 1284 2321 καὶ
1313 2295 1444 2328 νεανικῶς
1472 2296 1654 2332 ὺπερθέοντες
1688 2297 1719 2323 τὸ
1753 2297 1854 2323 ἁλῶναι

1053 2339 1161 2374 βρόχοις
1188 2339 1238 2374 τῆς
1265 2339 1421 2376 βωμολόχου
1449 2340 1642 2377 ψευδομυθίας,
1672 2343 1716 2376 ἐφ’
1751 2343 1854 2373 ἐαυτιῖς

1051 2384 1260 2419 ἀναμέλψομενδ
1283 2395 1292 2411 ι
1315 2385 1467 2420 Εὐλογητὸς
1497 2386 1608 2420 Κύριος,
1631 2388 1660 2419 ὃς
1683 2389 1734 2415 οὐκ
1757 2389 1854 2415 ἔδωκεν

1051 2429 1124 2464 ἡμᾶς
1139 2430 1178 2462 εἰς
1192 2430 1277 2465 θήραν
1292 2432 1348 2462 τοῖς
1365 2431 1470 2458 ὀδοῦσιν
1486 2432 1584 2459 αὐτῶν.
1602 2442 1611 2458 ι
1635 2433 1748 2469 Ἐπειδὴ
1766 2434 1804 2466 δὲ,
1819 2435 1854 2466 ὡς

1054 2475 1120 2509 γοῦν
1145 2477 1159 2502 ό
1187 2477 1268 2511 σοφὸς
1307 2477 1355 2504 καὶ
1382 2478 1571 2514 παροιμιώδης
1598 2480 1664 2514 ἡμῖν
1693 2479 1853 2516 ἐπεφώνησε

1054 2521 1142 2555 λόγος,
1159 2522 1311 2557 κυὸερνῶσι
1331 2522 1359 2549 δὲ
1380 2523 1488 2556 ἀσεϐεῖς
1511 2523 1612 2556 δόλους,
1639 2525 1708 2560 φέρε
1731 2525 1854 2561 λέγωμεν

1048 2568 1079 2594 τὸ
1095 2568 1190 2595 τελοῦν
1205 2569 1244 2600 εἰς
1263 2569 1357 2604 ὄνησιν
1378 2571 1434 2601 τοῖς
1452 2570 1675 2606 ἐντευξομένοις,
1699 2572 1748 2598 καὶ
1771 2573 1804 2599 τὰ
1823 2573 1852 2599 δι’

1049 2611 1085 2641 ὧν
1096 2615 1219 2642 δύναιντο
1232 2616 1455 2651 παρακρούεσθαι
1472 2618 1604 2651 γεννικῶς
1615 2619 1665 2654 τῆς
1677 2619 1792 2655 ἀπάτης
1806 2620 1853 2655 τὴν

1049 2659 1155 2694 ἔφοδον.
1178 2660 1283 2686 Οὐκοῦν
1308 2662 1363 2693 τοῖς
1388 2662 1417 2688 ἐν
1438 2662 1529 2689 πίστει
1551 2663 1789 2699 δεδικαιωμένοις,
1808 2665 1846 2692 καὶ

1049 2706 1298 2742 λαμπρὰνὲλπίδα
1325 2707 1375 2741 τὴν
1398 2708 1444 2734 ἐπὶ
1479 2708 1546 2743 τῷδε
1575 2709 1810 2746 πεπλουτηκόσιν,
1839 2712 1852 2737 ό

1048 2794 1071 2810 ³’ν
1087 2794 1165 2822 Deut.
1187 2803 1252 2823 xvu.
1269 2796 1294 2823 6.
1336 2797 1357 2812 ³⁵
1369 2797 1440 2825 Psal.
1469 2805 1566 2830 cum,
1583 2797 1610 2825 6.
1631 2799 1653 2814 ³⁶
1669 2799 1754 2827 Prov.
1772 2801 1849 2833 xt:,6.

1083 2885 1121 2921 (Ξ)
1132 2886 1277 2922 Corrupto.
1291 2887 1471 2917 Scribendum
1485 2889 1576 2918 forsan
1592 2891 1737 2925 ἀμαθέαις.
