1937 3036
99 175 165 203 ίθίΙ

637 179 679 207 ΒΕ
699 179 747 209 SS.
770 182 960 212 TRlNlTk-TE
980 185 1152 216 DlALOGL'S
1173 189 1217 216 Ἣ.

1673 197 1741 224 ιυιε

96 233 243 266 θεσπέσιος
260 235 359 271 γράφει
374 235 477 268 Παῦλος
493 245 498 252 -
515 246 524 262 ι
538 237 583 263 Διὸ
598 237 737 272 βασιλείαν
749 239 885 268 ἀσάλευτοη

950 243 986 271 tia
1003 244 1035 271 ³⁷.
1053 254 1062 271 ι
1079 245 1161 281 Cujus
1177 254 1241 282 ergo
1256 248 1330 283 regni
1348 249 1469 278 dicemus
1487 251 1572 286 ipsum
1597 252 1640 280 hic
1665 261 1739 282 men-

96 279 371 315 παραλαμϐάνοντες,
396 281 494 317 ἔχομεν
512 282 601 318 χάριν,
617 283 651 309 δι’
666 281 699 320 ἧς
719 284 895 321 λατρεύωμεν

95 325 255 361 εὐαρέστως
275 327 314 363 τῷ
331 327 399 363 Θεῷ.
416 337 425 354 ›
451 328 595 361 Βασιλείας
615 327 661 356 οὖν
684 330 738 365 ἄρα
757 332 807 367 τῆς
823 333 894 364 τίνος

95 371 180 398 αὑτὸν
191 372 392 409 διαμεμνῆσθαι
406 375 528 409 φήσομεν
542 375 571 401 ἐν
586 384 617 410 γε
631 377 760 410 τουτοισὶ,
774 379 893 414 φράσαις

950 289 1049 318 tionem
1063 291 1171 325 fecisse,
1185 293 1284 321 doceas
1296 302 1402 329 precor.
1417 295 1481 324 Vide
1498 305 1580 330 porro
1594 306 1646 333 quo
1659 305 1738 334 paclo

948 335 1036 369 ipsum
1045 336 1151 365 ﬁrmum
1165 338 1221 366 fore
1237 339 1285 372 ait,
1303 345 1330 368 et
1363 341 1550 370 inconcussum
1578 352 1738 379 permansu-

948 382 1078 410 rum.Hoc
1092 384 1164 411 enim
1179 386 1314 420 significat
1328 386 1370 414 illa
1390 396 1451 421 vox,
1468 389 1648 419 ἀσάλευτον.

95 417 140 469 ἄν]
157 414 180 444 ὦ
199 419 305 469 ἑταῖρες
324 419 418 469 ᾏθρει
437 420 466 446 δὲ
485 420 559 453 ὅπως
591 421 676 469 αὐτὴν
707 424 906 460 ἐρηρεισμένην
926 426 1035 455 ἔσεσθαι
1060 428 1144 463 λέγει,
1169 414 1218 458 καῖ
1234 432 1278 458 ἀεὶ
1311 414 1451 469 λαχοῦσαν.
1469 414 1716 464 Εξξέτξέεζστον
1728 444 1736 455 ⁸

93 463 172 496 δηλοῖ
185 465 251 500 γὰρ,
267 462 343 500 οἶμαί
363 475 426 500 που,
444 468 517 494 τουτὶ
533 468 564 494 τὸ
577 468 760 496 ἀσάλευτον.

133 510 164 536 Β.
184 510 220 536 Οὐ
241 510 343 546 σφόδρα
367 511 400 538 ἂν
417 511 506 547 ἔχοιμι
527 513 621 547 σαφῶς
637 515 734 548 εἰπεῖν,
749 515 894 552 βουλοίμην

92 554 117 581 δ’
136 555 170 582 ἂν
187 555 275 591 ἔγωγε
285 557 464 584 διαπυθέσθαι
480 567 540 585 σου.

130 614 163 640 Δ.
183 613 411 642 Ἐκὸασανιστέον
429 615 461 652 δὴ
480 614 537 648 οὖν,
553 617 614 643 ἐπεί
629 626 670 644 τοι
688 618 773 652 δοκεῖ,
791 619 893 656 πότερα

91 659 144 695 τὴν
163 660 228 686 Υἱοῦ
243 660 392 696 βασιλείαν,
408 662 491 698 ήγουν
504 663 554 699 τὴν
569 664 616 690 καὶ
631 664 722 697 αὐτοῖς
734 666 790 697 τοῖς
805 665 892 700 ἁγίοις

90 706 292 742 δοθησομένην,
312 708 404 743 φησιν.
423 709 453 735 El
470 709 519 745 μὲν
540 707 586 738 οὖν
608 711 713 746 ἀμείνω
740 712 786 738 τοῦ
807 721 891 747 μετα-

91 752 205 780 πίπτειν
216 753 346 780 δύνασθαι
373 755 421 781 καὶ
438 755 663 792 ἁπαρακόμιστον
675 755 745 784 εἷναί
760 766 826 792 φασι
842 759 892 794 τήν

89 807 123 825 τε
147 799 288 834 βασιλείαν
304 800 350 827 καὶ
365 800 502 837 ὑπεροχὴν
512 802 559 828 τοῦ
573 803 648 836 Υἱοῠ,
663 803 893 840 πεφλυαρηκότας

90 846 155 880 εἰκῆ
179 847 406 882 κατερυθριάσειν
429 845 508 883 οἶμαι
525 857 576 875 που
593 849 657 882 τοὺς
675 850 836 882 διεναντίας.
859 851 891 877 Et

983 518 1013 546 Β.
1034 519 1108 547 llaud
1122 521 1233 548 multum
1245 523 1317 550 clare
1333 525 1468 559 explicare
1477 528 1616 561 queo.‘sed
1626 530 1690 558 illud
1704 540 1736 560 ex

948 570 974 593 te
991 567 1085 593 audire
1102 568 1192 594 velim.

983 622 1014 650 Α.
1032 623 1249 653 Examinaudum
1277 632 1320 654 est
1345 629 1435 663 igitur,
1466 631 1573 665 quando
1596 632 1632 659 ita
1658 633 1734 667 libet,

947 675 1036 696 utrum
1056 669 1116 697 Filii
1129 678 1240 706 regnum
1256 673 1337 705 dicat,
1349 681 1383 701 an
1399 675 1462 702 illud
1481 677 1554 711 quod
1563 679 1736 707 sanetisdan—

946 715 1008 742 dum
1025 721 1077 743 est.
1090 716 1117 744 Si
1135 725 1199 752 ergo
1213 718 1380 748 immutabile
1395 726 1421 748 et
1440 723 1577 752 immobile
1607 724 1668 753 Filii
1691 735 1735 755 re-

946 769 1026 796 gnum
1050 767 1075 789 et
1093 763 1261 797 maiestatem
1286 773 1346 794 esse
1363 767 1449 801 aiunt,
1473 771 1575 804 pudore
1604 772 1734 801 suffusum

945 808 978 834 iri
991 809 1025 835 ob
1041 816 1123 836 vanas
1131 817 1194 837 suas
1206 819 1290 845 nugas
1305 813 1476 842 adversarios
1490 819 1562 850 puto.
1576 815 1734 850 Sinautem,

946 855 1042 882 relicto
1070 863 1100 882 ac
1116 857 1301 890 praetermisso
1321 858 1400 891 Filio,
1417 859 1554 888 immobile
1575 864 1677 890 sanctis
1693 872 1734 891 re-

89 891 120 917 as
131 891 164 928 δὴ
178 892 307 928 μεθέντες
317 894 364 920 καὶ
373 893 536 928 διωσάμενοι
547 895 591 922 τὸν
599 895 673 928 Υῑὺν,
685 897 885 932 ἀπαραποίητοι

943 909 1023 935 gnum
1040 900 1098 928 fore
1113 902 1213 935 dicent,
1232 903 1347 938 prinmm
1361 905 1469 939 quidem
1484 906 1541 941 ipso
1556 908 1637 935 etiam
1654 908 1734 936 Cbri-

89 937 206 966 ἔσεσθαι
230 941 287 971 τοῖς
317 940 405 974 ἁγίοις
430 941 460 967 τὺ
483 941 634 976 βασιλεύειν
658 943 764 979 ἐροῦσι,
782 944 891 979 πρῶτον

91 983 145 1019 μὲν
162 985 290 1020 ἀμείνους
305 986 351 1013 καὶ
362 986 445 1013 αὑτοῦ
459 987 625 1023 φανήσονται
641 987 687 1014 τοῦ
700 989 830 1025 Χριστοῦ,
844 990 891 1017 καὶ

91 1031 193 1066 μοῖραν
213 1030 263 1066 ήδη
281 1031 409 1067 λαχόντες
423 1033 473 1067 τὴν
496 1032 627 1061 ἐπέκεινα
642 1033 696 1061 τῶν
718 1035 812 1068 αὑτοῦ,
835 1037 858 1062 εἰ
877 1037 891 1062 ὁ

91 1076 145 1110 μὲν
161 1076 314 1111 ἀπόϐλητον
329 1078 472 1114 ποιήσεται
483 1079 533 1114 τὴν
546 1079 634 1115 ἀρχήν
647 1089 653 1095 ·
671 1081 695 1107 οἱ
706 1080 735 1108 δὲ
750 1081 891 1117 ἀμήρυτον

89 1123 140 1148 καὶ
156 1122 267 1158 δ.ηνεκῆ
282 1123 411 1158 λαχόντες
426 1124 475 1160 τὴν
491 1125 634 1160 εὐθυμίαν,
646 1127 694 1154 καὶ
705 1127 734 1154 τὸ
748 1128 777 1154 ὲν
789 1127 889 1163 βεϐαίῳ

89 1168 202 1194 κεῖσθαι
219 1168 268 1203 τῆς
285 1168 363 1204 δόξης
378 1170 617 1206 διακεκτήσονται.

127 1213 159 1240 Β,
178 1213 294 1249 Ἀριστα
313 1214 393 1250 ἔφης.

125 1270 161 1296 Δ.
182 1270 219 1297 Τὸ
231 1271 259 1297 δὲ
272 1271 303 1306 δὴ
315 1272 362 1298 καὶ
373 1273 501 1307 ἀγροῖκον
514 1274 585 1301 οὕτω
599 1276 733 1302 ποιεῖσθαι
747 1277 797 1312 τὴν
808 1286 888 1304 συκο-

87 1317 218 1350 φαντίαν,
238 1317 295 1349 πῶς
314 1318 364 1345 οὐκ
382 1319 560 1354 ἀπόπληκτον
578 1322 697 1358 κομιδῇ;
714 1323 752 1349 Τὸ
771 1324 820 1359 μὲν
834 1324 887 1360 γὰρ

87 1363 192 1398 χρῆναι
213 1365 322 1399 κρατεῖν
343 1365 391 1391 καὶ
411 1365 565 1400 βασιλεύειν
586 1368 640 1395 τῶν
655 1369 733 1401 ὅλοιν,
756 1371 887 1405 προσήκοι

87 1409 123 1435 ἂν
136 1409 187 1444 οὐχ
200 1409 286 1445 ἑτέρῳ
297 1410 407 1445 μᾶλλον,
418 1410 435 1446 ἢ
448 1412 524 1447 αὐτῷ
534 1412 572 1448 τῷ
583 1414 704 1449 Χριστῷ,
715 1415 888 1451 οὑκ-ἐπίκτη-

86 1464 135 1481 τον
158 1456 175 1491 ἢ
201 1456 277 1482 δοτὸν
297 1456 455 1484 πλουτοῦντι
473 1458 502 1484 τὸ
524 1459 628 1494 χρῆμα,
645 1460 771 1496 καθάπερ
795 1463 885 1496 ἡμεῖς,

87 1501 159 1528 ἀλλὰ
171 1503 227 1534 τοῖς
240 1503 288 1538 τῆς
307 1503 425 1539 φυσικῆς
445 1504 607 1540 κυριότητος
631 1506 763 1542 ἑπόμενον
780 1508 885 1542 λόγοις⁵

92 1559 100 1574 ι
120 1550 153 1575 Οἱ
186 1549 214 1576 δέ
245 1558 277 1583 γε
309 1550 528 1585 συμπάσχοντες,
557 1552 605 1578 καὶ
633 1553 886 1590 συμϐασιλεύσομεν

86 1595 174 1630 αὐτῷ,
189 1605 199 1621 ι
216 1595 288 1627 καθὰ
306 1595 470 1631 γέγραπται.
485 1597 601 1628 Οὐκοῦν,
618 1600 632 1625 ὁ
647 1599 696 1633 μὲν
723 1600 770 1626 τοῦ
785 1601 885 1636 κατάρ-

87 1650 148 1676 χειν
162 1641 257 1676 κύριος
267 1650 274 1656 ·
291 1642 438 1677 εἰσποίητοι
449 1643 477 1669 δὲ
488 1644 580 1678 ἡμεῖς,
595 1645 641 1670 καὶ
655 1645 749 1680 τρόπῳ
761 1646 800 1681 τῷ
816 1648 885 1674 κατὰ

89 1687 201 1722 μέθεξιν
216 1688 436 1723 ὲκτετιμημὲνοι.
455 1689 706 1724 Συμϐασιλεύσουσι
729 1691 783 1727 γὰρ
807 1691 885 1727 βασι-

85 1733 194 1760 λεύοντι
209 1733 247 1769 τῷ
261 1734 383 1769 Χριστῷ.
407 1733 473 1761 Εἶτα
492 1735 551 1767 πῶς
566 1736 715 1764 ἀσάλευτον
729 1737 820 1771 ἕξουσι
836 1738 886 1774 τὴν

86 1781 134 1806 ἐπὶ
154 1779 222 1814 τῷδε
244 1780 408 1816 φιλοτιμίαν,
430 1781 479 1808 καὶ
507 1781 640 1817 διηνεκῶς
665 1783 882 1817 βασιλεύσουσιν,

87 1827 112 1852 εί
135 1827 382 1863 κατασεισθήσεται
400 1829 445 1855 καὶ
467 1829 612 1864 καταλήξει
634 1831 700 1856 ποτὲ
717 1830 747 1857 τδ
765 1830 884 1866 Χριστοῦ

87 1873 200 1908 κράτος,
215 1869 244 1900 οὗ
259 1874 305 1900 καὶ
322 1875 451 1910 μετόχους
465 1875 564 1908 αὐτοὺς
577 1874 646 1903 εἶναι
660 1886 768 1912 φαμεν;
792 1878 845 1904 Καὶ
859 1879 884 1905 εἰ

86 1919 137 1953 τῆς
157 1919 296 1953 βασιλείας
321 1921 412 1952 αὐτοῖς
425 1922 439 1947 ὁ
453 1922 571 1957 χορηγὸς
586 1923 633 1949 καὶ
662 1923 794 1959 πρύτανις
815 1926 884 1952 ἀπο-

87 1965 260 1992 πεπαύσεται
277 1966 326 2000 τῆς
344 1966 442 2001 ἀρχῆς,
463 1967 513 1994 ποῦ
528 1967 562 1994 τὰ
583 1967 674 1996 αὐτῶν
689 1969 729 1995 ἔτι
745 1970 882 2003 uafre-tat;

86 2013 163 2037 ποῖον
180 2010 275 2046 ἔχοντα
290 2011 390 2048 βάθρον
403 2021 410 2045 ;
426 2013 480 2040 Ποῦ
494 2014 549 2049 γὰρ
563 2014 603 2041 ἔτι
619 2015 845 2050 συμμεθέξουσιν,
860 2018 884 2043 εί

85 2059 117 2084 τὸ
143 2057 278 2092 κεκληκὸς
309 2060 349 2090 εἰς
372 2059 451 2092 δόξαν
476 2060 603 2094 ἀσθενεῐ;
633 2059 671 2087 Ἦ
697 2062 747 2088 οὐκ
776 2062 882 2099 ἀνάγκη

88 2105 312 2139 συγκατολισοεῖν
339 2108 395 2139 τοῖς
426 2107 552 2143 ἀνέχουσι
579 2109 608 2135 τὸ
632 2109 807 2145 ἀνεχόμενον,
836 2110 885 2137 καὶ

84 2153 143 2182 τοῖς
155 2151 305 2178 κατωτάτω
321 2149 431 2188 βᾶθροις
444 2154 587 2190 συνιζῆσαι
601 2154 636 2181 τὰ
647 2155 882 2191 ὲπερηρεισμένα;

85 2197 152 2223 Ὅτε
178 2198 268 2224 τοίνυν
285 2199 301 2233 ἡ
319 2200 368 2234 τῆς
388 2200 514 2232 εὐκλείας
529 2201 642 2235 κρηπὶς,
665 2201 712 2228 καὶ
727 2203 740 2228 ὁ
753 2202 803 2237 τῆς
818 2202 884 2237 εὐη-

87 2243 187 2278 μερίας
196 2243 319 2279 θεμέλιος
329 2245 586 2281 κατασεισθήσεται,
600 2247 659 2273 κατ’
669 2247 777 2280 αὐτοὺς.
793 2257 882 2275 συνοι-
900 2257 920 2284 ι)

85 2290 202 2325 χήσεταί
217 2300 267 2318 που
277 2292 386 2324 πάντως
401 2293 441 2324 εἰς
456 2293 486 2319 τὸ
498 2293 627 2326 δυσκλεές
640 2302 670 2321 τε
686 2295 732 2321 καὶ
744 2296 772 2321 ὲν
790 2293 883 2330 ὑφέσεί

84 2338 132 2362 καὶ
148 2337 165 2371 ἡ
177 2336 232 2364 τῶν
247 2338 331 2372 ἁγίων
344 2339 430 2370 ἐλπίς.

764 2378 782 2387 -

120 2393 150 2419 B.
174 2393 366 2429 Συνοιχήσεται
389 2395 443 2429 γὰρ
467 2392 523 2427 οὖν,
547 2396 584 2427 ὡς
604 2395 661 2423 ἔστι
678 2397 766 2432 σαφής
783 2406 812 2423 τε
835 2405 882 2424 και

84 2435 188 2471 ἀληθὴς
201 2438 215 2463 ὁ
232 2437 318 2472 λόγος.

119 2494 150 2519 Δ.
168 2494 200 2520 Τί
212 2493 240 2520 δὲ
249 2494 280 2529 δὴ
295 2496 342 2521 καὶ
355 2495 447 2530 μαθὼν
458 2497 471 2522 ὀ
484 2496 537 2522 τῶν
546 2496 625 2523 θείων
640 2497 704 2532 ἡμῖν
719 2499 876 2535 μυστηρίων

84 2539 236 2574 ἱερουργὺς,
264 2539 331 2565 Θεοῦ
358 2539 495 2574 βασιλείαν
520 2540 646 2576 ὠνόμαζε
672 2541 721 2577 τὴν
748 2542 878 2578 Χριστοῦ;

83 2585 187 2620 Γράῃει
201 2585 255 2620 γὰρ
271 2581 338 2611 ὧδεο
367 2596 375 2611 ι
390 2585 474 2612 Τοῦτο
489 2586 542 2622 γὰρ
557 2587 615 2613 ἴστε
631 2586 822 2621 γινώσκοντες,
839 2588 880 2614 ὅτι

83 2632 135 2663 xi;
153 2632 298 2667 πόριμος,ιῆ
318 2631 482 2666 ἀκάθαρτος,
507 2632 522 2668 ἢ
549 2633 724 2669 πλεονέκτης,
754 2634 781 2665 ὃ..
805 2635 880 2660 ἐστιν

81 2676 291 2711 εἰδωλολάτρης,
311 2677 360 2703 οὐκ
376 2677 432 2712 ἔχει
449 2677 631 2714 κληρονομίαν
653 2679 681 2705 ὲν
701 2680 733 2714 τῇ
758 2679 881 2714 βασιλείᾳ

81 2721 126 2746 τοῦ
140 2721 263 2756 Χριστοῦ
278 2721 324 2747 καὶ
333 2721 410 2748 Θεοῦ.
419 2731 427 2747 ι
440 2722 624 2759 Ἑνόοιάσαιμι
635 2724 689 2760 γὰρ
699 2724 732 2751 ἂν
740 2724 876 2759 οὐδαμῶς,

81 2767 117 2798 ὡς
125 2768 238 2802 ὅτῳπερ
255 2768 288 2793 ἂν
301 2768 450 2803 ἐνυπάρχοι
465 2769 579 2802 φυσικὸν
595 2769 705 2805 ἀξίωμα
722 2771 752 2796 τὸ
777 2772 876 2806 χρῆναι

82 2814 205 2848 κρατεῖν,
222 2813 317 2847 ἕψεταί
332 2822 383 2840 που
407 2815 514 2847 πάντως
534 2815 608 2850 αὐτῷ
623 2816 668 2842 καὶ
688 2816 717 2842 τὸ
738 2817 792 2843 δεῖν
808 2814 876 2846 εἶναι

113 2901 135 2916 ³⁷
155 2900 240 2928 ΙΙ‹’1)Γ,
259 2902 363 2934 xtt,‘23.
392 2903 413 2917 ³⁸
430 2903 449 2929 ll
475 2904 593 2931 Ἠῖιιοιιι.
612 2913 641 2936 tl,
666 2905 706 2932 l2.
745 2905 767 2920 ³³
780 2905 876 2940 Epltcs.
897 2914 920 2933 \'.

943 950 985 973 sto
1000 947 1155 981 Superiores
1165 948 1341 982 videbuntur,
1351 954 1378 976 et
1391 950 1469 986 longe
1484 952 1614 985 potiorem
1626 954 1732 981 demum

943 1000 1023 1027 quam
1040 993 1098 1028 ipse
1109 994 1293 1022 conditionem
1311 996 1412 1029 sortiti,
1425 997 1447 1023 si
1461 997 1504 1024 hic
1518 998 1625 1032 quidem
1650 1000 1729 1036 611

944 1044 1054 1072 regnum
1067 1038 1138 1073 quod
1168 1039 1254 1066 amitti
1287 1040 1372 1074 possit
1389 1040 1519 1075 obtineat,
1541 1042 1577 1069 illi
1608 1050 1673 1070 vero
1693 1044 1734 1071 in-

943 1083 1018 1111 finita
1032 1089 1059 1111 et
1069 1089 1197 1120 perpetua
1211 1085 1341 1114 felicitate
1353 1086 1493 1122 gloriaque
1509 1089 1644 1116 constanti
1672 1090 1728 1117 sint

942 1130 1058 1164 praediti.

976 1221 1006 1248 Β.
1027 1221 1188 1249 Rectissime
1205 1223 1309 1251 dixisti.

976 1278 1080 1306 AJam
1101 1287 1165 1307 vero
1177 1283 1230 1307 tam
1255 1284 1364 1316 agreste
1389 1281 1517 1309 cavillum
1542 1282 1620 1310 nobis
1634 1284 1729 1311 obtru—

941 1325 1014 1357 dere,
1029 1333 1117 1353 nonne
1131 1326 1249 1361 stuporis
1258 1333 1290 1354 ac
1317 1327 1451 1355 vecordia;
1461 1327 1648 1363 plenissimum
1670 1330 1730 1358 est?

940 1371 1076 1406 Imperare
1095 1372 1167 1399 enim
1183 1379 1215 1400 ac
1223 1379 1340 1407 praeesse
1362 1380 1451 1401 rerum
1471 1374 1659 1410 universitati,
1676 1384 1729 1404 non

939 1419 983 1446 alii
997 1427 1076 1453 quam
1093 1419 1144 1455 ipsi
1158 1419 1266 1447 Christo
1281 1420 1417 1453 convenit,
1430 1421 1476 1456 qui
1499 1428 1552 1449 non
1582 1422 1648 1449 illud
1680 1430 1729 1450 ceu

938 1464 1084 1492 aseititium
1103 1465 1246 1492 etaliunde
1262 1468 1402 1500 acceptqu
1430 1470 1522 1493 nostro
1543 1474 1619 1494 more
1640 1467 1729 1502 possi-

938 1511 995 1543 det,
1009 1511 1055 1538 sed
1073 1509 1204 1538 naturalis
1216 1511 1409 1550 dominationis
1438 1511 1588 1540 rationibus
1615 1512 1730 1547 conjun-

939 1561 1021 1584 ctum.
1038 1566 1047 1583 (
1065 1556 1118 1584 Nos
1132 1561 1222 1584 autem
1236 1557 1259 1584 si
1273 1557 1480 1592 compatiatnur,
1495 1562 1522 1585 et
1551 1558 1730 1594 conregnabi-

941 1611 1000 1630 mus
1016 1604 1077 1638 ipsi,
1090 1613 1099 1630 ›
1117 1603 1186 1631 sicut
1199 1603 1328 1638 seriptttm
1341 1608 1383 1631 est
1395 1603 1427 1631 ³⁸.
1452 1603 1546 1639 Itaque
1563 1605 1607 1633 hic
1620 1605 1727 1640 quidem

938 1649 1067 1683 regnandi
1078 1649 1216 1681 dominus,
1234 1656 1282 1676 nos
1308 1657 1371 1678 vero
1400 1650 1521 1682 ascititii,
1533 1654 1560 1677 et
1584 1651 1729 1685 participa-

938 1694 1009 1721 tione
1022 1694 1137 1728 quadam
1156 1695 1256 1721 ornati.
1271 1693 1482 1730 Conregnabunt
1506 1696 1578 1723 enim
1603 1696 1728 1731 regnanti

936 1739 1057 1767 Christo.
1074 1741 1105 1767 At
1130 1741 1442 1775 quomodoinunobilem
1457 1742 1484 1769 in
1500 1749 1532 1769 eo
1540 1742 1669 1770 honorem
1681 1742 1728 1770 lia-

936 1786 1048 1818 bsbunl,
1066 1794 1098 1813 ac
1110 1791 1239 1822 perpetuo
1248 1787 1384 1822 regnaturi
1394 1792 1465 1819 sunt,
1481 1787 1504 1815 si
1519 1788 1728 1817 concutiendum

936 1840 967 1860 ac
983 1832 1130 1860 finiendum
1143 1837 1184 1860 est
1198 1833 1343 1868 aliquando
1357 1833 1459 1861 Christi
1473 1834 1627 1868 imperium,
1653 1835 1728 1869 cujus

936 1878 1018 1904 etiam
1028 1877 1177 1913 participes
1195 1878 1269 1912 ipsos
1285 1885 1346 1906 esse
1372 1879 1509 1906 dicimus?
1538 1879 1583 1912 Et,
1603 1880 1626 1907 si
1650 1881 1725 1915 regni

935 1923 1048 1957 largitor
1077 1931 1108 1950 ac
1132 1923 1292 1951 distributor
1320 1931 1434 1959 regnare
1451 1924 1569 1957 desinet,
1601 1933 1722 1960 quonam

936 1970 1043 1997 demum
1057 1969 1116 1997 loco
1131 1977 1174 1997 res
1186 1976 1278 1998 eorum
1291 1969 1388 1997 futura:
1403 1969 1481 1997 sunt?
1493 1978 1545 2004 quo
1565 1970 1727 1998 fundamen-

937 2019 963 2042 to
988 2014 1129 2042 nituntur?
1147 2014 1197 2042 Ubi
1212 2015 1283 2042 enim
1298 2014 1354 2048 jam
1371 2022 1423 2042 una
1439 2016 1584 2050 participes
1597 2021 1687 2048 erunt,
1697 2017 1719 2043 si

936 2061 961 2088 id
971 2061 1043 2096 quod
1059 2062 1091 2088 ad
1108 2061 1221 2096 gloriam
1236 2061 1342 2088 vocavit
1355 2060 1512 2089 infirmitate
1528 2061 1654 2089 laborat?
1669 2061 1726 2089 An‘

936 2115 988 2135 non
998 2115 1109 2135 necesse
1126 2112 1168 2135 est
1182 2115 1242 2135 cum
1266 2108 1298 2135 iis
1311 2115 1372 2143 qme
1382 2107 1515 2135 extollunt
1538 2108 1564 2135 id
1582 2108 1653 2143 quod
1678 2116 1725 2136 exv

935 2154 1038 2181 tollitttr
1053 2161 1105 2181 una
1116 2155 1243 2182 decidere
1257 2175 1265 2186 ,
1291 2159 1317 2181 et
1329 2154 1389 2182 imis
1404 2154 1588 2183 fundamentis
1602 2155 1681 2183 simul
1693 2163 1724 2183 ea

935 2199 997 2230 niti,
1011 2206 1071 2233 qua:
1083 2199 1109 2226 in
1121 2199 1155 2226 iis
1170 2199 1279 2226 fundata
1294 2199 1378 2227 sunt?
1397 2199 1464 2227 Cum
1476 2199 1558 2234 igitur
1578 2200 1620 2227 illa
1633 2201 1726 2236 gloria:

936 2243 1041 2271 basiset
1052 2243 1191 2272 felicitatis
1204 2244 1418 2278 fundamentum,
1435 2249 1463 2273 ut
1479 2245 1516 2273 illi
1530 2245 1632 2279 volunt,
1658 2255 1725 2274 cort—

935 2289 1088 2317 cutiendum
1100 2290 1136 2317 sit
1154 2297 1160 2316 :
1175 2289 1256 2317 simul
1272 2291 1353 2318 etiam
1371 2291 1464 2326 utique
1485 2291 1511 2318 in
1528 2291 1723 2327 ignobilitatem

934 2342 995 2369 spes
1010 2339 1165 2363 sanctorum
1174 2335 1317 2362 dilabetur.

970 2393 999 2420 B.
1019 2393 1156 2420 Dilabetur
1172 2396 1255 2420 certe.
1270 2393 1344 2420 Adeo
1354 2393 1427 2421 clara
1438 2399 1501 2422 sunt
1515 2403 1547 2422 ac
1571 2403 1633 2424 vera
1665 2403 1724 2431 quae

935 2439 1011 2466 dicis.

965 2495 1065 2522 A..lam
1077 2503 1143 2523 vero
1158 2495 1221 2530 quid
1233 2503 1320 2523 causae
1336 2501 1377 2523 est
1402 2503 1451 2522 cur
1477 2499 1570 2523 noster
1583 2496 1627 2524 ille
1657 2497 1725 2525 divi-

933 2549 1028 2569 norum
1042 2542 1231 2577 mysteriorum
1246 2542 1361 2569 antistes
1377 2542 1422 2569 Dei
1438 2549 1552 2576 regnum
1564 2543 1723 2576 nominarit,

932 2587 996 2614 illud
1011 2586 1111 2614 Christi
1126 2586 1256 2621 regnum?
1268 2586 1313 2614 Sic
1323 2587 1396 2614 enim
1409 2586 1523 2613 scribit:
1543 2596 1553 2612 ι
1573 2585 1630 2614 Hoc
1650 2588 1722 2615 enim

932 2631 1236 2666 seitoteintelligentes,
1269 2631 1340 2666 quod
1371 2631 1459 2659 omnis
1492 2631 1649 2665 fornicator,
1676 2637 1720 2660 aut

933 2677 1097 2709 immundus,
1117 2681 1166 2705 aut.
1178 2685 1287 2708 avarus.
1301 2677 1345 2711 qui
1363 2682 1405 2705 est
1417 2677 1547 2706 idolorum
1559 2686 1720 2721 servus,n9n

932 2724 1013 2751 habet
1034 2724 1217 2751 hmreditatem
1250 2724 1276 2750 in
1303 2731 1384 2758 regno
1409 2724 1510 2751 Christi
1531 2729 1558 2752 et
1583 2724 1632 2752 Dei
1653 2723 1686 2752 3'.
1710 2734 1718 2750 ι

933 2770 1023 2805 Neque
1040 2771 1111 2798 enim
1127 2770 1306 2798 dubitaverim
1338 2777 1456 2804 unquam
1482 2771 1552 2804 quod
1569 2770 1722 2804 cuicunque

932 2822 1051 2851 potestas
1067 2816 1217 2851 imperandi
1236 2816 1364 2844 naturalis
1379 2821 1420 2844 est
1437 2817 1564 2852 dignitas,
1580 2817 1650 2843 lltltic
1663 2824 1723 2844 om-

939 2905 966 2933 5.
