1937 3036
102 159 172 187 10ιὸ

638 161 680 189 DE
700 162 749 190 SS.
769 162 960 191 TRlNlTATE
982 163 1157 193 DlALOGUS
1179 164 1222 193 Vl.

1675 170 1686 196 l
1693 169 1743 197 046

98 217 266 254 ωθούμενοι,
282 218 298 254 ἢ
320 219 379 246 καθ’
396 219 425 246 ὃν
442 220 551 256 ἀνάγκη
564 220 612 256 τῆς
636 221 776 256 βασιλείας
805 223 899 250 ἀπολι-

956 231 1004 258 quo
1020 224 1043 252 ei
1058 231 1140 260 regno
1151 225 1330 253 excidendum
1345 225 1390 258 sit,
1407 225 1527 254 inimicis
1538 225 1561 253 ei
1586 226 1742 262 substratis,

100 264 189 298 σῢεῖν,
223 265 462 293 ὑποπεπτωκότων
503 266 578 301 αὐτῷ
611 267 666 294 τῶν
699 268 816 304 ἐχθρῶν,
852 269 899 296 καὶ

100 310 317 346 ὑπεζευγμένων
335 311 387 348 ἤδη
404 311 458 339 τῶν
473 312 603 348 πολεμεῖν
620 312 794 348 ὲγνωκότων;

139 359 170 384 Β.
190 359 308 385 Ἔοικεν.

137 405 171 430 Δ.
196 404 347 439 Προσοείην
361 405 383 432 δ’
398 404 431 433 ἂν
448 405 547 440 ἔγωγε,
566 406 728 439 καταδείσας
740 407 826 440 οὐδὲν,
842 409 897 440 τοῖς

100 451 260 486 εἰρημένοις
291 452 338 478 καὶ
356 452 436 478 τάδε’
465 452 645 488 Ἀνατροπὴν,
672 453 709 485 ὡς
747 452 829 484 ἔοικε.
848 452 899 487 τῆς

100 496 150 522 τοῦ
167 497 232 524 Υίοῦ
244 498 381 532 βασιλείας
394 499 407 526 ὁ
425 499 519 534 Πατὴρ
535 499 690 535 εἰργάζετο,
706 499 770 532 τοὺς
785 499 899 535 ἐχθροὺς

100 542 243 575 ὑποτιθεὶς
260 544 346 578 αὐτῷ,
369 544 416 572 καὶ
431 545 495 577 τοὺς
515 545 661 581 μισοῦντας
683 545 763 572 αὑτὸν
781 546 897 582 τροποῦ-

102 597 195 622 μενος.
216 590 287 625 Ἔφη
310 590 363 626 γὰρ
378 590 505 617 οὕτωδιὰ
521 592 613 626 φωνῆς
631 590 677 618 τοῦ
696 591 788 618 Δαϐίδ.
810 591 898 626 Ἀλοίη

99 633 125 659 δ’
144 633 179 660 ἂν
191 634 238 661 καὶ
253 635 334 667 αὐτὸς
360 637 373 662 ὁ
395 636 458 668 Υἱὸς
474 637 619 672 ὴγνοηκώς
638 646 689 664 που
711 638 782 673 τάχα
807 637 840 665 τὰ
864 637 898 664 δι’

100 676 141 707 ὧν
160 678 194 716 ἧν
210 680 339 708 δύνασθαι
362 683 470 718 μακράν
497 691 528 709 τε
555 684 601 710 καὶ
623 684 821 711 ἁκατάσειστον
842 684 900 711 δια-

100 728 254 763 κεκτῆσθαι
266 728 354 761 δόξαν.
369 729 406 755 Ob
420 729 472 764 γὰρ
492 730 525 756 ἂν
541 729 617 766 ᾠήθη
631 731 686 757 δεῖν
705 733 760 763 τοῖς
784 731 899 766 ἀποφοιη

99 772 187 800 τῶσιν
207 774 247 800 ἔτι
263 775 331 809 πρὸς
348 775 377 801 τὺ
394 775 510 811 ὲξήνιον,
528 776 576 803 καὶ
595 777 645 812 τὴν
667 778 696 803 ὲν
712 777 802 804 πίστει
822 786 898 804 νοου-

102 818 191 853 μένην
205 819 343 856 ὑποταγὴν
358 820 389 847 οὑ
410 822 602 857 προσιεμένοις
624 822 667 850 διὰ
689 823 719 850 τὸ
740 823 900 858 δυσάγωγον

100 863 150 890 τοῦ
170 865 284 900 τρόπον,
305 866 502 903 φιλανθρώπως
518 868 665 903 ἐπιφωνεῖν
677 878 685 884 ·
709 879 717 895 ι
733 869 816 897 Δεῦτε
830 870 899 906 πρός

102 919 150 945 με,
174 912 276 944 πάντες
288 914 312 940 ol
328 914 478 946 κοπιῶντες
503 915 550 941 καὶ
569 916 795 951 πεφορτισμένοι,
820 916 898 951 κάγὼ

101 957 253 984 ἀναπαύσω
267 959 463 996 ὑμᾶς.”Δρατε
483 960 528 987 τὸν
544 960 625 995 ζυγόν
647 970 698 996 μου
723 963 765 998 ἐφ’
788 963 869 999 ὑμᾶς.
888 973 897 990 ι

100 1000 140 1029 Ἶι
154 1003 215 1039 οὐχὶ
230 1004 263 1039 δὴ
277 1005 307 1032 τὸ
327 1005 410 1040 φάναι
424 1007 514 1037 ταυτὶ,
528 1007 742 1041 κατασοὸοῦντος
762 1010 802 1041 εὶς
825 1009 900 1045 λῆξιν

100 1050 145 1085 εἴη
171 1050 214 1084 ἂν,
238 1048 260 1078 ὢ
285 1052 374 1086 “γαοὲ,
396 1053 446 1089 τὴν
465 1053 562 1080 ἑαυτοῦ
583 1054 719 1090 βασιλείαν
742 1056 790 1083 καὶ
809 1056 904 1088 δόξαν.

100 1095 184 1131 εἴπερ
194 1095 307 1131 ἔμελλεν
320 1098 546 1135 ὑποτεταγμένων
559 1101 588 1127 οὑ
601 1100 746 1137 κατάρξειν
759 1101 799 1129 ἔτι
810 1110 818 1134 ;

137 1143 170 1170 Β.
190 1140 253 1170 Ὧδε
274 1144 338 1179 ἔχει.

138 1191 162 1215 Λ
193 1189 278 1226 Φαὶην
298 1190 320 1217 δ’
336 1190 378 1223 ἂν,
396 1191 437 1218 ὅτι
453 1191 689 1229 ψευδομυθήσειεν
704 1194 737 1221 ἂν
753 1193 800 1221 καὶ
818 1194 899 1226 αὐτὸς

99 1235 114 1261 ὁ
130 1235 236 1271 Πατὴρ,
253 1235 292 1267 ὡς
308 1236 550 1273 ὲνανθρωπήσαντι
571 1239 660 1273 λέγων
675 1239 713 1275 τῷ
730 1239 787 1274 Υἰῷ
797 1248 803 1254 ·
828 1249 837 1266 ‹
853 1240 900 1267 Λῖ-

99 1290 186 1316 τησαι
200 1282 265 1318 παρ’
278 1282 357 1318 ἐμοῦ,
368 1283 415 1310 καὶ
426 1283 505 1311 δώσω
522 1293 564 1311 σοι
575 1285 640 1320 ἔθνη
654 1284 703 1320 τὴν
714 1285 899 1321 κληρονομίαν

102 1335 164 1359 που,
180 1328 227 1354 καὶ
250 1328 300 1363 τὴν
324 1329 489 1364 κατάσχετίν
506 1338 552 1356 σου
568 1331 602 1357 τὰ
618 1331 724 1366 πέρατα
743 1331 792 1366 τῆς
807 1330 869 1366 γῆς.
887 1341 896 1357 ι

101 1373 160 1400 Ποῦ
176 1372 231 1408 γὰρ
245 1373 285 1400 ἔτι
300 1373 347 1400 τοῦ
364 1374 429 1400 Υἱοῦ
448 1376 526 1402 νοοῖτ’
545 1375 577 1402 ἂν
592 1376 606 1402 ὁ
622 1376 731 1411 κλῆρος,
743 1377 768 1402 ει
786 1376 899 1412 παραδί-

100 1419 178 1446 δοται
197 1419 236 1454 τῷ
255 1420 361 1455 [lat-pi;
386 1421 442 1447 Ποῦ
456 1421 485 1448 δὲ
496 1421 527 1448 τὺ
537 1422 586 1457 τῆς
602 1421 793 1457 κατασχέσεως
804 1422 900 1458 χρῆμα.

101 1465 149 1492 τὸν
172 1466 240 1501 αὐτῇ
258 1467 400 1501 πρέποντα,
410 1466 538 1495 διασώσει
561 1468 651 1503 λόγον,
669 1470 693 1495 εἰ
710 1468 848 1502 ἐξίσταται
867 1469 898 1496 τὸ

101 1511 190 1543 δοθὲν,
206 1512 253 1538 καὶ
264 1511 345 1546 ἡνίκα
353 1511 386 1547 δὴ
397 1512 466 1548 χρῆν
481 1513 641 1550 ὲρηρεῖσοαι
655 1514 755 1546 καλῶς,
767 1514 899 1550 ἀδόκητον

102 1558 200 1594 ὥσπερ
215 1558 347 1593 ὑπομένει
362 1558 409 1585 τὸν
423 1558 537 1593 κλόνονς

916 902 936 929 Β

951 277 982 296 ac
992 271 1097 298 deruunt
1116 271 1248 306 subjectis
1263 271 1428 299 rebellibus?

984 366 1014 392 Β.
1027 364 1064 392 lla
1081 366 1168 402 plane.

985 411 1018 440 Α.
1029 412 1134 441 Addere
1144 419 1234 442 autem
1246 415 1278 442 iis
1298 424 1358 450 quin
1372 416 1447 450 prius
1463 416 1579 444 diximus
1602 416 1674 444 istud
1691 425 1744 445 non

950 459 1082 486 verebor:
1095 459 1206 493 Evertit,
1220 465 1249 488 ut
1263 461 1379 494 videtur,
1395 461 1456 488 Filii
1466 469 1577 497 regnum
1588 461 1744 495 Pater,cum

950 504 974 531 ei
990 505 1105 540 subjecit
1117 506 1252 538 inimicos,
1270 510 1298 534 et
1312 507 1434 535 odientes
1447 508 1597 543 cumel3
1608 508 1633 534 in
1655 507 1744 543 fugant

951 550 1030 577 vertit
1046 559 1053 582 ;
1070 551 1110 579 sic
1121 551 1192 578 enim
1209 552 1332 587 dixitper
1355 560 1446 580 vocem
1462 553 1572 581 Duvidis
1586 554 1620 581 δ’.
1648 553 1701 581 Sed
1719 559 1745 581 et

951 595 1007 630 ipse
1020 597 1104 625 Filius
1120 603 1249 632 arguetur
1262 606 1292 626 ea
1315 598 1406 626 forsan
1435 599 1586 634 ignorasse,
1607 607 1656 634 per
1684 607 1744 633 qua:

951 641 1058 676 longam
1076 647 1102 670 et
1114 643 1303 671 inconcussam
1313 644 1425 679 gloriam
1443 649 1534 680 posset
1549 644 1743 673 oblinere.Non

949 689 1022 716 enim
1035 693 1342 724 putassetcontumaces
1366 698 1398 718 ac
1432 691 1558 724 rebelles,
1580 692 1681 728 quique
1708 693 1743 720 oh

952 743 1040 763 mores
1050 736 1207 771 praeit-actos
1218 737 1414 772 subiectionem
1439 729 1500 765 tidei
1526 738 1653 773 amplecti
1684 738 1743 766 nol~

951 781 1017 814 lent,
1032 783 1074 810 his
1085 783 1175 810 verbis
1190 783 1305 819 benigne
1320 783 1520 818 eompcllandos
1537 793 1543 811 :
1569 793 1578 810 ι
1601 784 1697 812 Venite
1709 784 1743 812 ad

952 835 995 855 me
1006 849 1013 861 ,
1023 836 1117 856 omnes
1128 829 1173 863 qui
1193 829 1333 862 laboratis,
1351 834 1378 857 et.
1392 831 1496 857 onerati
1510 830 1585 862 estis,
1602 835 1628 858 et
1642 838 1691 865 ego
1705 839 1743 858 re-

952 873 1040 901 ﬁciam
1059 882 1116 902 vos.
1134 874 1232 903 Tollite
1257 875 1351 910 jugum
1382 883 1470 904 meum
1500 884 1584 911 super
1614 885 1660 904 vos
1671 877 1704 904 ⁵³.
1730 887 1740 903 ι

953 920 1088 955 Numquid
1104 921 1162 950 haec
1178 922 1279 954 dicere,
1293 930 1308 950 ο
1321 922 1401 953 bone.
1419 930 1502 957 regno
1515 927 1542 949 et
1569 922 1661 957 gloria:
1686 930 1743 951 sum

953 967 1032 994 tinem
1045 969 1210 996 arcessentis
1219 969 1282 1002 erit,
1301 969 1323 996 si
1349 968 1464 996 subditis
1480 969 1662 1004 imperaturus
1687 976 1739 996 non

951 1014 986 1043 sit
997 1015 1129 1049 amplius?

985 1147 1015 1175 Β.
1035 1147 1070 1174 Ita
1086 1155 1129 1176 res
1139 1152 1192 1176 est.

985 1194 1018 1222 A.
1041 1194 1160 1222 Dixerim
1180 1201 1244 1223 vero
1270 1194 1359 1230 ipsum
1386 1201 1495 1229 quoque
1521 1194 1629 1222 Patrem
1645 1195 1744 1222 ruenti—

948 1242 1007 1266 tum
1028 1247 1089 1266 cum
1119 1240 1191 1267 velut
1208 1240 1350 1268 incantato
1376 1240 1445 1268 Filio
1459 1239 1541 1268 dicit:
1561 1249 1570 1266 ι
1606 1240 1741 1268 Postulaa

950 1293 1004 1318 me,
1025 1290 1053 1312 et
1086 1285 1155 1313 dabo
1180 1285 1228 1313 tibi
1260 1290 1355 1321 gentes
1379 1285 1566 1314 lmreditatem
1605 1291 1688 1316 tuam,
1716 1290 1743 1312 et

951 1332 1149 1366 possessionem
1178 1336 1250 1360 tuam
1270 1333 1401 1360 terminos
1416 1337 1496 1361 terra
1515 1332 1549 1360 “.
1569 1341 1578 1359 ι
1596 1331 1646 1360 Ubi
1668 1331 1741 1358 enim

950 1376 1012 1404 Filii
1037 1378 1143 1405 demum
1171 1385 1232 1405 esse
1255 1369 1413 1406 censebitur
1440 1377 1598 1410 haereditas,
1627 1377 1650 1404 si
1667 1376 1740 1404 Patri

952 1422 1089 1450 traditur?
1120 1423 1171 1451 Ubi
1185 1429 1274 1452 autem
1294 1424 1476 1459 possessionis
1506 1423 1575 1451 ratio
1597 1423 1741 1456 constabit,

951 1466 973 1494 si
991 1467 1061 1501 quod
1090 1467 1183 1495 datum
1199 1473 1239 1497 est
1263 1469 1357 1501 emuit,
1374 1473 1472 1496 etcum
1490 1468 1606 1496 stabiliri
1624 1468 1742 1496 maxime

950 1517 1066 1548 oportet,
1082 1513 1220 1549 inopinato
1240 1515 1321 1542 veluti
1330 1521 1394 1542 casn
1406 1514 1482 1542 ruit?

141 1604 172 1629 Β.
199 1603 374 1640 Ἀπχρῶσαν
398 1604 447 1640 μὲν
472 1605 522 1641 ἤδη
548 1605 677 1639 γενέσθαι
700 1605 772 1641 φημὶ
786 1606 832 1633 καὶ
849 1607 898 1634 οὐκ

987 1603 1016 1631 Β.
1030 1603 1102 1632 Satis
1116 1610 1253 1639 superque
1277 1603 1441 1632 adversariis
1458 1603 1592 1638 obiectum
1616 1608 1695 1638 puto:
1708 1602 1742 1630 ad

102 1650 205 1685 ἀγεννῆ
219 1651 270 1687 τὴν
285 1651 525 1683 ᾁντίστασιν.“¹ἰοις
546 1651 568 1677 δ’
583 1651 615 1679 ἂν
636 1652 673 1684 ὠς
685 1652 782 1688 ἥδιστα
803 1661 834 1687 γε
853 1653 899 1680 καὶ

103 1697 149 1724 ἐπ’
164 1698 252 1724 ἐκεῖνο
274 1696 407 1729 λοιπὸν,ὃ
429 1697 477 1724 καὶ
499 1695 576 1733 οἶμαι
599 1706 650 1725 που
671 1699 728 1730 τοῖς
741 1699 899 1734 εἰρημένοις

104 1742 198 1769 ἐνδεῖν.
214 1743 318 1770 Μαθεῖν
343 1743 398 1779 γὰρ
422 1743 473 1770 οὐκ
493 1742 547 1778 ἔχω
571 1744 642 1771 κατὰ
667 1744 698 1770 τὸ
717 1744 827 1778 ἀληθὲς,
843 1745 857 1772 ὃ
874 1744 899 1771 τί

103 1788 172 1816 ποτέ
193 1790 253 1816 ἐστι
276 1788 316 1821 τὸ,
334 1789 530 1825 παραδίδοσθαι
544 1789 584 1825 τῷ
598 1789 659 1825 Θεῷ
683 1790 728 1816 καὶ
748 1791 836 1826 Πατρὶ
849 1791 900 1826 τὴν

103 1834 246 1870 βασιλείαν
262 1834 339 1869 παρὰ
351 1834 398 1860 τοῦ
414 1834 490 1862 nos.

141 1883 173 1909 Δ.
195 1882 232 1909 Οὑ
248 1881 313 1917 γὰρ,
329 1878 351 1907 ὦ
369 1881 485 1915 γενναῖε,
503 1881 551 1908 καὶ
564 1881 645 1914 αὐτὸς
663 1882 745 1917 ἐρεῖς,
764 1882 805 1908 ὅτι
820 1881 902 1917 356a-

102 1929 213 1955 σίλενκε
230 1928 279 1963 μὲν
301 1928 319 1963 ἡ
339 1926 594 1962 δυσκαταγώνιστος
614 1927 748 1963 ἁμαρτία,
767 1928 900 1964 τετυραν-

102 1983 171 2010 νηκε
199 1974 228 2001 δὲ
253 1973 313 2000 καθ’
332 1973 410 2009 ἡμῶν
435 1973 483 2000 καὶ
509 1973 598 2009 φθορὰ
622 1975 669 2000 καὶ¹
695 1974 826 2007 θάνατος,
853 1974 900 2001 καὶ

103 2021 256 2048 ἐπλάτυνεν
270 2020 285 2046 ὁ
301 2019 366 2055 ᾅδης
389 2020 438 2056 τὴν
453 2019 543 2055 ψυχὴν
564 2019 659 2053 αὐτοῦ,
675 2020 722 2047 καὶ.
739 2020 855 2056 διήνοιξε
869 2020 900 2047 τὸ

103 2067 194 2102 στόμα
211 2067 295 2094 αὑτοῦ
313 2066 359 2094 τοῦ
384 2066 422 2102 μὴ
439 2066 584 2099 διαλιπεῖν,
605 2065 676 2093 κατὰ
692 2066 721 2093 τὸ
735 2066 899 2102 γεγραμμέ-

103 2123 150 2141 νον
160 2123 167 2146 ;

140 2161 171 2187 Β.
193 2160 262 2187 Ναί·
281 2160 364 2195 σαφὲς
380 2159 434 2195 γὰρ
450 2159 508 2186 λίαν
522 2158 562 2195 τῷ
579 2167 609 2193 γε
620 2159 667 2186 καὶ
677 2158 764 2192 οὕτως
780 2159 880 2196 ἔχοντι.

140 2249 173 2275 Δ.
195 2248 228 2275 Τί
245 2247 288 2282 δέ;
307 2247 367 2283 οὺχὶ
383 2247 430 2274 καὶ
451 2247 486 2274 τὰ
506 2247 641 2283 ἐγκόσμιοι
660 2248 740 2275 ταυτὶ
755 2248 806 2283 τῆς
822 2257 901 2284 πονη-

105 2295 170 2332 ρίας
185 2295 339 2330 πνεύματα,
356 2294 403 2321 καὶ
415 2295 429 2321 ὁ
440 2294 490 2329 τῆς
505 2295 617 2330 ἐκείνων
634 2295 753 2331 πληθύος
766 2304 900 2331 προεστη-
918 2286 939 2313 D

103 2342 175 2374 κὼς,
188 2341 252 2376 ὃλην
269 2341 363 2377 ὥσπερ
385 2342 441 2373 τοῖς
463 2341 538 2373 ἰδίοις
553 2341 632 2368 ποσὶν
648 2342 834 2377 ὑποστορέσαν
851 2342 900 2377 τήν

103 2388 283 2424 οἰκουμένην,
296 2387 357 2419 θεὸς
371 2388 419 2423 μὲν
432 2388 513 2420 αὐτὸς
525 2388 734 2424 κατωνόμασται
745 2388 792 2414 τοῦ
805 2388 902 2421 αἰῶνος

103 2434 214 2467 τούτου,
237 2434 272 2461 τὰ
296 2434 325 2460 δὲ
349 2432 394 2466 αὖ,
408 2434 538 2470 δυνάμεις
563 2443 594 2461 τε
621 2434 666 2461 καὶ
686 2434 770 2469 ἀρχαὶ
792 2435 838 2460 καὶ
855 2443 902 2460 κυ-

107 2482 243 2518 ριότητες,
263 2481 310 2508 καὶ
323 2481 434 2516 προσέτι
447 2481 553 2512 τούτοις
567 2481 804 2516 κοσμοκράτορες;

142 2527 173 2553 Β.
201 2525 322 2561 Ἀληθές.

143 2573 178 2600 Α.
205 2573 286 2600 Ἀλλὰ
301 2573 378 2600 ταυτὶ
397 2572 430 2609 δὴ
447 2572 537 2600 πάντα
560 2572 694 2599 κατοίσω-ν
710 2573 749 2604 εἰς
770 2571 799 2598 τὸ
819 2572 901 2608 μηδὲν

105 2620 154 2645 καὶ
174 2619 314 2653 ἀφανίσων
330 2619 448 2647 εἰσάπαν
462 2619 660 2654 ὲπιδεδήμηκεν
675 2618 689 2644 ὁ
701 2618 775 2650 Υἱὸς,
792 2618 836 2646 ἵνα
847 2619 901 2646 τῶν

105 2665 194 2691 πάλαι
212 2665 433 2701 κεκρατηκότων,
450 2665 499 2701 τῆς
515 2664 575 2692 καθ’
590 2664 669 2700 ἡμῶν
685 2664 841 2699 τυραννίδος
857 2665 903 2691 ὲκ-

106 2711 314 2747 σεσοῧημένων,
323 2711 353 2738 τὺ
363 2711 408 2738 τοῦ
420 2711 487 2739 Θεοῦ
499 2711 629 2746 καθαρῶς
639 2710 780 2746 ἐπιλάμψῃ
792 2709 902 2746 κράτος,

107 2758 156 2785 καὶ
174 2757 228 2784 ἀνὰ
243 2759 334 2784 πᾶσαν
346 2756 381 2784 ἴοι
394 2757 442 2792 τὴν
455 2757 516 2792 γῆν,
528 2755 775 2792 ἁναϐοθρευθείσης
794 2755 843 2791 μὲν
855 2755 904 2789 τῆς

109 2804 250 2840 ἁμαρτίας
264 2803 308 2830 διὰ
322 2803 371 2838 τῆς
390 2803 518 2836 πίστεως,
535 2802 792 2838 τεθριαμϐευμένων
809 2801 838 2828 δὲ
852 2797 905 2828 τῶν

147 2890 169 2906 "
184 2894 258 2922 Pral.
275 2903 407 2926 Luxu",
420 2895 464 2922 Ἡ.
504 2895 524 2910 “
539 2895 632 2922 Mullll.
657 2903 694 2927 Μ,
713 2894 758 2925 28,
775 2893 818 2921 2’9.

859 2893 878 2908 “
896 2891 966 2920 Psal.
984 2899 1012 2925 ιι,
1031 2891 1057 2918 8.

951 1650 1015 1678 illud
1044 1656 1134 1680 autem
1167 1650 1346 1679 libentissime
1371 1655 1397 1678 te
1412 1649 1547 1683 eonferes,
1575 1650 1645 1684 quod
1666 1648 1742 1684 prius

951 1696 1030 1724 dictis
1043 1696 1138 1724 deesse
1150 1695 1289 1724 existimo.
1311 1696 1415 1731 Capere
1429 1694 1529 1723 etenim
1546 1695 1617 1722 haud
1634 1701 1743 1730 possum

951 1749 1056 1774 reVera,
1083 1742 1214 1777 quidnam
1231 1743 1278 1777 _sit
1315 1742 1392 1775 illud,
1421 1742 1491 1770 tradi
1520 1741 1575 1769 Deo
1608 1748 1640 1768 ac
1668 1739 1742 1767 Patri

950 1796 1063 1825 regnum
1082 1797 1096 1816 a
1107 1788 1188 1821 Filio.

960 1876 963 1878 ’
989 1879 1022 1906 Α.
1050 1879 1147 1906 Annon
1178 1878 1235 1914 ipse
1250 1884 1359 1913 quoque
1384 1879 1468 1910 dices,
1489 1885 1506 1906 ο
1521 1879 1600 1910 bone,
1614 1883 1743 1912 regnasse

951 1929 1090 1960 peceatum
1114 1928 1267 1959 expugnatu
1281 1923 1398 1958 ditlicile,
1412 1924 1635 1959 tyrannidemtu
1645 1923 1672 1949 in
1695 1929 1744 1950 nos

951 1972 1106 1999 exercuisse
1133 1970 1334 2005 corruptionem
1359 1974 1386 1997 et
1409 1973 1536 2002 mortem,
1560 1973 1588 1997 et
1616 1969 1743 1996 dilatasse

952 2017 1088 2045 infernum
1115 2017 1233 2043 animant
1261 2023 1349 2048 suam,
1375 2020 1402 2042 et
1432 2016 1572 2049 aperuisse
1597 2023 1628 2044 os
1653 2023 1741 2047 suum,

951 2064 1052 2098 absque
1065 2063 1118 2093 ullo
1135 2062 1262 2095 termino,
1284 2061 1364 2090 sicuti
1379 2061 1510 2096 scriptum
1522 2066 1566 2089 est
1577 2060 1600 2077 ”
1614 2061 1625 2087 ?

987 2154 1017 2181 Β.
1033 2153 1131 2179 Etiam.
1151 2150 1233 2178 Valde
1257 2150 1328 2178 enim
1351 2150 1524 2185 perspicuum
1552 2153 1594 2177 est
1621 2149 1687 2177 illud
1711 2156 1742 2177 ac

951 2206 1068 2228 CCl'llllll.

986 2246 1018 2272 A.
1045 2244 1114 2278 Quid
1140 2243 1217 2271 vero?
1245 2249 1333 2270 nonne
1360 2246 1388 2270 et
1418 2242 1445 2268 hi
1473 2240 1602 2268 mundani
1630 2241 1743 2275 spiritus

954 2291 1091 2326 nequititc,
1104 2295 1130 2318 et
1145 2297 1238 2317 eorum
1257 2296 1367 2323 praeses,
1381 2289 1446 2315 orbe
1466 2293 1599 2314 terrarum
1609 2287 1744 2313 ‘universo

952 2339 1009 2367 suis
1024 2337 1222 2373 quodammodo
1243 2336 1356 2372 pedibus
1378 2336 1526 2366 substrato,
1558 2333 1615 2368 ipse
1634 2333 1742 2368 quidem

953 2386 1018 2413 deus
1030 2384 1121 2412 saeculi
1154 2383 1232 2418 hujus
1247 2382 1404 2410 nominatus
1419 2386 1470 2413 cst,
1483 2381 1519 2407 illi
1537 2385 1638 2414 autem,
1656 2380 1744 2407 virtu—

955 2424 1006 2463 tes',
1017 2436 1044 2458 et
1059 2429 1244 2465 principatus,
1276 2433 1303 2456 et.
1335 2427 1543 2458 dominationes,
1565 2433 1596 2452 ac
1615 2429 1744 2460 praeterea

955 2477 1046 2505 nmndi
1063 2475 1217 2511 principes?

990 2523 1020 2552 B.
1034 2522 1070 2550 ita
1081 2529 1203 2557 prorsus.

989 2570 1024 2596 A.
1062 2569 1160 2596 Athos
1193 2574 1288 2594 omnes
1324 2567 1350 2594 in
1379 2565 1493 2593 nihilum
1531 2565 1690 2593 reducturus
1720 2567 1745 2590 et

955 2616 1106 2644 aboliturus
1122 2613 1231 2641 advenit
1251 2612 1345 2645 Filius,
1363 2617 1392 2639 ut
1420 2604 1462 2639 de.
1478 2612 1618 2647 tyrannide
1646 2611 1691 2638 illa
1719 2611 1744 2637 in

957 2668 1006 2689 nos
1021 2659 1131 2693 deiectis
1144 2658 1189 2692 qui
1205 2657 1269 2685 olim
1290 2657 1458 2684 dominatum
1481 2657 1666 2688 obtinuerant,
1698 2655 1745 2682 Dei

957 2707 1075 2742 potentia
1090 2705 1162 2733 clare
1188 2704 1366 2734 illuccseeret,
1385 2707 1412 2730 et
1433 2710 1540 2730 omnem
1563 2707 1663 2730 terram
1681 2710 1744 2737 per-

959 2757 1072 2785 mearet,
1090 2751 1210 2778 funditus
1220 2750 1328 2785 quidem
1351 2755 1446 2776 everso
1459 2754 1570 2782 peccato
1581 2756 1628 2783 per
1650 2748 1744 2780 tidem,

960 2798 1133 2834 triumphalis
1150 2804 1215 2824 vero
1238 2795 1445 2831 principatibus,
1463 2793 1545 2831 614
1559 2799 1586 2823 et
1603 2793 1744 2830 potestati-

1098 2891 1119 2906 ³³
1132 2891 1182 2918 lsa.
1201 2897 1225 2924 ν,
1242 2888 1283 2916 ll.
