1937 3036
94 163 167 191 1049

94 223 140 249 ἐπὶ
160 221 265 258 υάτερα
281 221 460 258 παρατροπὴν
475 219 672 255 διωθούμενος·
689 219 769 247 πάθοι
786 219 839 255 γὰρ
856 219 888 246 Ξιν
903 222 928 249 Α

93 268 197 303 ἣκιστά
217 277 250 302 γε
267 268 297 295 τὸ
313 268 432 302 πεφυκὸς
452 267 542 302 ἀνιᾷν,
560 267 610 302 τὴν
628 266 696 301 ὑψοῦ
713 275 742 292 τε
759 267 806 292 καὶ
819 267 891 293 ἀνω-

92 313 169 343 τάτω
200 314 248 341 καὶ
270 314 319 350 τὴν
339 314 467 341 ὲπέκεινα
498 312 545 339 τοῦ
567 313 663 339 παθεῖν
686 312 891 347 ἀποτεμόμενος

94 361 190 395 φύσιν.
200 361 309 397 Ἐπειδὴ
334 361 362 387 δὲ
390 360 592 395 κατακερτομεῖ
612 367 653 390 τις
670 359 744 394 ἡμᾶς
767 358 834 393 πρὸς
851 356 892 389 οἷς

94 407 166 443 ἔφην
182 408 275 444 ἕτερος
298 406 353 433 τῶν
373 405 609 442 διεστραμμένων,
627 404 757 436 ἀσύνετος
779 404 839 439 μὲν,
854 403 892 436 ὡς

95 454 183 487 ἔοικε,
200 453 272 489 πλὴν
287 454 339 480 οὐκ
355 453 477 489 ἄτραχυς
493 453 583 487 λόγος,
601 452 644 479 ἐπ’
658 451 740 478 αὑτὸν
753 450 863 477 τεινέτω
879 451 894 477 ὁ

95 501 193 527 τείνων
203 501 234 527 τὸ
246 500 322 533 τόξον
332 500 429 533 αὑτοῦ,
440 499 510 527 κατὰ
521 499 569 535 τὴν
579 499 626 526 τοῦ
639 499 778 535 προφήτου
790 497 893 533 φωνὴν,

95 547 146 573 καὶ
162 547 206 574 ἐπ’
220 546 295 582 αὐτῷ
308 547 490 582 περιτιθέσθω
506 546 520 573 6
537 545 745 581 περιτιθέμενος
763 544 811 580 τὴν
828 545 894 580 ῥομ-

97 593 184 628 φαίαν
197 593 291 626 αὑτοῦ,
309 593 323 620 ὃ
337 594 411 620 ἐστιν
427 592 498 619 ὅπλα
511 590 606 618 αὑτοῦ.

136 640 170 669 Β.
195 640 238 671 Ὠς
251 637 280 666 εὖ
298 639 352 666 ἴσοι
361 648 404 666 τοι
417 638 542 674 δριμείας
554 638 628 673 ἡμᾶς
641 636 804 670 ἀπαλλάξεις
813 644 897 671 φρον-

97 686 182 718 τίδος,
197 685 275 721 οἷμον
299 685 346 712 ῑὼν
360 685 483 719 ταυτηνὶ,
501 685 549 712 καὶ
571 682 748 720 παρενεγκὼν
764 683 803 714 είς
817 681 896 709 τοῦτο

96 731 148 758 τοῦ
162 731 241 766 λόγου
254 731 302 768 τὴν
318 732 442 767 βάσανον.
460 731 528 758 Φασὶ
544 730 642 763 τοίνυν,
660 731 701 757 ὅτι
717 730 770 756 Τὸν
782 729 896 765 ὁμόθρο-

98 786 157 811 νον,
176 778 235 805 καθ’
253 778 335 814 ὑμᾶς,
353 777 392 813 τῷ
412 777 511 813 Πατρὶ,
527 777 576 804 καὶ
598 776 737 812 σκῆπτρον
753 775 846 811 ἔχοντα
866 775 897 802 τὸ

99 824 265 859 Θεοπρεπὲς,
280 824 306 851 τί
328 823 365 860 μὴ
380 823 427 850 καὶ
446 823 514 851 ἰδίαν
528 823 724 858 διαηκτῆσθαι
737 822 851 858 δύναμιν
868 822 897 849 αι

99 870 276 897 θεόπνευστοι
307 869 503 905 χρησμῳδοῦσι
529 870 654 906 Γραφαί;
686 868 901 904 Ἑνεργούμενον

99 917 156 953 γὰρ
171 917 246 952 αὐτῷ
260 917 292 952 δὴ
310 917 384 944 τουτὶ
408 917 438 943 τὺ
460 916 601 950 δύνασθαι,
621 915 697 952 παρὰ
717 915 764 944 τοῦ
788 915 894 951 Πατρὸς

99 963 207 991 κατίδοι
225 972 267 995 τις
281 964 325 996 ἂν,
339 963 386 990 καὶ
403 963 432 996 ἐξ
452 963 543 989 αὐτῶν
557 962 692 998 ἁναμάθοι
708 961 763 988 τῶν
777 961 825 989 τοῦ
836 962 894 988 Σω-

99 1010 186 1045 τῆρος
213 1009 430 1045 ρημάτων.¹Εφη
455 1009 526 1045 γάρ·
547 1009 654 1044 ι’Δμὴν
679 1009 751 1043 λέγω
775 1008 848 1043 ὑμῖν,
865 1008 895 1034 οὐ

99 1056 213 1082 δύναται
237 1056 251 1082 6
277 1055 342 1087 Υἱὸς
368 1056 454 1082 ποιεῖν
476 1055 522 1089 ἀφ’
536 1054 639 1080 ἑαυτοῦ
650 1053 736 1084 οὐδὲν,
751 1052 800 1079 ἐὰν
816 1053 852 1088 μή
869 1060 896 1078 τι

102 1102 192 1139 βλέπῃ
204 1102 249 1129 τὸν
265 1102 375 1138 Πατέρα
392 1101 570 1129 ποιοῦντα.“Α
584 1100 639 1136 γὰρ
655 1100 687 1127 ἂν
701 1101 804 1131 ἐκεῖνος
820 1100 895 1135 ποιῇ,

100 1147 190 1174 ταῦτα
206 1147 253 1173 καὶ
268 1147 281 1173 6
297 1146 360 1178 Υἱὸς
374 1146 476 1182 ὁμοίως
493 1147 574 1173 ποιεῖ.
591 1155 601 1171 ι
624 1145 679 1172 Καὶ
695 1144 776 1172 πάλιν
789 1153 795 1159 '
815 1154 824 1171 ι
836 1144 896 1171 ’Λπ⁹

101 1192 224 1228 ἐμαυτοῦ
235 1193 310 1219 οὐδὲν
323 1191 403 1225 ποιῶ,
412 1193 426 1219 6
438 1192 466 1218 δὲ
477 1191 573 1228 Πατὴρ
585 1192 614 1218 ἐν
627 1191 689 1227 ἐμοὶ
704 1190 802 1226 μένων,
816 1189 897 1221 αὐτὸς

101 1241 176 1266 ποιεί
189 1240 223 1266 τὰ
236 1239 312 1275 ἔργα,
328 1248 338 1265 ι

137 1287 170 1312 Α.
198 1285 300 1320 Ἰπχύος
321 1282 368 1312 οὖν
393 1284 448 1321 ἄρα
473 1285 522 1320 τῆς
546 1284 715 1320 θεοπρεποῦς
738 1285 832 1311 ἐπιδεᾶ
851 1284 898 1311 καὶ

100 1332 215 1359 ἄναλκιν
229 1328 336 1366 ἀληθῶς
347 1330 393 1357 τὸν
409 1332 441 1357 ἐκ
460 1331 528 1357 Θεοῦ
543 1331 650 1366 Πατρδς
666 1331 807 1366 πεφηνότα
821 1331 896 1362 Υιδν,

99 1380 115 1406 ὁ
129 1378 235 1414 θρασὺς
254 1378 309 1404 τῶν
329 1377 483 1409 διεναντίας
501 1377 738 1412 καταμαντεύετοιι
753 1378 842 1412 λόγος,
857 1376 898 1409 οἷς

100 1423 136 1450 ἂν
154 1423 267 1451 εἰκότως
286 1422 353 1457 πρός
365 1431 394 1448 τε
412 1422 490 1458 ἡμῶν
505 1422 594 1450 αὐτῶν
611 1423 657 1449 καὶ
674 1423 742 1458 πρὸς
756 1423 841 1449 αὐτοῦ
855 1423 898 1449 λέ-

101 1478 178 1504 γοιτο
191 1468 238 1495 τοῦ
254 1468 382 1504 Χριστοῦ·
401 1478 410 1493 ί
426 1468 576 1501 Πλανᾶσθε,
594 1468 631 1504 μὴ
646 1468 748 1500 εἰδότες
765 1468 813 1500 τὰς
828 1469 898 1504 Γρα-

103 1515 168 1550 φὰς.
188 1515 254 1550 μηδὲ
275 1515 323 1550 τὴν
340 1514 454 1550 δύναμιν
470 1513 517 1541 τοῦ
535 1513 613 1541 Θεοῦ.
630 1524 639 1540 ι
651 1515 756 1550 Ὥσπερ
773 1514 827 1550 γάρ
842 1515 899 1541 ἐστι

103 1562 154 1589 καὶ
162 1561 244 1588 εἰκὼν
257 1561 304 1588 τοῦ
315 1561 432 1597 Πατρδς,
447 1561 494 1587 καὶ
505 1561 598 1595 σοφία,
610 1560 656 1587 καὶ
670 1560 744 1593 δόξα,
754 1561 800 1587 καὶ
811 1560 900 1587 ἀπαύ-
915 1578 939 1609 C

103 1616 211 1644 γασμα,
226 1608 272 1636 καὶ
295 1607 448 1644 χαρακτὴρ,
465 1606 552 1639 οὕτως
566 1607 645 1634 νοοῖτ*
661 1607 694 1633 ἂν
716 1607 762 1633 καὶ
776 1607 900 1642 δύναμις,

103 1655 140 1682 δι’
157 1652 191 1690 ἧς
207 1653 320 1689 ἐνεργὸς
332 1654 372 1685 εἰς
395 1653 450 1680 πᾶν
470 1652 559 1679 ὁτιοῦν
574 1652 628 1679 τῶν
645 1652 839 1687 πεποιημένων
858 1653 904 1686 γέ-

103 1699 169 1734 γονέ
189 1707 230 1731 τε,
247 1699 294 1725 καὶ
311 1698 380 1731 ἔστι,
397 1697 444 1724 καὶ
461 1697 547 1724 ἔσται.
568 1707 578 1723 ι
592 1697 684 1724 Πάντα
702 1697 756 1732 γὰρ
772 1698 804 1724 δι’
821 1697 904 1724 αὐτοῦ

104 1747 227 1781 ἐγένετο,
240 1746 288 1772 καὶ
301 1745 385 1781 χωρὶς
400 1743 482 1771 αὐτοῦ
498 1744 606 1778 ἐγένετο
617 1744 702 1771 οὐδέν.
719 1745 838 1779 ιὊνπερ
851 1743 905 1779 γὰρ

105 1794 208 1829 τῷπον
231 1793 256 1818 oi
281 1791 449 1827 βαναυσικῆς
472 1799 544 1822 τινος
570 1790 669 1826 τέχνης
701 1790 904 1825 ἐπιστήμονες,

105 1838 275 1875 χαλκοτύποι
291 1837 383 1872 τυχὸν,
398 1837 482 1872 ἤγουν
501 1835 670 1871 ἐπιτήδευμα
689 1836 719 1862 τὸ
733 1835 905 1870 λιθουργικὺν

106 1886 159 1912 οὐκ
174 1884 357 1919 ἀοαυμάστως
371 1883 566 1919 ἐξησκημένοι,
585 1882 671 1918 δρῷεν
686 1882 719 1909 ἂν
738 1882 786 1917 οὐχ
804 1881 906 1917 ἑτέρως

106 1931 144 1958 τὰ
163 1930 412 1966 τεχνουργοὺμενα,
427 1929 500 1964 πλὴν
521 1929 561 1955 ὅτι
584 1928 628 1955 διὰ
651 1929 741 1964 χειρὸς
757 1929 806 1963 τῆς
826 1928 905 1960 ἰδίας,

108 1977 159 2005 καὶ
185 1977 236 2012 τῆς
259 1976 371 2012 ἐνούσης
394 1976 487 2007 αὐτοῖς
509 1975 654 2010 ἀσκήσεώς
668 1983 696 2001 τε
710 1974 778 2010 ὁμοῦ
796 1974 906 2009 καὶτῆς

107 2026 150 2057 εἰς
170 2025 239 2060 ἔργα
254 2023 347 2058 σοφίας
357 2031 364 2038 ⁸
380 2022 452 2050 κατὰ
466 2022 511 2049 τὸν
522 2021 615 2054 αὐτὸν,
629 2019 717 2057 οἶμαι,
729 2021 808 2055 λόγον
818 2023 832 2047 6
842 2021 907 2052 θεὸς

107 2072 158 2098 καὶ
174 2070 279 2105 Πατὴρ,
297 2069 346 2105 τὴν
361 2070 404 2104 ἐφ’
417 2067 458 2101 οἷς
479 2069 512 2095 ἂν
532 2068 686 2103 ἐθελήσειεν
702 2067 843 2103 ἐνέργειαν
859 2068 907 2103 δη-

110 2117 294 2153 μιουργικὴν,
312 2116 349 2148 ὡς
372 2115 416 2142 διὰ
439 2115 581 2150 δυνάμεως
609 2114 675 2146 ιδίας
698 2115 839 2150 ποιήσεται
860 2114 907 2141 τοῦ

108 2164 188 2192 Υἱοῦ.
207 2165 261 2190 Καὶ
279 2163 345 2198 γοῦν
361 2164 375 2190 6
389 2163 460 2194 θεῖος
475 2162 567 2193 Amata,
584 2161 674 2194 ζῶσάν
697 2171 726 2188 τε
752 2162 798 2189 καὶ
809 2162 909 2189 ὲνυπό-

109 2220 211 2239 στατον
239 2211 380 2246 ἐνέργειαν
397 2219 428 2236 τε
447 2210 494 2236 καὶ
508 2209 622 2244 δύναμιν
639 2208 686 2235 τοῦ
707 2209 814 2245 Harpe,-
831 2209 909 2241 εἰδὼς

629 158 673 186 DE
695 158 744 185 SS.
766 157 954 185 TRlNll'.\TE
975 159 1147 189 Dl.\LOGUS
1170 162 1212 191 Vl.

1666 163 1735 191 1050

941 226 1023 254 pctuo
1041 229 1071 249 se
1081 222 1236 250 habiturum
1263 222 1332 250 citra
1355 223 1437 251 ullam
1463 223 1488 251 in
1505 222 1577 250 aliud
1604 223 1735 249 mutatio-

944 272 1015 291 nem.
1034 265 1125 300 Neque
1140 267 1212 294 euim
1233 268 1339 294 molesti
1352 268 1499 303 quidquam
1529 267 1659 302 patietur,
1689 267 1734 300 qui

942 309 1086 338 sublimem
1121 315 1149 339 et
1185 312 1256 339 ultra
1286 319 1393 339 omnem
1428 313 1584 347 passionem
1618 310 1734 345 positam

943 355 1252 386 sortitusestuaturam.
1277 358 1409 392 Quoniam
1424 362 1512 386 autem
1541 357 1662 385 haeretici
1675 357 1735 383 aliis

943 409 993 429 nos
1019 410 1100 438 porro
1114 403 1205 431 verbis
1229 404 1412 437 iudiiicantur,
1432 404 1535 431 insanis
1555 403 1665 438 quidem
1682 402 1735 429 illis

943 453 971 476 et
985 449 1099 483 asperis,
1115 450 1348 478 idcircointendat
1373 451 1516 478 intendens
1532 457 1625 478 arcum
1644 455 1733 480 suum.

941 495 1017 530 juxta
1032 495 1173 531 Propheta:
1189 497 1324 530 vocem”,
1347 502 1374 524 et
1385 497 1543 532 accingalur
1557 496 1604 531 qui
1615 494 1734 529 accingi-

947 546 989 570 tur
1005 541 1095 577 gladio
1115 550 1175 575 suo,
1195 550 1253 578 qua:
1269 548 1332 570 sunt
1343 550 1418 570 arma
1431 543 1498 577 ejus.

983 629 1012 656 Β.
1024 629 1086 657 Acri
1099 637 1148 658 nos
1169 630 1261 665 utique
1274 637 1339 657 cura
1355 629 1484 657 liberabis
1498 628 1519 656 si
1539 627 1610 655 hanc
1628 627 1738 654 insistas

946 677 1030 709 viam,
1045 680 1072 703 et
1088 676 1158 704 istud
1174 676 1288 703 rationis
1301 674 1531 702 exantcnail'eras.
1553 673 1637 700 Aiunt
1651 679 1714 705 ergo
1728 680 1735 699 :

948 722 1046 761 Quidni
1070 721 1217 756 Scriptura:
1256 722 1386 749 divinitus
1423 720 1561 754 inspirata:
1599 718 1736 753 propriam

947 776 1056 804 quoque
1082 769 1136 795 vim
1169 775 1200 795 ac
1222 772 1383 802 potestatem
1409 767 1536 794 obtinere
1559 763 1738 799 pronuntiant

948 824 1009 844 eum
1027 815 1084 850 qui,
1112 819 1141 842 ut
1162 815 1256 848 vultis,
1283 815 1309 841 in
1336 814 1431 841 eodem
1455 813 1523 840 solio
1560 819 1621 839 cum
1657 810 1739 837 Patre

948 863 1080 896 considet,
1089 870 1121 890 ac
1135 867 1272 897 sceptrum
1283 862 1364 888 habet
1374 861 1429 888 Deo
1441 858 1609 894 congruum?
1620 857 1738 892 Operam

950 911 975 938 tli
991 910 1063 938 enim
1081 913 1245 945 potestatem
1265 908 1302 936 illi
1315 908 1373 935 ﬁeri
1395 915 1409 934 a
1430 906 1510 933 Patre
1530 904 1644 935 videbis,
1656 908 1684 931 et
1703 910 1738 929 ex

949 957 1015 992 ipsis
1055 956 1210 984 Servatoris
1236 955 1326 982 verbis
1358 959 1500 988 agnosces.
1537 951 1611 979 Dixit
1643 950 1737 976 enim:

952 1013 961 1030 ‹
973 1005 1060 1031 Amen
1071 1003 1132 1032 dico
1143 1002 1229 1034 vobis,
1243 1009 1294 1028 non
1307 1005 1395 1036 potest
1404 1000 1488 1027 Filius
1499 1007 1511 1025 a
1524 1005 1552 1025 se
1562 997 1652 1024 facere
1662 995 1739 1030 quid-

950 1058 1046 1085 quam,
1095 1050 1146 1078 nisi
1183 1049 1255 1084 quod
1301 1047 1398 1075 viderit
1436 1046 1544 1074 Patrem
1574 1043 1739 1071 facientem:

950 1103 1117 1132 qnmcunque
1129 1096 1201 1124 enim
1213 1095 1257 1122 ille
1273 1095 1379 1127 fecerit,
1397 1093 1455 1121 halc
1469 1091 1590 1119 etFilius
1609 1089 1736 1117 similiter

951 1143 1016 1170 facit
1032 1143 1065 1170 '°.
1087 1152 1096 1168 ι
1127 1142 1210 1170 Item:
1243 1150 1252 1167 ι
1284 1141 1305 1168 Α
1332 1148 1374 1167 me
1394 1139 1452 1174 ipso
1471 1138 1536 1165 nihil
1564 1137 1646 1169 facio,
1662 1134 1743 1162 Pater

951 1195 1040 1218 autem
1052 1189 1078 1216 in
1096 1197 1138 1216 me
1151 1195 1264 1216 manens
1278 1187 1335 1222 ipse
1350 1186 1416 1214 facit
1427 1192 1508 1220 opera
1522 1184 1556 1211 “.
1573 1194 1582 1209 ι

987 1281 1020 1309 Α.
1036 1279 1252 1313 Virtutisitaque
1267 1277 1365 1304 divina:
1390 1279 1541 1310 expertem,
1567 1277 1594 1300 et
1606 1271 1741 1299 imbellem

951 1335 1011 1355 esse
1042 1333 1135 1355 revera
1164 1324 1261 1352 Filium
1298 1323 1343 1358 qui
1364 1331 1396 1349 ex
1426 1322 1479 1349 Deo
1505 1320 1585 1347 Patre
1608 1318 1741 1354 procedit,

954 1379 1056 1401 temere
1077 1372 1247 1400 hariolentur
1260 1369 1420 1401 adversarii,
1446 1367 1545 1403 quibus
1565 1365 1628 1400 jure
1646 1364 1742 1391 merito

953 1429 967 1448 a
993 1420 1071 1448 nobis
1085 1419 1162 1455 ipsis,
1176 1423 1203 1446 et
1216 1418 1250 1445 ab
1263 1417 1321 1452 ipso
1336 1416 1446 1444 Christo
1465 1414 1586 1441 dicetur:
1601 1421 1610 1437 ι
1627 1410 1742 1441 Erratis,

953 1467 1107 1495 nescientes
1139 1465 1306 1500 Scripturas,
1338 1469 1425 1497 neque
1463 1461 1590 1487 virtutem
1619 1457 1710 1484 Dei“.
1733 1465 1742 1481 ι

953 1510 1185 1546 Quemadmodum
1202 1510 1274 1536 enim
1293 1512 1334 1535 est
1351 1508 1438 1542 imago
1448 1505 1547 1537 Patris,
1561 1508 1587 1532 et
1599 1502 1744 1537 sapientia,

954 1563 982 1585 et
1005 1557 1103 1592 gloria,
1135 1561 1161 1583 et
1193 1555 1330 1590 splendor,
1361 1558 1389 1581 et
1423 1552 1575 1591 character,
1595 1550 1635 1577 sic
1664 1548 1744 1575 etiam

955 1606 1043 1633 virtus
1072 1603 1241 1636 censebitur,
1275 1610 1324 1637 per
1353 1607 1434 1635 quam
1461 1597 1551 1634 opifex
1572 1597 1633 1627 fuit,
1654 1599 1705 1627 est,
1721 1598 1747 1620 et

954 1652 1007 1679 erit
1019 1650 1138 1679 omnium
1154 1653 1349 1677 creaturarum.
1376 1657 1384 1672 ι
1403 1645 1499 1684 Omnia
1512 1644 1584 1671 enim
1597 1650 1645 1677 per
1658 1641 1746 1676 ipsum

956 1699 1024 1726 facta
1044 1702 1118 1729 sunt,
1133 1701 1161 1724 et
1177 1697 1235 1724 sine
1248 1695 1307 1730 ipso
1331 1694 1432 1721 factum
1453 1696 1494 1719 est
1514 1689 1580 1717 nihil
1595 1689 1628 1714 ³³.
1649 1697 1659 1713 ι
1672 1687 1748 1714 Sicut

956 1745 1027 1773 enim
1050 1741 1202 1771 mechanici
1223 1741 1331 1776 quidam
1349 1738 1553 1771 artiﬁces,puta
1565 1734 1634 1761 fabri
1646 1731 1747 1764 :crarii,

957 1796 1002 1819 aut
1015 1791 1092 1827 periti
1106 1788 1244 1825 lapidarii,
1271 1787 1354 1823 616
1374 1793 1428 1812 non
1453 1784 1533 1811 aliter
1548 1783 1605 1816 ipsa
1619 1787 1673 1807 stne
1684 1778 1751 1806 artis

956 1846 1038 1873 opera
1054 1844 1135 1873 quam
1159 1843 1207 1863 sua
1225 1842 1318 1865 manu,
1348 1831 1535 1862 fabricatione,
1561 1833 1588 1856 et
1617 1826 1750 1854 industria

957 1885 1080 1911 l’aciunt-:
1094 1882 1199 1913 eadem,
1215 1880 1320 1914 opinor,
1349 1878 1454 1905 ratione
1474 1876 1545 1903 Deus
1557 1881 1588 1901 ac
1601 1873 1750 1906 Paterquaa

957 1931 982 1958 vi
1004 1928 1154 1958 cortditrice
1191 1926 1281 1954 facere
1313 1925 1363 1952 sibi
1398 1921 1579 1958 proposuerit,
1610 1927 1659 1954 per
1688 1916 1750 1945 Filii

959 1977 1097 2008 virtutem,
1126 1973 1208 2001 Veluti
1234 1979 1282 2007 per
1308 1970 1446 2005 propriam
1481 1968 1574 1995 faciet.
1616 1964 1750 1998 Quocirca

958 2024 1067 2051 divinus
1081 2021 1165 2049 David
1188 2027 1249 2047 cum
1275 2017 1411 2044 viventem
1437 2020 1465 2042 et
1488 2012 1658 2049 hypostatice
1676 2010 1750 2038 exsi-

959 2074 1075 2097 stentem
1091 2068 1145 2095 vim
1160 2071 1187 2094 et
1202 2065 1389 2101 operationem
1413 2060 1500 2088 Patris
1527 2059 1623 2086 Filium
1652 2063 1752 2098 cogno-

958 2114 1243 2150 sceret,prccabatnr,
1267 2112 1377 2138 dicens:
1393 2119 1401 2134 ι
1424 2107 1532 2138 Mando,
1557 2106 1637 2136 Deus,
1659 2101 1752 2129 virtuti

959 2169 1024 2192 nne:
1064 2149 1193 2189 confirma
1217 2159 1279 2191 hoc,
1295 2157 1375 2189 Deus,
1402 2155 1472 2190 quod
1502 2156 1630 2188 operatus
1663 2158 1692 2177 es
1725 2149 1751 2176 in

960 2211 1037 2238 nobis
1051 2209 1086 2236 “.
1111 2218 1120 2234 ›
1143 2206 1243 2234 Pauius
1260 2209 1350 2231 autem
1375 2200 1594 2237 sapientissimus
1614 2198 1752 2225 Christum

108 2259 156 2285 τὸν
173 2258 251 2290 Υἰὺν,
267 2242 466 2292 κατηντιϐόλει,
483 2242 591 2290 λέγων·
611 2242 777 2286 (Ἔν-τειλαι,
797 2257 810 2282 6
831 2255 898 2288 Θεὸς

965 2257 1010 2285 Dei
1044 2257 1171 2283 virtutem
1193 2257 1221 2280 et
1248 2251 1296 2279 Dei
1312 2249 1473 2285 sapientiam
1498 2253 1558 2274 esse
1587 2244 1673 2281 palam
1698 2242 1754 2269 cla-

108 2307 143 2341 τῇ
160 2305 274 2340 δυνάμει
288 2313 334 2332 σου
344 2312 352 2320 ο
367 2304 536 2337 δυνάμωσον,
551 2303 564 2329 6
579 2301 655 2335 Θεὸς,
670 2302 757 2335 τοῦτο,
773 2302 787 2328 ὃ
803 2312 910 2339 κατηρ-

108 2355 180 2382 τίσω
206 2354 234 2380 ὲν
258 2354 333 2389 ἡμῖν.
350 2362 359 2380 ›
388 2351 493 2384 Παῦλος
521 2350 550 2377 δὲ
581 2351 595 2377 6
624 2350 797 2385 σοφώτατος,
823 2351 940 2387 Χριστὸν

110 2411 130 2437 φ
135 2401 172 2433 ὧς
177 2422 182 2428 .

148 2448 179 2474 Β.
202 2446 263 2473 Οὐδ’
281 2446 314 2473 ἂν
340 2446 418 2472 αὐτοὶ
442 2445 519 2479 φαῖεν
536 2443 649 2471 ἄναλκιν
673 2442 743 2471 εἶναι
765 2445 811 2471 τὸν
834 2445 909 2477 Υἱὸν.

109 2495 172 2522 ἀλλ’
187 2494 257 2526 οὐδὲ,
283 2494 311 2519 ὲν
329 2493 380 2527 ἴσῳ
401 2491 554 2527 προφήταις
577 2490 625 2516 καὶ
646 2490 816 2524 ἀποστόλοις,
839 2491 908 2518 ἑλεῖν

110 2543 142 2568 ὲν
159 2541 248 2576 χρόνῳ
264 2539 294 2566 τὸ
307 2538 435 2566 δύνασθαι
450 2537 520 2564 κατὰ
543 2536 634 2572 χάριν,
649 2536 742 2563 λαϐεῖν
761 2537 789 2564 δὲ
809 2537 909 2573 μᾶλλον

112 2587 183 2622 αὐτῇ
207 2587 238 2621 τῇ
257 2585 372 2620 ὑπάρξει
388 2581 681 2618 συγκαταϐεὸλημένον
704 2581 786 2613 εὐθὺς
807 2582 837 2609 τὸ
856 2583 909 2609 πᾶν

112 2632 204 2659 ὁτιοῦν
220 2631 350 2658 δύνασθαι
367 2628 527 2664 κατορθοῦν.

149 2679 182 2704 Α.
204 2678 236 2704 Οἱ
251 2676 343 2712 ἐχθροὶ
358 2676 436 2712 ἡμῶν
453 2675 571 2710 ἀνόητοι,
581 2674 651 2701 κατὰ
662 2674 693 2701 τὺ
704 2674 907 2710 γεγραμμένον.

119 2725 242 2760 Ἀγνοεῖν
255 2723 309 2758 γὰρ
324 2723 428 2749 ἐοίκασι
443 2722 474 2748 τὸ
490 2721 666 2756 ζητούμενον.
681 2721 910 2757 Πολυπραγμονεῖ

114 2771 143 2798 δὲ
165 2771 232 2805 ἡμῖν
251 2770 291 2800 εἰς
306 2769 336 2795 τὸ
350 2768 438 2803 παρὸν
452 2767 465 2794 6
477 2767 566 2801 λόγος,
584 2767 644 2801 οὐχὶ
667 2763 769 2802 πηνίκα
786 2767 831 2793 καὶ
851 2766 909 2798 πῶς

116 2817 235 2844 δέδυκεν
252 2816 266 2841 ὁ
284 2815 378 2850 Πατὴρ
401 2814 432 2840 τὸ
456 2813 585 2840 δύνασθαι
608 2813 646 2848 τῷ
667 2813 733 2848 trag),
758 2813 816 2840 ἀλλ’
832 2813 910 2848 εἴπερ

152 2897 174 2913 ⁵⁷⁸
192 2895 265 2924 l‘sal.
279 2903 343 2927 ιιι-11,
365 2894 389 2922 8.

430 2893 539 2920 "Jnan.
555 2900 580 2926 v,
598 2893 638 2920 if).
677 2892 696 2907 ⁵¹
714 2891 790 2920 Joan.
809 2900 862 2924 ιμ’,
880 2892 922 2918 '50.

962 2303 1063 2331 rnabat.

979 2350 1046 2378 Θεοῦ
1071 2349 1185 2383 δύναμιν
1211 2346 1259 2374 καὶ
1284 2343 1351 2372 Θεοῦ
1381 2342 1476 2377 σοφίαν
1502 2339 1682 2375 ἀνεκεκράγει
1708 2345 1755 2363 σα-

996 2444 1027 2470 Β.
1046 2441 1085 2469 Ne
1106 2441 1157 2476 ipsi
1180 2438 1291 2475 quidem
1322 2435 1440 2464 dixerint
1462 2432 1595 2460 imbellem
1625 2439 1686 2460 esse
1710 2431 1756 2458 Fi-

962 2491 1037 2521 lium,
1050 2488 1097 2516 sed
1114 2493 1201 2521 neque
1216 2484 1327 2520 perinde
1342 2490 1373 2510 ac
1388 2481 1533 2516 prophetas
1558 2483 1583 2505 ct
1609 2477 1754 2512 apostolos,

962 2534 1096 2569 accepisse
1111 2540 1157 2568 per
1173 2531 1284 2565 gratiam
1305 2528 1331 2556 in
1357 2533 1477 2561 tempore
1505 2529 1676 2560 potestatem,
1708 2523 1755 2550 sed

962 2581 1085 2615 accipere
1103 2578 1192 2612 potius
1207 2584 1259 2603 una
1267 2583 1327 2603 cum
1339 2579 1436 2602 natura
1450 2580 1497 2599 sua
1511 2571 1619 2598 insitam
1635 2569 1755 2603 cujusvis

964 2625 1000 2652 rei
1015 2623 1143 2651 facienda:
1159 2625 1331 2656 potestatem.
1553 2640 1556 2645 ,

1000 2671 1031 2697 Α.
1060 2668 1163 2696 Inimici
1191 2666 1278 2694 nostri
1306 2665 1476 2699 insipientes,
1496 2668 1525 2690 ut
1541 2662 1672 2696 scriptum
1702 2664 1752 2687 est.

965 2717 1091 2753 ignorare
1101 2715 1172 2743 enim
1184 2713 1309 2742 videntur
1323 2711 1348 2738 id
1357 2711 1428 2746 quod
1437 2711 1462 2738 in
1471 2710 1619 2745 qumstione
1631 2708 1754 2735 vertitur.

966 2763 1042 2790 Nunc
1062 2767 1151 2789 autem
1172 2759 1333 2795 inquirimus
1358 2765 1409 2784 non
1433 2756 1539 2792 quando
1565 2760 1592 2782 ct
1621 2754 1756 2789 quoinurio

965 2810 1045 2838 l‘ater
1089 2812 1248 2844 potestatem
1274 2805 1378 2834 dederit
1409 2804 1487 2836 Filio,
1527 2803 1574 2831 sed
1607 2805 1700 2828 utrum
1728 2800 1754 2826 in

965 2891 984 2907 “
1003 2890 1084 2918 Mirr.
1103 2898 1149 2922 .\u,
1172 2889 1216 2916 Ἥ.
1257 2887 1278 2903 ⁸³
1298 2885 1376 2914 .10.ιιι.
1394 2885 1451 2918 1,3.
1491 2882 1513 2899 "'
1531 2878 1753 2911 Psal.uvu,29.
