1937 3036
91 169 166 196 1055

628 170 672 198 DE
693 169 742 198 SS.
763 170 950 199 TRINITATE
968 171 1140 201 DIALDGUS
1159 172 1201 201 Vl.

1661 171 1726 199 10³31

88 224 170 257 θείας
192 224 313 260 Γραφῆς.
327 225 399 261 Ἔφη
420 225 473 261 γάρ
499 234 549 253 που
571 226 647 259 Θεὸς,
671 228 720 262 τὴν
737 227 886 264 ὀργανικὴν

953 231 1048 258 terium
1071 230 1143 258 velut
1168 229 1263 258 inutile
1278 228 1425 257 deridens:
1447 237 1456 255 ι
1473 227 1542 256 Num
1566 228 1728 263 gloriabitur

90 271 249 307 ὑπουργίαν
263 271 300 303 ὡς
312 271 440 307 ἀνόνητον
451 272 592 303 διαγελῶν’
608 283 617 299 ι
632 273 677 309 Μὴ
690 273 886 309 δοξασθήσεται

90 317 174 352 ἀξίνη
195 317 259 344 ἄνευ
282 317 328 344 τοῦ
352 318 499 349 κόπτοντος
521 320 550 345 ὲν
568 318 655 353 αὑτῇ;
679 318 695 354 ἢ
715 319 888 355 ὑψωθήσεται

91 363 184 398 πρίων
197 363 260 390 ἄνευ
275 363 321 390 τοῦ
338 364 463 396 ἕλκοντος
474 364 571 398 omnia;
586 375 595 391 ι
609 365 724 398 Οὐκοῦν,
746 366 808 392 ὅσον
821 363 888 402 ἧκεν

90 409 135 440 είς
166 409 233 436 ἰδίαν
253 409 344 444 φύσιν,
364 411 442 436 νοοῖτ’
457 409 490 436 ἂν
514 410 599 443 οὐδὲν,
623 410 710 437 καίτοι
735 411 800 443 Θεὸς
822 409 856 447 ἦν
875 412 889 437 ὁ

92 455 196 489 Λόγος,
219 456 357 491 ἐνέργειαν
383 456 432 491 μὲν
447 457 574 490 οὐδεμίαν
590 456 659 491 ἔχων
675 456 802 492 φυσικὴν,
818 457 888 492 ἀψύ-

93 511 154 536 χοις
175 502 202 528 δὲ
217 502 310 538 ὥσπερ
329 503 455 539 ὀργάνοις
482 503 659 539 προσεοικὼς.
695 504 742 530 καὶ
763 505 818 536 τοῖς
842 503 888 530 τοῦ

94 550 236 582 κινοῦντος
255 550 404 585 θελήμασιν
419 550 608 586 ὑποκείμενος.
626 550 737 582 Φύσεως
755 551 782 577 δὲ
803 550 889 582 οὕτως

94 595 168 631 ἔχων
184 596 268 632 (δοκεῖ
285 597 340 632 γὰρ
364 593 415 624 ὦδε
430 597 524 633 ληρεῖν
545 598 600 628 τοῖς
615 596 775 628 διεναντίας)
801 595 888 630 λόγοις

93 644 172 678 ἡμᾶς
193 643 304 670 ἁνθότου
319 645 374 676 τοῖς
389 643 460 680 ὑπὲρ
483 643 563 675 ἀξίαν
581 643 759 678 κατακροτεῖ,
784 642 886 676 λέγων’

97 698 108 714 ς
130 689 160 715 '0
178 690 270 724 Πατήρ
289 698 338 725 μου
353 689 404 721 ἕως
421 689 483 725 ἄρτι
505 689 661 724 ἐργάζεται,
678 688 756 722 κάγὼ
775 686 890 722 ἐργάζο-

97 743 159 770 μαι.
177 745 186 761 ›
208 735 262 761 Καὶ
279 735 346 770 πρός
361 743 392 770 γε
408 735 505 770 τούτῳ,
527 734 685 769 σαφέστατά
699 742 727 760 τε
745 733 792 760 καὶ
811 734 891 769 ἐναρ-

94 781 154 815 γῶς
171 783 230 813 ταῖς
246 781 418 817 ίσοστάθμοις
437 782 531 817 τιμαῖς
552 780 632 812 αὐτὸς
653 780 702 816 τὴν
731 780 800 807 ἰδίαν
826 788 891 806 κατ-

95 827 214 863 εχρύσου
227 827 477 863 φύσιν,ἀναφανδὸν
487 826 694 863 ἀνακεκραγώςσ
705 827 825 862 (Ὥσπερ
837 825 891 861 γὰρ

95 875 110 900 ὸ
123 873 218 909 Πατὴρ
233 874 334 909 ἐγείρει
350 874 413 905 τοὺς
426 873 538 909 νεκροὺς
554 873 601 899 καὶ
616 872 752 904 ζωοποιεῖ,
763 870 834 898 οὕτω
844 870 891 898 καὶ

95 921 111 947 ὁ
127 920 201 951 Υἱὸς,
217 919 262 951 οὓς
279 919 350 946 θέλει
371 919 507 952 ζωοποιεῖ.
522 929 531 945 ι
547 918 644 945 Καίτοι
660 918 720 950 πῶς
737 918 786 944 οὐκ
806 917 891 951 εὐμα-
908 914 928 941 Β

97 966 153 998 θὲς,
170 966 216 992 καὶ
228 965 405 1001 ψευδοεπείας
421 965 531 1001 ἁπάσης
546 964 767 1000 ἀπηλλαγμένον,
782 963 811 989 τὸ
825 962 892 990 ἰδίαν

98 1011 150 1046 μὲν
165 1011 234 1043 ὅλως
254 1012 391 1047 ἐνέργειαν
409 1011 476 1047 μηδὲ
491 1011 537 1037 ἐπὶ
552 1010 675 1045 γλώττης
691 1010 774 1045 ἔχειν,
794 1009 893 1036 ἀπονέ-

99 1068 161 1094 μειν
177 1059 206 1086 δὲ
227 1059 299 1094 μόνῳ
318 1058 367 1094 τὴν
383 1059 424 1093 ἐφ’
439 1059 525 1086 ἅπασι
547 1059 602 1090 τοῖς
623 1057 772 1093 δρωμένοις
793 1056 892 1091 κατόρ-

97 1105 181 1132 Οωσιν
190 1105 228 1141 τῷ
240 1105 299 1140 Θεῷ
309 1106 355 1132 καὶ
366 1105 465 1140 Πατρὶ,
478 1104 599 1138 λέγονταο
612 1112 621 1129 ‹
633 1103 663 1129 '0
675 1102 829 1138 Πατήρμου
840 1101 892 1133 ἕως

96 1152 161 1186 ἄρτι
173 1150 329 1186 ἐργάζεται,
346 1149 423 1184 κάγὼ
437 1149 603 1185 ἐργάζομαι·
618 1158 626 1174 ι
644 1148 676 1174 δι’
687 1147 753 1183 ἐμοῦ
767 1155 796 1173 τε
804 1147 850 1174 καὶ
863 1147 892 1172 ὲν

97 1197 175 1232 ἐμοὶ,
198 1197 245 1223 καὶ
263 1196 316 1232 μὴν
333 1195 378 1222 καὶ
392 1195 439 1227 οὓς
455 1195 527 1222 θέλει
544 1195 686 1227 ζωοποιεῑ;
713 1192 794 1219 ’Λλλέι
808 1192 888 1219 τοῦτο

98 1244 149 1278 μὲν
169 1242 200 1269 οὖ
215 1251 305 1278 φησιν’
321 1242 458 1278 ἀναμέρος
473 1241 502 1267 δὲ
516 1240 610 1276 ὥσπερ
623 1239 758 1271 ἀνατιῦεἶς
773 1239 820 1266 καὶ
833 1239 894 1271 ταῖς

97 1289 195 1317 ἑαυτοῦ
210 1290 340 1325 δυνάμεσι
361 1289 392 1315 τὸ
410 1289 476 1324 δρᾷν
490 1287 654 1319 ἀκωλύτως,
670 1287 742 1322 ἅπερ
758 1285 790 1312 ἂν
805 1285 893 1312 ἕλοιτο

97 1336 258 1372 κατορθοῦν,
279 1336 309 1362 οὑ
326 1336 403 1371 μεῖον
421 1336 438 1370 ἢ
455 1336 468 1362 ὁ
488 1334 594 1369 Πατὴρ,
620 1333 739 1368 δέδειχεν
756 1332 890 1367 ἐναργῶς,

96 1384 137 1410 ὅτι
153 1382 203 1418 τῆς
219 1382 266 1409 τοῦ
283 1381 351 1409 Θεοῦ
369 1382 417 1409 καὶ
433 1380 540 1416 Πατρδς
554 1380 648 1412 οὐσίας
665 1379 829 1414 ἑκπεφυκὼς
846 1377 893 1405 καὶ

97 1429 228 1464 ὑπάρχων
246 1428 455 1460 ἰδιοσυστάτως,
475 1427 607 1461 ἐπάγεται
631 1425 754 1461 φυσικῶς
769 1425 799 1452 τὸ
822 1424 894 1452 κατὰ

97 1477 152 1503 πᾶν
169 1475 258 1502 ὁτιοῦν
281 1474 416 1506 ἰσοσθενὲς
433 1475 481 1501 καὶ
500 1472 658 1501 ἰσοστατοῦν
678 1474 718 1504 είς
740 1471 891 1508 ἐνέργειαν.

97 1522 134 1549 Οὐ
148 1521 203 1557 γάρ
216 1529 257 1548 τοι
272 1521 328 1552 τοῖς
342 1520 403 1547 καθ’
417 1520 491 1556 ἡμᾶς
501 1519 536 1546 τὰ
550 1519 617 1546 minii
633 1518 694 1546 λίαν
706 1517 894 1552 ἀνθεστηκότα

97 1568 160 1604 [Ῑσ.
181 1565 369 1602 ἀνεστηκότα]
395 1566 442 1594 καὶ
468 1565 656 1601 ὑπερκείμενα
682 1563 891 1596 κανονίζοντες,
908 1585 930 1614 C

97 1613 271 1650 ἀνύπαρκτον
289 1611 359 1640 εἶναι
373 1612 507 1648 δώσομεν,
530 1611 600 1639 κατά.
615 1620 647 1646 γε
660 1611 706 1638 τὸν
722 1610 787 1638 ῐδιον
802 1610 892 1644 λόγον,

98 1660 147 1696 τὴν
169 1661 198 1687 ὲν
221 1659 280 1695 Θεῷ
305 1659 453 1694 νοουμένην
479 1658 566 1693 ἰσχὺν,
593 1656 718 1684 τουτέστι
749 1656 795 1683 τὸν
818 1655 893 1682 Υίόν.

99 1707 178 1733 Ἔστι
192 1705 256 1742 γὰρ,
268 1705 328 1732 ἔστι
343 1704 418 1737 ζῶσά
432 1713 462 1731 τε
477 1704 524 1731 καὶ
539 1703 733 1734 ὲνυπόστατος,
747 1701 895 1737 ἀνίσχουσα

99 1753 149 1788 μὲν
165 1752 329 1788 ἀπορῤήτως
348 1751 473 1786 καθάπερ
495 1750 549 1777 ἀπὸ
569 1751 662 1785 πηγῆς
686 1748 734 1775 τοῦ
755 1748 821 1775 ἰδίου
839 1748 896 1775 Πα-

98 1799 173 1834 τρδς,
193 1799 250 1830 τοῖς
263 1797 291 1824 δὲ
307 1799 356 1832 τῆς
370 1796 496 1831 θεότητος
512 1796 668 1832 ίόιώμασιν,
690 1795 742 1821 οὐκ
755 1793 894 1826 ὲπακτῶς,

98 1844 238 1876 ossuum;
251 1844 280 1870 δὲ
302 1844 402 1880 μᾶλλον
425 1843 579 1878 ἐκπρεπής.

133 1891 164 1918 Β.
184 1887 221 1917 Εὖ
239 1889 344 1924 λέγεις.

134 1937 166 1963 Α.
185 1936 320 1973 Ταὺτῃτοι
352 1935 398 1962 καὶ
418 1936 431 1962 ὁ
448 1935 520 1966 θεῖος
541 1934 590 1969 μὲν
610 1933 661 1970 ἔφη
678 1933 794 1968 Μωσῆς·
822 1940 831 1958 α
852 1932 897 1959 Ἐν

99 1982 172 2017 ἀρχῇ
194 1981 324 2016 ἐποίησεν
348 1981 362 2006 ὁ
379 1979 446 2010 Θεὸς
462 1979 508 2006 τὸν
534 1978 647 2014 οὐρανὸν
666 1978 713 2004 καὶ
730 1977 780 2012 τὴν
806 1976 869 2012 γῆν.
884 1986 894 2002 ι

99 2029 157 2056 Οὐκ
178 2027 294 2062 ἔκφυλον
317 2027 346 2054 δὲ
362 2025 408 2053 τοῦ
429 2024 497 2053 Θεοῦ
529 2026 578 2060 τὴν
595 2024 624 2057 ἒξ
647 2024 729 2051 αὑτοῦ
752 2032 782 2050 τε
804 2023 851 2050 καὶ
868 2023 897 2049 ὲν

101 2074 176 2109 αὐτῷ
199 2074 327 2109 δύναμιν,
349 2072 475 2100 τουτέστι
505 2071 552 2098 τὸν
578 2071 653 2103 Υἰὺν,
681 2070 861 2104 ἐπιστάμενος
884 2070 898 2096 6

102 2121 190 2157 μέγας
212 2120 264 2155 ἔφη
292 2119 373 2146 Δαϐίδ
387 2127 393 2134 ·
413 2128 422 2144 ε
437 2118 482 2153 Τῷ
506 2117 585 2152 Λόγῳ
613 2116 716 2152 Κυρίου
739 2117 763 2143 οἱ
789 2115 898 2150 οὐρανοὶ

99 2166 319 2202 ἐστερεώθησαν,
333 2165 381 2193 καὶ¹
395 2165 434 2201 τῷ
449 2163 589 2200 Πνεύματι
604 2162 651 2189 τοῦ
669 2162 802 2197 στόματος
816 2160 898 2188 αὺτοῦ

99 2214 178 2240 πᾶσα
195 2214 212 2248 ἠ
226 2212 340 2247 δύναμις
364 2211 464 2238 αὐτῶν.
479 2221 489 2236 ι
502 2207 541 2236 Ἦ
559 2209 608 2245 οὺχ
624 2208 726 2245 ἔτερος,
741 2209 813 2235 κατά
826 2217 858 2242 γε
868 2207 898 2235 τὺ

940 277 1042 304 securis
1063 277 1165 312 absque
1181 284 1213 303 eo
1230 275 1276 310 qui
1301 280 1375 303 seeat
1391 275 1417 301 in
1435 274 1488 302 ea?
1502 278 1548 302 aut
1564 274 1728 302 exaltabitur

939 330 1014 350 serra
1031 322 1132 356 absque
1147 329 1178 349 eo
1196 322 1241 356 qui
1259 321 1343 348 trabit
1361 321 1446 355 ipsam
1460 321 1506 347 ⁸³⁸1
1524 329 1534 345 ι
1552 319 1644 353 Itaque
1657 320 1728 354 quod

939 370 973 395 ad
988 369 1123 404 propriam
1145 373 1270 395 naturam
1295 367 1405 399 attinet,
1423 366 1525 393 nullum
1550 365 1728 400 intelligetur,

939 414 1003 442 licet
1022 414 1092 442 Deus
1112 414 1148 442 sit
1163 413 1293 447 Verbum,
1314 413 1500 447 operationem
1519 411 1627 446 quidem
1651 415 1729 438 natu-

939 461 1024 488 ralem
1044 461 1145 487 nnllam
1173 460 1286 492 habens,
1305 459 1368 491 sed,
1382 459 1467 486 instar
1481 459 1729 485 instrumentorum

940 508 1029 534 anima
1044 507 1207 538 carentium,
1230 505 1344 532 motoris
1358 504 1488 531 voluntati
1513 503 1548 530 sit
1563 503 1728 537 subjectum.

940 554 1008 581 Cum
1036 558 1125 579 autem
1148 553 1206 587 eius
1222 552 1256 578 sit
1283 555 1388 578 nalnrm
1405 549 1456 585 (sic
1482 549 1553 576 enim
1578 548 1728 575 adversarii

941 599 1011 626 ultro
1036 598 1192 634 nngantur),
1206 605 1255 625 cur
1280 597 1350 623 ultra
1371 604 1451 631 quam
1470 595 1547 622 decet
1571 602 1620 622 nos
1644 594 1676 621 ad
1701 601 1730 621 se

941 644 1104 671 laudandum
1130 645 1241 675 excitat,
1266 643 1358 670 dicens
1381 652 1387 669 :
1414 651 1423 667 ε
1439 641 1520 668 Pater
1544 648 1619 668 meus
1644 647 1730 675 usque

941 692 1021 719 modo
1041 695 1182 726 operatur,
1206 694 1234 718 et
1249 697 1298 724 ego
1316 697 1414 723 operor
1424 689 1457 715 ⁸⁷.
1473 697 1483 714 ι
1501 687 1656 721 Quinetiam
1673 687 1730 720 ipse

942 746 1018 766 suam
1033 743 1157 764 naturam
1177 737 1273 764 iisdem
1287 735 1437 762 honoribus
1450 734 1522 762 clare
1538 734 1652 760 ornabat
1667 740 1728 759 cum

942 785 1030 819 palam
1055 784 1179 811 diceret:
1197 793 1206 808 ι
1223 782 1299 809 Sicut
1322 782 1393 809 enim
1413 780 1494 807 Pater
1518 779 1631 807 suscitat
1658 787 1732 805 mor-

943 835 1013 863 tuos,
1037 835 1062 858 et
1088 830 1206 857 viviiical
1226 839 1232 856 ε
1249 829 1288 855 sic
1315 833 1341 855 et
1364 827 1448 854 Filius
1471 833 1539 860 quos
1559 825 1617 852 vult.
1645 824 1732 851 viviti-

943 882 987 905 cat
998 877 1032 904 ⁵⁸.
1049 886 1058 902 ι
1072 876 1106 903 At
1119 875 1254 910 quomodo
1269 881 1322 901 non
1337 873 1509 908 perspicuum
1527 879 1558 898 ac
1569 878 1663 897 verum
1679 875 1731 903 est,

945 926 1033 960 ipsum
1058 930 1093 950 ne
1107 924 1191 949 verbo
1205 921 1314 956 quidem
1328 919 1512 954 operationem
1529 917 1665 952 propriam
1683 917 1731 944 ha-

944 971 1019 1003 bere,
1044 975 1190 1003 rerumque
1210 967 1331 995 omnium
1345 965 1429 1001 618
1442 963 1610 992 eiIectionem
1631 962 1686 990 Deo
1706 967 1731 989 et

944 1017 1016 1045 Palt‘i
1034 1016 1165 1048 tribuere,
1181 1022 1242 1043 cum
1259 1013 1297 1041 ait
1312 1022 1318 1040 :
1339 1022 1347 1038 ι
1366 1012 1448 1039 Pater
1463 1018 1540 1038 meus
1555 1017 1640 1045 usque
1654 1009 1733 1037 modo

944 1067 1082 1098 operatur,
1098 1066 1125 1089 et
1139 1069 1188 1094 ego
1206 1067 1316 1094 operor,
1331 1067 1340 1084 ι
1358 1066 1406 1093 per
1420 1064 1473 1089 me,
1492 1061 1518 1084 et
1540 1056 1567 1083 in
1591 1063 1644 1088 me,
1665 1062 1733 1090 prae-

946 1114 1030 1141 terea,
1048 1115 1115 1143 quos
1131 1107 1188 1134 vult
1213 1105 1344 1133 viviticat.
1367 1105 1419 1131 Sed
1447 1103 1518 1130 istud
1543 1102 1651 1136 quidem
1679 1108 1731 1128 non

945 1155 1012 1182 dicit
1038 1164 1044 1182 :
1069 1160 1164 1180 verum
1194 1151 1308 1178 seorsim
1335 1148 1537 1184 quodammodo
1560 1155 1616 1175 suae
1640 1146 1732 1173 virtuti

946 1201 1068 1229 tribuens
1088 1202 1250 1234 potestatem
1277 1204 1309 1224 ea
1331 1195 1447 1223 faciendi
1474 1202 1535 1228 quae
1556 1193 1633 1224 velit,
1660 1191 1734 1218 nullo

944 1252 1065 1279 velante,
1088 1253 1141 1273 non
1164 1245 1254 1272 minus
1275 1251 1354 1279 quam
1381 1242 1460 1269 Pater
1484 1241 1557 1273 facit,
1583 1238 1729 1266 manifeste

944 1294 1073 1325 ostendit,
1105 1293 1176 1327 quod
1200 1299 1261 1318 cum
1285 1290 1318 1317 de
1340 1289 1384 1316 Dei
1411 1297 1442 1316 ac
1462 1288 1552 1315 Patris
1578 1286 1729 1313 substantia

945 1340 1089 1376 prodierit,
1106 1343 1133 1366 et
1149 1338 1176 1366 in
1192 1337 1302 1372 propria
1318 1336 1432 1363 exsistat
1448 1332 1600 1370 ltypostasi,
1619 1332 1736 1359 infertur

946 1386 1108 1415 naturaliter
1135 1383 1290 1413 omnimoda
1324 1381 1466 1417 mqualilas
1503 1378 1644 1415 operandi.
1677 1377 1735 1405 Non

945 1433 1018 1461 enim
1037 1437 1130 1460 nostra
1147 1430 1303 1458 conditione
1316 1436 1361 1456 res
1372 1426 1605 1462 super-eminentes
1616 1432 1648 1452 ac
1658 1424 1737 1458 longe

945 1480 1056 1509 dissitas
1067 1479 1221 1511 metientes,
1245 1474 1415 1512 byposlatice
1438 1481 1492 1500 non
1512 1472 1645 1500 exsistere
1669 1470 1737 1497 tate-

945 1527 1035 1562 bjtnur
1054 1525 1204 1554 secundum
1221 1522 1360 1558 propriam
1380 1519 1526 1551 ratio-nem,
1543 1525 1603 1546 eam
1625 1524 1684 1552 qua:
1708 1515 1735 1542 in

946 1561 1002 1600 Deo
1029 1571 1202 1606 intelligitur,
1226 1569 1367 1600 virtutem,
1397 1566 1449 1594 hoc
1481 1568 1522 1592 est
1553 1563 1661 1591 Filium.
1690 1561 1738 1588 Est

945 1619 1029 1651 enim,
1059 1623 1102 1645 est
1127 1617 1171 1644 illa
1199 1615 1304 1646 vivens,
1329 1618 1356 1640 et.
1383 1612 1547 1642 subsistens,
1573 1615 1738 1644 promanans

946 1664 1055 1699 quidem
1080 1660 1253 1690 inelIabiliter
1268 1666 1302 1686 ex
1329 1665 1378 1685 suo
1400 1657 1492 1688 Patre,
1516 1653 1589 1682 veiut
1613 1660 1629 1680 a
1652 1653 1738 1682 fonte,

947 1698 1109 1744 deitalisque
1134 1705 1347 1744 proprietatibus
1368 1711 1421 1731 non
1449 1701 1577 1733 aliunde,
1603 1699 1650 1728 sed
1671 1698 1738 1726 sub—

946 1755 1111 1785 stantialiter
1127 1754 1217 1790 potius
1231 1752 1370 1787 insignita.

986 1885 1017 1913 Β.
1037 1885 1120 1912 [tecte
1137 1883 1216 1911 dicis.

983 1932 1016 1959 A.
1037 1931 1141 1959 idcirco
1164 1929 1272 1956 divinus
1299 1933 1408 1962 quoque
1433 1925 1522 1952 Moses
1550 1924 1641 1951 aiebat
1661 1933 1667 1952 :
1686 1933 1695 1950 ‹
1712 1924 1738 1951 In

950 1977 1083 2014 principio
1106 1975 1172 2004 fecit
1197 1975 1267 2002 Deus
1291 1973 1392 2001 emtum
1420 1976 1446 1998 et
1476 1977 1574 1998 terram
1586 1971 1619 1997 ".
1640 1980 1649 1996 ›
1682 1970 1740 1997 Non

950 2025 1065 2051 alienam
1089 2027 1177 2050 autem
1203 2029 1217 2048 a
1233 2020 1288 2047 Deo
1305 2019 1432 2046 virtutem
1456 2024 1516 2052 qua:
1539 2025 1571 2044 ex
1589 2017 1649 2052 ipso
1668 2021 1696 2043 et
1714 2017 1740 2043 in

951 2071 1009 2106 ipso
1032 2073 1087 2101 est,
1119 2068 1144 2095 id
1168 2073 1208 2095 est
1239 2066 1345 2097 Filium,
1368 2071 1528 2099 agnoscens,
1558 2064 1602 2091 ille
1629 2070 1743 2098 magnus

952 2117 1034 2143 David
1057 2115 1162 2142 diccbat
1179 2123 1186 2142 :
1205 2123 1214 2140 ί
1231 2113 1319 2140 Verbo
1338 2111 1443 2139 Domini
1463 2111 1525 2138 creti
1543 2110 1642 2143 tirmati
1668 2114 1742 2141 sunt,

951 2168 977 2191 et
990 2164 1091 2199 Spiritu
1107 2163 1164 2190 oris
1175 2162 1232 2196 ejus
1246 2161 1336 2190 omnis
1353 2161 1438 2188 virtus
1452 2167 1545 2187 eorum
1558 2158 1593 2185 ⁶⁰.
1609 2166 1618 2182 ι
1635 2157 1675 2184 An
1691 2163 1744 2182 non

952 2210 1139 2245 distinguitur,
1156 2209 1281 2241 obsecro,
1301 2216 1316 2235 a
1343 2207 1424 2235 Patre
1452 2211 1480 2234 et
1507 2206 1563 2233 Deo
1591 2203 1745 2232 secundum

98 2258 172 2286 εἶναι
189 2259 272 2294 φημὶ,
285 2257 345 2285 καθ’
359 2257 507 2284 ὑπόστασιν
521 2255 607 2291 ἱδικὴν
620 2256 700 2282 νοοῖτ*
710 2255 754 2288 ἂν,
768 2255 828 2281 είπέ
841 2263 893 2290 μοι,

952 2257 1088 2292 propriam
1110 2255 1289 2293 bypostasim,
1307 2254 1437 2287 Verbum,
1463 2252 1534 2288 quod
1558 2259 1590 2278 ex
1609 2251 1668 2285 ipso
1690 2253 1742 2280 est.

99 2306 180 2341 παρά
199 2314 230 2339 γε.
246 2305 290 2332 τὸν
306 2303 418 2339 Πατέρα
435 2303 480 2330 καὶ
500 2302 577 2333 Θεὸν,
593 2302 607 2327 ὁ
621 2300 653 2333 ἐξ
665 2300 747 2327 αὐτοῦ
763 2309 792 2327 τε
808 2300 855 2328 καὶ
870 2300 898 2326 ἐν

99 2351 177 2387 αὐτῷ
190 2352 294 2385 Λόγος;

138 2398 169 2426 Β.
185 2397 299 2433 Ἔτερός
314 2405 365 2423 που
381 2396 498 2427 πάντως.
515 2393 668 2430 ’Υφέστηκε
686 2393 739 2429 γὰρ
758 2393 859 2425 ἰδικῶς,
875 2394 898 2419 εἰ

100 2445 150 2473 καὶ
161 2444 236 2471 ἐστιν
250 2443 332 2479 ὁμοού
338 2452 403 2474 stoc.

139 2492 173 2518 Α.
190 2489 431 2526 Παρακομίζοντος
446 2484 492 2516 οὖν
507 2487 547 2520 είς
563 2487 594 2514 τὸ
610 2484 680 2515 εἶναι
695 2486 730 2514 τὰ
749 2486 838 2512 πάντα
854 2485 901 2512 τοῦ

103 2537 225 2572 Πατρδς,
239 2536 287 2563 καὶ
301 2535 499 2571 διαπηγνύντος
516 2535 580 2566 τοὺς
595 2533 737 2569 οὐρανοὺς,
755 2532 813 2564 πῶς
828 2533 841 2559 ὁ
855 2532 903 2558 Λό-

107 2592 152 2618 γος
169 2583 254 2615 ἐστὶν,
268 2583 283 2608 ὸ
296 2581 380 2608 τῶνδε
396 2581 563 2617 δημιουργός
576 2590 583 2614 ;

139 2629 172 2655 Β.
191 2629 311 2664 Φράσαις
326 2628 359 2655 ἂν
373 2628 455 2660 αὐτὸς
471 2627 626 2664 γλιχομένῳ
641 2635 686 2663 μοι
705 2625 811 2662 μαθεῖν.

141 2676 175 2702 Α.
192 2675 247 2701 Καὶ
271 2674 354 2709 μάλα.
374 2674 476 2710 Πικρδς
493 2674 521 2700 δὲ
534 2675 548 2701 ὁ
567 2673 654 2707 λόγος,
677 2672 724 2699 καὶ
743 2671 810 2698 πολὺ
835 2670 902 2706 πρὸς

105 2721 253 2757 ἰσχνότητα
281 2719 524 2756 κατεῤῥινημένος.
553 2718 585 2746 Ἦ
610 2719 659 2754 τῆς
686 2718 751 2753 μιᾶς
780 2716 906 2752 θεότητος

105 2768 201 2803 φύσις,
222 2767 331 2802 ἐνὰγίᾳ
346 2775 375 2793 τε
404 2768 450 2794 καὶ
466 2766 601 2802 ὀμοουσίῳ
621 2765 716 2801 Τριὰδι
741 2762 905 2798 γινώσκεται

106 2814 178 2850 πρός
194 2822 223 2840 τε
244 2812 322 2848 ἡμῶν
341 2813 431 2840 αὐτῶν
456 2814 504 2840 καὶ
518 2813 572 2840 τῶν
594 2812 679 2846 ἁγίων
694 2810 827 2846 ἀγγέλων.
848 2810 903 2835 Καὶ

651 2903 672 2918 ⁵³
688 2902 754 2933 ibid.
769 2901 812 2928 “2|.

144 2907 169 2923 "
191 2906 243 2933 lsa.
262 2905 346 2938 x,15.
386 2905 406 2920 ’⁷
424 2904 500 2932 Joan.
523 2911 548 2936 v,
571 2903 612 2930 Π.

853 2899 873 2914 ⁵⁹
890 2898 990 2931 (ἔυιω,
1013 2898 1033 2924 Ι.

953 2309 980 2331 et
996 2305 1021 2331 in
1039 2303 1117 2338 ipso?

991 2391 1022 2418 Β.
1045 2391 1220 2425 Distinguitur
1244 2395 1329 2418 certe.
1349 2387 1480 2416 Subsistit
1506 2386 1578 2413 enim
1599 2382 1742 2421 peculiari-

956 2443 1007 2470 ter,
1025 2437 1132 2464 tatnetsi
1149 2441 1191 2464 est
1203 2435 1446 2464 consubstantiale.

987 2484 1019 2509 A.
1040 2483 1106 2510 Cum
1129 2483 1210 2518 igitur
1227 2483 1309 2509 Pater
1328 2482 1360 2508 ad
1375 2488 1436 2508 esse
1452 2479 1543 2506 omnia
1558 2478 1697 2514 producat,
1714 2483 1744 2502 ac

955 2529 1037 2556 cados
1053 2530 1151 2561 iirmet,
1167 2528 1305 2563 quomodo
1327 2526 1444 2554 Verbum
1460 2530 1502 2553 est
1521 2526 1616 2552 horum
1638 2522 1745 2559 opifex!

994 2619 1023 2646 Β.
1047 2618 1124 2645 Scire
1147 2616 1236 2643 aventi
1251 2616 1329 2647 mihi,
1345 2623 1446 2650 quaeso,
1463 2613 1579 2648 explica.

994 2665 1026 2691 Α.
1045 2664 1153 2691 Faciam
1178 2661 1273 2688 libens.
1289 2660 1342 2688 Sed
1365 2665 1443 2686 acula
1457 2665 1483 2686 et
1502 2657 1609 2686 subtilis
1627 2661 1669 2684 cst
1691 2656 1746 2683 dis-

958 2711 1078 2745 quisitio.
1096 2709 1180 2736 Unius
1202 2707 1312 2735 deitatis
1335 2710 1443 2738 natura,
1469 2705 1495 2731 in
1513 2709 1608 2731 sancta
1630 2707 1657 2730 et
1679 2710 1747 2728 eon-

957 2757 1126 2786 substantiali
1140 2755 1273 2782 Triuitate
1287 2761 1300 2780 a
1326 2753 1405 2780 nobis
1419 2751 1486 2786 ipsis
1500 2755 1526 2777 et
1548 2749 1650 2777 sanctis
1667 2755 1746 2782 ange-

958 2806 990 2832 lis
1014 2804 1179 2839 agnoscitur.
1202 2802 1234 2829 Et.
1251 2805 1293 2829 est
1312 2799 1420 2836 quidem
1446 2797 1593 2826 secundum
1609 2793 1748 2830 propriam

1074 2897 1094 2911 “‘
1112 2895 1171 2923 Psal
1200 2902 1283 2925 nm,
1301 2893 1327 2920 G.
