1937 3036
107 142 178 170 1051

639 143 682 170 DE
703 143 751 170 SS.
774 141 961 170 TRINITATE
982 141 1156 170 DlALOGUS
1179 141 1221 168 Vi.

1678 143 1746 170 1058

104 202 226 238 ἀμογητῖ
251 204 380 232 δύνασθαι
411 203 561 238 κατορθοῦν
587 204 636 236 τὰς
659 204 857 239 τερατουργίας
872 204 899 230 ὠ.

965 203 1094 238 prteclare
1116 207 1144 230 et
1167 206 1242 229 recte
1263 201 1453 237 intelligerent,
1471 202 1533 237 quis
1550 202 1658 229 virtutis
1676 202 1748 230 illius

104 247 173 279 Θεὸς
193 248 336 281 ἐπιδιδοὺς,
353 259 361 274 ι
374 249 566 282 Ἀσθενοῦντας
582 250 759 285 θεραπεύετε,
771 250 848 285 φησὶ,
860 250 908 276 καὶ

103 294 224 329 νεκροὺς
247 294 387 330 ἐγείρετε,
415 295 532 330 λεπροὺς
568 294 753 330 καθαρίζετε,
780 295 906 330 δαιμόνια

103 339 270 367 ὲκὸἀλλετε·
285 341 389 376 δωρεὰν
410 341 532 373 ἐλάϐετε,
549 341 654 376 δωρεὰν
676 341 736 368 δότε
746 349 752 356 ·
767 350 776 367 ι
793 340 902 373 οὐκοῦν,

104 385 209 421 ἄριστά
224 394 253 412 τε
270 387 316 413 καὶ
337 387 374 418 ὡς
389 387 428 414 ἔνι
444 387 536 418 καλῶς
556 388 754 422 ἐννενοηκότες,
770 387 812 419 τίς
828 389 842 414 ὁ
856 387 906 422 τῆς

103 430 222 466 ἐνούσης
241 431 332 464 αὐτοῖς
349 432 440 467 ἰσχύος
455 432 538 467 δοτήρ
556 441 585 458 τε
603 432 651 459 καὶ
666 432 808 467 πρύτανις,
831 431 904 466 αὐτῷ

103 478 156 512 τῆς
181 477 307 509 εὐκλείας
337 477 383 504 τὸν
408 478 539 513 στέφανον
564 478 773 511 ἀναπλέκουσιν,
799 479 904 512 ἐπιφω-

101 522 216 555 νοῦντες
235 523 278 550 ἀεὶ
301 524 358 555 τοῖς
384 524 604 560 ὴρρωστηκόσιν·
628 534 638 550 ‹
659 525 703 551 Ἐν
726 524 766 560 τῷ
791 524 904 559 ὀνόματι

109 567 200 602 Ἰησοῦ
214 568 331 603 Χριστοῦ
344 569 391 595 τοῦ
403 569 580 605 Ναζωραίου·
595 580 604 596 ι
621 569 690 606 πρὸς
701 570 731 596 ὃν
745 570 791 596 καὶ
801 571 814 596 ὀ
830 569 902 601 θεῖος

961 249 1040 276 dator
1053 250 1088 275 sit
1103 255 1135 275 ac
1152 247 1275 281 largitor,
1292 248 1316 274 ei
1330 247 1425 282 gloria:
1444 255 1573 274 coronam
1592 248 1747 279 nectebant.

959 295 1079 322 infirmos
1090 301 1196 329 semper
1205 293 1410 328 contpellantesr
1425 294 1451 320 ia
1469 293 1577 320 nomine
1592 292 1656 320 Jesu
1668 293 1746 319 Clu-i-

957 341 990 368 sti
1003 340 1153 367 Nazareni:
1166 341 1213 366 tad
1227 347 1307 373 quem
1323 344 1350 367 et.
1364 339 1471 367 divinus
1487 339 1531 366 ille
1547 343 1640 366 noster
1651 344 1749 365 cantor

959 387 1061 421 psallit,
1078 385 1170 413 dicens
1186 394 1193 412 :
1212 394 1221 411 ι
1236 385 1328 413 Gloria
1345 386 1452 413 virtutis
1470 393 1563 412 eorum
1581 390 1608 411 tu
1622 391 1662 414 es,
1680 389 1707 411 et
1722 383 1748 409 in

957 431 1067 458 nomine
1079 436 1125 458 tuo
1139 430 1313 458 exsttltabunt
1329 434 1382 456 tota
1397 430 1440 457 die
1450 430 1483 455 ⁸⁸.
1499 439 1509 457 ι
1527 429 1645 463 Alioqui,
1660 434 1749 454 nonne

957 477 1021 505 illud
1036 478 1062 504 in
1076 477 1179 504 sauctis
1196 477 1327 510 apostolis
1344 477 1423 504 valde
1440 477 1602 503 laudandum
1619 482 1679 502 esse
1697 474 1746 505 ais,

956 523 1028 559 quod
1052 524 1078 551 in
1104 522 1214 550 Christo
1231 523 1391 558 gloriamur,
1416 531 1534 557 eumque
1557 522 1665 549 virtutis
1688 527 1746 547 sua:

955 569 1066 604 gloriam
1087 568 1208 596 faciunt?

100 614 172 648 ἡμῖν
191 614 317 649 Μελῳδὺς
330 615 482 650 ἁναμέλπει
496 615 594 650 λέγων,
610 616 659 642 ὃτι¹
671 626 680 643 ‹
694 616 834 652 Καύχημα
852 615 902 651 τῆς
919 616 1061 651 δυνάμεως
1076 614 1167 642 αὐτῶν
1184 612 1210 641 εἴ
1225 615 1267 647 σὺ,
1284 614 1330 641 καὶ
1350 614 1379 641 ἐν
1392 614 1431 650 τῷ
1450 614 1563 650 ὀνόματί
1593 625 1639 643 σου
1660 617 1747 651 ἀγαλ-

100 661 244 689 λιάσονται
265 661 328 696 ὅλην
354 662 403 698 τὴν
420 663 560 698 ἡμέραν.)
579 661 618 690 TIl
634 664 684 690 οὐκ
701 663 961 696 ἀξιεπαινετώτατον
981 661 1052 690 εἶναι
1070 662 1123 698 φὴς
1149 662 1202 689 τῶν
1225 663 1309 697 ἁγίων
1337 663 1493 690 ἀποστόλων
1518 663 1548 690 τὸ
1577 664 1622 691 ἐπὶ
1637 666 1746 701 Χριστῷ

101 709 213 742 φρονεῖν
228 707 334 734 ἑλέσθαι
353 709 434 743 μέγα,
452 709 564 745 αὕχημά
581 718 610 736 τε
629 710 764 737 ποιεῖσθαι
782 710 870 745 φιλεῖν
891 710 940 744 τῆς
954 710 997 736 διὰ
1014 709 1089 744 σφῶν
1104 709 1194 735 αὐτῶν
1209 709 1349 744 ἐνεργείας
1363 709 1461 742 adadv;

139 755 172 781 Β.
191 755 246 782 Καὶ
264 755 346 790 μάλα.

137 803 171 827 Α.
192 801 224 827 Τί
239 799 285 828 οὖν
300 802 346 828 ἐπὶ
363 802 431 838 τῷδε
459 805 538 838 φαῖεν
555 804 598 837 ἂν,
617 802 643 832 ὦ
664 805 787 841 Ἑρμεία,
803 805 894 839 διηπο-

100 847 219 894 ρηκόσιν
235 848 311 894 ἡμῖν,
323 849 383 894 καὶ,
410 850 533 883 ἀνοότου,
558 850 678 884 λέγουσι,
698 850 736 886 μὴ
753 851 800 877 καὶ
815 851 897 882 αὐτὸς
915 867 933 894 Β

101 893 116 918 ὁ
138 893 202 925 Υἱὸς
225 893 270 920 τοῦ
293 893 359 920 ιδίου
385 895 531 930 προσώπου
559 896 688 931 μεθιστὰς
713 897 830 929 εἰσάπαξ
849 897 898 932 τὴν

101 938 151 966 τοῦ
176 939 306 967 δύνασθαι
333 941 422 973 δόξαν,
451 942 532 976 μόνου
559 943 743 978 διαμέμνηται
766 943 813 970 τοῦ
840 944 898 969 Πα-

101 985 185 1021 τρδς,
207 986 263 1013 ἀλλ’
290 987 365 1018 ἰδίοις
391 987 508 1023 νεύμασι
535 989 708 1025 καταγράφει
736 990 785 1022 τὰς
804 990 898 1025 θεοση-

102 1032 181 1068 μίας,
200 1032 341 1064 ζωοποιεῖν
361 1034 411 1069 μὲν
429 1034 547 1065 εὐκόλως
562 1035 665 1071 οὕσπερ
682 1036 714 1063 ἂν
731 1036 817 1063 ἕλοιτο
833 1037 898 1063 διει-

102 1078 173 1110 πὼν,
189 1079 260 1106 κατὰ
272 1079 302 1106 τὸ
319 1080 473 1116 ίσομοιροῦν
488 1081 527 1116 τῷ
542 1082 640 1117 Hirpi,
658 1082 705 1109 καὶ
719 1085 747 1109 ἐν
767 1083 900 1110 ἰσοσθενεῖ

101 1125 232 1160 δυνάμει,
259 1126 367 1161 θέλησιν
391 1127 418 1153 δὲ
438 1128 477 1163 τῷ
496 1127 589 1163 λεπρῷ
614 1129 682 1164 πρὸς
701 1129 829 1165 ἀπόνιψιν
852 1130 897 1157 τοῦ

101 1172 206 1204 πάθους
228 1173 379 1204 ἐπιδιδοὺς,
397 1174 445 1200 καὶ
459 1176 516 1206 τοῖς
531 1174 580 1210 τὴν
596 1175 656 1210 ὄψιν
678 1176 826 1211 ἐρρυηκόσι
849 1177 898 1212 τὴν

100 1218 192 1253 χειρὸς
206 1219 279 1254 ἁφὴν
290 1219 475 1255 δωρούμενος;
487 1218 550 1256 ’Ἆρ’
564 1221 717 1248 ἐνδοιαστὸν
732 1221 782 1254 ἔτι,
800 1222 898 1257 μᾶλλον

99 1263 128 1288 δὲ
147 1263 207 1298 οὑχὶ
222 1265 268 1290 καὶ
283 1265 478 1300 ἀναμφιλόγως
497 1266 570 1301 ἔχον,
584 1266 623 1298 ὡς
639 1267 719 1299 αὐτὸς
737 1267 866 1303 ὑπάρχων
880 1269 896 1303 ἡ

97 1309 216 1346 δύναμις
230 1311 276 1337 τοῦ
294 1311 362 1338 Θεοῦ
381 1313 427 1339 καὶ
444 1313 560 1348 Πατρος,
578 1313 760 1349 ἀναστοιχειοῖ
773 1314 823 1350 τὴν
840 1313 898 1341 κτί-

98 1365 143 1383 σιν
159 1358 200 1389 εἰς
214 1357 245 1384 τὸ
261 1359 405 1394 ἀπαρχῆς,
427 1359 478 1386 οὐκ
502 1360 666 1395 εἰσποίητον,
691 1361 741 1387 οὐκ
758 1361 898 1395 εἰσκεκρι-

99 1403 193 1438 μένον,
215 1404 311 1430 πολλοῦ
337 1413 368 1438 γε
395 1405 442 1432 καὶ
463 1405 520 1437 δεῖ,
548 1405 656 1439 φύσεως
681 1405 709 1432 δὲ
730 1405 831 1440 μᾶλλον
848 1406 899 1441 τῆς

95 1449 171 1480 ἰδίας
199 1449 269 1484 ἔχων
297 1451 403 1486 καρπον
424 1452 470 1477 καὶ
492 1452 632 1487 ἐνέργημα
654 1451 684 1478 τὸ
710 1451 896 1488 δημιουργεῖν,

97 1495 227 1530 καθάπερ
241 1496 337 1531 ἀμέλει
360 1497 407 1523 καὶ
420 1499 434 1523 ὁ
450 1498 563 1533 Πατήρ;
580 1498 628 1533 Εἴη
645 1498 667 1524 δ’
682 1498 725 1530 ἂν,
745 1498 783 1530 ὡς
799 1498 831 1532 γέ
854 1506 897 1533 μοι

96 1541 238 1576 φαίνεται,
257 1541 431 1578 κατόρθωσίς
447 1552 476 1569 τε
492 1544 538 1570 καὶ
553 1544 728 1580 ἀποτέλεσμα
745 1545 794 1580 τῆς
811 1543 897 1578 αὐτῆς
911 1549 934 1577 C

96 1586 195 1621 ἰσχύος
214 1588 261 1614 καὶ
276 1588 426 1623 ἐνεργείας,
448 1588 478 1615 τὸ
492 1590 540 1616 καὶ
556 1590 603 1616 ἀπ’
617 1590 706 1625 ἀρχῆς
721 1591 761 1621 εἰς
782 1589 813 1615 τὸ
830 1587 899 1616 εἶναι

986 758 1015 784 Β.
1037 757 1075 784 ita
1095 765 1220 792 prorsus.

985 804 1017 830 Α.
1039 803 1107 836 Quid
1127 811 1210 838 porro
1223 802 1447 836 percontantibus
1471 803 1548 830 nobis
1563 803 1662 836 dicent,
1680 803 1746 831 Iler-

949 851 1014 881 mia,
1033 857 1064 876 ac
1079 849 1292 880 sciscitantibus,
1309 850 1486 883 quamobrem
1513 849 1569 882 ipse
1588 849 1673 876 Filius
1697 858 1744 883 po-

951 895 1042 922 tentia:
1068 895 1152 930 gloria
1180 901 1235 921 suae
1259 901 1382 928 persona:
1400 893 1479 928 plane
1501 894 1634 927 detracta,
1662 895 1746 923 solius

948 940 1040 967 Patris
1056 948 1108 966 non
1134 939 1268 971 meminit,
1293 939 1340 965 sed
1361 938 1417 965 suis
1434 938 1545 966 ntttibus
1562 939 1674 966 ascribit
1693 940 1744 966 mi-

951 986 1052 1018 racula,
1074 993 1135 1012 cum
1150 985 1183 1012 ad
1204 985 1288 1011 vitam
1305 984 1426 1011 excitare
1447 983 1577 1018 praedicat
1598 991 1666 1018 quos
1680 985 1746 1012 velit

950 1032 1043 1059 eadem
1063 1032 1086 1058 vi
1103 1039 1133 1058 ac
1155 1034 1290 1065 potestate
1303 1037 1355 1064 qua
1370 1029 1462 1062 Pater,
1490 1034 1516 1057 et
1533 1030 1668 1064 leprosum
1687 1031 1745 1059 solo

951 1084 1017 1104 lllllu
1039 1085 1071 1104 ac
1092 1077 1231 1104 voluntate
1257 1076 1353 1103 morbo
1369 1075 1477 1107 liberat,
1503 1080 1529 1103 et
1555 1077 1634 1103 ca'cis
1649 1085 1745 1115 manus

955 1128 1026 1151 tactu
1052 1123 1138 1150 lucem
1163 1123 1299 1149 restituit?
1321 1123 1360 1149 An
1383 1129 1463 1156 porro
1484 1122 1595 1150 dubium
1620 1129 1672 1156 est,
1692 1125 1746 1151 imo

954 1170 1075 1204 nunquid
1099 1169 1353 1196 manifestissimum
1380 1173 1432 1201 est,
1449 1169 1519 1203 quod
1543 1176 1603 1196 cum
1630 1169 1687 1204 ipse
1709 1170 1744 1197 sit

951 1217 1037 1244 virtus
1053 1216 1100 1243 Dei
1122 1224 1153 1243 ac
1178 1215 1277 1247 Patris,
1295 1215 1321 1242 iu
1345 1215 1492 1250 pristinum
1511 1221 1612 1243 statum
1636 1222 1743 1243 creatu-

949 1270 1008 1289 ram
1032 1264 1181 1294 reformat,
1206 1269 1257 1288 non
1276 1262 1470 1293 adveulitium,
1498 1270 1550 1289 non
1575 1262 1721 1289 ascititium
1736 1283 1743 1295 ,

951 1308 1033 1340 absit.
1057 1308 1102 1336 sed
1130 1313 1232 1334 natura:
1252 1315 1308 1335 sure
1326 1307 1446 1335 fructum
1478 1314 1505 1335 et
1530 1316 1598 1343 opus
1621 1308 1742 1341 balteus,

950 1357 1109 1384 creatricem
1129 1357 1194 1390 vim,
1211 1357 1292 1384 sicuti
1313 1357 1440 1384 nimirum
1457 1357 1556 1386 Pater?
1573 1359 1621 1386 Est
1639 1364 1741 1392 autem,

950 1409 979 1430 ut
995 1411 1066 1437 reor,
1081 1404 1201 1437 ejusdem
1222 1404 1331 1432 virtutis
1347 1412 1379 1431 ac
1394 1405 1535 1440 potestatis
1556 1413 1623 1440 opus
1638 1410 1664 1432 et
1678 1405 1744 1432 θιγε-

950 1450 1015 1481 etio,
1031 1450 1058 1475 in
1077 1450 1210 1484 principio
1227 1456 1270 1476 res
1284 1454 1393 1477 creatas
1410 1458 1425 1477 e
1452 1450 1536 1477 nihilo
1552 1452 1585 1478 ad
1601 1459 1661 1478 esse
1680 1459 1744 1486 pro-

954 1495 1065 1522 ducere.
1089 1499 1114 1520 et
1128 1501 1179 1528 per
1191 1498 1332 1529 peccatum
1352 1500 1494 1529 corruptas
1522 1503 1553 1522 ac
1577 1496 1602 1523 in
1625 1496 1744 1523 deterio-

953 1548 1008 1566 rem
1024 1548 1054 1567 ac
1071 1540 1192 1566 viliorem
1208 1545 1308 1567 statum
1327 1545 1445 1569 mutatas
1459 1542 1492 1568 ad
1508 1545 1609 1569 statum
1624 1542 1743 1577 priorem

955 1587 1104 1613 reformare
1117 1594 1206 1621 posse.

98 1638 281 1671 παρενεγκεῖν
293 1636 323 1669 ἐξ
352 1637 533 1672 ἁνυπαρξίας,
569 1638 599 1664 τὸ
614 1639 763 1673 ἐκτισμένα
792 1638 839 1664 καὶ
873 1634 1086 1670 κατεφθαρμένα
1113 1635 1147 1660 δι’
1169 1633 1318 1669 ἁμαρτίαν,
1345 1634 1439 1662 κλόνον
1458 1643 1488 1661 τε
1516 1635 1744 1673 ὑπομεμενηκότα

97 1684 144 1709 τὸν
159 1685 206 1710 ἐπὶ
222 1684 257 1710 τὰ
274 1685 357 1719 χείρω
377 1685 423 1711 καὶ
441 1685 577 1720 αἰσχίονα,
600 1686 798 1720 μεταπλάττειν
814 1684 944 1712 δύνασθαι
965 1684 1033 1718 πρὸς
1049 1682 1079 1708 τὺ
1099 1682 1237 1717 ἀπαρχῆς.

135 1733 166 1760 Β.
188 1733 251 1764 Πῶς
263 1731 310 1760 οὖν
324 1733 446 1767 ἔφασκεν
460 1735 509 1770 οὐχ
526 1735 750 1770 ὑπεσταλμένως·
770 1743 778 1760 ι
801 1734 900 1769 Ἀμὴν,

96 1779 173 1814 ἀμὴν
198 1779 272 1814 λέγω
297 1779 372 1814 ὑμῖν,
392 1780 422 1806 οὺ
439 1780 553 1807 δύναται
568 1782 581 1807 ὁ
597 1781 660 1812 Υἱὸς
676 1783 763 1808 ποιεῖν
776 1780 822 1815 ἀφ’
840 1781 903 1806 ἐαυ-

97 1826 147 1852 τοῦ
162 1826 251 1858 οὐδὲν,
274 1827 320 1853 ἐὰν
343 1827 420 1862 μήτι
438 1827 524 1862 βλέπῃ
544 1827 590 1854 τὸν
616 1827 727 1862 Πατέρα
751 1827 900 1854 ποιοῦντα·

97 1871 116 1897 ἂ
129 1871 184 1906 γὰρ
197 1873 299 1904 ἐκεῖνος
312 1874 393 1903 ποιεῖ,
409 1872 494 1898 ταῦτα
510 1873 557 1898 καὶ
571 1874 584 1898 ὁ
595 1872 660 1904 Υἱὸς
673 1873 773 1907 ὁμοίως
787 1873 871 1898 ποιεῖ·
887 1880 896 1897 ι

97 1916 147 1942 καὶ
168 1917 237 1951 πρός
253 1925 285 1951 γε
356 1916 456 1950 τούτῳ,
475 1926 484 1940 ι
506 1917 565 1942 ’Λπ“
580 1917 702 1951 ἐμαυτοῦ
718 1917 793 1943 οὐδὲν
807 1916 876 1943 ποιῶ
889 1925 896 1932 ·

97 1964 111 1989 ὁ
125 1962 153 1988 δὲ
173 1962 268 1998 Πατὴρ
286 1963 300 1988 ὁ
321 1964 349 1989 ὲν
365 1963 427 1998 ἐμοὶ
444 1963 544 1998 μένων,
560 1964 633 1989 ποιεῖ
645 1964 679 1989 τὰ
694 1963 762 1999 ἔργα
775 1963 873 1995 αὺτός;
887 1972 896 1988 ι

103 2009 150 2041 Ὦς
168 2010 248 2044 εἴπερ
263 2009 351 2045 ὀρθῶς
368 2009 540 2044 ἀναμάθοιμι
555 2010 643 2043 ταυτὶ,
658 2009 707 2044 τὴν
723 2011 801 2045 χάριν
815 2009 848 2036 ἂν
863 2009 900 2035 εί-

98 2056 175 2092 δείην
189 2057 218 2082 οὺ
238 2057 350 2092 μικράν.

135 2106 170 2130 Α.
188 2103 240 2130 Ἴθι
255 2103 287 2140 δὴ
300 2102 346 2131 οὖν
361 2105 401 2136 είς
421 2105 574 2140 ἀνάμνησιν
587 2101 624 2130 ὧν
648 2103 778 2138 ἐλέγομεν
800 2102 901 2138 ἀρτίως

99 2151 166 2186 περὶ
178 2150 228 2185 τῆς
244 2150 323 2185 ἁγίας
338 2151 385 2178 καὶ
399 2151 543 2186 ὁμοουσίου
553 2151 677 2186 Τριάδος.
691 2151 779 2185 Ἐφην
794 2149 848 2185 γὰρ
861 2150 900 2175 ὅτι

987 1731 1014 1757 Β.
1041 1730 1182 1764 Quomodo
1208 1738 1273 1764 ergo
1303 1730 1408 1757 dicebat
1438 1731 1594 1766 intrepide:
1614 1733 1745 1765 «Amen,

950 1785 1028 1804 amen
1053 1776 1115 1804 dico
1135 1777 1212 1803 vobis
1227 1796 1234 1809 ,
1261 1783 1313 1803 non
1349 1781 1438 1811 potest
1453 1777 1538 1805 Filius
1561 1786 1575 1804 a
1606 1786 1635 1806 se
1655 1778 1746 1806 facere

950 1823 1115 1857 quidquam,
1145 1821 1198 1849 uisi
1228 1823 1298 1856 quod
1327 1823 1427 1850 viderit
1454 1823 1563 1850 Patrem
1589 1824 1744 1852 facientem.

953 1868 1127 1902 Quwcuuque
1142 1867 1213 1894 enim
1237 1867 1280 1894 ille
1297 1867 1404 1900 fecerit,
1422 1869 1479 1896 btec
1499 1873 1525 1896 et
1541 1869 1626 1896 Filius
1646 1870 1744 1896 simili-

953 1918 994 1941 ter
1010 1913 1114 1940 facit”.
1132 1922 1141 1938 ι
1160 1913 1200 1939 Ad
1224 1913 1282 1939 haec
1299 1921 1306 1938 ι
1325 1922 1334 1938 ε
1351 1913 1375 1938 Α
1392 1914 1495 1948 meipso
1511 1915 1578 1941 nihil
1593 1915 1673 1949 facio,
1693 1915 1745 1942 Pa-

953 1964 994 1986 ter
1018 1964 1108 1986 autetn
1135 1959 1160 1984 in
1192 1965 1234 1985 me
1262 1965 1392 1991 manens,
1416 1960 1475 1994 ipse
1501 1960 1566 1987 facit
1587 1968 1669 1996 opera
1681 1962 1715 1989 ".
1732 1971 1741 1987 ι

950 2006 1026 2039 Quod
1044 2005 1066 2033 si
1087 2006 1144 2032 lta-c
1156 2009 1230 2031 recte
1244 2004 1395 2037 didicerim,
1411 2006 1526 2040 gratiam
1541 2006 1612 2034 ltaud
1626 2015 1742 2042 parvam

947 2054 1075 2082 referam.

992 2101 1023 2128 Δ.
1043 2099 1151 2126 Revoca
1179 2100 1270 2134 itaque
1290 2101 1316 2128 in
1335 2100 1495 2127 memoriam
1513 2107 1571 2134 qua:
1595 2100 1629 2127 de
1650 2106 1742 2128 sancta

955 2147 1214 2174 etconsubstantiali
1224 2146 1360 2174 Trinitate
1371 2147 1451 2173 modo
1461 2147 1588 2173 diximus.
1600 2145 1659 2174 Dixi
1672 2148 1742 2174 enim

100 2196 187 2232 τριῶν
208 2197 386 2223 ὺποστάσεων
401 2197 595 2232 ὑπαρχουσῶν,
620 2195 712 2228 ἰδικῶς
728 2205 758 2222 τε
776 2196 834 2231 ἅμα
851 2195 898 2222 καὶ

956 2193 1035 2227 quod,
1053 2201 1113 2220 cum
1131 2193 1185 2219 siut
1201 2198 1255 2220 tres
1270 2193 1428 2228 Itypostases
1439 2193 1611 2228 peculiariter
1621 2194 1700 2221 simul
1717 2200 1744 2222 ct

100 2243 234 2277 ἀλλήλαις
254 2243 410 2278 προσεχῶς,
433 2243 470 2273 ὡς
487 2243 516 2269 ὲν
535 2243 584 2277 μιᾷ
609 2242 734 2277 θεότητος
756 2241 849 2276 φύσει,
868 2241 898 2267 τὸ

100 2290 164 2320 ἐνὸς
188 2289 327 2324 ἐνέργημα
345 2289 505 2324 προσώπου,
521 2288 568 2314 καὶ
586 2287 651 2322 ὅλης
672 2287 705 2313 ἂν
723 2286 828 2321 λέγοιτο
849 2286 899 2321 τῆς

101 2334 216 2367 οὐσίας,
241 2335 287 2361 καὶ
304 2334 424 2369 ἑκάστης
443 2334 620 2364 ὑποστάσεως
646 2332 737 2364 ίδικῶς
748 2340 755 2347 ⁸
772 2332 819 2368 ὅλη
845 2332 898 2367 γὰρ

101 2381 203 2417 ὥσπερ
227 2380 320 2412 διόλως
348 2380 396 2406 καὶ
429 2380 521 2411 tame;
550 2380 584 2406 δι’
614 2379 730 2406 ἑκάστου
763 2379 896 2405 κινεῖσθαι

101 2428 187 2463 φιλεῖ.

139 2475 172 2502 Β.
193 2475 394 2510 Μεμνήσομαι·
414 2473 472 2505 πῶς
490 2473 544 2508 γὰρ
563 2472 608 2506 of);

139 2523 174 2550 A.
195 2521 300 2548 Οὐκοῦν
320 2521 443 2556 ἐνεργεῖν
464 2519 601 2551 ἐθέλοντάς
617 2528 642 2545 τι
663 2519 727 2554 περὶ
747 2518 796 2554 τὴν
811 2517 898 2544 κτίσιν

101 2568 151 2594 τοῦ
170 2567 237 2594 Θεοῦ
262 2567 310 2594 καὶ
333 2567 449 2602 Πατρὺς,
464 2566 513 2592 οὐκ
533 2565 565 2592 ἂν
578 2566 780 2600 ἀπρακτήσειεν
793 2565 807 2590 ὁ
825 2563 899 2594 Υἱός⁸

102 2615 158 2642 0'16‘
177 2614 210 2641 ἂν
234 2615 258 2640 εἰ
284 2613 432 2649 ἐργάσαιτό
456 2621 481 2638 τι
507 2612 588 2646 τυχὸν
609 2612 623 2638 ὁ
638 2611 712 2643 Υἱὸς,
730 2610 864 2646 ἀέργητος
885 2610 900 2636 ὁ

103 2660 202 2695 Πατὴρ
220 2659 262 2694 εἴη
279 2658 323 2690 ειν,
339 2658 417 2693 εἴπερ
432 2657 490 2683 ἐστὶ
506 2657 571 2688 Θεὸς
592 2654 632 2687 εἷς
654 2656 700 2682 καὶ
720 2654 896 2690 δημιουργός.

103 2706 226 2740 Θάτερος
241 2705 296 2740 γὰρ
316 2705 344 2730 ἐν
366 2704 469 2739 θατέρῳ
483 2704 594 2735 νοεῖται,
612 2702 660 2728 καὶ
682 2701 754 2728 ἐστιν
777 2700 896 2735 ἀληθῶς,

105 2753 177 2780 κατά
193 2760 226 2786 γε
241 2751 271 2778 τὸ
286 2751 408 2786 συμφυές
424 2759 454 2776 τε
470 2750 516 2776 καὶ
529 2749 682 2785 ὁμοούσιον,
698 2749 722 2775 εἰ
736 2748 782 2774 καὶ
798 2748 900 2773 νοοῖντο

104 2799 282 2836 διηρηιιένως
296 2797 324 2823 ἓν
337 2805 367 2823 τε.
381 2796 514 2832 ὑπᾶρξεσι
530 2796 576 2822 καὶ
595 2793 752 2830 προσώποις
771 2793 872 2824 ἰδικοῖς.

141 2878 165 2893 ⁸³
179 2876 253 2904 l‘sal.
274 2882 408 2906 Lxxxvut.
426 2875 466 2902 Π.
505 2874 526 2890 ⁶⁹
541 2874 619 2902 Joau.
637 2881 662 2906 v,
679 2873 722 2906 lt),
734 2873 778 2900 εο.
817 2872 839 2887 ⁷⁹
854 2870 933 2898 Joan.

954 2240 1070 2267 invicem
1089 2238 1224 2273 proxime,
1253 2244 1345 2274 utpote
1370 2239 1396 2266 in
1425 2247 1478 2266 una
1503 2239 1611 2267 deitatis
1636 2246 1741 2273 natura,

954 2287 1034 2312 unius
1051 2285 1173 2320 operatio
1189 2292 1311 2320 persona
1333 2284 1413 2320 621
1431 2285 1512 2312 etiam
1537 2286 1619 2313 totius
1641 2287 1745 2314 dicetur

954 2330 1124 2361 substantim.
1137 2334 1163 2357 et
1174 2331 1388 2366 uniuscujusque
1403 2338 1524 2366 persona!
1538 2332 1661 2360 seorsim.
1677 2331 1743 2359 Tota

954 2376 1026 2404 enim
1056 2377 1259 2411 quodammodo
1281 2378 1312 2411 ,in
1340 2382 1425 2405 totum
1448 2382 1475 2405 et
1498 2378 1673 2413 peculiariter
1697 2387 1745 2414 per

952 2431 1176 2459 unamquamque
1194 2431 1338 2458 personam
1356 2424 1457 2451 ntoveri
1474 2424 1551 2452 solet.

990 2468 1020 2496 Β.
1040 2469 1197 2497 Meminero.
1217 2469 1266 2503 Qui
1282 2470 1354 2497 enitn
1371 2471 1428 2498 fieri
1445 2475 1533 2505 potest
1547 2470 1648 2498 aliter?

988 2515 1021 2542 A.
1035 2514 1118 2550 Igitur
1128 2515 1150 2542 si
1166 2515 1235 2542 Deus
1256 2523 1286 2542 ac
1298 2515 1379 2543 Pater
1393 2524 1457 2551 erga
1468 2522 1623 2544 creaturam
1645 2518 1746 2553 aliquid

955 2561 1061 2595 operari
1075 2561 1149 2594 velit,
1162 2569 1214 2588 non
1233 2559 1379 2589 cessaverii
1395 2562 1479 2590 Filius
1496 2572 1502 2590 :
1522 2571 1609 2598 neque
1625 2565 1646 2591 si
1662 2565 1745 2592 Filius

954 2613 1081 2642 operetur
1094 2607 1185 2634 forsan
1209 2607 1324 2642 aliquid,
1341 2608 1445 2636 otiosus
1466 2608 1545 2636 Pater
1556 2608 1648 2642 fuerit,
1660 2610 1745 2645 siqui-

955 2653 1014 2680 dem
1033 2658 1075 2681 cst
1094 2654 1163 2680 Deus
1182 2661 1251 2680 unus
1265 2658 1293 2680 et
1307 2653 1409 2688 opifex.
1433 2653 1510 2681 Alter
1525 2654 1596 2682 enim
1614 2655 1639 2682 in
1660 2656 1748 2683 altero

952 2699 1110 2734 intelligitur
1127 2703 1154 2726 et
1166 2707 1260 2726 revera
1276 2705 1327 2732 est,
1350 2700 1493 2728 itlcntitate
1513 2705 1617 2728 natura:
1634 2708 1666 2728 ac
1684 2702 1746 2728 sub~

954 2747 1070 2779 stantiaa,
1086 2746 1193 2773 etiamsi
1211 2746 1399 2781 intelligantur
1410 2747 1537 2775 distincte
1551 2747 1578 2774 in
1590 2747 1745 2775 subsisten—

957 2793 1000 2819 tiis
1013 2797 1039 2819 et
1051 2792 1174 2827 personis
1189 2792 1382 2828 peculiaribus.

951 2878 1006 2904 xtv,
1027 2871 1067 2898 l0.
