1937 3036
104 135 169 162 ωσι

638 137 680 164 DE
702 137 751 164 SS.
773 138 961 166 TRINlTATE
982 141 1154 170 MALOGUS
1174 143 1217 171 Vl.

1628 140 1631 143 ’
1678 154 1741 180 trn‘;

101 189 174 216 ἀλλὰ
190 189 238 216 καὶ
257 189 364 224 φύσεως
386 190 441 217 ἔσθ’
455 191 498 217 ὅτε
516 192 565 227 τὴν
585 193 627 228 ἐφ’
640 191 680 226 οἷς
696 195 854 230 ἐρήρεισταί
871 205 897 223 τε

954 199 1148 228 immutabilem
1180 202 1406 236 pet-st-rerantittm
1433 203 1571 238 declarat;
1609 207 1688 235 veluti
1716 210 1739 236 si

102 235 151 261 καὶ
165 235 293 271 ἕστηκεν,
313 236 520 272 ἁπαραποίητον
535 238 665 275 διαμονὴν
680 243 901 276 κατασημήνειεν

101 280 146 312 ἂν,
162 281 260 316 ὥσπερ
279 281 312 308 ἂν
329 281 357 308 εἴ
371 291 414 313 τις
434 283 508 317 λέγοι
530 284 621 319 τυχόιν
639 286 704 318 Θεός
720 287 854 322 ἁμαρτεῖν
870 288 900 315 οὺ

100 327 226 355 δύναται.
242 329 322 356 Εἴποι
336 328 357 355 δ’
375 329 408 356 ἂν
425 330 472 356 καὶ
488 330 545 364 φῶς
561 331 622 365 μὲν,
635 332 672 364 ὡς
687 333 744 360 Οὐκ
763 334 795 360 ἂν
809 335 902 362 δυναί-

103 372 208 409 μηνμὴ
223 371 292 400 εἶναι
309 373 375 408 φῶς.
393 374 452 410 Πῦρ
464 383 494 401 τε
511 373 545 402 αὖ
559 377 606 402 καὶ
619 376 702 412 ὕδωρ,
721 379 812 414 φωνῆς
827 380 901 406 ἐνού-

102 426 166 453 σης.
183 420 417 455 ἀνακεκράξονται
434 420 474 454 τὸ,
490 421 548 448 Οὐκ
566 422 599 449 ἂν
615 423 765 459 δυναίμεθα
781 424 901 460 μὴεῖναι

101 464 161 499 πῦρ
179 473 209 491 τε
229 465 276 491 καὶ
294 465 376 501 ὕδωρ.
387 465 496 502 Ἐπειδὴ
510 467 540 493 δέ
559 469 605 494 καὶ
625 471 682 501 τοῖς
699 478 900 506 τερατουργου-

102 509 207 544 μένοις,
225 511 271 536 καὶ
295 511 365 546 πέρα
383 512 483 544 παντὸς
506 513 575 540 ἰοῦσι
601 514 740 550 θαύματος
761 517 901 552 ἐπετίμων

100 555 126 581 oi
155 555 376 591 πάντολμοι,τοῡ
401 558 577 594 ὲμπαροινεῖν
602 560 720 594 ἀφιστὰς
743 562 827 598 αὐτῷ,
851 563 899 599 τὴν

100 600 157 626 τῶν
180 601 408 637 ἀποτελεσμάτων
430 603 571 638 ἐνέργειαν
595 606 711 634 ἀνετίθει
740 608 777 642 τῷ
800 610 898 644 Πατρὶ,

100 646 191 681 λέγων
204 656 210 662 ·
229 648 308 675 ιἈπ’
322 649 441 683 ἐμαυτοῦ
466 651 541 677 οὐδὲν
566 653 651 678 ποιῶ’
674 654 687 680 ὁ
708 654 735 680 δὲ
759 655 853 690 Πατὴρ
870 656 900 682 ἐν

100 693 166 727 ἐμοὶ
184 693 284 728 μένων,
304 696 377 720 ποιεῖ
393 695 427 721 τὰ
452 695 521 730 ἔργα
544 696 636 728 αὑτός.
651 707 660 723 ι
672 699 797 734 Ἐνεργὺς
815 700 868 735 γὰρ
884 701 898 726 ὁ

100 739 199 775 Πατὴρ
214 739 247 766 δι’
262 739 337 772 Υἱοῦ,
351 741 397 767 καὶ
411 741 460 767 οὐκ
474 741 507 768 ἄν
522 751 548 769 τι
565 742 638 779 δρῴη
653 743 763 771 πώποτε
775 745 836 780 δίχα
849 747 898 782 τῆς

99 785 218 820 ἐνούσης
241 786 332 821 ἰσχύος
353 786 438 822 αὐτῷ,
452 788 586 820 τουτέστι,
600 789 646 815 τοῦ
662 790 692 822 ἐξ
706 791 789 817 αὐτοῦ
806 801 835 818 τε
851 793 898 819 καὶ

99 831 130 856 ἐν
155 830 231 866 αὐτῷ
247 831 397 866 πεφηνότος
426 840 452 858 τε
476 833 522 859 καὶ
546 833 621 865 ὖντος
638 835 736 868 Λόγου.
755 836 898 871 Τοιγάρτοι

101 877 150 902 καὶ
167 876 285 911 ἔφασκεν
298 877 389 909 αὐτός·
410 887 419 903 ι
436 878 468 904 Εἰ
483 879 513 904 οὺ
528 879 596 904 ποιῶ
607 879 640 906 τὰ
650 880 717 917 ἔργα
731 881 777 907 τοῦ
790 881 896 917 Πατρός

99 931 166 957 μου,
182 923 219 958 μὴ
231 924 373 950 πιστεύετέ
390 933 435 959 μοι
446 932 452 938 ·
471 925 496 951 εἰ
515 925 542 951 δὲ
557 926 636 958 ποιῶ,
649 927 700 953 κᾶν
716 928 777 962 ἐμοὶ
794 927 830 963 μὴ
849 937 895 954 πι-

101 968 228 1003 στεύητε,
247 971 303 1001 τοῖς
318 969 410 1004 ἔργοις
433 979 484 1006 μου
510 972 663 998 πιστεύετε·
680 983 689 998 ι
707 974 738 1000 τὸ
759 975 797 1006 εἰς
810 974 895 1010 ἀλκὴν

100 1012 180 1049 οἶμαί
196 1024 246 1042 που
260 1015 305 1042 διὰ
320 1016 428 1042 πάντων
442 1014 510 1050 ἶσον,
525 1018 640 1053 μήνυσιν
653 1019 755 1055 ἀκριϐῆ
767 1020 816 1055 τῆς
827 1021 896 1056 πρὶς

100 1061 184 1091 αὐτὸν
199 1063 408 1098 ὁμοουσιότητος
426 1063 542 1091 κάνθάδε
558 1065 654 1097 τιθείς.

138 1109 171 1136 Β.
191 1109 273 1136 Οὐδὲν
288 1109 320 1138 ἂν
337 1109 427 1146 ἔχοιμι
449 1113 505 1143 τοῖς
527 1111 614 1144 οὕτως
632 1113 720 1149 ὀρθῶς
739 1114 896 1150 εἰρημένοις

101 1155 244 1191 ἐπιτιμᾷν,
261 1156 443 1191 προσερέσθαι
460 1157 489 1184 δέ
503 1166 530 1183 τι
545 1157 632 1193 βραχὺ
648 1159 722 1194 δοίης
735 1160 767 1186 ἂν
777 1160 895 1188 ἐϐέλοντί

101 1209 161 1236 μοι,
177 1202 260 1237 ἤγουν
277 1202 326 1238 ήδη
344 1203 422 1239 λογιῇ
437 1203 563 1241 δυσμαθῆ
582 1214 612 1232 τε
628 1206 674 1232 καὶ
692 1207 831 1242 φορτικὸν,
848 1208 896 1235 καὶ

100 1247 245 1282 ὀχλοποιὸν
263 1249 375 1284 ἑτέρως.

138 1294 172 1321 Δ.
195 1295 314 1321 Ἦκιστά
334 1303 377 1329 γε,
392 1292 417 1323 ὦ
438 1296 664 1333 φιλάτης.”οκνου
679 1299 734 1335 γὰρ
747 1300 865 1335 ἀμείνων
876 1301 894 1336 ἡ

101 1339 255 1375 προθυμία,
269 1341 316 1367 καὶ
328 1341 359 1368 τὸ
372 1343 508 1369 συνειπεῖν
523 1343 644 1376 εὐκλεὲς,
659 1345 684 1370 ει
704 1347 896 1380 συκοφαντοῖτο

101 1387 172 1422 πρός
186 1395 257 1419 τινος
275 1387 322 1415 τοῦ
337 1389 464 1425 Σωτῆρος
481 1390 497 1425 ἡ
516 1389 589 1424 δόξα.

138 1434 171 1460 Β.
198 1433 227 1461 Ὀ
243 1434 344 1467 τοίνυν,
370 1436 461 1470 φασὶν,
483 1436 624 1471 ὁμοούσιός
648 1445 678 1464 τε
701 1437 748 1465 καὶ
771 1438 895 1474 ίσουργὸς

101 1479 142 1515 τῷ
155 1479 242 1516 Πατρὶ
257 1480 324 1516 πρὸς
339 1481 354 1506 ὑ
358 1481 415 1516 μῶν
428 1479 497 1508 εἶναι
509 1483 736 1518 πεπιστευμένος,
748 1485 897 1519 προσκυνεῖ

102 1526 168 1560 μεθ’
184 1526 274 1561 ἡμῶν.
294 1527 406 1554 Γυναικὶ
423 1528 477 1564 γάρ
493 1538 544 1555 που
565 1530 597 1564 τῇ
620 1529 794 1565 Σαμαρείτιδι
810 1539 895 1566 προσ-

101 1572 208 1606 λαλῶν,
230 1582 240 1598 l
251 1573 346 1609 Ὑμεῖς
373 1576 551 1610 προσκυνεῖτε
567 1574 581 1601 ὃ
605 1576 655 1602 οὐκ
670 1576 770 1608 οἴδατε,
796 1577 877 1611 φησίν
889 1585 895 1592 '

102 1620 187 1655 ἡμεῖς
210 1620 418 1656 προσκυνοῦμεν
441 1621 455 1647 ὃ
479 1621 600 1655 οἴδαμεν,
629 1614 670 1648 δτι
694 1621 849 1657 ήσωτηρία
864 1622 897 1648 ἐκ

101 1665 160 1692 τῶν
175 1666 308 1693 Ἰουδαίων
320 1667 420 1693 ἐστίν.»
431 1666 511 1700 Ἀλλ’,
525 1663 548 1693 ὦ
562 1668 689 1700 γενναῖοι,
703 1667 795 1701 φασὶν,
810 1668 824 1693 ὀ
842 1668 899 1698 τοῖς

102 1714 306 1750 προσκυνοῦσιν
320 1714 488 1750 ἐναρίθμιος,
501 1714 561 1746 πῶς
573 1714 606 1741 ἂν
618 1714 659 1741 ἐτι
673 1715 722 1750 τὴν
737 1715 785 1750 τῆς
801 1716 897 1750 ὁμοου-

103 1759 232 1795 σιότητος
246 1759 388 1786 ἀποίσεται
401 1759 490 1793 δόξαν,
503 1760 550 1787 καὶ
563 1760 627 1795 περὶ
639 1760 693 1786 τῶν
709 1760 773 1786 ἴσων
785 1760 898 1795 ἁμιλλή-

103 1813 183 1831 σεται
206 1804 246 1840 τῷ
262 1805 491 1840 προσκυνουμένῳ
510 1805 608 1840 Πατρὶ,
624 1805 713 1832 καίτοι
733 1806 898 1841 καθ’ἐτερον

102 1852 138 1878 ἄν
155 1859 197 1883 τις
215 1851 264 1878 ἴδοι
285 1851 395 1886 τρόπον,
414 1851 445 1877 τὸ
468 1851 574 1886 ἀνέχειν
597 1860 625 1877 τε
650 1852 698 1878 καὶ
721 1852 899 1887 ὑπερκεῖσθαι

103 1897 155 1933 τὴν
180 1896 264 1924 αὐτοῦ
281 1896 362 1932 φύσιν
389 1898 630 1933 παραχωρήσαντα
645 1898 683 1932 τῷ
700 1898 806 1933 Πατρί;
826 1898 898 1933 Ἔφη

104 1944 173 1978 γὰρ,
187 1943 227 1969 ὅτι
240 1952 249 1968 ι
261 1942 327 1978 Περὶ
338 1942 365 1969 δὲ
376 1943 425 1978 τῆς
439 1943 546 1978 ἡμέρας
556 1943 663 1978 ἐκείνης
673 1943 688 1978 ἢ
697 1943 745 1979 τῆς
756 1942 841 1978 ὥρας,
851 1943 899 1979 δῆ-

105 1990 152 2016 λον
177 1989 206 2016 δὲ
230 1989 270 2016 ὅτι
289 1989 337 2025 τῆς
356 1990 484 2025 ἐσχάτης,
502 1989 589 2021 οὐδεὶς
603 1988 683 2022 οἶδεν,
701 1990 761 2016 οὐδὲ
783 1989 898 2025 ἅγγελος

104 2035 137 2061 ἐν
155 2035 274 2070 οὐρανῷ,
292 2034 354 2061 οὕτε
373 2036 387 2062 ὁ
406 2035 481 2067 Υἱὸς,
497 2036 521 2062 εἰ
542 2035 579 2071 μὴ
599 2035 612 2060 ὁ
632 2036 737 2070 Πατήρ.
754 2046 763 2061 ι

143 2082 177 2108 Α.
198 2081 300 2116 Λάτρις
319 2079 366 2107 οὖν
388 2082 453 2116 ἡμῖν
470 2081 530 2107 ἀντὶ
545 2079 624 2112 Θεοῦ,
639 2081 686 2107 καὶ
701 2083 758 2112 τοῖς
773 2081 805 2108 δι’
815 2082 898 2108 αὑτοῦ

105 2127 249 2162 γεγονόσιν
269 2129 298 2155 ἐν
318 2127 367 2162 ἴσῳ
383 2127 433 2159 τὴν
449 2126 495 2153 τοῦ
511 2126 579 2153 Θεοῦ
599 2127 647 2153 καὶ
659 2127 766 2162 Harpe;
780 2127 900 2154 ἐπιτελεῖ

104 2174 259 2209 διάσκεψιν,
287 2174 412 2209 καθάπερ
435 2174 467 2199 ἐκ
494 2174 617 2208 μηχανῆς
640 2173 782 2208 ὴγνοηκὼς
806 2174 820 2200 ὁ
837 2174 899 2205 Υἱὸς

105 2221 250 2255 ἀδοκήτως
273 2221 442 2254 ἐκφαίνεται,
463 2217 528 2255 ’Ἆρ’
545 2217 590 2245 οὖν
609 2219 669 2254 οὐχὶ
684 2220 771 2253 γέλως
794 2228 824 2246 τε
848 2220 898 2256 ἤδη
913 2235 938 2264 D

105 2267 198 2298 ταυτὶ,
215 2266 262 2292 καί
277 2267 332 2297 τοῖς
349 2267 377 2292 ἐν
395 2266 480 2301 σκηνῇ
496 2266 630 2299 παιγνὶοις
645 2266 832 2302 προσεοικέναι
848 2275 897 2293 κα-

105 2311 153 2338 λόν
167 2319 216 2346 γε;
237 2311 274 2338 Οὐ
298 2311 352 2346 γὰρ
372 2311 396 2337 εί
413 2312 470 2342 τοῖς
482 2310 595 2337 τοιοῖσδε
610 2310 836 2346 βωμολοχεύμασι
853 2312 900 2338 καὶ

106 2357 247 2392 λογισμοῖς
263 2357 452 2392 ἀνθρωπίνοις,
473 2357 513 2388 εἰς
526 2356 591 2383 αὑτό
603 2364 655 2383 που
668 2357 698 2383 τὸ
710 2356 814 2384 λοῖσθον
828 2358 899 2384 ἴασιν

105 2402 298 2435 ἀπαιδευσίας,
314 2401 441 2437 καθάπερ
452 2402 507 2428 τισι
518 2401 657 2437 βορϐόροις
668 2402 842 2436 ἐγκαοιέντες
851 2403 897 2429 τὸν

105 2449 182 2481 νοῦν,
197 2448 246 2484 τὴν
260 2448 445 2483 εὐοσμοτάτην
460 2447 514 2474 τῶν
526 2447 606 2482 ἱερῶν
621 2447 763 2482 δογμάτων
774 2448 898 2482 ἀπεμπο-

106 2495 243 2531 λήσαιμεν
256 2494 366 2529 γνῶσιν.
375 2493 496 2520 Ἐοίκασι
512 2493 565 2528 γάρ
575 2501 638 2525 που,
650 2493 722 2520 κατὰ
734 2502 764 2527 γε
776 2494 805 2520 τὸ
815 2494 896 2526 εἰκδς,

105 2540 282 2576 διαλελῆσοαι
298 2539 448 2571 παντελῶς,
466 2539 555 2566 καίτοι
577 2539 734 2571 πλειστάκις
750 2540 899 2575 ὲνηχούμε-

105 2598 148 2616 νοι
163 2590 232 2625 πρός
251 2597 280 2615 τε
296 2588 375 2624 ἡμῶν
397 2587 486 2615 αὐτῶν
510 2587 557 2614 καὶ
571 2587 622 2622 τῆς
634 2586 814 2614 θεοπνεύστου
830 2586 849 2612 Γ
852 2595 898 2622 ρα-

106 2637 174 2671 φῆς,
189 2636 230 2662 ὅτι
247 2635 313 2666 Θεὸς
332 2634 369 2661 ὢν
384 2635 398 2661 ὸ
414 2635 510 2668 Λόγος,
525 2634 573 2660 καὶ
587 2633 615 2660 ἐν
633 2634 724 2669 μορφῇ
733 2633 779 2659 καὶ
795 2632 896 2667 ἰσότητι

105 2682 154 2709 τοῦ
177 2681 294 2717 Πατρὸς,
313 2681 416 2716 πέφηνε
439 2679 596 2714 καθ’ήμᾶς,
612 2679 662 2706 οὐκ
685 2679 714 2705 ἐν
736 2679 800 2706 εἴδει
825 2678 898 2713 μόνῳ

106 2727 146 2763 τῷ
160 2727 210 2762 τῆς
225 2726 335 2762 σαρκὸς,
350 2725 418 2752 ἀλλὰ
434 2726 547 2755 καὶτοῖς
560 2724 608 2760 τῆς
622 2724 830 2759 ἀνθρωπότητος
844 2723 899 2750 εἴτ’

107 2771 156 2799 οὖν
186 2771 347 2806 ίδιώμασιν,
373 2771 421 2797 εἴτ’
445 2768 491 2796 οὖν
517 2767 642 2804 ἐτεροίως
673 2768 804 2803 ὀνομάσαι
833 2767 897 2803 χρή.

953 245 1013 279 quis
1028 247 1108 278 dicat,
1123 247 1235 281 exempli
1250 249 1336 283 gratia
1350 257 1358 276 ε
1372 249 1441 276 Deus
1451 257 1564 284 peccare
1579 259 1630 278 non
1645 258 1742 286 potest.

954 291 987 318 lit
1011 292 1032 319 si
1052 292 1094 319 lux
1119 293 1280 320 dicat:Nnu
1297 301 1405 328 posmtu
1427 303 1478 322 non
1501 303 1561 323 esse
1587 297 1643 324 lux.
1674 298 1743 332 Ignis

953 338 1016 364 item
1037 342 1064 364 et.
1087 346 1166 373 aqua,
1189 340 1211 366 si
1237 347 1329 367 vocem
1357 341 1498 373 haberent,
1515 342 1633 369 clament
1652 353 1658 370 :
1684 344 1741 371 {\nu

953 390 1094 417 possumus
1109 392 1160 411 non
1179 392 1239 412 esse
1255 385 1326 420 ignis
1341 391 1366 413 et
1379 394 1459 422 aqua.
1483 387 1549 414 Cum
1575 393 1663 414 autem
1681 396 1743 422 pro.

952 428 1022 462 digna
1038 433 1065 455 et.
1083 430 1158 464 signa
1180 431 1384 459 admirationem
1401 441 1509 459 otunetu
1524 435 1680 468 superantia
1695 443 1742 461 au-

953 475 1088 502 dacissimi
1109 477 1232 504 homines
1263 484 1416 513 carperent,
1433 480 1580 514 impediens
1594 482 1742 515 quominus

950 520 1001 546 sibi
1019 521 1308 557 insultarent,operum
1326 524 1496 551 elTectiuttem
1513 526 1646 553 tribuebat
1656 526 1738 557 Patri,

952 566 1043 593 dicens
1060 575 1066 593 :
1087 576 1096 592 ι
1112 567 1131 593 Α
1148 568 1250 602 meipso
1265 569 1329 596 nihil
1353 569 1432 601 l‘nciu,
1450 570 1529 598 Pater
1544 578 1631 599 autem
1658 573 1682 599 in
1699 580 1741 600 me

950 619 1075 643 manens,
1091 613 1147 647 ipse
1163 613 1226 640 facit
1245 622 1325 648 opera
1340 615 1371 642 '“.
1395 624 1403 640 ι
1423 615 1502 643 Pater
1519 617 1590 643 enim
1612 623 1741 652 operatur

950 666 998 693 per
1008 658 1118 690 Filium,
1135 667 1183 686 nec
1197 661 1340 694 quidquam
1356 666 1429 688 certe
1455 662 1547 689 fecerit
1562 664 1664 697 absque
1686 664 1738 689 vir-

951 709 1006 732 tute
1026 713 1084 739 qum
1098 706 1148 732 sibi
1162 706 1240 738 illeSI,
1252 706 1302 734 hoc
1316 711 1366 739 est,
1384 708 1442 735 sine
1454 708 1541 735 Verbo
1553 710 1665 743 quodex
1682 710 1739 743 ipso

949 757 975 780 ει
989 753 1013 777 Ῑη
1027 752 1083 786 ipso
1097 751 1191 778 effulsit
1205 756 1230 779 et
1243 757 1293 778 est.
1307 752 1439 785 Quocirca
1454 753 1509 787 ipse
1521 754 1601 780 etiam
1613 754 1738 780 dicebat:

952 808 961 824 ι
978 798 1005 826 Si
1022 807 1073 826 non
1087 798 1155 825 facio
1167 806 1248 834 opera
1260 799 1349 826 Patris
1362 800 1424 830 mei,
1438 799 1520 826 nolite
1531 800 1641 827 credere
1652 800 1715 826 mihi
1729 808 1735 826 :

950 845 1074 872 siautem
1092 845 1172 877 facio,
1196 845 1247 871 etsi
1269 844 1333 871 mihi
1353 852 1404 871 non
1417 845 1498 872 vultis
1515 845 1635 876 credere.
1649 845 1739 880 operi-

950 891 999 918 bus
1016 891 1083 918 meis
1098 891 1200 918 credite
1210 891 1243 922 ⁷⁷;
1263 899 1272 917 ι
1290 891 1469 925 aequalitatem
1491 891 1595 917 virtutis
1615 891 1737 918 inomni-

949 936 1009 967 bus,
1026 935 1130 970 opinor,
1139 935 1172 961 ad
1181 935 1417 962 demonstrandam
1431 935 1737 962 eonsubstantialitatetu

949 989 1010 1009 cum
1022 981 1079 1017 ipso
1095 982 1138 1009 ltic
1150 989 1256 1017 quoque
1271 986 1400 1009 statuens.

984 1110 1015 1137 Β.
1033 1110 1103 1138 Nihil
1129 1115 1170 1138 est
1188 1111 1260 1146 quod
1285 1111 1311 1138 in
1340 1116 1393 1138 tam
1411 1115 1483 1139 recte
1503 1111 1582 1139 dictis
1606 1118 1736 1146 arguam;

949 1156 996 1184 sed
1013 1156 1113 1191 aliquid
1138 1158 1263 1192 exiguum
1282 1162 1410 1192 prauerea
1427 1158 1577 1192 percontari
1595 1159 1736 1191 cuncedes.

949 1206 1077 1230 caeterum
1104 1203 1198 1230 rudetn
1219 1211 1261 1232 me
1284 1204 1392 1238 putabis
1406 1212 1437 1232 ac
1457 1205 1611 1238 molestum,
1625 1210 1653 1232 et
1669 1205 1738 1232 alio-
1767 1201 1770 1204 ’

949 1249 1014 1284 quin
1032 1249 1225 1284 importunum.

984 1295 1018 1322 A.
1037 1295 1145 1322 Minime
1174 1296 1292 1330 quidem,
1308 1296 1404 1323 anzice.
1425 1295 1566 1332 Impigrum
1583 1296 1655 1324 enim
1673 1297 1738 1325 mihi

951 1345 992 1369 est
1013 1342 1147 1374 studitttn,
1161 1347 1189 1369 et
1213 1347 1310 1376 praesto
1329 1350 1388 1370 esse
1415 1343 1558 1377 gloriosum
1581 1348 1642 1376 est,
1657 1344 1678 1370 si
1703 1347 1738 1372 ab

951 1388 1043 1422 aliquo
1054 1388 1219 1415 calumniose
1232 1393 1349 1416 tentetur
1363 1389 1510 1416 Salvatoris
1528 1389 1621 1424 gloria.

984 1433 1015 1460 Β.
1031 1433 1076 1460 llle
1098 1434 1191 1468 igitur,
1210 1434 1344 1468 inquiunt,
1358 1442 1435 1469 quem
1466 1435 1548 1470 623
1571 1435 1644 1462 Patri
1672 1442 1737 1462 con-

949 1480 1151 1507 substantialem
1166 1486 1193 1507 et
1219 1481 1319 1508 virtute
1342 1481 1505 1516 coaequalem
1530 1489 1590 1509 esse
1617 1482 1739 1513 creditis.

950 1525 1045 1553 adorat
1056 1526 1205 1553 nobiscum.
1222 1525 1359 1554 Mulierem
1373 1527 1443 1554 enim
1462 1527 1660 1554 Samaritanam
1674 1527 1739 1554 allo-

949 1579 1034 1606 quens
1051 1581 1057 1599 :
1081 1581 1089 1597 ι
1109 1572 1162 1600 Vos
1189 1572 1307 1600 adoratis
1329 1573 1398 1608 quod
1416 1573 1543 1606 nescitis,
1573 1573 1676 1607 inquit.
1691 1580 1739 1600 nos

949 1619 1093 1645 adoramus
1123 1619 1194 1652 quod
1225 1619 1328 1646 scimus
1352 1628 1358 1646 :
1383 1620 1445 1654 quia
1475 1619 1549 1646 salus
1577 1627 1611 1646 ex
1639 1619 1739 1646 Jndmis

948 1668 989 1690 est
1008 1663 1041 1689 ".
1057 1673 1067 1689 ι
1084 1662 1129 1696 At,
1144 1673 1160 1690 υ
1173 1664 1246 1696 honi,
1258 1665 1392 1699 ittquinnt,
1409 1665 1452 1692 illc
1466 1666 1510 1699 qui
1527 1666 1553 1692 in
1569 1666 1739 1692 adorantium

949 1716 1062 1736 numero
1073 1715 1125 1743 est,
1142 1717 1196 1744 quo
1221 1714 1299 1745 pacto
1323 1712 1430 1738 demutn
1452 1712 1738 1739 eonsubstantialitatis

948 1755 1060 1789 gloriam
1078 1756 1236 1790 reportahit,
1248 1760 1274 1783 et
1290 1756 1325 1783 de
1343 1757 1497 1791 aequalitate
1517 1764 1580 1784 cum
1602 1757 1739 1784 adoranda

948 1801 1029 1828 Patre
1050 1801 1181 1834 certabit,
1206 1810 1266 1829 cum
1296 1803 1414 1837 alioquin
1440 1803 1531 1831 videre
1557 1803 1636 1831 liceat
1664 1803 1737 1830 illmu

949 1847 1097 1875 concedere
1118 1848 1191 1875 Patri
1216 1853 1342 1876 naturam
1361 1851 1574 1883 praestantiorem
1599 1857 1631 1878 ac
1654 1850 1738 1877 subli-

951 1894 1084 1920 miorem?
1107 1893 1179 1920 Dixit
1202 1894 1274 1921 cnim
1291 1904 1298 1922 :
1315 1904 1324 1920 ι
1342 1894 1378 1921 De
1394 1895 1438 1922 die
1459 1901 1548 1923 autem
1567 1897 1614 1924 illo
1628 1901 1654 1924 et
1673 1897 1738 1923 hora

950 1939 960 1975 (
976 1939 1100 1966 nimirum
1116 1939 1160 1966 illa
1173 1944 1305 1973 postrema
1321 1940 1329 1975 )
1347 1949 1426 1968 nemo
1439 1942 1508 1974 scit,
1524 1949 1610 1978 neque
1627 1942 1738 1977 angelus

951 1985 977 2011 in
990 1985 1070 2017 cutio,
1088 1992 1174 2020 neque
1187 1985 1282 2019 Filius,
1296 1985 1347 2013 nisi
1361 1986 1441 2013 Pater
1456 1987 1489 2014 '9.
1508 1996 1518 2013 ι

986 2075 1019 2101 A.
1040 2074 1133 2102 Cultor
1151 2075 1241 2109 itaque
1258 2083 1307 2110 pro
1326 2075 1394 2108 Deo,
1411 2079 1438 2103 et
1455 2076 1566 2110 perinde
1583 2085 1613 2104 ac
1630 2085 1661 2104 ea
1681 2085 1740 2111 qua:

951 2128 1000 2155 per
1017 2121 1104 2156 ipsum
1124 2121 1194 2148 facta
1212 2126 1276 2148 sunt
1295 2121 1379 2148 Deum
1399 2129 1430 2149 ac
1449 2123 1554 2149 Patrem
1573 2124 1738 2157 observans,

952 2168 1068 2200 inscius,
1091 2168 1163 2195 velut
1186 2175 1201 2195 e
1226 2168 1350 2195 machina
1375 2173 1485 2203 repente
1508 2168 1593 2196 Filius
1616 2176 1737 2204 apparet.

952 2212 1088 2247 Numquid
1107 2221 1171 2248 ergo
1187 2213 1299 2241 ridicula
1318 2214 1423 2241 detuum
1443 2215 1493 2241 ista
1510 2219 1581 2245 sunt.
1600 2219 1626 2241 et
1644 2215 1739 2242 fabulis

951 2260 1068 2287 scenicis
1087 2260 1204 2287 similia?
1224 2260 1282 2288 Non
1306 2261 1376 2288 enim
1400 2261 1421 2288 si
1443 2261 1595 2288 istiusmodi
1615 2262 1739 2289 scurrili-

952 2311 1005 2332 tate
1023 2310 1050 2332 et
1067 2306 1181 2341 argutiis
1199 2307 1324 2334 humanis
1336 2327 1344 2339 ,
1362 2312 1479 2334 tuentem
1498 2315 1575 2334 οωηο
1593 2307 1666 2334 velut
1686 2308 1738 2334 iu:-

952 2357 1113 2386 mergentes,
1129 2353 1161 2379 ad
1190 2352 1276 2386 ipsam
1302 2353 1460 2388 ignorantia:
1487 2359 1584 2380 metam
1611 2354 1736 2386 veniunt,

951 2397 1196 2432 fragrantissimum
1217 2406 1356 2427 sacrorum
1379 2400 1533 2435 dogmatum
1555 2400 1738 2435 cognitionem

952 2443 1135 2471 amiserimus.
1163 2444 1295 2472 Videntur
1321 2445 1393 2473 enim
1423 2450 1495 2473 certe
1526 2453 1636 2480 prorsus
1652 2445 1737 2478 obliti,

953 2489 1076 2523 quamvis
1100 2490 1238 2519 mullotics
1261 2499 1276 2518 a
1299 2493 1377 2519 nobis
1399 2497 1425 2520 et
1448 2491 1587 2526 Scriptura
1611 2493 1739 2519 divinitus

953 2535 1084 2570 inspirata
1106 2535 1252 2569 audierint,
1272 2535 1399 2570 Verbum,
1423 2538 1492 2564 Deus
1512 2545 1573 2564 cum
1597 2537 1643 2570 sit,
1665 2541 1692 2564 et
1714 2537 1738 2564 in

952 2581 1037 2609 forma
1053 2585 1079 2609 et.
1095 2581 1251 2616 aequalitate
1265 2582 1366 2614 Patris,
1381 2583 1518 2610 hominem
1534 2584 1694 2618 apparuisse
1705 2583 1738 2614 ⁸ο.

953 2634 1006 2654 non
1020 2627 1075 2654 sola
1089 2627 1180 2654 carnis
1195 2628 1297 2662 specie,
1310 2628 1355 2656 sed
1373 2633 1400 2656 et
1415 2630 1593 2656 humanitatis
1606 2630 1663 2656 sive
1678 2637 1740 2663 pru—

953 2674 1124 2708 prietatibus.
1142 2673 1200 2701 sive
1214 2674 1266 2701 alio
1283 2675 1391 2702 nomine
1408 2676 1536 2702 utendum
1555 2676 1599 2703 sit.
1613 2675 1741 2711 Proprie-

954 2725 996 2747 tas
1012 2724 1102 2747 autem
1120 2720 1296 2747 humanitatis
1312 2720 1366 2747 Deo
1381 2721 1541 2754 coujunctm,
1559 2727 1586 2749 et
1602 2722 1665 2757 jugo
1681 2731 1742 2749 sur-

953 2766 1048 2793 vitutis
1072 2765 1204 2802 colligata:
1230 2774 1290 2794 cum
1317 2767 1459 2801 obsequio,
1482 2772 1524 2794 est.
1551 2767 1685 2800 adoratio,
1711 2776 1742 2796 ac

143 2860 167 2877 "
181 2859 263 2888 Joan.
283 2865 337 2892 ταν,
356 2858 398 2887 lo.
436 2858 457 2875 '"
472 2857 550 2886 Joan.
565 2865 592 2890 x,
607 2857 653 2884 '57.
691 2857 715 2873 ⁷⁸
731 2855 807 2884 Joan.
823 2866 860 2892 ιν,
874 2857 897 2884 Eli

957 2858 978 2875 ⁷³
993 2856 1079 2885 Marc.
1097 2863 1156 2891 xm,
1177 2857 1221 2885 52.
1259 2858 1282 2875 ’θ
1302 2857 1416 2892 Philipp.
1434 2864 1463 2890 ιι,
1479 2853 1527 2884 6-7
