1937 3036
92 140 163 168 1065

618 141 663 170 DE
684 141 733 168 SS.
755 141 941 168 'llil‘Nl'lA‘l'l‘.’
962 142 1132 170 DlALUGlJS
1155 143 1197 170 Vl.

1649 149 1717 178 l0l36

127 200 161 225 Α.
182 196 297 230 υῦκοῦν,
314 197 394 234 εἰπερ
412 199 486 226 ἔστὶν
501 200 515 226 ὸ
528 199 619 231 αὐτὸς,
636 200 755 227 ἐλάττων
771 207 801 225 τε
823 199 870 233 ἆμς

967 199 999 226 Α.
1020 199 1112 233 Igitur,
1126 200 1149 228 si
1163 205 1204 228 est
1218 200 1288 227 idem
1302 204 1328 228 et
1343 201 1454 229 inferior
1467 202 1557 234 simul,
1571 194 1598 231 et
1613 206 1714 234 incom-
1758 222 1765 238 ι

90 244 138 270 καί¹
156 245 187 271 ἐν
199 245 256 276 τοῖς
270 245 442 280 ἀσυγκρίτως
457 245 674 281 ὐπερκειμένοις,
689 245 880 280 ἀπονεμοὴιεν

89 289 224 322 εὖκλινῶς
246 291 279 325 τῇ
305 291 354 326 μὲν
378 291 578 327 άνθρωπότητι,
603 291 709 327 χωροῦν
731 292 775 318 ἐπ’
796 291 881 326 αὐτὴν

89 336 252 371 πρεπόντως
274 335 304 362 τὸ
327 335 453 363 ἔλαττον·
473 336 550 372 παρὰ
567 336 635 364 πολὺ
650 336 705 372 γάρ
722 336 845 371 ἀγγέλων
862 337 879 371 ἡ

88 380 237 417 ἀνθρώπου
261 381 341 416 φύσις
356 389 365 396 ·
387 383 420 416 τῇ
443 381 472 408 δὲ
498 382 568 417 ὑπὲρ
594 382 683 410 πάντα
697 382 820 417 θεότητι,
849 381 880 408 τὸ

88 428 270 463 ὑπερκεῖσθαι
280 436 310 454 τε
323 429 371 455 καὶ
385 428 545 464 ὑπεραίρειν
559 428 592 455 τὰ
607 429 719 464 γενητὰ,
731 428 779 454 καὶ
790 427 880 462 πάσης

88 473 220 500 ἐπέκεινα
231 473 344 509 λογικῆς
355 473 458 505 οὐσίας,
469 473 517 500 καί⁵
530 474 629 505 παντὸς
641 473 774 509 ὀνόματος
783 474 880 508 ὀνομα-

88 518 206 555 ζομένου
232 518 350 554 διᾴττειν
372 518 518 551 οὐσιωδῶς.
536 519 568 546 Εἰ
581 519 610 546 δὲ
624 518 656 554 δὴ
674 519 722 546 καὶ
737 519 799 555 δίχα
813 527 879 555 σαρ-

87 564 149 596 κὸς,
165 564 212 591 καὶ
226 563 302 591 οὔπω
320 565 377 596 τοῖς
397 563 460 591 καθ’
473 565 548 600 ἡμᾶς
563 561 620 591 οἷον
632 564 783 600 ιμπλακεὶς
797 565 812 591 ὁ
826 565 878 592 Λό-

85 618 148 643 γος,
160 609 191 636 τό
207 618 239 644 γε
254 610 283 636 ὲν
298 609 420 636 ἐλάττοσι
434 609 542 636 κεῖσθαι
553 610 600 637 καὶ
612 610 702 637 αὐτῶν
716 610 750 637 ἂν
765 610 880 643 εἰκότως

86 655 255 690 ἀποφέροιτο
273 654 327 681 τῶν
339 654 473 689 ἀγγέλων,
491 655 575 690 μείων
592 655 642 690 μὲν
653 655 728 682 ἔσται
739 655 793 683 τῶν
806 655 878 683 ιδῐων

85 700 257 735 κτισμάτων,
273 699 321 726 καὶ
344 700 413 735 πρός
429 709 462 735 γε
481 701 568 736 τούτῳ
585 701 786 736 προσκυνητὴς,
801 701 878 728 οὐδὲν

85 745 277 781 ἐπαμύνοντος
299 746 317 781 ἢ
342 745 551 782 ὑπερδικοῦντος
575 746 616 773 ἔτι
640 746 687 774 τοῦ
714 748 780 783 παρ’
798 747 878 783 ἡμῶν

83 791 179 826 λόγου.
194 792 226 819 Et
237 792 265 818 δὲ
278 791 310 828 δὴ
323 792 402 819 ταυτὶ
418 792 501 826 φάναι
513 801 543 819 τε
556 793 603 820 καὶ
617 795 736 829 φρονεῖν,
747 793 878 826 δυσσεϐἐς

83 846 116 864 τε
130 837 190 873 ἅμα
205 838 252 865 καὶ
267 837 484 872 σφαλερώτατον,
501 839 586 873 μείων
596 839 634 871 δὲ,
651 839 693 866 ὅτι
710 839 757 866 καὶ
772 839 877 875 ἀνθρω-

84 892 150 916 πος,
165 883 263 919 ἕψεταί
279 892 330 910 που
347 884 455 916 πάντως
471 884 558 910 ἐκεῖνο
579 886 667 912 νοεῖν·
685 885 876 921 προσκυνητὴς

83 930 153 965 γὰρ,
167 930 208 957 ὅτι
231 931 279 956 καὶ
299 929 453 966 ἄνθρωπος,
467 929 556 957 καίτοι
579 930 646 962 Θεὸς
667 930 704 957 ὣν
722 931 813 966 φύσει,
829 931 877 958 καὶ

83 977 114 1003 ὲν
135 977 185 1011 ἴσῳ
208 975 247 1011 τῷ
273 975 362 1011 Ila-rp!
383 975 452 1011 πρὸς
474 975 602 1002 ἁπάντων
626 975 874 1012 προσκυνούμενος.

84 1023 162 1057 Ἔφη
188 1022 236 1057 μὲν
259 1021 313 1056 γάρ
337 1030 388 1047 που
412 1021 488 1053 Θεὸς,
506 1020 544 1048 δι’
561 1021 619 1053 ἐνδς
641 1021 701 1048 τῶν
717 1021 874 1058 προφητῶν,

85 1078 96 1094 ι
113 1067 159 1095 Ζῶ
173 1067 239 1102 ἐγὼ,
252 1067 325 1102 λέγει
340 1067 453 1102 Κύριος,
470 1067 511 1094 ὅτι
529 1067 592 1102 ἐμοὶ
612 1067 716 1103 κάμψει
732 1069 786 1094 πᾶν
799 1068 874 1102 γόνυ,

82 1115 132 1142 καὶ
157 1115 232 1140 πᾶσα
260 1113 371 1148 γλῶσσα
388 1112 627 1148 ἐξομολογήσεται.
642 1123 653 1139 ι
675 1113 835 1149 Ὀμοούσιον
847 1114 875 1141 δὲ

82 1159 123 1196 τῷ
138 1160 227 1195 Harp).
243 1159 287 1186 τὸν
301 1159 364 1185 Υἰὺν
387 1156 416 1186 εὖ
432 1159 504 1194 μάλα
518 1159 604 1191 τιθεὶς
617 1160 631 1186 ό
642 1159 785 1192 θεσπέσιος
802 1159 876 1187 Παῦ-

80 1206 140 1238 λος,
157 1206 206 1233 καὶ
227 1207 255 1233 ἑν
273 1206 304 1241 τῇ
318 1204 382 1240 δόξῃ
396 1205 443 1231 τοῦ
459 1205 654 1240 γεγεννηκότος
677 1205 756 1237 εἰδὼς
775 1206 809 1235 διδ
833 1215 875 1240 γε-

81 1261 165 1287 γεννη
170 1251 260 1287 μένον,
278 1261 286 1277 ι
300 1251 343 1278 Ἐν
359 1250 398 1286 τῷ
412 1251 535 1287 ὀνόματι,
550 1252 644 1286 φησιν,
654 1251 742 1287 Ἰησοῦ
753 1252 874 1288 Χριστοῦ

81 1299 139 1326 πᾶν
164 1298 228 1333 γόνυ
251 1297 367 1334 κάμψει,
389 1298 568 1333 ἐπουρανίων,
589 1298 638 1325 καὶ
661 1298 801 1333 ἐπιγείων,
826 1299 874 1326 καὶ

80 1343 280 1380 καταχθονίων,
301 1344 350 1371 καὶ
366 1336 444 1370 ῑκιῖσα
457 1344 567 1378 γλῶσσα
580 1345 818 1380 ἐξομολογήσεται,
832 1345 874 1373 ὅτι

80 1390 186 1426 Κύριος
201 1390 305 1425 Ὶησοῦς
321 1390 438 1426 Χριστὸς
455 1391 496 1421 είς
509 1390 588 1422 δόξαν
601 1390 670 1417 Θεοῦ
683 1390 800 1426 Πατρός.
819 1401 828 1417 ι

116 1437 148 1463 Β.
170 1436 252 1463 ’Δλλὰ
268 1436 324 1468 ναὶ,
347 1437 423 1470 φασὶ,
445 1436 739 1472 συμπροσκυνοὺμενον
764 1436 815 1472 μὲν
835 1437 873 1473 τῷ

81 1482 171 1518 {lupi
189 1481 234 1509 τδν
246 1482 311 1509 Υἱδν
330 1482 492 1518 εὑρήσομεν,
511 1482 715 1518 προσκυνοῦντα
731 1483 759 1510 δὲ
775 1480 819 1517 αὖ,
835 1483 873 1516 ὡς

79 1528 274 1564 τετιμημένον,
298 1528 345 1556 καὶ
359 1528 402 1560 τίς
426 1528 496 1555 κατὰ
516 1527 597 1563 φύσιν
614 1528 687 1555 ἐστὶν
706 1529 755 1556 οὐκ
771 1531 872 1565 ηγνοη-

80 1574 163 1600 κότα·
180 1573 230 1609 τὴν
251 1573 300 1608 μὲν
320 1572 374 1609 γὰρ
389 1572 444 1599 τῶν
459 1573 581 1608 γενητῶν
596 1573 756 1609 ὑπερανέχει
777 1573 868 1609 φύσιν,

80 1620 179 1647 ἔστιδὲ
197 1620 248 1647 οὐκ
262 1621 291 1646 ἐν
304 1617 345 1651 οἷς
359 1620 373 1646 ὸ
393 1620 497 1655 Πατήρ.

115 1667 148 1693 Δ.
165 1666 258 1692 Ξένιον
282 1663 328 1692 οὖν
351 1665 406 1701 ἄρα
429 1666 477 1692 καὶ
501 1665 595 1699 μισθὸν
623 1666 723 1701 ἀρετῆς
747 1666 797 1702 τὴν
820 1666 871 1701 τῆς

80 1712 207 1747 θεότητος
239 1712 317 1744 δόξαν
351 1712 572 1747 ἁποκεκὲρΰακεν
600 1712 614 1737 ὁ
643 1712 720 1744 Υἱὸς,
749 1713 796 1739 καὶ
821 1713 868 1746 τὸ,

79 1758 291 1795 προσκυνεῖσθαι
308 1758 372 1790 δεῖν,
385 1759 435 1785 οὐκ
451 1758 559 1793 άξὲωμα
573 1758 680 1793 φύσεως
694 1758 790 1794 ίδικῆς,
811 1759 869 1786 ἀλλ’

79 1806 108 1831 ὲν
121 1805 209 1839 ψιλοῖς
226 1805 273 1831 καὶ
286 1805 376 1840 μόνοις
389 1804 592 1840 ὂιεκληρώσατο
602 1805 659 1836 τοῖς
669 1805 733 1840 οελή
738 1814 804 1841 μασι
820 1805 868 1832 τοῦ

80 1851 199 1886 Πατρός.

112 1897 144 1923 Β.
160 1896 256 1929 Οὕτως
270 1897 369 1924 οἴονται
386 1897 434 1924 καί
447 1905 538 1932 φασιν.

115 1944 148 1969 Δ.
170 1940 237 1969 Εἶτα
254 1943 332 1969 ὁπότε
345 1943 392 1970 καὶ
405 1943 478 1974 ὅπως
496 1943 675 1970 κατανένευκε
690 1942 729 1978 τῷ
750 1943 807 1978 Titi)
820 1943 869 1980 τὴν

76 1987 264 2024 προσκύνησιν
285 1990 299 2015 ὁ
316 1989 420 2024 Πατὴρ,
445 1988 591 2022 ἐκδείξειαν
612 1989 662 2016 ἄν·
684 1989 714 2015 οὗ
738 1991 791 2024 γάρ
816 1999 868 2016 που

75 2034 157 2061 τοῦτο
176 2034 294 2069 ἐροῦσιν,
318 2034 356 2066 ὡς
385 2034 425 2061 ὅτι
457 2034 490 2061 ἂν
507 2034 609 2061 ἕλοιντο
634 2034 755 2067 δοξάζειν
779 2026 866 2070 αὑτοῗ,

75 2082 167 2116 ψῆφος
177 2081 209 2107 ἂν
226 2080 269 2116 εἴη
283 2080 362 2108 τοῦτο
375 2080 422 2108 τοῦ
437 2081 504 2107 Θεοῦ
522 2081 569 2108 καὶ
586 2081 702 2117 Πατρός.

113 2127 144 2153 Β.
163 2126 345 2162 Προστέταχε,
365 2126 442 2161 φασὶ,
456 2128 512 2158 τοῖς
527 2126 614 2161 ἁγίοις
630 2127 766 2161 ἀγγέλοις,
784 2136 867 2162 προσ-

74 2173 169 2199 κυνεῖν
187 2171 278 2198 αὺτόν.
304 2172 337 2198 τι
353 2172 407 2207 γὰρ
424 2172 517 2207 ἕτερον
532 2172 549 2208 ἢ
568 2172 647 2199 τοῦτο
660 2173 726 2199 αὐτὸ
743 2181 866 2209 καταση-

891 869 914 898 Β

886 1540 908 1569 C

932 245 1090 278 parabiliter
1108 246 1259 279 excellens,
1283 245 1363 274 facile
1385 247 1534 276 tribuemus
1555 249 1714 280 humanitati

931 290 958 317 id
979 291 1051 325 quod
1073 291 1186 319 inferius
1203 291 1284 328 625
1303 296 1355 325 est,
1374 294 1445 327 quod
1469 294 1494 321 in
1517 303 1576 323 eam
1598 303 1718 332 congrue

931 336 1003 362 cadit
1019 335 1142 369 (multum
1158 336 1231 364 enim
1248 337 1331 364 distat
1347 337 1381 364 ab
1397 338 1501 374 angelis
1517 344 1612 368 natura
1629 342 1718 370 homi-

931 381 1103 415 nis);deitati
1116 389 1181 410 vero
1195 383 1285 410 omnia
1301 384 1449 418 superanti,
1463 387 1674 421 supereminere,
1690 394 1719 416 et
1763 386 1773 388 ζ

931 427 1017 454 attolli
1031 435 1112 462 supra
1127 435 1170 456 res
1182 433 1298 460 creatas,
1311 433 1339 456 et
1352 429 1421 456 ultra
1434 437 1541 458 omnem
1555 433 1716 462 rationalem

930 473 1121 505 substantiam,
1135 477 1163 501 et
1177 480 1256 501 omne
1271 481 1368 502 nomen
1382 475 1454 510 quod
1476 478 1640 512 nominatur,
1651 480 1717 507 sub-

930 518 1093 546 stantialitcr
1112 519 1244 547 excedere
1267 520 1426 549 tribuemus.
1450 521 1498 549 Sin
1521 528 1611 551 autem
1635 527 1715 553 etiam

930 563 1033 598 absque
1046 571 1137 597 carne,
1150 569 1176 591 et
1190 564 1307 592 nondum
1321 565 1484 594 humanitati
1496 568 1569 596 velut
1583 569 1715 599 insertum

929 608 1059 640 Verbum,
1074 609 1140 645 ipsis
1152 617 1260 646 quoque
1274 611 1378 647 angelis
1390 612 1503 641 inferius
1517 620 1578 642 esse
1591 622 1715 650 censeat,

929 655 1020 683 minus
1034 655 1144 690 quldem
1159 655 1212 683 erit
1228 656 1286 684 suis
1301 658 1444 692 creaturis,
1466 666 1498 686 ae
1513 666 1641 694 pra-terea
1665 665 1715 690 ad-

929 706 1034 734 orator,
1051 709 1102 729 nec
1120 702 1146 729 ei
1159 707 1299 731 succurret
1314 707 1361 731 aut
1373 705 1589 739 patrocinabitur
1605 708 1713 736 demum

929 752 1021 774 nostra
1039 746 1170 775 defensio.
1185 747 1262 781 Quod
1278 748 1301 777 si
1318 749 1374 777 haec
1389 750 1480 779 dicere
1494 758 1526 779 ac
1542 754 1644 781 sentire
1661 754 1715 782 im-

928 793 1001 826 pium
1016 797 1060 820 est
1074 793 1155 820 simul
1171 800 1203 821 ac
1220 794 1477 829 periculosissimum
1495 805 1504 825 :
1521 799 1610 826 minor
1623 806 1713 828 autem

928 842 980 870 est,
993 839 1119 873 quoniam
1132 843 1160 867 et
1172 840 1253 867 homo
1263 845 1317 871 est.
1331 841 1425 876 utique
1437 849 1566 878 sequetur
1577 845 1641 873 illud
1654 853 1715 874 esse

927 885 1110 920 cogitandum,
1122 885 1293 914 adoratorem
1305 894 1376 919 esse,
1389 890 1517 923 quoniam
1529 895 1555 918 et
1569 891 1649 919 homo
1660 899 1712 924 cst.

927 930 989 957 lit-et
1006 931 1076 958 Deus
1087 932 1122 958 sit
1134 936 1240 964 natura,
1256 937 1283 960 et
1293 939 1354 960 cum
1365 933 1446 962 Patre
1461 936 1603 971 arqualiter
1617 939 1714 966 adore-

927 981 972 1004 tur
989 977 1023 1005 ab
1041 977 1177 1005 omnibus.
1195 977 1267 1005 Dixit
1285 979 1357 1006 enim
1377 979 1476 1008 alicubi
1491 981 1563 1009 Deus
1573 991 1620 1017 per
1631 992 1713 1011 unum

926 1022 1083 1056 prophetam
1102 1031 1110 1049 :
1132 1030 1142 1048 ι
1161 1021 1228 1050 Vivo
1244 1030 1304 1059 ego,
1323 1024 1388 1052 dicit
1404 1025 1547 1060 Dominus,
1566 1028 1628 1062 quia
1648 1029 1713 1056 mihi

925 1066 1049 1094 ﬂectetur
1055 1075 1137 1096 omne
1148 1075 1227 1103 genu,
1238 1073 1264 1096 et
1276 1070 1364 1097 omnis
1376 1070 1466 1106 lingua
1477 1073 1686 1101 conﬁtebitur".
1701 1084 1713 1101 ι

925 1113 1187 1141 Consubstantialem
1203 1122 1267 1142 vero
1283 1114 1357 1143 Patri
1375 1116 1473 1144 Filium
1491 1119 1598 1147 divinus
1615 1119 1712 1148 Paulus

925 1166 986 1186 cum
1002 1164 1145 1193 statueret,
1156 1165 1186 1188 et
1200 1160 1225 1188 in
1241 1161 1327 1195 gloria
1342 1161 1480 1190 Geuitoris
1495 1163 1577 1191 sciret
1591 1173 1653 1192 esse
1667 1175 1713 1201 ge-

925 1205 1028 1239 nimen,
1071 1215 1081 1231 ι
1107 1205 1135 1233 In
1158 1207 1282 1239 nomine,
1304 1207 1407 1243 inquit,
1426 1208 1489 1237 Jesu
1511 1211 1612 1239 Christi
1632 1220 1712 1241 omne

925 1258 994 1285 genu
1013 1251 1146 1284 ﬂectetur,
1164 1252 1326 1286 caelestium,
1345 1256 1527 1289 terrestrium,
1545 1262 1571 1284 et
1590 1258 1711 1286 inferno-

925 1305 985 1325 rum
1000 1318 1008 1331 ,
1033 1302 1061 1325 et
1083 1299 1172 1325 omnis
1192 1298 1280 1334 lingua
1302 1300 1476 1328 confitebitur
1495 1302 1558 1337 quia
1581 1302 1711 1332 Dominus

923 1344 1003 1373 Jesus
1015 1344 1141 1372 Christus
1156 1344 1182 1372 in
1199 1344 1284 1380 gloria
1298 1349 1340 1373 est
1356 1345 1402 1374 Dei
1419 1346 1508 1375 Patris
1518 1348 1551 1376 ⁸⁸⁸.
1570 1358 1580 1375 ι

958 1435 990 1461 Β.
1011 1434 1110 1470 Atqui,
1129 1434 1223 1467 aiunt.
1242 1442 1294 1461 una
1312 1442 1372 1463 cmn
1390 1435 1470 1464 Patre
1486 1437 1594 1466 adorari
1612 1438 1709 1468 Filium

924 1481 1139 1516 comperiemus,
1162 1480 1276 1509 adorare
1300 1483 1363 1510 item
1386 1484 1463 1517 quasi
1487 1484 1657 1513 lioncstatum
1682 1493 1710 1515 et

923 1535 979 1555 sua:
999 1531 1101 1554 naturae
1121 1534 1174 1554 non
1196 1528 1329 1562 inscium;
1351 1536 1440 1556 rerum
1461 1530 1533 1557 enim
1556 1537 1708 1560 creatarum

925 1578 1048 1600 naturam
1064 1579 1188 1609 superat,
1203 1574 1249 1602 sed
1267 1582 1318 1602 non
1333 1580 1375 1603 est
1391 1576 1501 1611 aequalis
1515 1575 1601 1606 Patri.

959 1665 993 1692 A.
1015 1665 1119 1692 Donum
1138 1664 1221 1699 igitur
1238 1672 1270 1692 ac
1288 1665 1439 1693 mercedem
1457 1667 1582 1701 virtutis,
1601 1670 1709 1698 deitatis

923 1711 1034 1746 gloriam
1049 1711 1165 1738 obtinuit
1179 1710 1265 1739 Filius
1280 1720 1286 1739 :
1299 1717 1327 1739 et
1341 1713 1411 1747 quod
1426 1713 1579 1742 adorandus
1594 1715 1640 1749 sit,
1656 1724 1707 1744 non

922 1757 1039 1792 propriae
1055 1762 1158 1784 natura:
1174 1757 1343 1792 dignitatem,
1357 1759 1403 1786 sed
1418 1759 1444 1786 in
1461 1761 1531 1788 nuda
1546 1769 1576 1788 ac
1591 1763 1646 1790 sola
1663 1770 1710 1791 γο-

923 1801 1025 1830 Iuntate
1039 1803 1152 1831 sortitus
1165 1807 1208 1830 est
1222 1802 1322 1832 Patris.

957 1893 987 1923 Β.
1009 1893 1055 1921 Sic
1070 1893 1188 1921 sentiunt
1205 1899 1237 1920 ac
1253 1893 1353 1922 dicunt.

956 1939 989 1966 Δ.
1011 1940 1044 1966 At
1059 1939 1232 1974 quandonam
1248 1943 1272 1965 et
1288 1939 1423 1972 quomodo
1436 1940 1622 1970 adoratlouem
1639 1951 1706 1972 con»

921 1985 1033 2013 cesserit
1047 1984 1116 2012 Filio
1130 1983 1221 2015 Pater,
1235 1985 1387 2011 ostendant.
1402 1984 1460 2013 Non
1476 1987 1548 2014 enim
1564 1988 1663 2022 dicent,
1681 1991 1706 2018 id

922 2031 968 2058 Dei
989 2037 1021 2058 ac
1039 2029 1129 2057 Patris
1148 2035 1209 2056 esse
1228 2029 1414 2063 constitutum,
1435 2032 1506 2066 quod
1527 2033 1576 2067 ipsi
1601 2033 1627 2061 in
1646 2036 1707 2062 aui-

921 2085 993 2106 mum
1012 2076 1176 2104 induxerint.
1229 2100 1238 2109 ,

956 2123 987 2150 Β.
1007 2121 1155 2154 Mandavit,
1172 2121 1307 2156 inquiunt,
1323 2122 1425 2150 sanctis
1441 2124 1555 2157 angelis,
1571 2131 1599 2153 ut
1617 2126 1703 2162 ipsum

920 2169 1044 2196 adorent.
1063 2167 1131 2201 Quid
1149 2166 1222 2194 enim
1242 2165 1314 2193 aliud
1332 2165 1466 2201 significat
1487 2169 1556 2197 istud
1575 2180 1582 2197 :
1604 2181 1612 2197 ι
1636 2173 1702 2200 Cum

76 2218 190 2253 μήνειεν
204 2217 248 2249 ἂν,
266 2217 306 2250 τὸ,
323 2217 387 2244 ὅταν
408 2217 436 2244 δὲ
462 2218 598 2254 εἰσαγάγῃ
619 2219 664 2245 τὸν
689 2219 866 2254 Πρωτὰοκον

927 2224 982 2246 ιρι-ο
1000 2215 1148 2243 introducit
1163 2214 1375 2248 Primogenitum
1394 2218 1420 2243 in
1438 2216 1532 2244 orbem
1554 2223 1640 2251 terra,
1659 2220 1702 2247 (Il-

73 2265 116 2295 εἰς
138 2264 189 2299 τὴν
213 2264 385 2299 οἰκουμένην,
406 2263 499 2298 λέγει·
514 2264 570 2291 Καὶ
595 2264 865 2300 προσκυνησάτωσαν

927 2266 955 2293 :it
971 2274 978 2292 :
996 2264 1030 2291 Et
1043 2263 1157 2290 adorent
1171 2269 1232 2290 eum
1246 2270 1340 2291 omnes
1355 2262 1442 2298 angeli
1457 2263 1521 2290 Dei?
1539 2273 1548 2289 ι

73 2309 150 2344 αὑτῷ
167 2309 267 2340 πάντες
281 2309 391 2343 ἄγγελοι
407 2309 474 2336 Θεοῦ
487 2318 495 2342 ;

111 2356 143 2383 Α.
159 2354 224 2391 'Ap‘
242 2354 298 2389 οὖν,
321 2356 362 2382 ὅτι
377 2356 546 2393 προστέταχε
561 2356 611 2392 μὲν
624 2357 639 2383 ό
655 2357 759 2393 Πατὴρ,
781 2367 864 2393 προσ-

72 2401 217 2429 κυνεῖσθαι
229 2401 285 2428 δεῖν
299 2401 420 2438 ἀκριϐῶς
436 2402 482 2429 τὸν
503 2402 567 2429 Υίὺν
592 2403 738 2436 ἐγνώκασι,
762 2412 863 2440 καταρ-

71 2447 202 2483 νησονταὶ
220 2455 251 2481 γε
273 2446 336 2482 μὴν,
359 2447 400 2473 ὅτι
422 2447 462 2482 τῷ
479 2447 626 2481 Μονογενεί
643 2447 673 2474 τὸ
694 2448 863 2484 πρωτότοκος

71 2492 291 2528 ὲπενηνεγμένον
305 2493 378 2519 κατά
394 2500 426 2526 γε
446 2492 491 2518 τὸν
505 2492 555 2527 τῆς
575 2492 783 2529 άνθρωπὸτητος
801 2494 863 2529 τρό-

71 2547 135 2572 πον,
154 2539 396 2574 συνεισκεκόμικεν
417 2539 574 2573 ἀναγκαίως
591 2539 620 2566 τὺ
637 2540 684 2566 καὶ
707 2540 862 2575 είσποίητον

71 2582 142 2611 εἶναι
159 2583 249 2610 δοκεῖν
264 2582 313 2618 τὴν
328 2582 408 2615 δόξαν
425 2583 508 2610 αὐτοῦ
522 2592 529 2616 ;
546 2584 616 2611 Πότε
637 2584 701 2620 γὰρ,
718 2584 778 2611 εἰπέ
804 2593 860 2620 μοι,

69 2629 256 2665 πρωτότοκος,
275 2629 293 2664 ἦ
308 2628 353 2655 ὅτε
369 2628 479 2663 γέγονεν
494 2629 523 2655 ὲν
537 2629 644 2661 πολλοῖς
667 2629 807 2664 ἀδελφοῖς
831 2630 862 2656 El

71 2676 122 2710 μὲν
137 2672 186 2701 οὖν
201 2675 335 2709 ὀμογενής
349 2683 378 2700 τε
392 2675 457 2710 ἡμῖν
473 2674 519 2700 καὶ
533 2674 646 2709 ἀδελφὸς
656 2675 705 2710 τὴν
721 2674 801 2709 φύσιν
815 2675 862 2701 καὶ

69 2720 125 2756 πρὸ
143 2720 245 2756 σαρκδς
260 2718 294 2756 ἧν
319 2721 332 2747 ὀ
355 2720 452 2754 Λόγος.
476 2720 503 2747 τί
528 2721 565 2756 μὴ
585 2721 662 2748 τοῦτο
685 2721 818 2757 ὑπάρχειν
833 2721 861 2747 ὲν

69 2767 179 2803 ἁηαῖς,
197 2766 256 2793 ἀλλ’
271 2767 299 2793 ὲν
309 2767 432 2802 ἐσχάτοις
447 2767 551 2801 καιροῖς
564 2767 725 2803 γεγενῆσθαι
734 2766 840 2800 λέγεται
854 2775 860 2798 ;

952 2354 985 2380 Α.
1006 2353 1046 2380 An
1064 2352 1155 2387 igitur,
1170 2351 1297 2386 quoniam
1320 2350 1458 2378 mandavit
1479 2349 1570 2383 Pater,
1592 2352 1701 2380 adorari

918 2399 1017 2426 debere
1039 2397 1137 2425 Filium
1159 2401 1280 2424 statuunt
1302 2406 1308 2424 :
1331 2397 1468 2433 negabunt
1489 2405 1554 2425 vero
1573 2399 1701 2432 quoniam

917 2444 1063 2479 Uuigcuito
1084 2443 1199 2470 accessit
1218 2442 1297 2476 illud,
1318 2443 1530 2478 primogenitus,
1549 2444 1631 2479 626
1651 2445 1702 2471 Ιιυ-

917 2490 1055 2518 tnanitatis
1073 2489 1177 2516 ratione
1188 2508 1196 2521 ,
1214 2489 1370 2516 necessario
1386 2497 1495 2524 quoque
1513 2489 1653 2523 intulisse,
1672 2495 1702 2517 ut

915 2536 940 2563 ei
958 2542 1065 2570 quoque
1082 2533 1230 2562 adventilia
1247 2541 1309 2562 esse
1326 2535 1411 2570 gloria
1427 2535 1572 2563 videatur?
1587 2535 1701 2569 Quando

914 2583 999 2614 enim,
1017 2582 1141 2613 obsecro,
1161 2580 1356 2616 primogenitus
1377 2581 1435 2614 fuit,
1459 2582 1510 2609 nisi
1531 2588 1592 2609 cum
1614 2581 1701 2609 factus

915 2633 956 2656 est
971 2628 997 2655 in
1014 2627 1104 2655 multis
1119 2627 1248 2654 fratribus
1258 2626 1297 2654 ³⁸2
1311 2627 1340 2654 Si
1358 2634 1422 2661 ergo
1436 2635 1571 2660 congener
1584 2628 1660 2655 nobis
1675 2633 1702 2654 et

915 2674 1009 2706 frater,
1023 2677 1117 2700 natura
1130 2673 1210 2699 etiam
1223 2677 1285 2699 ante
1300 2679 1409 2700 carnem
1423 2680 1483 2700 crat
1495 2672 1610 2700 Verbum
1628 2681 1635 2699 :
1651 2681 1702 2699 cur

915 2728 968 2748 non
986 2720 1012 2747 id
1026 2718 1159 2746 exsistere
1174 2718 1201 2745 in
1217 2718 1361 2753 principio,
1377 2719 1423 2745 sed
1442 2718 1470 2745 in
1484 2719 1615 2746 extremis
1631 2723 1700 2745 tem-

915 2766 1025 2801 poribus
1042 2765 1140 2792 l'actum
1158 2771 1218 2791 esse
1233 2763 1351 2792 dicitur?
1367 2764 1506 2797 Quomodo
1522 2771 1585 2792 vero
1602 2771 1698 2792 ccnse-

103 2854 126 2870 “
147 2853 200 2882 lsa.
216 2861 280 2885 xu,
295 2854 340 2886 23,
355 2854 410 2888 Si;
434 2855 512 2882 Rom.
537 2863 592 2888 xtv,
616 2856 656 2882 ll.
680 2856 702 2872 ⁸⁵
717 2855 834 2890 Philipp.
854 2863 870 2882 Il

927 2855 945 2888 ι,
962 2855 1006 2882 ll.
1045 2854 1068 2870 “
1082 2855 1159 2882 Rom.
1176 2862 1232 2886 \‘lll,
1251 2853 1297 2881 '29.

211 2900 348 2931 ΡΑτιιοι.
370 2902 427 2931 Gn.
450 2901 561 2931 LXXV.

1476 2900 1492 2929 3
1497 2901 1511 2929 ἰ
