1937 3036
235 124 305 151 1067

734 122 763 150 S.
785 120 919 149 CYBILLI
939 119 1173 148 ALEXANDRINI
1197 120 1358 149 ARCIIIEP.

1800 122 1869 150 1068

234 181 306 209 bitur
320 179 490 214 lluigeuitus,
505 179 550 215 qui
566 179 593 207 in
608 184 794 208 creaturarum
811 179 906 206 ordine
919 185 1015 206 cense-

1078 179 1128 211 τῶς
1153 179 1175 205 δ’
1201 179 1234 206 ἂν
1258 180 1345 206 νοοῖτο
1367 179 1534 216 Μονογενὴς.
1560 181 1573 208 ὁ
1590 181 1622 216 τῇ
1651 180 1741 208 κτίσει
1775 189 1869 208 σνντε-

235 227 298 256 lur?
317 226 384 255 Cum
409 232 499 255 autem
519 225 629 253 dubium
651 232 704 253 non
728 225 781 256 sit,
803 225 857 252 imo
877 232 969 251 verum
992 229 1020 253 et

236 278 366 301 constans
386 277 510 304 maneat.
528 271 657 300 extremis
675 271 766 299 seculi
785 271 953 306 temporibus
970 271 1019 298 bo-

236 319 336 346 minem
362 318 526 354 apparuisse,
553 317 667 352 ideoque
691 315 905 353 Primogenitum
926 317 1020 344 asciti-

236 365 301 392 tiam
323 364 423 392 habere
446 363 570 399 gloriam,
589 363 670 391 etiam
692 363 762 398 quod
783 363 892 391 adorari
914 363 1019 396 debeat,

236 417 278 440 est
299 411 336 439 illi
357 410 545 439 a-lventitiutu.
567 409 614 436 Sin
636 413 727 437 autem
748 409 785 438 ita
809 416 865 438 rem
887 416 948 437 csse
969 417 1020 436 non

237 457 412 487 existimant.
436 455 462 483 in
486 456 632 483 absurdam
657 459 685 483 et
711 455 828 491 ineptam
852 455 1019 490 argutiarum

237 502 415 531 stoliditatem
430 508 525 529 eorum
541 501 645 529 labetur
657 502 755 528 oratio.
770 501 847 528 Dicet
861 502 944 533 enim,
961 501 1021 536 opi-

237 555 297 580 nor,
314 546 413 582 aliquis
428 555 436 574 :
454 546 483 582 Si
499 547 629 582 quoniam
646 546 734 574 lactus
751 551 793 574 est
810 547 901 579 homo,
921 547 1022 575 idcirco

236 597 277 621 est
296 592 504 627 Primogeuitus,
523 597 579 620 tutu
603 595 694 620 autem
712 592 865 620 adorandus
893 593 943 625 sit,
960 601 1021 620 cum

237 638 354 666 maxime
378 638 534 666 exiuanitus
556 638 656 666 dicitur
678 647 685 666 :
711 639 868 666 inusitatum
892 639 916 666 ei
941 639 1022 666 decus

236 684 393 713 iuauitionis
416 689 521 720 tempus
543 684 655 717 all‘eret,
679 684 846 712 humanitate
866 692 931 712 vero
951 685 1022 712 anti-

236 731 316 766 quior
334 732 386 759 erit
409 731 452 757 illa
474 730 562 758 vilitas
582 735 610 758 et
631 729 798 766 ignobilitas,
818 731 925 765 quando
945 735 973 758 et
995 731 1022 758 in

236 778 323 806 forma
336 781 363 806 et
377 777 403 804 iu
417 776 573 812 aequalitate
585 775 675 804 Patris
687 776 834 808 exsistam.
849 781 879 804 ut
892 776 1022 811 scriptum

236 827 295 857 est,
310 823 344 850 ad
364 828 488 851 naturam
507 822 575 850 adeo
593 821 744 856 abjectam,
765 822 910 850 lutmanam
926 821 1020 849 videli-

1069 225 1221 260 ταγμὲνος;
1258 225 1368 262 Ἐπειδὴ
1393 225 1422 252 δὲ
1452 226 1502 254 οὐκ
1526 226 1688 258 ἐνδοιαστὸν,
1713 226 1818 262 μᾶλλον
1843 227 1869 253 δὲ

1070 270 1179 307 ἀληθῶς
1194 279 1223 297 τε
1240 271 1287 298 καὶ
1302 271 1446 307 ἀραρότως
1464 271 1536 308 ἔχον,
1561 272 1599 304 ὡς
1622 273 1650 299 ἐν
1676 273 1806 307 ἐσχάτοις
1823 272 1869 298 τοῦ

1071 317 1170 348 αἰῶνος
1192 317 1297 353 καιροῖς
1325 317 1446 352 πέφηνεν
1474 317 1627 353 ἄνθρωπος,
1655 317 1702 344 διά
1731 326 1763 344 τε
1791 317 1870 344 τοῦτο

1073 363 1260 398 Πρωτότοκος,
1278 363 1401 398 ὲπακτὴν
1413 363 1470 399 ἔχει
1487 363 1538 399 τὴν
1554 363 1645 395 δόξαν,
1666 363 1714 390 καὶ
1734 363 1766 390 τὺ
1787 371 1870 398 προο-

1072 407 1211 436 κυνεῖσθαι
1227 408 1293 441 δεῖν,
1308 409 1535 445 ὲπενηνεγμένον,
1551 409 1582 436 El
1597 409 1625 436 δὲ
1639 409 1677 444 μὴ
1691 408 1783 440 οὕτως
1800 409 1870 444 ἔχειν

1071 453 1172 481 οἴονται
1196 455 1267 481 κατὰ
1293 456 1375 489 σφᾶς,
1402 456 1549 490 ἀναγκαῖος
1580 456 1680 487 αὐτοὺς
1707 455 1870 491 περιτρέψει

1072 500 1150 535 λόγος
1179 501 1218 532 εἰς
1238 501 1342 536 ἀκαλλῆ
1364 510 1394 528 τε
1419 503 1465 528 καὶ
1486 502 1600 529 ἔκτοπον
1617 501 1781 538 ἠλιθιότητα
1800 501 1870 535 λογι-

1074 545 1161 580 σμῶν.
1178 545 1247 580 Φαίη
1261 545 1316 581 γὰρ
1330 545 1375 578 ἂν.
1391 543 1479 581 οἶμαι,
1497 546 1550 578 τὶς,
1573 546 1616 578 Εἰ,
1635 547 1741 573 ὲπείτοι
1758 546 1869 580 γέγονεν

1073 590 1230 626 ἄνθρωπος,
1251 591 1425 627 Πρωτότοκος
1440 592 1485 619 διὰ
1505 592 1595 624 τοῦτο.
1617 593 1713 628 καιρὸς
1741 593 1772 619 δὲ
1795 590 1869 624 οὗτος

1074 635 1148 671 αὐτῷ
1165 636 1212 663 τοῦ
1231 637 1441 672 προσκυνεῖσθαι
1457 637 1523 669 δεῖν,
1540 638 1583 664 ὅτε
1599 638 1631 673 δὴ
1657 638 1779 673 μάλιστα
1795 646 1871 664 κεκε-

1073 681 1175 708 νῶσθαι
1195 682 1316 717 λέγεται,
1330 683 1398 719 πρὸς
1406 683 1531 715 εὐκλείας
1548 684 1597 719 μὲν
1612 683 1688 710 ἔσται
1702 683 1754 719 τῆς
1769 683 1870 718 ἀήθους

1074 726 1158 761 αὐτῷ.
1177 727 1228 762 τῆς
1247 727 1388 760 κενώσεως
1407 728 1421 755 ὁ
1441 728 1547 764 καιρὸς,
1564 729 1753 765 πρεσϐύτερον
1769 729 1800 755 δὲ
1823 729 1870 764 τῆς

1074 774 1306 810 ἐνανθρωπήσεως
1321 775 1351 802 τὸ
1366 777 1572 812 σμικροπρεπές
1585 786 1616 803 τε
1633 777 1680 803 καὶ
1693 777 1806 808 ἀκλεὲς,
1826 778 1869 804 ὅτε

1075 820 1122 846 καὶ
1137 820 1166 847 ἐν
1181 823 1273 857 μορφῇ
1294 821 1340 848 καὶ
1359 822 1461 857 ἰσότητι
1480 822 1527 849 τοῦ
1545 823 1652 857 Πατρὸς
1669 823 1816 858 ὑπάρχων,
1834 824 1869 854 ὡς

236 874 296 903 cet.
314 877 343 897 se
361 868 480 896 demisit.
498 869 532 895 At
549 867 571 899 si
589 871 663 896 esset
681 867 823 902 ignobilis.
842 875 891 895 nec
906 869 1022 896 adoran-

1078 865 1239 900 γέγραπται,
1254 867 1323 902 πρὸς
1337 867 1387 902 τὴν
1399 868 1470 895 οὕτω
1479 868 1724 905 καταϐεϐλημένην
1737 869 1869 903 κατέθορε

237 914 288 942 dus
301 920 422 949 prorsus,
438 912 502 947 quid
517 919 604 939 causte
620 917 661 940 est
674 919 723 940 cur
736 911 877 947 Serupbim
893 912 920 938 in
937 911 1023 938 deita-

238 959 274 987 Iis
294 959 362 987 solio
381 958 518 986 sedentem
539 956 639 984 Filium
660 956 848 990 circumstant,
870 957 977 992 bymnis
997 962 1024 985 et

237 1004 352 1032 canticis
366 1003 513 1035 honorant,
529 1007 557 1030 et
573 1001 714 1030 Dominum
731 1003 851 1032 Sabaoth
868 1003 1023 1037 nominant,

238 1051 400 1086 plenumque
424 1056 485 1078 esse
507 1049 600 1076 dicunt
621 1049 738 1083 cmlum,
763 1054 790 1077 et
814 1053 914 1076 terram
939 1049 1023 1084 gloria

237 1098 296 1133 ejus
305 1097 348 1124 "‘l
365 1096 442 1130 Quali
459 1095 534 1123 enim
552 1094 638 1130 gloria
658 1094 764 1130 plcnum
783 1099 857 1123 esset
872 1095 984 1128 uelum.
1001 1096 1024 1124 si

237 1141 346 1171 adorari
363 1149 423 1169 cum
441 1140 521 1171 Patre
537 1141 581 1168 vix
600 1141 707 1168 tandem
726 1140 842 1175 accipit,
859 1147 921 1168 cum
939 1141 1024 1169 nostri

238 1188 335 1216 similis
349 1187 492 1222 apparuit?
506 1186 576 1214 Audi
589 1193 654 1214 vero
667 1186 815 1220 sapientem
831 1185 943 1215 Esdram
957 1186 1025 1214 scri-

238 1235 344 1262 bentem
363 1242 370 1260 :
392 1242 401 1260 ι
421 1232 514 1260 Omnis
534 1237 606 1260 terra
625 1231 766 1259 veritatem
785 1231 907 1263 invocat,
925 1231 1024 1259 malum

238 1279 319 1307 etiam
335 1278 420 1314 ipsam
437 1276 584 1309 benedicil,
598 1280 625 1304 et
638 1276 729 1303 omnia
744 1283 825 1310 opera
840 1281 981 1303 moventur
994 1284 1025 1304 ac

240 1322 487 1352 tremunt“.rCum
502 1321 598 1349 beatus
613 1320 695 1348 David
710 1325 802 1355 aperte
815 1320 954 1348 clametde
968 1329 1026 1349 0m-

238 1370 374 1404 nlpotente
389 1368 445 1396 Deo
463 1378 469 1396 :
488 1377 497 1394 ι
516 1367 566 1401 Qui
585 1367 696 1402 respicit
711 1371 828 1399 terram,
844 1371 871 1394 ct
886 1366 952 1394 facit
965 1375 1025 1394 eam

239 1420 356 1444 tremere
365 1414 399 1442 ".
421 1423 431 1440 ι
449 1412 501 1446 Qui
520 1420 584 1448 ergo
602 1417 747 1447 antequam
766 1411 961 1439 humanitatem
980 1419 1025 1438 as-

238 1464 358 1490 sumeret
379 1465 407 1488 et
424 1463 566 1487 vocaretur
593 1457 806 1493 Primogeuitus,
825 1457 871 1486 Dei
890 1465 921 1485 ac
938 1457 1027 1486 Patris

239 1505 387 1534 honoribus
400 1504 563 1539 conspicuus
577 1507 647 1535 erat,
672 1502 808 1539 quomodo
824 1501 903 1531 Patre
917 1502 959 1530 vel
976 1503 1026 1529 mi-

239 1553 312 1580 nima
327 1551 432 1586 quidem
446 1550 476 1578 in
492 1557 520 1578 re
532 1554 573 1577 est
588 1548 719 1576 inferior?

1074 911 1166 946 φύσιν,
1194 913 1266 948 φημὶ
1291 913 1322 949 δὴ
1354 913 1403 947 τὴν
1429 913 1613 950 ἀνθρωπίνην.
1635 914 1705 940 Ἀλλ’
1729 915 1813 949 εἴπερ
1837 911 1870 948 ἦν

1074 957 1174 993 ἀκλεὴς
1195 958 1304 985 καὶτοῦ
1322 959 1533 994 προσκυνεῖσθαι
1559 960 1679 995 μακρὰν,
1700 960 1729 986 τί
1749 959 1870 994 μαθόντα

1073 1003 1107 1030 τὰ
1133 1004 1269 1039 Σεραφὶμ.
1293 1005 1322 1031 ἐν
1337 1005 1376 1041 τῷ
1395 1005 1446 1041 τῆς
1472 1005 1598 1042 θεότητος
1622 1007 1698 1042 θάκῳ
1723 1006 1870 1038 καθίζοντα

1074 1048 1121 1075 τὸν
1135 1049 1210 1080 Υἰὺν,
1227 1050 1257 1076 ὲν
1281 1050 1374 1085 κύκλῳ
1397 1052 1583 1087 περιεστᾶσιν,
1605 1051 1701 1086 ὕμνοις
1726 1051 1777 1078 καὶ
1798 1051 1869 1084 δοξο-

1074 1093 1179 1129 λογίαις
1196 1095 1442 1131 καταγεραίροντα,
1463 1097 1509 1123 καὶ
1523 1097 1624 1133 Κύριον
1641 1097 1755 1123 Σαϐαὼθ
1774 1097 1870 1132 ὄνομα·

1075 1139 1167 1172 ξοντα,
1185 1139 1275 1176 πλήρη
1293 1149 1322 1167 τε
1343 1139 1411 1168 εἶναι
1429 1142 1542 1176 λέγοντα
1564 1143 1609 1169 τόν
1630 1151 1658 1169 τε
1681 1142 1810 1177 οὐρανὸν,
1824 1142 1870 1168 καὶ

1075 1185 1124 1221 τὴν
1149 1186 1201 1230 γῇν
1220 1186 1269 1222 τῆς
1285 1187 1364 1222 δόξης
1380 1188 1484 1221 uino-3;
1513 1189 1596 1221 Ποίας
1621 1189 1675 1224 γὰρ
1699 1189 1781 1224 δόξης
1807 1188 1871 1215 ἀνά-

1076 1232 1164 1264 uitam;
1179 1230 1238 1268 ἧνό
1255 1234 1380 1269 οὐρανὸς,
1397 1235 1421 1261 εί
1443 1235 1473 1261 τὸ
1486 1235 1698 1271 προσκυνεῖσθαι
1724 1235 1795 1270 μετὰ
1816 1235 1870 1262 ﬂa-

1075 1278 1139 1314 τρδς
1150 1279 1298 1314 εἰσδέχεται
1315 1279 1401 1315 μόλις,
1414 1281 1457 1308 ὅτε
1469 1282 1571 1317 πέφηνε
1583 1281 1644 1308 καθ’
1659 1282 1734 1317 ἡμᾶς
1746 1290 1752 1314 ;
1772 1282 1870 1307 Ἀκουε

1076 1324 1104 1351 δὲ
1119 1324 1270 1360 γράφοντος
1288 1326 1390 1362 Ἔσδρα
1404 1328 1451 1354 τοῦ
1479 1327 1562 1362 σοφοῦ
1579 1336 1587 1343 ·
1606 1337 1615 1353 ι
1631 1328 1710 1354 Πᾶσα
1731 1328 1748 1362 ὴ
1771 1327 1808 1363 γῆ
1824 1327 1870 1362 τὴν

1077 1370 1207 1405 ἀλήθειαν
1232 1372 1321 1404 καλεῖ,
1344 1373 1391 1399 καὶ
1408 1374 1422 1399 ὁ
1437 1373 1552 1408 οὐρανὸς
1575 1373 1660 1409 αὐτὴν
1682 1374 1803 1407 εὐλογεί,
1825 1373 1870 1399 καὶ

1077 1416 1165 1443 πάντα
1182 1417 1216 1444 τὰ
1243 1417 1313 1453 ἔργα
1340 1418 1442 1446 σείεται
1461 1419 1508 1446 καὶ
1530 1419 1644 1455 τρέμει;
1658 1429 1667 1445 ι
1701 1420 1799 1446 Καίτοι
1825 1419 1869 1445 τοῖι

1078 1462 1214 1498 μακαρίου
1237 1464 1320 1490 Δαόἱδ
1342 1464 1564 1500 ἀνακεκραγότος
1587 1466 1712 1501 ἐναργῶς
1736 1466 1802 1501 περὶ
1825 1465 1868 1492 τοῦ

1078 1507 1131 1533 τῶν
1159 1508 1228 1536 ὃλων
1252 1510 1509 1543 κατεξουσιάζοντος
1534 1511 1613 1544 Θεοῦ,
1634 1521 1643 1538 ι
1661 1512 1690 1538 Ὀ
1716 1511 1869 1538 ὲπιΰλέπων

1039 1546 1061 1577 C
1077 1553 1122 1580 ἐπὶ
1139 1553 1187 1590 τὴν
1207 1555 1270 1591 γῆν,
1286 1556 1334 1583 καὶ·
1350 1557 1434 1584 ποιῶν
1459 1557 1544 1592 αὐτὴν
1561 1557 1684 1593 τρέμειν.
1698 1567 1707 1583 ι
1733 1558 1762 1584 '0
1780 1558 1868 1584 τοὶνυν

239 1598 294 1634 πρὸ
306 1598 355 1633 τῆς
370 1597 610 1632 ὲνανθρωπήσεως,
630 1596 677 1622 καὶ
705 1595 752 1622 τοῦ
785 1595 935 1631 κεκλῆσθαι
966 1596 1152 1633 Πρωτότοκος,
1168 1602 1224 1634 τοῖς
1237 1602 1285 1629 τοῦ
1300 1602 1367 1630 θεοῦ
1390 1604 1437 1631 καὶ
1452 1605 1557 1640 Πατρὸς
1570 1603 1725 1640 ἀξιώμασιν
1742 1605 1868 1640 ὑπάρχων

239 1643 393 1679 ἐκπρεπὴς,
410 1641 469 1673 πῶς
483 1642 516 1669 ἂν
531 1642 559 1668 ὲν
575 1641 662 1676 μείοσι
676 1641 748 1669 κατά
758 1649 783 1668 τι
800 1641 864 1675 γοῦν
877 1641 955 1672 ὅλως,
969 1641 985 1676 ἢ
1000 1642 1029 1667 ὲν
1048 1641 1087 1676 οἷς
1103 1645 1117 1671 6
1132 1646 1242 1682 Πατήρ;

275 1689 306 1716 B.
328 1688 407 1721 Esto,
429 1687 567 1723 inquiunt,
587 1693 616 1714 ut
637 1687 694 1721 ipse
713 1687 753 1714 vis
771 1694 779 1713 :
798 1695 858 1714 ctnn
880 1687 967 1713 lactus
988 1692 1029 1714 cst

240 1734 452 1770 Primogenitns,
470 1738 532 1760 tunc
549 1741 655 1768 quoque
673 1733 830 1760 mandatum
848 1733 883 1761 sit
895 1734 1002 1761 adorari
1019 1743 1026 1761 :

244 1781 363 1816 nunquid
379 1781 423 1807 illa
438 1787 483 1807 res
495 1779 520 1807 ei
537 1779 598 1806 data
613 1784 655 1806 est
669 1786 683 1805 ι
700 1778 798 1807 Patre?

277 1872 310 1899 Α.
330 1869 410 1905 Atqui
438 1876 490 1896 non
517 1867 676 1903 simpliciter
700 1873 788 1895 utrtnn
813 1868 876 1896 data
902 1869 954 1903 sit,
979 1870 1027 1898 sed

241 1916 412 1952 quiandonam
432 1914 493 1942 data
513 1914 549 1941 sit
570 1914 687 1941 maxime
706 1914 946 1947 considerandum,
965 1922 1027 1943 cum

243 1963 370 1991 nituirum
382 1960 464 1998 62⁷
477 1965 504 1988 et
515 1960 721 1995 prituogcnitus,
735 1965 868 1996 quatenus
882 1961 915 1988 ad
931 1961 1028 1988 frater-

243 2009 354 2036 nitatem
365 2006 656 2038 uostram,deseeudit.
666 2004 723 2033 Hoc
736 2006 817 2038 enim,
827 2005 933 2041 opinor,
946 2007 1030 2042 signi-

243 2055 307 2082 licat
323 2053 399 2085 illud,
415 2051 621 2086 printogcnitus.

278 2099 307 2126 li.
327 2098 477 2126 Assentior.

278 2148 310 2172 Α.
334 2145 393 2172 lam
421 2151 484 2170 vero
514 2143 690 2170 conveniatne
708 2162 717 2174 .
751 2143 866 2171 obsecro
883 2164 891 2177 ,
921 2148 1025 2171 natura

242 2192 376 2224 hominis.
394 2190 540 2219 secundum
560 2189 601 2216 sui
620 2189 769 2222 rationem,
788 2189 835 2218 Dei
860 2190 947 2218 instar
978 2191 1025 2217 ad-

243 2240 314 2266 orari
329 2237 341 2264 2

279 2284 310 2310 Il.
331 2283 450 2310 Minime.

277 2331 311 2357 Δ.
329 2329 463 2364 Perquam
480 2331 564 2359 recte,
589 2326 686 2356 amice.
700 2327 765 2361 Qum
779 2328 850 2355 enim
867 2328 904 2356 illi
920 2329 1028 2364 proprie

243 2375 428 2406 conVeniunt,
454 2372 541 2400 solum
568 2373 663 2401 decent
689 2374 878 2401 universorum
906 2375 1027 2409 reginam

244 2427 381 2449 naturam.
396 2419 491 2454 Igitur,
508 2427 569 2446 cttm
585 2419 668 2447 Filius
684 2419 717 2447 de
732 2427 781 2447 sua
807 2420 953 2447 eminentia
979 2421 1027 2448 de-

243 2468 322 2499 siliit,
339 2472 387 2493 nec
400 2465 522 2500 rapinam
537 2465 685 2492 arbitratus
703 2471 745 2494 est
764 2473 825 2494 esse
850 2473 880 2493 se
895 2467 1026 2500 aequalem

245 2512 315 2544 Deo,
342 2515 438 2539 natura
456 2511 581 2539 servilem
607 2516 634 2538 et
655 2511 698 2539 cui
727 2511 858 2539 adorandi
878 2513 1028 2540 necessitas

244 2556 374 2585 incumbit
395 2564 539 2585 assumens
565 2557 699 2590 habitum,
727 2557 850 2585 adoravit
873 2558 1024 2586 nobiscum.

243 2603 374 2638 Quoniam
399 2607 488 2631 autem
511 2602 549 2630 ab
571 2603 643 2630 omni
676 2603 841 2638 cogitatione
870 2608 898 2631 et
923 2604 1026 2632 ratione

242 2657 352 2684 prorsus
375 2648 492 2676 alienant
517 2654 598 2682 erat,
625 2648 715 2677 Patris
739 2648 822 2684 gloria
850 2650 1025 2684 conspicuum

241 2702 294 2722 non
315 2694 400 2721 videri
416 2694 461 2728 qui
478 2701 510 2721 ex
529 2695 586 2728 ipso
604 2694 704 2729 prodiit
722 2693 831 2725 Filium,
851 2693 914 2721 licet
936 2694 1024 2721 incar-

241 2745 318 2768 natus
335 2740 381 2772 sit,
398 2740 485 2768 sancti
499 2739 620 2774 Spiritus
645 2739 824 2768 illustratione
847 2740 946 2767 caelum
967 2739 1026 2774 ejus

271 2832 292 2847 ⁸⁷
309 2830 360 2859 lsa.
379 2838 413 2863 vt,
430 2831 456 2857 3.
495 2830 517 2847 "
529 2830 560 2858 ΙΙΙ
576 2830 653 2858 Esdr.
672 2838 707 2864 tv,
721 2831 764 2859 56.
803 2831 825 2848 ⁸⁹
841 2831 909 2858 l'sal.
928 2838 985 2864 cut,
1001 2831 1045 2858 53.

1116 1693 1145 1719 Β.
1161 1693 1262 1726 Ἔστω,
1292 1695 1369 1729 φησὶ,
1395 1695 1466 1722 κατὰ
1479 1695 1511 1722 τὺ
1534 1695 1607 1731 αὐτῷ
1628 1704 1670 1722 σοι
1694 1695 1802 1728 δοκοῦν,
1826 1697 1867 1722 ὅτε

1081 1739 1175 1773 γέγονε
1202 1740 1393 1775 Πρωτότοκος,
1413 1742 1572 1777 τοτηνικάδε
1595 1743 1641 1769 καὶ
1660 1743 1868 1778 προσκυνεῖσθαι

1081 1786 1292 1820 προστέτακται,
1317 1788 1356 1824 μὴ
1374 1788 1436 1823 οὐχὶ
1453 1788 1529 1816 δοτδν
1544 1789 1618 1825 αὐτῷ
1641 1789 1672 1816 τὸ
1693 1790 1789 1825 χρῆμά
1813 1790 1867 1816 ἐστι

1080 1832 1155 1868 παρὰ
1171 1832 1218 1858 τοῦ
1234 1833 1354 1869 Πατρόςς

1113 1878 1146 1904 Α.
1170 1878 1239 1905 Ἀλλ’
1255 1879 1304 1914 οὐχ
1325 1879 1417 1912 ἁπλῶς
1433 1881 1457 1907 εί
1473 1881 1560 1916 δοτὺν,
1576 1880 1643 1908 ἀλλὰ
1666 1880 1771 1916 πηνίκα
1795 1880 1868 1907 δοτδν

1078 1920 1108 1950 εὖ
1127 1923 1200 1958 μάλα
1220 1926 1436 1957 κατατκεπτέον,
1456 1926 1500 1952 ὅτε
1518 1926 1619 1962 δηλαδὴ
1635 1927 1684 1953 καὶ
1698 1927 1868 1961 πρωτότοκος

1079 1967 1116 2000 ὼς
1142 1969 1210 2003 προς
1230 1969 1398 2006 ἀδελφότητα
1423 1971 1472 2006 τὴν
1492 1971 1560 2006 πρὸς
1586 1973 1661 2007 ἡμᾶς
1693 1972 1866 2006 καθιγμένος.

1082 2013 1164 2041 Τουτὶ
1177 2014 1241 2050 γὰρ.
1255 2012 1332 2051 οἶμαι
1346 2024 1408 2048 που,
1424 2016 1499 2051 δηλοῖ
1511 2017 1551 2050 τὸ,
1563 2018 1746 2052 πρωτότοκος.

1117 2105 1146 2132 Β.
1163 2105 1241 2133 Οὕτω
1257 2107 1336 2141 φημί.

1115 2151 1146 2177 Α.
1165 2148 1230 2178 Εἶτα
1249 2152 1348 2187 πρέποι
1359 2152 1402 2184 ἂν,
1417 2153 1477 2180 εἰπέ
1494 2162 1550 2189 μοι,
1569 2155 1602 2189 τῇ
1617 2154 1764 2190 ἀνθρώπου
1779 2155 1865 2190 φύσει,

1080 2196 1211 2232 νοουμένῃ
1228 2197 1288 2224 καθ’
1302 2198 1413 2233 ἑαυτὴν,
1432 2199 1504 2226 τοῦθ’
1519 2200 1588 2235 ὅπερ
1611 2201 1681 2233 ἐστὶ,
1698 2200 1729 2227 τὸ
1745 2201 1775 2227 ἐν
1795 2201 1866 2233 τάξει

1080 2250 1109 2268 τε
1122 2243 1168 2269 καὶ
1187 2243 1278 2279 μέτρῳ
1292 2243 1360 2271 Θεοῦ
1377 2245 1588 2281 προσκυνεῖσθαι
1607 2246 1683 2278 δεῖν;

1114 2289 1143 2315 Β.
1163 2289 1280 2316 ’Ἡκιστά
1291 2298 1332 2324 γε.

1114 2335 1146 2361 Δ.
1169 2335 1270 2370 Ὀρθῶς
1287 2334 1329 2369 εὖ,
1346 2333 1368 2363 ὧ
1386 2337 1488 2373 ἑταῖρε.
1502 2337 1578 2372 Μόνη
1597 2338 1652 2373 γὰρ
1670 2337 1704 2364 ἂν
1723 2339 1825 2371 ίδικῶς.
1838 2359 1843 2365 .
1858 2358 1865 2366 .

1080 2397 1088 2405 .
1105 2400 1111 2406 .
1129 2399 1136 2406 .
1155 2399 1162 2407 .
1181 2401 1188 2407 .
1206 2400 1213 2407 .
1233 2380 1338 2408 Οὐκοῦν
1351 2401 1358 2414 ,
1381 2382 1426 2408 ὅτε
1443 2382 1497 2409 τῶν
1525 2383 1599 2409 ίδίων
1619 2382 1779 2418 ὺψωμάτων
1806 2392 1866 2410 κατ-

1078 2423 1171 2459 έθορεν
1188 2425 1202 2451 ὸ
1218 2425 1290 2458 Υἱὸς,
1307 2426 1354 2452 καὶ
1377 2427 1425 2461 οὐχ
1438 2427 1584 2463 ἁρπαγμὸν
1605 2428 1730 2463 ἡγήσατο
1750 2429 1781 2455 τὸ
1801 2426 1863 2455 εἶναι

1077 2466 1123 2495 ἶσα
1149 2469 1219 2505 Θεῷ,
1244 2471 1274 2498 τὸ
1298 2472 1332 2507 τῇ
1356 2472 1436 2508 φύσει
1460 2472 1553 2499 δοῦλον
1578 2473 1625 2500 καὶ
1654 2473 1685 2500 τὸ
1712 2474 1866 2508 ἀναγκαίως

1077 2515 1248 2551 προσκυνοῦν
1273 2517 1484 2552 οἰκειωσάμενος
1517 2519 1628 2554 σχῆμα,
1659 2521 1865 2555 προσκεκὺνηκε

1079 2561 1137 2595 μεθ’
1157 2561 1246 2597 ἡμῶν.
1271 2563 1380 2600 Ἐπειδὴ
1397 2564 1424 2591 δὲ
1445 2563 1478 2600 ἦν
1490 2565 1636 2599 ἀνέφικτον
1654 2567 1805 2598 παντελῶς,
1823 2567 1866 2593 καὶ

1076 2605 1207 2641 λογισμοῦ
1229 2607 1276 2634 τοῦ
1299 2608 1465 2644 καθήκοντος
1489 2610 1698 2645 ὲκπεφοιτηκὸς,
1726 2611 1757 2637 τὸ
1783 2611 1819 2646 μὴ
1840 2612 1865 2636 ὲν

1075 2652 1136 2682 ταῖς
1151 2651 1198 2678 τοῦ
1215 2652 1322 2688 Πατρὸς
1340 2654 1476 2685 εὐκλείαις
1492 2655 1606 2689 ὁρᾶσθαι
1622 2657 1764 2691 περιφανῆ
1778 2656 1822 2682 τὸν
1839 2655 1866 2687 ἐξ

1075 2695 1157 2722 αὑτοῦ
1180 2698 1320 2733 πεφηνότα
1341 2698 1414 2730 Υίὺν,
1433 2699 1481 2726 καὶ
1498 2700 1522 2726 εί
1536 2700 1648 2735 γέγονεν
1663 2702 1692 2728 ἐν
1709 2702 1801 2737 σαρκὶ,
1825 2701 1864 2727 διὰ

1074 2741 1125 2777 τῆς
1138 2741 1185 2769 τοῦ
1201 2743 1360 2779 Πνεὺματος
1371 2745 1522 2781 δᾳδουχίας,
1540 2749 1764 2783 μυσταγωγεῑται
1778 2747 1863 2775 λοιπὸν
