1937 3036
200 161 266 194 iuit

199 223 296 251 latent,
314 218 448 254 siquidem
476 222 517 247 est
534 225 598 246 vere
617 216 767 246 secundum
791 217 945 252 Scripturas
961 217 985 233 "

201 264 330 300 sapientia
346 269 372 292 et
389 265 531 292 consilium
547 263 660 291 Patris?

235 311 262 337 Β.
278 310 353 338 Nulla
373 317 446 339 certe
461 311 582 346 adegerit
596 317 658 338 eum
681 308 728 344 qui
757 316 853 336 revera
874 308 909 337 sit
925 315 986 336 cor-

201 357 287 385 datus.

235 403 266 430 Λ.
285 403 388 436 Nonne,
416 403 511 435 amice,
535 403 665 429 mentitus
688 400 770 428 fuerit
795 400 852 435 ipse
877 407 987 435 quoque

201 447 299 476 Paulus
320 449 441 476 scribens
468 455 476 474 ι
504 456 514 474 t
543 446 778 480 Quemadmodum
801 445 872 473 enim
899 445 988 472 nullus

201 492 339 520 hominum
354 492 405 519 scit
416 500 476 527 quae
491 496 556 518 sunt
579 491 698 518 hominis
708 512 718 525 ,
737 491 788 518 uisi
807 491 922 525 spiritus
937 491 986 518 ho-

201 539 292 571 minis,
316 538 352 565 ita
378 543 406 565 et
426 546 485 572 qua:
502 537 548 565 Dei
570 543 634 565 sunt
668 545 748 566 nemo
769 537 915 572 cognovit,
935 537 987 565 nisi

200 585 318 620 Spiritus
333 582 379 612 llei
392 585 426 612 ".
447 594 457 611 ι

233 630 263 658 Β.
279 630 393 658 Prorsus
409 631 532 666 quidem.

173 674 180 710 ζ
234 677 266 704 Α.
285 675 365 703 Novit
386 675 468 711 igitur
483 674 601 710 Spiritus
622 675 670 703 Dei
691 682 751 710 quae
770 679 835 703 sunt
862 675 889 702 in
916 675 986 710 ipso,

199 727 225 751 et
241 723 307 750 nihil
324 722 348 750 ei
364 727 408 750 est
421 721 555 750 occultum
571 727 615 749 aut
635 721 803 750 obscurum?

228 768 264 796 Β.
278 768 366 796 Novit.
383 767 450 802 Quis
467 767 594 795 dubitat?

233 817 266 844 Α.
283 815 390 850 Siergo
403 819 445 842 est
456 814 545 842 Patris
559 814 678 849 Spiritus
693 814 818 850 proprius
834 813 906 846 Filii,
919 821 988 849 quo-

200 862 281 890 modo
298 861 436 897 ignorabit
446 861 548 896 aliquid
563 868 657 888 eorum
682 868 742 896 quze
759 860 866 888 occulta
881 865 944 887 sunt
961 860 987 886 in

200 909 266 940 Deo,
275 915 336 936 cum
353 908 450 935 haheat
464 908 522 942 ipse
532 907 674 942 proprium
688 907 820 941 Spiritum
835 906 882 941 qui
896 905 986 933 omnia

201 955 279 982 novit
293 962 354 989 quae
371 958 433 981 sunt.
452 954 478 981 in
496 954 599 981 Patre?
616 953 682 980 Nam
695 953 784 987 ipsum
796 952 877 980 audio
886 952 989 980 sanctis

201 1000 334 1034 apostolis
351 999 424 1027 clare
448 999 583 1027 dicentem
606 1008 613 1026 :
638 1008 647 1026 ι
678 998 773 1026 Adhuc
793 997 876 1025 multa
903 997 989 1025 habeo

200 1045 279 1074 vobis
293 1046 395 1078 dicere,
411 1045 458 1073 sed
478 1053 531 1073 non
545 1045 658 1080 potesus
676 1049 785 1080 portare
800 1044 892 1071 modo.
921 1043 988 1070 Cum

203 1097 295 1120 autem
318 1091 430 1119 venerit'
448 1091 493 1119 ille
517 1089 634 1126 Spiritus
653 1090 788 1122 veritatis,
811 1090 918 1117 docebit
942 1097 990 1117 vos

201 1145 310 1166 omnem
341 1137 484 1165 veritatem
515 1144 522 1164 :
552 1145 605 1164 non
631 1137 703 1164 enim
734 1136 860 1172 loquetur
899 1143 914 1163 a
944 1143 989 1164 se-

201 1184 338 1219 metipso,
365 1183 413 1210 sed
435 1190 606 1217 quaecunque
630 1181 723 1209 audiet
749 1183 883 1217 loquetur,
906 1181 991 1217 629

201 1235 228 1258 et
239 1237 299 1264 quae
317 1235 431 1257 ventura
447 1233 510 1257 sunt.
527 1229 699 1256 atmuutiebit
711 1229 800 1258 vobis.
815 1229 862 1256 Ille
875 1237 916 1256 me
933 1229 990 1256 cla-

202 1275 329 1309 rilicabit,
353 1275 417 1310 quia
435 1275 469 1302 de
485 1283 545 1302 meo
569 1275 696 1309 accipiet,
711 1279 739 1303 et
752 1275 926 1302 annuutiabit
940 1283 989 1302 vo—

202 1320 245 1348 bis
267 1321 302 1347 ”.
323 1330 332 1346 ι
355 1320 424 1348 Num
437 1321 484 1348 tibi
499 1320 601 1348 clarum
622 1320 731 1348 videtur
750 1324 811 1348 esse
834 1319 899 1347 illud
917 1320 990 1354 quod

202 1366 365 1402 protulimus
386 1366 553 1399 oraculum,
581 1373 614 1393 ac
637 1366 747 1400 insuper
774 1366 991 1394 animadvertisti

202 1413 335 1448 Spiritum
353 1413 463 1448 quidem
485 1412 610 1440 veritatis
626 1412 783 1440 nominasse
807 1411 989 1450 Paracletum,

202 1465 390 1487 verumtamen
409 1459 500 1486 dicere
513 1459 599 1493 ipsmu
622 1466 654 1486 ex
671 1457 751 1485 Patre
771 1459 928 1493 procedere,
943 1459 992 1486 de-

203 1508 400 1532 monstrantem
418 1504 510 1531 omnia
523 1510 585 1538 qua:
596 1507 659 1532 sunt
675 1503 776 1536 Patris,
791 1510 840 1530 sua
856 1503 940 1531 esse?

235 1550 265 1579 Β.
284 1549 448 1577 Rectissime
463 1549 568 1577 dixisti.

238 1597 273 1624 A.
288 1596 367 1623 Certe
379 1595 557 1623 nihilominus
577 1603 727 1631 agnoscere
745 1595 811 1624 licet
823 1603 856 1624 ex
880 1603 913 1624 eo
933 1603 990 1625 rem

203 1643 322 1670 maxime
348 1641 513 1674 ridiculam,
539 1649 658 1676 quaeque
681 1641 840 1676 opinionem
863 1642 992 1669 adversa-

203 1684 379 1719 riorumjure
401 1685 499 1712 merito
517 1685 713 1720 repudiandam
737 1686 867 1713 ostendit.
893 1686 992 1714 Putare

203 1731 276 1759 enim
291 1738 348 1758 rem
374 1730 442 1758 adeo
464 1730 590 1764 exiguam
613 1731 758 1765 ignorare,
774 1731 838 1758 illud
863 1733 935 1767 quod
957 1741 991 1760 ex

204 1777 259 1803 Deo
272 1775 351 1802 Patre
363 1775 495 1810 processit
506 1780 534 1802 et
548 1774 650 1803 ctIulsit
665 1775 794 1808 Verbum,
808 1777 991 1812 splendorem,

204 1821 364 1856 imaginem,
384 1821 460 1847 illum
478 1821 638 1848 substantia:
661 1822 763 1849 clarum
778 1822 967 1851 characterem
983 1844 991 1857 ,

203 1867 300 1903 zequali
327 1867 412 1902 gloria
440 1872 468 1894 et
495 1867 593 1894 throno
619 1867 781 1902 praeditum,
809 1869 911 1904 inquo
930 1876 993 1898 sunt

205 1919 298 1940 omnes
327 1912 447 1940 thesauri
474 1912 613 1946 sapientizc
634 1918 662 1940 et-
686 1913 810 1941 seientize
836 1917 967 1943 reconditi
982 1937 991 1951 ,

204 1959 275 1986 sicut
296 1958 426 1993 scriptum
447 1963 488 1986 est
509 1958 544 1990 ",
565 1964 693 1992 quantum
720 1959 785 1994 ipsis
809 1959 873 1996 jure
894 1964 993 1991 merito

204 2004 357 2039 opinionem
371 2004 464 2032 all'eret
478 2005 594 2032 levitatis
606 2005 617 2031 Ἰ

243 2049 273 2077 Β.
290 2050 533 2085 Quamplurimant.

241 2097 274 2122 Α.
291 2095 344 2122 Sed
358 2103 407 2123 uec
420 2097 508 2130 ipsum
530 2096 627 2130 opinor
646 2096 755 2125 Patrem
774 2105 805 2126 ac
830 2098 912 2126 Deum
937 2100 994 2126 sin-

204 2149 295 2169 ceram
313 2149 437 2169 servasse
448 2142 561 2177 gloriam
577 2150 653 2169 suam
666 2163 673 2175 ,
699 2144 722 2172 si
744 2152 839 2172 revera
857 2145 994 2180 ignoravit

205 2189 307 2224 aliquid
320 2188 379 2223 ejus
396 2189 538 2216 consilium
556 2194 584 2216 et
597 2190 742 2224 sapientia.

240 2279 270 2306 Β.
295 2279 455 2310 Assentior,
476 2278 625 2313 quemlibet
650 2279 730 2314 plane
752 2280 779 2308 id
800 2280 871 2316 quod
899 2281 992 2310 forsan

205 2324 320 2357 noverit,
335 2326 488 2360 agniturqu
505 2332 617 2358 prorsus
630 2332 681 2352 non
691 2333 752 2354 esse
764 2327 868 2361 absque
876 2329 993 2356 consilio

205 2378 232 2400 et
249 2372 383 2406 sapientia
399 2379 462 2398 sua.

241 2419 272 2444 Δ.
289 2417 373 2451 Euge,
392 2418 492 2449 amice,
516 2417 596 2444 aliter
623 2418 695 2445 enim
711 2419 813 2448 sentire
840 2429 893 2448 non
910 2422 989 2450 decet

205 2466 423 2498 propugnatores
437 2462 569 2489 veritatis.
593 2462 788 2492 Prmtermissis
811 2473 875 2502 ergo
895 2475 992 2501 supcr-

205 2508 265 2536 ﬂuis
279 2507 386 2534 deutqu
402 2514 433 2534 ac
447 2506 533 2542 longis
547 2510 732 2542 sermonibus,
751 2517 900 2546 pergamus
916 2512 990 2541 illuc.

206 2553 315 2580 Solebat
328 2552 451 2581 Christus
469 2553 593 2581 Salvator
608 2554 634 2582 in
649 2556 751 2583 sanctis
775 2557 892 2584 maxime
907 2558 992 2586 disci-

206 2599 276 2635 pulis
295 2598 396 2633 aliquid
418 2599 570 2627 istiusmodi
593 2600 693 2628 facere.
717 2601 745 2628 Si
767 2609 993 2636 percontarentur

205 2645 306 2679 aliquid
327 2645 445 2673 discendi
463 2647 572 2681 quidem
600 2647 712 2681 studio,
738 2649 785 2676 sed
805 2649 878 2684 quod
900 2651 991 2679 altiori

205 2697 312 2718 careret
324 2690 459 2726 indagine,
477 2691 583 2720 solebat
599 2700 742 2726 enarrare,
767 2698 795 2721 et
809 2702 888 2729 quam
904 2696 992 2724 subti-

206 2737 308 2764 lissime
320 2737 465 2770 explicare.
489 2737 537 2765 Sin
562 2744 651 2765 autem
675 2739 778 2773 aliquid
805 2740 891 2774 majus
908 2749 990 2776 quam

205 2791 255 2817 pro
268 2790 317 2812 suo
333 2788 412 2818 captu
428 2784 534 2812 curiose
558 2786 674 2812 scrutari
691 2785 809 2820 vellent,
823 2794 871 2815 eos
887 2788 989 2816 sensim

241 2871 264 2886 ’³
279 2871 287 2898 l
300 2872 386 2902 Gott,
401 2871 446 2898 Ἃ.
485 2872 507 2888 ’⁵
522 2871 603 2899 lCor.
626 2880 655 2904 ιι,
671 2872 716 2900 ll.
754 2873 777 2889 ”
789 2872 866 2901 Joau.
879 2882 934 2906 xvt,
951 2873 992 2907 l2,

715 158 745 187 S.
766 157 905 186 CYRILLI
926 155 1163 186 ALEXANDRINI
1184 156 1345 185 ARCIIIEP.

1762 156 1835 184 40Ἳί

1000 221 1022 249 Α
1036 215 1097 252 Θεῷ
1111 216 1312 252 κεκρυμμένων
1329 216 1343 242 ὁ
1357 215 1522 250 Μονογενὴς,
1541 215 1621 251 εῖπερ
1635 215 1710 243 ἐστὶν
1723 215 1835 251 ἀληθῶς

1035 262 1106 290 κατὰ
1118 261 1168 294 τὰς
1181 261 1302 297 Γραφάς,
1317 261 1397 296 σοφία
1413 262 1458 288 καὶ
1476 261 1558 296 βουλὴ
1573 261 1621 288 τοῦ
1638 261 1748 296 Πατρός
1761 270 1769 293 ;

1071 310 1101 336 B.
1134 308 1320 334 Ἀναπείσειεν
1343 307 1376 334 ἂν
1404 307 1503 340 οὐδεὶς,
1527 307 1571 334 τόν
1598 315 1631 341 γε
1653 307 1693 339 ὡς
1725 306 1836 342 ἀληθῶς

1036 355 1164 391 νουνεχῖμ

1071 403 1104 427 Δ.
1119 401 1157 427 Oti
1173 401 1239 436 γὰρ,
1252 396 1275 426 ὦ
1290 399 1413 435 φιλότης,
1434 398 1644 434 ψευδοεπήσειεν
1658 398 1692 425 ἂν
1706 398 1768 424 οὗτι
1784 407 1836 424 που

1037 447 1083 474 καὶ
1107 447 1121 473 ὁ
1146 446 1228 481 σοφὸς
1253 447 1319 482 ἡμῖν
1343 445 1457 481 γράφων
1474 444 1579 476 Παῦλος
1595 453 1602 460 ·
1621 453 1631 470 ι
1645 445 1754 480 Ὠσπερ
1782 444 1836 479 γὰρ

1036 493 1124 525 οὐδεὶς
1143 490 1214 519 οἶδεν
1237 491 1389 528 ἀνθρώπων
1409 491 1444 518 τὰ
1466 490 1513 517 τοῦ
1537 490 1693 526 ἀνθρώπου,
1707 491 1733 517 εί
1749 490 1789 525 μὴ
1807 490 1837 515 τὸ

1037 539 1149 575 πνεῦμα
1165 538 1212 565 τοῦ
1229 538 1374 574 ἀνθρώπου
1391 538 1421 565 τὸ
1436 539 1464 564 ὲν
1480 537 1566 573 αὐτῷ,
1579 537 1650 564 οὓτω
1664 537 1713 564 καὶ
1733 537 1770 563 τὰ
1790 536 1836 563 τοῦ

1038 584 1107 612 Θεοῦ
1121 584 1209 616 οὐδεὶς
1222 583 1353 618 ἔγνωκεν,
1367 585 1392 611 εί
1407 585 1445 620 μὴ
1460 585 1491 611 τὸ
1501 584 1614 620 Πνεῦμα
1630 583 1679 611 τοῦ
1693 583 1776 610 Θεοῦ.
1796 592 1822 617 ι,

1075 633 1105 659 Β.
1122 631 1283 658 Παντάπασι
1301 631 1350 666 μὲν
1367 628 1423 658 οὖν.

1073 679 1106 705 Α.
1125 675 1201 704 οἶδεν
1224 675 1271 704 οὖν
1299 677 1355 713 ἄρα
1379 677 1410 704 τὸ
1434 676 1547 712 Πνεῦμα
1574 675 1621 704 τοῦ
1648 675 1719 703 Θεοῦ
1748 675 1785 702 τὰ
1810 676 1838 702 ιν

1038 724 1124 760 αὐτῷ,
1138 724 1187 751 καὶ
1198 723 1274 751 οὐδὶν
1287 724 1362 759 αὐτῴ
1381 724 1573 760 κεκρυμμένον
1589 723 1606 759 ἢ
1619 723 1803 759 ἁσυμφανές;

1074 772 1104 798 Β.
1119 769 1179 798 Οἵδε
1192 779 1200 786 ·
1216 770 1343 806 πῶςγὰρ
1357 771 1409 803 οὓς

1072 817 1105 843 Δ.
1124 816 1211 851 Εἴπερ
1226 815 1273 843 οὖν
1288 816 1389 842 ἔστιτὸ
1399 815 1514 851 Πνεῦμα
1527 815 1574 842 τοῦ
1587 815 1693 850 Πατρδς
1709 814 1778 841 ἴδιον
1792 814 1838 841 τοῦ

1039 862 1117 894 Υίοῦ,
1141 862 1199 894 πῶς
1222 862 1351 897 ἀγνοήσει
1367 870 1394 889 τι
1415 862 1470 889 τῶν
1491 863 1520 889 ὲν
1543 861 1603 896 Θεῷ
1622 860 1838 896 κεκρυμμένων,

1005 901 1025 929 Β
1040 909 1105 936 ἴδιον
1122 908 1192 944 ἔχων
1207 908 1289 940 αὐτὸς
1301 907 1333 935 τὸ
1346 907 1470 944 Πνεῦμα,
1486 908 1517 935 τὺ
1527 908 1616 935 πάντα
1630 907 1701 938 είδὸς
1713 907 1748 933 τὰ
1756 906 1786 933 ὲν
1802 906 1839 941 τῷ

1041 954 1147 990 Πατρί;
1170 953 1261 981 καίτοι
1287 953 1413 988 λέγοντος
1434 954 1527 981 ἀκούω
1547 954 1638 989 σαφῶς
1662 954 1720 985 τοῖς
1749 952 1840 986 ἁγίοις

1040 1000 1210 1032 ἀποστόλοις,
1232 1009 1242 1026 ς
1257 1000 1319 1026 Ἔτι
1338 999 1425 1028 πολλὰ
1441 999 1495 1034 ἔχω
1516 999 1581 1034 ὑμῖν
1604 998 1705 1033 λέγειν,
1728 998 1788 1025 ἀλλ’
1807 997 1838 1024 οὐ

1039 1045 1154 1073 δύνασοε
1169 1044 1316 1080 βαστάζειν
1339 1044 1413 1080 ἄρτι.
1438 1044 1522 1072 Ὅταν
1537 1044 1566 1071 δὲ
1583 1043 1648 1080 ἔλθῃ
1671 1045 1789 1074 ἐκεῖνος,
1809 1043 1840 1069 τὸ
1859 1038 1864 1042 ”

1040 1092 1153 1128 Πνεῦμα
1167 1092 1216 1127 τῆς
1224 1090 1365 1127 ἀληθείας,
1380 1091 1510 1126 ὁδηγήσει
1530 1091 1602 1126 ὑμᾶς
1615 1091 1656 1122 εἰς
1677 1090 1772 1116 πᾶσαν
1791 1089 1839 1124 τὴν

1040 1138 1190 1173 ἁλήθειαν’
1217 1138 1248 1165 οὺ
1274 1137 1330 1173 γὰρ
1354 1137 1467 1172 λαλήσει
1492 1137 1539 1172 ἀφ’
1562 1137 1672 1169 ἑαυτοῦ,
1703 1136 1762 1164 ἀλλ’
1792 1136 1840 1162 ὅσα

1040 1183 1162 1216 ἀκούσει,
1179 1183 1302 1219 λαλήσει,
1328 1183 1375 1210 καὶ
1397 1183 1431 1210 τὰ
1451 1183 1587 1218 ἐρχόμενα
1601 1182 1747 1216 ἀναγγελιῖ
1764 1182 1838 1216 ὑμῖν.

1047 1229 1166 1262 Ἐκεῖνος
1181 1230 1232 1265 ὲμὲ
1247 1229 1366 1263 δοξάσει,
1383 1229 1423 1255 ὅτι
1443 1230 1476 1255 ὲκ
1489 1227 1537 1255 τοῦ
1551 1228 1618 1264 ἐμοῦ
1639 1228 1768 1263 λήψεται,
1793 1228 1840 1254 καὶ

1041 1276 1189 1310 ἀναγγελεῖ
1201 1276 1276 1311 ὑμῖν.
1292 1284 1302 1301 ι
1317 1273 1393 1311 Ἀρά
1410 1283 1451 1301 σοι
1469 1275 1552 1308 σαφὲς
1569 1274 1598 1301 τὺ
1617 1274 1767 1309 παροισθέν
1782 1275 1840 1300 ἐστι

1041 1322 1142 1356 λόγιον,
1161 1323 1208 1349 καὶ
1220 1321 1432 1357 προσδεδορκας,
1454 1321 1496 1348 ὅτι
1512 1319 1628 1354 Πνεῦμα
1642 1319 1693 1354 μὲν
1708 1319 1839 1354 ἀληθείας

1042 1367 1220 1402 κατωνόμασε
1231 1366 1276 1393 τὸν
1289 1365 1479 1402 Παράκλητον,
1493 1365 1544 1401 ἔφη
1556 1374 1587 1400 γε
1600 1365 1653 1400 μὴν
1663 1365 1702 1397 ὡς
1717 1365 1839 1400 πρόεισιν

1042 1413 1074 1438 ὲκ
1103 1411 1230 1446 Πατρδς,
1260 1411 1313 1438 ῐδια
1337 1411 1426 1438 πάντα
1459 1410 1565 1442 δεικνὺς
1599 1410 1695 1436 ἑαυτοῦ
1732 1409 1766 1436 τὰ
1794 1408 1837 1434 τοῦ

1043 1459 1172 1494 Πατρόςί

1078 1548 1109 1575 Β.
1125 1548 1242 1583 Ἀριστα
1254 1547 1333 1584 ἔφης.

1005 1575 1028 1605 c
1078 1595 1110 1622 Α.
1129 1575 1169 1620 Τὸ,
1189 1594 1218 1622 δὲ
1239 1575 1281 1630 δὴ.
1300 1575 1418 1629 μάλιστα
1435 1593 1637 1628 καταγέλαστον
1654 1593 1775 1628 ἀληθῶς,
1794 1594 1839 1620 καὶ

1040 1640 1239 1674 διεπτυσμένην
1254 1640 1365 1672 εἰκότως
1384 1640 1438 1666 τῶν
1452 1639 1602 1671 διεναντὶας
1624 1639 1777 1673 ἀποφαῖνον
1792 1640 1839 1673 τὴν

1040 1686 1118 1718 δόξαν
1131 1685 1208 1712 οὐδὲν
1218 1683 1300 1721 ἦττον
1311 1686 1343 1712 ἄν
1354 1694 1396 1717 τις
1408 1686 1456 1712 καὶ
1465 1685 1507 1711 διὰ
1520 1685 1615 1711 τούτου
1630 1685 1723 1720 μάθοι.
1739 1685 1775 1711 Τὸ
1788 1685 1839 1719 γὰρ

1042 1733 1149 1766 ἀγνοεῖν
1166 1731 1273 1758 οἴεσθαι
1287 1731 1317 1758 τὸ
1334 1731 1405 1758 οὓτω
1421 1731 1508 1767 βραχὺ
1529 1731 1574 1757 τὸν
1597 1731 1630 1758 ἐκ
1645 1730 1713 1757 Θεοῦ
1735 1731 1839 1766 Πατρὸς

1043 1778 1129 1813 φύντα
1146 1787 1175 1805 τε
1189 1779 1235 1805 καὶ
1254 1777 1474 1813 ἀπαστράψαντα
1491 1778 1590 1812 Λόγον,
1613 1778 1644 1804 τὸ
1656 1777 1838 1812 ἀπαύγασμα,

1041 1825 1092 1859 τὴν
1105 1825 1207 1855 εἰκόνα,
1217 1824 1262 1851 τὸν
1273 1824 1322 1860 τῆς
1333 1824 1508 1855 ὑποστάσεως
1521 1823 1685 1859 χαρακτῆρα
1696 1823 1842 1859 λαμπρὸν,

1042 1871 1087 1898 τὸν
1117 1871 1226 1898 ὶσοκλεᾶ.
1249 1872 1296 1898 καὶ
1318 1871 1476 1906 ὁμόθρονον,
1500 1871 1529 1897 ἐν
1552 1867 1574 1905 ᾧ
1600 1871 1703 1902 πάντες
1726 1871 1796 1896 εἰσὶν
1815 1871 1838 1896 οι

1043 1916 1176 1951 θησαυροὶ
1200 1917 1251 1952 τῆς
1266 1916 1362 1950 σοφίας
1376 1915 1424 1943 καὶ
1437 1915 1564 1950 γνώσεως
1581 1915 1750 1950 ἁπέκρυφοι,
1769 1915 1838 1942 καθὰ

1042 1962 1208 1997 γέγραπται,
1223 1962 1288 1997 ὃσην
1299 1961 1331 1989 ἂν
1347 1962 1439 1994 αὐτοῖς
1454 1962 1501 1988 καὶ
1515 1961 1587 1997 μάλα
1598 1961 1714 1993 εἰκότως
1727 1961 1777 1996 τὴν
1792 1961 1838 1996 τῆς

1043 2008 1158 2035 εἰσάπαν
1171 2008 1334 2044 ἀϐελτηρίας
1351 2008 1513 2043 ὲμποιήσειε
1529 2007 1608 2041 δόξαν
1622 2016 1630 2040 ;

1079 2055 1109 2081 Β.
1133 2055 1176 2086 Ὠς
1191 2054 1321 2088 πλείστην
1340 2054 1415 2089 ὅσην.

1081 2101 1115 2127 Λ.
1136 2099 1206 2126 Ἀλλ’
1221 2100 1275 2127 οὐδ’
1289 2100 1322 2127 ἃν
1338 2100 1420 2127 αὑτὸν
1434 2099 1510 2135 οἶμαί
1528 2109 1578 2127 που
1599 2100 1645 2126 τὸν
1662 2100 1776 2136 Πατέρα
1791 2101 1835 2127 καὶ

1043 2146 1120 2178 Θεὸν,
1147 2145 1212 2179 ὑγιᾶ
1241 2145 1291 2180 τὴν
1317 2145 1420 2172 οἰκείαν
1437 2146 1633 2173 ἀνασώσασθαι
1652 2146 1744 2179 δόξαν,
1763 2148 1839 2181 εἴπερ

1043 2191 1163 2226 ἠγνόηκε
1182 2200 1209 2217 τι
1230 2191 1302 2218 κατὰ
1323 2192 1354 2218 τὸ
1373 2191 1474 2227 ἀληθὲς
1496 2193 1512 2227 ἡ
1537 2191 1620 2227 βουλὴ
1647 2193 1695 2219 καὶ
1726 2194 1744 2228 η
1763 2194 1838 2227 σοφία

1010 2247 1032 2274 ι)
1046 2237 1138 2264 αὐτοῦ.

1082 2283 1112 2308 Β.
1131 2282 1274 2317 Σύμφημι,
1300 2282 1338 2314 ὡς
1369 2283 1441 2315 ἄπας
1466 2292 1508 2315 τις
1529 2281 1586 2316 οὖν,
1608 2283 1679 2317 ὅπερ
1699 2284 1734 2310 ἃν
1756 2284 1837 2319 εἰδείη

1044 2327 1134 2362 τυχὸν,
1147 2327 1250 2354 είσεταὶ
1262 2335 1312 2354 που
1323 2328 1442 2361 πάντως,
1456 2329 1487 2355 οὐ
1501 2329 1561 2364 δίχα
1573 2329 1671 2365 βουλῆς
1683 2330 1732 2357 καὶ
1746 2331 1837 2364 σοφίας

1044 2374 1093 2409 τῆς
1106 2373 1213 2400 ἑαυτοῦ.

1077 2419 1111 2446 Α.
1127 2416 1209 2453 Εὖγε,
1224 2416 1247 2446 ὧ
1266 2419 1393 2455 φιλότης·
1412 2421 1512 2456 πρέποι
1531 2420 1587 2456 γὰρ
1609 2422 1643 2448 ἂν
1664 2421 1716 2457 οὐχ
1740 2422 1837 2457 ἑτέρως

1043 2465 1060 2501 ἢ
1088 2462 1140 2492 ὧδε
1171 2467 1291 2501 φρονεῖν,
1327 2467 1390 2499 τοὺς
1416 2468 1465 2503 τῆς
1490 2467 1619 2503 ἀληθείας
1651 2469 1837 2500 ὑπασπιστάς.

1044 2512 1180 2548 Παρέντες
1204 2511 1237 2548 δὴ
1259 2510 1317 2546 οὖν,
1339 2513 1369 2540 τὸ
1389 2515 1525 2549 περιττοῖς
1542 2514 1582 2541 ἑτι
1598 2515 1646 2541 καὶ
1669 2517 1787 2550 μακροῖς
1796 2517 1838 2541 ὲν-

1050 2558 1238 2594 διατρίὸεαθαι
1262 2559 1364 2594 λόγοις,
1388 2560 1431 2586 ἐπ’
1455 2561 1543 2588 ἐκεῖνο
1569 2562 1666 2596 ἴωμεν.
1694 2562 1777 2593 Ἐοος
1802 2562 1838 2596 τῷ

1045 2604 1152 2640 Σωτῆρι
1179 2605 1291 2641 Χριστῷ
1319 2605 1422 2632 τοιόνδε
1450 2615 1477 2632 τι
1502 2607 1569 2642 δρᾷν
1594 2608 1641 2634 ἐπὶ
1666 2609 1724 2640 τοῖς
1755 2608 1838 2642 ἁγίοις

1044 2644 1164 2685 μάλιστα
1180 2652 1333 2687 μαθηταῖςο
1356 2653 1380 2679 εί
1402 2652 1625 2680 διαπυνθανοιντό
1651 2663 1678 2681 τι
1700 2655 1766 2685 τῶν,
1790 2655 1837 2680 ὅσα

1043 2695 1102 2723 ἐστὶ
1129 2698 1307 2732 φιλομαθείας
1330 2698 1379 2733 μὲν
1397 2698 1492 2733 ἔχοντα
1512 2699 1599 2732 δόξαν,
1620 2700 1790 2736 ὑψηλοτέρας
1807 2709 1836 2734 γε

1045 2742 1098 2777 μὴν
1113 2743 1226 2779 ἐρεύνης
1247 2743 1456 2779 ἀπηλλαγμένα,
1481 2746 1641 2781 χαρίζεσθαι
1663 2748 1714 2782 τὴν
1733 2747 1836 2782 ἀφήγη-

1045 2797 1097 2822 σιν,
1113 2790 1159 2816 καὶ
1180 2790 1344 2826 ἐξακριϐοῦν
1359 2791 1400 2819 ὅτι
1418 2793 1536 2827 μάλιστα
1551 2793 1700 2828 πειρᾶσθαι
1716 2793 1835 2825 λεπτῶς·

1010 2875 1056 2902 15.
1092 2876 1114 2892 ’⁸
1127 2875 1230 2904 Coloss.
1249 2885 1278 2910 ιι,
1296 2878 1322 2905 5.

1827 2917 1845 2934 ῑι
