1937 3036
107 191 180 220 1075

640 192 683 219 DE
703 192 752 220 SS.
775 191 963 221 TRlNlTATE
983 194 1157 224 DIALOGUS
1178 193 1220 222 \‘l.

1668 195 1735 222 10H

104 248 130 273 εί
143 247 173 274 δὲ
186 248 220 284 δή
237 257 264 274 τι
278 248 414 283 βούλοιντο
428 249 480 275 τῶν
496 249 624 276 ἐπέκεινα
647 250 748 286 μέτρου
765 250 813 278 τοῦ
829 251 900 278 κατά

954 253 1116 288 reprimebat
1142 258 1169 281 et
1199 253 1404 288 diligentissime
1432 251 1610 287 persuadebat
1642 258 1670 279 ut
1697 260 1728 286 ea

105 295 182 329 σφᾶς
216 294 314 327 αὐτοὺς
344 295 479 329 περιττῶς
510 295 671 331 ἀναμαθεῑν,
709 297 900 324 καταστέλλειν

104 340 208 375 ἡσυχῆ.
232 339 279 366 καὶ
309 340 484 376 μεταπείθειν
509 339 538 368 εὖ
562 342 634 377 μάλα
661 342 900 379 πολυπραγμονεῖν

104 387 217 415 ἑλέσθαι
237 386 271 413 τὰ
293 388 515 424 πρεπωδέστερα,
533 389 580 415 καὶ¹
596 389 663 424 δρᾷν
679 389 725 416 ἐπὶ
737 389 835 425 τούτῳ,
850 391 900 422 τὰς

103 431 138 458 δι’
158 428 254 468 ὧνπερ
270 432 304 459 ἂν
322 433 443 467 γένοιντο
460 434 629 468 περιφανεῖς,
650 434 697 460 καὶ
710 434 900 470 ὲκπρεπεστάε

103 485 155 512 την
171 477 281 512 ἔχοντες
297 478 347 513 τὴν
361 478 390 512 εξ
404 478 493 514 ἔργων
510 479 619 512 ἀγαθῶν
640 479 806 515 φαιδρότητα
825 480 901 515 παρὰ

104 524 176 559 Θεῷ.
198 523 358 559 Ἐλομένους
370 524 518 559 τοιγαροῦν
537 525 587 551 οὐκ
606 523 653 551 οἵδ’
675 526 759 557 ὅπως,
776 526 812 553 τὰ
830 527 900 562 ὑπὲρ

106 569 208 604 μέτρον
222 569 357 596 οἰκετικὸν
374 569 484 605 ἐρέσθαι
498 577 528 596 τε
549 569 597 596 καὶ
610 569 770 604 ἀναμαθεῖν,
788 570 900 606 ἠρεμεῖν

104 615 266 649 ἀναπείθει,
294 615 433 651 λογισμοῖς
467 615 626 650 ἀναγκαίοις
656 616 830 648 ὲκδυσωπῶν,
859 617 900 644 ὅτι

107 662 177 697 μήτε
197 662 323 697 ἀγγέλοις
344 662 518 697 ἀπεκάλυψεν
539 663 554 689 ὁ
577 663 681 698 Πατὴρ,
701 662 762 698 μηδ’
778 663 811 690 ἂν
826 663 901 699 αὐτῷ

104 709 143 743 τῷ
153 708 213 743 Υἱῷ
229 709 343 745 καθίστη
362 708 509 745 γνώριμον,
528 708 608 744 εῖπερ
631 718 672 741 τις
687 709 730 745 εἴη
747 709 834 744 ψιλὸς,
852 709 900 736 καὶ

104 755 166 781 κατ’
187 755 287 786 αὐτοὺς
305 754 448 790 ἄνθρωπος
463 755 510 781 ἐπὶ
530 755 592 790 γῆς,
610 756 657 782 καὶ
675 755 724 782 οὐκ
736 755 806 791 ἔχων
818 755 900 790 φύσει

103 799 134 825 τὸ
146 797 219 826 εἶναι
237 800 312 832 Θεός.
340 801 525 836 Ἐγκειμένοις
548 801 578 828 δέ
595 810 647 828 που
663 801 710 829 καὶ
725 803 900 838 ἑνεστηκόσιν

104 846 143 877 εἰς
156 845 187 872 τὸ
202 846 258 872 δεῖν
273 846 433 882 ἀναμαθεῖν,
460 847 542 874 οἱονεί
557 857 616 880 πως
636 849 687 885 ήδη
708 849 755 876 καὶ
773 850 898 885 ἐπιτιμᾷ,

105 891 191 925 λέγων
201 900 208 908 ’
226 892 297 927 «Οὐχ
310 892 386 928 ὑμῶν
394 894 453 919 ἐστι
461 892 680 929 γνῶναιχρόνους
692 895 709 930 ἢ
720 896 842 931 καιροὺς,
854 895 899 927 οὓς

951 303 1104 333 qitzererent
1120 307 1178 334 qua:
1195 298 1282 334 magis
1301 298 1511 331 conveniebant,
1524 303 1552 324 et
1566 305 1648 332 opera
1663 297 1732 324 bona

951 344 1071 372 facerent
1083 353 1131 380 per
1145 352 1206 380 quae
1221 345 1292 379 apud
1305 345 1391 372 Deum
1407 344 1513 371 laudem
1526 348 1554 371 et
1570 343 1734 371 convenien-

951 394 1003 417 tem
1019 389 1132 425 gloriam
1148 391 1313 418 obtinerent.
1336 390 1421 425 igitur
1437 398 1497 417 cum
1522 397 1565 417 res
1590 396 1671 424 supra
1689 396 1735 416 ca-

953 441 1028 470 ptum
1044 444 1122 463 suum
1139 437 1232 464 nescio
1245 437 1381 471 quomodo
1397 436 1512 464 scrutari
1530 444 1562 463 ac
1573 435 1676 463 discere
1689 441 1736 461 vo-

951 482 1020 516 lunt,
1045 482 1141 510 sistere
1158 483 1274 515 suadet,
1303 482 1467 510 necessariis
1490 481 1660 517 argumentis
1675 480 1736 507 illos

951 527 1072 560 flectens,
1091 526 1162 562 quod
1177 534 1264 561 neque
1280 526 1381 561 angelis
1398 526 1525 554 revelarit
1542 525 1635 557 Pater,
1650 531 1736 558 neque

951 573 1001 608 ipsi
1027 572 1096 600 Filio
1113 572 1287 600 manifestum
1312 572 1425 605 fecerit,
1448 571 1581 606 siquidem
1602 571 1637 598 sit
1655 570 1736 598 homo

951 618 1064 653 simplex
1084 618 1177 653 eisque
1198 618 1314 651 similis',
1343 625 1392 646 nec
1418 618 1454 646 sit
1467 622 1564 645 natura
1581 616 1662 643 Deus.
1682 616 1736 644 Ur—

951 669 1046 700 gentes
1061 669 1163 696 autem,
1186 671 1218 692 ac
1242 671 1323 699 porro
1336 663 1469 691 instantes
1486 667 1516 689 ut
1530 669 1562 689 ea
1584 661 1635 689 sibi
1651 660 1736 695 expli-

950 716 1090 742 carentur,
1109 710 1181 744 ipsos
1191 710 1299 738 demum
1309 708 1507 744 quodammodo
1516 708 1648 742 increpat,
1655 707 1738 742 630

949 756 1042 783 dicens
1056 764 1064 783 :
1085 765 1094 782 ι
1114 755 1171 782 Νοη
1184 759 1226 783 est
1240 759 1360 782 vestrum
1377 761 1457 782 nosse
1475 758 1597 788 tempora
1612 752 1654 780 vel
1679 760 1737 779 mo-

950 807 1040 829 menta
1057 809 1118 836 quas
1132 801 1211 829 Pater
1226 801 1315 837 posuit
1333 801 1359 827 in
1374 804 1509 834 potestate
1525 807 1585 831 sua,
1605 799 1652 826 sed
1664 798 1736 825 acci-

951 847 1030 882 pictis
1053 849 1180 875 virtutem
1209 846 1426 881 supervenientis
1459 846 1578 880 Spiritus
1597 845 1684 872 sancti
1709 844 1735 872 in

950 901 1009 926 vos,
1033 898 1061 920 et
1075 893 1151 920 eritis
1169 892 1234 919 mihi
1247 897 1330 920 testes
1343 893 1371 919 in
1396 891 1559 923 Jerusalem,
1574 895 1601 919 et
1619 891 1645 918 in
1663 892 1736 918 omni

105 938 118 963 ὁ
135 937 230 972 Πατὴρ
245 937 322 964 ἔθετο
348 939 377 965 ὲν
402 939 434 975 τῇ
461 938 514 975 ἰδίᾳ
540 939 659 976 ἐξουσία,
687 940 755 967 ἀλλὰ
782 940 899 976 λήψεσθε

953 939 1053 972 ludam,
1069 944 1096 967 et
1110 939 1244 972 Samaria,
1259 943 1286 966 et
1302 946 1386 973 usque
1399 938 1432 966 ad
1447 938 1569 965 ultimum
1583 942 1662 964 terra:
1675 937 1710 963 ".
1724 945 1734 962 ι

105 983 221 1018 δύναμιν
238 984 399 1016 ἐπελθόντος
414 984 462 1012 τοῦ
482 985 560 1020 ἁγίου
582 985 739 1021 Πνεΰματος
755 987 798 1021 ἐφ’
816 987 898 1022 ὑμᾶς,

75 1045 81 1051 -
105 1029 152 1056 καὶ
182 1029 279 1058 ἔσεσθέ
306 1039 351 1066 μοι
375 1031 523 1067 μάρτυρες,
543 1032 572 1058 ἔν
594 1041 623 1059 τε
650 1032 828 1068 Ἰερουσαλὴμ
852 1033 899 1059 καὶ

109 1074 374 1111 ἐνπάσῃτῇΊουδαίᾳ
398 1077 445 1103 καὶ
467 1078 619 1114 Σαμαρείᾳ,
642 1079 690 1105 καὶ
710 1078 762 1110 ἕως
784 1079 898 1114 ἐσχάτου

105 1121 152 1157 τῆς
165 1123 229 1157 γῆς.
240 1131 249 1148 ι
266 1123 358 1158 Ὁρᾷς,
376 1123 449 1155 ὅπως
463 1124 563 1159 ἥκιστα
578 1125 626 1160 μὲν
634 1124 689 1151 δεῖν
702 1125 899 1161 πολυπραγμο-

106 1168 159 1194 νεῖν
171 1169 312 1196 ἐπιτάττει
330 1168 364 1196 τὰ
378 1169 448 1204 ὑπὲρ
466 1170 536 1204 σφᾶς
549 1171 658 1204 αὐτοὺς,
682 1170 860 1206 μετακομίζει
872 1171 900 1198 δὲ

105 1212 196 1249 ὥσπερ
209 1214 257 1241 ἐπὶ
276 1214 306 1241 τὺ
324 1215 353 1241 ὲν
367 1215 445 1250 χερσί
458 1224 487 1242 τε
505 1217 552 1243 καὶ
566 1217 812 1253 πρεπωδέστερονς
834 1218 900 1253 δρᾷν

106 1259 157 1296 γὰρ
181 1259 262 1288 τοῦτο
287 1260 346 1294 ἔθος
370 1261 465 1296 αὐτῷ·
497 1263 545 1289 καὶ
570 1262 636 1295 γοῦν
658 1263 703 1289 τὸν
728 1264 761 1290 ὲκ
788 1264 900 1299 γενετῆς

106 1305 202 1339 τυφλὸν
218 1306 419 1341 προσεκόμιζόν
430 1315 496 1334 ποτε
509 1306 563 1334 τῶν
575 1307 654 1343 ἱερῶν
667 1307 769 1344 ἀρτίως
779 1308 900 1335 ἐκθέοντι

108 1351 258 1387 περιϐόλων
278 1352 303 1379 οἱ
325 1352 465 1380 θεσπέσιοι
488 1353 618 1389 μαθηταὶ,
636 1351 696 1380 εἶτα
721 1354 810 1388 δόξαις
836 1355 900 1381 Ἰου-

107 1396 210 1428 δαΐκαῖς
229 1397 492 1430 κατακολουθοῦντες
511 1397 561 1431 ἔτι,
580 1397 758 1433 φιλομαθείας
772 1397 900 1425 ὑπόθεσιν

107 1441 244 1469 ἐποιοῦντο
254 1442 300 1469 τὸν
312 1442 463 1478 ἄρρωστον,
473 1443 520 1470 καὶ
531 1443 563 1479 δὴ
579 1443 626 1470 καὶ
637 1443 781 1478 ἕφασκον,‹
792 1443 898 1477 Ῥασϐὶ,

107 1487 146 1520 τίς
168 1489 302 1524 ἥμαρτεν,
324 1485 413 1521 οὗτος,
431 1489 448 1526 ἦ
465 1490 490 1516 ot
509 1490 596 1524 γονεῖς
615 1488 710 1522 αὑτοῦ,
734 1489 778 1516 ἵνα
800 1489 900 1525 τυφλὸς

108 1534 220 1571 γεννηθῇ
235 1543 242 1568 ;
256 1545 265 1561 ι
286 1535 395 1571 Ἐπειδὴ
406 1535 434 1562 δὲ
449 1536 591 1571 χριμάτων
608 1536 726 1572 ἥπτοντο
746 1535 836 1569 θείων,
853 1535 900 1566 καὶ

108 1580 136 1607 τὸ
151 1579 236 1613 οὕτως
259 1581 369 1612 ἀστιὸὲς
390 1581 438 1608 καὶ
454 1581 614 1616 δυσέφικτον
630 1580 795 1616 ἀνθρώποις,
814 1589 899 1608 κατα-

108 1625 269 1660 τρανοῦσθαί
295 1635 386 1661 σφισιν
410 1627 503 1659 αὐτοῖς
522 1627 569 1654 καὶ¹
591 1627 662 1663 πέρα
681 1626 729 1653 τοῦ
750 1626 900 1663 πρέποντος

111 1671 192 1703 ἰόντες
210 1671 400 1708 ἐξελιπὰρουν,
428 1672 542 1708 μεθίστη
570 1671 651 1699 πάλιν
672 1672 774 1705 αὐτοὺς,
797 1671 843 1699 ἐπὶ
870 1671 900 1699 τδ

110 1719 213 1753 φρονεῖν
230 1718 340 1745 ἑλέσθαι
354 1719 387 1746 τὰ
401 1718 534 1752 οὶκετικά,
550 1719 598 1746 καὶ
609 1718 659 1754 τῆς
674 1717 744 1754 ὑπὲρ
758 1717 900 1754 ἄνθρωπον

111 1765 233 1798 γνώσεως
260 1766 401 1799 ἀπεσόϐει,
420 1766 468 1793 καὶ
491 1766 633 1802 φιλεργίας
655 1766 764 1801 ἔχεσθαι
787 1766 900 1802 μᾶλλον,

110 1810 153 1837 καὶ
181 1811 292 1845 ἀγαθῶν
321 1811 536 1847 σπουδασμάτων
559 1811 775 1847 μετεπαίδευσε,
801 1811 898 1846 λέγων,

113 1856 201 1884 «Οὔτε
220 1854 298 1890 οὗτος
314 1858 450 1894 ἥμαρτεν,
476 1857 538 1885 οὔτε
561 1858 586 1885 ol
610 1859 699 1893 γονεῖς
723 1857 817 1891 αὐτοῦ,
841 1858 899 1885 ἀλλ’

110 1901 152 1929 ἵνα
169 1903 314 1939 φανερωθῇ
327 1903 362 1930 τὰ
374 1903 443 1939 ἔργα
462 1902 510 1930 τοῦ
531 1902 598 1930 Θεοῦ
611 1903 640 1929 ὲν
653 1901 735 1937 αὐτῷ.
761 1902 792 1929 Ἦ
797 1903 849 1938 μᾶς
862 1903 903 1931 δεῖ

110 1947 270 1982 ἐργάζεσθαι
285 1948 319 1975 τά
331 1949 398 1984 ἔργα
408 1948 456 1976 τοῦ
477 1948 633 1985 πέμψαντος
644 1949 728 1984 ἡμᾶς,
747 1948 799 1980 ἕως
809 1949 902 1984 ἡμέρα

111 1994 180 2021 ἐστίν
191 2003 198 2010 ·
215 1995 324 2031 ἔρχεται
340 1995 398 2028 νὺξ,
416 1996 458 2023 ὅτε
470 1996 558 2027 οὐδεὶς
567 1995 679 2022 δύναται
697 1994 872 2030 ἐργάξεσθαι,
890 2004 900 2021 ›

116 2039 244 2073 ’Λκοὺεις,
259 2041 331 2073 ὅπως
348 2041 495 2078 ἀνῃρηκὼς
506 2041 555 2077 τὴν
574 2041 654 2075 δόξαν
668 2039 706 2073 ὡς
725 2039 840 2076 ἀκαλλῆ,
856 2040 903 2068 καὶ

111 2087 167 2118 ταῖς
187 2087 323 2128 Ἰουδαίων
344 2088 476 2123 ἀμαθίαις
499 2086 740 2128 πρεπωδεοτέραν,
757 2086 787 2114 τὸ
801 2086 903 2123 χρῆναι

953 986 1051 1014 Cernis
1067 993 1121 1020 quo
1134 989 1212 1020 pacto
1227 985 1350 1019 praecipit
1372 991 1403 1012 ea
1428 991 1487 1019 quae
1505 987 1611 1018 captum
1630 982 1736 1009 illorum

951 1037 1081 1067 superant
1108 1040 1161 1059 non
1186 1039 1249 1059 esse
1273 1031 1408 1058 curiosius
1430 1029 1593 1065 indaganda,
1616 1028 1662 1056 sed
1691 1035 1738 1056 eos

951 1078 1150 1114 quodammodo
1167 1076 1296 1105 transfert
1312 1076 1345 1104 ad
1361 1076 1424 1104 illud
1447 1077 1518 1111 quod
1534 1083 1589 1110 prze
1612 1075 1738 1102 manibus

951 1130 992 1152 est
1007 1132 1039 1152 ac
1055 1123 1281 1152 convenientius?
1297 1123 1348 1151 hoc
1357 1123 1430 1150 enim
1446 1122 1504 1158 ipse
1515 1122 1603 1149 facere
1622 1121 1737 1149 solebat.

951 1170 984 1198 Et
1002 1174 1076 1198 certe
1092 1170 1176 1197 divini
1195 1169 1322 1204 discipuli
1347 1175 1450 1197 caecum
1467 1176 1480 1195 a
1495 1167 1637 1195 nativitate
1656 1166 1738 1193 obtn~~

952 1215 1091 1248 leruntei,
1114 1223 1174 1243 cum
1199 1223 1215 1243 e
1237 1215 1323 1243 sacris
1344 1214 1487 1242 vestibulis
1511 1220 1607 1241 recens
1625 1212 1738 1244 exiret,

952 1262 1074 1297 adeoque
1101 1261 1231 1289 'Judaicas
1244 1261 1386 1296 opiniones
1410 1260 1497 1288 adhuc
1519 1263 1682 1294 sequentes,
1699 1257 1739 1285 di-

952 1309 1045 1338 scendi
1059 1316 1152 1336 ansam
1173 1307 1349 1343 arripuerunt
1370 1315 1402 1334 ex
1427 1312 1510 1342 aegro,
1528 1312 1560 1333 ac
1584 1304 1731 1332 dicebant:

954 1365 964 1382 ι
983 1355 1079 1389 Rabbi,
1097 1354 1157 1390 quis
1180 1353 1303 1389 peccavit
1320 1352 1377 1385 hic,
1393 1356 1441 1379 aut
1461 1355 1588 1386 parentes
1612 1349 1689 1385 ejus,
1710 1353 1740 1376 ut

952 1409 1040 1429 cacus
1050 1404 1209 1429 nasceretur
1223 1399 1246 1416 ”
1261 1399 1273 1426 ’ἶ
1293 1408 1302 1425 ι
1331 1398 1405 1427 Cum,
1423 1402 1512 1427 autem
1526 1395 1630 1431 judicia
1648 1395 1738 1424 divina

952 1447 1130 1481 attingerent,
1146 1449 1173 1472 et
1192 1451 1251 1473 rem
1265 1443 1333 1471 adeo
1351 1443 1518 1473 inaccessam
1529 1439 1673 1472 etinvism
1690 1439 1740 1467 ho-

953 1492 1071 1521 minibus
1096 1490 1235 1527 explanari
1257 1489 1309 1519 sibi
1334 1489 1417 1517 etiam
1436 1486 1504 1515 ultra
1526 1493 1606 1522 quam
1629 1484 1741 1512 decebat

953 1542 1093 1574 rogarent,
1110 1536 1241 1565 transfert
1256 1541 1354 1565 rursus
1370 1534 1447 1569 ipsos
1469 1533 1502 1565 ad
1518 1539 1561 1559 res
1578 1530 1739 1561 familiares.

952 1589 980 1612 et
991 1592 1006 1612 a
1017 1583 1171 1618 cognitione
1185 1588 1245 1616 quae
1266 1587 1347 1615 supra
1365 1578 1502 1606 hominem
1518 1581 1561 1605 est
1575 1576 1636 1604 illos
1651 1580 1739 1608 arcet,

952 1636 981 1659 et
995 1630 1091 1666 agendi
1107 1636 1181 1658 cura
1199 1627 1332 1662 bonisque
1351 1625 1448 1654 studiis
1468 1623 1558 1659 potius
1580 1621 1739 1650 incumbere

953 1677 1094 1709 hortatur,
1112 1675 1207 1703 dicens
1231 1680 1239 1700 :
1268 1681 1278 1699 ι
1308 1671 1404 1706 Neque
1427 1670 1473 1698 hic
1494 1668 1634 1705 peccavit,
1653 1673 1742 1702 neque

953 1727 1086 1758 parentes
1100 1719 1160 1755 ejus
1184 1729 1190 1747 :
1209 1719 1256 1748 sed
1269 1723 1300 1746 ut
1322 1717 1531 1745 manifestentur
1552 1720 1634 1749 opera
1652 1712 1699 1739 Dei
1714 1711 1741 1738 in

954 1769 1011 1797 illo.
1032 1767 1075 1796 lle
1098 1771 1206 1802 Oportet
1223 1764 1331 1801 operari
1354 1771 1437 1798 opera
1461 1761 1522 1797 ejus
1535 1760 1581 1796 qui
1598 1759 1671 1787 misit
1686 1766 1741 1790 me,

953 1815 1040 1842 donec
1050 1814 1107 1841 dies
1122 1817 1182 1841 est:
1196 1812 1270 1840 venit
1284 1818 1338 1839 nox
1351 1808 1461 1844 quando
1479 1814 1560 1836 nemo
1572 1809 1662 1841 potest
1674 1811 1742 1839 ope-

954 1860 1008 1888 rari
1024 1860 1057 1887 ".
1077 1868 1087 1885 ι
1114 1858 1200 1886 Audis
1228 1865 1282 1893 quo
1310 1859 1389 1892 pacto
1417 1854 1473 1883 illis
1495 1851 1669 1887 opinionibus
1692 1857 1742 1878 ceu

953 1904 1079 1932 absurdis
1092 1923 1100 1937 ,
1125 1908 1153 1931 et
1174 1902 1327 1932 Judazorum
1341 1900 1457 1929 inscitia:
1479 1897 1565 1933 magis
1580 1895 1743 1927 convenien-

955 1950 1026 1977 tibus
1042 1949 1158 1977 sublatis
1169 1968 1178 1981 ,
1197 1955 1245 1976 eos
1258 1951 1332 1975 recte
1346 1952 1428 1981 agere
1449 1944 1539 1979 potius
1563 1943 1641 1978 iubet
1659 1948 1741 1976 quam

954 2004 1014 2031 qua:
1027 2003 1107 2030 supra
1121 1995 1257 2023 hominem
1267 1997 1330 2022 sunt
1341 1991 1520 2028 perscrutari,
1532 1990 1630 2018 divinae
1645 1988 1742 2022 utique

955 2047 1059 2069 natura:
1070 2041 1191 2071 tribuens
1206 2040 1292 2069 solam
1307 2043 1336 2067 et
1351 2045 1385 2066 ex
1397 2044 1426 2065 se
1443 2036 1515 2065 scire
1529 2042 1590 2072 quae
1603 2033 1740 2070 perlicere

954 2088 1028 2116 velit.

112 2134 209 2169 μὶλλον
235 2126 426 2171 ἀγαθοεργεῖν,
450 2134 504 2163 τῶν
530 2126 601 2170 ὅπερ
619 2133 763 2170 ἄνθρωπον
787 2133 897 2162 ἐννοιῶν
924 2135 1084 2162 ἀνθελέσθαι
1102 2134 1218 2168 κελεύει,
1242 2134 1276 2170 τῇ
1296 2132 1357 2168 θείᾳ
1373 2139 1424 2161 που
1457 2129 1566 2163 πάντως
1599 2127 1744 2164 ἀπονέμων

112 2180 197 2215 φύσει,
216 2182 248 2208 τὸ
272 2182 372 2209 εἰδέναι
395 2182 464 2218 μόνη
486 2182 534 2209 καὶ¹
557 2181 620 2209 καθ’
643 2181 744 2218 ἑαυτὴν
772 2181 845 2218 ἀπερ
869 2181 902 2210 ἂν
920 2182 1006 2211 ἕλοιτο
1025 2182 1154 2220 πληροῦν.

144 2226 172 2253 B.
187 2224 223 2254 Εὖ
237 2227 337 2262 λέγεις.

145 2272 179 2300 A.
193 2272 298 2300 Οὐκοῦν
319 2273 369 2308 οὐχ
388 2272 489 2308 ἑτέρως
508 2272 718 2308 διακεισόμεθα,
741 2272 904 2308 φρονοῦντες

113 2315 206 2353 ὀρθῶς,
224 2319 241 2354 ἢ
262 2319 313 2352 ὅτι,
329 2319 375 2345 καί
390 2319 414 2345 εἰ
430 2318 490 2354 μεθ’
505 2318 583 2355 ἡμῶν
596 2318 729 2353 ἀγνοῆσαι
752 2318 860 2353 λέγεταί
879 2327 907 2345 τι

114 2363 180 2391 κατὰ
200 2364 230 2390 τὸ
245 2364 428 2400 ἀνθρώπινον,
451 2365 508 2392 ἀλλ’
531 2362 588 2398 οὖν,
612 2364 728 2400 ἐπείπερ
750 2364 809 2391 ἐστὶ
827 2364 904 2397 Θεὸς,

114 2405 163 2436 οἶδε
173 2410 261 2437 πάντα
278 2410 313 2437 τὰ
333 2410 381 2437 τοῦ
402 2410 510 2446 Πατρὺς
523 2411 538 2438 ό
551 2410 626 2443 Υἱὸς,
640 2410 674 2437 δι’
687 2409 716 2438 οὗ
735 2411 783 2438 καὶ
802 2411 861 2447 μεθ’
875 2407 906 2438 οὗ

115 2453 150 2488 τῷ
169 2455 226 2492 Θεῷ
244 2456 291 2483 καὶ
310 2457 398 2492 Πατρὶ
422 2457 438 2492 ὴ
460 2455 524 2491 δόξα
540 2457 589 2483 σὺν
610 2457 680 2492 ἁγίῳ
695 2456 846 2494 Πνεύματι,
866 2457 906 2489 εἰς

114 2500 174 2533 τοὺς
190 2502 291 2535 αἰῶνας
304 2502 359 2529 τῶν
376 2501 494 2531 αίώνων.
522 2502 618 2538 ’Δμήν.

149 2589 170 2604 ’⁷
184 2589 243 2619 Act.
266 2599 287 2624 ι,
302 2590 327 2624 ’1,
343 2591 370 2619 8.
407 2591 430 2607 ’⁸
444 2590 522 2619 Joan.
545 2597 581 2624 Ix,
603 2591 631 2618 ‘2.
670 2591 694 2607 "
712 2590 777 2618 ibid.
791 2590 820 2623 5,
837 2590 864 2620 4.

918 2229 940 2257 D
991 2230 1021 2257 Β.
1039 2229 1123 2257 Recte
1137 2228 1216 2257 dicis.

992 2273 1025 2301 A.
1040 2273 1172 2307 Quocirca
1188 2279 1240 2300 non
1252 2271 1334 2300 aliter
1349 2275 1513 2304 statuemus,
1533 2270 1557 2298 si
1573 2275 1650 2297 mens
1666 2272 1742 2296 recta

957 2319 1037 2347 nobis
1053 2323 1209 2354 est,quam,
1224 2318 1334 2346 tametsi
1360 2317 1503 2346 nobiscum
1530 2316 1657 2352 ignorare
1675 2313 1745 2342 dici-

958 2370 1003 2393 tur
1012 2365 1115 2400 aliquid
1129 2366 1234 2393 ratione
1254 2363 1443 2396 humanitatis,
1461 2366 1658 2393 verumtamen,
1681 2367 1744 2389 cum

957 2411 994 2439 sit
1008 2411 1089 2444 Deus,
1109 2417 1189 2438 nosse
1212 2409 1304 2437 omnia
1318 2417 1379 2444 quae
1390 2408 1479 2436 Patris
1491 2412 1554 2436 sunt
1569 2406 1677 2438 Filium,
1698 2412 1746 2440 per
1773 2403 1779 2410 “

957 2463 1038 2492 quem
1048 2461 1074 2484 et
1086 2462 1212 2490 cumquo
1229 2454 1285 2483 Deo
1297 2462 1329 2482 ac
1341 2454 1413 2483 Patri
1433 2454 1469 2482 sit
1479 2453 1565 2490 gloria
1578 2459 1640 2482 cum
1650 2455 1746 2479 sancto

959 2503 1073 2537 Spiritu,
1094 2502 1120 2529 in
1137 2501 1236 2531 smeula
1249 2501 1423 2530 seculorum.
1440 2501 1537 2529 Amen.
