1937 3036
94 170 168 198 1077

633 176 676 203 DE
697 176 747 204 SS.
768 175 956 205 ΤΒΙΝΙΤΑΤΕ
976 177 1151 207 DlALOGUS
1170 179 1222 207 νη.

1665 183 1731 210 10⁵18

91 226 172 261 ἥκει,
192 224 239 255 καὶ
258 229 289 255 τὸ
306 229 484 265 ὑπερκεῖσθαι
501 232 567 259 πολὺ
591 234 621 260 τὸ
635 235 683 269 τῆς
699 235 815 267 κτίσεως
839 236 887 271 μέ-

943 240 1072 264 ετοιιιιιητ
1088 237 1246 265 conditione
1260 238 1340 273 longe
1357 237 1543 265 sublimiorem
1563 242 1663 265 statum
1681 239 1729 266 ob-

92 280 163 308 ἐρον
177 273 285 309 διέλαχέ
296 283 326 301 τε
340 275 386 302 καὶ
402 276 587 312 ἐκληρώσατο.

133 318 166 345 Β.
187 320 244 346 Καὶ
264 320 306 352 τίς
322 320 356 348 ἂν
372 321 416 357 εῐη
432 321 524 350 λοιπὸν
539 324 656 358 ήτοιάδε
674 326 765 360 φύσις,
781 326 798 362 ἢ
822 327 890 362 μήτε

93 363 166 396 Θεός
183 365 253 396 ἐστι,
271 366 340 401 μήτε
356 367 409 402 μὴν
423 367 528 402 κτίσιςς
548 369 585 396 Τὸ
598 371 765 405 μεσολαϐοῦν
779 372 834 408 γὰρ
849 369 890 399 οῖ-

96 418 149 444 μαι
175 411 317 443 παντελῶς
338 412 423 440 οὐδέν.
442 414 500 441 Μία
515 415 569 451 γὰρ
581 417 597 451 ἡ
611 417 765 453 τελεωτάτη
789 419 890 454 μεταξὺ

93 454 227 491 διαφορὰ,
251 457 376 485 διῖστᾶσα
399 461 459 492 ταῖς
476 461 575 496 φύσεσι
591 463 658 490 Θεόν
677 473 708 490 τε
722 465 769 491 καὶ
789 465 890 497 κτίσιν,

95 501 145 528 καὶ
162 503 238 531 οὐδὲν
255 504 349 541 ἕτερον
360 506 390 533 ἔν
404 515 435 541 γε
455 509 511 540 τοῖς
526 506 596 536 εἶναι
611 512 851 547 πεπιστευμένοις,
874 513 890 548 ἢ

93 547 139 574 ὅτι
154 550 233 575 ταυτὶ
254 550 302 576 καὶ
324 551 392 586 μόνα
415 553 587 589 καταθρήσαι
601 563 643 586 τις
659 555 701 582 ἄν.
722 556 758 583 Ἦ
773 557 847 592 πέρα
865 547 891 583 τι

95 593 201 622 τούτων
219 596 301 629 αὐτὸς
323 597 363 624 ὅτι
383 599 435 634 χρὴ
455 600 616 635 προσίεσθαι
632 601 724 638 διανοῇ
739 610 747 635 ;

135 687 171 715 Δ.
182 687 303 715 Ἦκιστα
315 689 365 724 μὲν
377 686 434 722 οὖν,
448 687 470 717 ὦ
484 691 591 727 ἑταῖρε·
608 692 698 720 πάντα
710 693 766 729 γὰρ
779 693 814 721 δι’
824 695 891 722 Υῑοῠ

97 733 268 768 πεποιῆσθαί
290 743 378 770 φησιν
396 737 413 772 ἠ
428 736 610 771 θεόπνευστος
626 739 720 775 Γραφή
733 748 740 755 ’
757 740 840 773 ὥστε,
866 742 893 769 εῐ

95 787 125 805 τι
147 779 203 806 τῶν
224 780 308 808 ὄντων
327 782 383 809 τῶν
398 782 509 810 πάντων
527 784 736 819 ἁπονοσφίζοιτο
757 787 889 821 φυσικῶς,

96 824 282 859 διαδιδράσκοι
300 827 334 854 ἂν
350 828 398 854 καὶ
414 828 445 855 τὸ
470 829 516 856 ἐπὶ
538 830 576 866 τῷ
593 832 758 867 πεποιῆσθαι
775 841 891 869 σμικρο-

97 871 216 906 πρεπὲς,
243 872 351 907 φύσεως
376 874 405 901 δὲ
432 874 482 910 τῆς
507 875 576 908 ἰδίας
596 877 734 914 ὑπεροχῇ,
750 878 817 910 Θεὸς
840 879 891 906 ὺπ-

943 282 1021 310 tinet.

977 328 1008 356 Β.
1029 329 1064 356 At
1089 337 1225 364 quanam,
1248 329 1376 362 obsecro,
1401 333 1443 357 est
1467 329 1511 357 illa
1539 333 1647 361 natura,
1671 336 1730 364 qua,

942 381 1030 409 neque
1049 375 1119 403 Deus
1130 380 1184 407 est.
1201 383 1289 411 neque
1305 376 1451 403 creatura?
1469 375 1539 403 Nihil
1559 375 1632 403 enim
1644 393 1652 408 ,
1672 375 1730 410 opi-

942 426 1010 452 nor,
1041 419 1122 454 plane
1156 424 1199 448 est
1234 420 1437 448 intermedium.
1472 420 1530 448 Una
1558 420 1630 448 enim
1660 419 1731 448 inter

944 469 1088 501 utrumque
1114 471 1158 494 est
1184 474 1289 494 summa
1322 466 1488 500 differentia,
1502 475 1563 502 qua:
1589 467 1674 495 Deum
1704 470 1729 493 et

941 515 1096 538 creaturam
1114 513 1221 540 naturis
1238 512 1344 545 dividit,
1359 520 1410 540 nec
1424 512 1497 540 aliud
1510 513 1537 540 in
1552 512 1586 540 iis
1599 519 1659 547 quae
1669 518 1731 540 esse

941 557 1100 590 creduntur,
1131 566 1212 594 quam
1240 561 1298 586 hac
1326 559 1384 587 sola
1411 559 1474 587 licet
1500 558 1729 586 animadvertere.

941 603 1061 637 Alioqui,
1078 608 1141 632 tune
1160 609 1260 640 praeter
1270 605 1329 634 hate
1342 605 1443 641 aliquid
1457 604 1656 633 admittendum
1668 610 1730 632 esse

942 648 1041 683 putas?

977 695 1011 722 A.
1034 693 1145 723 Minime
1160 703 1235 729 vero.
1253 697 1351 724 amice.
1365 695 1461 724 Omnia
1480 695 1552 723 cnim
1572 701 1620 730 per
1633 692 1729 721 Il‘ilinm

942 738 1013 766 facta
1031 745 1091 767 esse
1105 741 1172 768 dicit
1191 740 1333 776 Scriptura
1352 740 1483 768 divinitus
1497 739 1637 774 inspirata.
1654 737 1729 771 Quo-

942 784 1014 811 circa
1030 785 1052 813 si
1065 793 1118 819 qua
1139 792 1186 813 res
1201 787 1363 814 naturaliter
1375 787 1408 814 ab
1421 786 1556 814 universis
1574 788 1728 820 separetur,

941 830 1090 858 creationis
1109 838 1218 866 quoque
1240 831 1373 859 vilitatem
1389 839 1443 859 non
1463 830 1593 863 admittit,
1605 834 1634 857 et
1649 833 1729 856 natu-

941 884 979 904 rae
994 884 1050 904 sua:
1063 877 1213 905 eminentia
1230 877 1301 906 Deus
1321 884 1383 905 esse
1401 877 1584 913 cognoscitur.
1604 875 1658 903 Sed
1680 881 1731 902 nec

97 915 184 951 ἁρχον
215 917 394 953 γνωρίζεται·
421 919 616 956 ἀπολισθήσειε
646 922 670 949 δ’
692 922 726 950 ἂν
749 923 807 950 οὔτι
838 932 887 951 που

943 921 1040 949 falsum
1057 922 1110 949 erit
1127 922 1199 958 quod
1212 929 1228 949 e
1242 929 1373 950 converso
1386 923 1519 950 dicemus.
1536 921 1565 950 Si
1584 921 1657 949 enim
1676 919 1728 947 ali-

97 961 234 997 τάληθοῦς
259 964 325 999 ἡμῖν
349 964 441 992 καὶτὸ
455 966 584 1001 ἔμπαλιν.
610 968 642 994 Ei
663 968 717 1005 γὰρ
741 970 806 1004 μήτι
823 970 889 1002 Θεὴς

97 1008 169 1035 κατὰ
185 1008 276 1042 φύσιν,
294 1010 371 1037 ἔσται
383 1017 434 1038 που
449 1012 558 1045 πάντως
571 1013 601 1040 ἐν
612 1015 787 1050 γενητοῖς.Ἣ
798 1015 889 1042 τοίνυν

96 1053 319 1089 ἀνακομιζόντων
336 1056 405 1091 ὑψοῦ
419 1057 450 1084 τὸ
466 1057 538 1085 θεῖόν
552 1067 583 1086 τε
595 1059 641 1087 καὶ
666 1060 745 1094 ἅγιον
765 1060 888 1097 Πνεῦμα,

96 1100 146 1127 κα).
159 1101 298 1136 ὰσυναφὲς
311 1100 448 1135 οὐσιωδῶς
470 1104 675 1140 ὁμολογούντων
694 1107 727 1142 τῇ
749 1106 856 1141 κτίσει,
871 1106 887 1142 ἢ

96 1146 153 1173 τῶν
175 1147 306 1175 ἀνωτάτω
327 1149 376 1176 καὶ
403 1150 565 1186 ὑπερτάτων
591 1152 659 1183 αὐτὸ
684 1152 889 1190 κατασύροντες

95 1192 211 1229 θρόνων,
227 1196 466 1230 καταλογιζέσθων
481 1198 511 1224 ἐν
533 1200 666 1234 γενητοῖς.
690 1200 780 1232 Τόπος
796 1201 851 1237 γὰρ
870 1200 887 1237 ἦ

95 1239 175 1274 λόγος
207 1241 315 1275 φύσεως
336 1244 404 1278 ἡμῖν
429 1244 525 1281 ἑτέρας
553 1245 642 1278 οὐδεὶς
667 1247 888 1284 παρείσσέσληκε

97 1287 220 1321 μεταξὺ,
244 1287 275 1315 τὸ
299 1290 368 1325 πρὸς
389 1290 474 1326 ἄμφω
498 1293 630 1327 συγγενὲς
651 1293 827 1329 ἀρνούμενος.
851 1294 889 1322 T6

98 1333 196 1368 γάρτοι
211 1333 295 1368 φάναι
312 1337 448 1372 μονοειδὲς
463 1338 493 1365 τὸ
510 1338 633 1374 Πνεῦμα,
655 1339 703 1367 καὶ
721 1341 800 1373 δόξαν
821 1340 888 1368 ἀνά-

96 1388 175 1407 πτειν
195 1381 271 1418 αὐτῷ
294 1383 343 1419 τὴν
367 1384 413 1410 ἐπὶ
437 1384 503 1420 τῷδε
527 1385 628 1418 δοκεῖν,
655 1386 714 1418 πῶς
733 1386 782 1422 οὐχ
804 1387 887 1414 ἕωλον

95 1426 247 1459 παντελῶς,
261 1427 349 1455 καίτοι
365 1428 499 1457 πλείστων
513 1431 583 1458 ὅσων
599 1432 674 1467 ἡμῖν,
687 1432 735 1458 καὶ
749 1433 774 1459 εί
786 1433 888 1460 τελοῖεν

95 1472 124 1497 ὲν
146 1473 290 1508 κτίσμασι,
312 1474 344 1501 τὸ
364 1476 500 1511 μονοειδὲς
516 1477 633 1512 ἐχόντων
646 1478 689 1513 ἐφ’
703 1478 826 1512 ἑαυτοῖς;
840 1476 888 1511 Εἷς

49 1524 58 1531 ·
96 1517 150 1553 γὰρ
166 1518 242 1553 ἣλιος
252 1538 260 1551 ,
275 1521 323 1547 καὶ
338 1521 387 1556 μία
402 1521 501 1557 σελήνη
512 1530 519 1538 ·
533 1524 568 1558 γῆ
592 1522 620 1549 δὲ
638 1523 688 1558 οὺχ
711 1523 794 1559 ἑτέρα
812 1524 887 1560 παρὰ

97 1562 145 1597 τὴν
158 1561 251 1591 οὖσαν·
271 1564 319 1600 μία
333 1565 362 1592 δὲ
376 1564 409 1593 αὖ
425 1566 472 1593 καὶ
488 1567 504 1602 ἡ
525 1567 626 1600 παντὸς
643 1568 739 1600 ὕδατος
754 1568 846 1604 φύσις,
856 1569 887 1595 τὸ

97 1609 232 1643 μονοειδὲς
243 1610 423 1644 ἀποσώζουσα
432 1633 440 1646 ,
459 1613 511 1640 κᾶν
526 1615 552 1641 εί
566 1614 626 1646 ταῖς
641 1615 781 1651 ποιότησιν
794 1616 887 1644 ἕποιτο

96 1654 126 1681 τὸ
150 1656 340 1692 παρηλλάχθαι
354 1658 455 1686 δοκεῖν.
477 1660 611 1696 Ἀμαθίας
626 1658 672 1688 οὖν
688 1661 742 1698 ἄρα
759 1663 807 1689 καὶ
824 1672 884 1699 μει-

97 1701 246 1736 ρακιώδους
256 1704 398 1741 ἐπίκλημα
409 1706 517 1742 φρενὸς,
533 1707 564 1734 τὸ
578 1709 769 1744 καταχρυσοῦν
781 1710 885 1737 οἴεσθαί

95 1755 182 1780 τινας,
202 1748 249 1774 καὶ
264 1750 324 1781 ταῖς
346 1751 387 1783 εἰς
399 1749 477 1786 λῆξιν
491 1752 629 1785 εὐκλείαις
646 1754 808 1789 στεφανοῦν,
825 1757 886 1788 ταῖς

93 1791 166 1819 οὕτω
178 1792 298 1829 ψυχραῖς
311 1795 510 1831 εὑρεσιλογίαις
523 1797 553 1824 τὸ
567 1798 681 1834 Πνεῦμα
694 1799 723 1826 τὸ
741 1800 828 1834 ἅγιον,
838 1801 886 1828 καὶ

93 1840 151 1870 τοῖς
165 1839 216 1875 τῆς
231 1840 346 1874 κτίσεως
363 1842 474 1879 μέτροις
489 1843 696 1877 ὲγκατακλείειν
716 1846 884 1882 ἀποτολμᾷν,

91 1887 144 1912 οὐκ
159 1887 338 1923 ἀσυγκρίτοις
356 1888 505 1925 ὑπεροχαῖς
518 1890 759 1927 διεσχοινισμένον,
777 1893 823 1920 καὶ
838 1894 885 1920 ἀν-

93 1932 211 1967 εστηκὸς
225 1934 310 1969 αὐτῆς
323 1955 331 1966 ,
349 1935 478 1972 καθάπερ
502 1936 601 1972 ἀμέλει
618 1938 665 1964 καὶ
681 1939 695 1965 6
709 1939 822 1975 Πατὴρ,
839 1940 886 1966 καὶ

93 1977 148 2013 μὴν
173 1979 220 2005 καὶ
243 1980 258 2006 6
275 1980 348 2013 Υίὺς,
365 1981 423 2008 ἀλλ’
440 1982 481 2014 εἰς
495 1981 664 2016 ὀκλάζουσαν
680 1993 708 2011 τε
724 1985 771 2011 καὶ
787 1985 884 2020 ὑφιζά-

92 2032 194 2051 νουσαν
210 2026 300 2060 φύσιν,
318 2027 364 2054 καὶ
377 2028 458 2055 τόπον
473 2029 568 2056 οὐδένα
586 2030 727 2062 παντελῶς
743 2031 772 2058 ἔν
785 2040 816 2066 γε
827 2033 885 2064 τοῖς

91 2066 170 2096 οὖσιν
185 2071 375 2105 εὑρίσκουσαν,
389 2073 504 2106 ἀνοσίως
520 2074 744 2110 ἐκὸεόιασμένον.

129 2116 159 2143 B.
183 2117 215 2143 Τί
239 2116 286 2144 οὖν
315 2119 338 2145 εἰ
361 2118 482 2154 λέγοιενο
506 2120 562 2146 Ποῦ
585 2120 652 2152 Θεὸς
671 2120 829 2156 ὠνόμασται
855 2122 886 2148 τὺ

91 2162 208 2198 Πνεῦμα
225 2164 255 2190 τὸ
269 2163 346 2198 ἅγιον
357 2173 364 2198 ;

127 2210 160 2235 Α.
182 2209 297 2245 Εἴρηται
313 2211 341 2237 δὲ
355 2212 416 2239 ὅποι
441 2212 489 2239 καὶ
514 2212 567 2239 ὑπὸ
584 2213 642 2246 τοῦ,
663 2213 739 2249 λέγε,
760 2215 817 2247 τοῖς
838 2223 887 2242 πε-

940 968 1005 1002 quid
1029 968 1100 996 Deus
1120 976 1173 996 non
1200 972 1242 997 est
1260 968 1409 996 secundum
1425 973 1564 1000 naturam,
1585 967 1612 994 in
1633 965 1730 994 ordine

941 1013 1034 1047 utique
1051 1019 1239 1042 creaturarum
1259 1014 1322 1042 erit.
1346 1013 1402 1042 Aut
1418 1013 1502 1049 igitur
1520 1013 1546 1041 in
1563 1012 1647 1041 altum
1664 1010 1730 1039 επο-

941 1063 1004 1087 rant
1028 1059 1148 1087 divinum
1169 1064 1198 1088 et
1221 1065 1345 1089 sanctum
1368 1059 1518 1096 Spiritum,
1547 1062 1575 1086 et
1595 1062 1730 1086 creaturas

940 1105 1157 1134 eubstantialiter
1177 1106 1352 1139 coniunctum
1364 1113 1419 1133 non
1436 1113 1498 1133 esse
1516 1105 1664 1136 fateantur.
1682 1107 1729 1131 aut

940 1150 973 1178 de
987 1152 1123 1185 supremis
1142 1157 1170 1180 et
1188 1152 1330 1180 altissimis
1351 1152 1457 1180 tltronis
1479 1152 1566 1186 ipsum
1587 1149 1730 1178 detrahen-

940 1201 990 1229 tes.
1007 1197 1033 1224 in
1048 1202 1236 1227 creaturarum
1257 1206 1371 1226 numero
1388 1202 1529 1234 reponant.
1546 1197 1635 1225 Locus
1655 1195 1728 1223 enim

939 1248 986 1271 aut
1001 1244 1072 1271 ratio
1085 1244 1196 1272 alterius
1210 1250 1314 1272 natura:
1327 1244 1401 1272 nulla
1422 1244 1500 1272 nobis
1517 1243 1626 1271 interitu
1644 1242 1728 1274 subit,

938 1297 999 1324 qua:
1011 1297 1072 1317 cum
1095 1295 1212 1325 utroque
1231 1291 1420 1326 cognationem
1437 1293 1527 1326 neget.
1547 1288 1652 1317 Etenim
1668 1287 1729 1315 uni-

940 1335 1053 1363 formem
1067 1336 1158 1364 dicere
1169 1337 1315 1372 Spiritum,
1331 1342 1359 1365 et
1371 1337 1484 1371 gloriam
1500 1343 1532 1363 ex
1553 1342 1588 1363 eo
1606 1334 1657 1370 ipsi
1680 1333 1730 1361 tri-

939 1382 1033 1416 buere,
1051 1391 1141 1411 nonne
1164 1391 1277 1418 prorsus
1299 1383 1425 1411 frivolum
1443 1384 1503 1415 est,
1526 1389 1588 1409 cum
1606 1380 1728 1416 plurima:

938 1435 983 1456 res
1002 1428 1056 1456 sint
1074 1429 1144 1464 apud
1169 1436 1229 1462 nos,
1245 1437 1307 1464 quia:
1327 1429 1391 1457 licet
1408 1429 1435 1456 in
1459 1432 1645 1455 creaturarum
1670 1425 1726 1453 aint

939 1482 1067 1508 numero,
1085 1475 1298 1504 ttniformitntem
1325 1475 1427 1504 habent
1451 1475 1478 1503 in
1503 1473 1620 1509 seipsis!
1651 1472 1727 1501 Unus

938 1521 1010 1547 enim
1033 1520 1084 1554 sol,
1101 1525 1129 1548 et
1146 1528 1200 1548 una
1224 1527 1266 1550 est
1282 1521 1364 1555 luna;
1391 1525 1464 1548 terra
1483 1525 1574 1548 autem
1594 1519 1648 1546 alia
1672 1525 1727 1546 nan

938 1570 1074 1601 estquam
1090 1572 1149 1602 quae
1163 1571 1253 1595 exstat
1267 1576 1276 1596 :
1292 1575 1345 1595 una
1362 1574 1427 1595 vero
1442 1572 1551 1602 quoque
1567 1563 1729 1593 estuniter-

942 1621 979 1641 sae
995 1621 1073 1649 aquae
1093 1615 1202 1646 natura,
1224 1613 1440 1642 uniformitatem
1462 1618 1595 1644 servant,
1620 1609 1728 1637 tametsi

940 1659 1116 1695 qualitatibus
1138 1660 1236 1687 variari
1258 1659 1374 1687 videtur.
1397 1658 1518 1694 Imperiti
1539 1664 1605 1693 ergo
1620 1661 1648 1683 et
1663 1663 1729 1691 pue-

940 1706 998 1734 rilis
1013 1706 1097 1734 animi
1112 1711 1176 1734 nota
1184 1710 1235 1738 est,
1244 1705 1315 1740 quod
1326 1705 1449 1734 nonnulli
1460 1708 1582 1732 sanctum
1598 1701 1729 1738 Spiritum

941 1756 995 1779 tant
1009 1751 1115 1786 frigidis
1131 1751 1274 1787 argutiolis
1292 1757 1391 1778 ornare
1405 1754 1433 1778 et
1451 1756 1558 1777 summa
1576 1747 1662 1783 gloria
1682 1747 1729 1774 dc-

939 1805 1037 1825 corare
1056 1805 1086 1825 se
1108 1802 1214 1832 putant,
1239 1802 1265 1824 et
1289 1801 1422 1824 creatura:
1447 1795 1564 1823 tnodulis
1591 1793 1730 1821 includere

939 1843 1050 1875 audent,
1069 1850 1124 1870 non
1147 1841 1353 1876 incomparabili
1371 1841 1518 1869 eminentia
1540 1839 1677 1870 dissitutn,
1702 1841 1730 1864 et

940 1897 1022 1924 supra
1040 1890 1125 1925 ipsam
1141 1889 1271 1924 positum,
1285 1887 1514 1924 quemadmodum
1529 1885 1610 1924 633
1625 1884 1730 1912 scilicet

939 1934 1030 1967 Pater,
1045 1939 1073 1962 et
1088 1934 1173 1962 Filius
1196 1935 1283 1962 item;
1302 1933 1351 1961 sed
1375 1934 1401 1960 in
1419 1932 1575 1961 inferiorem
1595 1934 1623 1958 et
1641 1930 1730 1957 humi-

940 1981 1034 2008 liorem
1047 1985 1189 2014 naturam,
1213 1986 1327 2015 quaeque
1344 1978 1448 2006 nullum
1467 1984 1579 2012 prorsus
1595 1975 1683 2004 locum
1701 1975 1728 2003 in

941 2035 1030 2055 rerum
1042 2032 1139 2054 natura
1151 2027 1282 2059 inveniat,
1297 2025 1379 2061 impie
1393 2024 1542 2053 redactum.

976 2118 1006 2146 Β.
1023 2118 1092 2152 Quid
1108 2125 1183 2153 ergo,
1200 2118 1223 2145 si
1249 2120 1344 2153 rogent
1362 2114 1472 2142 ubinam
1484 2112 1554 2141 Dcus
1574 2111 1729 2140 nominatus

939 2165 975 2193 sit
988 2166 1106 2201 Spiritus
1120 2163 1251 2192 sanctus?

977 2213 1011 2239 Δ.
1032 2211 1150 2239 Ubinam
1164 2218 1230 2239 vero
1246 2214 1274 2237 et
1297 2217 1313 2236 a
1334 2215 1389 2244 quo
1413 2207 1505 2236 dictus
1530 2209 1582 2239 est,
1604 2204 1728 2236 obsecro,

91 2263 158 2290 ποιη
164 2254 256 2289 μένοις
267 2257 410 2291 ὁμογενὲς,
422 2257 452 2284 τὸ
465 2257 554 2294 Ila-cpi.
569 2259 615 2286 καὶ
627 2259 684 2294 Υίῷ
701 2260 886 2296 συντεταγμέ-

943 2259 1061 2295 ejusdem
1079 2258 1188 2294 generis
1203 2264 1264 2286 esse
1284 2264 1345 2285 cum
1364 2253 1508 2285 creaturis.
1528 2252 1583 2284 ille,
1610 2250 1657 2286 Qui
1676 2257 1728 2277 una

91 2309 140 2327 νον
156 2301 202 2327 καὶ
227 2302 497 2338 συναριθμούμενον,
514 2305 562 2332 καὶ
578 2305 618 2338 είς
640 2305 732 2333 πίστιν
753 2306 803 2342 τῆς
822 2308 887 2343 μιᾶς

91 2347 142 2373 καὶ
159 2347 229 2383 ὑπὲρ
241 2348 329 2376 πάντα
345 2349 471 2386 θεότητος
486 2351 766 2388 συνεισδεδειγμένον;
782 2354 817 2379 Ἣ
838 2353 888 2389 οὐχ

90 2389 145 2420 ὦδε
164 2396 357 2429 μυσταγωγεῖν
373 2397 429 2428 τοῖς
446 2395 535 2431 ἁγίοις
551 2396 711 2429 ἀποστόλοις
727 2397 889 2424 κεκέλευκεν

91 2439 108 2466 6
131 2439 248 2476 Σωτήρ;
271 2450 280 2466 t
299 2441 485 2478 Πορευθέντες
507 2442 571 2479 γὰρ,
599 2444 676 2478 φησὶ,
699 2443 888 2480 μαθητεύσατε

91 2485 186 2513 πάντα
199 2485 233 2512 τὰ
249 2484 324 2523 ἔθνη,
335 2485 513 2522 βαπτίζοντες
528 2489 627 2520 αὐτοὺς
641 2489 681 2520 είς
698 2489 727 2515 τὸ
742 2489 828 2525 ὅνομα
840 2489 887 2517 τοῦ

92 2531 205 2566 Πιτρδς
229 2532 340 2560 καὶτοῦ
358 2533 423 2560 Υίοῦ
447 2535 494 2561 καὶ
511 2534 559 2562 τοῦ
583 2535 661 2570 ἁγίου
682 2536 852 2572 Πνεύματος.
875 2546 884 2563 ι

92 2576 244 2612 Τοιγάρτοι
262 2578 310 2605 καὶ
323 2578 337 2605 ὁ
355 2578 490 2615 μακάριος
506 2579 613 2612 Παῦλος
626 2600 633 2612 ,
654 2581 709 2607 τῶν
736 2590 886 2608 πεπιστευ-

92 2621 188 2648 κότων
205 2622 288 2658 ἤρετό
300 2631 394 2656 τινας
414 2633 423 2650 ι
443 2624 475 2651 El
489 2624 602 2661 Πνεῦμα
618 2625 695 2660 ἅγιον
707 2626 819 2653 ἐλάϐετε
839 2636 886 2653 πι-

93 2667 277 2702 στεύσαντες;
296 2679 305 2695 ι
331 2669 545 2706 Ἀποφησάντων
564 2671 592 2706 ᾄὲ
604 2672 684 2698 τοῦτο
699 2672 822 2706 ἐκείνων,
843 2673 890 2700 καὶ

92 2714 251 2748 ἀναφανδὸν
265 2715 416 2751 εἰρηκότων
427 2723 433 2730 ·
450 2726 459 2743 ι
475 2716 546 2743 Ἀλλ’
560 2717 621 2744 οὐδὲ
637 2718 662 2744 εἰ
675 2718 787 2755 Πνεῦμα
810 2719 889 2753 ἅγιον

93 2760 171 2787 ἔστιν
196 2761 366 2798 ἠκούσαμεν,
381 2772 392 2788 t
418 2763 536 2798 ἐπετίμα
556 2763 661 2799 λέγων·
684 2773 693 2790 ‹
720 2764 768 2797 Εἰς
788 2765 814 2792 τί
842 2763 889 2792 οὖν

94 2807 303 2843 ὲὸαπτίσθητες
327 2818 336 2835 ι
361 2809 412 2836 οὐκ
433 2811 463 2836 ὲν
482 2809 557 2844 καλῷ
574 2809 700 2844 γενέσθαι
725 2810 773 2846 τὴν
797 2811 889 2838 πίστιν

134 2897 145 2912 ⁵
159 2897 256 2925 Matth.
278 2905 373 2929 xxt‘ttt.
393 2898 434 2926 l9.
475 2900 483 2914 '
500 2899 559 2927 Act.
575 2906 630 2930 κη,
643 2898 670 2930 2.
687 2899 712 2927 5.
728 2937 731 2940 _

942 2314 1004 2334 cum
1031 2306 1111 2334 Patre
1133 2309 1160 2334 et
1179 2303 1249 2332 Filio
1269 2302 1444 2332 coordinatus
1469 2303 1496 2328 et
1519 2301 1729 2328 connumeratus

939 2357 991 2386 est,
1008 2357 1037 2381 et
1061 2353 1088 2380 in
1106 2352 1186 2379 ﬁdem
1210 2350 1292 2379 unius
1316 2354 1343 2378 et
1363 2354 1497 2384 supremae
1519 2344 1629 2374 deitatis
1650 2348 1728 2371 coas-
1763 2385 1770 2388 ξ

939 2398 1081 2433 sumptus?
1104 2398 1201 2425 Annon
1225 2396 1298 2425 enim
1320 2395 1356 2423 ita
1376 2402 1425 2422 nos
1442 2391 1532 2421 doceri
1555 2397 1602 2439 per
1619 2393 1729 2439 sanctos

939 2444 1090 2479 discipulos
1113 2443 1242 2471 Servatur
1259 2441 1368 2470 voluit?
1383 2449 1392 2467 ι
1413 2439 1515 2467 Euntes
1529 2435 1617 2467 enim,
1629 2435 1728 2487 inquit,

941 2493 1036 2521 docete
1060 2497 1156 2519 omnes
1179 2493 1285 2525 gentes,
1300 2488 1470 2523 baptizantes
1490 2492 1538 2512 eos
1565 2484 1729 2533 inAnon‘iine

940 2538 1041 2571 Patris,
1063 2541 1091 2565 et
1111 2535 1185 2567 Filii,
1206 2539 1234 2564 et
1255 2533 1373 2570 Spiritus
1396 2531 1483 2560 sancti
1505 2530 1525 2557 ι.
1552 2539 1561 2556 t
1595 2528 1728 2562 Quocirca

940 2581 1036 2609 beatus
1053 2587 1162 2615 quoque
1178 2579 1295 2611 Paulus,
1313 2577 1457 2606 nonnullos
1473 2575 1566 2603 ﬁdeles
1588 2573 1701 2616 rogabat
1716 2581 1723 2599 :

942 2636 952 2653 ‹
969 2627 1038 2654 Num
1065 2625 1197 2661 Spiritum
1220 2629 1345 2652 sanctum
1363 2622 1510 2658 accepistis
1536 2619 1696 2649 credentes?
1715 2628 1725 2645 ν

940 2673 1015 2706 Quod
1033 2680 1094 2700 cum
1115 2672 1151 2699 illi
1168 2677 1311 2707 negarent,
1326 2670 1471 2706 palamque
1485 2669 1608 2697 dicerent
1625 2675 1632 2692 :
1647 2676 1656 2693 ι
1673 2665 1727 2694 Sed

941 2726 1028 2754 neque
1042 2719 1063 2746 si
1078 2718 1195 2753 Spiritus
1205 2721 1317 2745 sanctus
1330 2720 1383 2748 est,
1396 2715 1563 2747 audivimus,
1579 2722 1589 2740 ι
1603 2713 1728 2747 increpa-

941 2766 978 2792 vit
994 2766 1109 2792 dicens:
1128 2773 1137 2791 t
1156 2763 1184 2791 ltt
1204 2771 1259 2799 quo
1278 2770 1344 2798 ergo
1366 2761 1492 2797 baptilati
1516 2760 1581 2788 estis
1593 2759 1623 2786 ’ἲ
1639 2767 1648 2784 ›
1665 2764 1726 2785 cutn

942 2815 1035 2839 nosset
1052 2810 1132 2838 ﬁdem
1148 2814 1250 2838 rectam
1271 2816 1323 2837 nun
1338 2815 1408 2840 esse,
1425 2814 1512 2842 neque
1526 2805 1592 2833 adco
1611 2809 1684 2832 recte
1698 2809 1728 2829 se
