1937 3036
227 186 295 211 iU'i‘J

717 185 746 213 S.
767 184 904 211 CYRILLI
924 183 1159 211 ALEXANDRINI
1178 184 1337 213 ARCIIIEP.

1788 185 1856 212 1080

226 246 328 273 babe‘re
339 252 457 280 unquam
472 253 560 280 posse,
579 245 629 271 nisi
648 244 769 279 perfecte
785 245 864 272 ﬁeret
882 245 910 272 in
927 245 1008 272 Deum

1061 245 1149 277 είδὼς,
1166 245 1228 272 οὔτε
1247 245 1301 281 μὴν
1315 246 1417 281 ἀρτίως
1430 246 1501 281 ἔχειν
1515 245 1647 273 δύνασθαί
1660 254 1740 277 ποτε,
1767 245 1792 271 εἰ
1816 244 1855 280 μὴ

225 292 346 324 Patrem,
362 296 390 319 et
406 291 502 319 Filium
514 310 523 323 ,
543 295 570 318 et
594 290 723 324 Spiritum
747 295 888 323 sanctum,
905 290 1010 318 confes-

226 339 304 366 sione
319 338 403 365 edita.
419 337 455 364 lla
471 336 647 372 prodiderunt
657 337 702 371 qni
715 337 750 364 ab
761 337 839 364 initio
850 341 932 364 testes
946 343 1010 363 ocu-

226 382 286 415 lati,
301 386 329 410 et
349 381 466 409 ministri
485 381 559 409 verbi
573 380 658 408 fuere.
673 381 713 408 lt:
731 389 781 409 nos
797 381 948 409 docuerunt
960 380 1012 408 Pa-

227 434 292 458 tres.
310 432 337 456 et
358 427 510 462 sapientem
533 431 577 454 est
598 433 679 454 nosse
702 427 773 462 quod
796 427 927 462 scriptum
947 431 1008 454 est:

229 483 239 499 ι
259 474 297 500 Ne
317 472 524 506 transgrediaris
542 473 675 500 terminos
693 477 809 500 alemus
829 480 897 507 quos
912 480 1009 508 posue-

225 523 290 546 runt
303 523 395 553 patres
411 518 449 545 tui
467 517 612 546 ‘.—-Unus
628 518 767 550 Dominus,
776 526 828 544 una
842 518 916 549 lldes,
928 525 1010 545 linunt

224 564 369 599 baptisma,
386 573 397 590 ι
411 564 558 592 secundum
575 564 730 600 Scriptores
745 565 766 591 τ.
785 563 915 598 Baptizati
937 563 1009 590 enim

224 616 322 637 sumus
336 609 365 636 in
376 609 518 640 deitatem.
534 614 562 637 et
575 610 788 637 dominationem
803 617 894 641 unam,
909 609 1009 640 Patris,

224 659 252 682 et
265 654 338 688 Filii,
351 660 379 682 et
398 656 485 683 sancti
499 654 628 689 Spiritus,
646 662 698 682 non
719 660 847 690 tanquam
865 654 891 681 iu
914 653 1012 681 multo-

222 707 284 726 rum
302 699 415 727 deorum
437 707 591 732 numerum,
610 706 697 734 neque
716 706 797 734 porro
807 703 939 726 creatura:
952 706 1010 726 ser-

225 745 348 773 vientes:
364 745 496 781 alioquin,
512 745 576 773 illud
591 746 619 773 in
636 752 686 773 nos
703 752 796 773 verum
811 745 884 773 cadit
895 745 1010 772 Prover-

222 791 298 818 bium
312 800 321 818 :
339 800 350 817 ι
365 791 450 818 Canis
463 798 590 819 reversus
608 791 642 818 ad
655 799 734 819 suum
754 791 904 818 vomitum:
921 795 948 818 et
964 799 1011 819 sus

223 836 278 864 lota
293 838 320 864 in
332 836 475 864 volutabro
486 837 534 864 luti
545 837 568 864 ⁸.
589 846 599 863 ι
619 837 669 871 Qui
689 837 761 865 enim
776 845 791 864 a
814 837 886 864 cultu
901 841 1010 864 creatu-

223 889 265 909 rae
278 881 386 909 liberati
402 890 507 916 sumus,
519 890 566 917 per
578 883 658 910 ﬁdem
679 882 806 910 videlicet
820 883 847 910 in
863 890 946 910 unum
961 890 1011 909 na-

1061 291 1210 327 πράττοιτο
1219 291 1329 324 τελείως
1344 292 1385 324 εἰς
1397 292 1465 318 Θεὸν
1477 290 1588 328 Πατέρα
1600 292 1649 319 καὶ
1662 291 1713 318 τὸν
1726 291 1795 318 Υξδν
1806 291 1854 316 καὶ

1059 337 1092 364 τὸ
1118 337 1230 373 Πνεῦμα
1251 337 1282 364 τδ
1307 337 1401 372 ἆγιον,
1434 338 1484 373 τὴν
1511 337 1656 372 ὁμολογίαν
1680 337 1850 372 ἐκφέρουσα.

1060 382 1139 410 οὕτω
1150 383 1306 419 παρέδοσαν
1317 383 1341 410 ei
1354 383 1482 418 ἁλι-,αρχῆς
1502 383 1636 410 αὐτόπται
1650 382 1700 409 καὶ
1713 382 1852 417 ὑπηρέται

1063 428 1204 464 γενόμενοι
1216 428 1265 455 τοῦ
1277 428 1375 463 Λόγουο
1384 426 1471 460 οὕτως
1482 429 1555 464 ἡμᾶς
1569 430 1852 464 πεπαιδαγωγήκασιν

1060 474 1084 500 oi
1108 474 1247 510 Πατέρες,
1270 473 1318 500 καὶ
1340 474 1431 508 σοφῶν
1455 473 1557 501 εἰδέναι
1578 475 1609 501 τὸ
1631 474 1852 510 γεγραμμένον

1064 529 1073 546 α
1093 520 1138 555 Μὴ
1157 520 1271 555 μέταιριι
1286 520 1350 556 ὅρια
1363 519 1470 552 αἰώνια,
1483 519 1500 547 ἃ
1513 520 1605 547 ἔθεντο
1621 521 1647 547 οἱ
1658 521 1779 555 πατέρες
1791 529 1852 546 σου.

1059 561 1144 597 -Εἷς
1161 563 1276 598 Κύριος,
1292 564 1341 599 μία
1358 564 1458 597 πίστις,
1476 563 1506 590 ἓν
1516 563 1669 600 βάπτισμα,
1684 573 1694 590 ι
1711 563 1784 590 κατὰ
1803 563 1853 594 τὰς

1060 609 1183 645 Γραφάς.
1200 609 1413 645 Βεσαπτίσμεθα
1427 610 1481 645 γὰρ
1496 610 1536 641 εἰς
1553 609 1669 646 θεότητά
1687 618 1718 636 τε
1733 609 1782 636 καὶ
1803 617 1853 635 κυ-

1062 655 1174 691 ριότητα
1186 656 1250 691 μίαν
1262 655 1370 691 Πατρὸς
1384 655 1431 682 καὶ
1446 655 1510 682 Υἱοῦ
1523 655 1571 682 καὶ
1586 656 1664 690 ἁγίου
1679 655 1851 690 Πνεύματος,

1059 701 1110 737 οὐχ
1123 701 1162 733 ὡς
1174 702 1215 733 εἰς
1227 701 1360 728 πολύθεον
1370 701 1497 737 ἀριθμὸν,
1511 700 1574 728 οὒτε
1587 701 1641 737 μὴν
1654 703 1689 737 τῇ
1703 701 1793 728 κτίσει
1804 701 1854 727 λα-

1060 748 1221 783 τρεύοντες·
1246 748 1263 783 ἢ
1288 747 1404 782 γέγονεν
1426 748 1493 783 ἡμῖν
1513 747 1544 774 τὸ
1568 748 1619 783 τῆς
1639 748 1760 784 ἀληθοῦς
1785 755 1854 783 παρ-

1060 793 1166 829 οιμίας,
1183 803 1193 820 t
1209 793 1291 821 Κύων
1312 794 1481 830 ἐπιστρέψας
1494 794 1542 822 ἐπὶ
1554 795 1584 822 τὸ
1597 795 1662 821 ῐδισν
1678 793 1821 830 ἐξέραμα·
1841 803 1851 819 r

1061 839 1119 870 καὶ,
1137 848 1146 865 t
1161 836 1215 870 ’Υς
1235 839 1389 874 λουσαμένη
1413 840 1453 871 είς
1479 839 1601 875 κύλισμα
1622 839 1767 875 βορϐόρου,
1789 848 1799 864 ι
1821 839 1854 865 οι

1061 884 1116 921 γὰρ
1138 885 1187 911 τοῦ
1201 885 1345 921 λατρεύειν
1364 886 1399 920 τῇ
1414 885 1501 912 κτίσει
1518 886 1595 921 παρὰ
1614 886 1660 912 τὸν
1678 886 1796 921 κτίστην
1811 885 1854 918 ἐξ-

223 932 284 954 tnra
303 932 331 955 et
342 935 408 955 vere
425 928 600 956 exsistentem
623 929 722 960 Deum,
736 928 763 955 in
781 935 869 963 eoque
887 935 964 962 spem
981 932 1008 955 et

1061 930 1205 967 ῃρημινοι,
1218 930 1262 957 διὰ
1277 930 1395 962 πίστεως
1409 930 1438 957 δέ
1459 930 1582 965 δηλονότι
1605 931 1656 966 τῆς
1678 931 1720 962 εἰς
1740 930 1791 957 ἕνα
1807 930 1855 956 τὸν

223 974 337 1009 gloriam
348 974 444 1002 salutis
456 975 591 1009 ponimus,
602 975 673 1008 quod
688 978 806 1002 veterem
820 979 848 1001 et
865 973 1008 1008 profanum

224 1028 346 1048 errorem
364 1021 522 1055 abiecimus,
539 1020 635 1049 nisiin
646 1027 717 1048 verte
733 1019 844 1048 deitatis
855 1020 931 1048 soliis
946 1019 1009 1047 sub-

224 1066 389 1094 stantiaiiter
416 1067 592 1102 conspicuum
616 1073 679 1094 esse
709 1065 827 1093 Fateatur
857 1065 1007 1101 Spiritum;

223 1119 341 1146 quonam
356 1113 510 1140 demum-et
524 1112 595 1139 unde
608 1111 769 1144 excidimus,
789 1111 933 1145 cogitando
950 1110 1009 1137 lue-

223 1167 281 1192 reo,
297 1166 348 1187 nec
368 1159 506 1195 explicare
524 1160 595 1194 potis
620 1166 703 1186 sum:
727 1157 784 1184 imo
806 1164 873 1185 vero
893 1156 1007 1191 patebit,

223 1206 303 1240 idque
323 1205 460 1233 facillime.
480 1205 528 1232 Via
549 1205 621 1232 enim
642 1203 715 1239 regia
740 1202 814 1231 velut
835 1202 1007 1236 excidimus,

223 1259 274 1279 nec
284 1251 374 1278 minus
389 1258 471 1286 quam
488 1251 551 1278 olim
568 1250 736 1280 deerramns.
755 1255 860 1283 nosque
886 1248 1009 1275 ludiﬁca-

223 1303 266 1324 tus
281 1301 334 1329 est,
350 1302 379 1323 ut
394 1296 510 1328 videtur,
527 1295 627 1323 Paulus
651 1295 687 1323 ita
704 1295 819 1323 dicens:
845 1303 854 1320 ι
873 1294 926 1322 Sed
945 1298 1009 1322 tunc

222 1343 332 1378 quidem
348 1343 505 1378 ignorantes
520 1342 622 1375 Deum,
643 1342 676 1370 iis
694 1342 740 1376 qui
758 1345 853 1368 natura
874 1347 926 1367 non
945 1344 1009 1367 sunt

223 1389 259 1416 dii
275 1389 446 1417 serviebatis.
459 1387 535 1416 Nunc
546 1393 635 1416 autem
646 1395 708 1415 cum
719 1386 901 1422 cognoveritis
912 1385 1008 1418 Deum,

223 1437 277 1462 imo
297 1435 399 1468 cogniti
416 1435 477 1462 sitis
491 1433 574 1470 634
589 1442 603 1460 τι
620 1433 676 1462 Deo
691 1442 699 1460 ε
720 1433 855 1468 quomodo
872 1432 1009 1460 converti-

223 1480 288 1507 mini
302 1480 401 1507 iterum
414 1480 447 1507 ad
461 1480 567 1506 inlirma
585 1483 614 1507 et
635 1486 718 1514 egena
736 1478 885 1510 elementa,
908 1477 1008 1512 quibus

222 1527 310 1554 denuo
324 1527 431 1554 servire
442 1526 523 1554 vultis
532 1525 564 1553 ’τ
581 1535 591 1551 ι
605 1525 658 1554 Ubi
678 1524 761 1557 enim,
774 1524 900 1556 obsecro,
914 1531 1008 1551 verum

222 1579 249 1600 et
261 1573 479 1601 subslantialiter
496 1572 579 1599 Deum
603 1571 782 1606 agnovimus,
799 1570 852 1598 nisi
872 1577 925 1597 una
946 1577 1007 1597 cum

223 1619 278 1646 Deo
289 1624 318 1647 ct
332 1618 413 1646 Patre
428 1617 545 1653 Spiritus
558 1616 618 1652 ejus
633 1616 703 1644 Deus
718 1623 780 1644 esse
798 1613 974 1643 declaretur?

258 1720 289 1747 Β.
310 1719 470 1752 Enimvero,
496 1717 635 1752 inquiunt,
661 1717 744 1744 Deum
773 1715 933 1751 agnovimus
959 1713 1010 1742 Pa-

225 1771 293 1794 trem
306 1770 334 1793 et
344 1764 452 1797 Filium,
468 1771 522 1791 non
540 1769 629 1791 tamen
641 1762 784 1798 Spiritum.

259 1823 292 1847 Δ.
309 1819 391 1855 Atqui
407 1817 543 1854 perversis
562 1819 617 1847 illis
637 1817 795 1846 doctoribus
815 1825 868 1844 non
890 1821 1008 1849 utemur,

226 1875 276 1895 nec
291 1866 430 1902 spiritibus
447 1867 549 1894 erroris
569 1865 752 1898 attendemus,
772 1864 918 1892 secundum
936 1863 1011 1891 Scri-

224 1919 333 1948 pturas;
351 1913 398 1941 sed
423 1912 511 1948 potius
530 1912 620 1939 inesse
639 1916 667 1938 et
689 1911 849 1939 inexsistere
870 1910 926 1938 Deo
946 1909 1011 1937 sub-

170 1962 171 1965 ‘
224 1958 388 1986 stantialiter
406 1957 537 1993 Spiritum
553 1965 630 1986 suum
644 1957 802 1988 credemus,
822 1956 892 1983 sicut
905 1955 1009 1983 homini

223 2004 336 2038 spiritus
363 2003 433 2030 inest
457 2002 595 2030 hominis:
616 2006 643 2029 et
662 2000 890 2036 quemadmodum
914 1999 936 2027 si
949 2000 1010 2034 quis

224 2054 271 2077 aut
291 2049 401 2076 Petrum
421 2049 513 2081 nobis,
532 2052 579 2076 aut
599 2048 741 2079 Joannem,
763 2046 879 2081 exempli
903 2045 1008 2081 gratia,

223 2094 422 2126 nominaverit,
438 2101 490 2121 una
503 2101 564 2120 cum
581 2093 647 2128 ipsis
662 2093 744 2120 etiam
759 2092 853 2126 utique
873 2091 940 2119 mihi
955 2091 1010 2126 spi—

223 2143 305 2169 ritum
325 2149 419 2169 corum
442 2146 469 2168 et
486 2141 532 2176 qui
555 2141 582 2168 in
603 2141 670 2175 ipsis
688 2145 730 2168 est
751 2139 946 2174 signiﬁcaverit
968 2144 1010 2166 to-

223 2189 329 2224 tiusque
352 2188 476 2215 animalis
502 2186 728 2221 signiﬁcationem
754 2185 860 2212 faciet:
891 2185 1007 2224 eadem,

1059 975 1140 1011 φύσει
1152 984 1182 1002 τε
1208 976 1256 1003 καὶ
1270 975 1380 1010 ἀληθῶς
1393 976 1460 1003 δντα
1476 976 1554 1007 Θεὸν.
1578 976 1693 1012 αὖχημά
1707 985 1738 1003 τε
1760 975 1853 1002 ποιού-

1061 1029 1136 1056 μενοι
1159 1021 1206 1048 καὶ
1219 1022 1354 1057 σωτηρίας
1369 1021 1480 1054 ἐλπίδα,
1494 1022 1526 1049 τὸ
1538 1023 1588 1058 τὴν
1604 1022 1723 1058 ἀρχαίαν
1740 1022 1791 1049 καὶ
1805 1021 1852 1056 βέ-

1059 1067 1140 1103 6ηλσν
1152 1067 1301 1095 ἀποθέσθαι
1316 1068 1461 1104 πλάνησιν,
1484 1069 1509 1095 εἰ
1532 1070 1569 1105 μὴ
1592 1070 1648 1101 τοίς
1664 1070 1715 1104 τῆς
1731 1068 1853 1104 ἀληθοῦς

1059 1113 1187 1149 θεότητος
1214 1113 1309 1146 θάκοις
1324 1114 1462 1147 οὖσιωδῶς
1486 1115 1639 1151 ἐμπρέπειν
1661 1114 1853 1150 ὁμολογοῦμεν

1058 1160 1089 1186 τὸ
1112 1160 1236 1196 Πνεῦμα,
1257 1162 1304 1187 ιιοοί
1325 1169 1392 1188 ποτε
1415 1160 1470 1197 ἄρα
1486 1161 1534 1188 καὶ
1558 1160 1640 1187 πόθεν
1663 1161 1738 1196 ίμεν,
1763 1160 1804 1192 ὡς
1822 1157 1852 1187 εὖ

1060 1206 1115 1233 ῐσθι
1139 1215 1181 1234 τοι
1205 1207 1362 1242 διηπόρηκά
1383 1215 1414 1233 τε
1439 1208 1520 1240 νοεῖν,
1543 1207 1632 1233 εἰπεῖν
1654 1206 1683 1233 δὲ
1705 1207 1758 1233 οὐκ
1780 1206 1851 1241 ἐχω-

1060 1253 1161 1288 μᾶλλον
1174 1253 1203 1280 δέ
1220 1253 1306 1287 σαφὲς
1322 1252 1357 1279 ἂν
1369 1252 1476 1287 γένοιτο
1489 1253 1537 1280 καὶ
1551 1252 1638 1288 ῥᾷστά
1652 1260 1685 1287 γε
1696 1252 1742 1287 δή.
1763 1252 1852 1287 ’Δμα-

1059 1298 1133 1332 ξιτοῦ
1146 1299 1200 1335 γὰρ
1215 1299 1310 1335 ὥσπερ
1324 1298 1578 1334 ἀποπεπτώκαμεν,
1600 1298 1804 1334 πεπλανήμεθά
1822 1307 1852 1325 τε

1059 1344 1135 1372 οὐδὲν
1149 1342 1231 1380 ἦττον
1248 1345 1265 1380 ἢ
1281 1345 1376 1377 πάλαι,
1397 1345 1566 1380 πεφενάκικε
1582 1345 1621 1377 δέ,
1636 1345 1674 1376 ὡς
1686 1344 1789 1377 ἔοικεν,
1801 1345 1849 1371 ὡδὶ

1058 1391 1146 1425 λέγων
1158 1391 1172 1416 ὁ
1187 1390 1306 1422 Παῦλος·
1323 1400 1333 1416 ι
1348 1390 1429 1417 Ἀλλὰ
1441 1391 1502 1418 τότε
1521 1391 1570 1426 μέν
1588 1391 1639 1417 οὐκ
1658 1390 1761 1422 εἰδότες
1774 1389 1849 1420 Θεὸν,

1058 1437 1233 1464 ἐδουλεύσατε
1252 1438 1309 1468 τοῖς
1323 1436 1404 1472 φύσει
1420 1437 1457 1471 μὴ
1470 1434 1533 1462 οὖσι
1549 1435 1635 1468 θεοῖς·
1652 1435 1701 1462 νῦν
1720 1435 1750 1462 δὲ
1772 1435 1849 1469 γνόν-

1057 1491 1103 1515 τες
1119 1483 1196 1515 Θεὸν,
1212 1483 1312 1518 μᾶλλον
1326 1483 1355 1508 δέ
1368 1482 1536 1516 γνωσθέντες
1549 1482 1601 1508 ὑπὸ
1616 1480 1695 1511 θεοῦ.
1713 1481 1776 1514 πῶς
1789 1483 1848 1508 ἐπι-

1059 1529 1191 1565 στρέφετε
1207 1529 1289 1556 πάλιν
1304 1529 1352 1555 ἐπὶ
1366 1528 1402 1555 τὰ
1416 1526 1515 1563 ἀσθενῆ
1532 1528 1581 1555 καὶ
1600 1528 1698 1563 πτωχὰ
1718 1530 1847 1563 στοιχεῖα,
1879 1535 1884 1541 ‘

1059 1573 1100 1605 οἷς
1112 1574 1192 1601 πάλιν
1205 1574 1309 1602 ἄνωθεν
1328 1573 1464 1601 δουλεύειν
1479 1574 1588 1607 Mite-ts;
1606 1583 1616 1599 ι
1632 1573 1688 1601 Ποῦ
1702 1574 1760 1610 γὰρ
1783 1574 1849 1606 ὅλως

1022 1593 1044 1622 C
1060 1593 1106 1647 τδῖ
1127 1620 1214 1656 ἀληθῆ
1247 1620 1294 1647 καὶ
1318 1620 1455 1652 οὐσιωδῶς
1485 1596 1647 1655 ἐγνώκαμεν
1671 1593 1789 1653 Baliaris!
1814 1594 1849 1655 μιῐι

1061 1667 1275 1701 συνθεολογείται
1287 1667 1326 1703 τῷ
1343 1667 1403 1703 Θεῷ
1417 1667 1465 1694 καὶ
1479 1667 1568 1704 Πατρὶ
1577 1668 1608 1695 τὸ
1617 1667 1735 1703 Πνεῦμα
1749 1666 1847 1699 aii-:05;

1095 1724 1126 1751 B.
1147 1725 1220 1758 Nat,
1243 1725 1310 1760 φησὶ
1319 1727 1332 1758 ,⁷
1342 1725 1409 1752 Θεὸν
1429 1725 1591 1761 ἐγνώκαμεν
1612 1725 1659 1752 τὸν
1676 1724 1790 1762 Πατέρα
1803 1723 1849 1751 καὶ

1060 1770 1105 1798 τὸν
1120 1771 1196 1804 Υίὸν,
1210 1771 1270 1806 οὐχὶ
1282 1771 1311 1797 δὲ
1323 1771 1357 1807 δὴ
1373 1771 1422 1798 καὶ
1435 1771 1465 1798 τὺ
1479 1772 1603 1807 Πνεῦμα.

1092 1829 1124 1855 Α.
1147 1828 1218 1855 Ἀλλ’
1233 1828 1263 1855 οὐ
1281 1829 1337 1860 τοῖς
1359 1828 1512 1864 διεφθορόσι
1529 1829 1575 1856 τὸν
1590 1829 1655 1855 ἴδιον
1668 1827 1734 1855 νοῦν
1749 1837 1849 1864 μυσταη

1060 1875 1161 1909 γωγοῖς
1186 1874 1354 1910 χρησόμεθα,
1379 1875 1549 1911 προσέξομεν
1570 1875 1600 1902 δὲ
1625 1875 1685 1910 οὐχὶ
1712 1875 1850 1910 πνεύμασι

1061 1920 1181 1954 πλάνης,
1198 1919 1270 1946 κατὰ
1286 1920 1335 1952 τὰς
1352 1920 1479 1956 Γραφάς·
1504 1921 1604 1946 ἐνεῖναι
1631 1920 1660 1946 δὲ
1680 1919 1782 1954 μᾶλλον
1806 1919 1851 1945 καὶ

1060 1965 1225 2000 ἐνυπάρχειν
1236 1965 1371 1997 οὖσιωδῶς
1383 1965 1565 2001 πιστεύσομεν
1577 1966 1616 2001 τῷ
1625 1966 1685 2001 Θεῷ
1699 1966 1730 1993 τὺ
1741 1966 1851 2001 Πνεῦμα

1061 2010 1142 2037 αὐτοῦ
1153 2030 1162 2043 ,
1175 2011 1250 2041 statis
1263 2011 1310 2038 καὶ
1325 2011 1462 2046 ἀνθρώπῳ
1478 2011 1508 2038 τδ
1525 2011 1696 2046 ἀνθρώπινον
1707 2019 1715 2027 ·
1738 2012 1786 2038 καὶ
1799 2011 1851 2037 ὦσ-

1061 2066 1114 2093 περ
1129 2056 1174 2090 ἂν,
1193 2057 1271 2089 εἴτις
1287 2057 1304 2093 ἢ
1320 2058 1423 2093 Πέτρον
1437 2058 1519 2093 ἡμῖν,
1535 2058 1553 2094 ἦ
1573 2058 1701 2093 Ἰωάννην
1718 2058 1851 2093 ὀνομάσαι

1060 2104 1152 2139 τυχὸν,
1167 2103 1340 2139 συνεσήμηνὲ
1359 2112 1404 2138 μοι
1419 2103 1528 2135 πάντως
1549 2103 1641 2135 αὐτοῖς
1662 2104 1712 2130 καὶ
1734 2103 1766 2130 τὸ
1788 2104 1850 2129 ἴδιον

1060 2150 1149 2177 αὐτῶν
1163 2151 1211 2177 καὶ
1225 2150 1254 2176 ἐν
1269 2150 1361 2181 αὐτοῖς
1382 2149 1503 2184 πνεῦμα.
1529 2150 1576 2176 καὶ
1597 2149 1645 2176 τοῦ
1663 2149 1764 2181 παντδς
1782 2149 1851 2181 ζώου

1061 2197 1177 2223 ποιεῖται
1190 2196 1240 2232 τὴν
1254 2196 1386 2232 δήλωσιν·
1412 2196 1484 2222 κατὰ
1507 2196 1554 2223 τὸν
1576 2196 1668 2229 αὐτὸν,
1685 2192 1775 2231 οἶμαι,
1793 2195 1851 2231 τρό-

221 2235 328 2269 opinor,
347 2234 452 2262 ratione
468 2234 494 2261 in
505 2233 587 2260 Patre
601 2237 628 2260 et
644 2232 719 2260 Filio.
737 2231 854 2266 Spiritus
868 2232 939 2258 enim
955 2238 1008 2258 una

1065 2250 1114 2268 πον
1129 2242 1175 2268 ἐπί
1183 2251 1212 2268 τε
1226 2242 1332 2277 Πατρὸς
1345 2241 1393 2269 καὶ
1402 2242 1479 2269 Tim").
1493 2241 1787 2278 Συγκατασημαίνεται
1799 2241 1851 2276 γὰρ

221 2264 284 2307 cum
300 2285 412 2314 utroque
428 2279 607 2314 signiﬁcatur,
622 2285 709 2313 neque
723 2286 787 2307 vero
801 2279 878 2313 quasi
892 2285 955 2313 pars
973 2277 1008 2305 sit

1065 2288 1188 2324 ἐκατέρῳ
1202 2288 1232 2314 τὸ
1248 2264 1376 2323 Πνεῦμα,
1392 2287 1440 2314 καὶ
1463 2288 1512 2324 οὺχ
1532 2264 1570 2319 dt;
1595 2264 1681 2323 μέροὲ
1703 2287 1735 2314 ὂν
1757 2264 1849 2317 added:

222 2327 293 2361 ejus,
309 2325 537 2360 quemadmodum
553 2328 580 2351 et
594 2324 620 2351 in
634 2323 787 2352 hominibus
801 2331 862 2351 esse
874 2324 1007 2351 videmus.

222 2370 337 2398 Exsistit
352 2370 425 2397 enim
440 2369 622 2404 ltypostatice,
635 2373 664 2396 et
683 2367 796 2396 eﬂundit
816 2368 924 2404 quidem
947 2375 1009 2395 eum

222 2416 304 2444 Pater
318 2423 352 2444 ex
370 2423 419 2444 sua
437 2420 545 2447 natura,
561 2422 592 2442 ac
611 2414 699 2451 dignis
716 2414 804 2449 ipsum
825 2421 932 2449 quoque
954 2414 1009 2440 lar—

221 2463 295 2497 gitur
318 2462 374 2498 ipse
389 2460 486 2489 Filius.
505 2461 619 2496 lmpium
639 2467 705 2489 vero
723 2464 751 2488 et
772 2460 870 2488 summi
890 2460 1009 2495 stuporis

221 2513 274 2541 est,
291 2508 318 2535 in
337 2507 491 2534 dualitatem
511 2514 623 2539 secare,
639 2512 667 2535 et
682 2507 880 2541 quodammodo
900 2511 1009 2533 contra-

221 2554 289 2581 here
302 2553 402 2580 audere
414 2552 522 2580 deitatis
533 2557 670 2583 naturam,
688 2559 750 2579 cum
773 2557 867 2578 sancta
888 2556 916 2579 et
937 2551 1008 2579 divi-

222 2599 295 2626 nitus
318 2598 449 2634 inspirata
468 2598 610 2634 Scriptura
636 2597 772 2632 expandat
792 2597 899 2632 quidem
920 2597 1008 2632 ipsum

222 2640 420 2680 quodammodo
446 2644 473 2672 in
501 2645 590 2672 tribus
616 2642 818 2679 hypostasibus,
843 2650 874 2670 ac
902 2650 1009 2670 rursum

223 2688 332 2724 colligat
347 2695 393 2724 per
406 2689 587 2717 omnimodam
610 2687 791 2723 aequalitatem
813 2691 841 2714 et
858 2687 1011 2715 similitudi-

225 2742 285 2761 nem
314 2735 341 2762 in
364 2735 512 2762 naturalem
538 2735 672 2763 unitatem
697 2740 729 2761 ac
756 2733 924 2761 identilatcm
943 2734 1008 2762 sub~

223 2779 338 2807 stantizc.

1062 2334 1135 2362 καθὰ
1149 2334 1196 2360 κα)⁸
1207 2334 1251 2360 ἐπ’
1268 2333 1417 2370 ἀνθρώπων
1428 2333 1553 2370 νοοῦμεν.
1568 2334 1723 2369 ’Υφέστηκε
1737 2333 1793 2368 γὰρ
1807 2332 1852 2359 ίδι-

1063 2381 1130 2412 κῶς,
1145 2380 1191 2408 καὶ
1205 2381 1315 2417 προΐησι
1328 2381 1376 2416 μὲν
1391 2381 1420 2414 ἐξ
1436 2380 1505 2412 ἰδίας
1518 2379 1586 2408 αὐτὸ
1597 2379 1706 2414 φύσεως
1718 2380 1733 2406 ὁ
1746 2377 1851 2413 Πατὴρ.

1063 2426 1216 2462 χορηγεῖδέ
1230 2428 1287 2458 τοῖς
1303 2427 1388 2460 ἀξίοις
1400 2427 1448 2454 καὶ
1462 2426 1543 2457 αὐτὸς
1557 2426 1571 2453 ό
1586 2425 1663 2458 Υἱός.
1674 2424 1812 2456 Δυσσεὸἐς
1825 2423 1852 2450 δὲ

1061 2472 1110 2499 καὶ
1122 2471 1297 2507 ἀπόπληκτον
1312 2471 1422 2508 κομιδῇ,
1443 2471 1475 2498 τὸ
1497 2470 1627 2498 κολοϐοῦν
1640 2470 1682 2502 είς
1694 2469 1791 2501 δυάδα,
1807 2468 1853 2495 καὶ

1061 2516 1143 2543 οἱονεὶ
1159 2515 1314 2543 συστέλλειν
1327 2515 1483 2551 ἀποτολμᾷν
1493 2515 1542 2551 τὴν
1556 2515 1606 2550 τῆς
1618 2515 1749 2550 Θεότητος
1761 2514 1853 2549 φύσιν,

1062 2562 1152 2589 καίτοι
1176 2570 1207 2596 γε
1230 2562 1280 2598 τῆς
1293 2562 1373 2596 ἁγίας
1389 2561 1436 2588 καὶ
1459 2560 1640 2588 θεοπνεύστου
1661 2560 1793 2596 Γραφῆς,
1812 2559 1852 2592 ἐξ·

1064 2606 1205 2642 απλούσης
1221 2605 1272 2641 μὲν
1285 2605 1370 2642 αὐτὴν
1385 2606 1423 2638 ὡς
1447 2606 1477 2633 ἐν
1499 2606 1669 2632 ὑποστάσεσι
1683 2606 1746 2637 ταῖς
1762 2604 1852 2639 τρισὶ,

1064 2652 1277 2688 συναγειρούσης
1297 2651 1327 2678 δὲ
1349 2650 1382 2679 αὖ
1403 2651 1447 2679 διὰ
1471 2652 1520 2688 τῆς
1543 2652 1660 2680 εἰσάπαν
1679 2651 1804 2686 ίσότητός
1824 2658 1852 2676 τε

1064 2698 1110 2725 καὶ
1122 2698 1291 2733 ὁμοιότητος,
1306 2698 1345 2731 εἰς
1360 2698 1474 2734 ἑνότητα
1489 2698 1607 2735 φυσικὴν
1628 2698 1676 2726 καὶ
1689 2698 1731 2730 εἰς
1748 2697 1779 2724 τὸ
1790 2705 1850 2723 ταυ-

1063 2742 1109 2769 τὸν
1123 2742 1153 2769 ὲν
1169 2742 1258 2778 οὐσίᾳ.
1643 2738 1649 2744 ’

259 2896 269 2911 ⁸
284 2895 364 2923 Prov.
381 2903 448 2923 ιλιι.
463 2896 507 2923 28.
547 2897 556 2911 ’
575 2896 673 2929 Ephcs.
688 2905 726 2930 ιν,
748 2897 775 2925 5.
814 2896 824 2911 ⁸
841 2896 862 2924 Il
880 2896 952 2925 i‘ctr.
972 2905 990 2925 ιι
1008 2917 1015 2931 ,
1036 2898 1081 2925 ‘22.
1120 2898 1135 2936 ’_
1148 2898 1235 2927 Gu'at.
1253 2907 1289 2934 tv,
1304 2899 1330 2933 8,
1346 2899 1372 2927 9.
