1937 3036
103 157 174 186 1081

636 159 681 189 DE
700 160 750 189 SS.
771 161 957 192 TRlNlTATE
975 164 1148 195 DIALOGIJS
1168 167 1225 196 VII.

1671 170 1740 199 1082

139 216 170 243 Β.
191 217 278 244 Πόθεν
300 213 360 250 οὖν,
383 219 474 254 φησὶν,
500 218 518 254 ἢ
541 219 600 252 πῶς
619 219 653 247 ἂν
676 223 771 255 νοοῖτο,
797 222 846 250 καὶ
867 223 886 249 τί

984 224 1014 252 D.
1037 225 1176 254 Undenam
1190 227 1282 262 igitur,
1299 226 1436 263 inquiunt,
1449 231 1497 254 aut
1510 227 1647 262 quomodo
1659 236 1741 264 agno-

98 262 220 298 Πνεῦμα
235 263 301 295 Θεός
311 272 320 297 ;

138 309 172 336 Δ.
201 309 260 344 Ἀφ’
281 306 319 337 ὧν
333 307 403 337 εϊιιτι
421 311 552 346 πέφυκεν,
568 309 591 339 ὧ
603 314 711 347 γενναῖε
735 314 783 340 καὶ¹
812 313 842 346 ἐξ
856 311 895 342 ὧν

98 355 115 381 ὃ
132 355 159 382 τί
175 356 240 383 ποτέ
254 357 313 383 ἐστι
326 356 397 383 κατὰ
408 357 498 392 φύσιν,
511 358 549 390 ὡς
564 357 604 385 ἔνι
618 360 794 394 γνωρίζεται.
811 361 896 387 Γινώ-

99 410 202 429 σκεται
222 402 251 429 δὲ
274 402 308 429 τὰ
328 404 393 430 ὄντα
408 404 499 436 καλῶς
511 423 519 436 ,
541 404 589 439 ἀφ’
603 401 640 431 ὧν
655 405 769 433 ἕκαστον
785 406 896 442 ἀληθῶς

97 449 181 476 ἐστιν
191 457 197 463 ·
217 448 357 484 ὀνομάτων
373 449 401 476 δὲ
416 449 483 487 ἡμῖν
495 449 527 476 οὐ
542 450 646 485 σφόδρα
668 450 752 483 πολὺς
764 452 778 478 ό
799 451 894 486 λόγος,

98 496 144 527 εἰς
168 495 323 531 ἀναγκαίαν
345 495 461 532 δήλωσιν
477 495 532 523 τῶν
553 496 680 529 ἀπλανῶς
704 498 894 533 ἐγνωσμένων,

98 543 128 569 εἰ
152 543 201 570 καὶ
223 542 359 578 χρήσιμος
385 543 442 574 τοῖς
473 540 550 570 οὖσιν
572 545 589 580 ἡ
619 544 728 579 ἑκάστῳ
750 545 894 580 πρέπουσα

99 589 211 624 κλῆσις.

138 637 171 663 Β.
191 636 333 668 Σκοτεινὸς
345 637 360 663 ὀ
373 636 461 670 λόγος,
481 636 594 672 συνίημι
608 636 637 663 δὲ
650 636 681 664 οὐ
695 636 807 672 σφόδρα.

136 682 170 710 Α.
196 681 268 716 Ἐγὼ
284 682 382 718 φράσω
394 690 401 697 ·
423 682 617 709 καταλευκανῶ
640 681 711 719 γὰρ,
726 681 765 714 ὡς
779 679 835 709 οἷόν
852 690 892 716 τε,

97 728 133 755 τὸ
155 728 337 764 δηλούμενον·
351 728 427 756 Ζῶον
440 729 560 763 λογικὸν,
584 729 691 765 θνητὸν,
706 729 753 756 νοῦ
769 729 818 756 καὶ
831 729 893 756 ὲπι-

98 775 214 810 στήμης
228 774 361 807 δεκτικὸν,
378 775 403 802 εὶ
421 776 486 810 περί
498 775 544 802 τού
559 784 602 807 τις
615 775 700 810 λέγοι,
725 776 751 803 τί
763 775 797 803 ἂν
811 775 893 803 αὑτὸν

94 820 222 855 ὡρίσθαι
237 820 329 856 δοίης,
342 818 364 848 ὦ
378 821 454 856 ’γαθέ
466 830 474 854 ;

128 867 162 894 Β.
186 867 348 903 ’Ἄνθρωπον
363 867 494 902 δηλονότι.

948 276 1038 298 scetur
1049 271 1131 298 etiam
1145 272 1264 308 Spiritus
1278 280 1340 300 esse
1353 271 1447 300 Deus?

982 317 1015 344 A.
1038 317 1077 344 Ex
1094 322 1189 346 natura
1203 326 1265 351 sua,
1279 326 1296 346 ο
1311 319 1390 351 bone,
1403 323 1430 346 et
1442 327 1475 347 ex
1497 325 1530 346 eo
1551 318 1621 354 quod
1634 323 1676 346 est
1693 327 1738 348 se-

946 363 1062 390 cundum
1079 370 1215 398 naturam,
1232 365 1320 400 quoad
1338 365 1410 399 licet,
1424 366 1590 400 agnoscitur.
1615 366 1667 392 Res
1687 374 1737 392 auo

947 413 1001 436 tem
1023 415 1097 437 recte
1115 417 1315 446 cognoscuntur
1329 419 1361 439 ex
1386 419 1419 439 80
1429 412 1501 446 quod
1514 419 1682 447 unaquaeque
1695 416 1738 440 Esi.

946 462 1050 482 revera.
1073 454 1212 484 Vocabula
1229 461 1319 485 autem
1342 464 1394 484 non
1425 457 1568 485 admodum
1591 465 1736 490 curamus,

945 507 975 530 ut
998 503 1152 531 necessario
1173 504 1361 540 signiﬁcentur
1383 511 1416 532 ea
1437 512 1497 539 quae
1522 505 1591 532 citra
1615 512 1736 532 errorem

946 552 1009 575 nota
1036 553 1118 582 sunt,
1146 549 1211 577 licet
1232 550 1379 586 unicuique
1403 550 1570 578 conveniens
1592 550 1736 586 appellatio

946 593 1028 622 rebus
1039 595 1076 622 sit
1088 595 1173 623 utilis.

980 640 1010 667 Β.
1032 640 1153 669 Obscura
1171 647 1234 670 sunt
1249 650 1309 677 qua:
1326 643 1404 676 dicis,
1420 651 1470 671 nec
1480 651 1511 672 ea
1526 647 1601 672 recte
1609 643 1699 678 capio.

978 685 1011 712 Α.
1035 686 1127 714 Dicam
1143 694 1233 722 porro.
1245 687 1401 723 Explanabo
1414 689 1497 721 enim,
1507 693 1636 723 quantum
1651 689 1677 716 in
1692 695 1735 716 me

943 737 995 764 est,
1013 732 1040 760 id
1055 732 1128 767 quod
1150 733 1281 760 inuuitur.
1305 734 1412 761 Animal
1433 734 1579 766 rationale,
1602 734 1733 766 mortaie,

944 776 1098 804 intellectus
1110 782 1139 804 et
1150 777 1273 805 scientia:
1288 785 1384 812 capax,
1400 778 1422 805 si
1434 778 1496 813 quis
1509 778 1542 806 de
1554 778 1645 814 aliquo
1655 778 1731 806 dixe-

943 823 990 855 rit,
1010 824 1139 858 quidnam
1156 823 1243 859 ipsttm
1258 823 1413 852 deiinivisse
1429 824 1514 857 dices,
1535 825 1661 852 obsecro.

978 869 1009 896 Β.
1031 869 1173 897 Hominem
1189 870 1326 897 videlicet.

134 913 171 940 Α.
189 913 222 940 Et
234 900 262 940 δὲ
277 913 310 948 δὴ
326 913 375 940 καὶ
389 900 459 946 ζῶον
474 913 560 948 λέγοι,
579 912 719 949 προσθεὶς,
733 913 776 940 ὅτι
787 922 886 949 χρεμε-

975 915 1009 942 A.
1030 915 1079 943 Sin
1093 920 1184 943 autem
1199 916 1283 950 dicat,
1300 915 1402 944 animal
1416 916 1571 945 hinnibile?

93 959 221 986 πειστικόν
229 967 238 992 ;

130 1005 164 1033 Β.
182 1005 268 1041 Φαιην
281 1005 325 1039 ἂν,
335 1005 433 1033 ἵππον.

130 1049 166 1076 Α.
187 1047 253 1076 Εῐτα
279 1049 481 1085 σεσιωπηκάτος
494 1049 525 1077 τὸ
539 1049 673 1085 ἐκατέρου
693 1050 749 1077 τῶν
771 1050 892 1086 ὡρισμέ-

92 1105 150 1123 νων
172 1095 269 1132 ὅνομα,
290 1095 350 1128 πῶς
372 1096 406 1124 ἂν
429 1096 512 1129 αὐτὸς
536 1096 606 1132 ἔφης
632 1097 777 1134 ἄνθρωπόν
797 1106 827 1124 τε
842 1097 890 1126 καὶ

92 1143 183 1169 ἵππον
192 1151 200 1175 ;

130 1189 164 1216 Β,
185 1189 256 1221 Ὅτι,
271 1185 295 1216 ὦ
319 1189 422 1225 ἑταῖρε,
438 1188 509 1225 πλὴν
525 1187 583 1225 [γρ.
599 1188 662 1225 τὴν]
676 1189 821 1226 ἀνθρώπου
842 1189 890 1216 καὶ

92 1235 182 1262 ἵππου
202 1235 284 1270 φύσιν
302 1235 431 1271 ὡρίσατο.

128 1281 163 1308 Α.
183 1281 215 1308 Ei
228 1281 257 1308 δὲ
273 1281 304 1316 δή
321 1290 363 1313 τις
377 1281 497 1317 ὲπετίμα
512 1281 590 1309 ταυτί
604 1290 645 1309 σοι
661 1281 823 1318 διειρηκότι,
840 1283 888 1309 καὶ

92 1327 168 1362 μήτε
186 1327 330 1363 ἄνθρωπον
345 1325 415 1355 εἶναι
435 1328 466 1355 τὸ
479 1327 550 1360 ζῶον
562 1328 593 1355 τὸ
605 1328 725 1362 λογικὸν,
743 1329 814 1364 μήτε
833 1328 886 1364 μὴν

92 1374 179 1400 ἵππον
200 1373 252 1409 ἔφη
277 1374 308 1400 τὸ
338 1375 557 1410 χρεμετιστικὸν,
583 1375 634 1402 οὐκ
659 1374 887 1410 ἐπενηνεγμένων

89 1421 151 1451 τοῖς
163 1421 238 1455 ὅροις
260 1422 317 1447 τοῖν
332 1421 493 1456 ὀνομάτοιν,
510 1419 555 1457 ἆρ’
574 1421 606 1447 οὺ
628 1421 755 1456 περιττὸν
778 1421 825 1447 καὶ
843 1420 888 1453 EE-

92 1466 230 1500 εστηκότα
243 1466 290 1493 καὶ
301 1465 504 1501 ὀλιγογνώμονα
523 1465 717 1501 διακεκλῆσθαι
730 1465 784 1492 δεῖν
797 1465 843 1492 τόν
855 1474 886 1500 γε

90 1511 181 1544 οὕτως
196 1512 290 1548 ἀμαθῆ
301 1511 498 1547 δικαιώσομενς

131 1560 161 1586 Β.
178 1559 254 1586 Πάνυ
271 1559 321 1594 μὲν
333 1556 390 1586 οὖν.
575 1571 582 1577 ~

129 1607 161 1632 A.
185 1605 309 1632 ’Δνθὸτου
325 1605 354 1631 δὲ
378 1605 410 1640 δὴ
423 1605 501 1632 τοῦτο
515 1605 591 1640 δρᾷς,
609 1604 637 1631 ετ
655 1613 698 1636 τις
723 1604 813 1640 ἔροιτό
840 1612 884 1637 σε,

91 1652 140 1678 καὶ
149 1651 300 1686 ἀναμαοεῖν
316 1650 402 1686 ἠξίου,
416 1651 443 1677 τί
454 1650 486 1678 ἂν
499 1651 657 1686 ἀπεκρίνως

127 1697 158 1723 Β.
176 1697 267 1732 Ἔφην
289 1697 333 1729 ἂν,
349 1697 390 1723 ὅτι
414 1698 471 1728 τοῖς
491 1697 562 1731 ἄγαν
575 1697 663 1732 ὀρθῶς
686 1698 734 1725 καὶ
753 1698 886 1734 ἐντέχνως

91 1741 254 1777 ὡρισμένοις
278 1742 308 1768 τὸ
330 1742 470 1777 ἐπιτιμᾷν,
493 1742 609 1777 ἀμαθές.
630 1743 710 1775 Ἴδιος
730 1744 781 1779 μὲν
803 1744 856 1780 γὰρ
870 1745 885 1772 ὀ

91 1787 211 1814 ἑκάστου
230 1787 285 1814 τῶν
303 1787 388 1814 ὄντων
414 1788 503 1822 λόγος,
518 1788 587 1824 ὅπερ
607 1788 680 1815 ἐστὶν
697 1789 815 1824 ἀληθῶς,
835 1799 886 1817 κα-

91 1832 237 1863 ταδεικνύς
249 1841 255 1847 ⁸
271 1832 424 1868 ὁμωνύμως
438 1833 467 1859 δὲ
481 1833 611 1866 πολλάκις
623 1833 772 1870 ἐκφέρεται
785 1834 818 1861 τὰ
830 1834 885 1862 ὀνό-

93 1889 167 1915 ματα
172 1900 180 1906 .

126 1924 160 1950 Α.
179 1923 284 1950 Οὐκοῦν
305 1923 476 1960 ἀληθεστέρα
497 1924 544 1951 καὶ
558 1923 683 1960 ἀπλανὴς
697 1924 751 1951 τῶν
765 1925 851 1952 ὄντων
866 1926 883 1961 ἡ

89 1969 220 2004 δήλωσις,
232 1970 257 1996 εἰ
273 1969 320 2004 ἀφ’
333 1965 370 1996 ὧν
386 1969 501 1997 ἕκαστον
526 1969 596 1996 κατὰ
613 1969 694 2005 φύσιν
716 1970 791 1997 ἐστὶν
803 1970 884 2005 ἀκρι-

90 2015 149 2048 ϐῶς
165 2014 346 2049 βασανίζοιτο,
367 2015 413 2042 καὶ
432 2015 493 2051 οὐχὶ
511 2015 621 2047 πάντως
640 2015 669 2049 ἐξ
680 2015 832 2051 ὀνομάτων.
848 2016 884 2043 Ἦ

89 2062 147 2098 γὰρ
163 2063 226 2098 οὐχὶ
237 2062 268 2090 τὸ
286 2062 423 2098 ἄφθαρτον
443 2062 491 2089 καὶ
512 2061 676 2098 ἀνώλεθρον,
690 2062 774 2089 ἀΐδιόν
791 2071 822 2088 τε
837 2061 885 2089 καὶ

87 2109 286 2142 ἀναλλοίωτον,
314 2110 348 2145 τῇ
373 2109 426 2136 τῶν
457 2109 527 2136 ὅλων
555 2109 674 2145 βασιλίδι
708 2108 884 2144 προσάψομεν

88 2163 174 2188 φησει
186 2162 193 2186 ;

125 2201 158 2227 Β.
177 2200 239 2232 Πῶς
255 2200 308 2236 γὰρ
320 2200 370 2234 ob;

123 2247 159 2274 Α.
179 2247 213 2273 Τί
227 2247 266 2279 δὲ,
276 2247 337 2274 εἰπέ
352 2255 410 2283 μοι,
426 2248 467 2281 τὺ,
482 2247 563 2280 Θεόςς

125 2293 158 2320 Β.
171 2292 245 2328 Αὕτη
257 2293 288 2329 δὴ
305 2293 475 2330 πρεπόντως.

124 2341 159 2367 Α.
181 2339 250 2366 Ἀλλ’
265 2339 319 2366 ἴδια
334 2340 384 2375 μὲν
407 2339 495 2375 αὐτῆς
515 2338 545 2365 τὸ
562 2338 701 2375 ἄφθαρτόν
717 2348 746 2367 τε
769 2340 816 2367 καὶ
836 2340 884 2367 ἁν-

87 2386 229 2421 ώλεθρον·
243 2385 330 2421 ὄνομα
345 2386 374 2413 δὲ
384 2386 424 2419 τὸ,
440 2385 517 2418 Θεὸς,
539 2385 632 2421 κοινὴν
648 2386 703 2422 [γρ.
722 2386 823 2422 κοινὸν]
834 2386 884 2422 μὲν

86 2432 229 2467 ἀγγέλοις,
245 2432 333 2459 κοινὸν
354 2432 382 2458 δὲ
399 2433 465 2467 ἡμῖν
490 2432 594 2464 αὐτοῖς,
617 2433 642 2459 εἰ
658 2433 706 2460 καὶ
727 2433 883 2469 εἰσποίητον

87 2479 138 2505 καὶ
150 2478 235 2505 δοτόν.
254 2478 381 2513 Ὁμοίως,
396 2478 485 2505 ἔνεστι
498 2478 548 2514 μὲν
561 2478 698 2514 ἀνθρώπῳ
709 2479 741 2506 τὸ
755 2479 862 2514 λογικόν
874 2488 881 2495 ·

87 2526 178 2560 ὄνομα
194 2525 223 2552 δὲ
240 2525 282 2557 τὸ,
293 2525 448 2561 ἄνθρωπος,
464 2524 579 2556 καὶτοῖς
595 2525 629 2552 ὲκ
641 2524 717 2551 λίθου
732 2525 884 2561 πεποιημέ-

86 2580 159 2604 νοις,
176 2571 260 2607 ήγουν
278 2571 309 2604 ἐξ
325 2570 392 2606 ὕλης
407 2571 515 2607 ἐτέρας,
537 2572 577 2603 εις
596 2568 666 2603 εἶδος
681 2570 712 2598 τὸ
731 2571 793 2598 καθ’
808 2571 883 2607 ἡμᾶς

87 2615 120 2645 εὖ
137 2617 210 2652 μάλα
225 2617 458 2653 τετορνευμένοις.
481 2616 534 2644 Ἴθι
547 2617 580 2652 δὴ
603 2614 650 2644 οὗν
668 2617 716 2644 ἐπὶ
734 2617 766 2644 τὸ
782 2617 882 2653 χρῆναι

89 2665 205 2691 σκοπεῖν
228 2664 332 2699 πότερα
346 2663 377 2691 τὸ
390 2664 504 2698 Πνεῦμα
527 2663 594 2696 Θεάς
608 2672 640 2691 τε
650 2664 698 2691 καὶ
709 2664 738 2691 ἓν
751 2663 823 2699 Θεῷ,
836 2665 883 2692 καὶ

88 2709 120 2741 ἐξ
146 2709 228 2736 αὑτοῦ
246 2708 380 2743 φυσικῶς,
400 2708 449 2735 ἅτε
469 2708 503 2744 δὴ
525 2709 572 2736 καὶ
595 2710 652 2741 τοῖς
676 2709 726 2744 τῆς
754 2709 881 2745 θεότητος

89 2753 236 2789 ἰδιώμασιν
251 2753 389 2785 οὺσιωδῶς
405 2753 720 2789 ὲνηγλαῖσμένον,ῆγουν
731 2755 792 2781 κατ’
808 2754 881 2781 ἔκει-

87 2809 150 2832 νους
163 2799 251 2835 ἁληθῆ
274 2800 323 2835 τὴν
345 2799 515 2836 κατάρρησιν
539 2799 586 2826 καὶ
607 2799 774 2835 ἀποχρῶσαν
789 2800 822 2827 ἂν
837 2799 879 2826 δέ·

88 2847 166 2880 ξαιτο
181 2847 274 2873 αἰτίαν
291 2845 338 2872 τοῦ
358 2847 412 2873 δεῖν
429 2846 494 2873 αὐτὸ
510 2846 560 2881 τῆς
577 2846 645 2881 προς
659 2846 725 2872 Θεὸν
738 2847 879 2882 ὸμοουσιό-

88 2903 167 2930 τητος
182 2893 351 2928 ἀπολισθεῖ-ι,
374 2895 435 2922 ἐπεὶ
452 2895 488 2931 μὴ
511 2895 667 2930 ὠνόμασται
688 2894 763 2927 Θεός.
781 2895 877 2922 Καίτοι

977 1003 1006 1030 Β.
1025 1003 1145 1032 Direrim
1161 1011 1223 1032 esse
1239 1012 1352 1040 equum.

974 1049 1007 1077 Α.
1027 1050 1063 1077 At
1079 1059 1140 1078 cunt
1163 1051 1303 1086 utriusque
1323 1051 1362 1078 rei
1376 1049 1496 1078 deﬁnita:
1516 1057 1615 1078 nomen
1637 1056 1730 1079 tacue-

939 1095 987 1129 rit,
1000 1097 1136 1131 quomodo
1154 1096 1257 1125 dixeris
1272 1098 1409 1126 hominem
1423 1105 1483 1125 esse
1498 1101 1526 1124 et
1540 1097 1660 1132 equum!

976 1188 1007 1216 Β.
1027 1187 1174 1222 Propterea
1196 1188 1279 1224 quod,
1293 1187 1392 1220 amice.
1418 1187 1535 1216 hominis
1554 1191 1582 1216 et
1603 1187 1666 1223 equi
1681 1195 1731 1215 na-

938 1238 1027 1261 turam
1041 1233 1158 1261 deﬂniit.

973 1280 1006 1306 A.
1023 1279 1082 1307 Jam
1098 1279 1121 1307 si
1137 1280 1199 1314 quis
1225 1284 1252 1308 te
1267 1279 1325 1307 haec
1340 1279 1476 1308 dicentem
1499 1283 1605 1314 arguat,
1621 1286 1654 1306 ac
1679 1286 1729 1307 nc-

937 1333 990 1361 que
1009 1325 1091 1361 635
1107 1325 1244 1353 hominem
1269 1332 1329 1353 esse
1351 1324 1452 1353 animal
1471 1325 1616 1358 rationale,
1641 1332 1730 1360 neque

937 1379 1019 1407 porro
1034 1379 1133 1406 equum
1148 1371 1251 1399 animal
1265 1371 1398 1399 hinuibile
1413 1379 1474 1399 esse
1490 1372 1574 1403 dicat,
1589 1371 1662 1406 quod
1678 1371 1728 1398 de-

937 1418 1107 1445 ﬁnitionibus
1124 1417 1230 1451 adjecta
1244 1425 1297 1444 non
1311 1417 1366 1444 sint
1380 1417 1489 1445 nomina
1502 1425 1509 1443 :
1526 1424 1616 1445 nonne
1633 1417 1727 1444 rudem

937 1471 970 1491 ac
991 1464 1139 1498 stupidum,
1155 1469 1183 1491 et
1200 1462 1306 1499 angusti
1318 1462 1401 1490 animi
1423 1463 1574 1490 vocandum
1598 1470 1659 1491 esse
1677 1463 1728 1491 ho-

936 1511 1040 1538 minem
1059 1511 1132 1537 illutn
1143 1510 1210 1538 adeo
1225 1510 1349 1545 ignarum
1359 1509 1563 1544 iudicabimus?

972 1557 1002 1584 Β.
1024 1556 1062 1584 ita
1079 1564 1202 1591 prorsus.

972 1603 1005 1630 Α.
1027 1603 1059 1630 At
1074 1603 1096 1630 si
1114 1603 1176 1638 quis
1203 1608 1229 1630 te
1257 1602 1454 1638 interrogaret,
1485 1610 1517 1630 nc
1539 1602 1728 1630 sciscitaretur

936 1650 1113 1685 quamobrem
1132 1649 1206 1676 istud
1223 1649 1300 1681 facis,
1314 1650 1379 1684 quid
1392 1649 1588 1684 responderes?

970 1695 1001 1722 B.
1023 1695 1147 1723 Dicerem
1163 1695 1257 1722 rustici
1271 1700 1299 1722 et
1313 1695 1432 1729 imperiti
1448 1702 1517 1726 esse,
1532 1702 1576 1722 res
1593 1699 1646 1721 tam
1660 1694 1728 1721 bene

934 1746 1049 1776 tamque
1062 1741 1211 1768 artiﬁciose
1226 1741 1353 1768 deﬁnitus
1367 1748 1491 1776 arguere.
1511 1739 1729 1774 Uniuscujnsque

934 1789 1007 1817 enim
1024 1789 1062 1816 rei
1079 1789 1186 1823 propria
1199 1792 1242 1816 est
1257 1787 1390 1821 deﬁnitio,
1413 1795 1472 1822 quin
1492 1788 1556 1822 quid
1578 1795 1670 1815 revera
1691 1787 1728 1814 ait

935 1834 1074 1862 ostendit:
1098 1833 1210 1861 nomina
1234 1840 1299 1861 vero
1318 1833 1458 1868 tequivoce
1482 1832 1643 1867 plerumque
1666 1831 1727 1859 eﬂ'e-

937 1885 1045 1906 runtur.
1124 1870 1129 1876 .
1706 1891 1709 1894 '

970 1925 1003 1953 A.
1024 1925 1116 1960 Itaque
1135 1925 1229 1952 verior
1241 1928 1269 1951 et
1283 1923 1387 1951 erroris
1405 1929 1503 1958 expers
1516 1927 1559 1950 est
1575 1930 1664 1950 rerum
1679 1922 1726 1950 de-

935 1971 1106 2004 monstratio,
1125 1971 1150 1998 si
1173 1970 1343 2005 unaqumque
1361 1977 1395 1998 ex
1424 1976 1456 1996 eo
1478 1969 1550 2004 quod
1573 1973 1614 1996 est
1631 1976 1727 1996 secun-

935 2019 1000 2046 dum
1022 2023 1148 2045 naturam
1167 2017 1353 2052 expendatur,
1377 2024 1431 2044 non
1447 2021 1538 2043 autem
1561 2023 1595 2044 ex
1613 2016 1728 2043 nomini-

935 2064 995 2092 bus.
1011 2064 1118 2100 Alioqui
1136 2064 1227 2096 enim,
1243 2071 1332 2090 nonne
1358 2062 1478 2090 universi
1502 2063 1602 2098 regina
1623 2067 1727 2089 natura

935 2111 1176 2145 incorruptionem,
1200 2109 1380 2138 aeternitatem
1394 2128 1402 2141 ,
1425 2113 1453 2137 et
1473 2108 1725 2137 iuunutabiiitatem

935 2156 1088 2184 tribuemus
1101 2157 1113 2183 ?

971 2203 1002 2230 B.
1023 2202 1150 2231 Omnino.

899 2255 922 2283 ι)
970 2249 1004 2276 Α.
1025 2249 1158 2283 Quidnam
1174 2256 1239 2276 vero
1254 2254 1298 2277 est
1311 2249 1395 2282 Deus,
1412 2248 1547 2277 obsecro!

971 2295 1002 2322 Β.
1025 2296 1083 2330 Ipsa
1097 2300 1139 2323 est
1150 2295 1244 2330 utique
1260 2301 1356 2323 natura
1374 2295 1479 2330 regina.

971 2342 1004 2368 Α.
1023 2342 1058 2368 At.
1075 2342 1184 2376 propria
1204 2341 1314 2377 quidem
1338 2346 1403 2369 sunt
1421 2341 1522 2376 ipsius,
1543 2339 1723 2374 incorruptio,

934 2392 961 2415 et
973 2388 1182 2416 immortalitas:
1207 2395 1304 2415 nomen
1321 2392 1421 2421 autem,
1444 2386 1509 2415 illud
1521 2407 1529 2419 ,
1554 2386 1635 2418 Deus,
1652 2393 1727 2414 com-

934 2442 1015 2462 mune
1037 2439 1079 2462 est
1102 2434 1214 2470 angelis,
1239 2441 1383 2462 commune
1405 2437 1433 2461 et
1459 2432 1538 2460 nobis
1565 2432 1642 2468 ipsis,
1662 2432 1727 2460 licet

934 2480 1082 2509 ascititium
1109 2488 1141 2507 ac
1164 2480 1255 2508 datum
1282 2481 1328 2508 sit.
1354 2479 1495 2512 Similiter,
1522 2478 1594 2506 inest
1615 2478 1725 2513 quidem

934 2527 1048 2561 homini,
1063 2527 1205 2559 rationale,
1225 2533 1324 2554 nomen
1342 2533 1418 2558 vero,
1435 2527 1535 2558 homo,
1552 2525 1658 2561 ligneis,
1678 2528 1726 2551 aut

934 2580 966 2600 ex
981 2573 1033 2600 alia
1049 2573 1162 2600 materia
1180 2572 1214 2600 ad
1230 2576 1350 2600 nostram
1363 2571 1478 2608 eﬁigiem
1494 2572 1633 2607 expressis
1656 2571 1727 2598 ima-

933 2618 1042 2654 ginibus
1057 2618 1194 2646 tribuitur.
1207 2618 1263 2653 Age
1273 2626 1349 2654 ergo,
1361 2617 1506 2647 considera
1522 2622 1616 2644 utrum
1635 2615 1724 2651 Spiri-

935 2670 978 2693 tus
995 2665 1032 2693 sit
1046 2665 1127 2699 Deus,
1143 2670 1170 2693 et
1183 2665 1209 2692 in
1222 2665 1288 2699 Deo,
1304 2670 1331 2693 et
1343 2673 1377 2693 ex
1397 2665 1456 2700 ipso
1468 2663 1640 2696 naturaliter,
1655 2668 1724 2696 prte-

932 2711 1029 2738 sertim
1040 2718 1102 2739 cum
1114 2710 1224 2738 deitatis
1243 2717 1351 2745 quoque
1367 2709 1578 2745 proprietatibus
1597 2707 1724 2735 substan-

933 2756 1034 2784 tialiter
1048 2755 1223 2791 prmfulgeat;
1238 2759 1285 2781 aut
1299 2755 1408 2786 idonea,
1427 2758 1458 2781 ut
1474 2753 1510 2780 illi
1527 2753 1631 2785 volunt,
1644 2751 1722 2785 culpa

932 2801 1142 2832 condemnatus,
1156 2799 1442 2828 consubstantialitate
1464 2806 1526 2826 cum
1543 2798 1598 2825 Deo
1613 2797 1724 2825 excide-

932 2847 978 2878 rit,
991 2847 1211 2882 quandoquidem
1227 2855 1279 2874 non
1292 2851 1333 2874 est
1347 2846 1419 2873 Deus
1430 2849 1609 2879 nuncupatus.
1625 2843 1659 2870 At
1673 2850 1722 2870 nos

931 2894 1001 2921 citra
1023 2893 1142 2921 laborem
1163 2892 1208 2921 hic
1224 2893 1305 2921 etiam
1325 2896 1458 2928 nugantcs
1480 2891 1550 2927 illos
1573 2890 1721 2925 redargue-
