1937 3036
41 175 105 204 1085

568 178 611 206 DE
630 178 680 206 SS.
702 177 888 207 TRINITA’I‘E
908 179 1082 210 DlALOGUS
1102 181 1158 210 νη.

1599 182 1667 212 1086

41 237 99 270 περὶ
119 235 271 270 ἀνθρώπου
287 236 376 270 λόγος,
396 237 508 268 είκότως
527 237 560 264 ἂν
584 238 694 274 οἴσομεν
709 239 749 271 εἰς
764 238 830 265 Θεὸν

892 240 915 268 Id
932 240 1014 268 Dettnt
1029 241 1088 276 ejus
1101 245 1240 268 auctorem
1257 240 1426 268 referemus:
1443 239 1522 267 aliato
1535 245 1625 267 autem
1641 241 1667 268 in

39 284 82 311 τὸν
97 284 293 318 προεστηκότα
310 284 360 318 τὴν
376 285 514 320 ἀναφοράν
526 293 533 300 ο
549 284 663 320 ἥκοντος
682 285 710 312 δὲ
724 285 765 318 είς
782 285 830 321 μὲο

41 338 83 357 σον
95 330 163 364 ἡμῖν
175 329 226 356 τοῦ
239 330 315 364 ἁγίου
333 329 500 365 Πνιύματος,
515 331 555 363 είς
565 331 650 366 αὐτὴν
662 331 736 358 ἆπαν
751 331 829 358 ἔσται

44 377 68 403 τὸ
79 375 234 411 δρώμενον,
252 375 301 411 τὴν
315 375 392 403 θείαν
411 384 439 402 τε
455 376 502 403 καὶ
526 375 681 413 ἀπόρρητον
695 376 785 411 φύσιν,
799 376 830 402 οὐ

41 422 81 448 διὰ
101 421 215 457 μεσίτου
231 422 329 457 τράχον
349 422 390 454 si;
407 431 433 449 τι
449 423 504 450 τῶν
528 422 745 458 ὑπερκειμένων,
764 422 831 449 ἁνα-

42 469 162 504 ϐρῶσκον
175 469 206 496 δὲ
223 468 328 504 μᾶλλον
351 469 493 505 προσεχῶς
511 470 559 496 καὶ
581 468 777 504 ἀμεσιτεύτως,
791 469 831 500 εἰς

44 515 106 541 αὐτὸ
115 515 146 541 τὸ
159 515 295 541 ἀνωτάτω
308 515 355 541 καὶ
365 515 549 551 ὑπερκόσμιον
566 514 673 547 κάλλος.
688 515 832 550 Τοιγάρτοι

44 561 84 588 διὰ
102 560 133 587 τὸ
153 560 204 596 τῆς
218 560 314 593 οὐσίας
325 561 434 593 ταυτὸν,
453 561 624 597 ὲφήρμοσται
644 561 694 596 μὲν
715 559 755 596 τῷ
774 559 832 594 Θεῷ

46 607 89 634 καί
108 607 208 642 Πατρὶ,
225 607 315 634 καίτοι
330 607 409 643 τρίτη
429 607 499 634 κατὰ
513 607 598 643 μόνην
615 606 671 633 τῶν
694 606 833 641 ὀνομάτων

45 653 91 688 τὴν
110 651 239 685 σύνταξιν
253 653 425 689 ὲκφερομένη
438 653 506 688 πρὸς
521 653 600 689 ἡμῶν
613 653 661 680 τοῦ
673 651 743 679 Πνιύ
748 660 833 687 ματος

46 700 151 734 κλῆσις,
174 698 351 734 ἒφήρμοσται
374 699 403 726 δὶ
429 698 468 734 τῷ
491 697 558 733 Υὶῷ.
577 698 649 733 Ἔφη
675 697 725 733 μὲν
750 697 833 732 γὰρὸ

46 744 168 780 Χριστὸς,
184 743 216 770 τδ
240 745 274 771 ἐκ
287 744 445 780 Σαμαρείας
467 744 578 778 γύναιον
595 742 624 770 εὖ
646 744 718 780 μάλα
738 743 834 770 παιδα-

47 790 151 825 γωγῶν·
169 799 179 816 ‹
197 789 315 825 Πνεῦμα
334 791 349 817 ό
372 790 448 822 Θεὸς,
463 791 512 817 καὶ
529 790 592 822 τοὺς
615 788 835 825 προσκυνοῦντας

49 837 134 870 αὐτὸν,
154 836 185 863 ὲν
211 836 350 871 πνεύματι
365 836 413 863 καὶ
437 836 551 871 ἀληθείᾳ
573 836 614 863 δεῖ
630 836 802 871 προσκυνεῖν.
822 844 832 861 δ

50 883 145 919 Γράφει
157 882 185 909 δὲ
197 882 248 909 καὶ
268 882 282 908 ὁ
296 882 418 914 Παῦλος·
435 891 444 907 ι
466 882 559 917 Ἡμεῖς
574 882 602 908 δὲ
624 882 725 913 πάντες
736 882 834 908 ἀνακε-

883 287 1000 315 medium
1011 292 1106 315 sancto
1120 286 1233 322 Spiritu,
1252 287 1430 322 quodcunque
1450 286 1552 313 factum
1573 285 1667 318 fuerit,

882 333 907 360 itt
922 333 1008 368 ipsam
1028 333 1145 360 divinam
1161 337 1187 360 et
1205 331 1368 359 incli'abilem
1391 335 1515 358 naturam
1535 330 1597 362 erit,
1615 336 1668 357 non

881 387 930 415 per
950 379 1126 407 tnediatorem
1146 379 1178 406 ad
1198 378 1299 414 aliquid
1312 377 1456 405 sublimius
1474 377 1597 408 tendens,
1620 376 1668 404 sed

882 424 1004 458 proxime
1016 428 1042 452 et
1056 423 1210 451 immediate
1223 423 1256 450 ad
1269 423 1353 458 ipsam
1366 429 1521 458 supremam
1534 426 1561 449 et
1574 428 1668 456 super~

882 469 1044 496 mundanam
1056 468 1136 504 637
1146 468 1373 504 pulchritudinem
1383 467 1536 503 prosiliens.
1557 466 1670 500 Quocir-

882 523 913 543 ca
925 519 1034 550 propter
1046 515 1214 542 identitatem
1229 514 1388 542 substantia:
1409 513 1539 541 convenit
1556 511 1667 547 quidem

882 561 938 589 Deo
955 568 987 588 ac
1002 559 1085 592 Patri,
1098 560 1160 588 licet
1175 559 1253 587 tertia
1271 559 1419 587 secundum
1439 559 1578 586 nominnnt
1596 558 1669 585 dun-

883 611 958 634 taxat
976 607 1098 634 ordinem
1123 605 1240 640 Spiritus
1266 604 1433 640 appellatio:
1461 604 1578 638 itemque
1601 603 1668 631 Filio

882 652 1021 680 convenit.
1046 651 1120 679 Dixit
1136 652 1207 679 cnint
1230 651 1367 682 Christus.
1384 658 1446 678 cum
1468 649 1667 677 Satnaritanant

884 698 1068 726 mulierculam
1093 698 1260 726 instrueret:
1287 707 1296 723 ι
1314 696 1432 732 Spiritus
1458 700 1500 724 est
1523 695 1617 722 Deus:
1640 699 1668 722 et

882 751 929 771 eos
945 744 990 778 qui
1007 744 1121 771 adorant
1131 752 1202 776 eunt,
1218 743 1245 771 in
1268 743 1365 778 spiritu
1381 748 1408 770 et
1425 742 1542 769 veritate
1562 744 1670 776 oportet

883 790 998 817 adorare
1008 790 1041 817 η.
1059 799 1069 816 ι
1086 788 1186 817 Scribit
1207 790 1270 816 item
1286 787 1403 815 Paulus:
1432 796 1441 813 ‹
1459 785 1513 814 Nos
1536 792 1600 812 vero
1615 793 1669 812 out-

885 843 932 864 nes
947 835 1066 863 revelata
1085 835 1153 862 facie
1177 834 1289 869 gloriam
1308 833 1414 860 Domini
1442 831 1624 867 speculantes,
1643 829 1668 856 in

885 883 1007 910 eamdem
1032 881 1176 917 imaginem
1204 880 1432 908 transformamur
1451 886 1466 905 a
1492 878 1618 906 claritate
1642 877 1670 904 in

51 915 212 964 καλυμμένῳ
236 927 376 964 προσώπῳ
399 928 448 962 τὴν
462 915 543 961 δόξαν
566 927 614 954 τοῦ
641 927 744 964 Κυρίου
766 936 834 954 κατ-

892 928 1050 961 :laritatem,
1067 915 1195 962 tanquam
1208 934 1222 953 a
1240 925 1347 953 Domini
1360 924 1462 960 Spiritu
1479 924 1511 951 ".
1527 933 1537 951 t
1558 923 1592 951 Et
1611 930 1680 965 ruta.

53 974 245 1010 οπτριζὸμενοι,
255 974 305 1010 τὴν
316 973 400 1009 αὐτὴν
407 973 498 1000 εἰκόνα
512 973 760 1010 μεταμορφούμεθα
781 973 835 1000 ἀπὺ

52 1021 122 1055 δόξης
137 1021 176 1052 είς
189 1019 281 1054 δόξαν,
298 1020 424 1055 καθάπερ
438 1019 491 1050 ἀπὸ
510 1019 613 1055 Κυρίου
629 1020 788 1055 Πνεύματος
798 1028 806 1035 ο
821 1029 831 1046 ι

54 1066 96 1093 καὶ
109 1066 199 1098 πάλιν,
217 1075 227 1091 ι
246 1066 279 1093 '0
290 1065 318 1093 δὲ
333 1066 434 1101 Κύριος
446 1065 477 1092 τὸ
490 1065 603 1101 Πνεῦμα
616 1066 699 1092 ἐστιν.
717 1075 726 1092 t

84 1112 111 1139 Β.
133 1111 293 1147 Ὀμοούσιον
307 1109 354 1139 οὖν
369 1112 400 1138 τὸ
427 1111 539 1148 Πνεῦμά
557 1112 614 1138 ὲστι
630 1111 670 1147 τῷ
683 1112 771 1148 Πατρὶ
786 1111 834 1139 καὶ

54 1158 89 1193 τῷ
103 1158 177 1193 Titi»;

84 1204 114 1231 Α.
125 1204 186 1234 Nai.
200 1203 283 1239 εῐπερ
298 1202 372 1230 ἔστιν
392 1202 441 1238 οὐχ
457 1202 558 1239 ἑτέρως
575 1203 626 1239 τὴν
640 1203 708 1229 Θεοῦ
726 1203 836 1239 μέθεξιν

55 1251 139 1284 ἁγίους
151 1249 360 1282 καταπλουτετν,
373 1249 390 1285 ῆ
404 1250 433 1276 ὲν
445 1249 483 1284 τῷ
495 1249 524 1276 τὺ
536 1249 647 1284 Πνεῦμα
661 1249 740 1276 ἑλεῖν.
755 1249 835 1281 Θείας

55 1296 102 1330 τὰρ
115 1295 219 1329 φύσεως
239 1294 446 1330 ἀποτελούμεθα
463 1295 597 1326 κοινωνοὶ,
611 1294 681 1321 κατὰ
699 1295 747 1326 τὰς
763 1294 835 1330 Γρα-

57 1342 117 1375 φὰς,
140 1341 254 1376 πότερον
277 1342 372 1376 κτιστῇ
387 1349 417 1367 τε
432 1341 480 1367 καὶ
493 1342 593 1375 τενητῇ
614 1340 835 1375 συνδουλούμενοι

57 1386 138 1421 φύσει,
157 1387 173 1422 ἢ
197 1386 265 1420 γοῦν
279 1387 404 1421 θεότητος
423 1384 532 1421 ἀληθῶς
546 1387 583 1418 ὡς
603 1386 643 1413 ἔνι
663 1386 835 1421 μεταλαγχά-

57 1439 149 1464 νοντες.
168 1432 246 1465 γένος
263 1440 293 1458 τε
307 1431 377 1457 οὕτω
389 1432 604 1467 χρηματίζοντες
623 1432 690 1458 Θεοῦ
705 1441 712 1465 ;

88 1477 114 1503 Β.
127 1478 156 1504 Ei
169 1477 256 1513 πυρὸς
270 1477 327 1503 ἐστι
349 1477 511 1512 μεταλαχεῖν
532 1478 562 1504 οὐ
578 1478 641 1513 δίχα
665 1478 763 1513 πυρὸς,
778 1479 837 1510 πῶς

58 1524 86 1551 ἂν
98 1533 135 1556 τις
146 1525 191 1551 καὶ
203 1524 334 1560 μετάσχοι
349 1524 476 1559 θεότητος
490 1524 520 1550 οὐ
534 1523 578 1551 διὰ
590 1525 659 1552 Θεοῦ
671 1533 678 1558 ;

89 1613 118 1641 Α.
134 1613 169 1640 Τὸ
187 1613 209 1640 δ’
228 1609 278 1640 οὖν
303 1612 331 1640 ὲν
344 1614 411 1648 ἡμῖν
424 1613 462 1645 ὡς
476 1613 553 1644 Θεὸς.
574 1613 620 1640 καὶ
635 1613 684 1649 τὴν
705 1613 752 1640 τοῦ
767 1614 835 1640 Θεοῦ

60 1661 126 1694 τάξιν
137 1668 164 1687 τε
173 1661 219 1688 καὶ
233 1661 376 1696 ἐνέργειαν
390 1660 578 1696 ἀποπληροῦν,
593 1659 637 1696 ἆρ’
649 1660 705 1687 ἔσθ’
714 1661 790 1692 ὅπως
803 1660 836 1687 ἂν

60 1707 103 1732 οὐχ
116 1707 154 1742 εἴη
168 1707 232 1738 Θεός
245 1714 255 1739 ;

92 1752 118 1779 il.
135 1752 200 1778 Τίνα
214 1752 317 1788 τρόπον
328 1760 336 1786 ;

92 1799 120 1824 A.
134 1798 224 1831 Ἀθρει
235 1798 269 1830 δὴ
283 1796 339 1831 οὖν,
351 1799 408 1829 τοῖς
421 1797 472 1832 μὲν
482 1795 586 1824 ἄνωθέν
598 1805 625 1824 τε
640 1797 687 1824 καὶ
697 1797 837 1833 ἀρχαιοτέ-

66 1851 112 1877 ροις
128 1843 377 1878 προσπεφωνηκότα
392 1843 437 1870 τὸν
450 1843 516 1869 Θεόν
528 1850 534 1859 ·
553 1853 562 1868 ε
577 1843 649 1869 Διότι
675 1843 733 1878 μεθ’
760 1843 837 1878 ὑμῶν

63 1887 111 1922 ἐγώ
123 1889 185 1923 εἰμι,
199 1882 275 1924 λέγει
289 1889 389 1923 Κύριος
400 1888 608 1924 παντοκράτωρ,
623 1888 670 1914 καὶ
683 1887 714 1914 τὸ
726 1887 838 1922 Πνεῦμα

66 1942 109 1968 μου
122 1935 269 1969 ἐφέστηκεν
283 1935 311 1961 ὲν
331 1935 406 1970 μέσῳ
427 1934 514 1969 ὑμῶν,
534 1933 659 1969 σαρσεῖτε
671 1942 678 1950 ’
699 1943 707 1959 t
728 1934 795 1969 ἡμῖν
810 1934 838 1961 δὲ.

64 1979 92 2007 αὖ
105 1982 146 2008 τὸν
162 1981 304 2009 θεσπέσιον
322 1981 536 2017 εὐαγγελιστήν·
555 1990 565 2007 ι
592 1981 635 2007 Ἑν
656 1980 743 2016 τούτῳ
755 1981 837 2015 γινώ-

65 2035 164 2062 σκομεν,
187 2029 228 2055 ὅτι
255 2029 329 2064 μένει
349 2029 378 2055 ἐν
401 2029 476 2063 ἡμῖν,
493 2029 524 2054 lx
550 2027 597 2054 τοῦ
623 2028 789 2062 Πνεύματος,
808 2022 839 2054 οὗ

65 2073 152 2100 ἔδωκεν
165 2075 237 2110 ἡμῖν.
261 2084 270 2101 t
287 2074 354 2101 Τίνα
367 2074 434 2109 γὰρ,
448 2073 509 2100 εἰπέ
526 2082 580 2108 μοι,
593 2073 693 2108 τρόπον
703 2073 732 2100 ἐν
744 2082 774 2099 τε
784 2074 840 2106 τοῖς

67 2119 240 2156 ἀρχαιοτέροις
261 2118 295 2157 ἦν
311 2122 325 2147 ὀ
347 2120 422 2153 Θεὸς,
444 2119 625 2155 ἐφεστηκότος
644 2119 690 2146 τοῦ
713 2119 840 2156 Πνεύμα-

67 2171 118 2198 τοςς
135 2166 151 2201 ἦ
169 2167 224 2198 πῶς
241 2167 274 2194 ἂν
288 2166 393 2201 γένοιτο
408 2166 455 2193 καὶ
474 2167 503 2193 ὲν
518 2166 583 2201 ἡμῖν
599 2166 691 2197 αὐτοῖς
705 2165 797 2200 ἔχουσι
810 2166 841 2193 τὸ

67 2210 183 2246 Π“Ιεῦμα;
197 2213 234 2239 Οὔ
258 2213 314 2248 γάρ
328 2221 380 2239 που
399 2213 450 2247 τήν
463 2221 496 2246 γε
517 2211 565 2246 τοῦ
582 2211 652 2239 κατὰ
673 2211 754 2246 φύσιν
773 2212 841 2239 Θιοῢ

885 981 931 1002 sus
946 982 953 1001 :
968 983 977 1000 ι
997 973 1128 1001 Dominus
1140 977 1229 1000 autem
1244 971 1364 1006 Spiritus
1375 974 1418 998 est
1430 969 1453 986 “
1477 979 1488 997 ι

920 1107 949 1136 Β.
967 1106 1210 1136 Consubstantiaiis
1235 1110 1318 1143 tgttur
1340 1105 1459 1142 Spiritus
1482 1109 1525 1133 est
1543 1105 1617 1134 Patri
1644 1109 1673 1134 et

884 1152 971 1182 Filio?

920 1201 953 1229 Α.
980 1199 1018 1227 ita
1046 1207 1168 1234 prorsus,
1195 1198 1329 1234 siquidem
1356 1197 1404 1225 Dei
1437 1196 1673 1233 participationem

885 1247 971 1275 sancti
981 1255 1032 1274 non
1043 1247 1121 1274 aliter
1128 1246 1263 1278 obtinettt,
1271 1252 1351 1280 quant
1359 1245 1531 1280 susceptione
1544 1243 1672 1280 Spiritus.

887 1294 987 1322 Divinas
1007 1294 1078 1321 enim
1093 1298 1195 1320 natura:
1208 1297 1349 1320 consortes
1364 1291 1507 1324 etiicitnur,
1524 1291 1674 1320 secundum

886 1340 1039 1373 Scripturas
1055 1339 1077 1355 "
1095 1348 1102 1366 :
1119 1344 1209 1365 tttrutn
1229 1346 1280 1365 ttna
1297 1345 1358 1365 cum
1379 1342 1471 1365 creata
1488 1342 1515 1364 et
1531 1337 1601 1364 facta
1624 1344 1675 1364 na-

886 1391 946 1413 tura
974 1386 997 1413 ei
1026 1385 1150 1420 subiecti.
1178 1392 1212 1411 an
1241 1384 1392 1412 divinitatis
1419 1391 1526 1416 revera,
1543 1387 1675 1419 quantum

885 1433 957 1464 licet,
968 1432 1125 1467 partit-ipes,
1142 1435 1223 1466 atque
1240 1431 1276 1458 ita
1290 1430 1337 1457 Dei
1355 1437 1440 1466 genus
1454 1430 1602 1464 nuncupati
1612 1429 1625 1456 τ

920 1477 950 1507 Β,
978 1477 1006 1506 Si
1035 1486 1087 1505 non
1114 1482 1205 1513 potest
1226 1476 1297 1512 ignis
1319 1483 1381 1504 esse
1408 1476 1544 1512 particeps
1574 1475 1676 1510 absque

886 1525 949 1560 igne
976 1525 1111 1560 qttontodo
1135 1523 1285 1551 divinitatis
1303 1522 1357 1550 erit
1378 1521 1525 1557 particeps,
1551 1529 1604 1548 non
1629 1527 1676 1556 per

887 1571 969 1597 Deum
981 1570 993 1596 τ

922 1616 955 1643 Α.
972 1614 1049 1649 Quod
1059 1613 1141 1650 igitur
1158 1613 1184 1641 in
1203 1612 1281 1641 nobis
1295 1617 1337 1641 est
1353 1618 1481 1648 tanquam
1497 1612 1616 1644 Deus,et
1629 1610 1676 1638 Dei

887 1662 975 1689 lorum
991 1666 1018 1688 et
1033 1661 1159 1687 virtutem
1185 1659 1289 1695 itttpiet,
1310 1659 1406 1687 fierine
1422 1663 1513 1694 potest
1531 1663 1561 1685 ut
1578 1666 1630 1685 non
1644 1657 1678 1685 sit

887 1707 981 1734 Deus?

922 1752 953 1780 Β.
969 1751 1030 1785 Quo
1045 1750 1144 1786 pacto?

922 1798 956 1828 A.
972 1797 1174 1829 Animadverte,
1191 1802 1293 1831 quaeso,
1309 1794 1393 1822 Deum
1411 1794 1509 1831 priscis
1526 1794 1579 1822 illis
1591 1793 1679 1822 itonti-

888 1845 978 1876 nibus,
1004 1843 1138 1871 dicentem
1164 1851 1171 1869 :
1197 1840 1343 1876 Propterea
1369 1840 1506 1868 vobiscum
1533 1847 1582 1875 ego
1608 1846 1680 1872 sunt,

888 1890 953 1918 dicit
970 1889 1099 1916 Dominus
1112 1887 1295 1922 ontnipotens,
1309 1891 1337 1914 et
1357 1884 1475 1920 Spiritus
1494 1893 1569 1912 meus
1593 1884 1681 1911 astitit

889 1936 915 1963 in
937 1935 1026 1962 medio
1044 1933 1140 1967 vestri,
1155 1932 1284 1960 COttﬂdile
1298 1933 1330 1959 “.
1346 1941 1356 1958 t
1372 1931 1477 1959 Rursus
1490 1931 1611 1958 divinum
1631 1939 1680 1957 nu-

888 1983 930 2010 bis
945 1981 1138 2016 evangelistam
1153 1989 1159 2006 :
1177 1989 1186 2004 σ
1201 1978 1230 2006 ltt
1248 1979 1299 2006 itoe
1317 1978 1430 2010 Scimus,
1445 1977 1572 2012 qttoniaut
1590 1981 1681 2004 manet

890 2029 916 2056 in
932 2027 1009 2055 nobis
1028 2027 1061 2054 de
1079 2026 1182 2060 Spiritu
1199 2033 1278 2060 quem
1292 2023 1365 2052 dedit
1381 2024 1458 2051 nobis
1473 2023 1504 2049 ".
1515 2033 1525 2049 ι
1542 2023 1682 2057 Quonme

889 2075 972 2107 enim,
988 2080 1089 2109 quasso,
1103 2072 1131 2099 in
1150 2072 1288 2099 veteribus
1303 2075 1362 2097 erat
1378 2070 1459 2102 Deus,
1474 2074 1580 2096 astante
1594 2068 1682 2103 Spiri-

891 2120 939 2147 tu?
957 2124 1003 2146 attt
1018 2117 1154 2153 quomodo
1172 2116 1253 2144 fuerit
1266 2115 1348 2142 etiam
1363 2115 1389 2142 itt
1407 2116 1485 2142 nobis
1504 2115 1582 2150 ipsis,
1598 2113 1683 2148 Spiri-

892 2170 947 2198 tum
957 2163 1138 2192 habentibus?
1149 2162 1207 2189 Non
1220 2161 1291 2189 euittt
1305 2160 1437 2188 naturalis
1453 2160 1498 2187 Dei
1512 2159 1683 2195 prmsettliattt

893 2210 1012 2239 effecerit
1026 2210 1053 2237 in
1070 2209 1147 2237 nobis
1163 2207 1292 2243 Spiritus,
1310 2206 1332 2234 si
1347 2207 1383 2234 sit
1398 2206 1512 2234 alterius
1528 2213 1542 2233 a
1562 2205 1617 2232 Deo
1634 2213 1683 2232 na—

68 2256 203 2290 παρουσίαν
217 2256 405 2284 ἁποτελέσειεν
423 2257 456 2284 ἂν
474 2259 501 2284 ὲν
518 2258 593 2292 ἡμῖν,
607 2257 754 2292 ιτεροφυὲς
768 2258 798 2286 ὃν
811 2256 841 2283 τὸ
857 2261 879 2289 D
895 2261 972 2284 tum.

67 2300 166 2336 Πνεῦμα
181 2303 247 2336 πρὸς
262 2303 338 2331 eam.

96 2347 124 2374 Β.
138 2348 254 2378 Ἤχιστά
267 2358 309 2384 γε.

98 2394 126 2420 Α.
139 2395 202 2427 Θεὸς
215 2394 260 2423 οὗν
271 2397 326 2431 ἄρα
335 2396 366 2423 τὸ
379 2395 490 2432 Πνεῦμα
505 2396 574 2428 ἔστι,
587 2395 634 2422 καὶ
646 2396 678 2422 ὲκ
690 2395 758 2422 Θεοῦ
770 2395 843 2422 κατὰ

70 2437 153 2470 νύσιν·
170 2440 185 2475 ἢ
198 2442 277 2477 εἴπερ
291 2441 341 2476 οὐχ
355 2437 406 2468 ὦδε
421 2441 492 2476 ἔχειν
505 2441 606 2468 οεονται
619 2440 690 2468 κατὰ
710 2442 780 2476 σφᾶς
792 2442 843 2468 αὺ-

69 2484 131 2518 ιοὺς,
148 2487 247 2515 εἰκαῖον
262 2488 312 2523 ἤδη
336 2487 498 2523 ῥαψῴδημα,
514 2487 562 2514 καὶ
585 2488 752 2522 φενακισμὸς
775 2487 842 2523 ἀλη-

70 2528 125 2562 θῶς,
138 2532 151 2558 ὁ
169 2533 214 2559 τοῦ
236 2534 392 2568 σοφωτάτου
414 2533 519 2560 Παύλου
535 2535 731 2568 καταφανεῖται
752 2533 841 2567 λόγος,

70 2578 221 2612 γεγραφότος
234 2580 282 2606 ὡδὶ
296 2581 352 2612 τοῖς
367 2578 397 2606 τὸ
408 2579 521 2614 Πνεῦμα
532 2579 633 2611 ἑλοῦσι,
648 2579 745 2606 καὶίδέ
760 2578 841 2606 αὑτοῦ

71 2624 281 2658 προφητεύουσιν
294 2634 304 2652 ε
328 2625 391 2652 Ἐὰν
402 2625 430 2652 δὲ
443 2625 542 2657 πάντες
558 2626 774 2661 προφητεύωσιν,
791 2626 844 2652 εἰσ-

71 2665 127 2703 έλθῃ
144 2669 170 2696 δέ
185 2679 226 2702 τις
240 2672 355 2705 ἄπιστος
373 2672 391 2707 ἢ
407 2672 526 2708 ἰδιώτης,
540 2672 681 2708 ﬂeuerat
698 2672 752 2699 ὑπὸ
775 2671 844 2698 πάνν

73 2718 126 2744 των,
141 2714 310 2751 ἀνακρίνεται
334 2717 389 2744 ora)
403 2718 523 2748 πάντων,
538 2716 572 2744 τὰ
584 2716 695 2753 κρυπτὰ
705 2715 755 2751 τῆς
774 2725 843 2749 καρ-

73 2755 121 2789 δίας
137 2760 225 2795 αὐτοῦ,
255 2763 359 2799 φανερὰ
377 2763 500 2797 γίνεται·
521 2763 569 2789 καὶ
592 2762 668 2789 οὕτω
692 2761 782 2789 πεσὼν
797 2763 843 2789 ἐπὶ

75 2802 203 2836 πρόσωπον
236 2809 418 2844 προσκυνήσει
438 2808 477 2844 τῷ
499 2807 568 2842 Θεῷ,
596 2807 786 2842 ἀπαγγέλλων,
801 2807 843 2833 ὁτι

103 2890 120 2903 ¹¹
136 2890 206 2920 Ιιμιιιι.
222 2903 256 2928 tv,
271 2896 314 2924 Ἡ,

356 2898 376 2913 ¹²
395 2897 414 2925 il
432 2897 493 2925 Cor.
510 2904 548 2931 ttt,
569 2897 610 2924 i8.
646 2897 666 2913 “
682 2896 744 2925 ibid.
770 2896 810 2923 17.

892 2895 908 2923 ii
924 2895 995 2923 i‘ctr.
1017 2902 1035 2926 t,
1053 2894 1077 2921 ιι.
1120 2894 1140 2910 ¹⁸
1168 2892 1235 2928 Agg.
1250 2900 1279 2925 tt,
1294 2891 1320 2919 ϐ.

930 2343 960 2370 Β.
977 2343 1088 2371 Minime
1102 2349 1179 2370 vero.

929 2391 962 2418 A'.
981 2388 1052 2417 Deus
1065 2389 1148 2424 igitur
1163 2387 1283 2423 Spiritus
1296 2390 1348 2419 est,
1368 2388 1396 2413 et
1412 2392 1444 2413 ex
1464 2383 1518 2413 Deo
1537 2383 1684 2412 secundum

895 2443 1030 2469 naturam,
1042 2440 1098 2469 aut,
1108 2435 1130 2462 si
1144 2435 1180 2462 ita
1194 2441 1287 2462 senon
1303 2434 1404 2461 habere
1419 2432 1488 2467 apud
1502 2440 1532 2459 se
1546 2436 1684 2466 reputant.

896 2489 994 2509 vanum
1010 2481 1117 2508 dentqu
1141 2479 1322 2512 mendacium,
1340 2483 1368 2505 et
1390 2478 1537 2512 itnpostura
1555 2483 1615 2504 esse
1638 2477 1686 2504 de-

898 2527 1080 2563 prehendetur
1100 2526 1173 2560 quod
1199 2533 1214 2552 a
1238 2524 1441 2560 sapientissimo
1467 2522 1550 2550 Paulo
1576 2521 1686 2555 dicitur,

897 2573 942 2609 qui
960 2573 1032 2601 [tunc
1047 2572 1074 2600 in
1090 2571 1198 2599 modum
1217 2569 1327 2606 scripsit
1345 2570 1380 2597 iis
1396 2569 1441 2606 qui
1458 2568 1588 2605 Spiritum
1609 2573 1686 2595 acce-

897 2622 992 2656 perattt
1019 2622 1046 2646 et
1073 2624 1121 2652 per
1138 2617 1225 2652 ipsum
1250 2615 1449 2652 prophetabant
1476 2623 1483 2643 :
1512 2623 1522 2641 ι
1538 2613 1567 2642 Si
1595 2619 1686 2641 autem

896 2673 991 2693 omnes
1005 2663 1178 2700 prophetent,
1196 2662 1277 2690 intret
1299 2665 1390 2689 autem
1414 2661 1475 2697 quis
1495 2660 1623 2694 inﬁdelis,
1645 2659 1688 2687 vel

897 2711 979 2740 idiota
1006 2719 1014 2737 :
1038 2709 1211 2738 convincitur
1235 2707 1269 2735 ab
1287 2706 1433 2739 omnibus,
1459 2705 1622 2741 dijudicatur
1651 2707 1684 2733 ait

897 2758 1022 2786 omnibus
1044 2767 1051 2784 :
1067 2754 1173 2784 occulta
1187 2753 1278 2783 cordis
1303 2753 1360 2788 ejus
1378 2753 1522 2781 manifesta
1538 2753 1606 2780 fiunt
1628 2760 1635 2779 τ
1658 2757 1683 2779 ct

897 2804 933 2831 ita
951 2803 1051 2831 cadens
1066 2803 1094 2830 itt
1109 2801 1205 2829 faciem
1222 2799 1346 2828 adorabit
1358 2798 1454 2831 licunt,
1467 2797 1552 2833 638
1567 2805 1683 2833 pronun-

1361 2891 1381 2907 ’⁷
1399 2890 1501 2919 Noun.
1525 2896 1566 2923 Ill,
1583 2888 1628 2916 24.
