1937 3036
36 136 51 162 1
58 137 126 164 089

164 195 203 205 «ξι
234 194 242 204 ο

585 133 628 162 DE
646 133 697 162 SS.
717 133 905 163 TRINITATE
922 134 1094 166 DIALOGUS
1114 138 1170 167 Vli.

1615 142 1684 171 1090

31 204 113 228 10;;
133 195 203 221 Ἀλλ’
225 194 384 230 ὠνόμασται
409 194 459 229 μὲν
481 195 511 221 ὲν
540 193 647 230 ῑκείνῳ,
667 194 739 230 Πνοὴ
759 195 843 231 ζωῆς·

903 196 972 224 vitae.
990 195 1051 224 Vita
1070 198 1142 224 enim
1159 205 1221 226 vera
1244 203 1285 226 est
1299 198 1406 226 deitati;
1425 204 1531 231 natura,
1549 199 1684 235 siquidem

32 240 108 276 ζωὴ
123 241 180 276 γὰρ
200 241 303 277 ἀληθὴς
317 241 335 276 ἡ
350 242 399 276 τῆς
420 240 546 275 θεότητος
563 240 654 274 φύσις,
675 241 754 276 εἰπερ
770 241 844 267 ἐστὶν

32 287 163 322 ἀληθὲς,
176 287 213 318 ὡς
225 287 254 313 ἐν
265 287 334 322 αὐτῇ
346 286 448 322 ζῶμεν,
461 287 508 313 καὶ
519 286 679 321 κινούμεθα,
692 287 739 313 καὶ
749 287 841 322 ὲσμὲν·

32 332 94 359 διὰ
112 333 141 359 δὲ
156 332 206 367 τῆς
218 332 270 359 τοῦ
290 332 415 368 Σωτῆρος
432 333 534 368 φωνῆς,
549 331 661 367 Πνεῦμα
676 332 764 367 ἅγιον,
778 332 844 360 αὐτό

34 388 103 405 που
124 379 200 406 κατὰ
219 379 251 405 τὸ
274 378 373 415 ἀληθὲς
390 380 450 411 ταῖς
474 378 529 405 τῶν
553 379 733 406 πιστευόντων
745 379 844 414 ψυχαῖς

35 425 288 459 ὲγιατοικίζοντὸς
302 434 333 452 τε
355 425 402 452 καὶ
425 426 542 458 ὲνιὲντος
566 426 597 452 τὺ
614 426 735 461 Πνεῦμα,
749 427 796 453 καὶ
810 427 844 453 δι’

36 472 137 498 αὐτοῦ
153 480 183 498 τε
197 472 244 498 καὶ
257 473 286 498 ὲν
298 472 372 507 αὐτῷ
388 472 622 507 μεταπλάττοντος
639 473 678 504 εἰς
690 471 760 504 εἶδος
773 473 803 499 τὸ
817 473 845 500 ἐν

36 517 162 552 ἀρχαῖς,
183 518 331 549 τουτέστιν,
347 518 386 548 είς
400 517 491 549 αὑτδν,
509 518 568 552 ἦτοι
589 518 657 553 πρὸς
673 517 741 544 ίδίαν
761 519 845 554 ὲμφέ‹

40 571 131 597 ρειαν
145 564 179 590 δι’
194 562 341 598 ἀγιασμοῦ,
358 562 430 590 οὕτω
443 571 472 590 τε
490 564 566 599 ἡμᾶς
579 563 791 598 ἀνακομίζοντος
806 565 846 596 είς

37 609 80 634 τὸ
99 609 152 643 τῆς
168 609 272 640 εἰκόνος
284 608 448 644 ἀρχέτυπον,
465 609 599 642 τουτέστι,
617 609 662 636 τὸν
682 610 846 646 χαρακτῆρα

38 655 98 681 τοῦ
116 655 236 691 Πατρός.
252 655 402 691 Χαρακτὴρ
425 655 473 690 μὲν
488 655 543 690 γὰρ
562 657 576 682 ὸ
592 655 727 692 ἀληθινὸς,
743 656 790 683 καὶ
806 658 847 689 είς

39 700 130 735 ’λῆξιν
146 700 291 736 ἀκριϐείας
311 699 362 735 τῆς
376 700 436 726 κατ’
452 701 602 736 ὲιμφέρειίιν
617 701 776 737 νοουμένης’
797 701 847 729 “6-

40 748 97 779 τός
113 748 190 773 ἐστιν
209 747 222 773 ὁ
238 746 301 778 Υἱός
312 756 319 763 ·
336 747 466 782 ὁμοίωσις
476 747 504 773 δὲ
519 747 674 783 ἀκραιφνὴς
688 755 717 774 τε
732 747 778 774 καὶ
795 757 846 782 φυ-

43 793 118 829 σικὴ
141 792 190 819 τοῦ
217 793 294 825 Υίοῦ,
308 793 339 820 τὸ
354 791 467 828 Πνεῦμά
490 794 558 825 ἐστι,
575 793 643 829 πρὸς
666 793 680 820 ὅ
696 793 743 820 καὶ
767 795 847 829 ἡμεῖς

45 839 242 875 μορφούμενοι
255 839 289 866 δι’
299 839 446 874 ἀγιασμοῦ,
462 839 531 875 πρὸς
544 839 630 875 αὐτὴν
641 839 846 874 εἰδοποιούμεθα

19 635 34 658 ἡ

895 249 987 268 verum
999 247 1041 269 est
1057 244 1127 277 quod
1142 244 1168 271 in
1185 244 1241 279 ipsa
1254 245 1381 278 vivimus,
1395 249 1421 272 et
1436 252 1586 279 movemur,
1599 251 1627 273 et
1640 252 1697 274 su-'

895 293 955 314 mus
977 288 1012 316 ".
1028 288 1146 322 Spiritus
1162 294 1252 316 autem
1271 295 1381 317 sanctus
1398 298 1446 325 per
1467 298 1560 318 vocem
1585 290 1685 319 Serva~

897 332 974 366 toria,
991 334 1037 368 qui
1053 335 1197 368 ipsummet
1214 343 1311 363 revera
1330 335 1460 372 Spiritum
1478 336 1504 364 in
1516 336 1685 365 credentium

895 379 1000 406 animas
1013 380 1126 412 inducit,
1140 384 1167 408 et
1184 381 1315 414 immittit,
1328 387 1355 409 et
1370 390 1417 416 per
1433 383 1518 417 ipstnu
1534 387 1561 410 et
1580 383 1605 410 iu
1629 384 1687 417 ipso

896 426 1029 452 reformat
1043 425 1069 452 in
1089 427 1203 453 fortnam
1218 428 1371 462 pristinam,
1386 428 1435 455 hoc
1449 433 1500 460 est,
1514 428 1540 454 in
1554 428 1685 463 seipsum,

896 472 954 498 sive
980 471 1006 498 in
1028 479 1105 500 suam
1132 472 1338 500 similitudinem
1361 481 1409 508 per
1431 474 1686 506 sanctilicationem,

896 523 978 553 atque
994 518 1032 545 ita
1047 526 1097 546 nos
1113 525 1223 547 revocat
1243 519 1269 546 in
1293 520 1417 554 imaginis
1430 520 1618 556 archetypum,
1636 522 1686 547 hoc

896 569 949 596 est.
966 564 1151 592 characterem
1167 565 1269 592 Patris.
1292 565 1442 593 Character
1456 566 1528 594 enim
1552 573 1642 599 verus,
1660 571 1688 593 et

897 610 1016 646 perfecte
1041 610 1246 638 similitudinem
1270 611 1426 646 exprimens
1451 612 1507 646 ipse
1529 617 1570 639 est
1590 611 1686 644 Filius,

897 655 1048 684 similitudo
1064 664 1128 684 vero
1142 664 1208 692 pura
1222 662 1248 684 et
1265 657 1396 697 naturalis
1410 657 1481 691 Filii,
1500 658 1619 693 Spiritus
1636 664 1686 691 est,

897 703 930 729 ad
942 709 1022 737 quem
1036 702 1117 730 etiam
1133 710 1182 730 nos
1195 703 1356 739 configurati
1372 711 1421 738 per
1433 704 1687 736 sanetificationem.

898 748 932 776 ad
949 749 1032 783 ipsam
1058 749 1104 776 Dei
1131 750 1244 776 formam
1259 749 1471 784 configuramur.
1494 751 1568 783 Quod
1585 756 1613 778 ut
1629 759 1689 778 cre-

899 793 1006 827 damus,
1020 793 1141 828 Apostoli
1154 794 1254 822 dictum
1277 795 1461 829 persuadebit.
1479 804 1488 821 ι
1508 795 1594 823 Filioli
1606 796 1689 828 enim,

898 837 995 873 inquit,
1012 846 1081 874 quos
1097 839 1193 866 iterum
1210 840 1341 874 parturio,
1358 840 1444 867 donec
1463 840 1595 867 formetur
1609 840 1690 867 Chri—

43 885 103 921 τὴν
119 885 190 912 Θεοῦ
210 885 326 920 μορφήν.
346 885 537 917 ’Δποστολιχδς
551 885 579 912 δὲ
602 885 670 921 πρδς
684 885 763 912 τοῦτο
777 886 849 920 ἡμᾶς

903 888 958 911 stus
974 884 1092 911 invehis
1114 884 1148 911 “.
1170 893 1179 910 ›
1206 885 1350 912 Formatur
1367 890 1457 912 autem
1481 893 1529 921 per
1548 885 1689 920 Spiritum,

44 931 201 957 ἀναπείσει
220 930 308 964 λόγος.
327 939 336 956 ι
354 929 455 956 Τεκνία
472 929 537 965 γὰρ,
554 930 683 964 ἔφασκεν,
705 929 753 961 οὓς
767 929 847 956 πάλιν

45 975 155 1007 ὠδίνω,
168 975 247 1010 ἄχρις
265 971 296 1001 οὖ
319 974 449 1010 μορφωθῇ
466 974 583 1010 Χριστὸς
604 975 633 1001 ὲν
648 975 722 1010 ὑμῖν.
743 984 752 1001 ι
773 975 848 1011 Μορ-

46 1022 156 1056 φοῦται
179 1022 209 1048 δὲ
233 1021 278 1048 διὰ
304 1021 478 1056 ΙΙνεύματος,
495 1021 746 1056 ἁναστοιχειοῦντος
775 1021 848 1056 ἡμᾶς

47 1068 124 1103 ’πρὸς
137 1067 205 1094 Θεὸν
219 1067 253 1095 δι’
269 1066 377 1093 ἑαυτοῦ.
391 1067 456 1093 Ὅτε
466 1067 557 1093 τοίνυν
570 1066 639 1101 πρὸς
655 1065 772 1100 Χριστὸν
785 1074 848 1101 μορ-

48 1113 193 1149 φούμεθα,
205 1113 251 1140 καὶ
263 1113 342 1144 αὐτὸς
352 1113 418 1147 ἡμῖν
431 1112 626 1147 ἐνσημαίνεται
642 1112 690 1138 καὶ
705 1112 847 1138 εἰδοποιεῖ-

47 1169 100 1187 ται
127 1160 218 1191 καλῶς
233 1159 271 1191 ὡς
289 1159 323 1185 δι’
337 1158 431 1193 ὁμοίου
460 1158 582 1193 φυσικῶς
607 1157 652 1184 τοῦ
679 1158 847 1192 Πνεύματος,

47 1207 124 1238 Θεὸς
140 1206 195 1242 ἄρα
207 1205 238 1232 τὸ
253 1204 364 1240 Πνεῦμά
386 1205 454 1237 ἐστι,
467 1203 497 1230 τὸ
507 1203 675 1238 διαμορφοῦν
689 1204 758 1239 πρὸς
770 1203 846 1237 Θεὸν,

48 1253 104 1288 οὺχ
118 1252 158 1284 ὼς
180 1251 224 1278 διὰ
238 1251 349 1286 χάριτος
375 1250 555 1285 ὑπουργικῆς,
572 1249 630 1275 ἀλλ’
645 1249 683 1280 ὼς
705 1249 780 1281 θείας
799 1250 848 1284 φύ-

50 1306 126 1328 σεως
143 1295 263 1332 μέθεξιν,
280 1294 367 1329 ἐαυτῷ
385 1294 491 1330 [(Ecol.
515 1293 593 1329 αὐτὸ]
615 1295 670 1325 τοῖς
695 1292 782 1326 ἀξίοις
795 1294 849 1320 δω-

51 1343 204 1378 ρούμενον.
227 1342 288 1367 Ὀτι
313 1340 341 1368 δὲ
366 1340 498 1375 ὁμοίωσις
524 1339 628 1375 ἀληθὴς
654 1339 701 1366 τοῦ
728 1339 794 1366 Υἱοῦ
817 1340 849 1366 τὸ

51 1389 173 1424 Πνεῦμα
187 1389 257 1420 ἐστι,
272 1387 441 1422 γεγραφότος
455 1385 560 1421 ἀκούσῃ
569 1386 616 1412 τοῦ
629 1386 764 1421 μακαρίου
776 1385 849 1412 Παύ-

47 1436 117 1463 ).ou'
141 1445 151 1461 ι
166 1435 228 1462 Ὅτι
239 1433 284 1465 οὓς
297 1433 432 1468 προέγνω,
451 1432 498 1458 καὶ
514 1431 651 1467 προώρισε
670 1431 850 1467 συμμόρφους

50 1483 106 1518 τῆς
123 1482 228 1513 εἰκόνος
240 1480 287 1507 τοῦ
301 1479 366 1506 Υίοῦ
383 1478 475 1506 αὐτοῦ·
493 1477 604 1509 τούτους
620 1477 667 1504 καὶ
680 1477 820 1505 ἐκάλεσεν,
837 1487 846 1503 ι

58 1525 305 1561 ’Λναπλαττόμεθα
331 1523 387 1559 γὰρ
411 1524 450 1554 είς
470 1522 625 1557 εἰκονισμὺν
649 1521 695 1548 τὸν
725 1523 794 1557 πρὸς
818 1522 849 1548 τὸ

898 929 944 964 qui
962 937 1010 956 nos
1028 929 1157 957 reformat
1170 930 1203 957 ad
1219 931 1302 958 Deum
1320 938 1368 966 per
1383 932 1512 966 seipsum.
1528 932 1594 958 Cum
1609 932 1690 966 igitur

898 974 931 1001 ad
947 974 1086 1002 Christum
1104 975 1264 1008 formemur,
1277 981 1305 1004 et
1326 977 1384 1011 ipse
1404 976 1431 1003 in
1456 976 1536 1004 nobis
1557 976 1688 1011 signetur,

898 1025 925 1048 et
955 1025 1028 1048 recte
1052 1021 1186 1049 formetur
1210 1021 1292 1048 veluti
1317 1029 1366 1056 per
1389 1022 1504 1050 similem
1532 1021 1691 1049 naturaliter

899 1065 1041 1099 Spiritum,
1061 1067 1130 1094 Deus
1146 1074 1211 1102 ergo
1229 1072 1270 1094 est
1287 1066 1415 1102 Spiritus,
1434 1067 1478 1102 qui
1499 1068 1533 1095 ad
1553 1067 1635 1095 Deum
1649 1067 1690 1094 είς

898 1110 1010 1143 format,
1033 1119 1086 1138 non
1106 1116 1234 1146 tanquam
1261 1120 1308 1147 per
1334 1112 1540 1140 tuinisterialem
1563 1109 1689 1147 gratiam,

898 1157 946 1184 sed
970 1162 1098 1191 tauquam
1128 1159 1225 1186 divinae
1251 1164 1354 1186 natura:
1383 1157 1618 1193 participationem
1645 1165 1707 1194 se-V

899 1203 986 1237 ipsum
1001 1203 1089 1238 dignis
1104 1203 1232 1238 largiens.
1254 1203 1329 1237 Quod
1351 1210 1439 1231 autem
1466 1204 1613 1231 similitudo
1627 1211 1689 1231 vera

899 1248 958 1276 Filii
971 1248 1006 1275 sit
1020 1249 1148 1284 Spiritus,
1159 1250 1252 1277 audies
1264 1251 1371 1278 beatum
1383 1250 1495 1277 Paulum
1507 1248 1668 1277 sciibeutem
1682 1258 1688 1276 :

901 1304 910 1320 ι
929 1293 995 1321 Nam
1017 1302 1085 1329 quos
1103 1295 1250 1329 pra-scivit,
1268 1300 1294 1323 et
1310 1296 1512 1330 prazdestinavit
1534 1293 1690 1324 coniuratos

900 1341 956 1368 ﬁeri
975 1341 1099 1376 imaginis
1116 1341 1176 1369 Filii
1192 1342 1245 1374 sui,
1267 1343 1314 1370 hos
1340 1347 1368 1370 et
1390 1343 1498 1370 vocavit
1517 1343 1550 1370 “.
1569 1353 1579 1370 ι
1595 1342 1691 1370 Refor-

900 1395 1007 1414 mamur
1023 1387 1094 1414 enim
1114 1387 1139 1414 in
1158 1388 1272 1423 eiligiem
1287 1396 1347 1423 qua:
1367 1394 1408 1416 est
1424 1389 1457 1416 ad
1473 1388 1603 1424 Spiritum
1628 1397 1691 1416 san-

899 1436 983 1464 ctum,
997 1432 1053 1459 sive
1063 1434 1096 1460 ad
1108 1432 1203 1465 Deum,
1213 1441 1261 1468 per
1274 1433 1351 1461 fidem
1363 1438 1390 1461 et
1399 1435 1650 1467 sanetiiicationem.
1665 1440 1692 1462 et

901 1476 1058 1504 relationem
1073 1479 1107 1505 ad
1122 1478 1220 1513 ipsum,
1237 1478 1363 1506 nimirum
1380 1487 1428 1515 per
1443 1481 1690 1515 participationem,

900 1528 926 1550 et
937 1522 1096 1557 adventitie,
1121 1524 1185 1552 iicet
1205 1525 1303 1553 divina:
1319 1530 1422 1553 natura:
1446 1526 1592 1560 nuncupati
1607 1526 1690 1553 simus

51 1573 173 1607 Πνεῦμα
186 1572 216 1598 τὸ
241 1571 329 1605 ἄτιον,
346 1570 405 1605 ἦτοι
424 1568 493 1604 πρὸς
513 1567 591 1599 Θεδν,
609 1567 652 1594 διὰ
673 1567 790 1599 πίττεως
802 1568 849 1594 καὶ

903 1569 1056 1604 participes.

52 1618 208 1654 ἁγιασμοῦ,
223 1617 269 1644 καὶ
287 1617 337 1651 τῆς
351 1614 420 1650 πρὸς
436 1614 502 1640 αὐτὸ
520 1613 649 1649 σχισεως,
682 1613 761 1650 δῆλον
784 1614 811 1641 δὲ
825 1614 867 1641 ὅτι
885 1615 934 1650 τῆς
955 1615 1027 1641 κατὰ
1050 1614 1170 1651 μέθεξιν,
1188 1616 1235 1644 καὶ
1253 1617 1477 1653 είσκεκριμὲνως,
1507 1618 1530 1644 εί
1547 1618 1594 1644 καὶ
1617 1616 1691 1648 θείας

51 1669 166 1703 φύσεως
182 1663 366 1701 ὼνομάσμεθα
382 1661 520 1689 κοινωνοί.

90 1713 126 1741 Β.
144 1713 204 1739 Οὐκ
218 1711 252 1738 ἂν
267 1710 358 1745 ἔχοιμι
374 1709 430 1740 τοῖς
443 1707 598 1744 εἰρημένοις
610 1707 751 1744 ἒπιτιμᾷν.

94 1807 129 1834 Α.
148 1804 219 1832 Nae!
234 1804 262 1830 δὲ
284 1802 368 1836 Θεοῦ,
388 1804 435 1831 καὶ
460 1802 513 1839 μὴν
536 1803 584 1829 καὶ
610 1801 666 1829 θεοὶ
691 1800 849 1836 κεκλήμεθα

53 1853 107 1881 καὶ
127 1852 222 1887 ἐσμὲν,
244 1850 356 1878 ἁνθότου
371 1859 402 1885 γε
417 1850 466 1886 δή,
485 1849 574 1876 Πύθου
591 1848 646 1875 τῶν
663 1847 697 1874 δι’
711 1847 847 1879 ἐναντίας,

54 1899 139 1934 εἰπερ
153 1897 237 1933 ἐσμὲν
251 1895 360 1932 ἀληθῶς
373 1896 455 1931 ψιλῆς
469 1895 515 1922 καὶ
536 1893 722 1921 ἀνυποστάτου
739 1893 851 1929 χάριτος

54 1945 186 1981 μέτοχοις
207 1942 276 1969 Ἀλλ’
287 1943 340 1977 οὐχ
358 1939 409 1968 ὦδε
425 1941 481 1976 ἔχει
499 1939 590 1967 ποθέν.
609 1939 677 1966 Ναοὶ
696 1939 750 1974 γάρ
767 1938 851 1972 ἐσμεν

54 1990 106 2017 τοῦ
119 1990 198 2021 ὄντος
206 1997 236 2015 τε
247 1988 294 2015 καὶ
307 1987 490 2022 ὖφεστηκότος
504 1985 663 2021 Πνεύματος
672 1993 679 2000 ·
693 1982 851 2018 κεκλήμεθα

55 2037 88 2063 δὲ
98 2036 133 2062 δι’
146 2034 216 2061 αὐτὸ
229 2033 277 2061 καὶ
290 2033 356 2064 θεοὶ.
369 2033 417 2060 ατε
430 2032 462 2068 δὴ
471 2033 505 2068 τῇ
518 2031 579 2067 θείᾳ
591 2040 621 2057 τε
636 2030 682 2057 καὶ
701 2030 852 2065 ἀπορρήτῳ

56 2081 142 2117 φύσει
155 2081 189 2116 τῇ
203 2079 272 2115 πρὸς
290 2078 356 2118 air-rb
371 2078 504 2114 συναφείᾳ
524 2076 763 2112 κεκοινωνηκότες.
783 2075 851 2101 Ἕκα

56 2127 144 2163 φυλον
163 2126 193 2152 δὲ
205 2126 285 2161 εἴπερ
300 2125 373 2151 ἐστὶν
393 2123 511 2159 ἀληθῶς,
525 2123 570 2150 καὶ
581 2122 631 2158 τῆς
645 2121 721 2154 θείας
744 2121 852 2156 φύσεως

56 2172 241 2208 διῳκισμένον
264 2170 413 2203 οὐσιωδῶς,
434 2170 464 2197 τὺ
487 2169 626 2197 θεοποιοῦν
641 2169 716 2204 ἡμᾶς
738 2167 851 2203 Πνεῦμα

938 1705 970 1734 Β.
990 1705 1062 1734 Nihil
1086 1711 1127 1735 est
1146 1707 1218 1742 quod
1243 1706 1270 1735 in
1292 1707 1326 1736 iis
1341 1715 1401 1743 qua:
1416 1708 1487 1736 dicta
1512 1714 1575 1736 sunt
1601 1711 1694 1737 redar-

901 1761 991 1788 guatn.

936 1800 968 1827 A.
988 1799 1098 1835 Templa
1121 1805 1212 1828 autem
1235 1800 1295 1832 Dei,
1321 1800 1443 1835 adeoque
1460 1801 1496 1828 dii
1516 1803 1691 1837 quamobrem

901 1852 1039 1877 vocamur,
1056 1850 1082 1872 et
1102 1847 1219 1874 sumus?
1239 1846 1378 1881 Interroga
1396 1847 1580 1880 adversarios,
1602 1853 1690 1875 utrum

901 1891 986 1918 simus
1008 1891 1095 1925 reipsa
1118 1892 1196 1918 nuda:
1212 1896 1239 1919 et
1260 1892 1437 1920 subsistentia
1460 1893 1577 1920 carentis
1598 1895 1691 1928 gratia:

901 1937 1057 1972 participes.
1079 1938 1115 1964 At
1130 1938 1166 1964 ita
1182 1944 1226 1964 res
1238 1945 1291 1965 non
1307 1942 1349 1965 est
1364 1946 1371 1965 :
1388 1938 1462 1965 nullo
1477 1939 1563 1966 modo.
1580 1936 1690 1974 Templa

901 1982 973 2009 euitn
1001 1989 1096 2010 sumus
1119 1982 1278 2011 exsistentis
1300 1988 1328 2010 et
1353 1983 1528 2011 subsistentis
1552 1983 1691 2018 Spiritus:

901 2028 989 2055 vocati
1004 2033 1094 2056 autent
1109 2035 1203 2056 sumus
1220 2034 1329 2064 propter
1350 2029 1437 2064 ipsum
1462 2030 1543 2057 etiam
1560 2031 1606 2063 dii,
1623 2038 1692 2066 pra:-

901 2073 995 2101 sertim
1011 2081 1072 2102 cum
1094 2074 1191 2102 divina:
1213 2075 1273 2110 ejus
1293 2080 1320 2103 et
1341 2074 1484 2103 ineﬂ‘abilis
1505 2081 1608 2103 natura:
1628 2084 1692 2104 cuu-

899 2121 1042 2156 junctione
1059 2129 1119 2149 cum
1134 2121 1194 2157 ipso
1210 2122 1296 2150 simus
1309 2122 1466 2158 participes.
1482 2122 1565 2158 640
1578 2123 1653 2156 Quod
1669 2123 1690 2150 si

903 2174 997 2195 revera
1019 2166 1134 2201 alienus,
1153 2171 1181 2195 et
1203 2175 1219 2194 ιι
1242 2171 1337 2194 natura
1362 2166 1452 2195 divina
1476 2167 1694 2195 substantialitcr

55 2219 91 2246 δι’
115 2217 226 2249 ἑαυτοῦ,
245 2217 473 2253 διημαρτήκαμεν
495 2215 543 2250 τῆς
567 2214 683 2247 ἐλπίδος,
709 2213 849 2249 αὐχήμασι

904 2213 1016 2240 dissitus
1033 2218 1074 2241 est
1095 2213 1225 2248 Spiritus,
1248 2213 1294 2248 qui
1312 2220 1362 2241 nos
1377 2221 1425 2249 per
1439 2213 1556 2248 seipsum
1572 2213 1690 2247 deillcat,

56 2263 116 2295 τοῖς
139 2263 181 2294 είς
204 2262 236 2289 τὸ
260 2261 343 2297 μηδὲν
365 2261 415 2288 οὐκ
435 2258 483 2288 οἷδ’
498 2261 573 2292 ὅπως
588 2258 778 2295 ὴγλαῖσμένοι.
796 2257 852 2284 Ποῦ

57 2309 114 2343 γὰρ
138 2307 180 2334 ἔτι
197 2307 254 2334 θεοὶ
277 2307 324 2334 καὶ
347 2306 407 2334 ναοὶ
425 2305 493 2333 Θεοῦ
512 2306 608 2341 ἔσμεν,
631 2304 702 2332 κατὰ
717 2304 767 2336 τὰς
781 2303 854 2339 Γραλ

57 2354 126 2389 φὰς,
139 2353 185 2381 διὰ
195 2353 227 2379 τὸ
243 2352 356 2388 Πνεῦμα
368 2352 399 2380 τὸ
417 2353 544 2392 ὲνιήμϊνς
562 2351 599 2378 To
614 2351 709 2387 γάρτοι
724 2350 772 2378 τοῦ
782 2347 851 2377 εἶναι

56 2400 127 2431 Geo;
142 2399 312 2434 τητώμενον,
337 2398 397 2430 πῶς
415 2397 448 2425 ἂν
464 2397 554 2433 ἐνθείη
569 2397 600 2424 τὺ
615 2397 709 2432 χρῆμα
730 2396 850 2431 ἑτέροιςς

62 2445 149 2472 Ἀλλὰ
165 2445 220 2480 μὴν
242 2445 326 2480 ἐσμεν
346 2444 405 2471 ναοὶ
420 2443 468 2470 καὶ
481 2443 548 2470 θεοί.
565 2442 735 2478 Προσεκτέον
749 2441 779 2469 δὲ
793 2441 852 2468 οὔτι

58 2500 112 2518 που
131 2492 191 2522 τοῖς
205 2490 435 2526 πεπλανημένοις.
459 2489 517 2525 Ούχ
532 2488 701 2525 ἑτεροούσιον
715 2489 770 2524 ἄρα
785 2488 854 2524 πρὸς

58 2538 127 2565 Θεὸν
141 2537 174 2563 τὸ
189 2536 303 2572 Πνεῦμα
319 2535 413 2563 αὐτοῦ.

97 2631 128 2658 Β.
156 2629 227 2658 Ἀλλ’
244 2630 323 2666 εἴπερ
338 2629 410 2656 ἐστὶν
424 2628 473 2664 οὐχ
489 2628 668 2665 ἐτεροούσιον,
686 2628 724 2660 ὠς
739 2628 771 2655 σὺ
789 2627 852 2663 φὴς,

60 2675 106 2702 διὰ
131 2676 158 2701 τί
184 2675 222 2711 μὴ
243 2676 290 2702 καὶ
315 2675 390 2708 αὐτὸ,
409 2675 501 2709 φασὶν,
528 2675 544 2710 ἢ
572 2674 667 2709 Πατήρ
694 2674 778 2705 ἔστιν,
803 2672 819 2708 ἦ
840 2673 854 2698 ὸ

62 2722 127 2753 Υἱός
136 2731 144 2755 ;

98 2770 131 2796 Α.
153 2765 222 2795 Εἶτα
234 2767 353 2804 φύσεως,
368 2767 427 2794 είπέ
439 2776 494 2804 μοι,
505 2766 555 2802 τῆς
568 2765 697 2793 ἀνωτάτω
709 2765 756 2792 καὶ
767 2765 854 2792 πάντα

906 2266 954 2294 spe
975 2258 1137 2290 excidimus,
1155 2258 1227 2286 inani
1248 2258 1334 2294 gloria
1357 2258 1449 2286 nescio
1466 2259 1602 2293 quomodo
1623 2266 1692 2294 pne.

906 2303 1053 2339 fulgentes.
1066 2304 1124 2337 Quo
1138 2308 1218 2338 pacto
1230 2303 1302 2331 enim
1316 2303 1353 2331 dii
1369 2303 1478 2330 demum
1489 2308 1516 2331 et
1531 2303 1629 2338 templa
1645 2304 1692 2331 Dei

905 2357 1009 2383 sumus,
1026 2354 1055 2377 ut
1071 2349 1218 2384 Scriptura:
1231 2349 1378 2385 loquuntur
1388 2349 1422 2382 ",
1438 2354 1548 2385 propter
1560 2349 1691 2385 Spiritum

905 2396 951 2431 qui
966 2396 992 2423 in
1003 2396 1080 2424 nobis
1090 2397 1150 2424 est?
1163 2396 1239 2430 Quod
1253 2397 1325 2424 enim
1339 2395 1410 2423 Deus
1425 2403 1477 2423 non
1494 2401 1546 2428 est,
1558 2397 1693 2430 quomodo

906 2442 1032 2470 deitatem
1049 2442 1110 2470 aliis
1127 2442 1222 2470 indat?
1243 2441 1325 2478 Atqui
1341 2441 1440 2477 templa
1457 2449 1561 2474 sumus,
1585 2446 1613 2469 et
1634 2442 1670 2469 dii
1684 2450 1691 2474 ;

907 2495 995 2522 neque
1015 2495 1080 2515 vero
1107 2488 1332 2522 acquiescendum
1347 2492 1388 2516 est
1412 2487 1438 2515 in
1462 2494 1556 2515 errore
1580 2495 1692 2515 versan-

908 2533 989 2561 tihus.
1010 2532 1069 2561 Non
1087 2537 1128 2561 est
1148 2541 1212 2569 ergo
1226 2533 1339 2562 diversa:
1354 2541 1370 2561 a
1389 2533 1445 2561 Deo
1460 2533 1617 2561 substantia:
1634 2533 1694 2569 Spi-

907 2580 975 2607 ritus
988 2579 1057 2614 ejus.

942 2624 972 2652 B.
994 2624 1047 2652 Sed
1065 2625 1088 2652 si
1109 2632 1162 2652 non
1178 2628 1230 2659 est,
1246 2629 1274 2652 ut
1287 2629 1314 2653 tu
1332 2626 1409 2658 dicis,
1428 2625 1543 2654 alterius
1557 2626 1693 2657 essentia,

907 2670 1000 2705 quidni
1022 2670 1104 2698 etiam
1131 2671 1198 2705 ipse,
1225 2671 1369 2707 inquiunt,
1396 2671 1477 2700 Pater
1499 2677 1553 2707 est,
1575 2677 1622 2700 aut
1649 2671 1696 2699 Fi-

907 2717 979 2744 lius?
1115 2722 1119 2726 '

944 2763 976 2791 A.
997 2763 1067 2797 Quid
1082 2770 1158 2798 ergo,
1174 2763 1280 2791 amice?
1295 2772 1328 2791 an
1347 2764 1378 2792 de
1391 2771 1516 2801 suprema
1535 2768 1562 2793 et
1577 2764 1697 2793 eminen-

100 2857 123 2873 ’⁸
134 2858 194 2886 Art.
213 2865 282 2890 xvu,
300 2856 345 2884 28.
384 2856 407 2872 ⁵³
422 2855 509 2884 Gaiat.
525 2863 560 2888 tv,
578 2854 621 2882 19.
660 2854 682 2870 “
705 2854 783 2882 Rom.
797 2860 844 2880 vm

903 2855 918 2885 ι,
933 2852 978 2881 29.
1018 2853 1040 2868 ³⁵
1055 2852 1063 2879 l
1077 2852 1141 2882 Cor.
1157 2860 1198 2887 ιιι,
1213 2853 1256 2882 i6.
