1937 3036
89 135 162 164 4093

618 133 662 162 DE
681 133 728 161 SS.
750 133 938 161 TRINITATE
958 131 1129 161 DIALOGUS
1148 132 1203 161 VII.

1643 134 1712 162 1094

86 196 133 223 δὴν
146 195 351 223 ἐκδιδάσκουσα.
371 193 427 222 Καὶ
449 193 515 228 γοῦν
531 195 545 221 ὁ
559 193 660 230 Κύριος
677 195 753 230 ἡμῶν
773 195 876 229 Ἰησοῦς

934 194 1004 222 Unde
1030 194 1159 221 Dominus
1183 197 1277 220 uoster
1303 191 1382 220 Jesus
1406 191 1546 224 Christus,
1570 192 1602 219 dc
1626 193 1712 225 omni,

88 242 217 278 Χριστὸς,
231 241 295 276 τηρ).
306 240 417 272 παντὸς,
433 238 521 275 οἶμαι,
537 239 634 267 πιστοῦ
653 248 682 266 τε
696 241 743 267 καὶ
762 239 873 274 ἀγαθοῦ,

89 298 98 314 ι
124 287 319 322 Ἐλευσόμεθα,
333 286 426 321 φησὶν,
442 285 498 320 ἐγὼ
519 286 567 312 καὶ
583 286 598 312 ό
615 285 719 321 Πατὴρ,
731 286 778 312 καὶ
792 286 875 321 μονὴν

89 334 156 368 παρ’
173 332 247 367 αὺτῷ
266 331 447 367 ποιησόμεθα·
465 340 475 356 ι
492 332 550 364 καὶ,
567 339 576 356 ι
593 330 643 357 Ἔν
652 338 683 365 γε
695 330 782 366 τούτῳ
794 330 876 365 γινώ-

88 387 203 414 σκομεν,
230 378 271 404 ὅτι
291 377 320 404 ὲν
338 377 402 412 ἡμῖν
425 377 508 409 ἐστιν,
534 376 566 402 ὲκ
586 375 634 403 τοῦ
657 376 824 411 Πνεύματος,
845 372 875 403 οὗ

88 423 190 451 ἓδωκεν
207 424 282 459 ἡμῖν.
309 432 318 449 ν
341 422 466 449 Ἔνοικον
486 421 540 458 γὰρ
554 422 602 449 καὶ
616 422 807 457 ὲνηυλισμένον
827 430 876 450 κα-

89 469 254 504 ταπλουτοίη
278 477 320 500 τις
343 467 375 495 ἂν
395 469 441 494 τὸν
463 468 544 503 φύσει
564 476 594 495 τε
616 467 664 495 καὶ
684 467 792 503 ἀληθῶς
812 468 877 494 εντα

87 515 167 546 Θεὸν,
183 515 233 541 οὐκ
246 513 385 550 ἀλλότριόν
406 522 433 540 τι
454 513 500 541 καὶ
521 513 719 548 διεσπασμένον
740 513 876 545 ούσιωδῶς

87 561 174 588 αὑτοῦ
196 560 225 587 τδ
246 559 358 595 Πνεῦμα
372 559 473 592 λαϐὼν,
495 558 562 586 ἀλλὰ
576 559 608 585 τὺ
628 559 659 591 ἐξ
680 558 761 587 αὑτοῦ
780 568 810 586 τε
829 560 876 587 καὶ

88 608 118 633 ὲν
132 605 215 641 αύτῷ,
228 605 275 632 καὶ
288 605 353 632 ἴδιον
365 604 460 637 αὑτοῦ,
475 605 521 632 καὶ
530 604 580 640 τὴν
593 604 654 640 ἴσην
664 605 703 636 ὡς
715 604 781 641 πρὸς
795 605 876 632 αὑτὸν

47 671 53 676 .
87 651 239 688 κυριότητα
257 650 367 687 φοροῦν,
391 649 464 677 οὕτω
485 658 516 676 τε
539 650 744 685 ὠνομασμένον.
769 650 816 678 καὶ
838 650 876 682 ὡς

88 699 118 725 ὲν
138 696 214 729 τάξει
229 695 405 732 παραληφθὲν
427 695 475 723 τιιῦ
490 695 555 722 Υἰοῦ
569 695 613 723 διὰ
632 696 783 731 ταυτότητα
798 705 874 730 φυσι-

89 744 153 778 κήν.
171 752 181 769 ‹
202 740 248 774 Εἷς
263 742 312 778 μὲν
333 742 387 778 γὰρ
402 741 467 774 Θεὸς
480 742 494 768 ό
509 742 613 778 Πατὴρ,
635 741 665 775 ἐξ
678 738 709 768 οὗ
723 742 757 769 τὰ
771 743 875 769 πάνταο

89 790 138 817 καὶ
159 787 198 821 εἷς
218 787 319 826 Κύριος
339 788 442 824 Ἰησοῦς
463 789 590 824 Χριστὸς,
605 789 639 816 δι’
651 787 725 817 οὔτὰ
744 790 843 817 πάντα.
864 799 873 816 ο

95 835 172 867 Ἐνὸς
188 835 216 861 δὲ
230 834 305 866 ὖντος
317 834 431 870 Κυρίου,
446 834 516 862 κατὰ
536 834 584 866 τὰς
604 835 726 870 Γραφὰς,
739 836 753 862 ὁ
774 834 877 871 Κύριος

91 881 122 908 τὸ
138 881 250 917 Πνεῦμά
266 881 350 908 ἔστιν.
369 882 406 908 'H
420 881 470 909 οὐκ
483 881 582 917 ἀληθὲς
600 882 614 908 ὃ
629 890 717 918 φημις

127 937 159 966 Β.
179 937 242 965 Nai.
257 937 412 973 Γέγραπται
426 937 481 973 γὰρ
497 937 556 965 ὡδί.

126 995 161 1021 Δ.
188 995 367 1030 ’Δκειρεκόμῃ
394 994 422 1021 δὲ
446 995 502 1022 ὄντι
526 995 590 1023 ποτὲ
604 995 643 1031 τῷ
658 997 786 1033 μακαρίῳ
806 998 880 1034 Σαμ-

91 1040 151 1076 ψὼν
171 1040 298 1076 παρεῖναί
316 1048 345 1066 τε
363 1040 411 1067 καὶ
431 1040 571 1068 συναθλεῖν
587 1041 617 1068 τὸ
632 1042 742 1078 Πνεῦμα
758 1043 878 1078 λέγεται.

96 1086 208 1121 Ἐπειδὴ
226 1086 254 1112 δὲ
267 1087 325 1117 ταῖς
347 1086 387 1118 εἰς
403 1085 512 1121 γύναιον
526 1087 633 1122 ἡδοναῖς
653 1087 688 1114 τὰ
704 1088 764 1115 καθ’
785 1089 880 1116 ἑαυτὸν

93 1132 189 1164 ἐδίδου,
207 1131 254 1158 καὶ
277 1131 401 1167 ἐψιλοῦτο
427 1133 529 1169 σιδήρῳ
547 1133 596 1169 τὴν
613 1134 744 1170 κεφαλὴν,
763 1135 879 1171 ἀπέστη,

93 1179 171 1214 φησὶ,
195 1178 296 1215 Κύριος
311 1179 358 1206 ἀπ’
382 1179 475 1206 αὐτοῦ.
500 1179 695 1216 Ἀναὸήσεσθαι
723 1181 752 1208 δὲ
775 1181 880 1217 μέλλων

93 1226 134 1256 είς
161 1224 302 1259 οὐρανοὺς,
327 1224 562 1260 προσπεφώνηκεν
586 1226 600 1252 ό
625 1226 743 1261 Χριστὸς
766 1228 822 1259 τοῖς
838 1236 881 1253 πι-

93 1270 235 1297 στεύουσιν
254 1271 293 1302 είς
308 1270 390 1297 αὐτόν
400 1277 407 1285 '
427 1279 436 1296 ι
456 1271 513 1298 Οὐκ
526 1271 624 1307 ἀφήσω
639 1271 710 1307 ὑμᾶς
727 1272 860 1308 ὀρφανούς
872 1281 879 1287 ·

93 1316 210 1350 ἔρχομαι
228 1315 296 1351 πρὸς
309 1315 390 1350 ὑμᾶς.
407 1324 416 1341 ι
430 1315 484 1343 Καὶ
501 1316 554 1351 μὴν
573 1316 629 1348 καὶ,
644 1326 652 1342 ι
669 1317 733 1343 Ἰδοὺ
749 1317 804 1352 ἐγὼ
822 1317 883 1353 μεθ“

95 1361 172 1396 ὑμῶν
188 1361 244 1396 ειμι
272 1361 361 1392 πάσας
375 1360 425 1392 τὰς
442 1361 557 1396 ἡμέρας,
580 1361 632 1393 ἓως
654 1361 703 1397 τῆς
729 1362 882 1394 συντελείας

92 1407 141 1433 τοῦ
155 1406 262 1438 αἰῶνος.
279 1415 288 1431 ι
309 1406 436 1441 Ἐπεμψε
459 1406 487 1433 δὲ
509 1407 575 1442 ἡμῖν
590 1407 620 1439 ὲξ
631 1407 746 1442 ούρανοῦ
760 1407 805 1435 τὸν
824 1408 882 1435 Πα-

94 1453 240 1488 ράκλητον,
260 1453 294 1479 δι’
313 1449 343 1479 οὗ
361 1453 408 1480 καὶ
425 1453 453 1480 ιν
476 1449 498 1487 ᾧ
519 1452 579 1487 μεθ’
601 1453 679 1489 ἡμῶν
705 1454 763 1480 ἐστι
788 1454 835 1481 καὶ
852 1455 881 1481 ἐν

97 1499 162 1534 ἡμῖν
177 1498 327 1531 αὐλίζεται,
343 1499 394 1525 οὐκ
410 1498 512 1525 ὀθνεῖον
531 1499 597 1534 ἡμῖν
622 1499 736 1535 ἐγχέων,
763 1500 829 1527 ἀλλὰ
852 1501 883 1527 τὸ

928 241 1034 275 opinor,
1054 240 1123 267 fideli
1139 244 1164 267 et
1182 239 1286 274 probo:
1305 247 1314 265 ι
1333 239 1486 271 Vettiemus,
1505 239 1600 272 inquit,
1613 246 1664 273 ego
1685 245 1713 266 ct

929 286 1019 317 Pater,
1035 291 1062 313 et
1077 286 1243 312 mansionem
1260 285 1329 319 apud
1345 292 1407 312 eum
1429 284 1558 311 faciemus
1576 284 1609 310 ".
1628 293 1637 309 ι
1656 283 1687 310 Et
1704 293 1711 311 :

931 341 940 358 ί
962 331 989 358 lu
1008 331 1058 359 ltoe
1073 331 1260 365 cognoscimus
1272 330 1342 365 quod
1359 331 1385 357 in
1404 330 1479 357 nobis
1493 335 1545 362 est,
1562 338 1593 357 ex
1611 329 1712 364 Spiritu

929 385 1008 413 quem
1027 378 1099 405 dedit
1116 377 1193 404 nobis
1212 378 1245 403 “.
1269 386 1277 404 ι
1300 376 1416 404 lncolam
1438 376 1511 403 enim
1533 381 1559 403 et
1580 377 1713 412 hospitem

930 423 1081 450 naturalem
1098 430 1129 450 ac
1143 430 1236 450 verum
1261 423 1343 450 Deum
1363 422 1504 454 habemus,
1529 430 1580 449 non
1596 423 1712 450 alienum

928 474 956 496 et
969 469 1126 496 distittctum
1141 469 1355 496 substantialiter
1372 468 1476 502 abipso
1498 467 1628 502 Spiritum
1644 469 1718 495 acci-

929 515 1044 550 pientes,
1060 514 1106 543 sed
1121 521 1182 541 eum
1197 513 1242 548 qni
1259 521 1291 541 ex
1304 515 1372 548 ipso,
1388 519 1414 541 et
1425 514 1451 540 in
1465 514 1531 548 ipso,
1548 518 1575 540 et
1590 514 1714 548 proprius

928 565 971 587 est
983 559 1051 594 ejus,
1069 563 1096 586 et
1109 559 1206 593 mquali
1227 566 1287 585 cum
1308 559 1366 594 ipso
1379 559 1562 587 dominatione
1576 561 1713 594 prmditus,

931 606 1113 640 Domiuusqtte
1127 610 1305 639 nuncupatus,
1321 613 1351 632 ac
1368 605 1427 632 Filii
1443 605 1501 633 loco
1513 611 1666 640 assumptus
1680 605 1717 633 ob

930 651 1096 680 identitatem
1113 651 1273 678 naturalem.
1291 659 1300 676 ι
1315 651 1390 679 Unus
1403 651 1474 679 enim
1485 656 1525 679 est
1541 653 1611 680 Deus
1625 653 1714 686 Pater,

929 706 961 725 cx
981 705 1033 732 quo
1052 698 1153 729 omnia,
1175 702 1203 724 et
1225 704 1294 724 unus
1324 697 1454 725 Dominus
1474 697 1552 725 .lesus
1578 698 1716 731 Christus,

929 751 976 779 per
988 751 1067 778 quem
1082 742 1175 770 omnia
1184 741 1218 769 “.
1235 752 1244 768 ι
1262 742 1337 770 Unus
1348 747 1439 770 atttem
1455 750 1515 770 cum
1529 744 1563 770 sit
1577 743 1714 775 Dominus,

929 789 1078 817 secundum
1093 788 1259 824 Scripturas,
1274 788 1404 816 Dominus
1420 788 1538 824 Spiritus
1554 794 1595 816 est
1607 789 1642 816 ".
1660 790 1716 816 An-

930 843 984 863 non
1002 843 1094 864 verum
1109 839 1151 862 est
1167 835 1238 869 quod
1249 834 1327 861 dico?

962 937 993 965 Β.
1012 937 1048 964 Ita
1064 943 1185 972 prorsus,
1201 937 1242 964 sic
1256 937 1326 964 enim
1344 937 1474 972 scriptum
1491 942 1544 965 est.

963 995 996 1022 A.
1012 994 1081 1022 Olim
1098 995 1179 1022 beato
1192 994 1328 1027 Samsoni,
1343 1002 1404 1021 cum
1421 994 1541 1022 nondum
1555 999 1627 1023 esset
1640 1002 1717 1022 coma

929 1046 1042 1074 resecta,
1062 1041 1178 1076 Spiritus
1196 1041 1303 1073 adesse.
1322 1045 1350 1068 et
1371 1048 1432 1068 cum
1457 1048 1489 1068 eo
1505 1047 1624 1075 pugnare
1645 1040 1718 1068 dice-

929 1088 1010 1115 batur
1027 1097 1033 1115 :
1052 1095 1113 1115 eum
1129 1093 1218 1115 autent
1236 1086 1404 1114 mulierculae
1422 1086 1604 1123 voluptatibus
1624 1093 1654 1114 se
1669 1087 1718 1114 tle—

930 1134 1026 1167 dissct,
1044 1142 1075 1161 ac
1087 1133 1159 1162 l‘erro
1172 1138 1251 1168 caput
1266 1133 1324 1167 ejus
1340 1133 1470 1160 nudatum
1491 1137 1574 1165 esset,
1592 1133 1717 1163 recessit.

931 1180 1029 1216 inquit,
1053 1180 1183 1207 Dominus
1204 1181 1238 1208 ab
1261 1187 1293 1208 eo
1312 1180 1345 1207 ".
1370 1179 1457 1208 Porro
1478 1187 1538 1207 cum
1557 1187 1719 1207 ascensurus

933 1230 1005 1253 esset
1027 1225 1053 1252 in
1073 1225 1158 1253 cmlos
1179 1225 1314 1260 Christus,
1337 1225 1514 1254 credentibus
1530 1225 1557 1252 in
1581 1232 1610 1252 se
1625 1225 1692 1252 dixit
1710 1235 1716 1252 :

934 1281 943 1298 ι
958 1271 1016 1299 Non
1040 1271 1189 1306 relinquam
1208 1279 1255 1299 vos
1270 1272 1405 1306 orphanos
1429 1280 1435 1298 :
1460 1270 1564 1298 veniam
1583 1270 1666 1307 642
1685 1271 1717 1297 ad

932 1325 979 1345 vos
990 1317 1023 1343 ".
1037 1326 1045 1343 ι
1063 1316 1196 1345 Praeterea
1211 1326 1217 1344 :
1231 1326 1240 1342 ι
1255 1317 1323 1344 Ecce
1337 1324 1386 1351 ego
1401 1316 1538 1344 vobiscum
1552 1324 1612 1343 sum
1631 1317 1719 1343 omni-

933 1365 982 1391 bus
996 1363 1090 1390 diebus
1105 1370 1190 1397 usque
1212 1363 1245 1390 ad
1267 1362 1527 1390 consummationem
1550 1362 1641 1390 saeculi
1656 1362 1688 1389 ³¹.
1705 1372 1715 1388 ι

932 1409 1005 1437 Misit
1029 1413 1120 1436 autem
1139 1408 1217 1436 nobis
1232 1409 1265 1436 de
1287 1408 1354 1436 cmlu
1375 1407 1555 1442 Paracletum,
1578 1416 1626 1444 per
1638 1416 1718 1444 quem

932 1462 961 1485 et
980 1457 1005 1483 in
1023 1464 1076 1490 quo
1090 1455 1229 1483 nobiscum
1253 1459 1303 1488 est,
1327 1459 1355 1482 et
1372 1455 1397 1481 in
1423 1454 1499 1482 nobis
1525 1455 1639 1486 habitat,
1666 1462 1718 1481 non

933 1503 1050 1530 alienum
1071 1502 1151 1530 nobis
1176 1501 1340 1533 infundens,
1358 1500 1404 1529 sed
1431 1499 1588 1532 substantia:
1612 1507 1668 1527 sua:
1691 1505 1719 1527 et

97 1546 145 1582 τῆς
163 1546 256 1578 οὐσίας
271 1546 365 1578 αὐτοῦ,
378 1546 487 1581 καὶτῆς
500 1546 545 1573 τοῦ
560 1546 664 1582 Πατρὺς
680 1546 744 1574 ῐδιον
759 1548 880 1583 Πνεῦμα.

934 1545 1021 1573 Patris
1038 1546 1174 1581 propriutn
1189 1546 1331 1581 Spiritum.

130 1602 162 1629 Β.
183 1602 326 1638 Σύμφημι.
347 1602 531 1638 Μεμνήσομαι
556 1602 613 1638 γὰρ
638 1603 685 1629 καὶ
716 1603 797 1635 αὐτὸς
827 1603 882 1638 ἐγὼ

95 1647 168 1675 θείου
183 1657 213 1675 τε
231 1649 279 1676 καὶ
298 1649 370 1685 ἱεροῦ
388 1648 563 1684 Γράμματος,
577 1645 628 1675 ὧδέ.
641 1656 679 1684 πη
693 1648 834 1681 λαλοῦντος
853 1650 883 1676 τὸ

96 1694 160 1729 περὶ
179 1693 232 1720 τῶν
250 1694 335 1728 ἁγίων
360 1693 526 1726 ἀποστόλων,
551 1693 592 1721 ὅτι
613 1703 622 1720 ι
654 1693 811 1730 Ἐπείραζον
834 1696 883 1730 μὲν

96 1739 136 1770 είς
160 1738 209 1774 τὴν
226 1738 352 1765 Βιθυνίαν
368 1738 506 1771 ἀπελθεῖν,
522 1740 572 1766 οὐκ
590 1739 664 1767 εἴασε
689 1740 717 1767 δὲ
737 1741 835 1773 αὐτοὺς
853 1742 883 1768 τὸ

97 1784 210 1820 Πνεῦμα
232 1784 328 1820 Ἰησοῦ.
350 1794 360 1811 ι

132 1843 165 1868 Δ.
186 1842 218 1868 Τί
234 1842 280 1874 δέ;
295 1842 354 1877 οὐχὶ
367 1842 414 1868 καὶ
428 1842 526 1874 αὐτοὺς
546 1843 609 1875 τοὺς
626 1842 672 1870 τοῦ
690 1842 757 1870 Θεοῦ
777 1843 882 1878 λόγους,

98 1887 257 1923 Πνεύματος
274 1885 342 1914 εἶναι
364 1895 445 1923 φησιν
462 1889 478 1923 ἡ
496 1888 610 1924 Γραφή;
636 1889 749 1922 Ἡσαΐας
768 1889 818 1925 μὲν
829 1889 883 1926 γὰρ

96 1934 111 1960 ό
126 1932 278 1965 θεσπέσιος,
302 1933 352 1969 τὴν
371 1933 489 1966 ἐξαίσιον
506 1935 571 1969 ἡμῖν
593 1935 640 1962 καὶ
662 1935 884 1972 φρικωδεστάτην

97 1977 208 2013 ἐκείνην
230 1976 358 2004 θεοπτίαν
380 1978 581 2014 ἀφηγούμενος,
606 1989 615 2006 ι
641 1977 728 2012 Εἶδον,
744 1981 820 2016 φησὶ,
838 1981 884 2008 τὸν

97 2023 202 2059 Κύριον
227 2022 340 2050 Σαϐαὼθ
367 2023 520 2059 καθήμενον
537 2024 583 2051 Eni
603 2023 697 2060 θρόνου
717 2025 817 2062 ὑψηλοῦ
837 2027 885 2054 καὶ

97 2068 266 2104 ἐπηρμένου.
287 2078 297 2095 ι
317 2069 372 2095 Καὶ
385 2070 419 2096 τὰ
438 2069 482 2096 διὰ
497 2069 579 2106 μέσου
594 2071 699 2103 τούτοις
718 2072 883 2107 ἐπενεγκὼν,

100 2124 110 2141 ι
130 2115 267 2147 Ἤκουσα,
290 2115 366 2150 φησὶ,
387 2115 489 2151 Κυρίου
516 2115 629 2143 Σαϐαὼθ
654 2116 794 2151 λέγοντος·
818 2118 885 2144 Τίνα

96 2160 269 2194 ἀποστείλως
285 2161 333 2188 καὶ
349 2161 391 2193 τίς
411 2161 574 2198 πορεύσεται
593 2162 660 2197 πρὸς
676 2163 720 2190 τὸν
739 2162 802 2189 λαὸν
821 2163 884 2190 τοῦ-

969 1604 998 1633 Β,
1017 1603 1168 1631 Asscntior.
1188 1602 1296 1630 Memini
1314 1602 1386 1629 enim
1409 1608 1492 1629 saera:
1512 1600 1668 1637 Scriptum,
1685 1602 1720 1630 de

933 1650 1033 1677 sanctis
1047 1650 1175 1684 apostolis
1192 1650 1217 1676 itt
1241 1649 1314 1676 hunc
1336 1648 1447 1676 modum
1470 1647 1552 1676 verba
1568 1647 1694 1676 facientis
1709 1656 1718 1676 :

936 1704 945 1720 ι
961 1694 1113 1721 Tentabant
1134 1694 1173 1720 ire
1193 1693 1221 1720 in
1236 1692 1402 1729 Bithyniam,
1420 1700 1473 1720 non
1490 1693 1613 1729 permisit
1629 1697 1719 1720 autem

933 1750 980 1769 eos
996 1740 1113 1776 Spiritus
1130 1740 1192 1768 Jesu
1204 1740 1237 1767 ³³.
1252 1749 1262 1766 ›

968 1838 1001 1865 Α.
1022 1837 1091 1872 Quid
1110 1836 1193 1865 vero?
1207 1843 1297 1865 nonne
1312 1835 1394 1865 etiam
1411 1836 1485 1870 ipsos
1501 1835 1548 1864 Dei
1568 1843 1720 1869 sermones.

934 1883 1073 1918 Scriptura
1098 1883 1216 1917 Spiritus
1231 1889 1371 1910 sermones
1386 1890 1447 1910 esse
1469 1882 1530 1910 ait?
1550 1882 1633 1910 Isaias
1648 1883 1720 1910 enim

934 1930 1038 1957 divinus
1050 1928 1208 1964 stupendam
1221 1928 1294 1957 illam
1307 1935 1338 1955 ac
1350 1928 1516 1956 tremendam
1529 1928 1574 1955 Dei
1590 1928 1720 1956 visionem

933 1983 1066 2004 enarrans
1085 1984 1091 2002 :
1107 1984 1117 2000 ι
1131 1974 1202 2007 Vidi,
1216 1973 1315 2008 inquit,
1333 1973 1478 2002 Dominum
1494 1973 1614 2000 Sabaoth
1628 1974 1722 2001 seden-

935 2028 988 2051 tem
1001 2029 1082 2058 super
1096 2022 1221 2050 thronum
1236 2020 1372 2048 excelsum
1392 2025 1420 2048 et
1435 2020 1568 2048 elevatum
1582 2021 1615 2049 “.
1636 2031 1646 2048 ι
1660 2021 1723 2055 Qni-

934 2069 1046 2097 busdam
1064 2068 1161 2097 deinde
1180 2067 1359 2101 interpositis,
1378 2065 1508 2100 subiicit:
1525 2075 1534 2091 ι
1550 2066 1658 2100 Audivi,
1678 2067 1720 2094 in-

934 2116 1004 2150 qnit,
1026 2114 1168 2142 Dominum
1185 2112 1305 2140 Sabaoth
1324 2112 1459 2139 dicenteut
1474 2120 1481 2139 :
1498 2111 1582 2145 Quem
1605 2112 1721 2144 mittam.

935 2166 962 2188 et
973 2160 1033 2196 quis
1048 2159 1128 2187 vadet
1139 2158 1172 2186 ad
1189 2158 1315 2193 populum
1328 2157 1431 2184 istum?
1445 2157 1476 2184 Et
1492 2157 1547 2184 dixi
1560 2166 1567 2185 :
1580 2157 1649 2185 Ecce
1660 2165 1719 2192 ego,

95 2215 160 2239 10v;
182 2205 237 2233 Καὶ
253 2203 334 2233 εἶπα·
354 2207 418 2234 Ἰδοὺ
433 2207 500 2242 ἐγὼ,
513 2207 670 2236 ἀπόστειλόν
685 2217 729 2244 με.
741 2209 795 2236 Καὶ
805 2205 881 2237 εἷπε·

938 2207 1014 2234 mitte
1033 2213 1085 2233 me.
1102 2205 1135 2232 Et
1151 2204 1238 2232 dixit:
1256 2203 1338 2235 Vade.
1357 2208 1384 2230 et
1398 2203 1440 2231 dic
1451 2203 1549 2238 popqu
1564 2203 1627 2231 huic
1642 2213 1649 2231 :
1667 2205 1723 2232 Au-

97 2252 231 2288 Πορεύου,
249 2252 295 2279 καὶ
309 2253 369 2280 είπὲ
395 2253 434 2288 τῷ
451 2253 507 2289 λαῷ
521 2254 607 2289 τούτῳ
619 2262 625 2269 ·
649 2254 729 2290 ’Δκοῇ
743 2254 885 2288 ἀκούσετε,

96 2299 146 2324 καὶ
165 2298 197 2324 οὐ
215 2297 252 2334 μὴ
268 2298 350 2334 ἴδητε.
376 2307 385 2324 ι
410 2299 480 2326 Ἀλλ’
496 2300 510 2326 ό
530 2300 579 2335 μὲν
596 2299 737 2333 Θεσπέσιος
759 2300 885 2336 Ἰωάννης

96 2343 164 2379 περὶ
175 2343 222 2370 τοῦ
235 2344 402 2378 Μονογενοῦς
416 2353 493 2380 φησι,
506 2355 515 2372 ι
530 2345 656 2373 Ταῦταδὲ
668 2345 743 2373 εἶπεν
761 2346 885 2379 Ἡσαΐας.

95 2389 180 2425 ἡνίκα
197 2387 249 2415 εῐδε
268 2389 318 2424 τὴν
342 2389 420 2423 δόξαν
444 2390 536 2424 αὑτοῦ,
552 2391 599 2418 καὶ
620 2391 734 2426 ἐλάλησε
754 2392 817 2427 περὶ
838 2392 888 2418 αὑ-

96 2434 157 2462 τοῦ.
180 2444 190 2461 ι
209 2435 343 2470 Στέφανός
356 2444 388 2469 γε
405 2435 458 2472 μὴν
476 2437 490 2463 ὁ
506 2435 660 2471 σοφώτατος
681 2437 815 2469 Ἰουδαίοις
833 2436 885 2472 ἔφη

97 2481 275 2517 προσλαλῶν·
308 2490 317 2507 ι
353 2481 588 2518 Σκληροτράχηλοι
621 2482 668 2509 καὶ
703 2482 884 2519 ἀπερίτμητοι

97 2525 225 2561 καρδίαις
242 2526 357 2558 καὶτοῖς
381 2526 459 2558 ὠσὶν,
477 2527 555 2561 ὑμεῖς
570 2527 613 2555 ἀεὶ
627 2527 666 2563 τῷ
688 2527 826 2562 Πνεύματι
848 2527 887 2562 τῷ

97 2570 172 2605 ἁγίῳ
196 2570 381 2599 ἀντιπίπτετε.
410 2581 420 2598 ι
445 2569 508 2608 'Ap'
530 2573 580 2599 οὐκ
602 2573 716 2608 ἐναργὲς
739 2572 790 2609 ἤδη
817 2580 885 2605 πως,

98 2616 138 2648 ὥς
155 2617 295 2653 ἑτερότητι
320 2618 369 2653 μὲν
383 2619 416 2653 τῇ
432 2617 494 2644 καθ’
509 2618 654 2645 ὑπόστασιν
681 2618 776 2653 ἰδικὴν,
795 2618 822 2645 τί
836 2618 887 2653 μέν

98 2662 160 2688 ἔστι
182 2661 286 2698 Πατὴρ,
301 2663 327 2689 τί
340 2663 368 2689 δὲ
386 2663 433 2690 καὶ
448 2663 521 2696 Υἱὸς,
534 2663 600 2690 τίδὲ
616 2663 649 2700 δὴ
661 2664 707 2691 καὶ
720 2664 751 2690 τὸ
763 2663 886 2699 Πνεῦμα,

98 2708 170 2744 πρὸς
186 2707 264 2744 ἡμῶν
277 2706 306 2735 εὖ
318 2709 390 2744 μάλα
405 2709 626 2744 διαγινώσκεται;
640 2709 773 2745 συμὸἀσει
785 2718 816 2744 γε
834 2709 887 2746 μὴν

939 2253 1012 2280 ribus
1029 2251 1155 2285 audietis,
1176 2255 1204 2279 et
1219 2257 1272 2278 non
1294 2249 1495 2284 intelligetis".
1511 2258 1521 2275 ι
1539 2248 1592 2276 Sed
1614 2249 1723 2277 divinus

933 2299 1041 2337 quidem
1061 2297 1178 2326 Joannes
1203 2297 1236 2324 de
1257 2295 1401 2331 Uuigenito
1430 2295 1468 2322 ait
1489 2304 1497 2323 :
1523 2303 1533 2321 ι
1549 2294 1612 2323 Haec
1631 2299 1722 2322 autem

934 2344 1001 2372 dixit
1021 2342 1115 2374 ISaias,
1134 2342 1242 2377 quando
1268 2341 1337 2372 vidit
1353 2340 1466 2375 gloriam
1479 2340 1549 2375 ejus,
1567 2344 1595 2367 et
1617 2339 1723 2367 locutus

933 2395 975 2418 est
991 2390 1023 2418 de
1039 2396 1071 2416 eo
1088 2388 1122 2416 ³⁸.
1141 2398 1151 2415 ι
1171 2388 1325 2421 Quinetiam
1341 2386 1557 2422 sapientissimus
1571 2383 1724 2420 Stephanus

934 2437 1041 2465 Iudaeos
1056 2436 1221 2470 compellans
1241 2435 1349 2463 dicebat
1367 2444 1374 2462 :
1399 2444 1410 2461 ι
1425 2434 1495 2463 Dura
1510 2434 1616 2463 cervice
1633 2438 1661 2461 et
1682 2433 1722 2460 in-

937 2481 1090 2509 oircumcisi
1104 2481 1232 2509 cordibus
1248 2486 1275 2508 et
1288 2481 1411 2513 auribus,
1425 2487 1476 2508 vos
1490 2486 1597 2514 semper
1609 2479 1722 2514 Spiritui

938 2532 1032 2556 sancto
1055 2527 1180 2555 resistitis
1198 2527 1232 2555 ³⁷.
1249 2535 1259 2553 ι
1283 2526 1410 2561 Nunquid
1433 2525 1604 2562 manifestum
1620 2531 1663 2553 σει
1678 2526 1724 2553 de-

938 2581 1022 2606 mum,
1036 2580 1052 2599 a
1072 2572 1149 2599 nobis
1164 2572 1256 2606 utique
1278 2571 1389 2606 agnosci
1409 2571 1475 2606 quid
1498 2571 1534 2599 sit
1553 2570 1643 2604 Pater,
1660 2570 1724 2605 quid

937 2618 1032 2650 Filius,
1058 2622 1085 2645 et
1106 2616 1170 2651 qttid
1195 2616 1322 2652 Spiritus,
1337 2616 1512 2651 distinctione
1535 2615 1724 2652 hypostatica?

937 2668 1121 2690 verumtamen
1143 2662 1254 2689 unitatis
1269 2661 1400 2689 naturalis
1414 2661 1508 2696 copula
1524 2663 1615 2689 omnia
1633 2661 1725 2696 utique

938 2714 1002 2736 sunt
1021 2709 1153 2740 omnium,
1168 2708 1310 2741 adventus,
1325 2715 1476 2741 sermones,
1497 2713 1525 2736 et
1542 2708 1723 2744 participatio,

135 2807 159 2823 “
175 2806 254 2834 Joan.
272 2814 329 2839 xtv,
343 2807 390 2835 25.
426 2807 448 2824 "
463 2806 563 2835 IJoan.
576 2815 612 2840 tv,
625 2807 668 2834 l3.
706 2808 728 2824 ’⁸
745 2807 754 2833 l
772 2806 836 2834 Cor.
851 2814 916 2838 vm,
930 2807 957 2832 6.
975 2807 996 2822 "
1014 2805 1092 2833 Joan.
1114 2813 1150 2836 tv,
1164 2805 1210 2833 24.
1246 2804 1372 2840 "VJudic.
1388 2804 1524 2840 “520.77
1538 2803 1558 2819 "
1573 2803 1651 2831 Joan.
1666 2812 1722 2837 xtv,

101 2842 146 2870 18.
192 2842 214 2858 ⁸¹
229 2840 324 2870 Matth.
341 2843 492 2875 nvnt,‘20.
523 2843 545 2858 "
560 2839 620 2870 Act.
637 2850 691 2876 τινι,
709 2843 735 2869 7.
775 2843 795 2858 ³⁵
810 2842 861 2869 lsu.
880 2851 881 2855 π

934 2842 953 2868 Ι.
994 2842 1016 2857 ³⁵
1037 2841 1103 2868 ibid.
1121 2841 1153 2873 Β,
1169 2841 1196 2868 9.
1232 2840 1253 2856 ³⁸
1263 2839 1341 2868 Joau.
1359 2848 1405 2870 ut,
1420 2839 1464 2866 41.
1503 2839 1525 2856 ³¹
1539 2840 1599 2867 Act.
1615 2847 1663 2867 ru.
1676 2840 1721 2868 51.
