1937 3036
211 137 280 165 1095

713 135 742 163 S.
763 133 901 176 CYRIILI
920 132 1154 160 ALEXANDRINI
1174 131 1336 160 ARCHIEP.

1780 128 1861 157 1096

210 197 343 230 operatio,
360 200 387 223 et
408 195 505 230 gloria,
526 200 553 223 et
571 201 738 230 quaecunque
759 194 879 221 divinam
901 197 999 220 ornant

1066 194 1083 228 ᾖ
1101 192 1169 228 πρὸς
1190 192 1307 227 ἑνότητα
1331 189 1459 225 φυσικὴν,
1484 188 1572 216 πάντα
1590 187 1623 223 δὴ
1639 188 1762 219 πάντων,
1780 195 1861 222 παρ-

210 248 345 271 naturam.
358 241 413 270 Sed
421 249 492 278 pene
502 249 546 270 me
560 241 625 269 illud
637 241 716 275 fugit.

248 370 278 399 Β.
298 371 432 405 Quidnam
445 370 535 404 istud?

246 417 279 444 Α.
301 417 402 444 Audies
421 417 574 448 enhnvero,
601 415 701 449 amice,
723 419 834 444 sanctos
856 415 1003 451 prophetas

210 463 359 490 clamantes
376 472 383 489 ι
408 471 418 488 ι
434 462 497 490 Hac
510 462 577 490 dicit
596 461 744 495 Dominus;
760 470 770 488 ι
791 466 899 490 nostros
913 465 1002 489 autem

210 510 347 541 doctores,
362 509 407 543 qui
423 513 452 536 et
468 508 519 543 ipsi
538 513 623 536 testes
635 508 736 536 oculati
750 508 869 542 fuerunt,
883 515 916 536 ac
928 507 1002 535 verbi

211 556 346 582 ministri:
359 564 369 580 ι
383 554 445 582 Hec
456 554 524 582 dicit
532 554 650 590 Spiritus
662 559 782 581 sanctus.
793 563 805 581 ι
816 553 950 588 Scriptum
962 557 1004 580 est

211 602 275 629 item
292 609 300 629 :
320 610 329 626 ι
345 600 534 636 Jejunautibus
553 604 643 628 autem
663 600 728 633 illis,
744 604 772 627 et
785 599 1004 628 ministrantibus

210 647 335 679 Domino.
345 647 412 674 dixit
429 646 547 682 Spiritus
561 651 688 675 sanctus:
699 646 845 681 Segregate
856 646 922 673 milii
933 645 1003 673 Pauo

211 693 265 721 ium
279 699 305 721 et
318 693 468 722 Barnabam
483 693 511 721 in
525 701 593 729 opus
608 693 641 720 ad
653 693 726 729 quod
737 693 869 727 assumpsi
883 699 931 720 eos
941 692 975 719 ³⁸.
990 702 1002 719 ›

210 740 246 767 At
259 740 280 767 si
299 739 380 767 Patre
394 740 485 767 minor
497 745 539 767 est
561 739 690 775 Spiritus,
704 744 733 767 et
747 740 806 774 ejus
823 739 941 767 essentia
957 746 1005 773 po-

210 785 322 817 sterior,
335 785 468 819 diversus,
481 785 623 821 alteraque
639 792 734 813 revera
746 790 841 812 natura
856 785 983 819 praeditus
992 794 1003 812 :

212 837 301 858 nonne
313 835 434 858 veterum
458 835 616 858 sanctorum
635 830 817 858 ministerium
829 829 913 866 643
936 837 1006 864 prae-

210 882 264 904 stat
277 877 435 912 evangelica
445 881 472 904 et
483 876 642 912 apostolico.
656 876 788 912 siquidem
805 877 843 904 illi
864 884 879 904 a
892 876 1004 904 Domino
1019 870 1042 901 Β

211 929 242 949 ac
261 921 317 949 Deo
333 922 448 950 traditos
467 917 609 951 sermones
624 922 786 950 nuntiarunt
809 931 817 951 :
835 922 862 950 bi
879 927 968 950 autem
986 931 1001 951 a

211 967 334 1001 Spiritu?

1053 238 1133 265 ουσία
1150 246 1191 270 τε,
1210 238 1259 264 καὶ
1279 236 1365 271 λόγοι,
1389 235 1437 262 καὶ
1455 233 1573 270 μέθεξις,
1600 232 1730 269 ἐνέργειά.
1751 240 1787 258 τε
1808 232 1862 258 καὶ

1053 282 1128 315 δόξα,
1144 284 1191 310 καὶ
1206 284 1257 309 ὅσα
1274 282 1323 316 τὴν
1343 281 1420 308 θείαν
1435 279 1632 307 κατακαλλύνει
1656 278 1740 313 φύσιν
1750 286 1758 293 ·
1777 276 1862 312 ,ἀλλὰ

1057 336 1092 363 με
1108 327 1208 364 μικροῦ
1223 327 1271 354 καὶ
1285 326 1343 353 τόδε
1360 326 1461 362 διέδρα.

1089 374 1120 402 Β.
1142 374 1179 401 Τὸ
1190 374 1217 401 τί
1230 374 1279 409 δής

1088 421 1122 447 Α.
1150 419 1392 455 Ἀνακεκραγάτων
1407 418 1456 454 μὲν
1469 417 1525 457 γᾲρ
1540 417 1660 451 ἑπαῖοις,
1675 413 1698 444 ὦ
1715 417 1779 449 τᾶν,
1800 416 1861 442 τῶν

1054 466 1141 500 ἁγίων
1163 465 1328 501 προφητῶν·
1349 475 1359 491 r
1380 464 1451 492 Τάδε
1474 464 1549 498 λέγει
1574 463 1695 499 Κύριος·
1723 472 1733 488 ι
1755 464 1861 490 Μυστ-

1054 511 1171 546 αγωγῶν
1185 512 1213 538 δὲ
1224 511 1277 542 τῶν
1294 510 1357 538 καθ’
1367 511 1452 546 ἡμᾶς,
1467 510 1492 537 οἳ
1507 510 1554 538 καὶ
1570 510 1703 537 αὐτόπται
1718 507 1860 544 γεγόνασι

1055 558 1103 585 καὶ
1119 559 1255 594 ὑπηρέται
1271 557 1319 585 τοῦ
1342 558 1442 592 λόγον’
1465 566 1474 582 ι
1492 557 1562 584 Τάδε
1585 556 1661 590 λέγει
1683 556 1714 582 τὺ
1736 556 1860 590 Πνεῦμα

1054 604 1086 631 τὸ
1104 604 1191 639 ἅγιον.
1221 614 1230 630 ι
1257 604 1416 640 Γέγραπται
1438 603 1467 630 δὲ
1492 601 1544 630 αὗ’
1564 611 1575 629 ι
1602 601 1806 638 Νηστευόντων
1828 601 1858 627 δὲ

1054 649 1162 682 αὐτῶν,
1195 651 1242 677 καὶ
1272 649 1502 686 λειτουργούντων
1526 648 1565 684 τῷ
1595 648 1700 684 Κυρίῳ,
1731 646 1796 674 εἷπε
1826 647 1860 673 τὸ

1055 696 1171 732 Πνεῦμα
1186 696 1216 723 τὸ
1230 696 1307 731 ἅγιον
1317 705 1325 713 ·
1347 695 1508 732 ’Δφορίσατε
1522 695 1554 729 δή
1573 703 1618 730 μοι
1641 694 1687 721 τὸν
1705 693 1859 730 Βαρνάϐαν

1055 742 1102 769 καὶ
1123 741 1168 769 τὸν
1187 742 1303 774 Παῦλον,
1319 743 1359 774 είς
1377 742 1408 768 τὸ
1425 741 1506 777 ἔργον
1529 740 1544 767 δ
1562 740 1775 776 προσκέκλημαι
1803 741 1858 766 αὑ-

1055 787 1129 820 τούς.
1151 796 1161 813 )
1185 787 1255 813 Ἀλλ’
1269 787 1350 823 εἴπερ
1370 787 1427 822 ἔχει
1443 786 1475 813 τὺ
1493 787 1569 821 μεῖον
1590 786 1627 818 ὡς
1653 786 1723 821 πρὸς
1737 785 1808 812 Θεὸν
1826 785 1859 810 τὸ

1057 832 1188 867 Πνεῦμα,
1210 832 1257 859 καὶ
1282 832 1398 859 κατόπιν
1419 831 1530 868 ἔρχεται
1556 831 1606 866 τῆς
1636 831 1730 863 οὐσίας
1754 831 1855 861 αὑτοῦ,

1054 878 1105 913 τὴν
1120 878 1235 913 ἔκφυλον
1251 878 1401 913 ἑτερότητα
1421 877 1565 909 πεπονθὸς,
1582 877 1729 913 ὲτεροφυές
1745 885 1777 903 τε
1801 877 1858 903 ὺπ-

1054 924 1138 959 άρχον
1149 924 1258 959 ἀληθῶς
1268 933 1274 939 ·
1293 922 1338 960 ἆρ’
1353 924 1403 951 οὑκ
1415 925 1444 951 ὲν
1458 924 1582 959 ἀμείνοσι
1596 924 1649 951 τῶν
1663 924 1856 960 ἀρχαιοτέρων

1057 970 1170 1006 ἁγίωνὴ
1185 970 1309 998 διακονία
1319 971 1412 998 λοιπὸν
1423 970 1474 1006 τῆς
1485 970 1666 1007 εὐαγγελικῆς
1675 980 1706 997 τε
1721 972 1770 998 καὶ
1783 970 1856 998 ἀπι-

212 1013 339 1050 στολικῆς
351 1013 522 1050 λειτουργίας
531 1035 538 1047 ,
549 1014 627 1050 εἴπερ
641 1014 666 1042 οἳ
679 1014 741 1050 μὲν,
753 1015 817 1047 τοὺς
832 1014 908 1051 παρὰ
922 1015 1026 1051 Κυρίου
1037 1017 1083 1044 καὶ
1094 1017 1162 1044 Θεοῦ
1175 1017 1351 1054 διηγγέλκασι
1362 1017 1468 1052 λόγους,
1481 1018 1506 1044 οἱ
1518 1017 1557 1051 δὲ,
1574 1017 1622 1044 τοῦ
1637 1018 1818 1054 Πνεύματο;;

248 1061 279 1089 Β.
295 1062 504 1097 Propemodum.

249 1108 281 1134 A.
314 1107 348 1134 At
378 1114 428 1135 cur
455 1107 563 1135 demum
597 1106 831 1135 condemnationis
853 1113 882 1135 et
909 1109 1005 1137 mortis

213 1153 393 1180 ministerium
410 1152 485 1186 illud,
504 1154 556 1181 hoc
583 1161 647 1181 vero
662 1154 725 1181 vita:
737 1158 762 1181 et
775 1154 888 1189 jnslitia:
905 1154 1004 1183 alicubi

214 1198 315 1226 l'aulus
329 1199 500 1233 nuncupavit:
513 1199 637 1227 scribens
654 1208 661 1226 :
686 1208 694 1225 ι
713 1198 741 1226 Si
755 1200 827 1227 enim
853 1201 1005 1230 ministerio

215 1244 401 1272 damnationis
413 1244 498 1279 gloria
518 1249 560 1272 est
578 1254 585 1272 ε
605 1244 689 1272 multo
712 1246 799 1280 magis
813 1246 931 1275 abundat
954 1249 1006 1276 mi-

215 1291 479 1326 nisteriumjustitia:
493 1291 520 1319 in
535 1291 620 1327 gloria
635 1291 677 1319 "?
691 1302 700 1318 ι
723 1292 755 1320 Et
769 1300 833 1321 vero
855 1293 889 1321 de
905 1285 1005 1330 seipso,

214 1341 242 1364 et
271 1337 377 1364 caeteris
401 1337 530 1372 apostolis
549 1346 556 1364 :
574 1346 583 1363 ι
601 1337 651 1371 Qui
679 1342 706 1365 et
731 1338 842 1367 idoneos
865 1347 914 1368 nos
941 1341 1008 1368 fecit

216 1382 357 1410 ministros
372 1380 440 1410 Novi
465 1382 650 1417 Testameuti,
676 1391 728 1411 non
747 1384 859 1418 litteras,
877 1386 923 1413 sed
945 1385 1008 1422 Spi-

217 1429 297 1456 ritus.
326 1428 429 1456 Littera
463 1429 535 1457 eniin
564 1430 673 1463 occidit,
703 1430 820 1466 Spiritus
851 1437 939 1460 autem
968 1433 1009 1460 vi-

217 1474 309 1502 villcat
320 1474 354 1502 θ’.
374 1483 384 1500 ι
404 1473 500 1502 Nonne
515 1475 600 1503 cuivis
616 1475 680 1503 hinc
695 1477 736 1503 vel
753 1476 881 1505 facillime
895 1479 1007 1513 patebit,

218 1520 324 1554 priscos
342 1519 402 1547 illos
417 1524 444 1547 et
464 1527 478 1546 a
493 1519 548 1548 Deo
567 1521 679 1548 traditos
703 1530 853 1555 sermones,
875 1512 1010 1552 veteribus
1024 1512 1045 1541 ο

219 1565 439 1593 condemnationi
465 1566 560 1601 fuisse,
592 1572 621 1594 et
646 1569 679 1595 ad
702 1574 853 1596 extremum
877 1571 1009 1598 malormn

219 1611 375 1644 deduxisse,
403 1619 475 1640 nunc
498 1617 588 1640 autem
618 1621 758 1643 sermones
784 1615 901 1650 Spiritus
929 1616 1010 1652 justi-

221 1657 304 1685 iicare
322 1664 351 1686 et
367 1658 506 1686 viviﬁcare
517 1659 529 1686 ’Ξ
541 1661 638 1690 Annon
650 1660 758 1688 demum
780 1661 909 1698 intelligis
927 1670 1012 1696 quor-

221 1711 281 1732 Sum
299 1705 406 1732 tandem
419 1704 497 1733 nobis
513 1705 607 1733 tendat
624 1707 734 1735 oratio?

257 1793 288 1820 Β.
306 1794 405 1821 Etiam.
423 1794 536 1823 Multum
547 1796 620 1823 enim
634 1797 780 1824 verendum
798 1802 841 1825 est
855 1806 888 1826 ne
908 1799 1011 1835 aliquid

221 1840 306 1868 etiam
328 1841 501 1875 praestantius
519 1841 552 1869 de
576 1841 680 1876 Spiritu
702 1850 782 1878 quam
810 1845 842 1872 de
863 1845 917 1873 Deo
931 1845 1011 1875 l’atre

221 1893 255 1914 ac
266 1886 335 1914 Filio
345 1887 492 1915 sentiamus
502 1887 574 1920 :sed,
584 1888 606 1915 si
622 1888 718 1923 placet,
731 1894 823 1924 patere
833 1891 900 1923 hate.
909 1899 1010 1925 quaso,

221 1933 259 1960 ita
275 1939 304 1960 se
320 1938 395 1960 recte
409 1932 521 1966 habere,
534 1940 566 1960 ac
582 1933 647 1961 dici.
675 1928 743 1962 Cum
770 1929 862 1963 autem
885 1936 969 1964 Deum
984 1943 1012 1965 et

222 1987 254 2007 ex
287 1979 343 2006 Deo
377 1979 526 2007 secundum
559 1984 683 2008 naturam
716 1980 848 2017 Spiritum
878 1983 1010 2016 dicamus,

221 2031 312 2053 utrum
339 2026 448 2054 deitatis
478 2026 703 2062 proprietatibus,
733 2035 786 2056 non
815 2029 948 2057 relatione
978 2031 1011 2058 ad

222 2073 317 2104 Deum,
332 2073 378 2100 sed
393 2072 465 2099 velut
477 2072 502 2099 in
522 2073 632 2108 propria
647 2079 753 2108 natura,
777 2075 835 2110 ipsa
851 2076 1011 2104 excellentia

221 2123 360 2152 cernatur,
375 2118 517 2154 diligenter
534 2120 729 2154 expendamus.

257 2166 289 2192 A.
303 2164 480 2200 Nequaquam
502 2165 563 2192 inde
578 2167 698 2200 evinces,
719 2167 816 2201 amice,
841 2168 863 2196 si
880 2168 1011 2198 relatione

221 2214 255 2240 ad
284 2212 366 2239 Deum
397 2211 509 2247 perinde
532 2217 613 2247 atque
645 2219 707 2246 nos,
728 2214 858 2249 Spiritum
885 2220 1010 2243 ornatum

213 2258 369 2294 _concipils,
383 2265 433 2285 nec
446 2258 473 2284 in
487 2264 536 2285 sua
549 2263 643 2285 natura
662 2266 732 2286 verae
742 2261 851 2289 deitatis
862 2262 1013 2296 pulchritu-

222 2304 285 2332 dine
300 2304 426 2335 dilatum,
444 2303 671 2338 quemadmodum
701 2314 797 2342 nempe
812 2312 839 2334 et
860 2307 953 2341 Filius,
966 2309 1011 2344 qui

223 2351 256 2377 ad
271 2349 379 2377 Patrem
398 2349 507 2376 dicebat
522 2358 530 2377 :
546 2358 556 2376 ι
575 2350 672 2379 Omnia
687 2359 744 2380 mea
762 2359 806 2380 tua
821 2359 894 2388 sunt,
914 2360 942 2382 et
966 2360 1011 2383 tua

222 2403 282 2423 mea
294 2399 367 2426 sunt,
382 2399 409 2422 et
418 2394 585 2423 clarillcatus
597 2403 654 2423 sum
672 2397 699 2424 in
716 2399 756 2426 eis
767 2398 800 2426 ".
821 2408 830 2426 ι
850 2401 926 2433 Quod
939 2401 1011 2428 enim

224 2439 382 2468 habitudine
409 2446 462 2466 non
490 2440 605 2467 naturali
631 2446 758 2475 ornatur,
787 2444 902 2471 alienam
920 2446 1011 2480 utique

222 2485 335 2521 gloriam
360 2486 387 2513 in
408 2493 438 2514 se
457 2487 579 2522 suscipit.
594 2487 661 2515 Cum
678 2493 767 2516 autem
783 2490 826 2517 sui
840 2489 925 2525 ipsius
944 2491 1011 2518 nihil

224 2533 259 2559 sit
279 2532 424 2567 particeps,
450 2533 497 2561 sed
515 2533 586 2562 istud
604 2534 651 2562 iiat
667 2535 797 2564 relatione
819 2537 853 2564 ad
873 2537 986 2565 alterum
1002 2547 1008 2566 :

223 2577 335 2605 omnino
363 2586 474 2607 necesse
499 2585 542 2607 est
568 2580 594 2608 id
628 2582 699 2615 quod
728 2582 872 2618 participat
898 2583 1012 2611 diversa:

224 2627 326 2651 natura:
341 2631 401 2652 esse
419 2624 454 2652 ab
471 2631 504 2653 eo
516 2625 588 2661 quod
608 2627 798 2662 participatur.

258 2711 288 2738 Β.
307 2711 420 2742 Necesse
438 2719 489 2742 est.

259 2758 290 2785 Λ.
318 2758 349 2786 At
367 2760 439 2794 quis,
461 2761 558 2788 amabo
583 2767 618 2794 te,
648 2763 682 2790 de
701 2763 746 2791 Dei
774 2771 806 2791 ac
832 2764 919 2793 Patris
947 2766 1012 2794 sub-

1092 1065 1123 1093 B.
1143 1065 1328 1093 Κινδυνεύσει.

1093 1112 1126 1138 Δ.
1145 1104 1254 1145 Καίτοι,
1269 1111 1295 1139 τί
1311 1111 1411 1146 δήποτε
1425 1110 1614 1147 κατακρίσεως
1632 1110 1682 1146 μὲν
1699 1110 1746 1138 καὶ
1767 1110 1856 1138 θανά-

1058 1165 1106 1184 του
1120 1156 1259 1185 διακονίαν
1274 1157 1392 1193 ἐκείνην,
1407 1158 1522 1193 ταυτηνὶ
1542 1157 1582 1191 δὲ,
1597 1156 1670 1193 ζωῆς
1686 1157 1734 1183 καὶ
1748 1156 1857 1183 δικαιο-

1059 1203 1142 1239 σύνης
1157 1203 1334 1239 κατωνόμαζέ
1354 1212 1392 1240 πη
1408 1204 1523 1239 γράφων
1534 1204 1549 1231 6
1572 1203 1679 1234 Παῦλος
1692 1211 1698 1218 ·
1717 1212 1727 1228 t
1746 1203 1780 1229 Εἰ
1798 1203 1856 1237 γὰρ

1058 1251 1092 1286 τῇ
1114 1251 1237 1286 διακονίᾳ
1257 1250 1307 1285 τῆς
1327 1250 1517 1285 κατακρίσεως
1538 1250 1612 1283 δόξα,
1635 1249 1727 1284 πολλῷ
1750 1249 1856 1284 μᾶλλον

1059 1295 1234 1330 περισσεύσει
1256 1296 1272 1331 ἡ
1299 1294 1421 1322 διακονία
1445 1294 1495 1330 τῆς
1510 1294 1684 1330 δικαιοσύνης
1696 1296 1725 1321 ὲν
1741 1294 1827 1330 δόξῃς
1842 1303 1852 1319 ι

1063 1341 1177 1370 Ἑαυτοῦ
1197 1350 1229 1376 γε
1261 1342 1315 1378 μὴν
1330 1341 1394 1376 πέρι
1415 1342 1462 1368 καὶ
1479 1341 1535 1368 τῶν
1562 1341 1650 1368 ἄλλων
1674 1340 1855 1374 ἀποστόλων,

1061 1397 1070 1414 ι
1085 1389 1132 1420 ὐς
1142 1388 1190 1415 καὶ
1203 1388 1336 1415 ἱκάνωσεν
1349 1388 1424 1424 ἡμᾶς
1434 1387 1574 1419 διακόνους
1586 1387 1691 1421 Καινῆς
1700 1386 1854 1422 Διαθήκης.

1059 1434 1090 1461 οὺ
1110 1434 1293 1469 γράμματος,
1321 1434 1389 1461 ἀλλὰ
1409 1433 1585 1469 Πνεύματος·
1608 1433 1639 1460 τὸ
1652 1433 1708 1469 γὰρ
1735 1433 1855 1469 γράμμα

1061 1481 1230 1513 ἀποκτείνει,
1245 1481 1276 1508 τὸ
1290 1481 1318 1507 δὲ
1335 1481 1448 1516 Πνεῦμα
1464 1480 1601 1512 ζωοποιεῖ.
1615 1489 1624 1505 ι
1638 1478 1702 1514 Ἆρ’
1722 1480 1754 1506 οὺ
1773 1480 1855 1505 παντί

1061 1535 1101 1562 τῳ
1117 1526 1273 1561 καταφανὲς
1288 1525 1436 1554 κάντεῦθεν
1453 1526 1485 1553 ἂν
1502 1526 1616 1560 γένοιτο,
1641 1526 1689 1553 καὶ
1706 1525 1770 1552 λίαν
1791 1526 1855 1552 ἀκο·

1061 1573 1125 1605 νιτὶ,
1141 1572 1179 1604 ὡς
1193 1573 1217 1599 οἱ
1233 1572 1282 1608 μὲν
1297 1572 1399 1600 ἄνωθέν
1413 1580 1443 1598 τε
1460 1572 1507 1599 καὶ
1522 1572 1598 1608 παρὰ
1610 1571 1679 1597 Θεοῦ
1696 1571 1774 1605 λόγοι
1788 1580 1854 1598 κατη

1062 1619 1170 1654 ἐκρινον
1182 1619 1245 1651 τοὺς
1260 1618 1467 1654 ἀρχαιοτέρους,
1481 1618 1529 1645 καὶ
1544 1619 1584 1650 εἰς
1606 1618 1672 1644 αὐτό
1691 1627 1744 1645 που
1756 1619 1787 1644 τὸ
1799 1618 1854 1644 λοῖ-

1063 1665 1126 1692 σθον
1140 1664 1322 1701 κατεκόμιζον
1346 1664 1400 1692 τῶν
1413 1665 1518 1698 κακῶν,
1533 1665 1670 1692 δικαιοῦσι
1687 1665 1716 1692 δὲ
1735 1666 1795 1691 νυνὶ
1809 1666 1854 1692 καὶ

1062 1711 1239 1744 ζωοποιοῦσιν
1256 1712 1280 1738 oi
1298 1710 1476 1746 Πνεῦματος;
1496 1712 1531 1738 Ἦ
1548 1711 1598 1737 οὐκ
1615 1711 1735 1747 αἰσθάνῃ
1750 1710 1854 1743 λοιπὸν,

1061 1758 1121 1785 ὅποι
1137 1758 1202 1784 ποτὲ
1212 1758 1278 1793 ἡμῖν
1293 1757 1482 1783 διεκπαίουσιν
1496 1757 1521 1783 οἱ
1539 1756 1630 1791 λόγοις

1097 1804 1128 1830 Β.
1145 1803 1199 1829 Ναί
1211 1811 1218 1819 ·
1235 1803 1303 1830 πολὺ
1319 1802 1374 1839 γὰρ
1388 1803 1419 1829 τό
1435 1803 1505 1836 δέος,
1523 1803 1561 1839 μὴ
1578 1803 1632 1838 ἄρα
1642 1812 1670 1830 τι
1681 1803 1728 1829 καὶ
1743 1803 1854 1838 ἄμεινον

1062 1850 1126 1884 περὶ
1141 1849 1188 1876 τοῦ
1203 1848 1371 1884 Πνεῦματος,
1384 1849 1400 1884 ἢ
1416 1849 1481 1883 περὶ
1505 1848 1574 1875 Θεοῦ
1589 1848 1697 1884 Πατρὸς
1712 1850 1761 1875 καὶ
1778 1849 1852 1881 fiat"),

1061 1896 1218 1931 δοξάζωμεν
1230 1904 1238 1911 ·
1259 1895 1316 1922 ἀλλ’
1338 1895 1404 1921 εἴτοι
1420 1895 1502 1929 δοκεῖ,
1516 1896 1596 1922 ταυτὶ
1614 1896 1674 1931 μὲν,
1688 1893 1711 1922 ὥ
1728 1896 1788 1928 τᾶν,
1804 1892 1853 1922 ὧδέ

1061 1951 1092 1970 τε
1107 1942 1181 1978 ἔχειν
1193 1942 1225 1968 έα
1240 1942 1289 1969 καὶ
1312 1941 1440 1977 είρῆσθαι
1457 1941 1557 1973 καλῶς.
1575 1942 1686 1978 Ἐπειδὴ
1700 1942 1728 1969 δὲ
1745 1942 1811 1968 Θεόν
1826 1950 1853 1968 τε

1062 1988 1110 2015 καὶ
1121 1989 1153 2015 ὲκ
1169 1987 1238 2015 Θεοῦ
1258 1988 1329 2015 κατὰ
1339 1987 1421 2023 φύσιν
1434 1987 1464 2014 τὸ
1494 1988 1607 2024 Πνεῦμά
1627 1997 1735 2024 φαμεν,
1757 1989 1782 2014 εί
1799 1989 1853 2020 τοῖς

1062 2034 1113 2070 τῆς
1125 2034 1252 2069 θεότητος
1280 2034 1435 2069 ίδιώμασιν,
1453 2034 1483 2060 οὐ
1509 2034 1599 2070 σχέσει
1624 2036 1658 2070 τῇ
1688 2035 1758 2070 πρὸς
1777 2034 1852 2067 Θεὸν,

1062 2080 1120 2108 ἀλλ’
1135 2080 1172 2112 ὡς
1185 2081 1214 2108 ὲν
1231 2081 1284 2116 ἰδία
1304 2080 1385 2115 φύσει
1399 2080 1502 2107 κατίδοι
1519 2089 1561 2113 τις
1576 2080 1609 2108 ἂν
1626 2081 1766 2117 ἐκπρεπὲς
1778 2081 1851 2114 αὐτὸ,

1062 2127 1336 2163 πολυπραγμονῶμεν
1350 2127 1442 2163 ἡμεῖς.

1027 2185 1049 2212 ι)
1098 2173 1130 2200 Δ.
1151 2173 1188 2200 UO
1199 2173 1263 2208 γὰρ,
1276 2169 1299 2200 ὣ
1315 2172 1436 2209 φιλότης,
1447 2173 1613 2206 καταϐαλεῖς
1625 2173 1751 2206 αὐτόθεν,
1765 2173 1852 2208 σχέσει

1063 2221 1097 2255 τῇ
1115 2219 1184 2255 πρὸς
1203 2219 1286 2252 Θεὸν,
1305 2219 1365 2247 καθ’
1379 2220 1466 2256 ἤνπερ
1493 2220 1526 2247 ἂν
1548 2220 1595 2247 καὶ
1615 2221 1695 2255 ἡμεῖς
1720 2220 1808 2252 αὐτοὶ,
1825 2221 1852 2246 τδ

1065 2265 1178 2300 Πνεῦμα
1193 2265 1260 2292 νοῶν
1272 2265 1483 2302 ὲξωραῖσμένον,
1494 2266 1543 2293 καὶ
1555 2267 1603 2302 οὐχ
1616 2266 1654 2298 ὡς
1664 2267 1692 2293 ὲν
1708 2267 1762 2302 [δίᾳ
1777 2267 1851 2301 φύσει
1874 2281 1895 2302 ﬁ

1065 2311 1271 2338 καταπλουτοῦν
1300 2311 1332 2338 τὺ
1358 2313 1408 2348 τῆς
1441 2312 1558 2347 ἀληθοῦς
1584 2313 1713 2348 Θεότητος
1742 2314 1850 2344 κάλλος·

1065 2356 1191 2392 καθάπερ
1202 2357 1298 2392 ἀμέλει
1315 2358 1363 2384 καὶ
1379 2358 1393 2384 ὀ
1406 2357 1480 2390 Υἱὸς,
1494 2358 1523 2390 ὃς
1535 2358 1585 2394 ἔφη
1596 2358 1664 2394 πρὸς
1678 2359 1725 2386 τὸν
1736 2359 1852 2395 Πατέρα,

1065 2403 1106 2429 δτι
1125 2413 1135 2429 ι
1145 2403 1238 2430 Πάντα
1251 2402 1286 2430 τὰ
1301 2403 1355 2438 ἐμὰ
1369 2403 1404 2431 σά
1423 2404 1492 2436 εστι,
1510 2405 1558 2431 καὶ
1571 2404 1607 2431 τὰ
1620 2405 1654 2431 σὰ
1665 2405 1741 2441 εὲμὰ,
1756 2407 1802 2433 καὶ
1815 2407 1853 2432 δε-

1063 2448 1197 2485 δόξασμαι
1214 2451 1243 2476 ὲν
1257 2450 1360 2482 αὐτοῖς.
1373 2460 1382 2476 ι
1399 2449 1437 2476 Τὸ
1457 2450 1512 2486 γάρ
1521 2459 1562 2477 τοι
1574 2451 1666 2486 σχέσει
1684 2453 1719 2487 τῇ
1737 2452 1775 2487 μὴ
1787 2452 1851 2479 κατὰ

1065 2494 1146 2529 φύσιν
1163 2495 1328 2531 τιμώμενον,
1347 2495 1455 2523 όθνείαν
1472 2505 1524 2523 που
1548 2496 1657 2529 πάντως
1679 2498 1848 2530 εἰσοικίζεται

1064 2540 1153 2572 δόξαν.
1175 2540 1284 2577 Ἐπειδὴ
1305 2541 1345 2574 δὲ,
1359 2542 1457 2569 ἑαυτοῦ
1479 2542 1529 2578 μὲν
1545 2543 1595 2570 οὐκ
1609 2543 1641 2570 ἄν
1657 2552 1684 2570 τι
1709 2543 1851 2579 μεταλάχοι

1066 2586 1144 2618 ποτὲ,
1161 2586 1243 2614 πάθοι
1271 2587 1293 2613 δ’
1311 2587 1344 2615 ἂν
1361 2588 1428 2615 αὐτὸ
1447 2591 1482 2625 τῇ
1499 2589 1569 2625 πρὸς
1583 2589 1678 2626 ἕτερον
1703 2590 1806 2626 σχέσει,
1824 2590 1851 2617 τὸ

1067 2631 1181 2666 μετέχον
1205 2632 1253 2659 τοῦ
1283 2634 1464 2669 μετεχομένου
1490 2634 1566 2662 πᾶσά
1591 2643 1650 2668 πως
1676 2635 1785 2671 ἀνάγκη
1809 2635 1853 2662 καὶ

1066 2677 1212 2713 ἑτεροφυὲς
1228 2677 1298 2705 εἶναι
1310 2679 1410 2714 λέγειν.

1102 2724 1134 2751 Β.
1155 2725 1286 2761 Ἀνάγκη.

1101 2771 1131 2797 Α.
1155 2769 1221 2798 Εἶτα
1232 2772 1274 2804 τίς
1295 2773 1392 2805 ὲξπίσει
1410 2776 1468 2802 ποτ’
1484 2775 1527 2808 ἂν,
1548 2776 1607 2803 εἰπέ
1627 2786 1684 2812 μοι,
1700 2777 1751 2812 τῆς
1765 2777 1848 2809 οὐσίας

235 2848 255 2864 ³³
277 2853 338 2875 .tct.
355 2856 414 2883 xm,
429 2849 455 2876 Ξ.
496 2849 518 2866 ³³
533 2850 552 2877 ll
573 2850 634 2879 Cor.
653 2859 693 2885 ιιι,
712 2851 738 2880 9.
779 2852 801 2868 ⁸ο
820 2851 885 2881 ibid.
901 2853 927 2882 ϐ.
964 2856 1007 2893 ⁸⁸-.

1065 2866 1081 2885 ι.
1094 2865 1159 2891 xvn,
1180 2859 1220 2886 l0.
