1937 3036
243 164 311 193 i099

277 224 306 250 Β.
326 222 433 257 Utique.
452 221 548 250 Verum
572 222 643 248 enim
659 227 701 249 est
721 221 793 256 quod
810 220 866 249 Deo
882 225 1006 249 cantatur
1020 231 1026 249 :
1041 226 1066 254 Α

243 279 251 295 ι
269 267 401 301 Quoniam
415 267 505 295 omnia
518 266 638 294 serviunt
655 265 702 293 tibi
714 265 747 292 “.
764 275 774 291 ι

274 314 307 341 Δ.
322 313 398 347 Quod
414 313 494 348 igitur
507 313 639 340 servitute
654 319 763 339 servum
777 318 886 345 exuere,
907 317 931 339 et
947 311 1026 339 liber-

239 360 304 388 tatis
319 360 404 395 gloria
417 359 553 385 illustrare
567 357 649 393 645
671 358 753 385 etiam
769 365 801 385 ex
821 358 911 392 seipso
927 361 1025 392 potest,

239 405 345 433 servilis
361 405 449 438 ipsum
474 403 595 431 conditio
617 403 693 437 prius
715 403 860 438 relinquet,
877 407 905 431 et
923 408 1026 430 naturae

238 451 292 477 erit
315 456 447 485 supremae
472 456 504 476 ac
523 448 624 476 liberte.
650 449 696 476 Sic
725 449 797 476 enim
817 453 845 476 et
868 455 932 483 erga
960 449 1027 476 alias

238 496 400 527 libertatem,
425 494 562 529 proprium
589 498 615 522 ct
632 493 743 522 insitum
766 494 947 522 essentialiter
973 494 1025 522 sibi

237 543 349 574 bonum,
363 541 512 576 praestabit.

272 632 303 660 Β.
317 631 447 667 Equidem
463 631 510 658 tibi
521 635 595 658 recte
607 631 706 658 dicenti
724 630 802 658 facile
815 631 959 658 assentior.

273 679 307 706 Δ.
322 678 427 706 Clamet
438 678 519 712 igitur
531 678 629 705 beatus
648 676 747 704 Paulus
764 686 769 703 :
786 686 794 703 ι
809 676 864 704 Nos
887 685 952 704 vero
966 684 1026 704 ont-

238 732 286 753 nes
315 724 433 752 revelata
449 723 518 751 facie
533 722 646 758 gloriam
674 723 782 750 Domini
798 722 982 757 speculantes,
999 722 1025 749 in

237 770 360 799 eamdem
382 770 528 804 imaginem
550 767 778 796 transformamur
812 776 827 795 a
853 768 977 796 claritate
999 768 1026 794 in

236 817 402 848 claritatem,
429 821 557 850 tanquam
585 822 600 841 a
624 815 730 842 Domini
751 814 867 849 Spiritu.
897 814 1027 841 Dominus

236 868 326 891 autem
351 850 473 897 Spiritus
497 866 560 894 cst;
582 861 626 888 ubi
651 865 742 888 autem
764 859 883 895 Spiritus
908 861 1024 893 Dotnini,

237 909 274 936 ibi
289 906 443 936 libertas“.
465 915 476 933 ι
494 906 559 934 item
577 915 584 933 :
603 915 612 931 ι
633 905 691 933 Non
709 906 781 933 enim
796 906 941 941 accepistis
962 904 1024 938 Spi-
1044 899 1063 926 Β

237 955 319 982 ritum
339 953 477 980 servitutis
501 953 598 980 iterum
626 952 652 978 in
680 952 788 986 timore,
813 951 860 979 sed
883 952 1025 987 accepistis

238 1000 370 1035 Spiritum
394 998 549 1033 adoptionis
575 998 702 1029 ﬁliorum,
727 998 825 1033 inquit,
844 998 871 1025 in
893 1005 946 1033 quo
970 998 1025 1025 cla-

238 1054 343 1074 mamus
369 1045 482 1078 :Abba,
505 1044 586 1072 Pater
601 1044 635 1071 “.
656 1053 665 1070 ι
693 1045 728 1071 At
754 1044 890 1071 illiatiouis
912 1043 1024 1079 gloriam

237 1093 330 1128 utique
339 1092 450 1119 libertas
462 1091 646 1126 consequitur.
656 1089 786 1124 Quocirca
796 1089 926 1117 Dominus
934 1095 1025 1117 noster

235 1137 314 1165 Jesus
327 1136 449 1164 Christus
462 1141 570 1164 sanctos
583 1135 720 1170 apostolos
729 1135 805 1163 donis
817 1135 1026 1170 super-naturali-

235 1185 286 1212 bus
304 1191 403 1210 ornare
413 1190 472 1210 cum
489 1182 640 1214 statuisset,
654 1187 717 1217 puta
737 1182 783 1216 qui
795 1183 881 1209 sancti
897 1186 924 1209 et
946 1182 1023 1209 liberi

237 1230 353 1266 Spiritus
385 1236 438 1256 non
469 1228 553 1255 multo
573 1233 633 1262 post
654 1227 737 1255 futuri
764 1233 843 1255 erant
867 1229 1025 1263 participes,

235 1276 339 1303 amicos
356 1274 412 1309 jam
435 1277 492 1301 tum
509 1279 537 1301 et
555 1273 653 1302 liberos
676 1274 800 1302 vocabat.
816 1283 825 1299 ι
856 1273 916 1301 Jam
942 1274 1024 1306 enim,

235 1321 387 1356 inquiebat,
412 1328 466 1348 non
489 1319 578 1348 dicam
603 1328 650 1348 vos
667 1327 760 1348 servos
777 1329 784 1347 :
802 1327 850 1348 vos
878 1320 956 1347 amici
973 1320 1026 1347 mei

235 1368 302 1396 estis
313 1367 346 1393 ".
363 1375 372 1392 )
388 1366 456 1394 Cum
483 1374 549 1402 ergo
575 1366 707 1395 Dominus
727 1366 844 1402 Spiritus
861 1366 906 1400 sit,
923 1372 950 1394 et
965 1367 1026 1395 ubi-

234 1420 342 1448 cunque
374 1418 417 1440 est
439 1412 557 1448 Spiritus
577 1413 695 1446 Domini,
723 1413 759 1440 ibi
781 1413 926 1447 quaerenda
945 1414 980 1441 sit
994 1414 1026 1440 li-

235 1460 338 1492 bertas,
361 1458 394 1486 de
407 1463 502 1486 natura
516 1459 598 1494 igitur
611 1459 694 1486 libera
711 1458 855 1494 prodiisse,
869 1466 921 1486 non
935 1464 1025 1487 autem

235 1505 307 1532 inter
322 1509 460 1533 creaturas
481 1504 641 1537 collocatus,
666 1508 693 1532 et
716 1504 743 1532 in
773 1512 861 1531 rerum
891 1504 1024 1532 factarum

235 1558 349 1578 numero
373 1557 435 1578 esse
456 1550 623 1583 censebitur,
644 1551 678 1583 is,
697 1557 744 1585 per
764 1557 844 1585 quem
865 1553 893 1577 et
917 1550 945 1577 in
971 1558 1024 1585 quo

235 1597 348 1625 liberam
363 1596 480 1632 gloriam
489 1602 613 1625 creatura
628 1597 815 1632 consequitur,
829 1596 969 1625 servitutis
978 1598 1024 1624 de-

235 1643 334 1671 decore
348 1641 457 1677 repulso
469 1647 496 1670 et
509 1642 654 1670 declinato.

271 1773 302 1800 Β.
328 1773 381 1801 Sed
406 1774 508 1807 dicent,
532 1774 639 1809 opinor,
663 1772 794 1808 Spiritum
817 1775 1025 1803 ministratorias

235 1819 309 1846 vices
330 1818 484 1853 implentem
507 1819 610 1847 sanctis
635 1817 733 1846 aﬂerre
758 1827 790 1847 ea
816 1827 875 1854 qua:
900 1821 949 1848 alis
969 1821 1024 1849 Deo

235 1869 309 1894 sunt.

269 1911 303 1938 Α.
328 1910 679 1944 Existimabuntnimirum,
691 1915 721 1938 ut
736 1911 854 1946 videtur,
872 1911 1023 1939 libertatem

235 1957 307 1984 inter
319 1964 349 1984 ea
361 1964 421 1991 qua:
439 1964 486 1991 per
503 1958 590 1992 ipsum
603 1958 804 1991 ministrantur,
819 1966 902 1986 unum
921 1958 1024 1994 aliquid

234 2009 294 2030 esse
310 2010 450 2038 magnum,
464 2006 491 2029 et
503 2007 630 2030 creatura
644 2003 741 2038 majus.
768 2003 884 2031 Servum
897 2004 969 2032 enim
983 2008 1024 2032 est

232 2048 413 2084 quodcunque
427 2049 588 2083 productum
602 2053 654 2077 est.

268 2095 298 2121 Β.
320 2094 519 2122 Existimabth
533 2095 634 2122 forsan.

268 2141 301 2168 Α.
321 2140 408 2175 Ipsum
423 2141 514 2176 itaque
530 2141 602 2176 qttod
620 2141 768 2176 ministrat,
796 2148 892 2170 natura
909 2144 1022 2172 lii-erum

233 2193 287 2214 non
301 2191 354 2219 est,
373 2187 507 2222 siquidem
522 2187 590 2214 nihil
603 2188 654 2214 sibi
677 2188 826 2220 ministrat,
846 2189 892 2216 sed
907 2191 1022 2224 gratiam

233 2233 322 2268 potius
330 2233 364 2260 ab
376 2233 574 2266 alioacceptam
588 2233 614 2259 in
626 2232 730 2268 aliquos
746 2234 879 2270 deportat.
889 2235 1021 2263 Caeterum

233 2282 260 2308 id
278 2279 350 2316 quod
387 2279 523 2306 ministrat
537 2283 565 2305 et
582 2279 699 2306 medium
714 2285 767 2313 est,
793 2288 882 2309 nonne
907 2282 1021 2318 idipsum

233 2326 397 2355 censendum
413 2333 466 2352 non
483 2329 526 2352 est
538 2324 610 2359 quod
623 2326 792 2354 ministratur
804 2327 817 2354 ἲ

268 2371 298 2400 Β.
316 2371 442 2399 Omnino.

267 2418 301 2444 A.
317 2416 457 2450 Quomodo
471 2424 537 2452 ergo
553 2417 684 2446 Dominus
699 2419 818 2455 Spiritus
833 2425 885 2454 est,
899 2421 921 2448 si
934 2421 1019 2449 libera

233 2464 317 2499 gloria
337 2462 459 2496 orbatus,
473 2463 545 2491 servi
567 2465 660 2499 utique
677 2470 704 2493 et
718 2466 816 2494 subditi
836 2468 1017 2495 conditionem

233 2518 285 2537 non
301 2508 416 2544 eliugit?
430 2508 473 2542 Et,
486 2510 508 2537 si
529 2509 638 2544 quidem
660 2512 777 2539 naturali
800 2512 884 2547 gloria
910 2514 1018 2541 deitatis

231 2559 272 2582 est
287 2555 424 2590 praeditus,
440 2563 492 2583 non
503 2556 639 2584 ministrat
652 2558 768 2592 amplius
781 2567 788 2585 :
802 2559 914 2586 multum
925 2560 1018 2595 abest;

231 2601 278 2628 sed
299 2601 376 2629 nobis
400 2601 483 2638 646
503 2602 570 2637 ipsis
581 2603 655 2630 velut
673 2604 795 2631 innatum
819 2605 918 2633 bonum
938 2606 1019 2634 liber-

232 2643 313 2674 tatem
341 2648 487 2676 distribuit.
510 2648 558 2676 Sin
587 2653 678 2677 autent
703 2650 812 2678 deitatis
830 2657 926 2679 natura
955 2659 1018 2680 vere

231 2693 341 2726 excidit,
365 2693 398 2721 .in
418 2701 559 2722 servorum
587 2695 696 2730 quidem
723 2701 751 2723 et
765 2695 949 2725 ministrorum
968 2707 1018 2726 nu-

230 2748 334 2768 merum
364 2741 516 2769 ascribetur
531 2749 539 2768 :
554 2742 626 2776 quod
654 2746 744 2770 autem
768 2742 884 2770 alienum
903 2749 945 2772 est
965 2745 1017 2772 mi—

230 2787 366 2818 nistrabit,
384 2791 411 2814 et
429 2786 516 2822 (lignis
529 2794 586 2815 rem
602 2787 732 2823 majorem
743 2796 824 2823 quam
839 2789 866 2816 in
880 2797 908 2818 se
917 2791 1016 2825 capiat,

1039 2265 1060 2292 Ι)

262 2873 286 2889 ⁵⁸
298 2872 370 2900 Psal.
385 2881 478 2907 cxvrn,
492 2873 536 2903 9i.
575 2874 598 2890 “
617 2874 640 2902 Il
658 2874 722 2903 Cor.
742 2883 782 2910 ut,
804 2877 848 2905 i7,
867 2877 909 2905 l8.
948 2878 970 2895 ⁴⁶
990 2879 1058 2908 Rom

736 163 765 190 S.
785 163 920 190 CYRILLI
940 164 1176 193 ALEXANDRINI
1197 164 1353 192 AllCHiEP.

1808 166 1880 193 Ili‘O

1117 224 1147 250 Β.
1166 223 1239 250 Πάνυ
1254 223 1304 258 μὲν
1316 219 1372 249 οὖν.
1394 221 1503 257 Ἀληθές
1520 221 1574 257 γάρ
1589 229 1639 248 που
1654 220 1685 246 τὸ
1701 220 1880 255 ὑμνούμενον

1078 269 1146 305 πρὸς
1157 269 1235 302 Θεὸν,
1249 270 1290 295 ὅτι
1302 268 1342 295 Τὰ
1359 268 1514 303 σύμπαντα,
1527 267 1608 294 δοῦλα
1624 268 1669 295 σά.

1111 316 1143 340 Δ.
1163 315 1209 348 Τὺ,
1229 314 1352 345 δουλείας
1370 311 1417 339 οὖν
1434 312 1489 348 ἄρα
1511 313 1541 339 τὸ
1566 311 1659 341 δοῦλον
1681 311 1877 346 ἀπογυμνοῦν,

1079 360 1125 387 καὶ
1151 361 1206 391 τοῖς
1229 360 1279 394 τῆς
1296 359 1454 394 ἐλευθερίας
1483 358 1623 394 αὐχήμασι
1652 356 1878 391 κατασεμνὺνειν

1077 405 1156 437 εἰδὸς,
1178 405 1225 431 καὶ
1238 404 1268 438 ἐξ
1281 404 1378 432 ἑαυτοῦ
1400 403 1559 438 δυνάμενον,
1581 402 1790 445 δουλοπρεποῦς
1810 403 1878 428 αὐτὸ

1078 451 1313 486 προαποφοιτήσει
1330 451 1441 485 μέτρου,
1454 449 1501 476 καὶ
1522 449 1629 484 φύσεως
1646 448 1726 475 ἔσται
1739 447 1793 482 τῆς
1809 447 1880 473 ἀνω-

1077 497 1152 524 τάτω
1165 497 1212 523 καὶ
1227 496 1382 532 ἐλευθέρας.
1394 495 1403 532 [
1413 496 1539 531 Ἐνεργὸν
1553 495 1606 531 γὰρ
1619 494 1692 521 οὕτω
1708 494 1758 521 καὶ
1769 494 1810 524 εἰς
1823 493 1879 518 ἑτέ-

1079 551 1129 579 ρας
1143 542 1240 577 γένοιτ’
1258 542 1292 569 ἂν
1305 542 1369 569 ἰδίου
1386 550 1416 568 τε
1433 542 1480 568 καὶ
1493 541 1719 577 προσπεφυκότος
1734 538 1878 570 οὐτιωεῶς

1079 588 1193 623 ἀγαθοῦ,
1213 589 1263 624 τῆς
1281 588 1462 624 ὲλευθερίας.]

1113 636 1143 662 Β.
1163 635 1354 669 Συναινέσαιμ⁹
1366 634 1398 661 ἂν
1415 634 1502 669 ὀρθῶς
1521 633 1628 668 λέγοντί
1644 642 1694 660 σοι.

1115 683 1147 708 Α.
1172 680 1397 715 ’Δνακεκραγέτω
1421 680 1511 706 τοίνυν
1537 681 1551 706 ὁ
1582 680 1718 714 μακάριος
1749 678 1875 709 Παῦλος’

1081 736 1090 752 (
1109 727 1205 761 ’Πμεῖς
1221 726 1249 752 δὲ
1272 726 1372 757 πάντες
1388 725 1642 761 ἀνακεκαλυμμένῳ
1663 724 1808 760 προσώπῳ
1827 724 1876 758 τὴν

1077 772 1156 805 δόξαν
1177 772 1280 809 Κυρίου
1307 772 1568 807 κατοπτριζόμενοι,
1594 771 1642 806 τὴν
1666 771 1753 806 αὐτὴν
1782 771 1877 797 εἰκόνα

1080 818 1331 854 μεταμορφούμεθα
1347 818 1400 844 ἀπὸ
1417 818 1496 853 δόξης
1512 818 1552 849 εἰς
1569 818 1661 850 δόξαν,
1676 817 1807 852 καθάπερ
1822 817 1876 844 ἀπὺ

1078 864 1181 900 Κυρίου
1195 864 1362 899 Πνεύματος.
1379 865 1407 892 Ὀ
1423 865 1449 891 δὲ
1467 864 1579 900 Κύριος,
1597 864 1626 891 τὸ
1649 864 1765 899 Πνεῦμα
1781 865 1874 890 ἐστιν’

1078 907 1108 937 οὗ
1122 910 1150 936 δὲ
1171 910 1202 936 τὸ
1215 910 1325 946 Πνεῦμα
1347 911 1465 946 Κυρίου,
1489 910 1638 946 ἐλευθερία.
1651 920 1661 936 ι
1682 911 1738 937 Καὶ
1754 910 1811 945 μὴν
1829 911 1876 936 καὶ

1080 957 1180 992 ἑτέρως
1191 966 1197 972 ’
1215 966 1223 982 ι
1234 958 1271 984 Οὐ
1286 957 1340 993 γὰρ
1353 958 1464 984 ἐλάϐετε
1480 957 1589 993 πνεῦμα
1605 957 1728 989 δουλείας
1739 958 1824 984 πάλιν
1837 958 1875 989 εἰς

1079 1002 1171 1036 φόϐον,
1186 1002 1243 1028 ἀλλ’
1264 1002 1373 1029 ἐλάϐετε
1399 1003 1512 1037 Πνεῦμα
1529 1003 1675 1036 υἱοθεσίας,
1692 1003 1787 1039 φηαὶν,
1806 1004 1836 1029 ὲν
1854 1000 1875 1036 ᾧ

1080 1049 1228 1083 κράζομεν,
1245 1048 1340 1081 Ἀϐϐά,
1356 1049 1369 1075 ὁ
1397 1049 1503 1084 Πατήρ.
1523 1058 1531 1074 ι
1555 1049 1594 1084 Τῇ
1621 1049 1648 1076 δὲ
1675 1049 1724 1085 τῆς
1749 1050 1874 1084 υἱὸτητος

1079 1094 1141 1130 δόξῃ
1170 1096 1466 1131 συμπαρομαρτήσειεν
1493 1096 1525 1122 ἂν
1551 1096 1660 1127 πάντως
1685 1105 1738 1122 που
1768 1096 1818 1122 καὶ
1846 1095 1874 1121 τὸ

1078 1141 1230 1176 ἐλεύθερον.
1247 1142 1300 1169 Καὶ
1315 1142 1380 1177 γοῦν
1394 1141 1526 1177 ᾁΚύριος
1541 1142 1620 1177 ἡμῶν
1639 1141 1743 1177 Ἰηςοῦς
1766 1143 1780 1168 ὁ
1805 1142 1873 1176 Χρι-

1079 1188 1140 1218 στὸς
1153 1189 1215 1220 τοὺς
1229 1188 1324 1223 ἁγίους
1339 1188 1505 1220 ἀποστόλους
1517 1188 1610 1223 ἐπειδὴ
1630 1190 1687 1220 τοῖς
1700 1188 1773 1223 ὑπὲρ
1790 1188 1872 1223 φύσιν

1077 1233 1230 1270 ἀξιώμασιν
1247 1234 1317 1269 ἔγνω
1337 1236 1434 1270 τιμᾷν,
1451 1236 1497 1262 ἆτε
1509 1235 1541 1271 δὴ
1555 1236 1601 1263 καὶ
1619 1236 1751 1271 μετόχους
1764 1237 1817 1262 οὐκ
1834 1237 1872 1267 εἰς

1079 1279 1188 1315 μακρὰν
1201 1280 1346 1315 ἐσομένους
1358 1281 1405 1307 τοῦ
1426 1281 1502 1316 ἁγίου
1521 1290 1550 1308 τε
1562 1282 1609 1309 καὶ
1623 1282 1769 1318 ἐλευθέρου
1783 1283 1870 1308 Πνεὺ-

1079 1334 1176 1360 ματος,
1194 1326 1287 1360 φίλους
1310 1336 1337 1354 τε
1356 1327 1407 1362 ἤδη
1422 1327 1468 1354 καὶ
1487 1328 1646 1364 ἐλευθέρους
1668 1328 1772 1355 ἐκάλει.
1790 1338 1799 1353 ι
1816 1329 1872 1355 Οὐκ

1077 1368 1116 1395 ἔτι
1131 1369 1195 1404 γὰρ,
1211 1369 1329 1404 ἔφασκε,
1353 1371 1424 1406 λέγω
1452 1372 1523 1407 ὑμᾶς
1546 1373 1655 1405 δούλους
1667 1381 1673 1387 ·
1702 1374 1782 1408 ὑμεῖς
1801 1373 1870 1407 gibt

1078 1415 1128 1450 μού
1145 1416 1218 1442 ἐστε.
1237 1426 1245 1441 ι
1266 1416 1330 1443 Ὅτε
1348 1418 1436 1445 τοίνυν
1455 1420 1469 1445 ὁ
1490 1420 1592 1455 Κύριος
1618 1420 1648 1446 τὺ
1666 1420 1782 1456 Πνεῦμα
1801 1422 1868 1452 ἐστι,

1077 1461 1124 1487 καὶ
1138 1460 1256 1498 ἔνθαπερ
1274 1463 1307 1489 ἂν
1354 1464 1384 1489 τὸ
1402 1464 1513 1499 Πνεῦμα
1531 1466 1645 1500 Κυρίου,
1662 1465 1798 1501 ζητητέον
1814 1468 1870 1493 ἐκεῖ

1075 1508 1125 1543 τὴν
1138 1508 1304 1544 ἐλευθερίαν,
1321 1510 1428 1544 φύσεως
1444 1511 1497 1546 ἄρα
1510 1512 1559 1547 τῆς
1581 1513 1730 1548 ἐλευθέρας
1751 1515 1869 1550 ἐκπεφυ-

1077 1553 1135 1585 κὸς,
1154 1554 1201 1580 καὶ
1213 1554 1274 1590 οὐχὶ
1284 1557 1317 1590 τῇ
1328 1555 1414 1582 κτίσει
1426 1559 1640 1593 συντεταγμένον
1653 1560 1700 1586 καὶ
1717 1561 1774 1591 τοῖς
1788 1569 1867 1595 γενη-

1077 1600 1132 1632 τοῖς
1154 1601 1313 1637 ἐναρίθμιον
1328 1604 1405 1629 νοοῖτ’
1423 1603 1454 1630 ἂν
1468 1604 1600 1640 ὑπάρχειν
1620 1605 1661 1638 τὸ,
1677 1605 1713 1632 δι’
1729 1604 1761 1634 οὗ
1776 1607 1822 1633 καὶ
1841 1607 1867 1633 ἐν

1075 1641 1098 1679 ᾧ
1113 1645 1161 1681 τὴν
1178 1645 1323 1681 ἐλευθέραν
1339 1648 1355 1682 ἡ
1373 1648 1460 1680 κτίσις
1476 1649 1667 1685 ἁποκερδαίνει
1681 1651 1774 1683 δόξαν,
1790 1653 1820 1678 τὸ
1839 1654 1868 1678 ἐκ

1076 1692 1124 1725 τῆς
1143 1690 1263 1724 δουλείας
1288 1690 1382 1728 αἶσχος
1405 1693 1574 1730 διωθουμένη
1602 1705 1630 1722 τε
1654 1696 1702 1723 καὶ
1732 1698 1867 1734 διαδιδρᾶ-

1077 1745 1190 1764 σκουσα.

1112 1783 1142 1809 Β.
1165 1783 1247 1817 Ἀλλ’,
1264 1783 1340 1820 οἶμαί
1358 1794 1419 1819 που,
1437 1788 1516 1821 φαῖεν
1532 1788 1565 1814 ἂν
1580 1789 1620 1815 ὅτι
1639 1788 1800 1826 διακονικὴν
1819 1791 1866 1817 ὑπ-

1076 1830 1186 1863 ουργίαν
1204 1830 1352 1858 ἀποτελοῦν
1365 1831 1517 1868 διακομίζει
1535 1834 1565 1860 τὸ
1581 1834 1694 1870 Πνεῦμα
1712 1837 1770 1868 τοῖς
1785 1837 1867 1871 ἁγίοις

1076 1874 1111 1901 τὰ
1125 1876 1201 1911 παρὰ
1215 1875 1293 1903 Θεοῦ.

1111 1921 1143 1948 Α.
1169 1922 1330 1955 Λογιοῠνται
1352 1923 1383 1958 δὴ
1400 1922 1457 1956 οὖν,
1474 1925 1543 1952 κατά
1559 1934 1590 1959 γε
1611 1926 1642 1952 τὸ
1663 1927 1750 1959 εἰκὸς,
1769 1927 1824 1955 τῶν
1837 1929 1865 1954 δι’

1076 1969 1159 1995 αὑτοῦ
1173 1969 1390 2006 διακονουμένων
1406 1972 1435 1998 ἓν
1456 1968 1527 1999 εἶναί
1545 1982 1572 2000 τι
1587 1974 1636 2009 τὴν
1657 1975 1827 2011 ἐλευθερίαν,
1839 1976 1866 2002 τὺ

1077 2013 1148 2049 μέγα
1175 2015 1221 2041 καὶ
1245 2016 1315 2050 ὑπὲρ
1338 2017 1427 2043 κτίσιν
1451 2018 1576 2053 ἀξίωμα·
1593 2019 1687 2045 δοῦλον
1715 2021 1782 2056 γὰρ,
1800 2022 1827 2047 εἴ
1843 2030 1865 2046 τι

1076 2061 1214 2096 παρῆκται
1233 2061 1302 2097 πρὸς
1319 2062 1436 2096 γένεσιν.

1113 2107 1142 2134 Β.
1162 2108 1322 2142 Λογιοῦνται
1337 2109 1427 2144 τυχόν.

1110 2152 1141 2179 Λ.
1163 2153 1232 2179 Αὐτὸ
1257 2155 1403 2190 τοιγαροῦν
1433 2156 1462 2182 τὸ
1487 2156 1629 2184 διακονοῦν
1647 2158 1698 2184 οὐκ
1723 2158 1863 2195 ἐλεύθερον

1076 2199 1209 2233 φυσικῶς,
1227 2201 1305 2236 εἴπερ
1320 2202 1409 2237 ἐαυτῷ
1426 2202 1544 2230 διακονεῖ
1567 2204 1617 2239 μὲν
1636 2205 1724 2238 οὐδὲν,
1756 2206 1863 2242 διαπορ-

1077 2243 1171 2280 θμεὺει
1185 2245 1214 2271 δὲ
1229 2246 1328 2280 μᾶλλον
1342 2247 1383 2279 εἷς
1403 2257 1478 2280 τινας
1496 2249 1545 2284 τὴν
1562 2251 1628 2286 παρ’
1647 2252 1743 2287 ἐτέρου
1757 2262 1805 2279 του
1819 2256 1863 2288 χά.-

1077 2298 1120 2324 ριν
1132 2298 1138 2305 ·
1153 2290 1169 2325 ἢ
1191 2291 1241 2317 οὐκ
1257 2291 1363 2328 ἀνάγκη
1382 2292 1412 2318 τὸ
1439 2293 1580 2321 διακονοῦν
1595 2303 1624 2321 τε
1642 2296 1690 2323 καὶ
1707 2297 1803 2332 μέσον,
1819 2299 1862 2324 οὐκ

1075 2335 1140 2362 αὐτὸ
1154 2335 1184 2363 τὸ
1199 2336 1295 2372 χρῆμα
1312 2337 1431 2364 νοεῖσθαι
1446 2339 1477 2365 τὸ
1486 2339 1712 2376 διακονούμενον;

1109 2380 1138 2406 Β.
1164 2381 1293 2417 Ἀνάγκη.

1107 2427 1139 2452 Α.
1158 2426 1220 2458 Πῶς
1232 2425 1278 2454 οὖν
1290 2429 1304 2454 ὁ
1319 2428 1421 2463 Κύριος
1438 2429 1468 2456 τὸ
1487 2430 1601 2466 Πνεῦμά
1616 2432 1703 2465 ἐστιν,
1717 2435 1746 2460 εἴ
1756 2443 1798 2465 τις
1811 2433 1861 2470 [γρ.

1073 2473 1096 2498 εἰ
1110 2472 1170 2508 τῆς]
1188 2473 1334 2509 ἐλευθέρας
1359 2474 1439 2510 δόξης
1458 2476 1625 2510 τητώμενον,
1646 2478 1677 2504 τὸ
1705 2479 1800 2506 δοῦλόν
1815 2490 1862 2507 που

1073 2518 1181 2550 πάντως
1196 2519 1243 2545 καὶ
1259 2519 1311 2546 ὑπὸ
1326 2519 1407 2554 ζυγὸν
1427 2521 1457 2547 οὺ
1472 2521 1563 2556 διέδρα
1579 2523 1698 2558 μέτρονς
1715 2525 1772 2552 Καὶ
1784 2527 1806 2552 εί
1818 2527 1862 2561 μὲν

1072 2564 1145 2591 ἔστιν
1160 2566 1187 2591 ἐν
1199 2565 1260 2601 δόξῃ
1273 2566 1398 2601 θεότητος
1416 2569 1528 2603 φυσικῇ,
1544 2569 1664 2596 διακονεῖ
1680 2571 1730 2605 μὲν
1749 2572 1799 2598 οὐκ
1815 2573 1859 2604 ἔτι,

1073 2611 1170 2638 πολλοῦ
1181 2621 1211 2647 γε
1223 2613 1270 2639 καὶ
1285 2612 1334 2645 δεῖ,
1351 2613 1471 2649 διανέμει
1487 2615 1515 2641 δὲ
1529 2615 1630 2649 μᾶλλον
1657 2617 1706 2643 καὶ
1731 2618 1773 2649 εἰς
1793 2620 1860 2653 inti;

1073 2657 1182 2689 αὐτοὺς,
1208 2658 1245 2688 ὡς
1260 2657 1380 2693 ἔμφυτον
1406 2659 1509 2693 ἀγαθὸν
1526 2661 1575 2695 τὴν
1601 2661 1773 2698 ἐλευθερίαν,
1789 2664 1818 2690 Εἰ
1834 2665 1860 2690 δὲ

1071 2703 1119 2729 τοῦ
1135 2703 1204 2730 κατὰ
1219 2704 1298 2738 φύσιν
1318 2703 1388 2731 εἶναι
1401 2705 1467 2738 Θεὸς
1488 2707 1658 2743 παρώλισοεν
1676 2709 1798 2745 ἀληθῶς,
1817 2719 1858 2744 γε-

1072 2748 1207 2783 γράψεται
1225 2749 1274 2784 μὲν
1287 2751 1315 2776 ἐν
1333 2751 1469 2783 διακόνοις
1487 2752 1532 2779 καὶ
1552 2753 1701 2788 ὑπουργοῐς
1714 2764 1720 2770 ·
1740 2755 1859 2790 διακονή-

1073 2802 1112 2819 σει
1126 2794 1153 2820 δὲ
1174 2795 1204 2821 τὸ
1234 2795 1385 2831 ἀλλότριον,
1400 2797 1446 2823 καὶ
1469 2798 1624 2832 διακομίσει
1643 2802 1702 2832 τοῖς
1726 2801 1812 2833 ἀξίοις
1831 2802 1859 2827 τὸ

1064 2900 1069 2906 .
1093 2889 1152 2913 Vill,
1173 2882 1214 2909 15.
1255 2883 1275 2899 ⁵⁷
1295 2884 1372 2911 Joan.
1390 2893 1434 2919 xv,
1458 2886 1497 2918 I-i,
1518 2886 1560 2913 15.
