  <div class='ocr_page' id='page_1' title='image "/cluster/home/n/w/nwhite01/storage/ocr_20150623/75/njp.32101077772786/640.png"; bbox 0 0 1937 3036; ppageno 0'>
   <div class='ocr_carea' id='block_1_1' title="bbox 70 191 130 220">
    <p class='ocr_par' dir='ltr' id='par_1_1' title="bbox 70 191 130 220">
     <span class='ocr_line' id='line_1_1' title="bbox 70 191 130 220; baseline -0.033 0"><span class='ocrx_word' id='word_1_1' title='bbox 70 191 130 220; x_wconf 76' lang='grc'><strong>1101</strong></span> 
     </span>
    </p>
   </div>
   <div class='ocr_carea' id='block_1_2' title="bbox 580 188 1169 218">
    <p class='ocr_par' dir='ltr' id='par_1_2' title="bbox 580 188 1169 218">
     <span class='ocr_line' id='line_1_2' title="bbox 580 188 1169 218; baseline -0.003 0"><span class='ocrx_word' id='word_1_2' title='bbox 580 190 625 218; x_wconf 72' lang='lat' dir='ltr'><strong>DE</strong></span> <span class='ocrx_word' id='word_1_3' title='bbox 643 191 696 218; x_wconf 83' lang='lat' dir='ltr'><strong>SS.</strong></span> <span class='ocrx_word' id='word_1_4' title='bbox 717 190 902 218; x_wconf 77' lang='lat' dir='ltr'><strong>TRINITA&#39;lE</strong></span> <span class='ocrx_word' id='word_1_5' title='bbox 923 189 1093 217; x_wconf 76' lang='lat' dir='ltr'><strong>DIALOGL&#39;S</strong></span> <span class='ocrx_word' id='word_1_6' title='bbox 1113 188 1169 216; x_wconf 82' lang='grc' dir='ltr'>νιι.</span> 
     </span>
    </p>
   </div>
   <div class='ocr_carea' id='block_1_3' title="bbox 1608 194 1678 222">
    <p class='ocr_par' dir='ltr' id='par_1_3' title="bbox 1608 194 1678 222">
     <span class='ocr_line' id='line_1_3' title="bbox 1608 194 1678 222; baseline 0.014 -1"><span class='ocrx_word' id='word_1_7' title='bbox 1608 194 1678 222; x_wconf 67' lang='grc' dir='ltr'>ιιοε</span> 
     </span>
    </p>
   </div>
   <div class='ocr_carea' id='block_1_4' title="bbox 71 248 835 291">
    <p class='ocr_par' dir='ltr' id='par_1_4' title="bbox 71 248 835 291">
     <span class='ocr_line' id='line_1_4' title="bbox 71 248 835 291; baseline 0.003 -16"><span class='ocrx_word' id='word_1_8' title='bbox 71 250 153 286; x_wconf 71' lang='grc' dir='ltr'>μεῖζον</span> <span class='ocrx_word' id='word_1_9' title='bbox 168 249 184 284; x_wconf 71' lang='grc' dir='ltr'>ἢ</span> <span class='ocrx_word' id='word_1_10' title='bbox 205 248 263 275; x_wconf 82' lang='grc' dir='ltr'>καθ’</span> <span class='ocrx_word' id='word_1_11' title='bbox 277 249 367 276; x_wconf 77' lang='grc' dir='ltr'>ἑαυτό.</span> <span class='ocrx_word' id='word_1_12' title='bbox 389 250 589 285; x_wconf 79' lang='grc' dir='ltr'>Παραχωρήσει</span> <span class='ocrx_word' id='word_1_13' title='bbox 608 250 672 286; x_wconf 81' lang='grc' dir='ltr'>γὰρ,</span> <span class='ocrx_word' id='word_1_14' title='bbox 688 248 775 291; x_wconf 80' lang='grc' dir='ltr'>οἶμαι,</span> <span class='ocrx_word' id='word_1_15' title='bbox 789 252 835 277; x_wconf 83' lang='grc' dir='ltr'>τοῖ.</span> 
     </span>
    </p>
   </div>
   <div class='ocr_carea' id='block_1_5' title="bbox 889 248 1678 291">
    <p class='ocr_par' dir='ltr' id='par_1_5' title="bbox 897 249 1678 286">
     <span class='ocr_line' id='line_1_5' title="bbox 897 249 1678 286; baseline 0.006 -10"><span class='ocrx_word' id='word_1_16' title='bbox 897 249 1002 277; x_wconf 76' lang='lat' dir='ltr'><strong>:tll&#39;erel.</strong></span> <span class='ocrx_word' id='word_1_17' title='bbox 1018 249 1051 276; x_wconf 87' lang='lat' dir='ltr'><strong>lis</strong></span> <span class='ocrx_word' id='word_1_18' title='bbox 1069 250 1141 276; x_wconf 86' lang='lat' dir='ltr'><strong>enim</strong></span> <span class='ocrx_word' id='word_1_19' title='bbox 1152 249 1196 284; x_wconf 89' lang='lat' dir='ltr'><strong>qui</strong></span> <span class='ocrx_word' id='word_1_20' title='bbox 1211 256 1242 276; x_wconf 80' lang='lat' dir='ltr'><strong>ex</strong></span> <span class='ocrx_word' id='word_1_21' title='bbox 1257 249 1313 277; x_wconf 82' lang='lat' dir='ltr'><strong>Deo</strong></span> <span class='ocrx_word' id='word_1_22' title='bbox 1334 254 1408 281; x_wconf 88' lang='lat' dir='ltr'><strong>sunt,</strong></span> <span class='ocrx_word' id='word_1_23' title='bbox 1422 249 1548 284; x_wconf 80' lang='lat' dir='ltr'><strong>palmam,</strong></span> <span class='ocrx_word' id='word_1_24' title='bbox 1563 257 1592 278; x_wconf 81' lang='lat' dir='ltr'><strong>ut</strong></span> <span class='ocrx_word' id='word_1_25' title='bbox 1606 261 1678 286; x_wconf 87' lang='lat' dir='ltr'><strong>reor,</strong></span> 
     </span>
    </p>
   </div>
   <div class='ocr_carea' id='block_1_6' title="bbox 71 294 843 332">
    <p class='ocr_par' dir='ltr' id='par_1_6' title="bbox 71 294 843 332">
     <span class='ocr_line' id='line_1_6' title="bbox 71 294 843 332; baseline 0 -10"><span class='ocrx_word' id='word_1_26' title='bbox 71 298 98 322; x_wconf 77' lang='grc' dir='ltr'>ὲκ</span> <span class='ocrx_word' id='word_1_27' title='bbox 121 294 185 321; x_wconf 86' lang='grc' dir='ltr'>Θεοῦ</span> <span class='ocrx_word' id='word_1_28' title='bbox 204 295 233 321; x_wconf 81' lang='grc' dir='ltr'>τὸ</span> <span class='ocrx_word' id='word_1_29' title='bbox 255 295 342 331; x_wconf 80' lang='grc' dir='ltr'>νικᾷν.</span> <span class='ocrx_word' id='word_1_30' title='bbox 372 296 514 331; x_wconf 79' lang='grc' dir='ltr'>’Λμείνους</span> <span class='ocrx_word' id='word_1_31' title='bbox 535 295 581 322; x_wconf 72' lang='grc' dir='ltr'><strong>οὖν</strong></span> <span class='ocrx_word' id='word_1_32' title='bbox 604 297 654 332; x_wconf 65' lang='grc' dir='ltr'>ἤδη</span> <span class='ocrx_word' id='word_1_33' title='bbox 679 297 772 324; x_wconf 81' lang='grc' dir='ltr'>λοιπὸν</span> <span class='ocrx_word' id='word_1_34' title='bbox 797 297 843 323; x_wconf 72' lang='grc' dir='ltr'>καὶ</span> 
     </span>
    </p>
   </div>
   <div class='ocr_carea' id='block_1_7' title="bbox 69 333 844 378">
    <p class='ocr_par' dir='ltr' id='par_1_7' title="bbox 69 333 844 378">
     <span class='ocr_line' id='line_1_7' title="bbox 69 333 844 378; baseline 0.004 -12"><span class='ocrx_word' id='word_1_35' title='bbox 69 342 142 376; x_wconf 69' lang='grc' dir='ltr'>ἡμεῖς</span> <span class='ocrx_word' id='word_1_36' title='bbox 162 341 237 367; x_wconf 80' lang='grc' dir='ltr'>αὐτοὶ</span> <span class='ocrx_word' id='word_1_37' title='bbox 259 340 307 367; x_wconf 85' lang='grc' dir='ltr'><strong>τοῦ</strong></span> <span class='ocrx_word' id='word_1_38' title='bbox 331 333 410 376; x_wconf 68' lang='grc' dir='ltr'>ἁγίου</span> <span class='ocrx_word' id='word_1_39' title='bbox 431 342 601 377; x_wconf 79' lang='grc' dir='ltr'>Πνεύματος,</span> <span class='ocrx_word' id='word_1_40' title='bbox 623 344 657 378; x_wconf 83' lang='grc' dir='ltr'>τῇ</span> <span class='ocrx_word' id='word_1_41' title='bbox 674 334 744 378; x_wconf 47' lang='lat' dir='ltr'><strong>ait,»</strong></span> <span class='ocrx_word' id='word_1_42' title='bbox 765 343 844 369; x_wconf 78' lang='grc' dir='ltr'>τοῦτο</span> 
     </span>
    </p>
   </div>
   <div class='ocr_carea' id='block_1_8' title="bbox 70 385 843 424">
    <p class='ocr_par' dir='ltr' id='par_1_8' title="bbox 70 385 843 424">
     <span class='ocr_line' id='line_1_8' title="bbox 70 385 843 424; baseline 0.005 -13"><span class='ocrx_word' id='word_1_43' title='bbox 70 385 310 421; x_wconf 81' lang='grc' dir='ltr'>καταχρυσούμενοι</span> <span class='ocrx_word' id='word_1_44' title='bbox 324 387 397 424; x_wconf 81' lang='grc' dir='ltr'>δόξῃ.</span> <span class='ocrx_word' id='word_1_45' title='bbox 420 387 457 414; x_wconf 79' lang='grc' dir='ltr'><em>’Ἦ</em></span> <span class='ocrx_word' id='word_1_46' title='bbox 473 388 522 415; x_wconf 73' lang='grc' dir='ltr'>οὐκ</span> <span class='ocrx_word' id='word_1_47' title='bbox 536 388 636 424; x_wconf 76' lang='grc' dir='ltr'>ἄριστά</span> <span class='ocrx_word' id='word_1_48' title='bbox 658 397 698 416; x_wconf 86' lang='grc' dir='ltr'><strong>σοι</strong></span> <span class='ocrx_word' id='word_1_49' title='bbox 719 389 798 415; x_wconf 82' lang='grc' dir='ltr'>ταυτὶ</span> <span class='ocrx_word' id='word_1_50' title='bbox 811 389 843 423; x_wconf 87' lang='grc' dir='ltr'>δὴ</span> 
     </span>
    </p>
   </div>
   <div class='ocr_carea' id='block_1_9' title="bbox 70 430 843 470">
    <p class='ocr_par' dir='ltr' id='par_1_9' title="bbox 70 430 843 470">
     <span class='ocr_line' id='line_1_9' title="bbox 70 430 843 470; baseline 0.006 -14"><span class='ocrx_word' id='word_1_51' title='bbox 70 431 142 465; x_wconf 74' lang='grc' dir='ltr'>φάναι</span> <span class='ocrx_word' id='word_1_52' title='bbox 155 430 233 464; x_wconf 85' lang='grc' dir='ltr'>δοκῶ,</span> <span class='ocrx_word' id='word_1_53' title='bbox 254 432 305 458; x_wconf 78' lang='grc' dir='ltr'><strong>κᾶν</strong></span> <span class='ocrx_word' id='word_1_54' title='bbox 321 433 345 459; x_wconf 75' lang='grc' dir='ltr'>εἰ</span> <span class='ocrx_word' id='word_1_55' title='bbox 366 433 496 469; x_wconf 84' lang='grc' dir='ltr'>πλείστην</span> <span class='ocrx_word' id='word_1_56' title='bbox 516 434 582 470; x_wconf 80' lang='grc' dir='ltr'>ὅσην</span> <span class='ocrx_word' id='word_1_57' title='bbox 599 433 648 469; x_wconf 80' lang='grc' dir='ltr'><strong>τὴν</strong></span> <span class='ocrx_word' id='word_1_58' title='bbox 671 434 843 470; x_wconf 65' lang='grc' dir='ltr'>ἀποπληξίαι]</span> 
     </span>
    </p>
   </div>
   <div class='ocr_carea' id='block_1_10' title="bbox 66 475 488 511">
    <p class='ocr_par' dir='ltr' id='par_1_10' title="bbox 66 475 488 511">
     <span class='ocr_line' id='line_1_10' title="bbox 66 475 488 511; baseline 0.009 -11"><span class='ocrx_word' id='word_1_59' title='bbox 66 475 125 510; x_wconf 72' lang='grc' dir='ltr'>ἡμῖν</span> <span class='ocrx_word' id='word_1_60' title='bbox 141 475 303 511; x_wconf 76' lang='grc' dir='ltr'>ἀρρωστοίεν</span> <span class='ocrx_word' id='word_1_61' title='bbox 314 477 347 504; x_wconf 85' lang='grc' dir='ltr'>ἂν</span> <span class='ocrx_word' id='word_1_62' title='bbox 360 478 384 503; x_wconf 84' lang='grc' dir='ltr'>οξ</span> <span class='ocrx_word' id='word_1_63' title='bbox 398 477 488 511; x_wconf 80' lang='grc' dir='ltr'>λόγοι;</span> 
     </span>
    </p>
   </div>
   <div class='ocr_carea' id='block_1_11' title="bbox 98 521 292 556">
    <p class='ocr_par' dir='ltr' id='par_1_11' title="bbox 98 521 292 556">
     <span class='ocr_line' id='line_1_11' title="bbox 98 521 292 556; baseline -0.005 -7"><span class='ocrx_word' id='word_1_64' title='bbox 98 521 124 549; x_wconf 86' lang='grc' dir='ltr'><strong>Β.</strong></span> <span class='ocrx_word' id='word_1_65' title='bbox 145 521 197 548; x_wconf 80' lang='grc' dir='ltr'><strong>Καὶ</strong></span> <span class='ocrx_word' id='word_1_66' title='bbox 209 521 292 556; x_wconf 82' lang='grc' dir='ltr'>μάλα.</span> 
     </span>
    </p>
   </div>
   <div class='ocr_carea' id='block_1_12' title="bbox 96 568 841 607">
    <p class='ocr_par' dir='ltr' id='par_1_12' title="bbox 96 568 841 607">
     <span class='ocr_line' id='line_1_12' title="bbox 96 568 841 607; baseline 0.005 -13"><span class='ocrx_word' id='word_1_67' title='bbox 96 568 126 594; x_wconf 83' lang='grc' dir='ltr'><strong>Δ.</strong></span> <span class='ocrx_word' id='word_1_68' title='bbox 142 568 239 603; x_wconf 80' lang='grc' dir='ltr'>Ἴωμεν</span> <span class='ocrx_word' id='word_1_69' title='bbox 253 568 281 595; x_wconf 81' lang='grc' dir='ltr'><strong>δὲ</strong></span> <span class='ocrx_word' id='word_1_70' title='bbox 297 569 343 595; x_wconf 79' lang='grc' dir='ltr'><strong>καὶ</strong></span> <span class='ocrx_word' id='word_1_71' title='bbox 354 569 388 596; x_wconf 85' lang='grc' dir='ltr'>δι’</span> <span class='ocrx_word' id='word_1_72' title='bbox 403 569 512 597; x_wconf 82' lang='grc' dir='ltr'><strong>ἐννοιῶν</strong></span> <span class='ocrx_word' id='word_1_73' title='bbox 522 571 623 606; x_wconf 71' lang='grc' dir='ltr'>ἐτέρων</span> <span class='ocrx_word' id='word_1_74' title='bbox 637 571 841 607; x_wconf 75' lang='grc' dir='ltr'>ίχνηλατοῦντες</span> 
     </span>
    </p>
   </div>
   <div class='ocr_carea' id='block_1_13' title="bbox 65 612 842 652">
    <p class='ocr_par' dir='ltr' id='par_1_13' title="bbox 65 612 842 652">
     <span class='ocr_line' id='line_1_13' title="bbox 65 612 842 652; baseline 0.006 -13"><span class='ocrx_word' id='word_1_75' title='bbox 65 612 92 639; x_wconf 71' lang='grc' dir='ltr'>τὸ</span> <span class='ocrx_word' id='word_1_76' title='bbox 105 612 206 647; x_wconf 82' lang='grc' dir='ltr'>ἀληθές,</span> <span class='ocrx_word' id='word_1_77' title='bbox 225 613 256 640; x_wconf 76' lang='lat' dir='ltr'><strong>Ol</strong></span> <span class='ocrx_word' id='word_1_78' title='bbox 274 613 394 649; x_wconf 79' lang='grc' dir='ltr'><strong>βασιλεῖς</strong></span> <span class='ocrx_word' id='word_1_79' title='bbox 411 616 460 650; x_wconf 85' lang='grc' dir='ltr'>τῆς</span> <span class='ocrx_word' id='word_1_80' title='bbox 477 616 540 650; x_wconf 77' lang='grc' dir='ltr'><strong>γῆς.</strong></span> <span class='ocrx_word' id='word_1_81' title='bbox 562 617 628 652; x_wconf 80' lang='grc' dir='ltr'>εῐπη</span> <span class='ocrx_word' id='word_1_82' title='bbox 647 617 724 649; x_wconf 78' lang='grc' dir='ltr'>τινὰς</span> <span class='ocrx_word' id='word_1_83' title='bbox 740 617 842 644; x_wconf 75' lang='grc' dir='ltr'><strong>ἕλοιντο</strong></span> 
     </span>
    </p>
   </div>
   <div class='ocr_carea' id='block_1_14' title="bbox 65 657 839 696">
    <p class='ocr_par' dir='ltr' id='par_1_14' title="bbox 65 657 839 696">
     <span class='ocr_line' id='line_1_14' title="bbox 65 657 839 696; baseline 0.008 -13"><span class='ocrx_word' id='word_1_84' title='bbox 65 657 113 684; x_wconf 86' lang='grc' dir='ltr'><strong>τῶν</strong></span> <span class='ocrx_word' id='word_1_85' title='bbox 125 657 289 692; x_wconf 73' lang='grc' dir='ltr'><strong>ἐπιτηδείων,</strong></span> <span class='ocrx_word' id='word_1_86' title='bbox 302 659 386 694; x_wconf 74' lang='grc' dir='ltr'>ἤγουν</span> <span class='ocrx_word' id='word_1_87' title='bbox 400 659 453 686; x_wconf 78' lang='grc' dir='ltr'><strong>τῶν</strong></span> <span class='ocrx_word' id='word_1_88' title='bbox 465 660 495 693; x_wconf 72' lang='grc' dir='ltr'>ἐξ</span> <span class='ocrx_word' id='word_1_89' title='bbox 507 661 623 696; x_wconf 75' lang='grc' dir='ltr'>αἵματός</span> <span class='ocrx_word' id='word_1_90' title='bbox 631 671 660 688; x_wconf 82' lang='grc' dir='ltr'><strong>τε</strong></span> <span class='ocrx_word' id='word_1_91' title='bbox 677 662 724 688; x_wconf 75' lang='grc' dir='ltr'>καὶ</span> <span class='ocrx_word' id='word_1_92' title='bbox 734 662 839 696; x_wconf 83' lang='grc' dir='ltr'><strong>γένους,</strong></span> 
     </span>
    </p>
   </div>
   <div class='ocr_carea' id='block_1_15' title="bbox 64 703 840 743">
    <p class='ocr_par' dir='ltr' id='par_1_15' title="bbox 64 703 840 743">
     <span class='ocr_line' id='line_1_15' title="bbox 64 703 840 743; baseline 0.006 -14"><span class='ocrx_word' id='word_1_93' title='bbox 64 704 93 738; x_wconf 80' lang='grc' dir='ltr'>τῇ</span> <span class='ocrx_word' id='word_1_94' title='bbox 107 703 176 737; x_wconf 80' lang='grc' dir='ltr'>σφῶν</span> <span class='ocrx_word' id='word_1_95' title='bbox 190 703 280 730; x_wconf 79' lang='grc' dir='ltr'>αὐτῶν</span> <span class='ocrx_word' id='word_1_96' title='bbox 296 705 510 732; x_wconf 83' lang='grc' dir='ltr'>κατακαλλύνειν</span> <span class='ocrx_word' id='word_1_97' title='bbox 523 708 600 743; x_wconf 83' lang='grc' dir='ltr'><strong>τιμῇ,</strong></span> <span class='ocrx_word' id='word_1_98' title='bbox 616 707 662 734; x_wconf 71' lang='grc' dir='ltr'>καὶ</span> <span class='ocrx_word' id='word_1_99' title='bbox 676 709 708 743; x_wconf 83' lang='grc' dir='ltr'>τῇ</span> <span class='ocrx_word' id='word_1_100' title='bbox 726 707 840 743; x_wconf 82' lang='grc' dir='ltr'><strong>βασιλίδι</strong></span> 
     </span>
    </p>
   </div>
   <div class='ocr_carea' id='block_1_16' title="bbox 66 748 840 789">
    <p class='ocr_par' dir='ltr' id='par_1_16' title="bbox 66 748 840 789">
     <span class='ocr_line' id='line_1_16' title="bbox 66 748 840 789; baseline 0.008 -14"><span class='ocrx_word' id='word_1_101' title='bbox 66 748 202 782; x_wconf 75' lang='grc' dir='ltr'><strong>στεφανοῦν</strong></span> <span class='ocrx_word' id='word_1_102' title='bbox 215 749 336 784; x_wconf 71' lang='grc' dir='ltr'>εὐκλείᾳ,</span> <span class='ocrx_word' id='word_1_103' title='bbox 356 750 417 777; x_wconf 84' lang='grc' dir='ltr'>τίνα</span> <span class='ocrx_word' id='word_1_104' title='bbox 430 751 461 786; x_wconf 87' lang='grc' dir='ltr'><strong>δὴ</strong></span> <span class='ocrx_word' id='word_1_105' title='bbox 477 751 577 787; x_wconf 73' lang='grc' dir='ltr'>τρόπον</span> <span class='ocrx_word' id='word_1_106' title='bbox 587 753 626 784; x_wconf 79' lang='grc' dir='ltr'>ὡς</span> <span class='ocrx_word' id='word_1_107' title='bbox 640 752 739 789; x_wconf 79' lang='grc' dir='ltr'>ἄριστά</span> <span class='ocrx_word' id='word_1_108' title='bbox 747 762 778 780; x_wconf 90' lang='grc' dir='ltr'><strong>τε</strong></span> <span class='ocrx_word' id='word_1_109' title='bbox 793 754 840 781; x_wconf 72' lang='grc' dir='ltr'>καὶ</span> 
     </span>
    </p>
   </div>
   <div class='ocr_carea' id='block_1_17' title="bbox 64 792 497 830">
    <p class='ocr_par' dir='ltr' id='par_1_17' title="bbox 64 792 497 830">
     <span class='ocr_line' id='line_1_17' title="bbox 64 792 497 830; baseline 0.009 -12"><span class='ocrx_word' id='word_1_110' title='bbox 64 792 244 819; x_wconf 77' lang='grc' dir='ltr'><strong>ἐπιεικέστατα</strong></span> <span class='ocrx_word' id='word_1_111' title='bbox 257 794 336 820; x_wconf 69' lang='grc' dir='ltr'>ταυτὶ</span> <span class='ocrx_word' id='word_1_112' title='bbox 349 794 434 830; x_wconf 85' lang='grc' dir='ltr'>δρῷεν</span> <span class='ocrx_word' id='word_1_113' title='bbox 447 795 497 829; x_wconf 69' lang='lat' dir='ltr'><strong>civ;</strong></span> 
     </span>
    </p>
   </div>
   <div class='ocr_carea' id='block_1_18' title="bbox 93 839 837 880">
    <p class='ocr_par' dir='ltr' id='par_1_18' title="bbox 93 839 837 880">
     <span class='ocr_line' id='line_1_18' title="bbox 93 839 837 880; baseline 0.009 -16"><span class='ocrx_word' id='word_1_114' title='bbox 93 839 120 865; x_wconf 88' lang='grc' dir='ltr'><strong>Β.</strong></span> <span class='ocrx_word' id='word_1_115' title='bbox 141 839 205 870; x_wconf 80' lang='grc' dir='ltr'>Ταῖς</span> <span class='ocrx_word' id='word_1_116' title='bbox 218 840 348 868; x_wconf 79' lang='grc' dir='ltr'><strong>ἀνωτάτω</strong></span> <span class='ocrx_word' id='word_1_117' title='bbox 363 850 414 868; x_wconf 87' lang='grc' dir='ltr'><strong>που</strong></span> <span class='ocrx_word' id='word_1_118' title='bbox 435 842 543 874; x_wconf 80' lang='grc' dir='ltr'>πάντως</span> <span class='ocrx_word' id='word_1_119' title='bbox 562 845 655 879; x_wconf 78' lang='grc' dir='ltr'>τιμαῖς</span> <span class='ocrx_word' id='word_1_120' title='bbox 676 844 837 880; x_wconf 81' lang='grc' dir='ltr'>ὑπεραίρον-</span> 
     </span>
    </p>
   </div>
   <div class='ocr_carea' id='block_1_19' title="bbox 63 893 98 911">
    <p class='ocr_par' dir='ltr' id='par_1_19' title="bbox 63 893 98 911">
     <span class='ocr_line' id='line_1_19' title="bbox 63 893 98 911; baseline 0.029 -1"><span class='ocrx_word' id='word_1_121' title='bbox 63 893 98 911; x_wconf 76' lang='grc' dir='ltr'>τες</span> 
     </span>
    </p>
   </div>
   <div class='ocr_carea' id='block_1_20' title="bbox 64 977 837 1018">
    <p class='ocr_par' dir='ltr' id='par_1_20' title="bbox 64 977 837 1018">
     <span class='ocr_line' id='line_1_20' title="bbox 64 977 837 1018; baseline 0.009 -16"><span class='ocrx_word' id='word_1_122' title='bbox 64 977 267 1012; x_wconf 74' lang='grc' dir='ltr'><strong>στεφανούμενος</strong></span> <span class='ocrx_word' id='word_1_123' title='bbox 280 979 376 1005; x_wconf 81' lang='grc' dir='ltr'>ἑαυτοῦ</span> <span class='ocrx_word' id='word_1_124' title='bbox 390 988 419 1005; x_wconf 88' lang='grc' dir='ltr'><strong>τε</strong></span> <span class='ocrx_word' id='word_1_125' title='bbox 441 980 487 1007; x_wconf 77' lang='grc' dir='ltr'>καὶ</span> <span class='ocrx_word' id='word_1_126' title='bbox 499 980 601 1016; x_wconf 79' lang='grc' dir='ltr'>ἐτέρων</span> <span class='ocrx_word' id='word_1_127' title='bbox 619 981 792 1018; x_wconf 80' lang='grc' dir='ltr'>ὑπερφέροιτ¹</span> <span class='ocrx_word' id='word_1_128' title='bbox 803 982 837 1009; x_wconf 81' lang='grc' dir='ltr'>ἄν</span> 
     </span>
    </p>
   </div>
   <div class='ocr_carea' id='block_1_21' title="bbox 62 1023 838 1064">
    <p class='ocr_par' dir='ltr' id='par_1_21' title="bbox 62 1023 838 1064">
     <span class='ocr_line' id='line_1_21' title="bbox 62 1023 838 1064; baseline 0.008 -16"><span class='ocrx_word' id='word_1_129' title='bbox 62 1030 106 1053; x_wconf 79' lang='grc' dir='ltr'>τις,</span> <span class='ocrx_word' id='word_1_130' title='bbox 121 1023 218 1058; x_wconf 71' lang='grc' dir='ltr'>πότερα</span> <span class='ocrx_word' id='word_1_131' title='bbox 239 1024 354 1060; x_wconf 78' lang='grc' dir='ltr'>λογικῇ¹¹</span> <span class='ocrx_word' id='word_1_132' title='bbox 371 1024 417 1051; x_wconf 89' lang='grc' dir='ltr'><strong>τοῦ</strong></span> <span class='ocrx_word' id='word_1_133' title='bbox 433 1027 617 1062; x_wconf 81' lang='grc' dir='ltr'><strong>τετιμημένου</strong></span> <span class='ocrx_word' id='word_1_134' title='bbox 631 1027 774 1064; x_wconf 82' lang='grc' dir='ltr'>κρείττονα</span> <span class='ocrx_word' id='word_1_135' title='bbox 789 1029 838 1054; x_wconf 72' lang='grc' dir='ltr'><strong>καὶ</strong></span> 
     </span>
    </p>
   </div>
   <div class='ocr_carea' id='block_1_22' title="bbox 61 1067 802 1108">
    <p class='ocr_par' dir='ltr' id='par_1_22' title="bbox 61 1067 802 1108">
     <span class='ocr_line' id='line_1_22' title="bbox 61 1067 802 1108; baseline 0.011 -16"><span class='ocrx_word' id='word_1_136' title='bbox 61 1067 283 1104; x_wconf 76' lang='grc' dir='ltr'>προφερεστέραν,</span> <span class='ocrx_word' id='word_1_137' title='bbox 298 1070 382 1104; x_wconf 73' lang='grc' dir='ltr'>ἤγουν</span> <span class='ocrx_word' id='word_1_138' title='bbox 400 1070 429 1097; x_wconf 76' lang='grc' dir='ltr'>ὲν</span> <span class='ocrx_word' id='word_1_139' title='bbox 444 1070 494 1106; x_wconf 75' lang='grc' dir='ltr'>ἴσῳ</span> <span class='ocrx_word' id='word_1_140' title='bbox 509 1071 590 1106; x_wconf 73' lang='grc' dir='ltr'>τυχὸν</span> <span class='ocrx_word' id='word_1_141' title='bbox 605 1072 621 1108; x_wconf 77' lang='grc' dir='ltr'>ἢ</span> <span class='ocrx_word' id='word_1_142' title='bbox 635 1073 663 1098; x_wconf 82' lang='grc' dir='ltr'>ὲν</span> <span class='ocrx_word' id='word_1_143' title='bbox 680 1073 802 1107; x_wconf 84' lang='grc' dir='ltr'>μείοσιν;</span> 
     </span>
    </p>
   </div>
   <div class='ocr_carea' id='block_1_23' title="bbox 91 1113 838 1153">
    <p class='ocr_par' dir='ltr' id='par_1_23' title="bbox 91 1113 838 1153">
     <span class='ocr_line' id='line_1_23' title="bbox 91 1113 838 1153; baseline 0.009 -15"><span class='ocrx_word' id='word_1_144' title='bbox 91 1113 119 1138; x_wconf 87' lang='grc' dir='ltr'><strong>Β.</strong></span> <span class='ocrx_word' id='word_1_145' title='bbox 138 1113 255 1148; x_wconf 82' lang='grc' dir='ltr'>’Δμείνω</span> <span class='ocrx_word' id='word_1_146' title='bbox 274 1114 395 1150; x_wconf 80' lang='grc' dir='ltr'>δηλονότι</span> <span class='ocrx_word' id='word_1_147' title='bbox 419 1116 467 1143; x_wconf 75' lang='grc' dir='ltr'><strong>καὶ</strong></span> <span class='ocrx_word' id='word_1_148' title='bbox 487 1117 709 1153; x_wconf 79' lang='grc' dir='ltr'>προφερεστέραν</span> <span class='ocrx_word' id='word_1_149' title='bbox 721 1126 728 1132; x_wconf 92' lang='grc'><strong>·</strong></span> <span class='ocrx_word' id='word_1_150' title='bbox 753 1127 838 1145; x_wconf 68' lang='grc' dir='ltr'>καταα</span> 
     </span>
    </p>
   </div>
   <div class='ocr_carea' id='block_1_24' title="bbox 61 1158 837 1199">
    <p class='ocr_par' dir='ltr' id='par_1_24' title="bbox 61 1158 837 1199">
     <span class='ocr_line' id='line_1_24' title="bbox 61 1158 837 1199; baseline 0.009 -15"><span class='ocrx_word' id='word_1_151' title='bbox 61 1158 188 1194; x_wconf 75' lang='grc' dir='ltr'>φαιδρύνει</span> <span class='ocrx_word' id='word_1_152' title='bbox 201 1160 257 1196; x_wconf 85' lang='grc' dir='ltr'><strong>γὰρ</strong></span> <span class='ocrx_word' id='word_1_153' title='bbox 270 1160 340 1187; x_wconf 76' lang='grc' dir='ltr'><strong>οὕτω</strong></span> <span class='ocrx_word' id='word_1_154' title='bbox 355 1161 385 1188; x_wconf 79' lang='grc' dir='ltr'><strong>τὸ</strong></span> <span class='ocrx_word' id='word_1_155' title='bbox 397 1161 564 1197; x_wconf 83' lang='grc' dir='ltr'>τιμώμενον.</span> <span class='ocrx_word' id='word_1_156' title='bbox 574 1163 612 1189; x_wconf 85' lang='grc' dir='ltr'><strong>Οὐ</strong></span> <span class='ocrx_word' id='word_1_157' title='bbox 625 1163 679 1199; x_wconf 87' lang='grc' dir='ltr'><strong>γάρ</strong></span> <span class='ocrx_word' id='word_1_158' title='bbox 694 1172 735 1190; x_wconf 89' lang='grc' dir='ltr'><strong>τοι</strong></span> <span class='ocrx_word' id='word_1_159' title='bbox 746 1164 776 1190; x_wconf 86' lang='grc' dir='ltr'>τὸ</span> <span class='ocrx_word' id='word_1_160' title='bbox 786 1164 837 1199; x_wconf 80' lang='grc' dir='ltr'>τῆς</span> 
     </span>
    </p>
   </div>
   <div class='ocr_carea' id='block_1_25' title="bbox 60 1205 839 1246">
    <p class='ocr_par' dir='ltr' id='par_1_25' title="bbox 60 1205 839 1246">
     <span class='ocr_line' id='line_1_25' title="bbox 60 1205 839 1246; baseline 0.009 -16"><span class='ocrx_word' id='word_1_161' title='bbox 60 1212 124 1236; x_wconf 82' lang='grc' dir='ltr'>τινος</span> <span class='ocrx_word' id='word_1_162' title='bbox 146 1205 225 1240; x_wconf 81' lang='grc' dir='ltr'><strong>δόξης</strong></span> <span class='ocrx_word' id='word_1_163' title='bbox 237 1206 392 1242; x_wconf 73' lang='grc' dir='ltr'><strong>ἡττώμενον</strong></span> <span class='ocrx_word' id='word_1_164' title='bbox 411 1208 459 1234; x_wconf 76' lang='grc' dir='ltr'>καὶ</span> <span class='ocrx_word' id='word_1_165' title='bbox 474 1208 588 1235; x_wconf 71' lang='grc' dir='ltr'>κατόπιν</span> <span class='ocrx_word' id='word_1_166' title='bbox 605 1209 652 1242; x_wconf 83' lang='grc' dir='ltr'>ἰὸν,</span> <span class='ocrx_word' id='word_1_167' title='bbox 674 1210 699 1236; x_wconf 82' lang='grc' dir='ltr'>εἰ</span> <span class='ocrx_word' id='word_1_168' title='bbox 720 1211 839 1246; x_wconf 78' lang='grc' dir='ltr'>προσγέ-</span> 
     </span>
    </p>
   </div>
   <div class='ocr_carea' id='block_1_26' title="bbox 61 1252 839 1290">
    <p class='ocr_par' dir='ltr' id='par_1_26' title="bbox 61 1252 839 1290">
     <span class='ocr_line' id='line_1_26' title="bbox 61 1252 839 1290; baseline 0.009 -13"><span class='ocrx_word' id='word_1_169' title='bbox 61 1252 123 1278; x_wconf 81' lang='grc' dir='ltr'>νοιτό</span> <span class='ocrx_word' id='word_1_170' title='bbox 136 1260 192 1283; x_wconf 84' lang='grc' dir='ltr'><strong>πως</strong></span> <span class='ocrx_word' id='word_1_171' title='bbox 219 1252 310 1288; x_wconf 82' lang='grc' dir='ltr'>αὐτῷ,</span> <span class='ocrx_word' id='word_1_172' title='bbox 334 1253 524 1290; x_wconf 81' lang='grc' dir='ltr'>λαμπρότερον</span> <span class='ocrx_word' id='word_1_173' title='bbox 547 1255 694 1290; x_wconf 75' lang='grc' dir='ltr'><strong>ἀποφανεῖ,</strong></span> <span class='ocrx_word' id='word_1_174' title='bbox 720 1265 839 1284; x_wconf 84' lang='grc' dir='ltr'>κατακο-</span> 
     </span>
    </p>
   </div>
   <div class='ocr_carea' id='block_1_27' title="bbox 62 1297 511 1335">
    <p class='ocr_par' dir='ltr' id='par_1_27' title="bbox 62 1297 511 1335">
     <span class='ocr_line' id='line_1_27' title="bbox 62 1297 511 1335; baseline 0.011 -13"><span class='ocrx_word' id='word_1_175' title='bbox 62 1297 126 1332; x_wconf 84' lang='grc' dir='ltr'>μίσει</span> <span class='ocrx_word' id='word_1_176' title='bbox 137 1297 163 1323; x_wconf 81' lang='grc' dir='ltr'>δὲ</span> <span class='ocrx_word' id='word_1_177' title='bbox 179 1298 280 1332; x_wconf 80' lang='grc' dir='ltr'>μᾶλλον</span> <span class='ocrx_word' id='word_1_178' title='bbox 296 1299 342 1325; x_wconf 76' lang='grc' dir='ltr'><strong>ἐπὶ</strong></span> <span class='ocrx_word' id='word_1_179' title='bbox 356 1300 386 1326; x_wconf 72' lang='grc' dir='ltr'>τὸ</span> <span class='ocrx_word' id='word_1_180' title='bbox 397 1299 511 1335; x_wconf 74' lang='grc' dir='ltr'>αἴσχιον.</span> 
     </span>
    </p>
   </div>
   <div class='ocr_carea' id='block_1_28' title="bbox 90 1341 837 1384">
    <p class='ocr_par' dir='ltr' id='par_1_28' title="bbox 90 1341 837 1384">
     <span class='ocr_line' id='line_1_28' title="bbox 90 1341 837 1384; baseline 0.011 -16"><span class='ocrx_word' id='word_1_181' title='bbox 90 1342 118 1370; x_wconf 82' lang='grc' dir='ltr'><strong>Α.</strong></span> <span class='ocrx_word' id='word_1_182' title='bbox 137 1341 172 1369; x_wconf 77' lang='grc' dir='ltr'><strong>Εὖ</strong></span> <span class='ocrx_word' id='word_1_183' title='bbox 187 1343 294 1378; x_wconf 78' lang='grc' dir='ltr'>λέγεις·</span> <span class='ocrx_word' id='word_1_184' title='bbox 306 1342 356 1371; x_wconf 81' lang='grc' dir='ltr'>ὦδε</span> <span class='ocrx_word' id='word_1_185' title='bbox 373 1345 425 1381; x_wconf 78' lang='grc' dir='ltr'>γὰρ</span> <span class='ocrx_word' id='word_1_186' title='bbox 440 1345 495 1381; x_wconf 74' lang='grc' dir='ltr'>ἔχει</span> <span class='ocrx_word' id='word_1_187' title='bbox 509 1347 541 1373; x_wconf 78' lang='grc' dir='ltr'><strong>τὸ</strong></span> <span class='ocrx_word' id='word_1_188' title='bbox 562 1347 668 1382; x_wconf 76' lang='grc' dir='ltr'>χρῆμα,</span> <span class='ocrx_word' id='word_1_189' title='bbox 691 1349 737 1375; x_wconf 81' lang='grc' dir='ltr'>καὶ</span> <span class='ocrx_word' id='word_1_190' title='bbox 749 1349 837 1384; x_wconf 78' lang='grc' dir='ltr'>ὀρθῶς</span> 
     </span>
    </p>
   </div>
   <div class='ocr_carea' id='block_1_29' title="bbox 60 1387 838 1433">
    <p class='ocr_par' dir='ltr' id='par_1_29' title="bbox 60 1387 838 1433">
     <span class='ocr_line' id='line_1_29' title="bbox 60 1387 838 1433; baseline 0.01 -19"><span class='ocrx_word' id='word_1_191' title='bbox 60 1387 151 1424; x_wconf 79' lang='grc' dir='ltr'>διανοῇ.</span> <span class='ocrx_word' id='word_1_192' title='bbox 165 1388 271 1416; x_wconf 84' lang='grc' dir='ltr'>οὐκοῦν</span> <span class='ocrx_word' id='word_1_193' title='bbox 290 1390 369 1426; x_wconf 65' lang='grc' dir='ltr'>εἴπερ</span> <span class='ocrx_word' id='word_1_194' title='bbox 384 1391 457 1418; x_wconf 73' lang='grc' dir='ltr'>ἐστὶν</span> <span class='ocrx_word' id='word_1_195' title='bbox 472 1392 522 1419; x_wconf 79' lang='grc' dir='ltr'><strong>οὐκ</strong></span> <span class='ocrx_word' id='word_1_196' title='bbox 536 1393 564 1419; x_wconf 79' lang='grc' dir='ltr'>ὲν</span> <span class='ocrx_word' id='word_1_197' title='bbox 581 1393 660 1428; x_wconf 73' lang='grc' dir='ltr'>φύσει</span> <span class='ocrx_word' id='word_1_198' title='bbox 671 1403 701 1421; x_wconf 85' lang='grc' dir='ltr'><strong>τε</strong></span> <span class='ocrx_word' id='word_1_199' title='bbox 714 1396 761 1422; x_wconf 75' lang='grc' dir='ltr'>καὶ</span> <span class='ocrx_word' id='word_1_200' title='bbox 773 1396 838 1433; x_wconf 75' lang='grc' dir='ltr'><strong>δόξῃ</strong></span> 
     </span>
    </p>
   </div>
   <div class='ocr_carea' id='block_1_30' title="bbox 60 1435 837 1475">
    <p class='ocr_par' dir='ltr' id='par_1_30' title="bbox 60 1435 837 1475">
     <span class='ocr_line' id='line_1_30' title="bbox 60 1435 837 1475; baseline 0.012 -16"><span class='ocrx_word' id='word_1_201' title='bbox 60 1435 88 1469; x_wconf 83' lang='grc' dir='ltr'>τῇ</span> <span class='ocrx_word' id='word_1_202' title='bbox 104 1435 159 1460; x_wconf 78' lang='grc' dir='ltr'>κατ’</span> <span class='ocrx_word' id='word_1_203' title='bbox 171 1435 303 1471; x_wconf 84' lang='grc' dir='ltr'>ἀλήθειαν</span> <span class='ocrx_word' id='word_1_204' title='bbox 316 1436 445 1473; x_wconf 70' lang='grc' dir='ltr'>ἐλευθέρᾳ</span> <span class='ocrx_word' id='word_1_205' title='bbox 459 1438 489 1464; x_wconf 83' lang='grc' dir='ltr'><strong>τὸ</strong></span> <span class='ocrx_word' id='word_1_206' title='bbox 505 1439 618 1474; x_wconf 81' lang='grc' dir='ltr'>Πνεῦμα</span> <span class='ocrx_word' id='word_1_207' title='bbox 632 1439 663 1466; x_wconf 80' lang='grc' dir='ltr'>τὸ</span> <span class='ocrx_word' id='word_1_208' title='bbox 678 1440 765 1475; x_wconf 75' lang='grc' dir='ltr'>ἅγιον,</span> <span class='ocrx_word' id='word_1_209' title='bbox 778 1441 837 1468; x_wconf 89' lang='grc' dir='ltr'>δια-</span> 
     </span>
    </p>
   </div>
   <div class='ocr_carea' id='block_1_31' title="bbox 59 1480 835 1522">
    <p class='ocr_par' dir='ltr' id='par_1_31' title="bbox 59 1480 835 1522">
     <span class='ocr_line' id='line_1_31' title="bbox 59 1480 835 1522; baseline 0.01 -16"><span class='ocrx_word' id='word_1_210' title='bbox 59 1480 153 1507; x_wconf 62' lang='lat' dir='ltr'><strong>melos</strong></span> <span class='ocrx_word' id='word_1_211' title='bbox 165 1481 264 1516; x_wconf 75' lang='grc' dir='ltr'>μᾶλλον</span> <span class='ocrx_word' id='word_1_212' title='bbox 275 1482 450 1517; x_wconf 78' lang='grc' dir='ltr'>ὑτοουργικῶς</span> <span class='ocrx_word' id='word_1_213' title='bbox 459 1483 509 1520; x_wconf 82' lang='grc' dir='ltr'>τὴν</span> <span class='ocrx_word' id='word_1_214' title='bbox 519 1485 583 1520; x_wconf 74' lang='grc' dir='ltr'>παρ’</span> <span class='ocrx_word' id='word_1_215' title='bbox 589 1486 631 1511; x_wconf 82' lang='grc' dir='ltr'>ἑτέ</span> <span class='ocrx_word' id='word_1_216' title='bbox 637 1495 682 1521; x_wconf 83' lang='grc' dir='ltr'><strong>ρου</strong></span> <span class='ocrx_word' id='word_1_217' title='bbox 692 1495 739 1512; x_wconf 80' lang='grc' dir='ltr'><strong>του</strong></span> <span class='ocrx_word' id='word_1_218' title='bbox 746 1487 835 1522; x_wconf 82' lang='grc' dir='ltr'><strong>χάριν,</strong></span> 
     </span>
    </p>
   </div>
   <div class='ocr_carea' id='block_1_32' title="bbox 60 1525 837 1568">
    <p class='ocr_par' dir='ltr' id='par_1_32' title="bbox 60 1525 837 1568">
     <span class='ocr_line' id='line_1_32' title="bbox 60 1525 837 1568; baseline 0.012 -17"><span class='ocrx_word' id='word_1_219' title='bbox 60 1525 111 1557; x_wconf 76' lang='grc' dir='ltr'><strong>πῶς</strong></span> <span class='ocrx_word' id='word_1_220' title='bbox 120 1526 157 1558; x_wconf 75' lang='grc' dir='ltr'>εἰς</span> <span class='ocrx_word' id='word_1_221' title='bbox 169 1526 281 1562; x_wconf 82' lang='grc' dir='ltr'>βασιλέα</span> <span class='ocrx_word' id='word_1_222' title='bbox 295 1527 448 1563; x_wconf 81' lang='grc' dir='ltr'>κέχρισται,</span> <span class='ocrx_word' id='word_1_223' title='bbox 459 1529 565 1566; x_wconf 82' lang='grc' dir='ltr'>χρίσμα</span> <span class='ocrx_word' id='word_1_224' title='bbox 578 1530 667 1558; x_wconf 78' lang='grc' dir='ltr'>λαϐὼν</span> <span class='ocrx_word' id='word_1_225' title='bbox 681 1532 711 1558; x_wconf 75' lang='grc' dir='ltr'>τὸ</span> <span class='ocrx_word' id='word_1_226' title='bbox 724 1533 837 1568; x_wconf 81' lang='grc' dir='ltr'>Πνεῦμα</span> 
     </span>
    </p>
   </div>
   <div class='ocr_carea' id='block_1_33' title="bbox 60 1571 835 1614">
    <p class='ocr_par' dir='ltr' id='par_1_33' title="bbox 60 1571 835 1614">
     <span class='ocr_line' id='line_1_33' title="bbox 60 1571 835 1614; baseline 0.012 -17"><span class='ocrx_word' id='word_1_227' title='bbox 60 1571 181 1606; x_wconf 55' lang='grc' dir='ltr'>Χριστός</span> <span class='ocrx_word' id='word_1_228' title='bbox 213 1582 223 1599; x_wconf 75' lang='grc' dir='ltr'><strong>ι</strong></span> <span class='ocrx_word' id='word_1_229' title='bbox 242 1573 346 1608; x_wconf 81' lang='grc' dir='ltr'><strong>Ἰησοῦν</strong></span> <span class='ocrx_word' id='word_1_230' title='bbox 368 1574 432 1610; x_wconf 77' lang='grc' dir='ltr'>γὰρ,</span> <span class='ocrx_word' id='word_1_231' title='bbox 448 1576 526 1610; x_wconf 72' lang='grc' dir='ltr'>φησι,</span> <span class='ocrx_word' id='word_1_232' title='bbox 541 1576 587 1603; x_wconf 77' lang='grc' dir='ltr'>τὸν</span> <span class='ocrx_word' id='word_1_233' title='bbox 609 1577 664 1604; x_wconf 77' lang='grc' dir='ltr'><strong>ἀπὸ</strong></span> <span class='ocrx_word' id='word_1_234' title='bbox 693 1578 835 1614; x_wconf 77' lang='grc' dir='ltr'>Ναζαρὲτ,</span> 
     </span>
    </p>
   </div>
   <div class='ocr_carea' id='block_1_34' title="bbox 895 294 1679 331">
    <p class='ocr_par' dir='ltr' id='par_1_34' title="bbox 895 294 1679 331">
     <span class='ocr_line' id='line_1_34' title="bbox 895 294 1679 331; baseline 0.005 -9"><span class='ocrx_word' id='word_1_235' title='bbox 895 296 1034 322; x_wconf 84' lang='lat' dir='ltr'><strong>concedet.</strong></span> <span class='ocrx_word' id='word_1_236' title='bbox 1056 294 1115 321; x_wconf 82' lang='lat' dir='ltr'><strong>Jant</strong></span> <span class='ocrx_word' id='word_1_237' title='bbox 1141 302 1205 330; x_wconf 83' lang='lat' dir='ltr'><strong>ergo</strong></span> <span class='ocrx_word' id='word_1_238' title='bbox 1233 295 1434 330; x_wconf 65' lang='lat' dir='ltr'><strong>pratstantiores</strong></span> <span class='ocrx_word' id='word_1_239' title='bbox 1459 304 1507 324; x_wconf 80' lang='lat' dir='ltr'><strong>nos</strong></span> <span class='ocrx_word' id='word_1_240' title='bbox 1526 296 1575 331; x_wconf 86' lang='lat' dir='ltr'><strong>ipsi</strong></span> <span class='ocrx_word' id='word_1_241' title='bbox 1597 298 1679 326; x_wconf 86' lang='lat' dir='ltr'><strong>etiam</strong></span> 
     </span>
    </p>
   </div>
   <div class='ocr_carea' id='block_1_35' title="bbox 895 341 1678 379">
    <p class='ocr_par' dir='ltr' id='par_1_35' title="bbox 895 341 1678 379">
     <span class='ocr_line' id='line_1_35' title="bbox 895 341 1678 379; baseline 0.004 -11"><span class='ocrx_word' id='word_1_242' title='bbox 895 348 989 368; x_wconf 81' lang='lat' dir='ltr'><strong>sumus</strong></span> <span class='ocrx_word' id='word_1_243' title='bbox 1013 341 1116 375; x_wconf 86' lang='lat' dir='ltr'><strong>Spiritu</strong></span> <span class='ocrx_word' id='word_1_244' title='bbox 1141 345 1246 374; x_wconf 88' lang='lat' dir='ltr'><strong>sancto,</strong></span> <span class='ocrx_word' id='word_1_245' title='bbox 1278 341 1363 376; x_wconf 85' lang='lat' dir='ltr'><strong>gloria</strong></span> <span class='ocrx_word' id='word_1_246' title='bbox 1391 343 1576 376; x_wconf 67' lang='lat' dir='ltr'><strong>praestantiore</strong></span> <span class='ocrx_word' id='word_1_247' title='bbox 1598 351 1678 379; x_wconf 83' lang='lat' dir='ltr'><strong>quam</strong></span> 
     </span>
    </p>
   </div>
   <div class='ocr_carea' id='block_1_36' title="bbox 895 384 1678 422">
    <p class='ocr_par' dir='ltr' id='par_1_36' title="bbox 895 384 1678 422">
     <span class='ocr_line' id='line_1_36' title="bbox 895 384 1678 422; baseline 0.005 -11"><span class='ocrx_word' id='word_1_248' title='bbox 895 385 962 420; x_wconf 86' lang='lat' dir='ltr'><strong>ipse,</strong></span> <span class='ocrx_word' id='word_1_249' title='bbox 979 385 1111 417; x_wconf 86' lang='lat' dir='ltr'><strong>deaurati.</strong></span> <span class='ocrx_word' id='word_1_250' title='bbox 1137 384 1233 412; x_wconf 82' lang='lat' dir='ltr'><strong>Nonne</strong></span> <span class='ocrx_word' id='word_1_251' title='bbox 1253 385 1309 413; x_wconf 78' lang='lat' dir='ltr'><strong>haec</strong></span> <span class='ocrx_word' id='word_1_252' title='bbox 1329 386 1460 421; x_wconf 76' lang='lat' dir='ltr'><strong>prteclare</strong></span> <span class='ocrx_word' id='word_1_253' title='bbox 1476 387 1608 422; x_wconf 82' lang='lat' dir='ltr'><strong>explicata</strong></span> <span class='ocrx_word' id='word_1_254' title='bbox 1632 389 1678 416; x_wconf 88' lang='lat' dir='ltr'><strong>tibi</strong></span> 
     </span>
    </p>
   </div>
   <div class='ocr_carea' id='block_1_37' title="bbox 894 431 1678 468">
    <p class='ocr_par' dir='ltr' id='par_1_37' title="bbox 894 431 1678 468">
     <span class='ocr_line' id='line_1_37' title="bbox 894 431 1678 468; baseline 0.006 -11"><span class='ocrx_word' id='word_1_255' title='bbox 894 431 1028 464; x_wconf 84' lang='lat' dir='ltr'><strong>videntur,</strong></span> <span class='ocrx_word' id='word_1_256' title='bbox 1059 431 1122 458; x_wconf 86' lang='lat' dir='ltr'><strong>licet</strong></span> <span class='ocrx_word' id='word_1_257' title='bbox 1145 431 1262 466; x_wconf 87' lang='lat' dir='ltr'><strong>plurimo</strong></span> <span class='ocrx_word' id='word_1_258' title='bbox 1293 437 1404 468; x_wconf 80' lang='lat' dir='ltr'><strong>stupore</strong></span> <span class='ocrx_word' id='word_1_259' title='bbox 1431 440 1524 461; x_wconf 82' lang='lat' dir='ltr'><strong>eorum</strong></span> <span class='ocrx_word' id='word_1_260' title='bbox 1551 433 1624 462; x_wconf 75' lang='lat' dir='ltr'><strong>dicta</strong></span> <span class='ocrx_word' id='word_1_261' title='bbox 1639 434 1678 462; x_wconf 81' lang='lat' dir='ltr'><strong>la-</strong></span> 
     </span>
    </p>
   </div>
   <div class='ocr_carea' id='block_1_38' title="bbox 893 476 1012 504">
    <p class='ocr_par' dir='ltr' id='par_1_38' title="bbox 893 476 1012 504">
     <span class='ocr_line' id='line_1_38' title="bbox 893 476 1012 504; baseline 0 -1"><span class='ocrx_word' id='word_1_262' title='bbox 893 477 990 504; x_wconf 83' lang='lat' dir='ltr'><strong>herent</strong></span> <span class='ocrx_word' id='word_1_263' title='bbox 999 476 1012 503; x_wconf 79' lang='lat'><strong>?</strong></span> 
     </span>
    </p>
   </div>
   <div class='ocr_carea' id='block_1_39' title="bbox 926 522 1191 556">
    <p class='ocr_par' dir='ltr' id='par_1_39' title="bbox 926 522 1191 556">
     <span class='ocr_line' id='line_1_39' title="bbox 926 522 1191 556; baseline 0.008 -8"><span class='ocrx_word' id='word_1_264' title='bbox 926 522 958 549; x_wconf 85' lang='lat' dir='ltr'><strong>B.</strong></span> <span class='ocrx_word' id='word_1_265' title='bbox 971 522 1009 549; x_wconf 84' lang='lat' dir='ltr'><strong>ita</strong></span> <span class='ocrx_word' id='word_1_266' title='bbox 1025 529 1146 556; x_wconf 83' lang='lat' dir='ltr'><strong>prorsus.</strong></span> <span class='ocrx_word' id='word_1_267' title='bbox 1189 532 1191 534; x_wconf 94' lang='grc'>·</span> 
     </span>
    </p>
   </div>
   <div class='ocr_carea' id='block_1_40' title="bbox 928 568 1678 605">
    <p class='ocr_par' dir='ltr' id='par_1_40' title="bbox 928 568 1678 605">
     <span class='ocr_line' id='line_1_40' title="bbox 928 568 1678 605; baseline 0.005 -10"><span class='ocrx_word' id='word_1_268' title='bbox 928 568 960 595; x_wconf 80' lang='grc' dir='ltr'><strong>Α.</strong></span> <span class='ocrx_word' id='word_1_269' title='bbox 975 568 1124 602; x_wconf 77' lang='lat' dir='ltr'><strong>Pergamus</strong></span> <span class='ocrx_word' id='word_1_270' title='bbox 1146 576 1237 603; x_wconf 86' lang='lat' dir='ltr'><strong>porro,</strong></span> <span class='ocrx_word' id='word_1_271' title='bbox 1261 575 1288 597; x_wconf 83' lang='lat' dir='ltr'><strong>et</strong></span> <span class='ocrx_word' id='word_1_272' title='bbox 1305 570 1365 598; x_wconf 85' lang='lat' dir='ltr'><strong>aliis</strong></span> <span class='ocrx_word' id='word_1_273' title='bbox 1393 578 1502 605; x_wconf 86' lang='lat' dir='ltr'><strong>quoque</strong></span> <span class='ocrx_word' id='word_1_274' title='bbox 1528 571 1678 600; x_wconf 71' lang='lat' dir='ltr'><strong>rationibus</strong></span> 
     </span>
    </p>
   </div>
   <div class='ocr_carea' id='block_1_41' title="bbox 891 615 1678 652">
    <p class='ocr_par' dir='ltr' id='par_1_41' title="bbox 891 615 1678 652">
     <span class='ocr_line' id='line_1_41' title="bbox 891 615 1678 652; baseline 0.004 -10"><span class='ocrx_word' id='word_1_275' title='bbox 891 615 1031 642; x_wconf 82' lang='lat' dir='ltr'><strong>veritatem</strong></span> <span class='ocrx_word' id='word_1_276' title='bbox 1043 615 1207 650; x_wconf 72' lang='lat' dir='ltr'><strong>indagemus.</strong></span> <span class='ocrx_word' id='word_1_277' title='bbox 1215 616 1328 643; x_wconf 89' lang='lat' dir='ltr'><strong>Terreni</strong></span> <span class='ocrx_word' id='word_1_278' title='bbox 1342 624 1428 651; x_wconf 80' lang='lat' dir='ltr'><strong>reges,</strong></span> <span class='ocrx_word' id='word_1_279' title='bbox 1439 617 1461 644; x_wconf 92' lang='lat' dir='ltr'><strong>si</strong></span> <span class='ocrx_word' id='word_1_280' title='bbox 1473 625 1542 652; x_wconf 90' lang='lat' dir='ltr'><strong>quos</strong></span> <span class='ocrx_word' id='word_1_281' title='bbox 1554 626 1678 645; x_wconf 84' lang='lat' dir='ltr'><strong>necessa-</strong></span> 
     </span>
    </p>
   </div>
   <div class='ocr_carea' id='block_1_42' title="bbox 893 660 1676 698">
    <p class='ocr_par' dir='ltr' id='par_1_42' title="bbox 893 660 1676 698">
     <span class='ocr_line' id='line_1_42' title="bbox 893 660 1676 698; baseline 0.005 -11"><span class='ocrx_word' id='word_1_282' title='bbox 893 660 959 692; x_wconf 87' lang='lat' dir='ltr'><strong>rios,</strong></span> <span class='ocrx_word' id='word_1_283' title='bbox 978 665 1024 688; x_wconf 87' lang='lat' dir='ltr'><strong>aut</strong></span> <span class='ocrx_word' id='word_1_284' title='bbox 1049 662 1263 697; x_wconf 86' lang='lat' dir='ltr'><strong>consanguineos</strong></span> <span class='ocrx_word' id='word_1_285' title='bbox 1292 670 1324 690; x_wconf 88' lang='lat' dir='ltr'><strong>ac</strong></span> <span class='ocrx_word' id='word_1_286' title='bbox 1347 664 1459 698; x_wconf 81' lang='lat' dir='ltr'><strong>gentiles</strong></span> <span class='ocrx_word' id='word_1_287' title='bbox 1483 672 1547 692; x_wconf 87' lang='lat' dir='ltr'><strong>suos</strong></span> <span class='ocrx_word' id='word_1_288' title='bbox 1575 672 1676 691; x_wconf 89' lang='lat' dir='ltr'><strong>ornare</strong></span> 
     </span>
    </p>
   </div>
   <div class='ocr_carea' id='block_1_43' title="bbox 893 707 1675 745">
    <p class='ocr_par' dir='ltr' id='par_1_43' title="bbox 893 707 1675 745">
     <span class='ocr_line' id='line_1_43' title="bbox 893 707 1675 745; baseline 0.005 -11"><span class='ocrx_word' id='word_1_289' title='bbox 893 707 986 740; x_wconf 91' lang='lat' dir='ltr'><strong>velint,</strong></span> <span class='ocrx_word' id='word_1_290' title='bbox 1000 712 1028 734; x_wconf 90' lang='lat' dir='ltr'><strong>et</strong></span> <span class='ocrx_word' id='word_1_291' title='bbox 1043 708 1117 742; x_wconf 80' lang='lat' dir='ltr'><strong>regio</strong></span> <span class='ocrx_word' id='word_1_292' title='bbox 1146 708 1248 736; x_wconf 88' lang='lat' dir='ltr'><strong>honore</strong></span> <span class='ocrx_word' id='word_1_293' title='bbox 1266 717 1406 741; x_wconf 83' lang='lat' dir='ltr'><strong>coronare,</strong></span> <span class='ocrx_word' id='word_1_294' title='bbox 1431 718 1550 745; x_wconf 83' lang='lat' dir='ltr'><strong>quonam</strong></span> <span class='ocrx_word' id='word_1_295' title='bbox 1567 711 1675 738; x_wconf 88' lang='lat' dir='ltr'><strong>demum</strong></span> 
     </span>
    </p>
   </div>
   <div class='ocr_carea' id='block_1_44' title="bbox 890 752 1620 790">
    <p class='ocr_par' dir='ltr' id='par_1_44' title="bbox 890 752 1620 790">
     <span class='ocr_line' id='line_1_44' title="bbox 890 752 1620 790; baseline 0.007 -12"><span class='ocrx_word' id='word_1_296' title='bbox 890 756 970 786; x_wconf 86' lang='lat' dir='ltr'><strong>pacto</strong></span> <span class='ocrx_word' id='word_1_297' title='bbox 988 752 1045 779; x_wconf 68' lang='lat' dir='ltr'><strong>hate</strong></span> <span class='ocrx_word' id='word_1_298' title='bbox 1053 760 1133 787; x_wconf 88' lang='lat' dir='ltr'><strong>quam</strong></span> <span class='ocrx_word' id='word_1_299' title='bbox 1143 753 1272 788; x_wconf 65' lang='lat' dir='ltr'><strong>protelare</strong></span> <span class='ocrx_word' id='word_1_300' title='bbox 1285 759 1313 782; x_wconf 92' lang='lat' dir='ltr'><strong>et</strong></span> <span class='ocrx_word' id='word_1_301' title='bbox 1328 755 1482 790; x_wconf 73' lang='lat' dir='ltr'><strong>tequissime</strong></span> <span class='ocrx_word' id='word_1_302' title='bbox 1496 755 1596 783; x_wconf 78' lang='lat' dir='ltr'><strong>facient</strong></span> <span class='ocrx_word' id='word_1_303' title='bbox 1608 756 1620 777; x_wconf 70' lang='grc' dir='ltr'><strong>ν</strong></span> 
     </span>
    </p>
   </div>
   <div class='ocr_carea' id='block_1_45' title="bbox 924 840 1622 877">
    <p class='ocr_par' dir='ltr' id='par_1_45' title="bbox 924 840 1622 877">
     <span class='ocr_line' id='line_1_45' title="bbox 924 840 1622 877; baseline 0.006 -9"><span class='ocrx_word' id='word_1_304' title='bbox 924 840 956 868; x_wconf 80' lang='grc' dir='ltr'><strong>Β.</strong></span> <span class='ocrx_word' id='word_1_305' title='bbox 970 841 999 868; x_wconf 87' lang='lat' dir='ltr'><strong>Si</strong></span> <span class='ocrx_word' id='word_1_306' title='bbox 1016 847 1062 869; x_wconf 90' lang='lat' dir='ltr'><strong>eos</strong></span> <span class='ocrx_word' id='word_1_307' title='bbox 1077 842 1171 877; x_wconf 82' lang='lat' dir='ltr'><strong>utique</strong></span> <span class='ocrx_word' id='word_1_308' title='bbox 1189 843 1301 870; x_wconf 85' lang='lat' dir='ltr'><strong>summis</strong></span> <span class='ocrx_word' id='word_1_309' title='bbox 1314 843 1463 872; x_wconf 84' lang='lat' dir='ltr'><strong>honoribus</strong></span> <span class='ocrx_word' id='word_1_310' title='bbox 1481 843 1603 873; x_wconf 77' lang='lat' dir='ltr'><strong>eﬂ‘erant.</strong></span> <span class='ocrx_word' id='word_1_311' title='bbox 1614 868 1622 873; x_wconf 67' lang='lat'><strong>.</strong></span> 
     </span>
    </p>
   </div>
   <div class='ocr_carea' id='block_1_46' title="bbox 91 903 835 973">
    <p class='ocr_par' dir='ltr' id='par_1_46' title="bbox 91 903 835 973">
     <span class='ocr_line' id='line_1_46' title="bbox 91 903 835 973; baseline 0.011 -17"><span class='ocrx_word' id='word_1_312' title='bbox 91 903 121 957; x_wconf 52' lang='grc' dir='ltr'><strong>λ.</strong></span> <span class='ocrx_word' id='word_1_313' title='bbox 141 931 194 966; x_wconf 81' lang='grc' dir='ltr'><strong>Τὴν</strong></span> <span class='ocrx_word' id='word_1_314' title='bbox 215 929 263 959; x_wconf 81' lang='grc' dir='ltr'>οὖν</span> <span class='ocrx_word' id='word_1_315' title='bbox 281 932 403 968; x_wconf 75' lang='grc' dir='ltr'>βασιλίδα</span> <span class='ocrx_word' id='word_1_316' title='bbox 419 934 503 969; x_wconf 86' lang='grc' dir='ltr'>τιμήν</span> <span class='ocrx_word' id='word_1_317' title='bbox 517 943 547 961; x_wconf 81' lang='grc' dir='ltr'><strong>τε</strong></span> <span class='ocrx_word' id='word_1_318' title='bbox 569 935 719 969; x_wconf 78' lang='grc' dir='ltr'>καὶδόξαν,</span> <span class='ocrx_word' id='word_1_319' title='bbox 742 936 787 971; x_wconf 80' lang='grc' dir='ltr'><strong>ὑφ’</strong></span> <span class='ocrx_word' id='word_1_320' title='bbox 803 935 835 973; x_wconf 84' lang='grc' dir='ltr'>ἦς</span> 
     </span>
    </p>
   </div>
   <div class='ocr_carea' id='block_1_47' title="bbox 889 903 1674 973">
    <p class='ocr_par' dir='ltr' id='par_1_47' title="bbox 923 931 1674 968">
     <span class='ocr_line' id='line_1_47' title="bbox 923 931 1674 968; baseline 0.007 -11"><span class='ocrx_word' id='word_1_321' title='bbox 923 931 955 958; x_wconf 78' lang='grc' dir='ltr'><strong>Α.</strong></span> <span class='ocrx_word' id='word_1_322' title='bbox 987 931 1100 966; x_wconf 77' lang='lat' dir='ltr'><strong>Regium</strong></span> <span class='ocrx_word' id='word_1_323' title='bbox 1126 939 1191 966; x_wconf 79' lang='lat' dir='ltr'><strong>ergo</strong></span> <span class='ocrx_word' id='word_1_324' title='bbox 1207 931 1335 960; x_wconf 88' lang='lat' dir='ltr'><strong>honorem</strong></span> <span class='ocrx_word' id='word_1_325' title='bbox 1357 937 1383 959; x_wconf 88' lang='lat' dir='ltr'><strong>et</strong></span> <span class='ocrx_word' id='word_1_326' title='bbox 1396 932 1509 967; x_wconf 77' lang='lat' dir='ltr'><strong>gloriam</strong></span> <span class='ocrx_word' id='word_1_327' title='bbox 1527 941 1580 968; x_wconf 84' lang='lat' dir='ltr'><strong>qua</strong></span> <span class='ocrx_word' id='word_1_328' title='bbox 1595 941 1674 962; x_wconf 85' lang='lat' dir='ltr'><strong>coro-</strong></span> 
     </span>
    </p>
   </div>
   <div class='ocr_carea' id='block_1_48' title="bbox 890 976 1675 1012">
    <p class='ocr_par' dir='ltr' id='par_1_48' title="bbox 890 976 1675 1012">
     <span class='ocr_line' id='line_1_48' title="bbox 890 976 1675 1012; baseline 0.004 -10"><span class='ocrx_word' id='word_1_329' title='bbox 890 981 968 1003; x_wconf 85' lang='lat' dir='ltr'><strong>natus</strong></span> <span class='ocrx_word' id='word_1_330' title='bbox 978 976 1076 1012; x_wconf 81' lang='lat' dir='ltr'><strong>aliquis</strong></span> <span class='ocrx_word' id='word_1_331' title='bbox 1090 985 1170 1011; x_wconf 89' lang='lat' dir='ltr'><strong>supra</strong></span> <span class='ocrx_word' id='word_1_332' title='bbox 1187 977 1305 1012; x_wconf 83' lang='lat' dir='ltr'><strong>seipsum</strong></span> <span class='ocrx_word' id='word_1_333' title='bbox 1321 982 1349 1005; x_wconf 87' lang='lat' dir='ltr'><strong>et</strong></span> <span class='ocrx_word' id='word_1_334' title='bbox 1363 977 1430 1006; x_wconf 88' lang='lat' dir='ltr'><strong>alios</strong></span> <span class='ocrx_word' id='word_1_335' title='bbox 1449 978 1568 1011; x_wconf 84' lang='lat' dir='ltr'><strong>tollatur,</strong></span> <span class='ocrx_word' id='word_1_336' title='bbox 1585 983 1675 1006; x_wconf 85' lang='lat' dir='ltr'><strong>utrum</strong></span> 
     </span>
    </p>
   </div>
   <div class='ocr_carea' id='block_1_49' title="bbox 890 1022 1676 1058">
    <p class='ocr_par' dir='ltr' id='par_1_49' title="bbox 890 1022 1676 1058">
     <span class='ocr_line' id='line_1_49' title="bbox 890 1022 1676 1058; baseline 0.001 -9"><span class='ocrx_word' id='word_1_337' title='bbox 890 1028 922 1049; x_wconf 92' lang='lat' dir='ltr'><strong>eo</strong></span> <span class='ocrx_word' id='word_1_338' title='bbox 932 1022 976 1049; x_wconf 90' lang='lat' dir='ltr'><strong>cui</strong></span> <span class='ocrx_word' id='word_1_339' title='bbox 990 1022 1077 1050; x_wconf 87' lang='lat' dir='ltr'><strong>honor</strong></span> <span class='ocrx_word' id='word_1_340' title='bbox 1089 1023 1139 1050; x_wconf 84' lang='lat' dir='ltr'><strong>iste</strong></span> <span class='ocrx_word' id='word_1_341' title='bbox 1148 1022 1270 1050; x_wconf 77' lang='lat' dir='ltr'><strong>defertur</strong></span> <span class='ocrx_word' id='word_1_342' title='bbox 1282 1024 1496 1058; x_wconf 63' lang='lat' dir='ltr'><strong>praestantiorem</strong></span> <span class='ocrx_word' id='word_1_343' title='bbox 1508 1028 1534 1051; x_wconf 87' lang='lat' dir='ltr'><strong>et</strong></span> <span class='ocrx_word' id='word_1_344' title='bbox 1545 1024 1676 1051; x_wconf 82' lang='lat' dir='ltr'><strong>excellen-</strong></span> 
     </span>
    </p>
   </div>
   <div class='ocr_carea' id='block_1_50' title="bbox 888 1067 1675 1102">
    <p class='ocr_par' dir='ltr' id='par_1_50' title="bbox 888 1067 1675 1102">
     <span class='ocr_line' id='line_1_50' title="bbox 888 1067 1675 1102; baseline 0.001 -8"><span class='ocrx_word' id='word_1_345' title='bbox 888 1067 984 1095; x_wconf 85' lang='lat' dir='ltr'><strong>tiorent</strong></span> <span class='ocrx_word' id='word_1_346' title='bbox 1001 1067 1122 1102; x_wconf 83' lang='lat' dir='ltr'><strong>putabis,</strong></span> <span class='ocrx_word' id='word_1_347' title='bbox 1139 1073 1186 1095; x_wconf 87' lang='lat' dir='ltr'><strong>aut</strong></span> <span class='ocrx_word' id='word_1_348' title='bbox 1200 1068 1330 1102; x_wconf 67' lang='lat' dir='ltr'><strong>aequalem</strong></span> <span class='ocrx_word' id='word_1_349' title='bbox 1349 1069 1418 1096; x_wconf 79' lang='lat' dir='ltr'><strong>forte</strong></span> <span class='ocrx_word' id='word_1_350' title='bbox 1436 1068 1477 1096; x_wconf 86' lang='lat' dir='ltr'><strong>vel</strong></span> <span class='ocrx_word' id='word_1_351' title='bbox 1495 1067 1675 1096; x_wconf 78' lang='lat' dir='ltr'><strong>inferiorem?</strong></span> 
     </span>
    </p>
   </div>
   <div class='ocr_carea' id='block_1_51' title="bbox 925 1112 1675 1148">
    <p class='ocr_par' dir='ltr' id='par_1_51' title="bbox 925 1112 1675 1148">
     <span class='ocr_line' id='line_1_51' title="bbox 925 1112 1675 1148; baseline 0.004 -9"><span class='ocrx_word' id='word_1_352' title='bbox 925 1113 956 1140; x_wconf 86' lang='grc' dir='ltr'><strong>Β.</strong></span> <span class='ocrx_word' id='word_1_353' title='bbox 988 1112 1162 1148; x_wconf 83' lang='lat' dir='ltr'><strong>Superiorem</strong></span> <span class='ocrx_word' id='word_1_354' title='bbox 1194 1114 1288 1148; x_wconf 79' lang='lat' dir='ltr'><strong>utique</strong></span> <span class='ocrx_word' id='word_1_355' title='bbox 1318 1118 1346 1142; x_wconf 84' lang='lat' dir='ltr'><strong>et</strong></span> <span class='ocrx_word' id='word_1_356' title='bbox 1371 1113 1600 1142; x_wconf 73' lang='lat' dir='ltr'><strong>excellentiorem.</strong></span> <span class='ocrx_word' id='word_1_357' title='bbox 1628 1113 1675 1142; x_wconf 83' lang='lat' dir='ltr'><strong>Sic</strong></span> 
     </span>
    </p>
   </div>
   <div class='ocr_carea' id='block_1_52' title="bbox 889 1159 1674 1194">
    <p class='ocr_par' dir='ltr' id='par_1_52' title="bbox 889 1159 1674 1194">
     <span class='ocr_line' id='line_1_52' title="bbox 889 1159 1674 1194; baseline 0.001 -8"><span class='ocrx_word' id='word_1_358' title='bbox 889 1159 962 1186; x_wconf 92' lang='lat' dir='ltr'><strong>enim</strong></span> <span class='ocrx_word' id='word_1_359' title='bbox 983 1166 1040 1186; x_wconf 91' lang='lat' dir='ltr'><strong>rem</strong></span> <span class='ocrx_word' id='word_1_360' title='bbox 1055 1165 1179 1186; x_wconf 79' lang='lat' dir='ltr'><strong>ornatam</strong></span> <span class='ocrx_word' id='word_1_361' title='bbox 1201 1160 1328 1187; x_wconf 76' lang='lat' dir='ltr'><strong>illustrat.</strong></span> <span class='ocrx_word' id='word_1_362' title='bbox 1345 1159 1412 1187; x_wconf 79' lang='lat' dir='ltr'><strong>Nam</strong></span> <span class='ocrx_word' id='word_1_363' title='bbox 1424 1160 1493 1194; x_wconf 91' lang='lat' dir='ltr'><strong>quod</strong></span> <span class='ocrx_word' id='word_1_364' title='bbox 1506 1159 1622 1194; x_wconf 76' lang='lat' dir='ltr'><strong>alicujus</strong></span> <span class='ocrx_word' id='word_1_365' title='bbox 1635 1160 1674 1187; x_wconf 86' lang='lat' dir='ltr'><strong>rei</strong></span> 
     </span>
    </p>
   </div>
   <div class='ocr_carea' id='block_1_53' title="bbox 888 1205 1673 1240">
    <p class='ocr_par' dir='ltr' id='par_1_53' title="bbox 888 1205 1673 1240">
     <span class='ocr_line' id='line_1_53' title="bbox 888 1205 1673 1240; baseline 0.003 -9"><span class='ocrx_word' id='word_1_366' title='bbox 888 1205 973 1240; x_wconf 78' lang='lat' dir='ltr'><strong>gloria</strong></span> <span class='ocrx_word' id='word_1_367' title='bbox 986 1205 1076 1232; x_wconf 90' lang='lat' dir='ltr'><strong>minus</strong></span> <span class='ocrx_word' id='word_1_368' title='bbox 1087 1212 1119 1232; x_wconf 90' lang='lat' dir='ltr'><strong>ac</strong></span> <span class='ocrx_word' id='word_1_369' title='bbox 1130 1205 1248 1233; x_wconf 84' lang='lat' dir='ltr'><strong>deterius</strong></span> <span class='ocrx_word' id='word_1_370' title='bbox 1262 1210 1314 1237; x_wconf 83' lang='lat' dir='ltr'><strong>est,</strong></span> <span class='ocrx_word' id='word_1_371' title='bbox 1331 1213 1386 1233; x_wconf 83' lang='lat' dir='ltr'><strong>non</strong></span> <span class='ocrx_word' id='word_1_372' title='bbox 1412 1214 1471 1233; x_wconf 87' lang='lat' dir='ltr'><strong>eam</strong></span> <span class='ocrx_word' id='word_1_373' title='bbox 1497 1205 1673 1234; x_wconf 77' lang='lat' dir='ltr'><strong>illustriorem</strong></span> 
     </span>
    </p>
   </div>
   <div class='ocr_carea' id='block_1_54' title="bbox 888 1251 1593 1285">
    <p class='ocr_par' dir='ltr' id='par_1_54' title="bbox 888 1251 1593 1285">
     <span class='ocr_line' id='line_1_54' title="bbox 888 1251 1593 1285; baseline 0.001 -7"><span class='ocrx_word' id='word_1_374' title='bbox 888 1251 995 1285; x_wconf 82' lang='lat' dir='ltr'><strong>reddet,</strong></span> <span class='ocrx_word' id='word_1_375' title='bbox 1011 1251 1071 1279; x_wconf 78' lang='lat' dir='ltr'><strong>sici</strong></span> <span class='ocrx_word' id='word_1_376' title='bbox 1088 1252 1244 1284; x_wconf 85' lang='lat' dir='ltr'><strong>accesserit,</strong></span> <span class='ocrx_word' id='word_1_377' title='bbox 1258 1251 1306 1279; x_wconf 86' lang='lat' dir='ltr'><strong>sed</strong></span> <span class='ocrx_word' id='word_1_378' title='bbox 1320 1251 1410 1285; x_wconf 80' lang='lat' dir='ltr'><strong>potius</strong></span> <span class='ocrx_word' id='word_1_379' title='bbox 1421 1251 1593 1280; x_wconf 82' lang='lat' dir='ltr'><strong>deteriorem.</strong></span> 
     </span>
    </p>
   </div>
   <div class='ocr_carea' id='block_1_55' title="bbox 920 1339 1674 1372">
    <p class='ocr_par' dir='ltr' id='par_1_55' title="bbox 920 1339 1674 1372">
     <span class='ocr_line' id='line_1_55' title="bbox 920 1339 1674 1372; baseline 0 -5"><span class='ocrx_word' id='word_1_380' title='bbox 920 1341 954 1367; x_wconf 85' lang='lat' dir='ltr'><strong>A.</strong></span> <span class='ocrx_word' id='word_1_381' title='bbox 970 1339 1053 1367; x_wconf 80' lang='lat' dir='ltr'><strong>Recte</strong></span> <span class='ocrx_word' id='word_1_382' title='bbox 1068 1340 1145 1368; x_wconf 84' lang='lat' dir='ltr'><strong>dicis.</strong></span> <span class='ocrx_word' id='word_1_383' title='bbox 1165 1340 1203 1368; x_wconf 84' lang='lat' dir='ltr'><strong>ita</strong></span> <span class='ocrx_word' id='word_1_384' title='bbox 1216 1340 1288 1368; x_wconf 89' lang='lat' dir='ltr'><strong>enim</strong></span> <span class='ocrx_word' id='word_1_385' title='bbox 1308 1347 1338 1368; x_wconf 83' lang='lat' dir='ltr'><strong>so</strong></span> <span class='ocrx_word' id='word_1_386' title='bbox 1363 1348 1407 1368; x_wconf 87' lang='lat' dir='ltr'><strong>res</strong></span> <span class='ocrx_word' id='word_1_387' title='bbox 1424 1340 1516 1372; x_wconf 85' lang='lat' dir='ltr'><strong>habet,</strong></span> <span class='ocrx_word' id='word_1_388' title='bbox 1542 1348 1573 1368; x_wconf 82' lang='lat' dir='ltr'><strong>ac</strong></span> <span class='ocrx_word' id='word_1_389' title='bbox 1601 1345 1674 1369; x_wconf 78' lang='lat' dir='ltr'><strong>recte</strong></span> 
     </span>
    </p>
   </div>
   <div class='ocr_carea' id='block_1_56' title="bbox 888 1385 1672 1422">
    <p class='ocr_par' dir='ltr' id='par_1_56' title="bbox 888 1385 1672 1422">
     <span class='ocr_line' id='line_1_56' title="bbox 888 1385 1672 1422; baseline 0.001 -10"><span class='ocrx_word' id='word_1_390' title='bbox 888 1386 984 1412; x_wconf 82' lang='lat' dir='ltr'><strong>sentis.</strong></span> <span class='ocrx_word' id='word_1_391' title='bbox 1002 1385 1107 1420; x_wconf 86' lang='lat' dir='ltr'><strong>itaque,</strong></span> <span class='ocrx_word' id='word_1_392' title='bbox 1121 1386 1144 1413; x_wconf 78' lang='lat' dir='ltr'><strong>si</strong></span> <span class='ocrx_word' id='word_1_393' title='bbox 1158 1386 1274 1421; x_wconf 84' lang='lat' dir='ltr'><strong>Spiritus</strong></span> <span class='ocrx_word' id='word_1_394' title='bbox 1295 1391 1404 1414; x_wconf 88' lang='lat' dir='ltr'><strong>sanctus</strong></span> <span class='ocrx_word' id='word_1_395' title='bbox 1426 1392 1521 1414; x_wconf 88' lang='lat' dir='ltr'><strong>natura</strong></span> <span class='ocrx_word' id='word_1_396' title='bbox 1548 1391 1575 1413; x_wconf 86' lang='lat' dir='ltr'><strong>et</strong></span> <span class='ocrx_word' id='word_1_397' title='bbox 1589 1386 1672 1422; x_wconf 78' lang='lat' dir='ltr'><strong>gloria</strong></span> 
     </span>
    </p>
   </div>
   <div class='ocr_carea' id='block_1_57' title="bbox 888 1432 1673 1470">
    <p class='ocr_par' dir='ltr' id='par_1_57' title="bbox 888 1432 1673 1470">
     <span class='ocr_line' id='line_1_57' title="bbox 888 1432 1673 1470; baseline 0.004 -11"><span class='ocrx_word' id='word_1_398' title='bbox 888 1439 951 1460; x_wconf 80' lang='lat' dir='ltr'><strong>vere</strong></span> <span class='ocrx_word' id='word_1_399' title='bbox 966 1432 1050 1460; x_wconf 83' lang='lat' dir='ltr'><strong>libera</strong></span> <span class='ocrx_word' id='word_1_400' title='bbox 1065 1433 1195 1467; x_wconf 65' lang='lat' dir='ltr'><strong>praeditus</strong></span> <span class='ocrx_word' id='word_1_401' title='bbox 1213 1441 1265 1461; x_wconf 92' lang='lat' dir='ltr'><strong>non</strong></span> <span class='ocrx_word' id='word_1_402' title='bbox 1281 1438 1333 1466; x_wconf 86' lang='lat' dir='ltr'><strong>est,</strong></span> <span class='ocrx_word' id='word_1_403' title='bbox 1362 1434 1410 1461; x_wconf 90' lang='lat' dir='ltr'><strong>sed</strong></span> <span class='ocrx_word' id='word_1_404' title='bbox 1437 1434 1525 1469; x_wconf 81' lang='lat' dir='ltr'><strong>potius</strong></span> <span class='ocrx_word' id='word_1_405' title='bbox 1557 1435 1673 1470; x_wconf 82' lang='lat' dir='ltr'><strong>gratiam</strong></span> 
     </span>
    </p>
   </div>
   <div class='ocr_carea' id='block_1_58' title="bbox 888 1478 1672 1516">
    <p class='ocr_par' dir='ltr' id='par_1_58' title="bbox 888 1478 1672 1516">
     <span class='ocr_line' id='line_1_58' title="bbox 888 1478 1672 1516; baseline 0.005 -12"><span class='ocrx_word' id='word_1_406' title='bbox 888 1478 921 1505; x_wconf 83' lang='lat' dir='ltr'><strong>ab</strong></span> <span class='ocrx_word' id='word_1_407' title='bbox 949 1478 1002 1505; x_wconf 85' lang='lat' dir='ltr'><strong>alio</strong></span> <span class='ocrx_word' id='word_1_408' title='bbox 1034 1484 1173 1513; x_wconf 82' lang='lat' dir='ltr'><strong>acceptam</strong></span> <span class='ocrx_word' id='word_1_409' title='bbox 1205 1479 1401 1507; x_wconf 84' lang='lat' dir='ltr'><strong>ministratorio</strong></span> <span class='ocrx_word' id='word_1_410' title='bbox 1436 1480 1515 1508; x_wconf 92' lang='lat' dir='ltr'><strong>modo</strong></span> <span class='ocrx_word' id='word_1_411' title='bbox 1547 1481 1672 1516; x_wconf 80' lang='lat' dir='ltr'><strong>largitur,</strong></span> 
     </span>
    </p>
   </div>
   <div class='ocr_carea' id='block_1_59' title="bbox 887 1524 1673 1562">
    <p class='ocr_par' dir='ltr' id='par_1_59' title="bbox 887 1524 1673 1562">
     <span class='ocr_line' id='line_1_59' title="bbox 887 1524 1673 1562; baseline 0.006 -13"><span class='ocrx_word' id='word_1_412' title='bbox 887 1524 1023 1558; x_wconf 88' lang='lat' dir='ltr'><strong>quomodo</strong></span> <span class='ocrx_word' id='word_1_413' title='bbox 1039 1525 1065 1551; x_wconf 93' lang='lat' dir='ltr'><strong>in</strong></span> <span class='ocrx_word' id='word_1_414' title='bbox 1081 1532 1170 1559; x_wconf 81' lang='lat' dir='ltr'><strong>regem</strong></span> <span class='ocrx_word' id='word_1_415' title='bbox 1187 1530 1285 1553; x_wconf 82' lang='lat' dir='ltr'><strong>unctus</strong></span> <span class='ocrx_word' id='word_1_416' title='bbox 1297 1530 1339 1553; x_wconf 84' lang='lat' dir='ltr'><strong>est</strong></span> <span class='ocrx_word' id='word_1_417' title='bbox 1352 1526 1488 1558; x_wconf 79' lang='lat' dir='ltr'><strong>Christus,</strong></span> <span class='ocrx_word' id='word_1_418' title='bbox 1507 1532 1673 1562; x_wconf 71' lang='lat' dir='ltr'><strong>unguentum</strong></span> 
     </span>
    </p>
   </div>
   <div class='ocr_carea' id='block_1_60' title="bbox 889 1570 1674 1607">
    <p class='ocr_par' dir='ltr' id='par_1_60' title="bbox 889 1570 1674 1607">
     <span class='ocr_line' id='line_1_60' title="bbox 889 1570 1674 1607; baseline 0.004 -11"><span class='ocrx_word' id='word_1_419' title='bbox 889 1570 1022 1604; x_wconf 86' lang='lat' dir='ltr'><strong>Spiritum</strong></span> <span class='ocrx_word' id='word_1_420' title='bbox 1040 1571 1200 1605; x_wconf 84' lang='lat' dir='ltr'><strong>accipiens?</strong></span> <span class='ocrx_word' id='word_1_421' title='bbox 1219 1581 1229 1597; x_wconf 73' lang='grc' dir='ltr'><strong>ι</strong></span> <span class='ocrx_word' id='word_1_422' title='bbox 1255 1571 1347 1599; x_wconf 71' lang='lat' dir='ltr'><strong>Jesum</strong></span> <span class='ocrx_word' id='word_1_423' title='bbox 1372 1572 1456 1605; x_wconf 80' lang='lat' dir='ltr'><strong>enim,</strong></span> <span class='ocrx_word' id='word_1_424' title='bbox 1476 1572 1574 1607; x_wconf 86' lang='lat' dir='ltr'><strong>inquit,</strong></span> <span class='ocrx_word' id='word_1_425' title='bbox 1591 1580 1606 1599; x_wconf 86' lang='lat' dir='ltr'><strong>a</strong></span> <span class='ocrx_word' id='word_1_426' title='bbox 1622 1572 1674 1599; x_wconf 84' lang='lat' dir='ltr'><strong>Na-</strong></span> 
     </span>
    </p>
   </div>
   <div class='ocr_carea' id='block_1_61' title="bbox 59 1611 835 1658">
    <p class='ocr_par' dir='ltr' id='par_1_61' title="bbox 59 1611 835 1658">
     <span class='ocr_line' id='line_1_61' title="bbox 59 1611 835 1658; baseline 0.009 -14"><span class='ocrx_word' id='word_1_427' title='bbox 59 1617 155 1653; x_wconf 82' lang='grc' dir='ltr'>ἕχρισεν</span> <span class='ocrx_word' id='word_1_428' title='bbox 168 1619 182 1645; x_wconf 84' lang='grc' dir='ltr'>ὁ</span> <span class='ocrx_word' id='word_1_429' title='bbox 192 1619 258 1651; x_wconf 81' lang='grc' dir='ltr'>Θεὸς</span> <span class='ocrx_word' id='word_1_430' title='bbox 280 1619 418 1655; x_wconf 86' lang='grc' dir='ltr'>Πνεύματι</span> <span class='ocrx_word' id='word_1_431' title='bbox 434 1621 513 1657; x_wconf 82' lang='grc' dir='ltr'>ἁγίῳ.</span> <span class='ocrx_word' id='word_1_432' title='bbox 529 1631 538 1648; x_wconf 80' lang='grc' dir='ltr'><strong>ι</strong></span> <span class='ocrx_word' id='word_1_433' title='bbox 555 1622 657 1658; x_wconf 75' lang='grc' dir='ltr'>Γράφει</span> <span class='ocrx_word' id='word_1_434' title='bbox 673 1623 700 1650; x_wconf 80' lang='grc' dir='ltr'>δὲ</span> <span class='ocrx_word' id='word_1_435' title='bbox 716 1611 779 1650; x_wconf 41' lang='grc' dir='ltr'>ὦδε.</span> <span class='ocrx_word' id='word_1_436' title='bbox 790 1625 835 1651; x_wconf 75' lang='grc' dir='ltr'>καὶ</span> 
     </span>
    </p>
   </div>
   <div class='ocr_carea' id='block_1_62' title="bbox 889 1611 1674 1658">
    <p class='ocr_par' dir='ltr' id='par_1_62' title="bbox 889 1617 1674 1653">
     <span class='ocr_line' id='line_1_62' title="bbox 889 1617 1674 1653; baseline 0.005 -10"><span class='ocrx_word' id='word_1_437' title='bbox 889 1617 983 1644; x_wconf 79' lang='lat' dir='ltr'><strong>zarctli</strong></span> <span class='ocrx_word' id='word_1_438' title='bbox 998 1617 1075 1645; x_wconf 84' lang='lat' dir='ltr'><strong>unxit</strong></span> <span class='ocrx_word' id='word_1_439' title='bbox 1101 1618 1172 1645; x_wconf 90' lang='lat' dir='ltr'><strong>Deus</strong></span> <span class='ocrx_word' id='word_1_440' title='bbox 1199 1617 1301 1653; x_wconf 82' lang='lat' dir='ltr'><strong>Spiritu</strong></span> <span class='ocrx_word' id='word_1_441' title='bbox 1319 1623 1414 1647; x_wconf 85' lang='lat' dir='ltr'><strong>sancto</strong></span> <span class='ocrx_word' id='word_1_442' title='bbox 1429 1619 1462 1647; x_wconf 77' lang='grc'><strong>⁸⁸.</strong></span> <span class='ocrx_word' id='word_1_443' title='bbox 1496 1628 1506 1645; x_wconf 84' lang='grc' dir='ltr'><strong>ι</strong></span> <span class='ocrx_word' id='word_1_444' title='bbox 1538 1618 1575 1646; x_wconf 90' lang='lat' dir='ltr'><strong>Ita</strong></span> <span class='ocrx_word' id='word_1_445' title='bbox 1609 1627 1674 1647; x_wconf 90' lang='lat' dir='ltr'><strong>vero</strong></span> 
     </span>
    </p>
   </div>
   <div class='ocr_carea' id='block_1_63' title="bbox 59 1663 837 1705">
    <p class='ocr_par' dir='ltr' id='par_1_63' title="bbox 59 1663 837 1705">
     <span class='ocr_line' id='line_1_63' title="bbox 59 1663 837 1705; baseline 0.01 -16"><span class='ocrx_word' id='word_1_446' title='bbox 59 1663 120 1698; x_wconf 74' lang='grc' dir='ltr'>πρὸς</span> <span class='ocrx_word' id='word_1_447' title='bbox 140 1665 212 1699; x_wconf 75' lang='grc' dir='ltr'>ἡμᾶς</span> <span class='ocrx_word' id='word_1_448' title='bbox 235 1665 315 1697; x_wconf 82' lang='grc' dir='ltr'>αὐτὸς</span> <span class='ocrx_word' id='word_1_449' title='bbox 339 1666 353 1692; x_wconf 84' lang='grc' dir='ltr'><strong>ὁ</strong></span> <span class='ocrx_word' id='word_1_450' title='bbox 378 1666 459 1700; x_wconf 80' lang='grc' dir='ltr'>σοφὸς</span> <span class='ocrx_word' id='word_1_451' title='bbox 484 1667 627 1704; x_wconf 74' lang='grc' dir='ltr'>Ἰωάννης*</span> <span class='ocrx_word' id='word_1_452' title='bbox 652 1679 662 1694; x_wconf 75' lang='grc' dir='ltr'><strong>ι</strong></span> <span class='ocrx_word' id='word_1_453' title='bbox 679 1669 734 1696; x_wconf 65' lang='grc' dir='ltr'>Καὶ</span> <span class='ocrx_word' id='word_1_454' title='bbox 759 1670 837 1705; x_wconf 75' lang='grc' dir='ltr'>ὑμεῖς</span> 
     </span>
    </p>
   </div>
   <div class='ocr_carea' id='block_1_64' title="bbox 57 1709 836 1752">
    <p class='ocr_par' dir='ltr' id='par_1_64' title="bbox 57 1709 836 1752">
     <span class='ocr_line' id='line_1_64' title="bbox 57 1709 836 1752; baseline 0.012 -17"><span class='ocrx_word' id='word_1_455' title='bbox 57 1709 162 1746; x_wconf 81' lang='grc' dir='ltr'>χρίσμα,</span> <span class='ocrx_word' id='word_1_456' title='bbox 178 1710 192 1736; x_wconf 86' lang='grc' dir='ltr'><strong>ὂ</strong></span> <span class='ocrx_word' id='word_1_457' title='bbox 207 1711 319 1738; x_wconf 76' lang='grc' dir='ltr'>ἐλάϐετε</span> <span class='ocrx_word' id='word_1_458' title='bbox 339 1712 386 1738; x_wconf 79' lang='grc' dir='ltr'><strong>ἀπ’</strong></span> <span class='ocrx_word' id='word_1_459' title='bbox 406 1712 500 1746; x_wconf 82' lang='grc' dir='ltr'>αὐτοῦ,</span> <span class='ocrx_word' id='word_1_460' title='bbox 516 1713 592 1749; x_wconf 81' lang='grc' dir='ltr'>μένει</span> <span class='ocrx_word' id='word_1_461' title='bbox 611 1715 640 1742; x_wconf 79' lang='grc' dir='ltr'>ἐν</span> <span class='ocrx_word' id='word_1_462' title='bbox 655 1715 730 1752; x_wconf 78' lang='grc' dir='ltr'>ὑμῖν,</span> <span class='ocrx_word' id='word_1_463' title='bbox 747 1717 793 1744; x_wconf 74' lang='grc' dir='ltr'><strong>καὶ</strong></span> <span class='ocrx_word' id='word_1_464' title='bbox 805 1718 836 1744; x_wconf 84' lang='grc' dir='ltr'><strong>οὐ</strong></span> 
     </span>
    </p>
   </div>
   <div class='ocr_carea' id='block_1_65' title="bbox 57 1756 836 1795">
    <p class='ocr_par' dir='ltr' id='par_1_65' title="bbox 57 1756 836 1795">
     <span class='ocr_line' id='line_1_65' title="bbox 57 1756 836 1795; baseline 0.012 -14"><span class='ocrx_word' id='word_1_465' title='bbox 57 1756 142 1791; x_wconf 78' lang='grc' dir='ltr'>χρείαν</span> <span class='ocrx_word' id='word_1_466' title='bbox 158 1756 233 1792; x_wconf 76' lang='grc' dir='ltr'>ἔχετε</span> <span class='ocrx_word' id='word_1_467' title='bbox 253 1758 295 1784; x_wconf 76' lang='grc' dir='ltr'>ἵνα</span> <span class='ocrx_word' id='word_1_468' title='bbox 306 1767 347 1790; x_wconf 85' lang='grc' dir='ltr'><strong>τις</strong></span> <span class='ocrx_word' id='word_1_469' title='bbox 359 1758 471 1794; x_wconf 71' lang='grc' dir='ltr'>διδάσκῃ</span> <span class='ocrx_word' id='word_1_470' title='bbox 483 1760 564 1795; x_wconf 77' lang='grc' dir='ltr'>ὑμᾶς,</span> <span class='ocrx_word' id='word_1_471' title='bbox 580 1761 638 1788; x_wconf 80' lang='grc' dir='ltr'>ἀλλ’</span> <span class='ocrx_word' id='word_1_472' title='bbox 653 1762 691 1793; x_wconf 84' lang='grc' dir='ltr'><strong>ὡς</strong></span> <span class='ocrx_word' id='word_1_473' title='bbox 703 1763 733 1789; x_wconf 85' lang='grc' dir='ltr'><strong>τὸ</strong></span> <span class='ocrx_word' id='word_1_474' title='bbox 754 1763 836 1790; x_wconf 84' lang='grc' dir='ltr'>αὐτοῦ</span> 
     </span>
    </p>
   </div>
   <div class='ocr_carea' id='block_1_66' title="bbox 58 1801 836 1843">
    <p class='ocr_par' dir='ltr' id='par_1_66' title="bbox 58 1801 836 1843">
     <span class='ocr_line' id='line_1_66' title="bbox 58 1801 836 1843; baseline 0.01 -15"><span class='ocrx_word' id='word_1_475' title='bbox 58 1801 152 1836; x_wconf 78' lang='grc' dir='ltr'>χρίσμα</span> <span class='ocrx_word' id='word_1_476' title='bbox 170 1803 289 1830; x_wconf 78' lang='grc' dir='ltr'>διδάσκει</span> <span class='ocrx_word' id='word_1_477' title='bbox 309 1804 380 1839; x_wconf 81' lang='grc' dir='ltr'>ὑμᾶς</span> <span class='ocrx_word' id='word_1_478' title='bbox 398 1805 463 1840; x_wconf 77' lang='grc' dir='ltr'>περὶ</span> <span class='ocrx_word' id='word_1_479' title='bbox 485 1806 603 1834; x_wconf 79' lang='grc' dir='ltr'>πάντων.</span> <span class='ocrx_word' id='word_1_480' title='bbox 621 1816 629 1832; x_wconf 81' lang='grc' dir='ltr'><strong>ι</strong></span> <span class='ocrx_word' id='word_1_481' title='bbox 647 1808 728 1843; x_wconf 78' lang='grc' dir='ltr'>Πάρα</span> <span class='ocrx_word' id='word_1_482' title='bbox 748 1809 836 1836; x_wconf 77' lang='grc' dir='ltr'>δὲκαὶ</span> 
     </span>
    </p>
   </div>
   <div class='ocr_carea' id='block_1_67' title="bbox 57 1847 836 1888">
    <p class='ocr_par' dir='ltr' id='par_1_67' title="bbox 57 1847 836 1888">
     <span class='ocr_line' id='line_1_67' title="bbox 57 1847 836 1888; baseline 0.01 -15"><span class='ocrx_word' id='word_1_483' title='bbox 57 1847 132 1874; x_wconf 81' lang='grc' dir='ltr'>αὐτοῦ</span> <span class='ocrx_word' id='word_1_484' title='bbox 147 1848 326 1876; x_wconf 81' lang='grc' dir='ltr'>διαπυθέσθαι</span> <span class='ocrx_word' id='word_1_485' title='bbox 347 1850 465 1885; x_wconf 82' lang='grc' dir='ltr'>Χριστοῦ</span> <span class='ocrx_word' id='word_1_486' title='bbox 484 1851 528 1878; x_wconf 85' lang='grc' dir='ltr'>διὰ</span> <span class='ocrx_word' id='word_1_487' title='bbox 543 1852 594 1887; x_wconf 74' lang='grc' dir='ltr'>τῆς</span> <span class='ocrx_word' id='word_1_488' title='bbox 623 1853 670 1879; x_wconf 81' lang='grc' dir='ltr'><strong>τοῦ</strong></span> <span class='ocrx_word' id='word_1_489' title='bbox 690 1854 836 1888; x_wconf 67' lang='grc' dir='ltr'>ψάλλοντος</span> 
     </span>
    </p>
   </div>
   <div class='ocr_carea' id='block_1_68' title="bbox 57 1890 836 1935">
    <p class='ocr_par' dir='ltr' id='par_1_68' title="bbox 57 1890 836 1935">
     <span class='ocr_line' id='line_1_68' title="bbox 57 1890 836 1935; baseline 0.01 -17"><span class='ocrx_word' id='word_1_490' title='bbox 57 1894 150 1928; x_wconf 80' lang='grc' dir='ltr'><strong>φωνῆς,</strong></span> <span class='ocrx_word' id='word_1_491' title='bbox 168 1890 220 1920; x_wconf 81' lang='grc' dir='ltr'><strong>ὦδὲ</strong></span> <span class='ocrx_word' id='word_1_492' title='bbox 236 1903 274 1930; x_wconf 85' lang='grc' dir='ltr'>πη</span> <span class='ocrx_word' id='word_1_493' title='bbox 293 1894 418 1929; x_wconf 78' lang='grc' dir='ltr'>βοῶντος,</span> <span class='ocrx_word' id='word_1_494' title='bbox 446 1897 494 1924; x_wconf 79' lang='grc' dir='ltr'><strong>καὶ</strong></span> <span class='ocrx_word' id='word_1_495' title='bbox 513 1896 562 1933; x_wconf 72' lang='grc' dir='ltr'>τὴν</span> <span class='ocrx_word' id='word_1_496' title='bbox 577 1899 609 1924; x_wconf 83' lang='grc' dir='ltr'>ἐκ</span> <span class='ocrx_word' id='word_1_497' title='bbox 628 1898 676 1924; x_wconf 88' lang='grc' dir='ltr'><strong>τοῦ</strong></span> <span class='ocrx_word' id='word_1_498' title='bbox 693 1900 836 1935; x_wconf 82' lang='grc' dir='ltr'>κεχρῖσθαι</span> 
     </span>
    </p>
   </div>
   <div class='ocr_carea' id='block_1_69' title="bbox 54 1937 836 1980">
    <p class='ocr_par' dir='ltr' id='par_1_69' title="bbox 54 1937 836 1980">
     <span class='ocr_line' id='line_1_69' title="bbox 54 1937 836 1980; baseline 0.009 -15"><span class='ocrx_word' id='word_1_499' title='bbox 54 1937 126 1972; x_wconf 77' lang='grc' dir='ltr'>δόξαν</span> <span class='ocrx_word' id='word_1_500' title='bbox 139 1940 381 1976; x_wconf 72' lang='grc' dir='ltr'>διερμηνεὺοντοςο</span> <span class='ocrx_word' id='word_1_501' title='bbox 398 1951 408 1968; x_wconf 76' lang='grc' dir='ltr'><strong>ι</strong></span> <span class='ocrx_word' id='word_1_502' title='bbox 432 1943 504 1977; x_wconf 84' lang='grc' dir='ltr'><strong>Ἐγὼ</strong></span> <span class='ocrx_word' id='word_1_503' title='bbox 524 1943 552 1970; x_wconf 80' lang='grc' dir='ltr'><strong>δὲ</strong></span> <span class='ocrx_word' id='word_1_504' title='bbox 572 1945 743 1980; x_wconf 82' lang='grc' dir='ltr'>κατεστάθην</span> <span class='ocrx_word' id='word_1_505' title='bbox 759 1945 836 1980; x_wconf 80' lang='grc' dir='ltr'>βασι-</span> 
     </span>
    </p>
   </div>
   <div class='ocr_carea' id='block_1_70' title="bbox 57 1984 836 2026">
    <p class='ocr_par' dir='ltr' id='par_1_70' title="bbox 57 1984 836 2026">
     <span class='ocr_line' id='line_1_70' title="bbox 57 1984 836 2026; baseline 0.009 -15"><span class='ocrx_word' id='word_1_506' title='bbox 57 1984 113 2016; x_wconf 62' lang='lat' dir='ltr'><strong>lsi);</strong></span> <span class='ocrx_word' id='word_1_507' title='bbox 125 1986 169 2012; x_wconf 82' lang='grc' dir='ltr'><strong>ὑπ’</strong></span> <span class='ocrx_word' id='word_1_508' title='bbox 179 1986 275 2014; x_wconf 62' lang='grc' dir='ltr'>αὺτοῦ.</span> <span class='ocrx_word' id='word_1_509' title='bbox 289 1997 299 2014; x_wconf 82' lang='grc' dir='ltr'><strong>ι</strong></span> <span class='ocrx_word' id='word_1_510' title='bbox 317 1988 353 2015; x_wconf 80' lang='grc' dir='ltr'><strong>Τὸ</strong></span> <span class='ocrx_word' id='word_1_511' title='bbox 366 1988 470 2022; x_wconf 85' lang='grc' dir='ltr'>δοῦλον,</span> <span class='ocrx_word' id='word_1_512' title='bbox 482 1989 544 2016; x_wconf 80' lang='grc' dir='ltr'>εἰπέ</span> <span class='ocrx_word' id='word_1_513' title='bbox 560 1998 617 2025; x_wconf 79' lang='grc' dir='ltr'>μοι,</span> <span class='ocrx_word' id='word_1_514' title='bbox 631 1990 753 2026; x_wconf 85' lang='grc' dir='ltr'>Πνεῦμα,</span> <span class='ocrx_word' id='word_1_515' title='bbox 764 1993 836 2018; x_wconf 82' lang='grc' dir='ltr'><strong>ποιεί</strong></span> 
     </span>
    </p>
   </div>
   <div class='ocr_carea' id='block_1_71' title="bbox 53 2030 833 2071">
    <p class='ocr_par' dir='ltr' id='par_1_71' title="bbox 53 2030 833 2071">
     <span class='ocr_line' id='line_1_71' title="bbox 53 2030 833 2071; baseline 0.009 -15"><span class='ocrx_word' id='word_1_516' title='bbox 53 2030 196 2068; x_wconf 78' lang='grc' dir='ltr'>δεσπότην;</span> <span class='ocrx_word' id='word_1_517' title='bbox 214 2033 359 2061; x_wconf 70' lang='grc' dir='ltr'>Βασιλικὺν</span> <span class='ocrx_word' id='word_1_518' title='bbox 382 2033 491 2070; x_wconf 77' lang='grc' dir='ltr'>ἀξίωμα</span> <span class='ocrx_word' id='word_1_519' title='bbox 514 2035 562 2071; x_wconf 82' lang='grc' dir='ltr'><strong>τὴν</strong></span> <span class='ocrx_word' id='word_1_520' title='bbox 581 2035 649 2063; x_wconf 71' lang='grc' dir='ltr'>ἰδίαν</span> <span class='ocrx_word' id='word_1_521' title='bbox 664 2036 720 2071; x_wconf 75' lang='grc' dir='ltr'>ἔχει</span> <span class='ocrx_word' id='word_1_522' title='bbox 741 2037 833 2071; x_wconf 85' lang='grc' dir='ltr'>φύσιν,</span> 
     </span>
    </p>
   </div>
   <div class='ocr_carea' id='block_1_72' title="bbox 54 2075 835 2117">
    <p class='ocr_par' dir='ltr' id='par_1_72' title="bbox 54 2075 835 2117">
     <span class='ocr_line' id='line_1_72' title="bbox 54 2075 835 2117; baseline 0.009 -14"><span class='ocrx_word' id='word_1_523' title='bbox 54 2075 82 2102; x_wconf 79' lang='grc' dir='ltr'>τὸ</span> <span class='ocrx_word' id='word_1_524' title='bbox 93 2077 149 2103; x_wconf 81' lang='grc' dir='ltr'>κατ’</span> <span class='ocrx_word' id='word_1_525' title='bbox 165 2078 264 2110; x_wconf 80' lang='grc' dir='ltr'>αὐτοὺς</span> <span class='ocrx_word' id='word_1_526' title='bbox 285 2079 336 2106; x_wconf 79' lang='grc' dir='ltr'>οὐκ</span> <span class='ocrx_word' id='word_1_527' title='bbox 350 2080 510 2116; x_wconf 77' lang='grc' dir='ltr'>ἔλεύθερον;</span> <span class='ocrx_word' id='word_1_528' title='bbox 528 2081 636 2116; x_wconf 82' lang='grc' dir='ltr'>Ἀπαγε</span> <span class='ocrx_word' id='word_1_529' title='bbox 656 2083 706 2117; x_wconf 78' lang='grc' dir='ltr'><strong>τῆς</strong></span> <span class='ocrx_word' id='word_1_530' title='bbox 723 2083 835 2110; x_wconf 75' lang='grc' dir='ltr'>δυσϐου-</span> 
     </span>
    </p>
   </div>
   <div class='ocr_carea' id='block_1_73' title="bbox 54 2121 834 2161">
    <p class='ocr_par' dir='ltr' id='par_1_73' title="bbox 54 2121 834 2161">
     <span class='ocr_line' id='line_1_73' title="bbox 54 2121 834 2161; baseline 0.01 -13"><span class='ocrx_word' id='word_1_531' title='bbox 54 2121 117 2154; x_wconf 80' lang='grc' dir='ltr'>λίας.</span> <span class='ocrx_word' id='word_1_532' title='bbox 145 2124 276 2160; x_wconf 75' lang='grc' dir='ltr'>Ἀτλητιῶ</span> <span class='ocrx_word' id='word_1_533' title='bbox 301 2125 356 2161; x_wconf 78' lang='grc' dir='ltr'><strong>γὰρ</strong></span> <span class='ocrx_word' id='word_1_534' title='bbox 383 2126 432 2161; x_wconf 68' lang='grc' dir='ltr'>ἤδη</span> <span class='ocrx_word' id='word_1_535' title='bbox 463 2135 522 2159; x_wconf 69' lang='grc' dir='ltr'><strong>πως</strong></span> <span class='ocrx_word' id='word_1_536' title='bbox 545 2129 602 2160; x_wconf 76' lang='grc' dir='ltr'>τοῖς</span> <span class='ocrx_word' id='word_1_537' title='bbox 626 2128 681 2155; x_wconf 84' lang='grc' dir='ltr'>τῶν</span> <span class='ocrx_word' id='word_1_538' title='bbox 707 2129 834 2156; x_wconf 70' lang='grc' dir='ltr'>ἐναντίων</span> 
     </span>
    </p>
   </div>
   <div class='ocr_carea' id='block_1_74' title="bbox 54 2168 835 2212">
    <p class='ocr_par' dir='ltr' id='par_1_74' title="bbox 54 2168 835 2212">
     <span class='ocr_line' id='line_1_74' title="bbox 54 2168 835 2212; baseline 0.012 -18"><span class='ocrx_word' id='word_1_539' title='bbox 54 2168 152 2203; x_wconf 72' lang='grc' dir='ltr'>ἐμέτοις</span> <span class='ocrx_word' id='word_1_540' title='bbox 164 2171 331 2207; x_wconf 86' lang='grc' dir='ltr'>περιτυχών.</span> <span class='ocrx_word' id='word_1_541' title='bbox 349 2173 423 2199; x_wconf 84' lang='grc' dir='ltr'>Ἔδει</span> <span class='ocrx_word' id='word_1_542' title='bbox 443 2173 498 2209; x_wconf 81' lang='grc' dir='ltr'><strong>γὰρ</strong></span> <span class='ocrx_word' id='word_1_543' title='bbox 508 2193 516 2205; x_wconf 82' lang='grc'><strong>,</strong></span> <span class='ocrx_word' id='word_1_544' title='bbox 539 2174 591 2200; x_wconf 77' lang='grc' dir='ltr'>ἔδει</span> <span class='ocrx_word' id='word_1_545' title='bbox 607 2174 773 2210; x_wconf 77' lang='grc' dir='ltr'>φρονοῦντας</span> <span class='ocrx_word' id='word_1_546' title='bbox 789 2177 835 2212; x_wconf 76' lang='grc' dir='ltr'><strong>ὀρ-</strong></span> 
     </span>
    </p>
   </div>
   <div class='ocr_carea' id='block_1_75' title="bbox 53 2213 834 2256">
    <p class='ocr_par' dir='ltr' id='par_1_75' title="bbox 53 2213 834 2256">
     <span class='ocr_line' id='line_1_75' title="bbox 53 2213 834 2256; baseline 0.009 -15"><span class='ocrx_word' id='word_1_547' title='bbox 53 2213 113 2247; x_wconf 81' lang='grc' dir='ltr'>θῶς,</span> <span class='ocrx_word' id='word_1_548' title='bbox 129 2216 160 2242; x_wconf 78' lang='grc' dir='ltr'>τὸ</span> <span class='ocrx_word' id='word_1_549' title='bbox 178 2217 321 2252; x_wconf 74' lang='grc' dir='ltr'>ἐλεύθερόν</span> <span class='ocrx_word' id='word_1_550' title='bbox 337 2227 366 2244; x_wconf 87' lang='grc' dir='ltr'><strong>τε</strong></span> <span class='ocrx_word' id='word_1_551' title='bbox 389 2219 436 2245; x_wconf 77' lang='grc' dir='ltr'><strong>καὶ</strong></span> <span class='ocrx_word' id='word_1_552' title='bbox 455 2218 593 2254; x_wconf 75' lang='grc' dir='ltr'>βασιλικὸν</span> <span class='ocrx_word' id='word_1_553' title='bbox 605 2221 652 2246; x_wconf 85' lang='grc' dir='ltr'><strong>τοῦ</strong></span> <span class='ocrx_word' id='word_1_554' title='bbox 675 2220 834 2256; x_wconf 84' lang='grc' dir='ltr'>Πνεὺματος</span> 
     </span>
    </p>
   </div>
   <div class='ocr_carea' id='block_1_76' title="bbox 53 2259 869 2312">
    <p class='ocr_par' dir='ltr' id='par_1_76' title="bbox 53 2259 869 2312">
     <span class='ocr_line' id='line_1_76' title="bbox 53 2259 869 2312; baseline 0.007 -24"><span class='ocrx_word' id='word_1_555' title='bbox 53 2259 153 2312; x_wconf 55' lang='grc' dir='ltr'>ςιξῐωμα</span> <span class='ocrx_word' id='word_1_556' title='bbox 171 2263 321 2290; x_wconf 76' lang='grc' dir='ltr'>κάντεῦθεν</span> <span class='ocrx_word' id='word_1_557' title='bbox 334 2264 407 2292; x_wconf 77' lang='grc' dir='ltr'>ἰδεῖν.</span> <span class='ocrx_word' id='word_1_558' title='bbox 421 2265 490 2300; x_wconf 71' lang='grc' dir='ltr'>Περὶ</span> <span class='ocrx_word' id='word_1_559' title='bbox 502 2265 552 2300; x_wconf 83' lang='grc' dir='ltr'>μὲν</span> <span class='ocrx_word' id='word_1_560' title='bbox 567 2265 622 2301; x_wconf 79' lang='grc' dir='ltr'><strong>γὰρ</strong></span> <span class='ocrx_word' id='word_1_561' title='bbox 632 2265 685 2292; x_wconf 83' lang='grc' dir='ltr'>τῶν</span> <span class='ocrx_word' id='word_1_562' title='bbox 701 2266 730 2293; x_wconf 82' lang='grc' dir='ltr'>ὲν</span> <span class='ocrx_word' id='word_1_563' title='bbox 743 2267 831 2294; x_wconf 79' lang='grc' dir='ltr'>πίστει</span> <span class='ocrx_word' id='word_1_564' title='bbox 848 2285 869 2312; x_wconf 77' lang='lat' dir='ltr'><strong>D</strong></span> 
     </span>
    </p>
   </div>
   <div class='ocr_carea' id='block_1_77' title="bbox 51 2304 831 2347">
    <p class='ocr_par' dir='ltr' id='par_1_77' title="bbox 51 2304 831 2347">
     <span class='ocr_line' id='line_1_77' title="bbox 51 2304 831 2347; baseline 0.009 -16"><span class='ocrx_word' id='word_1_565' title='bbox 51 2304 251 2342; x_wconf 76' lang='grc' dir='ltr'>διιαιουμὲνων,</span> <span class='ocrx_word' id='word_1_566' title='bbox 266 2310 280 2334; x_wconf 81' lang='grc' dir='ltr'><strong>ὁ</strong></span> <span class='ocrx_word' id='word_1_567' title='bbox 297 2309 381 2344; x_wconf 80' lang='grc' dir='ltr'>μέγας</span> <span class='ocrx_word' id='word_1_568' title='bbox 399 2311 465 2345; x_wconf 78' lang='grc' dir='ltr'>ἡμῖν</span> <span class='ocrx_word' id='word_1_569' title='bbox 477 2310 528 2345; x_wconf 80' lang='grc' dir='ltr'><strong>ἔφη</strong></span> <span class='ocrx_word' id='word_1_570' title='bbox 544 2311 677 2343; x_wconf 75' lang='grc' dir='ltr'>Παῦλοςί</span> <span class='ocrx_word' id='word_1_571' title='bbox 689 2312 737 2343; x_wconf 86' lang='grc' dir='ltr'><strong>Τίς</strong></span> <span class='ocrx_word' id='word_1_572' title='bbox 751 2312 831 2347; x_wconf 77' lang='grc' dir='ltr'>ἐγκα-</span> 
     </span>
    </p>
   </div>
   <div class='ocr_carea' id='block_1_78' title="bbox 51 2350 832 2390">
    <p class='ocr_par' dir='ltr' id='par_1_78' title="bbox 51 2350 832 2390">
     <span class='ocr_line' id='line_1_78' title="bbox 51 2350 832 2390; baseline 0.009 -13"><span class='ocrx_word' id='word_1_573' title='bbox 51 2350 116 2378; x_wconf 82' lang='grc' dir='ltr'>λέσει</span> <span class='ocrx_word' id='word_1_574' title='bbox 134 2353 204 2380; x_wconf 86' lang='grc' dir='ltr'><strong>κατὰ</strong></span> <span class='ocrx_word' id='word_1_575' title='bbox 220 2354 356 2382; x_wconf 70' lang='grc' dir='ltr'>ἐκλεκτῶν</span> <span class='ocrx_word' id='word_1_576' title='bbox 381 2355 467 2389; x_wconf 83' lang='grc' dir='ltr'>Θεοῦ;</span> <span class='ocrx_word' id='word_1_577' title='bbox 488 2356 554 2388; x_wconf 83' lang='grc' dir='ltr'>Θεὸς</span> <span class='ocrx_word' id='word_1_578' title='bbox 568 2357 582 2383; x_wconf 82' lang='grc' dir='ltr'>ὁ</span> <span class='ocrx_word' id='word_1_579' title='bbox 597 2356 724 2384; x_wconf 82' lang='grc' dir='ltr'>δικαιῶν·</span> <span class='ocrx_word' id='word_1_580' title='bbox 749 2357 791 2390; x_wconf 84' lang='grc' dir='ltr'><strong>τίς</strong></span> <span class='ocrx_word' id='word_1_581' title='bbox 817 2359 832 2384; x_wconf 79' lang='grc' dir='ltr'><strong>ὁ</strong></span> 
     </span>
    </p>
   </div>
   <div class='ocr_carea' id='block_1_79' title="bbox 50 2399 831 2440">
    <p class='ocr_par' dir='ltr' id='par_1_79' title="bbox 50 2399 831 2440">
     <span class='ocr_line' id='line_1_79' title="bbox 50 2399 831 2440; baseline 0.01 -17"><span class='ocrx_word' id='word_1_582' title='bbox 50 2399 232 2433; x_wconf 82' lang='grc' dir='ltr'>κατακρίνων;</span> <span class='ocrx_word' id='word_1_583' title='bbox 248 2409 257 2426; x_wconf 77' lang='grc' dir='ltr'><strong>ι</strong></span> <span class='ocrx_word' id='word_1_584' title='bbox 279 2401 397 2435; x_wconf 68' lang='grc' dir='ltr'>’Δνάῲας</span> <span class='ocrx_word' id='word_1_585' title='bbox 411 2401 440 2428; x_wconf 78' lang='grc' dir='ltr'>δὲ</span> <span class='ocrx_word' id='word_1_586' title='bbox 456 2402 522 2438; x_wconf 81' lang='grc' dir='ltr'>μόνῃ</span> <span class='ocrx_word' id='word_1_587' title='bbox 539 2403 572 2438; x_wconf 81' lang='grc' dir='ltr'>τῇ</span> <span class='ocrx_word' id='word_1_588' title='bbox 589 2402 648 2438; x_wconf 79' lang='grc' dir='ltr'>θείᾳ</span> <span class='ocrx_word' id='word_1_589' title='bbox 662 2412 692 2430; x_wconf 89' lang='grc' dir='ltr'><strong>τε</strong></span> <span class='ocrx_word' id='word_1_590' title='bbox 705 2403 752 2431; x_wconf 75' lang='grc' dir='ltr'><strong>καὶ</strong></span> <span class='ocrx_word' id='word_1_591' title='bbox 762 2404 831 2440; x_wconf 79' lang='grc' dir='ltr'>ὑπὲρ</span> 
     </span>
    </p>
   </div>
   <div class='ocr_carea' id='block_1_80' title="bbox 49 2443 831 2480">
    <p class='ocr_par' dir='ltr' id='par_1_80' title="bbox 49 2443 831 2480">
     <span class='ocr_line' id='line_1_80' title="bbox 49 2443 831 2480; baseline 0.009 -10"><span class='ocrx_word' id='word_1_592' title='bbox 49 2443 132 2471; x_wconf 70' lang='grc' dir='ltr'>πάντα</span> <span class='ocrx_word' id='word_1_593' title='bbox 149 2445 230 2480; x_wconf 84' lang='grc' dir='ltr'>φύσει</span> <span class='ocrx_word' id='word_1_594' title='bbox 245 2446 276 2473; x_wconf 85' lang='grc' dir='ltr'>τὺ</span> <span class='ocrx_word' id='word_1_595' title='bbox 302 2447 422 2474; x_wconf 81' lang='grc' dir='ltr'>δικαιοῦν</span> <span class='ocrx_word' id='word_1_596' title='bbox 439 2447 569 2474; x_wconf 80' lang='grc' dir='ltr'>δύνασθαί</span> <span class='ocrx_word' id='word_1_597' title='bbox 589 2457 676 2480; x_wconf 82' lang='grc' dir='ltr'>τινας,</span> <span class='ocrx_word' id='word_1_598' title='bbox 694 2449 741 2476; x_wconf 83' lang='grc' dir='ltr'><strong>καὶ</strong></span> <span class='ocrx_word' id='word_1_599' title='bbox 762 2451 831 2477; x_wconf 81' lang='grc' dir='ltr'><strong>ἀπο-</strong></span> 
     </span>
    </p>
   </div>
   <div class='ocr_carea' id='block_1_81' title="bbox 49 2487 831 2528">
    <p class='ocr_par' dir='ltr' id='par_1_81' title="bbox 49 2487 831 2528">
     <span class='ocr_line' id='line_1_81' title="bbox 49 2487 831 2528; baseline 0.008 -13"><span class='ocrx_word' id='word_1_600' title='bbox 49 2487 154 2522; x_wconf 83' lang='grc' dir='ltr'>λέκτους</span> <span class='ocrx_word' id='word_1_601' title='bbox 172 2491 324 2526; x_wconf 77' lang='grc' dir='ltr'>ἀποτελεῖν,</span> <span class='ocrx_word' id='word_1_602' title='bbox 337 2494 372 2527; x_wconf 84' lang='grc' dir='ltr'>τῇ</span> <span class='ocrx_word' id='word_1_603' title='bbox 387 2492 435 2519; x_wconf 81' lang='grc' dir='ltr'><strong>τοῦ</strong></span> <span class='ocrx_word' id='word_1_604' title='bbox 451 2493 608 2528; x_wconf 78' lang='grc' dir='ltr'>Πνεύματος</span> <span class='ocrx_word' id='word_1_605' title='bbox 635 2493 715 2528; x_wconf 79' lang='grc' dir='ltr'>φύσει</span> <span class='ocrx_word' id='word_1_606' title='bbox 735 2503 764 2520; x_wconf 86' lang='grc' dir='ltr'><strong>τε</strong></span> <span class='ocrx_word' id='word_1_607' title='bbox 784 2495 831 2522; x_wconf 78' lang='grc' dir='ltr'><strong>καὶ</strong></span> 
     </span>
    </p>
   </div>
   <div class='ocr_carea' id='block_1_82' title="bbox 47 2534 830 2576">
    <p class='ocr_par' dir='ltr' id='par_1_82' title="bbox 47 2534 830 2576">
     <span class='ocr_line' id='line_1_82' title="bbox 47 2534 830 2576; baseline 0.009 -15"><span class='ocrx_word' id='word_1_608' title='bbox 47 2534 105 2571; x_wconf 77' lang='grc' dir='ltr'><strong>δόξῃ</strong></span> <span class='ocrx_word' id='word_1_609' title='bbox 119 2536 149 2562; x_wconf 83' lang='grc' dir='ltr'>τὸ</span> <span class='ocrx_word' id='word_1_610' title='bbox 162 2537 255 2573; x_wconf 83' lang='grc' dir='ltr'>χρῆμα</span> <span class='ocrx_word' id='word_1_611' title='bbox 274 2539 433 2574; x_wconf 83' lang='grc' dir='ltr'>προσνέμει.</span> <span class='ocrx_word' id='word_1_612' title='bbox 449 2539 552 2575; x_wconf 82' lang='grc' dir='ltr'>Γράφει</span> <span class='ocrx_word' id='word_1_613' title='bbox 566 2540 621 2576; x_wconf 78' lang='grc' dir='ltr'><strong>γὰρ</strong></span> <span class='ocrx_word' id='word_1_614' title='bbox 638 2541 733 2568; x_wconf 86' lang='grc' dir='ltr'>πάλιν·</span> <span class='ocrx_word' id='word_1_615' title='bbox 754 2551 763 2567; x_wconf 82' lang='grc' dir='ltr'><strong>ι</strong></span> <span class='ocrx_word' id='word_1_616' title='bbox 776 2542 830 2568; x_wconf 83' lang='grc' dir='ltr'><strong>Καὶ</strong></span> 
     </span>
    </p>
   </div>
   <div class='ocr_carea' id='block_1_83' title="bbox 49 2578 830 2620">
    <p class='ocr_par' dir='ltr' id='par_1_83' title="bbox 49 2578 830 2620">
     <span class='ocr_line' id='line_1_83' title="bbox 49 2578 830 2620; baseline 0.006 -11"><span class='ocrx_word' id='word_1_617' title='bbox 49 2578 113 2615; x_wconf 80' lang='grc' dir='ltr'>ἦμεν</span> <span class='ocrx_word' id='word_1_618' title='bbox 125 2583 210 2610; x_wconf 83' lang='grc' dir='ltr'>τέκνα</span> <span class='ocrx_word' id='word_1_619' title='bbox 226 2584 305 2618; x_wconf 80' lang='grc' dir='ltr'>φύσει</span> <span class='ocrx_word' id='word_1_620' title='bbox 316 2585 412 2620; x_wconf 78' lang='grc' dir='ltr'>ὀργῆς,</span> <span class='ocrx_word' id='word_1_621' title='bbox 423 2585 460 2617; x_wconf 87' lang='grc' dir='ltr'>ὡς</span> <span class='ocrx_word' id='word_1_622' title='bbox 476 2587 523 2612; x_wconf 74' lang='grc' dir='ltr'><strong>καὶ</strong></span> <span class='ocrx_word' id='word_1_623' title='bbox 537 2586 561 2613; x_wconf 87' lang='grc' dir='ltr'>οἱ</span> <span class='ocrx_word' id='word_1_624' title='bbox 576 2586 681 2613; x_wconf 79' lang='grc' dir='ltr'>λοιποί’</span> <span class='ocrx_word' id='word_1_625' title='bbox 704 2587 762 2614; x_wconf 77' lang='grc' dir='ltr'>ἀλλ’</span> <span class='ocrx_word' id='word_1_626' title='bbox 778 2588 830 2614; x_wconf 82' lang='grc' dir='ltr'><strong>ἀπ-</strong></span> 
     </span>
    </p>
   </div>
   <div class='ocr_carea' id='block_1_84' title="bbox 49 2626 829 2667">
    <p class='ocr_par' dir='ltr' id='par_1_84' title="bbox 49 2626 829 2667">
     <span class='ocr_line' id='line_1_84' title="bbox 49 2626 829 2667; baseline 0.009 -15"><span class='ocrx_word' id='word_1_627' title='bbox 49 2626 202 2660; x_wconf 80' lang='grc' dir='ltr'>ελούσασθε,</span> <span class='ocrx_word' id='word_1_628' title='bbox 215 2630 308 2664; x_wconf 69' lang='grc' dir='ltr'>φησιν,</span> <span class='ocrx_word' id='word_1_629' title='bbox 322 2630 380 2656; x_wconf 81' lang='grc' dir='ltr'>ἀλλ’</span> <span class='ocrx_word' id='word_1_630' title='bbox 390 2630 550 2666; x_wconf 76' lang='grc' dir='ltr'>ἡγιάσθητε,</span> <span class='ocrx_word' id='word_1_631' title='bbox 560 2631 738 2666; x_wconf 77' lang='grc' dir='ltr'>ἐδικαιώθητε</span> <span class='ocrx_word' id='word_1_632' title='bbox 751 2632 780 2658; x_wconf 81' lang='grc' dir='ltr'>ὲν</span> <span class='ocrx_word' id='word_1_633' title='bbox 790 2631 829 2667; x_wconf 80' lang='grc' dir='ltr'>τῷ</span> 
     </span>
    </p>
   </div>
   <div class='ocr_carea' id='block_1_85' title="bbox 47 2672 829 2713">
    <p class='ocr_par' dir='ltr' id='par_1_85' title="bbox 47 2672 829 2713">
     <span class='ocr_line' id='line_1_85' title="bbox 47 2672 829 2713; baseline 0.006 -13"><span class='ocrx_word' id='word_1_634' title='bbox 47 2672 152 2708; x_wconf 80' lang='grc' dir='ltr'>ὀνόματι</span> <span class='ocrx_word' id='word_1_635' title='bbox 165 2675 213 2701; x_wconf 82' lang='grc' dir='ltr'><strong>τοῦ</strong></span> <span class='ocrx_word' id='word_1_636' title='bbox 228 2676 329 2712; x_wconf 85' lang='grc' dir='ltr'>Κυρίου</span> <span class='ocrx_word' id='word_1_637' title='bbox 342 2676 429 2711; x_wconf 86' lang='grc' dir='ltr'>Ἰησοῦ</span> <span class='ocrx_word' id='word_1_638' title='bbox 444 2676 574 2713; x_wconf 74' lang='grc' dir='ltr'>Χριστοῦ,</span> <span class='ocrx_word' id='word_1_639' title='bbox 588 2678 635 2704; x_wconf 70' lang='grc' dir='ltr'><strong>καὶ</strong></span> <span class='ocrx_word' id='word_1_640' title='bbox 650 2678 678 2705; x_wconf 85' lang='grc' dir='ltr'><strong>ἐν</strong></span> <span class='ocrx_word' id='word_1_641' title='bbox 691 2677 730 2713; x_wconf 86' lang='grc' dir='ltr'><strong>τῷ</strong></span> <span class='ocrx_word' id='word_1_642' title='bbox 745 2678 829 2705; x_wconf 77' lang='grc' dir='ltr'>Πνεῦ-</span> 
     </span>
    </p>
   </div>
   <div class='ocr_carea' id='block_1_86' title="bbox 48 2720 378 2758">
    <p class='ocr_par' dir='ltr' id='par_1_86' title="bbox 48 2720 378 2758">
     <span class='ocr_line' id='line_1_86' title="bbox 48 2720 378 2758; baseline 0.015 -13"><span class='ocrx_word' id='word_1_643' title='bbox 48 2726 107 2753; x_wconf 84' lang='grc' dir='ltr'>ματι</span> <span class='ocrx_word' id='word_1_644' title='bbox 118 2720 165 2747; x_wconf 87' lang='grc' dir='ltr'><strong>τοῦ</strong></span> <span class='ocrx_word' id='word_1_645' title='bbox 181 2721 250 2748; x_wconf 91' lang='grc' dir='ltr'>Θεοῦ</span> <span class='ocrx_word' id='word_1_646' title='bbox 264 2722 351 2758; x_wconf 70' lang='grc' dir='ltr'>ἡμῶν.</span> <span class='ocrx_word' id='word_1_647' title='bbox 368 2732 378 2749; x_wconf 79' lang='grc' dir='ltr'><strong>ι</strong></span> 
     </span>
    </p>
   </div>
   <div class='ocr_carea' id='block_1_87' title="bbox 77 2796 835 2848">
    <p class='ocr_par' dir='ltr' id='par_1_87' title="bbox 77 2797 796 2848">
     <span class='ocr_line' id='line_1_87' title="bbox 77 2797 796 2848; baseline 0.007 -11"><span class='ocrx_word' id='word_1_648' title='bbox 77 2808 98 2825; x_wconf 78' lang='grc'><strong>⁸³</strong></span> <span class='ocrx_word' id='word_1_649' title='bbox 115 2811 176 2838; x_wconf 84' lang='lat' dir='ltr'><strong>Act.</strong></span> <span class='ocrx_word' id='word_1_650' title='bbox 191 2797 218 2843; x_wconf 41' lang='grc' dir='ltr'>ι’,</span> <span class='ocrx_word' id='word_1_651' title='bbox 234 2812 278 2839; x_wconf 77' lang='grc'><strong>58.</strong></span> <span class='ocrx_word' id='word_1_652' title='bbox 316 2812 338 2828; x_wconf 67' lang='grc' dir='ltr'>ι’</span> <span class='ocrx_word' id='word_1_653' title='bbox 356 2811 437 2840; x_wconf 81' lang='lat' dir='ltr'><strong>Joan.</strong></span> <span class='ocrx_word' id='word_1_654' title='bbox 461 2822 491 2848; x_wconf 91' lang='grc' dir='ltr'><strong>ιι,</strong></span> <span class='ocrx_word' id='word_1_655' title='bbox 507 2815 552 2842; x_wconf 72' lang='lat'><strong>‘27.</strong></span> <span class='ocrx_word' id='word_1_656' title='bbox 593 2814 614 2830; x_wconf 79' lang='lat'>&quot;</span> <span class='ocrx_word' id='word_1_657' title='bbox 634 2813 705 2842; x_wconf 79' lang='lat' dir='ltr'><strong>Psal.</strong></span> <span class='ocrx_word' id='word_1_658' title='bbox 724 2821 754 2848; x_wconf 88' lang='lat' dir='ltr'><strong>tt,</strong></span> <span class='ocrx_word' id='word_1_659' title='bbox 769 2814 796 2842; x_wconf 81' lang='grc'><strong>6.</strong></span> 
     </span>
    </p>
   </div>
   <div class='ocr_carea' id='block_1_88' title="bbox 889 2796 1380 2848">
    <p class='ocr_par' dir='ltr' id='par_1_88' title="bbox 889 2811 1380 2847">
     <span class='ocr_line' id='line_1_88' title="bbox 889 2811 1380 2847; baseline -0.002 -7"><span class='ocrx_word' id='word_1_660' title='bbox 889 2813 956 2842; x_wconf 80' lang='lat' dir='ltr'><strong>lout.</strong></span> <span class='ocrx_word' id='word_1_661' title='bbox 976 2821 1031 2846; x_wconf 77' lang='lat' dir='ltr'><strong>viri,</strong></span> <span class='ocrx_word' id='word_1_662' title='bbox 1055 2813 1099 2840; x_wconf 78' lang='lat'><strong>55.</strong></span> <span class='ocrx_word' id='word_1_663' title='bbox 1138 2813 1161 2828; x_wconf 81' lang='lat'>&quot;</span> <span class='ocrx_word' id='word_1_664' title='bbox 1181 2812 1280 2847; x_wconf 86' lang='lat' dir='ltr'><strong>Ephcs.</strong></span> <span class='ocrx_word' id='word_1_665' title='bbox 1303 2819 1332 2844; x_wconf 88' lang='grc' dir='ltr'><strong>ιι,</strong></span> <span class='ocrx_word' id='word_1_666' title='bbox 1353 2811 1380 2839; x_wconf 80' lang='grc'><strong>5.</strong></span> 
     </span>
    </p>
   </div>
   <div class='ocr_carea' id='block_1_89' title="bbox 77 2900 426 2937">
    <p class='ocr_par' dir='ltr' id='par_1_89' title="bbox 77 2900 426 2937">
     <span class='ocr_line' id='line_1_89' title="bbox 77 2900 426 2937; baseline 0.006 -9"><span class='ocrx_word' id='word_1_667' title='bbox 77 2900 107 2936; x_wconf 74' lang='grc'><strong>(⁸)</strong></span> <span class='ocrx_word' id='word_1_668' title='bbox 121 2901 255 2937; x_wconf 75' lang='lat' dir='ltr'><strong>Corrupto</strong></span> <span class='ocrx_word' id='word_1_669' title='bbox 267 2909 314 2936; x_wconf 91' lang='lat' dir='ltr'><strong>pro</strong></span> <span class='ocrx_word' id='word_1_670' title='bbox 330 2902 426 2936; x_wconf 82' lang='grc' dir='ltr'>λογιεῖ.</span> 
     </span>
    </p>
   </div>
   <div class='ocr_carea' id='block_1_90' title="bbox 887 1663 1674 1699">
    <p class='ocr_par' dir='ltr' id='par_1_90' title="bbox 887 1663 1674 1699">
     <span class='ocr_line' id='line_1_90' title="bbox 887 1663 1674 1699; baseline 0.006 -10"><span class='ocrx_word' id='word_1_671' title='bbox 887 1663 969 1690; x_wconf 89' lang='lat' dir='ltr'><strong>etiam</strong></span> <span class='ocrx_word' id='word_1_672' title='bbox 988 1663 1021 1690; x_wconf 88' lang='lat' dir='ltr'><strong>ad</strong></span> <span class='ocrx_word' id='word_1_673' title='bbox 1045 1670 1093 1690; x_wconf 80' lang='lat' dir='ltr'><strong>nos</strong></span> <span class='ocrx_word' id='word_1_674' title='bbox 1104 1664 1265 1699; x_wconf 81' lang='lat' dir='ltr'><strong>scribitlpse</strong></span> <span class='ocrx_word' id='word_1_675' title='bbox 1279 1665 1387 1699; x_wconf 80' lang='lat' dir='ltr'><strong>sapiens</strong></span> <span class='ocrx_word' id='word_1_676' title='bbox 1398 1665 1535 1692; x_wconf 81' lang='lat' dir='ltr'><strong>Joannes:</strong></span> <span class='ocrx_word' id='word_1_677' title='bbox 1551 1674 1560 1691; x_wconf 81' lang='grc' dir='ltr'><strong>ι</strong></span> <span class='ocrx_word' id='word_1_678' title='bbox 1580 1666 1612 1693; x_wconf 85' lang='grc' dir='ltr'>Ει</span> <span class='ocrx_word' id='word_1_679' title='bbox 1627 1673 1674 1694; x_wconf 84' lang='lat' dir='ltr'><strong>vos</strong></span> 
     </span>
    </p>
   </div>
   <div class='ocr_carea' id='block_1_91' title="bbox 887 1709 1672 1745">
    <p class='ocr_par' dir='ltr' id='par_1_91' title="bbox 887 1709 1672 1745">
     <span class='ocr_line' id='line_1_91' title="bbox 887 1709 1672 1745; baseline 0.004 -9"><span class='ocrx_word' id='word_1_680' title='bbox 887 1709 1043 1736; x_wconf 84' lang='lat' dir='ltr'><strong>unctionem</strong></span> <span class='ocrx_word' id='word_1_681' title='bbox 1058 1717 1137 1743; x_wconf 87' lang='lat' dir='ltr'><strong>quam</strong></span> <span class='ocrx_word' id='word_1_682' title='bbox 1155 1710 1297 1745; x_wconf 87' lang='lat' dir='ltr'><strong>accepistis</strong></span> <span class='ocrx_word' id='word_1_683' title='bbox 1313 1711 1347 1738; x_wconf 86' lang='lat' dir='ltr'><strong>ab</strong></span> <span class='ocrx_word' id='word_1_684' title='bbox 1362 1718 1405 1743; x_wconf 86' lang='lat' dir='ltr'><strong>eo,</strong></span> <span class='ocrx_word' id='word_1_685' title='bbox 1424 1716 1516 1739; x_wconf 83' lang='lat' dir='ltr'><strong>manet</strong></span> <span class='ocrx_word' id='word_1_686' title='bbox 1531 1712 1558 1739; x_wconf 89' lang='lat' dir='ltr'><strong>in</strong></span> <span class='ocrx_word' id='word_1_687' title='bbox 1575 1712 1672 1739; x_wconf 83' lang='lat' dir='ltr'><strong>vobis:</strong></span> 
     </span>
    </p>
   </div>
   <div class='ocr_carea' id='block_1_92' title="bbox 886 1755 1673 1791">
    <p class='ocr_par' dir='ltr' id='par_1_92' title="bbox 886 1755 1673 1791">
     <span class='ocr_line' id='line_1_92' title="bbox 886 1755 1673 1791; baseline 0.005 -10"><span class='ocrx_word' id='word_1_688' title='bbox 886 1758 914 1781; x_wconf 88' lang='lat' dir='ltr'><strong>et</strong></span> <span class='ocrx_word' id='word_1_689' title='bbox 936 1762 988 1782; x_wconf 93' lang='lat' dir='ltr'><strong>non</strong></span> <span class='ocrx_word' id='word_1_690' title='bbox 1006 1762 1118 1782; x_wconf 87' lang='lat' dir='ltr'><strong>necesse</strong></span> <span class='ocrx_word' id='word_1_691' title='bbox 1132 1755 1238 1783; x_wconf 83' lang='lat' dir='ltr'><strong>habetis</strong></span> <span class='ocrx_word' id='word_1_692' title='bbox 1262 1760 1291 1783; x_wconf 90' lang='lat' dir='ltr'><strong>ut</strong></span> <span class='ocrx_word' id='word_1_693' title='bbox 1309 1756 1408 1791; x_wconf 90' lang='lat' dir='ltr'><strong>aliquis</strong></span> <span class='ocrx_word' id='word_1_694' title='bbox 1433 1758 1529 1784; x_wconf 85' lang='lat' dir='ltr'><strong>doceat</strong></span> <span class='ocrx_word' id='word_1_695' title='bbox 1546 1765 1604 1789; x_wconf 85' lang='lat' dir='ltr'><strong>vos.</strong></span> <span class='ocrx_word' id='word_1_696' title='bbox 1623 1759 1673 1785; x_wconf 86' lang='lat' dir='ltr'><strong>sed</strong></span> 
     </span>
    </p>
   </div>
   <div class='ocr_carea' id='block_1_93' title="bbox 888 1801 1673 1836">
    <p class='ocr_par' dir='ltr' id='par_1_93' title="bbox 888 1801 1673 1836">
     <span class='ocr_line' id='line_1_93' title="bbox 888 1801 1673 1836; baseline 0.004 -9"><span class='ocrx_word' id='word_1_697' title='bbox 888 1801 957 1827; x_wconf 77' lang='lat' dir='ltr'><strong>sicut</strong></span> <span class='ocrx_word' id='word_1_698' title='bbox 969 1801 1062 1828; x_wconf 89' lang='lat' dir='ltr'><strong>unctio</strong></span> <span class='ocrx_word' id='word_1_699' title='bbox 1084 1801 1143 1836; x_wconf 86' lang='lat' dir='ltr'><strong>ejus</strong></span> <span class='ocrx_word' id='word_1_700' title='bbox 1163 1802 1242 1829; x_wconf 83' lang='lat' dir='ltr'><strong>docet</strong></span> <span class='ocrx_word' id='word_1_701' title='bbox 1261 1810 1308 1829; x_wconf 85' lang='lat' dir='ltr'><strong>vos</strong></span> <span class='ocrx_word' id='word_1_702' title='bbox 1328 1802 1362 1829; x_wconf 87' lang='lat' dir='ltr'><strong>de</strong></span> <span class='ocrx_word' id='word_1_703' title='bbox 1381 1803 1505 1830; x_wconf 88' lang='lat' dir='ltr'><strong>omnibtts</strong></span> <span class='ocrx_word' id='word_1_704' title='bbox 1519 1803 1553 1830; x_wconf 71' lang='lat'><strong>&quot;&#39;.</strong></span> <span class='ocrx_word' id='word_1_705' title='bbox 1574 1813 1583 1829; x_wconf 83' lang='grc' dir='ltr'><strong>ι</strong></span> <span class='ocrx_word' id='word_1_706' title='bbox 1599 1803 1673 1830; x_wconf 84' lang='lat' dir='ltr'><strong>Licet</strong></span> 
     </span>
    </p>
   </div>
   <div class='ocr_carea' id='block_1_94' title="bbox 886 1847 1672 1884">
    <p class='ocr_par' dir='ltr' id='par_1_94' title="bbox 886 1847 1672 1884">
     <span class='ocr_line' id='line_1_94' title="bbox 886 1847 1672 1884; baseline 0.006 -12"><span class='ocrx_word' id='word_1_707' title='bbox 886 1851 975 1873; x_wconf 76' lang='lat' dir='ltr'><strong>autem</strong></span> <span class='ocrx_word' id='word_1_708' title='bbox 989 1847 1074 1881; x_wconf 83' lang='lat' dir='ltr'><strong>ipsum</strong></span> <span class='ocrx_word' id='word_1_709' title='bbox 1092 1854 1200 1882; x_wconf 87' lang='lat' dir='ltr'><strong>quoque</strong></span> <span class='ocrx_word' id='word_1_710' title='bbox 1214 1848 1307 1875; x_wconf 87' lang='lat' dir='ltr'><strong>audire</strong></span> <span class='ocrx_word' id='word_1_711' title='bbox 1330 1848 1469 1876; x_wconf 82' lang='lat' dir='ltr'><strong>Christum</strong></span> <span class='ocrx_word' id='word_1_712' title='bbox 1496 1857 1543 1884; x_wconf 81' lang='lat' dir='ltr'><strong>per</strong></span> <span class='ocrx_word' id='word_1_713' title='bbox 1573 1849 1672 1877; x_wconf 80' lang='lat' dir='ltr'><strong>Psath</strong></span> 
     </span>
    </p>
   </div>
   <div class='ocr_carea' id='block_1_95' title="bbox 886 1893 1672 1930">
    <p class='ocr_par' dir='ltr' id='par_1_95' title="bbox 886 1893 1672 1930">
     <span class='ocr_line' id='line_1_95' title="bbox 886 1893 1672 1930; baseline 0.005 -12"><span class='ocrx_word' id='word_1_714' title='bbox 886 1899 979 1919; x_wconf 87' lang='lat' dir='ltr'><strong>vocem</strong></span> <span class='ocrx_word' id='word_1_715' title='bbox 1007 1894 1171 1920; x_wconf 85' lang='lat' dir='ltr'><strong>clamantem</strong></span> <span class='ocrx_word' id='word_1_716' title='bbox 1200 1893 1227 1920; x_wconf 91' lang='lat' dir='ltr'><strong>in</strong></span> <span class='ocrx_word' id='word_1_717' title='bbox 1258 1893 1331 1921; x_wconf 87' lang='lat' dir='ltr'><strong>hunc</strong></span> <span class='ocrx_word' id='word_1_718' title='bbox 1363 1895 1482 1927; x_wconf 87' lang='lat' dir='ltr'><strong>modum,</strong></span> <span class='ocrx_word' id='word_1_719' title='bbox 1507 1899 1534 1922; x_wconf 87' lang='lat' dir='ltr'><strong>et</strong></span> <span class='ocrx_word' id='word_1_720' title='bbox 1559 1895 1672 1930; x_wconf 78' lang='lat' dir='ltr'><strong>gloriam</strong></span> 
     </span>
    </p>
   </div>
   <div class='ocr_carea' id='block_1_96' title="bbox 886 1938 1672 1975">
    <p class='ocr_par' dir='ltr' id='par_1_96' title="bbox 886 1938 1672 1975">
     <span class='ocr_line' id='line_1_96' title="bbox 886 1938 1672 1975; baseline 0.004 -10"><span class='ocrx_word' id='word_1_721' title='bbox 886 1938 1015 1965; x_wconf 86' lang='lat' dir='ltr'><strong>unctione</strong></span> <span class='ocrx_word' id='word_1_722' title='bbox 1044 1943 1198 1973; x_wconf 83' lang='lat' dir='ltr'><strong>susceptam</strong></span> <span class='ocrx_word' id='word_1_723' title='bbox 1227 1939 1431 1973; x_wconf 80' lang='lat' dir='ltr'><strong>explicantem:</strong></span> <span class='ocrx_word' id='word_1_724' title='bbox 1455 1949 1465 1965; x_wconf 77' lang='grc' dir='ltr'><strong>ι</strong></span> <span class='ocrx_word' id='word_1_725' title='bbox 1503 1940 1559 1975; x_wconf 77' lang='lat' dir='ltr'><strong>Ego</strong></span> <span class='ocrx_word' id='word_1_726' title='bbox 1583 1946 1672 1968; x_wconf 84' lang='lat' dir='ltr'><strong>autem</strong></span> 
     </span>
    </p>
   </div>
   <div class='ocr_carea' id='block_1_97' title="bbox 885 1984 1672 2018">
    <p class='ocr_par' dir='ltr' id='par_1_97' title="bbox 885 1984 1672 2018">
     <span class='ocr_line' id='line_1_97' title="bbox 885 1984 1672 2018; baseline 0.001 -7"><span class='ocrx_word' id='word_1_727' title='bbox 885 1984 1048 2012; x_wconf 84' lang='lat' dir='ltr'><strong>constitutus</strong></span> <span class='ocrx_word' id='word_1_728' title='bbox 1060 1991 1118 2011; x_wconf 91' lang='lat' dir='ltr'><strong>sum</strong></span> <span class='ocrx_word' id='word_1_729' title='bbox 1139 1992 1186 2011; x_wconf 85' lang='lat' dir='ltr'><strong>rex</strong></span> <span class='ocrx_word' id='word_1_730' title='bbox 1200 1984 1234 2012; x_wconf 87' lang='lat' dir='ltr'><strong>ab</strong></span> <span class='ocrx_word' id='word_1_731' title='bbox 1244 1992 1278 2013; x_wconf 91' lang='lat' dir='ltr'><strong>eo</strong></span> <span class='ocrx_word' id='word_1_732' title='bbox 1291 1985 1324 2011; x_wconf 80' lang='grc' dir='ltr'><strong>⁸ο.</strong></span> <span class='ocrx_word' id='word_1_733' title='bbox 1343 1994 1352 2011; x_wconf 83' lang='grc' dir='ltr'><strong>ι</strong></span> <span class='ocrx_word' id='word_1_734' title='bbox 1377 1985 1498 2018; x_wconf 85' lang='lat' dir='ltr'><strong>Servilis,</strong></span> <span class='ocrx_word' id='word_1_735' title='bbox 1519 1988 1616 2013; x_wconf 82' lang='lat' dir='ltr'><strong>amabo</strong></span> <span class='ocrx_word' id='word_1_736' title='bbox 1636 1993 1672 2018; x_wconf 81' lang='lat' dir='ltr'><strong>te,</strong></span> 
     </span>
    </p>
   </div>
   <div class='ocr_carea' id='block_1_98' title="bbox 884 2029 1672 2067">
    <p class='ocr_par' dir='ltr' id='par_1_98' title="bbox 884 2029 1672 2067">
     <span class='ocr_line' id='line_1_98' title="bbox 884 2029 1672 2067; baseline 0.006 -11"><span class='ocrx_word' id='word_1_737' title='bbox 884 2029 1007 2064; x_wconf 84' lang='lat' dir='ltr'><strong>spiritus,</strong></span> <span class='ocrx_word' id='word_1_738' title='bbox 1033 2038 1098 2057; x_wconf 90' lang='lat' dir='ltr'><strong>num</strong></span> <span class='ocrx_word' id='word_1_739' title='bbox 1116 2031 1253 2058; x_wconf 87' lang='lat' dir='ltr'><strong>dontinum</strong></span> <span class='ocrx_word' id='word_1_740' title='bbox 1268 2031 1432 2059; x_wconf 83' lang='lat' dir='ltr'><strong>constituit?</strong></span> <span class='ocrx_word' id='word_1_741' title='bbox 1449 2032 1562 2067; x_wconf 83' lang='lat' dir='ltr'><strong>Regium</strong></span> <span class='ocrx_word' id='word_1_742' title='bbox 1589 2033 1672 2062; x_wconf 79' lang='lat' dir='ltr'><strong>decus</strong></span> 
     </span>
    </p>
   </div>
   <div class='ocr_carea' id='block_1_99' title="bbox 884 2076 1670 2111">
    <p class='ocr_par' dir='ltr' id='par_1_99' title="bbox 884 2076 1670 2111">
     <span class='ocr_line' id='line_1_99' title="bbox 884 2076 1670 2111; baseline 0.004 -8"><span class='ocrx_word' id='word_1_743' title='bbox 884 2083 999 2104; x_wconf 86' lang='lat' dir='ltr'><strong>suamne</strong></span> <span class='ocrx_word' id='word_1_744' title='bbox 1027 2076 1108 2104; x_wconf 84' lang='lat' dir='ltr'><strong>habet</strong></span> <span class='ocrx_word' id='word_1_745' title='bbox 1135 2082 1271 2110; x_wconf 84' lang='lat' dir='ltr'><strong>naturam,</strong></span> <span class='ocrx_word' id='word_1_746' title='bbox 1284 2077 1319 2110; x_wconf 87' lang='lat' dir='ltr'><strong>si,</strong></span> <span class='ocrx_word' id='word_1_747' title='bbox 1333 2082 1362 2104; x_wconf 89' lang='lat' dir='ltr'><strong>ut</strong></span> <span class='ocrx_word' id='word_1_748' title='bbox 1376 2077 1415 2105; x_wconf 89' lang='lat' dir='ltr'><strong>illi</strong></span> <span class='ocrx_word' id='word_1_749' title='bbox 1428 2078 1530 2111; x_wconf 84' lang='lat' dir='ltr'><strong>volunt,</strong></span> <span class='ocrx_word' id='word_1_750' title='bbox 1556 2078 1670 2106; x_wconf 85' lang='lat' dir='ltr'><strong>liberum</strong></span> 
     </span>
    </p>
   </div>
   <div class='ocr_carea' id='block_1_100' title="bbox 884 2122 1671 2158">
    <p class='ocr_par' dir='ltr' id='par_1_100' title="bbox 884 2122 1671 2158">
     <span class='ocr_line' id='line_1_100' title="bbox 884 2122 1671 2158; baseline 0.003 -8"><span class='ocrx_word' id='word_1_751' title='bbox 884 2130 938 2150; x_wconf 89' lang='lat' dir='ltr'><strong>non</strong></span> <span class='ocrx_word' id='word_1_752' title='bbox 958 2122 994 2150; x_wconf 86' lang='lat' dir='ltr'><strong>sit</strong></span> <span class='ocrx_word' id='word_1_753' title='bbox 1008 2122 1020 2148; x_wconf 85' lang='lat'><strong>?</strong></span> <span class='ocrx_word' id='word_1_754' title='bbox 1036 2123 1128 2158; x_wconf 86' lang='lat' dir='ltr'><strong>Apage</strong></span> <span class='ocrx_word' id='word_1_755' title='bbox 1155 2127 1256 2150; x_wconf 87' lang='lat' dir='ltr'><strong>tantam</strong></span> <span class='ocrx_word' id='word_1_756' title='bbox 1268 2122 1417 2150; x_wconf 82' lang='lat' dir='ltr'><strong>infamiam.</strong></span> <span class='ocrx_word' id='word_1_757' title='bbox 1430 2123 1492 2151; x_wconf 77' lang='lat' dir='ltr'><strong>Jam</strong></span> <span class='ocrx_word' id='word_1_758' title='bbox 1511 2124 1582 2151; x_wconf 88' lang='lat' dir='ltr'><strong>enim</strong></span> <span class='ocrx_word' id='word_1_759' title='bbox 1599 2125 1671 2152; x_wconf 74' lang='lat' dir='ltr'><strong>ferre</strong></span> 
     </span>
    </p>
   </div>
   <div class='ocr_carea' id='block_1_101' title="bbox 884 2168 1670 2204">
    <p class='ocr_par' dir='ltr' id='par_1_101' title="bbox 884 2168 1670 2204">
     <span class='ocr_line' id='line_1_101' title="bbox 884 2168 1670 2204; baseline 0.001 -8"><span class='ocrx_word' id='word_1_760' title='bbox 884 2176 989 2204; x_wconf 88' lang='lat' dir='ltr'><strong>nequeo</strong></span> <span class='ocrx_word' id='word_1_761' title='bbox 1011 2168 1227 2196; x_wconf 86' lang='lat' dir='ltr'><strong>adversariorum</strong></span> <span class='ocrx_word' id='word_1_762' title='bbox 1252 2169 1380 2197; x_wconf 87' lang='lat' dir='ltr'><strong>vomitus.</strong></span> <span class='ocrx_word' id='word_1_763' title='bbox 1411 2168 1558 2204; x_wconf 85' lang='lat' dir='ltr'><strong>Oportebat</strong></span> <span class='ocrx_word' id='word_1_764' title='bbox 1585 2170 1670 2204; x_wconf 90' lang='lat' dir='ltr'><strong>enim,</strong></span> 
     </span>
    </p>
   </div>
   <div class='ocr_carea' id='block_1_102' title="bbox 883 2214 1670 2251">
    <p class='ocr_par' dir='ltr' id='par_1_102' title="bbox 883 2214 1670 2251">
     <span class='ocr_line' id='line_1_102' title="bbox 883 2214 1670 2251; baseline 0.001 -9"><span class='ocrx_word' id='word_1_765' title='bbox 883 2216 1036 2250; x_wconf 85' lang='lat' dir='ltr'><strong>oportebat,</strong></span> <span class='ocrx_word' id='word_1_766' title='bbox 1067 2214 1090 2242; x_wconf 90' lang='lat' dir='ltr'><strong>si</strong></span> <span class='ocrx_word' id='word_1_767' title='bbox 1109 2220 1185 2243; x_wconf 87' lang='lat' dir='ltr'><strong>recte</strong></span> <span class='ocrx_word' id='word_1_768' title='bbox 1212 2219 1350 2249; x_wconf 80' lang='lat' dir='ltr'><strong>saperent,</strong></span> <span class='ocrx_word' id='word_1_769' title='bbox 1376 2215 1489 2243; x_wconf 89' lang='lat' dir='ltr'><strong>liberam</strong></span> <span class='ocrx_word' id='word_1_770' title='bbox 1515 2220 1542 2243; x_wconf 84' lang='lat' dir='ltr'><strong>et</strong></span> <span class='ocrx_word' id='word_1_771' title='bbox 1569 2216 1670 2251; x_wconf 79' lang='lat' dir='ltr'><strong>regiam</strong></span> 
     </span>
    </p>
   </div>
   <div class='ocr_carea' id='block_1_103' title="bbox 882 2262 1666 2298">
    <p class='ocr_par' dir='ltr' id='par_1_103' title="bbox 882 2262 1666 2298">
     <span class='ocr_line' id='line_1_103' title="bbox 882 2262 1666 2298; baseline 0.003 -9"><span class='ocrx_word' id='word_1_772' title='bbox 882 2262 965 2298; x_wconf 71' lang='grc'><strong>647</strong></span> <span class='ocrx_word' id='word_1_773' title='bbox 980 2262 1098 2298; x_wconf 87' lang='lat' dir='ltr'><strong>Spiritus</strong></span> <span class='ocrx_word' id='word_1_774' title='bbox 1117 2262 1274 2296; x_wconf 82' lang='lat' dir='ltr'><strong>dignitatem</strong></span> <span class='ocrx_word' id='word_1_775' title='bbox 1298 2262 1341 2289; x_wconf 89' lang='lat' dir='ltr'><strong>vel</strong></span> <span class='ocrx_word' id='word_1_776' title='bbox 1361 2262 1423 2289; x_wconf 88' lang='lat' dir='ltr'><strong>hinc</strong></span> <span class='ocrx_word' id='word_1_777' title='bbox 1443 2262 1666 2291; x_wconf 79' lang='lat' dir='ltr'><strong>animadvertere.</strong></span> 
     </span>
    </p>
   </div>
   <div class='ocr_carea' id='block_1_104' title="bbox 886 2308 1670 2344">
    <p class='ocr_par' dir='ltr' id='par_1_104' title="bbox 886 2308 1670 2344">
     <span class='ocr_line' id='line_1_104' title="bbox 886 2308 1670 2344; baseline 0 -8"><span class='ocrx_word' id='word_1_778' title='bbox 886 2309 923 2336; x_wconf 88' lang='lat' dir='ltr'><strong>De</strong></span> <span class='ocrx_word' id='word_1_779' title='bbox 950 2309 991 2336; x_wconf 88' lang='lat' dir='ltr'><strong>his</strong></span> <span class='ocrx_word' id='word_1_780' title='bbox 1017 2310 1089 2336; x_wconf 88' lang='lat' dir='ltr'><strong>enim</strong></span> <span class='ocrx_word' id='word_1_781' title='bbox 1111 2309 1158 2343; x_wconf 89' lang='lat' dir='ltr'><strong>qni</strong></span> <span class='ocrx_word' id='word_1_782' title='bbox 1178 2309 1203 2336; x_wconf 91' lang='lat' dir='ltr'><strong>in</strong></span> <span class='ocrx_word' id='word_1_783' title='bbox 1223 2308 1481 2342; x_wconf 80' lang='lat' dir='ltr'><strong>lidejustiiicantur,</strong></span> <span class='ocrx_word' id='word_1_784' title='bbox 1499 2316 1611 2344; x_wconf 87' lang='lat' dir='ltr'><strong>magnus</strong></span> <span class='ocrx_word' id='word_1_785' title='bbox 1625 2309 1670 2336; x_wconf 82' lang='lat' dir='ltr'><strong>ille</strong></span> 
     </span>
    </p>
   </div>
   <div class='ocr_carea' id='block_1_105' title="bbox 883 2354 1669 2387">
    <p class='ocr_par' dir='ltr' id='par_1_105' title="bbox 883 2354 1669 2387">
     <span class='ocr_line' id='line_1_105' title="bbox 883 2354 1669 2387; baseline 0 -5"><span class='ocrx_word' id='word_1_786' title='bbox 883 2355 964 2383; x_wconf 82' lang='lat' dir='ltr'><strong>nobis</strong></span> <span class='ocrx_word' id='word_1_787' title='bbox 1000 2355 1099 2383; x_wconf 83' lang='lat' dir='ltr'><strong>Paulus</strong></span> <span class='ocrx_word' id='word_1_788' title='bbox 1126 2355 1241 2382; x_wconf 76' lang='lat' dir='ltr'><strong>dixitzr</strong></span> <span class='ocrx_word' id='word_1_789' title='bbox 1263 2354 1329 2387; x_wconf 76' lang='lat' dir='ltr'><strong>Quis</strong></span> <span class='ocrx_word' id='word_1_790' title='bbox 1365 2354 1504 2382; x_wconf 86' lang='lat' dir='ltr'><strong>accusabit</strong></span> <span class='ocrx_word' id='word_1_791' title='bbox 1541 2355 1669 2383; x_wconf 78' lang='lat' dir='ltr'><strong>adversus</strong></span> 
     </span>
    </p>
   </div>
   <div class='ocr_carea' id='block_1_106' title="bbox 884 2399 1668 2434">
    <p class='ocr_par' dir='ltr' id='par_1_106' title="bbox 884 2399 1668 2434">
     <span class='ocr_line' id='line_1_106' title="bbox 884 2399 1668 2434; baseline 0.001 -7"><span class='ocrx_word' id='word_1_792' title='bbox 884 2400 984 2427; x_wconf 85' lang='lat' dir='ltr'><strong>electos</strong></span> <span class='ocrx_word' id='word_1_793' title='bbox 1008 2400 1053 2427; x_wconf 87' lang='lat' dir='ltr'><strong>Dei</strong></span> <span class='ocrx_word' id='word_1_794' title='bbox 1068 2399 1162 2427; x_wconf 86' lang='lat' dir='ltr'><strong>?Deus</strong></span> <span class='ocrx_word' id='word_1_795' title='bbox 1176 2399 1221 2434; x_wconf 92' lang='lat' dir='ltr'><strong>qui</strong></span> <span class='ocrx_word' id='word_1_796' title='bbox 1232 2399 1373 2433; x_wconf 82' lang='lat' dir='ltr'><strong>justiﬁeat.</strong></span> <span class='ocrx_word' id='word_1_797' title='bbox 1392 2399 1459 2433; x_wconf 85' lang='lat' dir='ltr'><strong>Quis</strong></span> <span class='ocrx_word' id='word_1_798' title='bbox 1478 2404 1521 2428; x_wconf 85' lang='lat' dir='ltr'><strong>est</strong></span> <span class='ocrx_word' id='word_1_799' title='bbox 1542 2401 1588 2434; x_wconf 91' lang='lat' dir='ltr'><strong>qui</strong></span> <span class='ocrx_word' id='word_1_800' title='bbox 1603 2408 1668 2428; x_wconf 80' lang='lat' dir='ltr'><strong>con-</strong></span> 
     </span>
    </p>
   </div>
   <div class='ocr_carea' id='block_1_107' title="bbox 886 2445 1669 2480">
    <p class='ocr_par' dir='ltr' id='par_1_107' title="bbox 886 2445 1669 2480">
     <span class='ocr_line' id='line_1_107' title="bbox 886 2445 1669 2480; baseline -0.001 -7"><span class='ocrx_word' id='word_1_801' title='bbox 886 2445 996 2473; x_wconf 89' lang='lat' dir='ltr'><strong>demnet</strong></span> <span class='ocrx_word' id='word_1_802' title='bbox 1012 2446 1033 2462; x_wconf 81' lang='grc'><strong><em>⁵³</em></strong></span> <span class='ocrx_word' id='word_1_803' title='bbox 1049 2445 1060 2472; x_wconf 84' lang='lat'><strong>?</strong></span> <span class='ocrx_word' id='word_1_804' title='bbox 1075 2454 1085 2471; x_wconf 87' lang='grc' dir='ltr'><strong>ι</strong></span> <span class='ocrx_word' id='word_1_805' title='bbox 1105 2445 1208 2473; x_wconf 72' lang='lat' dir='ltr'><strong>Divina:</strong></span> <span class='ocrx_word' id='word_1_806' title='bbox 1236 2451 1325 2473; x_wconf 87' lang='lat' dir='ltr'><strong>autem</strong></span> <span class='ocrx_word' id='word_1_807' title='bbox 1349 2450 1378 2473; x_wconf 87' lang='lat' dir='ltr'><strong>et</strong></span> <span class='ocrx_word' id='word_1_808' title='bbox 1406 2453 1539 2480; x_wconf 66' lang='lat' dir='ltr'><strong>supremae</strong></span> <span class='ocrx_word' id='word_1_809' title='bbox 1567 2451 1669 2472; x_wconf 74' lang='lat' dir='ltr'><strong>natura:</strong></span> 
     </span>
    </p>
   </div>
   <div class='ocr_carea' id='block_1_108' title="bbox 880 2490 1669 2525">
    <p class='ocr_par' dir='ltr' id='par_1_108' title="bbox 880 2490 1669 2525">
     <span class='ocr_line' id='line_1_108' title="bbox 880 2490 1669 2525; baseline 0 -8"><span class='ocrx_word' id='word_1_810' title='bbox 880 2490 1047 2525; x_wconf 83' lang='lat' dir='ltr'><strong>justiticandi</strong></span> <span class='ocrx_word' id='word_1_811' title='bbox 1061 2490 1205 2518; x_wconf 89' lang='lat' dir='ltr'><strong>nonnullos</strong></span> <span class='ocrx_word' id='word_1_812' title='bbox 1216 2494 1378 2525; x_wconf 78' lang='lat' dir='ltr'><strong>potestatem</strong></span> <span class='ocrx_word' id='word_1_813' title='bbox 1388 2491 1519 2522; x_wconf 81' lang='lat' dir='ltr'><strong>tribuens,</strong></span> <span class='ocrx_word' id='word_1_814' title='bbox 1531 2495 1558 2518; x_wconf 90' lang='lat' dir='ltr'><strong>et</strong></span> <span class='ocrx_word' id='word_1_815' title='bbox 1568 2490 1669 2518; x_wconf 90' lang='lat' dir='ltr'><strong>electos</strong></span> 
     </span>
    </p>
   </div>
   <div class='ocr_carea' id='block_1_109' title="bbox 883 2537 1668 2572">
    <p class='ocr_par' dir='ltr' id='par_1_109' title="bbox 883 2537 1668 2572">
     <span class='ocr_line' id='line_1_109' title="bbox 883 2537 1668 2572; baseline -0.003 -8"><span class='ocrx_word' id='word_1_816' title='bbox 883 2537 1053 2572; x_wconf 85' lang='lat' dir='ltr'><strong>perﬁciendi,</strong></span> <span class='ocrx_word' id='word_1_817' title='bbox 1068 2537 1186 2572; x_wconf 84' lang='lat' dir='ltr'><strong>Spiritus</strong></span> <span class='ocrx_word' id='word_1_818' title='bbox 1211 2542 1314 2564; x_wconf 66' lang='lat' dir='ltr'><strong>naturae</strong></span> <span class='ocrx_word' id='word_1_819' title='bbox 1337 2541 1364 2564; x_wconf 92' lang='lat' dir='ltr'><strong>et</strong></span> <span class='ocrx_word' id='word_1_820' title='bbox 1377 2537 1469 2571; x_wconf 72' lang='lat' dir='ltr'><strong>gloriae</strong></span> <span class='ocrx_word' id='word_1_821' title='bbox 1493 2537 1607 2571; x_wconf 89' lang='lat' dir='ltr'><strong>idipsum</strong></span> <span class='ocrx_word' id='word_1_822' title='bbox 1622 2537 1668 2563; x_wconf 90' lang='lat' dir='ltr'><strong>tri-</strong></span> 
     </span>
    </p>
   </div>
   <div class='ocr_carea' id='block_1_110' title="bbox 883 2582 1667 2612">
    <p class='ocr_par' dir='ltr' id='par_1_110' title="bbox 883 2582 1667 2612">
     <span class='ocr_line' id='line_1_110' title="bbox 883 2582 1667 2612; baseline -0.003 -1"><span class='ocrx_word' id='word_1_823' title='bbox 883 2584 951 2612; x_wconf 87' lang='lat' dir='ltr'><strong>buit.</strong></span> <span class='ocrx_word' id='word_1_824' title='bbox 970 2583 1072 2611; x_wconf 85' lang='lat' dir='ltr'><strong>Scribit</strong></span> <span class='ocrx_word' id='word_1_825' title='bbox 1084 2584 1155 2611; x_wconf 87' lang='lat' dir='ltr'><strong>enim</strong></span> <span class='ocrx_word' id='word_1_826' title='bbox 1167 2591 1263 2611; x_wconf 84' lang='lat' dir='ltr'><strong>rursus</strong></span> <span class='ocrx_word' id='word_1_827' title='bbox 1279 2593 1285 2610; x_wconf 94' lang='lat'>:</span> <span class='ocrx_word' id='word_1_828' title='bbox 1301 2592 1310 2609; x_wconf 83' lang='lat' dir='ltr'><strong>l</strong></span> <span class='ocrx_word' id='word_1_829' title='bbox 1331 2583 1481 2610; x_wconf 79' lang='lat' dir='ltr'><strong>Eteramus</strong></span> <span class='ocrx_word' id='word_1_830' title='bbox 1502 2588 1598 2610; x_wconf 88' lang='lat' dir='ltr'><strong>natura</strong></span> <span class='ocrx_word' id='word_1_831' title='bbox 1620 2582 1667 2609; x_wconf 83' lang='lat' dir='ltr'><strong>ﬁlii</strong></span> 
     </span>
    </p>
   </div>
   <div class='ocr_carea' id='block_1_111' title="bbox 883 2629 1668 2665">
    <p class='ocr_par' dir='ltr' id='par_1_111' title="bbox 883 2629 1668 2665">
     <span class='ocr_line' id='line_1_111' title="bbox 883 2629 1668 2665; baseline -0.003 -7"><span class='ocrx_word' id='word_1_832' title='bbox 883 2631 941 2665; x_wconf 76' lang='lat' dir='ltr'><strong>iraa,</strong></span> <span class='ocrx_word' id='word_1_833' title='bbox 953 2632 1023 2658; x_wconf 85' lang='lat' dir='ltr'><strong>sicut</strong></span> <span class='ocrx_word' id='word_1_834' title='bbox 1037 2630 1163 2658; x_wconf 80' lang='lat' dir='ltr'><strong>etcauteri</strong></span> <span class='ocrx_word' id='word_1_835' title='bbox 1176 2631 1199 2647; x_wconf 88' lang='lat'><strong>&quot;</strong></span> <span class='ocrx_word' id='word_1_836' title='bbox 1213 2638 1220 2663; x_wconf 87' lang='lat'>;</span> <span class='ocrx_word' id='word_1_837' title='bbox 1234 2630 1281 2657; x_wconf 86' lang='lat' dir='ltr'><strong>sed</strong></span> <span class='ocrx_word' id='word_1_838' title='bbox 1301 2630 1385 2657; x_wconf 84' lang='lat' dir='ltr'><strong>abluti</strong></span> <span class='ocrx_word' id='word_1_839' title='bbox 1397 2630 1474 2662; x_wconf 83' lang='lat' dir='ltr'><strong>estis,</strong></span> <span class='ocrx_word' id='word_1_840' title='bbox 1499 2630 1597 2664; x_wconf 87' lang='lat' dir='ltr'><strong>inquit,</strong></span> <span class='ocrx_word' id='word_1_841' title='bbox 1621 2629 1668 2656; x_wconf 85' lang='lat' dir='ltr'><strong>sed</strong></span> 
     </span>
    </p>
   </div>
   <div class='ocr_carea' id='block_1_112' title="bbox 882 2675 1665 2712">
    <p class='ocr_par' dir='ltr' id='par_1_112' title="bbox 882 2675 1665 2712">
     <span class='ocr_line' id='line_1_112' title="bbox 882 2675 1665 2712; baseline -0.004 -8"><span class='ocrx_word' id='word_1_842' title='bbox 882 2677 1042 2705; x_wconf 81' lang='lat' dir='ltr'><strong>sanetiticati</strong></span> <span class='ocrx_word' id='word_1_843' title='bbox 1055 2677 1132 2710; x_wconf 87' lang='lat' dir='ltr'><strong>estis,</strong></span> <span class='ocrx_word' id='word_1_844' title='bbox 1153 2676 1293 2712; x_wconf 82' lang='lat' dir='ltr'><strong>justillcati</strong></span> <span class='ocrx_word' id='word_1_845' title='bbox 1306 2676 1372 2703; x_wconf 85' lang='lat' dir='ltr'><strong>estis</strong></span> <span class='ocrx_word' id='word_1_846' title='bbox 1387 2676 1413 2702; x_wconf 91' lang='lat' dir='ltr'><strong>in</strong></span> <span class='ocrx_word' id='word_1_847' title='bbox 1434 2676 1542 2702; x_wconf 87' lang='lat' dir='ltr'><strong>nomine</strong></span> <span class='ocrx_word' id='word_1_848' title='bbox 1559 2675 1665 2708; x_wconf 82' lang='lat' dir='ltr'><strong>Domini</strong></span> 
     </span>
    </p>
   </div>
   <div class='ocr_carea' id='block_1_113' title="bbox 882 2721 1626 2758">
    <p class='ocr_par' dir='ltr' id='par_1_113' title="bbox 882 2721 1626 2758">
     <span class='ocr_line' id='line_1_113' title="bbox 882 2721 1626 2758; baseline -0.008 -6"><span class='ocrx_word' id='word_1_849' title='bbox 882 2724 967 2752; x_wconf 89' lang='lat' dir='ltr'><strong>nostri</strong></span> <span class='ocrx_word' id='word_1_850' title='bbox 983 2723 1046 2752; x_wconf 80' lang='lat' dir='ltr'><strong>Jesu</strong></span> <span class='ocrx_word' id='word_1_851' title='bbox 1060 2723 1173 2757; x_wconf 87' lang='lat' dir='ltr'><strong>Christi,</strong></span> <span class='ocrx_word' id='word_1_852' title='bbox 1185 2728 1212 2751; x_wconf 90' lang='lat' dir='ltr'><strong>et</strong></span> <span class='ocrx_word' id='word_1_853' title='bbox 1231 2724 1257 2750; x_wconf 88' lang='lat' dir='ltr'><strong>in</strong></span> <span class='ocrx_word' id='word_1_854' title='bbox 1274 2723 1375 2758; x_wconf 77' lang='lat' dir='ltr'><strong>Spiritu</strong></span> <span class='ocrx_word' id='word_1_855' title='bbox 1394 2722 1447 2750; x_wconf 85' lang='lat' dir='ltr'><strong>Dei.</strong></span> <span class='ocrx_word' id='word_1_856' title='bbox 1464 2721 1596 2753; x_wconf 58' lang='lat' dir='ltr'><strong>nostri&quot;.</strong></span> <span class='ocrx_word' id='word_1_857' title='bbox 1608 2731 1626 2746; x_wconf 47' lang='grc' dir='ltr'><strong>ν»</strong></span> 
     </span>
    </p>
   </div>
   <div class='ocr_carea' id='block_1_114' title="bbox 1419 2810 1665 2843">
    <p class='ocr_par' dir='ltr' id='par_1_114' title="bbox 1419 2810 1665 2843">
     <span class='ocr_line' id='line_1_114' title="bbox 1419 2810 1665 2843; baseline 0 -6"><span class='ocrx_word' id='word_1_858' title='bbox 1419 2811 1441 2827; x_wconf 77' lang='grc'><strong>⁵³</strong></span> <span class='ocrx_word' id='word_1_859' title='bbox 1462 2810 1472 2837; x_wconf 92' lang='lat' dir='ltr'><strong>l</strong></span> <span class='ocrx_word' id='word_1_860' title='bbox 1492 2811 1554 2839; x_wconf 85' lang='lat' dir='ltr'><strong>Cor.</strong></span> <span class='ocrx_word' id='word_1_861' title='bbox 1568 2819 1602 2843; x_wconf 81' lang='grc' dir='ltr'><strong>νι,</strong></span> <span class='ocrx_word' id='word_1_862' title='bbox 1622 2811 1665 2841; x_wconf 76' lang='lat' dir='ltr'><strong>ll.</strong></span> 
     </span>
    </p>
   </div>
  </div>
