1937 3036
241 196 253 224 1
260 195 311 223 NE

753 187 781 214 S.
802 187 936 214 CYKILLI
956 185 1190 213 ALEXANDRlNl
1210 185 1370 213 ARCIIIEP.

1812 182 1878 210 ιιοι

278 256 307 283 Β.
327 255 367 281 Au
393 251 473 288 igitur
487 254 515 278 nt
534 250 603 277 Deus
619 248 749 284 justilicat
771 247 890 282 Spiritus
909 254 957 275 eos
980 246 1026 282 qui

1116 248 1145 274 B.
1167 245 1230 282 Ἆρ’
1241 243 1287 273 οὖν
1300 245 1338 277 ὡς
1353 244 1418 276 Θεὸς
1432 243 1530 271 δικαιοί
1545 243 1574 270 τὸ
1588 243 1701 278 Πνεῦμα
1715 242 1783 273 τοὺς
1797 242 1881 277 ήμαρ.

241 299 444 337 peccaverunt?

274 348 307 374 Α,
335 347 373 373 ita
395 351 516 380 prorsus,
537 341 633 369 amice.
655 340 710 368 Dco
730 339 802 367 cnim
832 339 881 366 soli
902 339 1030 366 convenit

239 391 464 429 praevaricatione
487 393 514 415 et
535 387 650 415 crimine
666 386 773 414 solvere
791 393 870 420 posse
883 385 1028 418 obnoxios,

241 445 291 466 nec
311 435 356 464 ulli
378 434 416 462 rei
439 433 526 460 alteri.
547 432 630 458 Deum
654 435 743 458 autent
763 435 790 458 et
807 438 840 457 ex
861 430 914 457 Deo
932 437 1030 457 secun-

240 484 304 511 dum
320 485 445 509 naturam
460 486 520 507 esse
533 477 664 512 Spiritum
681 476 773 503 multis
789 475 880 502 verbis
893 475 949 509 jam
967 478 1030 501 attte

239 526 498 557 demonstravimus.
522 524 674 558 iterumque
696 522 932 550 demonstraturus
957 527 1029 552 sum,

240 574 291 603 nisi
304 574 356 601 hac
369 572 395 600 in
408 579 438 599 re
449 570 501 598 sint
517 568 656 597 molestus.

275 666 305 694 Β.
326 664 418 692 Absit!
435 662 511 696 Quod
533 661 606 689 enim
629 664 671 688 est
695 658 776 691 utile,
799 657 869 692 apud
894 656 1030 691 aequiores

240 712 345 742 molesti
358 711 426 739 nihil
442 709 532 738 habet.

281 802 314 829 Α.
334 801 382 828 Dei
399 805 465 834 ergo
480 800 607 832 expertes
618 799 646 822 et
660 798 818 822 sanctorum
835 798 882 826 spe
895 794 1029 821 carentes.

241 848 268 876 in
283 847 383 875 mundo
400 845 511 879 degunt,
536 840 686 870 secundum
707 838 878 872 Scripturas,
893 836 939 870 qui
955 843 1032 862 crea-

243 900 330 921 turam
347 899 403 927 pra:
415 890 546 919 Creatore
563 892 590 915 et
604 885 706 921 Opilice
720 883 852 912 coluerint
863 882 897 908 “.

1080 293 1198 328 τηκότας
1210 301 1216 325 ;
1240 294 1244 298 '

1115 339 1148 365 Α.
1169 338 1244 364 Πάνυ
1269 337 1319 372 μὲν
1341 333 1396 368 οῦν,
1412 332 1435 363 ὧ
1457 336 1559 371 ἑταῖρε.
1574 334 1634 370 Θεῷ
1650 334 1714 369 ,γὰρ
1730 333 1765 360 ἂν
1784 333 1882 368 πρέποι

1081 385 1128 412 καὶ
1146 385 1219 420 μόνῳ
1244 382 1428 419 παραὸἁσεών
1444 391 1473 409 τε
1496 382 1544 408 καὶ
1559 381 1670 416 γραφῆς
1688 379 1830 407 ἀπολύειν
1844 380 1883 405 δύ-

1081 430 1179 458 νασθαι
1193 430 1256 461 τοὺς
1273 428 1478 464 ἐνισχημένους,
1495 428 1582 463 ἑτέρῳ
1596 435 1628 461 γε
1645 427 1700 462 μὴν
1720 426 1780 452 τῶν
1803 425 1882 451 ὄντων

1081 476 1178 503 οὐδενί.
1194 475 1259 506 Θεὸς
1276 475 1304 501 δὲ
1321 474 1368 501 καὶ
1391 474 1424 500 ὲκ
1444 473 1512 499 Θεοῦ
1527 473 1598 500 κατὰ
1613 473 1694 507 φύσιν
1714 471 1746 498 τὸ
1773 470 1884 501 Πνεῦμα

1081 523 1215 549 δέδεικται
1232 521 1282 556 μὲν
1296 522 1346 556 ήδη
1372 520 1419 547 καὶ
1433 520 1476 546 διὰ
1493 519 1606 555 μακρῶν
1626 520 1694 554 ἡμῖν
1710 518 1815 552 λόγων,
1834 517 1882 543 δεμ

1081 569 1211 604 χθήσεται
1227 568 1255 595 δὲ
1278 567 1399 599 ἐσαῦθις,
1414 567 1437 593 εί
1461 567 1499 601 μή
1516 575 1557 598 τις
1574 566 1632 600 εἴην
1649 564 1678 591 ἐν
1694 572 1728 598 γε
1744 563 1781 599 δὴ
1800 562 1882 598 τούτῳ

1083 614 1224 650 φορτικός.

1118 661 1147 687 Β.
1169 660 1225 687 Οὐκ
1247 660 1279 687 ἂν
1290 659 1405 694 γένοιτο.
1422 659 1459 685 Τὸ
1474 658 1529 693 γάρ
1545 665 1586 684 τοι
1601 656 1702 691 βλέπον
1723 655 1764 686 εἰς
1780 655 1884 690 limem,

1082 705 1230 741 οὐδαμόθεν
1247 705 1279 732 ἂν
1297 705 1352 740 ἔχοι
1367 705 1397 731 τὸ
1409 704 1505 731 λυπεῖν
1519 702 1598 735 ειὸὸς,
1614 702 1690 737 παρά
1706 709 1738 735 γε
1752 702 1813 732 τοῖς
1829 701 1883 726 ἐπι-

1083 751 1260 787 εικεστέροις.

1117 798 1149 823 Α.
1172 796 1264 822 Ἀθεοι
1282 795 1427 832 τοιγαροῦν
1447 795 1493 822 καὶ
1508 793 1616 824 ἐλπίδος
1629 791 1827 827 ἁγιοπρεποῦς
1840 800 1884 826 τη-

1083 842 1199 877 τώμενοι
1216 841 1382 868 διατελοῦσιν
1403 842 1431 868 ὲν
1446 840 1552 875 κόσμῳ,
1567 838 1638 866 κατὰ
1651 839 1701 869 τὰς
1717 837 1846 873 Γραφὰς,
1862 837 1882 863 οἱ

1083 889 1172 915 κτίσει
1192 887 1404 922 λελατρειικότες
1430 886 1506 922 παρὰ
1521 885 1567 912 τὸν
1583 885 1706 920 Kritz-rm
1727 885 1778 911 καὶ
1805 884 1883 918 Ποιη-

1048 925 1069 952 Β
1083 936 1143 972 τήν.

278 980 308 1007 Β.
327 979 364 1006 lta
383 986 425 1006 res
439 982 491 1005 est.

277 1027 310 1053 Α.
332 1024 408 1051 Nunc
424 1027 514 1050 atttem
538 1028 599 1048 cum
623 1026 801 1055 agnoscamus
820 1017 916 1050 Dcum,
938 1021 965 1043 et
986 1023 1031 1043 eo-

245 1071 312 1108 gniti
328 1071 412 1098 simus
426 1077 440 1096 a
466 1068 531 1100 Deo,
543 1066 664 1094 universi
680 1064 789 1092 Patrem
806 1069 834 1091 et
852 1064 935 1090 Deum
959 1061 1033 1089 noti-

244 1107 304 1145 mus
319 1124 368 1152 per
382 1115 478 1143 Filium
499 1114 525 1140 in
549 1111 661 1146 Spiritu.
688 1110 721 1138 Et
738 1109 815 1137 testis
833 1108 891 1143 ipse
906 1107 1032 1135 Salvator

244 1168 356 1194 noster,
387 1160 420 1188 de
449 1159 538 1193 seipso
563 1157 672 1191 quidem
702 1155 818 1183 dicens:
838 1163 847 1180 ι
868 1153 938 1181 Oves
963 1160 1030 1179 ιιιοω

243 1214 336 1236 vocem
361 1211 448 1233 meam
471 1202 594 1233 audiunt,
620 1204 648 1227 et
671 1203 823 1234 sequuntur
848 1204 892 1225 me
912 1206 918 1224 :
935 1201 962 1224 et
982 1205 1032 1231 ego

243 1256 326 1282 vitam
352 1257 481 1280 aeternam
507 1251 540 1277 do
558 1249 599 1276 eis
609 1247 644 1275 ⁵⁸.
676 1246 709 1274 Et
731 1252 865 1281 cognosco
889 1251 981 1277 meas,
1007 1248 1032 1271 et

234 1291 409 1336 cognoscunt
428 1304 471 1324 me
491 1294 602 1322 meat“.
617 1303 626 1319 ι
657 1293 693 1320 De
718 1291 821 1327 Spiritu
845 1298 909 1318 vero
932 1290 1032 1318 sanctis

244 1345 383 1381 discipulis
398 1353 404 1370 :
424 1351 434 1369 ι
450 1341 515 1370 Cum
542 1345 631 1367 autem
648 1339 752 1366 venerit
766 1337 934 1370 Paraclelus,
952 1343 1031 1371 quem

244 1400 295 1428 ego
317 1391 421 1418 mittam
439 1388 516 1416 vobis
540 1394 554 1413 a
577 1386 668 1417 Putre,
689 1384 821 1420 Spiritum
838 1383 972 1414 veritatis,
987 1382 1032 1417 qui

244 1447 259 1465 a
284 1438 363 1466 Patre
379 1434 512 1471 procedit,
536 1433 580 1459 ille
606 1431 792 1459 testintoniunt
819 1428 974 1464 perltibebit
999 1429 1032 1454 de

245 1492 287 1512 me
297 1483 330 1510 ".
349 1492 359 1509 ι
388 1482 484 1509 Annou
505 1485 570 1513 ergo
599 1476 748 1504 manifeste
771 1475 844 1502 Deus
869 1479 911 1502 est
932 1474 964 1506 is,
986 1473 1032 1508 qui

244 1529 368 1564 cognitus
381 1531 424 1555 est
438 1532 467 1553 ut
483 1526 565 1556 Deus,
580 1528 608 1551 et
624 1523 650 1550 in
672 1523 751 1550 nobis
765 1522 881 1554 habitat,
902 1529 957 1549 tton
974 1524 1032 1547 tan-

245 1582 327 1611 quam
356 1578 481 1601 creatura
509 1575 536 1598 et
557 1577 634 1605 opus,
655 1573 683 1597 et
710 1568 835 1596 servituti
860 1571 960 1595 nostra:
984 1569 1032 1594 ob-

245 1622 352 1652 noxius,
367 1619 414 1647 sed
428 1619 496 1646 liber
513 1617 662 1645 secundum
679 1619 815 1647 naturam,
841 1618 867 1641 et
886 1614 972 1649 ipsius
984 1620 1031 1641 ve-

249 1667 337 1694 ritatis
352 1665 481 1700 Spiritus,
501 1663 556 1690 into
576 1663 645 1697 ipsa,
662 1661 810 1688 secundum
827 1661 958 1687 unitatent
972 1667 1033 1686 ettnt

247 1712 315 1739 Filio
326 1731 333 1744 ,
350 1711 452 1737 veritas
467 1718 474 1736 :
490 1718 499 1734 ι
515 1707 634 1742 Spiritus
650 1706 723 1733 enim
744 1709 786 1732 est
803 1705 916 1736 veritas,
936 1711 1034 1731 secun-

246 1757 310 1784 dum
333 1755 489 1791 Scripturas
504 1763 511 1781 :
526 1753 626 1781 veritas
643 1756 742 1784 autem,
763 1749 932 1778 Christus“.
948 1759 957 1775 ι

1047 1600 1066 1628 C

280 1857 310 1884 Β.
331 1855 465 1883 Naturalis
483 1854 566 1888 igitur
581 1852 626 1880 illa
640 1859 701 1879 cum
719 1851 788 1878 Filio
807 1849 946 1883 identitas,
959 1849 1036 1877 sulti-

247 1904 319 1931 citnc
334 1901 411 1929 nobis
424 1901 457 1927 :td
474 1898 714 1927 demonstrandum
736 1896 959 1932 probanduntque
975 1895 1035 1930 Spi-

247 1951 327 1978 ritum
341 1956 401 1976 esse
417 1946 523 1975 Deum?
670 1937 673 1940 ’

276 1999 309 2024 Δ.
330 1996 368 2022 lta
384 1995 480 2030 plane,
505 1992 640 2027 siquidem
665 1998 735 2018 unus
763 1989 892 2017 Dominus
913 1996 974 2016 eum
1001 1989 1037 2016 sit

246 2043 341 2076 Filius,
369 2040 498 2068 Dominus
523 2043 564 2066 est
588 2037 678 2064 Pater.
702 2035 786 2071 648
806 2035 874 2063 Cum
897 2035 970 2062 ettim
996 2034 1035 2062 sic

247 2089 403 2118 concurrat,
425 2088 451 2112 et
475 2083 501 2111 in
522 2087 637 2116 utroque
655 2081 690 2108 sit
705 2080 909 2115 etintelligatur
926 2085 1036 2107 sanctus

248 2133 377 2167 Spiritus,
396 2135 499 2158 rectam
518 2128 643 2156 veritatis
655 2127 726 2154 viam
746 2126 863 2159 insistet,
884 2130 910 2153 et
928 2133 943 2153 τι
962 2131 1035 2153 recto

248 2186 329 2206 sensu
359 2177 516 2210 neutiquam
548 2173 685 2202 deerrabit
717 2173 824 2200 animus
855 2173 1035 2200 credentium.

248 2222 319 2250 Nam
349 2225 460 2256 propter
484 2219 653 2246 identitalem
678 2217 840 2245 substantize
862 2217 990 2245 Dominus
1011 2222 1038 2245 et

1119 982 1150 1009 Β.
1171 977 1234 1008 ’Ὧδε
1255 981 1322 1016 ἔχει.

1118 1030 1150 1055 Α.
1170 1029 1239 1055 Νυνὶ
1263 1028 1291 1055 δὲ
1315 1027 1423 1062 γνόντες
1449 1026 1527 1058 Θεὸν,
1543 1026 1590 1052 καὶ
1610 1023 1785 1058 ἐγνωσμένοι
1811 1022 1880 1056 παρᾶ

1082 1074 1161 1107 Θεοῦ,
1176 1075 1221 1101 τὸν
1242 1074 1297 1100 τῶν
1312 1074 1379 1100 ὅλων
1391 1073 1502 1108 Πατέρα
1518 1071 1565 1099 καὶ
1577 1071 1642 1097 Θεὸν
1659 1069 1831 1104 ἐγνώκαμεν
1846 1068 1882 1094 δι’

1083 1120 1148 1147 Υἱοῦ
1161 1121 1190 1147 ὲν
1207 1119 1357 1155 Πνεύματι.
1372 1119 1427 1146 Καὶ
1441 1119 1547 1155 μάρτυς
1559 1117 1642 1148 αὐτὸς
1652 1118 1666 1143 ὁ
1679 1115 1782 1151 Σωτὴρ
1794 1115 1880 1149 ἡμῶν,

1084 1166 1146 1201 περὶ
1163 1166 1212 1201 μὲν
1231 1165 1329 1192 ἑαυτοῦ
1345 1164 1432 1199 λέγων
1445 1172 1452 1179 ·
1471 1173 1480 1189 ι
1496 1163 1536 1190 Τὰ
1553 1163 1679 1199 πρόϐατα
1703 1161 1739 1188 τὰ
1767 1161 1826 1196 ἐμὰ
1836 1161 1883 1194 τῆς

1084 1211 1176 1245 φωνῆς
1191 1220 1240 1246 μου
1253 1210 1359 1242 ἀκούει,
1372 1210 1418 1236 καὶ
1434 1209 1611 1236 ἁκολουθοῦσί
1624 1217 1680 1243 μοι,
1694 1206 1777 1241 κάγὼ
1788 1207 1882 1240 δίδωμι

1083 1257 1174 1289 αὐτοῖς
1196 1257 1268 1292 ζωὴν
1281 1256 1390 1284 αἰώνιον
1402 1264 1408 1270 ·
1425 1256 1472 1282 καὶ
1487 1255 1614 1289 γινώσκω
1628 1253 1663 1280 τὰ
1680 1253 1749 1289 ὲμὲι,
1769 1253 1820 1279 καὶ
1842 1261 1881 1285 γι-

1085 1301 1218 1328 νώσκουσί
1237 1310 1269 1337 με
1284 1301 1318 1328 τὰ
1333 1301 1398 1336 ἐμά.
1415 1310 1423 1327 ι
1442 1300 1510 1335 Περὶ
1532 1300 1561 1327 δέ
1585 1308 1616 1332 γε
1639 1299 1686 1325 τοῦ
1710 1298 1881 1332 Πνεύματος.

1083 1349 1138 1380 τοῖς
1153 1348 1241 1382 ἁγίοις
1259 1347 1404 1382 μαθηταῖς·
1422 1347 1521 1373 «Ὅταν
1533 1346 1561 1373 δὲ
1577 1346 1643 1382 ἔλθῃ
1660 1346 1673 1371 ὀ
1690 1344 1881 1380 Παρὰκλητος,

1083 1394 1112 1421 ὃν
1138 1393 1192 1428 ἐγὼ
1213 1393 1314 1428 πέμψω
1339 1393 1402 1428 ὑμῖν
1419 1392 1493 1427 παρὰ
1518 1391 1564 1418 τοῦ
1588 1391 1707 1426 Πατρὸς,
1725 1390 1758 1416 τὸ
1772 1389 1883 1423 Πνεῦμα

1083 1440 1133 1474 τῆς
1148 1439 1286 1474 ἀληθείας,
1301 1438 1314 1464 ὃ
1329 1438 1404 1474 παρὰ
1414 1437 1460 1464 τοῦ
1476 1437 1582 1472 Πατρὶς
1602 1435 1798 1471 ἐκπορεύεται.
1815 1435 1877 1460 ἐκεῖ·

1083 1493 1128 1516 νος
1150 1485 1320 1520 μαρτυρήσει
1343 1484 1405 1519 περὶ
1422 1483 1499 1518 ἐμοῦ.
1518 1493 1527 1508 ι
1538 1481 1602 1517 ’Ἆρ’
1619 1481 1666 1508 οῦν
1681 1482 1743 1516 οὐχὶ
1759 1481 1827 1512 Θεὸς
1842 1482 1882 1506 ὲν-

1083 1531 1176 1566 αργῶς
1193 1531 1225 1557 τὸ
1239 1530 1276 1562 ὡς
1291 1530 1356 1561 Θεὸς
1370 1527 1553 1564 ἐγνωσμένον,
1569 1529 1616 1555 καὶ
1636 1529 1665 1554 ὲν
1686 1528 1756 1562 ἡμῖν
1781 1527 1880 1556 οἰκοῦν,

1083 1577 1132 1612 οὐχ
1155 1576 1193 1608 ὡς
1218 1576 1319 1611 κτίσμα
1343 1575 1390 1602 καὶ
1414 1574 1536 1610 γενητὸν,
1555 1574 1602 1601 καὶ
1619 1573 1730 1608 δουλεία
1760 1574 1794 1608 τῇ
1819 1573 1880 1599 καθ’

1085 1623 1158 1658 ἡμᾶς
1172 1622 1341 1657 ἐνεχόμενον,
1360 1620 1417 1647 ἀλλ’
1432 1621 1469 1652 ὡς
1483 1619 1626 1655 ἐλεύθερον
1639 1619 1714 1646 κατὰ
1730 1618 1825 1653 φύσιν,
1839 1618 1881 1644 καὶ

1085 1669 1170 1704 αὐτῆς
1186 1669 1307 1703 ὑπάρχον
1323 1667 1371 1702 τῆς
1386 1667 1514 1702 ἀληθείας
1533 1666 1563 1693 τὸ
1588 1666 1714 1700 Πνεῦμα,
1734 1665 1836 1700 μᾶλλον
1855 1665 1880 1690 δὲ

1085 1714 1155 1749 αὑτὴ
1172 1713 1233 1739 καθ’
1249 1713 1345 1739 ἕνωσιν
1359 1712 1408 1747 τὴν
1426 1711 1493 1747 πρὸς
1507 1712 1550 1738 τὸν
1562 1711 1631 1745 1Υἱὸν
1649 1712 1665 1746 ἡ
1680 1711 1812 1746 ἀλήθεια·
1831 1709 1880 1736 «Τὸ

1085 1759 1140 1795 γὰρ
1159 1758 1272 1794 Πνεῦμά
1296 1759 1369 1784 ἐστιν
1394 1759 1411 1793 ἡ
1435 1757 1558 1793 ἀλήθεια,
1583 1757 1655 1784 κατὰ
1682 1757 1733 1788 τὰς
1757 1756 1881 1792 Γραφὰς,

1087 1806 1200 1842 ἀλήθεια
1214 1806 1254 1838 δὲ,
1269 1806 1283 1831 ὁ
1296 1804 1422 1840 Χριστός.
1440 1814 1448 1830 ι

1121 1853 1151 1879 Β.
1177 1853 1210 1879 Ἥ
1225 1852 1292 1887 πρὸς
1310 1851 1355 1878 τὸν
1373 1851 1437 1878 Υἰὸν
1458 1847 1504 1877 οὖν
1526 1850 1578 1886 ἄρα
1605 1850 1709 1885 φυσικὴ
1734 1850 1880 1883 ταυτότης,

1087 1899 1124 1930 ὡς
1143 1898 1185 1933 εἴη
1199 1898 1229 1924 τὸ
1245 1897 1356 1932 Πνεῦμα
1371 1897 1448 1928 Θεὸς,
1466 1896 1574 1932 ἀπόχρη
1591 1895 1660 1931 πρὸς
1681 1895 1822 1927 ἀπόδειξιν
1839 1896 1881 1921 x21

1087 1943 1273 1979 πληροφορίαν
1293 1943 1375 1977 ἠμῑν;

1121 1992 1153 2017 Λ.
1176 1989 1241 2022 Ναὶ,
1254 1989 1331 2024 εἴπερ
1348 1989 1406 2020 ἑνὸς
1421 1988 1498 2018 liv-:0;
1512 1988 1616 2023 Κυρίου
1628 1987 1675 2013 τοῦ
1692 1987 1767 2017 Υἱοῦ,
1781 1986 1882 2020 Κύριός

1088 2037 1160 2064 ἐστιν
1177 2038 1191 2063 ὁ
1204 2036 1308 2071 Πατήρ.
1328 2034 1534 2066 Συνεισθὲοντος
1551 2033 1605 2069 γὰρ
1618 2033 1701 2065 οὕτω,
1719 2033 1766 2060 καὶ
1783 2034 1814 2059 ὲν
1830 2034 1881 2068 ἀμ-

1089 2084 1148 2118 φοῖν
1171 2082 1246 2114 ὄντος
1266 2091 1296 2108 τε
1318 2081 1365 2108 κα)⁸
1387 2080 1532 2115 νοουμένου
1552 2079 1599 2106 τοῦ
1617 2079 1697 2113 ἁγίου
1712 2078 1880 2114 Πνεύματος,

1088 2129 1148 2156 κατ’
1162 2129 1227 2155 εὐθὺ
1246 2128 1296 2163 τῆς
1309 2127 1437 2163 ἀληθείας
1449 2127 1600 2162 οἰχήσεται,
1619 2125 1667 2151 καὶ
1681 2125 1736 2151 τῶν
1750 2126 1789 2156 εἰς
1803 2125 1881 2160 ὀρθό-

1088 2183 1159 2210 τητα
1181 2173 1325 2209 νοημάτων
1346 2174 1523 2208 ἀμοιρήσειεν
1546 2171 1578 2198 ἃν
1602 2171 1661 2198 οὔτι
1685 2180 1737 2197 που
1763 2171 1817 2197 τῶν
1841 2179 1881 2197 πε-

1090 2220 1238 2246 στευόντων
1252 2220 1265 2245 ὁ
1280 2219 1352 2251 νοῦς.
1374 2219 1422 2246 Διὰ
1444 2219 1498 2254 γάρ
1519 2227 1560 2244 τοι
1582 2218 1613 2244 τὸ
1629 2218 1657 2245 ἐν
1680 2217 1762 2252 οὐσία
1773 2218 1879 2247 ταυτὸν,

248 2270 320 2296 Deus
346 2266 466 2301 Spiritus
487 2269 546 2296 est,
570 2270 657 2298 eoque
685 2263 795 2291 nomine
820 2263 891 2298 apud
919 2263 1033 2290 divinam

1090 2266 1191 2302 Κύριός
1209 2275 1238 2292 τε
1255 2266 1302 2292 καὶ
1316 2265 1382 2297 Θεὸς
1401 2265 1432 2291 τὸ
1453 2264 1565 2300 Πνεῦμά
1579 2264 1663 2294 ἐστιν,
1680 2262 1754 2289 οὕτω
1772 2271 1802 2288 τε
1816 2263 1879 2289 ὠνὼ

249 2315 418 2348 Scripturam
443 2310 599 2345 insignitur.
625 2308 738 2336 Divinus
759 2309 859 2336 etenint
885 2309 979 2342 lsaias,
1005 2311 1038 2338 tle

249 2359 379 2388 lsraelitis
397 2367 405 2385 :
424 2366 434 2382 ι
457 2355 600 2384 Descendit
623 2355 741 2390 Spiritus
761 2364 776 2383 a
791 2356 916 2390 Domino,
941 2357 1036 2392 inquit,

249 2412 276 2434 et
288 2405 399 2432 deduxit
414 2410 462 2430 eos
476 2413 483 2431 :
498 2402 536 2430 sic
553 2402 690 2429 adduxisti
706 2402 833 2437 populum
851 2407 936 2435 tuum,
953 2407 982 2430 ut
998 2402 1039 2430 fa-

249 2458 326 2480 ceres
348 2450 396 2477 tibi
420 2456 518 2476 nomen
543 2448 635 2484 gloriae
650 2449 684 2476 5’.
701 2457 711 2474 ι
739 2448 851 2484 Magnus
877 2455 967 2476 autent
995 2449 1039 2476 ille

251 2497 357 2530 Moyses
377 2494 518 2521 Domittunt
535 2498 562 2521 et
575 2493 659 2521 Deum
676 2492 808 2528 Spiritum
823 2501 884 2521 cum
909 2501 1038 2529 agnosce-

251 2548 300 2572 ret.
324 2541 423 2568 alicubi
446 2540 484 2567 sic
499 2539 576 2568 iniit:
595 2549 604 2566 ι
623 2540 753 2567 Dominus
776 2540 851 2568 solus
867 2540 943 2568 duxit
966 2540 1036 2574 illos,

249 2593 276 2616 et
289 2595 342 2615 non
356 2591 415 2614 erat
439 2593 501 2614 cum
516 2585 569 2613 illis
584 2585 654 2613 Deus
677 2585 785 2613 alienus
795 2586 829 2612 °°.
844 2595 853 2612 )
872 2586 905 2613 Et
918 2587 1038 2621 alloque.

249 2635 327 2662 batur
341 2633 449 2668 quidem
470 2632 496 2659 itt
510 2632 617 2659 cantico
634 2631 772 2658 lsraelitas
787 2641 794 2659 :
813 2641 822 2657 ι
839 2631 942 2659 Memor
966 2638 1036 2666 esto,

249 2688 285 2707 ne
310 2678 496 2710 obliviscaris,
530 2682 660 2712 quantum
686 2677 859 2705 exacerbaris
893 2678 1037 2706 Dominum

251 2726 334 2754 Deum
351 2731 425 2752 tuum
442 2724 469 2751 in
484 2725 591 2752 deserto
602 2723 635 2751 “.
652 2732 662 2749 ι
688 2723 849 2759 Significans
862 2730 954 2752 autem
975 2733 1036 2753 rur-

250 2779 297 2800 sus
309 2769 499 2798 exucerbatum
522 2769 666 2797 Dominum
686 2776 718 2797 ac
734 2769 831 2802 Deum,
847 2773 977 2806 propheta
996 2772 1038 2799 in-

263 2885 266 2888 -
287 2868 310 2884 ⁵⁵
329 2868 428 2903 Epltes.
447 2877 485 2900 tt,
511 2869 559 2902 ης
583 2869 663 2897 Rom.
680 2878 706 2902 ι,
721 2871 766 2898 25.
818 2871 841 2886 "
861 2870 939 2898 Joan.
956 2879 987 2903 x,
1001 2871 1047 2899 9.7.

250 2904 274 2921 ⁸³
292 2904 344 2932 lsa.
364 2911 440 2938 thtt,
458 2904 498 2932 Η.
537 2905 559 2920 ⁸⁸
581 2906 657 2932 Deut.
674 2913 759 2940 χχχιι,
782 2905 824 2933 12.
863 2907 884 2922 ⁶¹
905 2906 982 2934 Deut.
1002 2915 1039 2939 ιχ,
1057 2907 1082 2933 7.

1093 2321 1194 2348 μασται
1217 2312 1293 2348 παρὰ
1315 2313 1348 2347 τῇ
1375 2311 1544 2346 θεοπνεύστῳ
1569 2311 1676 2345 Γραφῇ.
1689 2310 1807 2341 Ἡσαΐας
1835 2309 1881 2344 μὲν

1091 2359 1146 2394 γὰρ
1169 2360 1182 2385 ό
1203 2358 1364 2392 θεσπέοιος,
1392 2358 1455 2393 περὶ
1480 2357 1533 2384 τῶν
1559 2357 1590 2389 ἐξ
1612 2357 1731 2391 αἵματος
1752 2357 1880 2392 Ἰσραήλ·

1094 2413 1104 2430 1
1117 2405 1228 2440 Κατέϐη
1244 2404 1356 2440 Πνεῦμα
1372 2404 1446 2440 παρὰ
1462 2403 1574 2440 Κυρίου,
1589 2403 1667 2438 φησὶ,
1682 2403 1729 2429 καὶ
1741 2402 1879 2437 ὡδήγηςει

1092 2451 1204 2482 αὐτούς·
1232 2451 1318 2482 οὕτως
1344 2451 1446 2486 ἤγαγες
1467 2450 1512 2476 τὸν
1535 2449 1600 2476 λαόν
1627 2457 1687 2481 σου,
1702 2448 1749 2475 τοῦ
1773 2450 1882 2480 ποιῆσαι

1092 2496 1199 2531 σεαυτῷ
1209 2496 1294 2530 ὄνομα
1310 2495 1399 2530 δόξης.
1411 2505 1420 2521 t
1440 2495 1543 2530 Μωσῆς
1558 2495 1586 2521 δὲ
1599 2496 1613 2521 ὁ
1629 2494 1840 2530 μέγας,Κύριόν
1855 2502 1881 2519 τε

1092 2543 1138 2569 καὶ
1155 2542 1221 2568 Θεὸν
1246 2542 1276 2568 τὸ
1296 2542 1408 2577 Πνεῦμα
1421 2541 1508 2574 εἰδὼς,
1525 2540 1576 2568 ὧδέ
1596 2542 1634 2576 πή
1649 2550 1732 2577 φυγεῖν
1759 2551 1767 2567 ι
1784 2541 1881 2577 Κύριος

1093 2588 1172 2623 μόνος
1186 2585 1253 2623 ἦγεν
1271 2587 1379 2620 αὐτοὺς,
1396 2588 1442 2614 καὶ
1462 2588 1512 2614 οὐκ
1525 2585 1558 2623 ἦν
1574 2589 1634 2622 μετ’
1650 2587 1742 2613 αὐτῶν
1758 2586 1824 2617 Θεὸς

1090 2635 1204 2670 λότριος.
1219 2645 1227 2660 ι
1239 2635 1294 2662 Καὶ
1304 2635 1473 2670 προσεφώνει
1486 2635 1534 2670 μὲν
1547 2636 1575 2661 ἐν
1587 2635 1641 2670 ιξῆῇ
1653 2636 1710 2666 τοῖς
1722 2634 1752 2666 ἐξ
1765 2633 1880 2669 Ἰσραήλ·

1093 2691 1101 2706 ι
1117 2681 1269 2717 Μνήσθητι,
1286 2682 1324 2717 μὴ
1344 2681 1459 2717 ἐπιλάθῃ
1476 2682 1525 2708 ὅσα
1543 2680 1709 2716 παρώξυνας
1724 2680 1826 2714 Κύριον
1839 2679 1881 2704 τὸν

1090 2727 1154 2754 θεόν
1178 2736 1224 2754 σου
1245 2729 1273 2755 ἐν
1295 2729 1329 2764 τῇ
1352 2728 1458 2764 ἐρήμῳ.
1474 2737 1482 2753 ι
1502 2727 1726 2762 Κατασημαίνων
1742 2727 1771 2753 δὲ
1790 2725 1822 2752 αὖ
1840 2725 1879 2751 τὸν

1089 2773 1291 2808 παροξυνθέντα
1314 2773 1415 2809 Κύριον
1433 2773 1479 2800 καὶ
1493 2772 1559 2799 Θεὸν
1584 2774 1598 2799 ὁ
1623 2773 1769 2808 προφήτης
1791 2771 1879 2806 φησί-ι·

1097 2873 1119 2888 ⁸⁵
1141 2873 1206 2902 Ibid.
1224 2875 1266 2902 lli.

1329 2875 1352 2890 "
1372 2874 1450 2902 Joan.
1469 2882 1512 2908 xv,
1539 2873 1583 2901 26.
1646 2874 1669 2890 "
1689 2874 1698 2900 l
1722 2873 1795 2901 loan.
1811 2879 1840 2905 v,
1853 2869 1878 2898 ϐ.
