1937 3036
67 99 178 131 1105

635 104 679 132 DE
699 104 748 131 SS.
771 103 956 133 TRINITATE
976 104 1148 135 DlALOGUS
1166 105 1221 134 VII.

1665 111 1732 139 1N6

71 168 89 184 ι
111 161 170 188 Οὐ
196 161 319 197 πρέσϐυς
344 161 404 188 οὐδὲ
430 160 555 195 ἄγγελος,
580 161 638 188 ἀλλ’
654 162 734 194 αὐτὸς
758 163 772 189 ὁ
795 162 894 198 Κύριος

949 164 1006 199 quit
1023 173 1029 191 :
1048 173 1060 190 ο
1072 164 1129 192 Νοη
1151 164 1267 200 legatus,
1285 171 1372 200 neque
1398 165 1519 201 angelus,
1542 167 1593 194 sed"
1610 167 1667 202 ipse
1684 169 1734 196 De

67 205 209 234 ἔσωσεν
225 208 335 241 αὐτοὺς,
350 207 394 234 διὰ
406 207 435 234 τὸ
447 208 556 242 ἀγαπᾷν
569 209 679 239 αὐτοὺς.
697 209 744 235 καὶ
759 209 894 243 φείδεσθαι

72 252 208 280 αὐτῶν.
227 253 313 284 Λὺτδς
326 252 497 287 ἐλυτρώσατο
516 253 624 285 αὐτοὺς,
642 254 689 280 καὶ
702 254 832 282 ἀνέλαϐεν
847 255 894 281 αὐ-

71 298 179 331 τοὺς,
195 298 242 325 καὶ
256 298 364 333 ὕψωσεν
377 299 475 330 αὐτοὺς
487 299 577 330 πάσας
591 299 640 331 τὰς
657 300 761 334 ἡμέρας
770 299 817 327 τοῦ
829 301 896 327 αἰῶ-

73 350 159 374 νος,
175 345 256 371 αὐτοὶ
277 344 305 371 δὲ
325 344 488 379 ἠπείθησαν,
505 345 553 371 καὶ
565 345 726 380 παρώξυναν
739 346 770 372 τὸ
784 346 895 382 Πνεῦμα

73 389 119 414 τὺ
146 390 232 425 ᾰγιον
255 390 348 422 αὑτοῦ,
369 391 417 418 καὶ
439 391 562 426 ἐστράφη
585 392 676 423 αὐτοῖς
697 393 737 424 εἰς
759 392 868 428 ἔχθραν,
882 401 891 418 ι

75 431 170 469 τΑρ⁹
184 436 247 472 οὐχὶ
262 435 354 470 σαφῶς
371 436 399 462 ἐν
420 444 451 470 γε
468 437 587 464 τουτοισὶ
600 437 630 463 τὸ
643 437 846 473 καταφοιτῆσάν
865 446 894 464 τε

75 481 149 506 καὶ
169 481 286 516 ὁδηγῶν
299 483 363 514 τοὺς
377 482 598 518 λελυτρωμένους
611 484 687 518 ᾶγιον
707 483 817 519 Πνεῦμα
839 484 894 511 Κύ-

80 527 163 559 ριὸν
176 536 207 554 τε
222 528 267 554 καὶ
284 527 360 560 Θεὸν,
371 528 420 554 οὐκ
434 528 581 563 ἀλλότριον,
594 530 727 556 ἀποκαλεῖ
738 537 745 562 ;
760 528 826 557 Εἶτα
837 530 894 562 πῶς

77 571 128 598 ἂν
153 574 201 610 εῐη
218 574 309 600 λοιπὸν
325 574 469 609 ἑτεροφνὲς
491 575 558 609 πρὸς
577 575 643 601 Θεὸν
665 575 695 602 τὸ
719 577 788 611 μήτε
805 577 894 611 διῳκι-

80 618 207 651 σμὲνον
230 619 365 652 οὺσιωδῶς
389 620 482 653 αὑτοῦ,
504 621 572 655 μήτε
590 621 643 655 μὴν
662 621 811 656 ἀλλότριον,
830 622 894 648 ἀλλ’

81 661 170 689 ἴδιον
184 664 281 696 αὐτοῦς
303 665 510 699 Παραθήγοντες
530 665 568 697 δὲ,
593 666 652 692 εἰπέ
666 674 722 700 μοι,
736 666 766 692 τὸ
783 666 894 701 Πνεῦμά

81 716 189 740 τινες,
203 710 273 736 κατὰ
296 710 356 737 τίνα
380 710 412 745 δὴ
434 710 534 745 τρόπον
561 711 756 746 παροργίζουσι
773 711 855 744 Θεόν;
876 713 892 747 ἢ

82 754 162 786 πῶς
185 754 217 781 ἂν
240 755 325 790 ἔχοιεν
338 755 422 790 ἐχθρὰ
443 757 549 791 φρονεῖν
564 757 710 791 ᾑρημένον,
728 755 768 789 οἷς
781 757 892 792 ἀντιφέ-

84 801 201 834 ρεσθαι
221 802 251 827 τὶ)
270 801 382 836 Πνεῦμα
400 801 489 834 δοκεῐ;

132 845 169 871 Β.
191 846 310 881 Φράσαις
322 845 355 872 ἂν
369 846 459 877 αὐτὸς·
476 846 521 873 σὺν
535 846 589 882 γὰρ
604 846 654 882 ἤδη
668 855 726 878 πως
747 847 794 873 καὶ
815 847 892 874 τοῦτο
909 843 928 870 Β

83 891 202 918 εἰπεῖν.

132 937 170 964 Α.
192 936 295 964 Οὐκοῦν
313 936 394 972 φαίην
415 937 448 964 ἂν
470 937 511 963 ὅτι
532 937 564 972 τῇ
591 937 658 972 πρὸς
671 937 738 964 Θεὸν
753 937 848 965 ἐνώςει
863 939 893 965 τὸ

85 983 219 1018 Πνεῦμα
235 983 300 1014 Θεός
310 992 316 998 ·
332 983 438 1017 γένοιτο
450 983 472 1009 δ’
487 983 520 1010 ἂν
534 983 670 1009 καὶτοῦτο
686 983 766 1015 εὐθὺς
783 984 823 1010 ὅτι
846 985 893 1019 μά-

87 1027 182 1054 λιστα
197 1028 336 1062 διαφανὲς,
351 1029 375 1055 εἰ
393 1028 440 1054 καὶ
458 1028 492 1054 δι’
508 1028 610 1064 ἑτέρων
621 1037 662 1060 τις
677 1029 764 1056 ἕλοιτο
776 1029 893 1056 διαστει-

87 1082 125 1107 χε
133 1082 160 1098 ιν
177 1073 297 1100 ἐννοιῶν.
314 1074 370 1099 Καὶ
393 1073 468 1107 γοῦν,
487 1074 517 1100 οὑ
534 1074 609 1108 τόπῳ
627 1074 673 1100 καὶ
695 1076 892 1110 περιορισμοίς,

87 1119 234 1154 ποσότητὶ
250 1127 279 1145 τε
294 1119 341 1145 καὶ
364 1119 473 1154 μέτροις
496 1119 675 1154 ὑποκειμένου
691 1120 758 1147 Θεοῦ
782 1121 893 1156 (πρέποι

87 1163 155 1198 γὰρ
171 1163 204 1190 ἂν
218 1164 316 1198 μᾶλλον
332 1164 405 1190 τουτὶ
416 1165 548 1199 γενητοῖς·
562 1164 662 1191 ἄποσον
672 1165 726 1201 γὰρ
739 1165 786 1192 καὶ
799 1167 894 1201 ἀπερι-

89 1210 221 1245 opt-nov,
236 1210 284 1236 καὶ
300 1210 443 1244 ἀμέγεθες.
457 1211 504 1237 καὶ
523 1212 572 1238 οὐκ
585 1212 613 1238 ὲν
627 1211 699 1238 θέσει
716 1214 747 1248 τῇ
764 1213 835 1239 κατὰ
849 1214 894 1240 τό·

91 1264 153 1281 πον
167 1256 269 1282 νοεῖται
281 1255 312 1281 τὸ
329 1255 416 1288 Θείον,
431 1256 547 1291 ἐπείπερ
568 1257 643 1283 ἐστὶν
661 1257 806 1292 ἀσώματον
826 1267 894 1286 παν-

91 1301 212 1335 τελῶς),
229 1301 349 1327 καὶαὺτὸ
372 1303 495 1336 φανεῖται
509 1302 539 1328 τὸ
552 1303 664 1337 Πνεῦμα
678 1304 733 1335 τοῖς
753 1304 803 1339 τῆς
821 1305 894 1337 θείας

92 1346 210 1380 ςὺςεως
233 1347 369 1381 ἐκπρεπὲς
392 1346 531 1382 ὶδιώμασι,
553 1349 600 1374 σὺν
615 1348 701 1383 Πατρι
723 1350 821 1385 τεικαὶ
837 1349 895 1385 Υὶῷ

91 1392 132 1418 τὰ
147 1393 237 1418 πάντα
248 1392 378 1427 πληροῦν,
390 1393 436 1419 καὶ
449 1393 478 1419 ὲν
492 1394 574 1420 πᾶσιν
586 1391 656 1420 εἶναι
668 1395 892 1429 πεπιστευμένον.

94 1438 176 1472 νΕῳη
194 1437 243 1472 μὲν
256 1438 309 1472 γάρ
322 1446 372 1464 που
388 1438 422 1464 δι’
437 1438 496 1469 ἑνὸς
508 1439 563 1465 τῶν
578 1440 724 1475 προφητῶν
737 1441 751 1466 ὁ
766 1441 852 1468 πάντα
867 1442 894 1467 ἐν

93 1484 169 1509 πᾶσι
187 1483 251 1514 θεός
262 1491 269 1498 ο
297 1492 306 1508 (
321 1483 366 1518 Μὴ
390 1483 449 1517 οὐχὶ
469 1483 514 1509 τὴν
528 1484 641 1519 οὐρανὸν
653 1485 700 1512 καὶ
712 1485 761 1521 τὴν
773 1486 824 1521 γῆν
841 1487 894 1520 ἐγὼ

92 1528 216 1564 πληρῶ;
236 1528 309 1562 λέγει
326 1528 438 1563 Κύριος.
455 1538 464 1554 ι
489 1529 641 1564 Περιτιθεὶς
654 1530 682 1556 δὲ
697 1530 727 1556 τὺ
748 1531 842 1566 χρῆμα
854 1532 892 1567 τῷ

93 1573 168 1608 Υἰῷ,
185 1573 305 1608 ἔγραφεν
320 1574 386 1607 ἡμῖν
409 1575 423 1599 ὁ
448 1573 554 1605 Παῦλος
566 1583 572 1589 ·
595 1575 644 1601 ‹.Ὀ
663 1576 793 1608 καταϐὰς,
813 1577 894 1608 αὑτός

93 1621 159 1645 ἐδτι
172 1619 219 1644 καὶ
231 1620 244 1645 ό
259 1619 362 1650 ἀναϐὰς
377 1619 504 1654 ὑπεράνω
521 1620 630 1647 πάντων
642 1620 696 1647 τῶν
707 1621 837 1656 οὐρανῶν,
851 1622 894 1648 ἵνα

95 1665 235 1701 πληρώσῃ
251 1665 285 1692 τὰ
300 1665 397 1692 πάντα.
414 1675 422 1691 ι
440 1666 620 1701 Ἀναμελῳρδεί
638 1667 666 1692 δὲ
684 1667 752 1702 πρὸς
767 1667 832 1694 Θεὸν
849 1668 894 1694 καὶ

94 1713 112 1738 ὁ
128 1711 273 1742 Θεσπέσιος
288 1711 370 1737 Δαΰίδ
383 1719 390 1726 ”
411 1720 419 1736 ι
437 1710 491 1737 Ποῦ
507 1711 632 1747 πορευθῶ
645 1712 698 1738 ἀπὸ
710 1711 757 1738 τοῦ
768 1713 894 1747 Πνεύμα-

95 1757 146 1787 τός
163 1765 221 1788 σου,
238 1757 284 1782 καὶ
302 1756 355 1782 ἀπὸ
370 1756 417 1782 τοῦ
434 1756 577 1791 προσώπου
594 1765 639 1782 σου
654 1756 703 1783 ποῦ
720 1758 812 1792 φύγω;
832 1758 893 1785 Ἐὰν

94 1802 193 1829 ἁναϐὦ
208 1802 249 1833 εἰς
264 1801 310 1828 τὸν
332 1802 456 1837 οὐρανὸν,
477 1802 508 1828 σὺ
526 1803 584 1829 ἐκεῖ
598 1801 636 1829 εἷ’
659 1803 706 1829 ἐὰν
729 1803 840 1831 καταϐῶ
855 1805 894 1836 εἰς

96 1848 146 1875 τὸν
170 1848 248 1884 ᾅδην,
268 1847 358 1883 πάρει.
376 1858 385 1873 ι
413 1848 516 1874 Οὐκοῦν
533 1849 557 1874 εἰ
573 1849 654 1880 τόπος
670 1849 756 1881 οὐδεὶς
775 1849 837 1876 ἔνθα
857 1849 894 1885 μὴ

96 1893 200 1920 ἔστιτὸ
213 1894 336 1929 Πνεῦμα,
352 1895 398 1920 καὶ
415 1894 582 1930 πληροῦντας
598 1895 631 1921 τὰ
650 1894 793 1922 πάντα.τοῦ
809 1896 894 1922 Πνεύ-

98 1949 197 1975 ματος,
211 1940 276 1972 Θεὸς
291 1940 304 1966 ὁ
317 1940 438 1976 πληρῶν,
454 1940 524 1968 κατὰ
540 1941 570 1967 τὺ
584 1941 637 1967 ὑπό
653 1949 698 1968 του
713 1941 802 1973 καλῶς
819 1942 895 1977 εἰρη-

100 1987 193 2020 μένον,
209 1987 250 2013 ὅτι
267 1996 276 2011 ι
293 1987 406 2022 Πνεῦμα
419 1986 522 2022 Κυρίου
541 1986 705 2023 πεπλήρωκε
731 1988 780 2023 τὴν
804 1988 894 2015 οἰκου-

100 2033 199 2068 μένην,
212 2033 258 2060 καὶ
271 2033 302 2060 τὸ
314 2033 425 2068 συνέχον
435 2034 469 2060 τὰ
482 2033 579 2065 πάντα,
590 2034 689 2068 γνῶσιν
703 2034 760 2069 ἔχει
774 2035 892 2070 φωνῆς’»

98 2078 161 2109 πῶς
185 2079 218 2106 ἂν
242 2079 348 2113 γένοιτο
370 2079 463 2106 λοιπὸν
480 2079 600 2116 ἄποπτόν
615 2088 644 2106 τε
663 2081 709 2107 καὶ
724 2081 892 2116 ὰσυμφανὲς,

97 2125 140 2150 ὅτι
163 2125 197 2159 τῇ
225 2125 292 2159 πρὸς
309 2124 374 2151 Θεὸν
399 2124 495 2151 ἐνώσει
521 2114 622 2161 φυσικῇ
638 2126 669 2152 τὸ
683 2114 795 2162 Πνεῦμα
807 2114 893 2160 Θεός;

99 2169 132 2196 ΕΞ
157 2169 186 2196 δὲ
210 2169 257 2196 καὶ
279 2169 383 2205 συνέχει
403 2170 437 2197 τὰ
459 2170 557 2202 πάντα,
574 2171 632 2203 πῶς
648 2171 680 2198 ἂν
696 2172 738 2207 εἴη
757 2172 864 2199 mea»:
878 2172 895 2207 ἢ

98 2216 227 2251 γενητὸν,
248 2216 335 2243 καίτοι
356 2217 403 2243 τοῦ
426 2216 523 2244 πάντα
539 2218 592 2244 πᾶν
614 2216 683 2249 εἶδός
707 2226 737 2244 τε
757 2218 802 2244 καὶ
817 2218 895 2252 γένος

99 2262 206 2294 οὐςίας,
228 2262 413 2297 πεποιημένης
423 2263 455 2296 ,δὲ
470 2263 600 2298 δηλονότι,
616 2264 823 2297 κατακλείοντος
839 2265 894 2291 ὥσ-

99 2316 155 2342 περ
171 2309 200 2334 ἐν
221 2307 320 2343 ἐαυτῷ,
338 2309 385 2335 καὶ
401 2308 493 2343 ἕτερον
512 2309 635 2344 ἐναργῶς
652 2309 726 2344 παρὰ
741 2310 829 2337 πάντα
842 2319 893 2337 κα-

99 2354 290 2386 ταδεικνὺντος
313 2354 344 2381 τὸ
367 2355 477 2390 συνέχον
500 2355 586 2389 αὐτάς
611 2357 643 2383 Ὃ
665 2356 693 2382 δὲ
708 2356 755 2393 μὴ
777 2357 849 2384 ἔστιν
864 2357 893 2383 ἐν

99 2399 196 2431 πᾶσιν,
213 2399 269 2426 ἀλλ’
286 2399 338 2431 ἔξω
362 2400 409 2426 τοῦ
427 2399 536 2433 πάντα,
553 2401 674 2435 φυσικῶς
702 2402 894 2438 ὑπερκείσεται

101 2453 155 2471 που
170 2444 204 2471 τὰ
218 2446 330 2480 γενητὰ,
346 2446 393 2472 καὶ
404 2446 452 2481 τὴν
464 2446 518 2473 τῶν
529 2447 593 2482 παρ’
602 2447 893 2483 αὑτοῦνπληρουμένων

98 2498 130 2516 τε
160 2489 207 2516 καὶ
233 2490 456 2526 συνειλημμένων
481 2491 656 2526 ὑπεραλεῖται
677 2492 766 2527 φύσιν.
785 2493 850 2525 Θεὸς
866 2494 892 2520 δὲ

100 2535 152 2570 ἤδη
167 2535 198 2562 τὸ
214 2535 285 2571 ὑπὲρ
300 2536 388 2563 κτίσιν
399 2544 405 2550 '
419 2537 435 2572 ἢ
451 2537 499 2563 οὐκ
514 2537 613 2572 ἀληθὲς
625 2538 639 2564 ὅ
652 2546 740 2573 φημις

137 2582 168 2607 Β.
189 2581 321 2617 Σύμφημι
332 2590 338 2596 “
358 2582 427 2618 πλὴν
440 2583 552 2618 ἐροῦντα
568 2584 622 2610 ἴσοι
634 2593 674 2611 τοι
689 2584 780 2618 πάλιν,
796 2585 834 2617 ὡς
851 2585 892 2621 εἴη

100 2627 132 2654 sb
158 2627 269 2662 Πνεῦμα
289 2628 397 2654 κτιστόν
420 2637 449 2654 τε
476 2629 521 2655 καὶ
538 2630 658 2665 γενητόν.
675 2630 740 2662 Θεὸς
762 2631 815 2666 γάρ
841 2631 893 2658 πού

101 2681 180 2708 (mat,
199 2673 417 2709 προσπεφώνηκέ
433 2683 473 2706 τις
497 2675 551 2701 τῶν
576 2676 760 2711 ἀρχαιοτέρων
776 2684 782 2690 ·
804 2676 893 2710 «Ἐγώ

102 2719 160 2754 εἰμι
173 2719 275 2755 Κύριος
294 2720 412 2755 στερεῶν
437 2720 560 2756 βροντὴν,
577 2722 624 2748 καὶ
651 2721 750 2754 κτίζων
774 2722 889 2757 πνεῦμα,

949 210 1037 238 minus
1052 211 1169 238 servavit
1184 218 1241 244 eos,
1260 211 1331 246 quod
1347 211 1470 247 diligeret
1489 219 1546 245 eos,
1567 217 1594 239 et
1609 219 1730 247 parceret

949 256 998 283 eis.
1013 255 1073 290 lpse
1088 256 1200 283 redemit
1220 263 1267 283 eos
1286 260 1313 284 et
1328 257 1456 284 exultavit
1472 265 1520 284 eos
1540 258 1665 286 omnibus
1678 259 1734 286 die-

948 300 1000 328 bus
1021 302 1112 329 saeculi
1133 301 1207 337 :ipsi
1234 307 1321 330 autem
1349 302 1479 330 increduli
1500 303 1621 335 fuerunt,
1645 308 1671 331 et
1687 311 1732 331 ex-

948 346 1111 374 aeerharunt
1125 346 1255 381 Spiritum
1269 353 1390 375 sanetum
1406 349 1474 382 ejus,
1490 353 1518 376 et
1532 356 1677 376 conversus
1691 355 1730 377 est

948 393 989 419 eis
1014 392 1040 420 in
1063 392 1231 420 inimicitiam
1244 393 1277 420 ⁶¹.
1312 392 1436 428 Nunquid
1461 394 1488 421 in
1521 394 1562 421 his
1587 394 1732 421 manifeste

949 442 1071 465 sanetum
1087 437 1228 472 Spiritum,
1243 439 1288 473 qui
1306 438 1415 466 deducit
1433 447 1465 466 ac
1479 439 1506 466 in
1525 440 1568 466 via
1584 439 1675 474 dirigit
1688 448 1731 467 re-

948 483 1079 517 demptos,
1104 483 1246 511 Dominum
1265 488 1292 511 et
1314 484 1407 517 Deum,
1431 492 1483 511 non
1502 484 1617 512 alienum
1642 485 1730 512 nomi-‘

949 529 1013 556 nat?
1027 529 1061 556 At
1076 536 1129 563 quo
1151 533 1229 562 pacto
1244 529 1353 557 demum
1374 530 1443 557 alius
1463 537 1476 556 a
1499 529 1553 556 Deo
1567 530 1618 556 erit
1634 530 1667 562 is,
1686 531 1731 564 qui

947 582 1033 609 neque
1051 575 1267 602 substantialiter
1290 574 1324 602 ab
1344 581 1377 602 eo
1398 574 1522 607 dissidet,
1540 582 1628 609 neque
1650 583 1732 609 porro

946 619 1050 647 alienus
1071 623 1113 648 est
1136 619 1169 647 ab
1195 627 1238 652 eo,
1262 620 1310 647 sed
1328 619 1386 653 ejus
1407 619 1553 654 proprius?
1570 619 1619 653 Qui
1643 625 1731 647 autem

947 666 1127 698 exaeerbant,
1151 665 1246 692 amabo
1272 669 1313 698 te,
1339 665 1486 700 Spiritum,
1511 673 1627 700 quonam
1653 672 1732 701 pacto

947 710 1030 738 Deum
1055 710 1237 738 exacerbant?
1259 714 1305 736 aut
1331 709 1466 743 quomodo
1492 710 1627 737 infensum
1655 710 1728 737 illum

947 756 1074 790 habeam,
1095 756 1193 792 quibus
1211 755 1328 791 Spiritus
1349 756 1487 783 adversari
1503 757 1627 784 videtur?

978 848 1007 875 li.
1042 847 1102 883 ipse
1115 847 1226 875 dixeris.
1243 846 1303 874 Jatn
1317 846 1389 874 enim
1403 846 1486 874 etiam
1506 846 1577 874 istud
1593 846 1730 881 explicare

944 897 996 921 tua:
1008 897 1070 921 sunt
1089 898 1188 928 partes.

980 938 1012 964 Λ.
1038 939 1128 965 Dicam
1144 938 1237 972 igitur,
1252 937 1356 964 unitate
1368 944 1428 964 eum
1448 937 1502 963 Deo
1517 936 1649 970 Spiritum
1672 944 1732 964 esse

944 985 1036 1012 Deum.
1054 983 1129 1016 Quod
1150 983 1403 1013 manifestissimmn
1425 989 1534 1016 quoque
1554 989 1615 1008 mox
1639 981 1730 1014 fuerit,
1755 986 1760 991 '

943 1031 965 1058 si
988 1030 1059 1056 aliud
1086 1030 1220 1056 rationum
1237 1029 1290 1056 iter
1309 1028 1436 1055 insistere
1455 1028 1533 1055 velis.
1551 1027 1655 1062 Quippe
1670 1035 1731 1054 cum

943 1075 1003 1102 loco
1021 1081 1046 1102 et
1061 1073 1370 1108 cireumscriptionilms,
1396 1073 1597 1108 quantitatique
1612 1077 1638 1099 et
1658 1080 1731 1099 men-

943 1121 1015 1148 suris
1039 1119 1110 1147 Deus
1133 1127 1187 1146 non
1208 1119 1244 1146 sit
1267 1118 1400 1146 obnoxius
1418 1118 1480 1152 (hoc
1505 1118 1577 1145 enim
1599 1117 1732 1144 creaturis

945 1166 1030 1200 magis
1048 1165 1174 1193 convenit
1190 1173 1196 1191 :
1213 1172 1275 1191 nam
1296 1169 1323 1192 et
1339 1164 1500 1198 quantitatis
1518 1171 1615 1197 expers
1634 1169 1685 1195 est,
1705 1168 1731 1189 et

945 1212 1074 1243 ambitus,
1088 1215 1115 1238 et
1135 1210 1338 1245 magnitudinis,
1361 1217 1411 1237 nee
1437 1209 1462 1236 in
1481 1209 1534 1236 situ
1555 1209 1673 1235 locorum
1690 1209 1731 1234 in-

946 1257 1076 1292 telligitur
1094 1263 1153 1283 esse
1176 1256 1259 1288 Dens,
1283 1262 1344 1282 eum
1371 1255 1450 1289 plane
1474 1254 1510 1281 sit
1532 1254 1730 1288 incorporeus).

945 1302 1003 1338 ipse
1021 1309 1130 1336 quoque
1147 1301 1265 1336 Spiritus
1281 1305 1384 1327 natura:
1399 1300 1498 1327 divinae
1522 1300 1731 1333 proprietatibus

946 1348 1113 1383 conspicuus
1134 1347 1284 1382 apparebit,
1307 1354 1369 1374 cum
1391 1346 1471 1373 Patre
1487 1350 1512 1374 et
1531 1346 1599 1373 Filio
1617 1345 1731 1380 impletis

945 1395 1046 1427 omnia,
1069 1399 1097 1421 et
1124 1394 1151 1420 in
1173 1393 1300 1420 omnibus
1321 1400 1380 1420 esse
1405 1391 1537 1419 creditus.
1564 1391 1637 1418 Dixit
1658 1393 1730 1430 enim

946 1440 1044 1468 alicubi
1061 1447 1108 1475 per
1124 1439 1240 1474 aliquem
1252 1439 1422 1473 prophetam,
1434 1437 1478 1464 ille
1490 1437 1591 1472 quiest
1601 1439 1690 1464 omnia
1704 1437 1730 1464 iu

946 1486 1073 1513 omnibus
1091 1486 1160 1512 Deus
1174 1493 1182 1512 :
1198 1494 1208 1510 ι
1224 1483 1317 1511 Nonne
1332 1485 1429 1511 ewlum
1450 1491 1482 1510 ac
1500 1488 1599 1510 terram
1617 1482 1731 1517 impleo?

947 1533 1011 1559 dicit
1037 1531 1212 1558 Dominus“.
1229 1539 1238 1556 ι
1263 1530 1379 1564 ldipsum
1402 1534 1492 1556 autem
1516 1528 1582 1556 Filio
1598 1529 1730 1560 tribuens,

945 1577 1027 1613 649
1037 1577 1178 1612 scripserit
1192 1576 1269 1604 trahis
1283 1575 1384 1603 Paulus
1399 1585 1406 1602 :
1426 1585 1435 1602 ‹
1450 1575 1499 1609 Qui
1512 1575 1660 1607 descendit,
1677 1575 1732 1609 ipse

946 1630 990 1652 est
1005 1629 1029 1652 et
1044 1625 1089 1659 qui
1108 1623 1229 1651 ascendit
1246 1631 1324 1658 supra
1343 1630 1437 1650 omnes
1456 1623 1549 1654 caelos,
1567 1628 1595 1649 ut
1610 1623 1733 1656 impleret

945 1671 1035 1697 omnia
1049 1670 1087 1696 "‘2
1104 1680 1112 1695 ι
1132 1669 1217 1696 David
1233 1676 1340 1703 quoque
1360 1668 1467 1695 divinus
1488 1670 1520 1695 ad
1537 1668 1617 1694 Dettm
1637 1668 1707 1694 eanit
1723 1674 1731 1693 :

949 1725 958 1742 ι
976 1716 1034 1749 Quo
1055 1716 1100 1743 iho
1126 1723 1138 1741 a
1158 1715 1260 1749 Spiritu
1287 1718 1343 1747 tuo,
1370 1718 1396 1740 et
1420 1721 1473 1748 quo
1497 1721 1511 1739 τι
1536 1713 1604 1740 facie
1630 1717 1672 1738 tua
1694 1712 1733 1738 τη-

946 1761 1036 1796 giam?
1050 1761 1078 1788 Si
1091 1761 1238 1788 ascendere
1253 1760 1280 1786 in
1292 1760 1402 1792 (mlum,
1415 1764 1441 1785 tu
1457 1759 1509 1785 illic
1524 1766 1573 1786 es:
1589 1758 1611 1785 si
1625 1759 1736 1786 descen-

945 1807 1011 1834 dero
1031 1807 1058 1834 in
1072 1806 1218 1838 infernum,
1242 1806 1306 1833 ades
1318 1806 1352 1833 ⁸⁵.
1368 1815 1377 1832 ›
1393 1805 1497 1840 Itaque,
1516 1805 1537 1832 si
1555 1804 1628 1832 locus
1643 1804 1733 1832 nullus

945 1857 987 1880 est
1000 1853 1042 1879 ubi
1065 1859 1117 1879 non
1133 1852 1168 1878 sit
1184 1851 1312 1885 Spiritus,
1327 1850 1495 1884 etimplente
1512 1850 1602 1877 omnia
1618 1849 1733 1884 Spiritu,

945 1899 1018 1926 Deus
1032 1903 1073 1925 est
1087 1898 1133 1931 qui
1149 1896 1253 1931 implet,
1266 1901 1322 1923 uta
1337 1896 1453 1931 quodam
1468 1901 1540 1923 recte
1553 1896 1653 1923 dictum
1669 1900 1731 1923 est:

948 1954 957 1970 ε
974 1943 1090 1978 Spiritus
1106 1942 1211 1970 Domini
1230 1942 1343 1976 replevit
1362 1941 1455 1969 orbem
1472 1946 1618 1974 terrarum,
1635 1945 1661 1968 et
1680 1942 1731 1969 hcc

946 1990 1018 2024 quod
1044 1989 1166 2016 continet
1189 1987 1291 2020 omnia,
1311 1987 1454 2015 scientiam
1479 1987 1559 2014 habet
1579 1987 1655 2014 vocis
1665 1987 1703 2019 “3;
1720 1997 1730 2013 1

947 2044 999 2071 quo
1022 2041 1100 2070 pacto
1120 2035 1228 2062 demum
1253 2034 1398 2062 obscurum
1421 2040 1480 2060 esse
1499 2033 1607 2066 poterit,
1631 2031 1733 2059 unitate

946 2090 1006 2109 eum
1023 2083 1076 2109 Deo
1097 2080 1213 2108 naturali
1236 2080 1367 2116 Spiritum
1383 2086 1443 2106 esse
1464 2079 1568 2106 Deum?
1582 2078 1629 2105 Sin
1644 2082 1732 2105 autem

947 2128 1035 2155 omnia
1054 2127 1186 2159 continet,
1202 2125 1339 2161 quomodo
1362 2130 1472 2154 creatus
1489 2126 1542 2153 erit
1565 2130 1611 2152 aut
1633 2125 1731 2158 iactus,

946 2181 1006 2200 eutn
1027 2173 1102 2205 illud,
1126 2171 1228 2205 onmia,
1246 2179 1353 2200 onmem
1377 2171 1494 2207 speciem
1519 2178 1551 2199 ac
1566 2179 1651 2205 genus
1668 2170 1732 2197 sub-

946 2219 1064 2251 stantiae,
1077 2219 1214 2252 productae
1233 2218 1371 2250 nimirum,
1395 2217 1421 2244 in
1444 2216 1536 2250 scipso
1555 2217 1732 2251 COIllpl‘CitCll-

947 2266 1002 2298 dat,
1021 2270 1048 2293 et
1067 2265 1139 2293 aliud
1159 2265 1192 2292 ab
1206 2265 1332 2292 omnibus
1346 2271 1406 2292 esse
1430 2263 1572 2291 manifeste
1589 2264 1731 2298 signiticet,

948 2311 974 2338 id
989 2311 1060 2345 quod
1076 2318 1106 2337 ea
1124 2310 1266 2338 continet?
1282 2309 1358 2343 Quod
1374 2314 1462 2337 autem
1478 2317 1529 2336 non
1545 2313 1586 2337 est
1606 2310 1630 2336 in
1644 2310 1732 2336 omni-

948 2356 1010 2389 bus,
1025 2356 1071 2383 sed
1086 2361 1162 2383 extra
1185 2355 1261 2389 illud,
1277 2356 1377 2388 omnia,
1397 2354 1556 2382 naturaliter
1579 2355 1672 2389 utique
1689 2362 1733 2382 res

946 2407 1050 2430 creatas
1064 2403 1186 2434 excedet,
1203 2407 1230 2429 et
1254 2409 1347 2429 eorum
1366 2409 1425 2435 qua:
1445 2401 1589 2436 implentur
1604 2405 1630 2427 et
1646 2400 1730 2427 conti-

946 2453 1045 2476 nentur
1058 2449 1091 2475 ah
1109 2448 1167 2482 ipso
1180 2453 1305 2475 naturam
1321 2447 1464 2475 transiliet.
1485 2446 1520 2473 At
1536 2446 1607 2481 quod
1621 2450 1731 2474 creatu-

946 2503 1002 2522 ram
1030 2498 1158 2530 superat,
1183 2494 1253 2521 Deus
1281 2499 1332 2522 est.
1359 2493 1452 2522 Nonne
1479 2501 1571 2520 verum
1595 2496 1636 2520 est
1661 2492 1732 2527 quod

947 2539 1026 2567 dico?

983 2585 1012 2612 ll.
1032 2585 1187 2618 Assentior;
1203 2589 1389 2613 verumtamen
1409 2585 1476 2613 scito
1501 2592 1594 2612 rursus
1612 2585 1733 2612 dicturos

948 2631 1018 2663 illos,
1036 2635 1156 2658 creatum
1172 2635 1199 2658 et
1218 2630 1318 2658 factum
1333 2638 1393 2658 esse
1408 2630 1550 2665 Spiritum.
1567 2630 1637 2658 Deus
1658 2630 1730 2657 enim

947 2678 1044 2706 alicubi
1064 2678 1161 2712 inquit,
1178 2683 1299 2704 veterum
1323 2677 1432 2711 quidam
1453 2677 1606 2704 iuelamavrt
1623 2686 1630 2704 :
1654 2685 1663 2702 ι
1678 2676 1733 2710 Ego

946 2732 1004 2751 sum
1024 2724 1162 2751 Dominus.
1180 2723 1291 2750 iirmans
1309 2722 1467 2756 tonitruum,
1492 2728 1519 2749 et
1537 2729 1634 2750 CI‘CMIS
1649 2721 1730 2757 spiri‘

139 2808 160 2823 "
179 2807 230 2836 [επ.
258 2816 336 2841 Lxm,
351 2809 378 2841 9,
400 2809 439 2835 l0.
480 2809 500 2825 ⁸³
520 2809 618 2850 Jcrem.
640 2811 772 2844 xxtnﬂl.
814 2811 835 2827 εί
857 2811 894 2846 Ep

949 2831 955 2839 .
974 2820 1011 2844 ιγ,
1027 2812 1067 2839 l0.
1108 2812 1128 2828 οδ
1149 2811 1218 2839 Psal.
1239 2818 1370 2844 cxxxvm,
1392 2811 1418 2844 7,
1435 2810 1460 2836 8.
1500 2810 1522 2824 "'
1544 2810 1607 2845 Sztp.
1623 2817 1642 2842 ι,
1660 2809 1686 2837 7.
