1937 3036
59 141 142 170 ΗΟΩ

102 203 138 229 Β.
160 201 223 234 Πῶς
242 201 328 237 ἕφηςι

102 248 140 273 Α.
163 247 221 273 οὐκ
241 244 439 273 ἀναϐιώσεσθαι
461 244 523 276 τοὺς
542 244 665 279 νεκροὺς,
683 245 728 272 καὶ
750 245 865 281 ἐγερθή-

60 294 171 321 σεσθαι
195 295 259 326 τοὺς
281 295 310 320 ἐν
333 294 389 325 τοῖς
417 293 569 328 μνημείοις,
591 292 689 326 λόγιον,
708 290 786 328 οἶμαί
803 301 865 325 που,

64 341 246 376 προφητικὸν
269 339 441 374 ἀνακεκραγὲ
464 347 493 364 τε
517 338 564 365 καὶ
589 338 669 373 ἡμεῖς
693 338 865 373 πιστεύομεν,

65 385 327 421 ἀναστοιχειοῢντος
341 385 413 420 ἡμᾶς
426 385 466 416 εἰς
480 384 552 419 ζωὴν
565 383 612 410 τοῦ
629 383 718 410 πάντα
731 384 868 419 ἰσχύοντος

64 431 156 461 Θεοῦ,
178 430 222 457 διὰ
239 429 285 456 τοῦ
305 429 382 463 ἁγίου
402 429 574 464 Πνεύματος;

106 477 141 504 Β.
165 476 229 509 Ναί,
249 476 422 512 μεμνήσομαι
446 475 500 510 γὰρ
524 474 569 500 τοῦ
592 474 726 510 μακαρίου
754 474 868 509 βοῶντος

64 520 171 552 Δπσιδ,
188 521 235 547 καὶ
260 520 304 546 τὴν
322 520 354 546 ἐκ
371 521 420 553 τῆς
444 519 580 554 ἁμαρτίας
603 519 680 555 ἡμῶν
705 519 810 546 ὄλισθον
828 521 868 551 εἰς

67 566 183 601 φθορὰν
198 566 245 592 καὶ
262 565 376 593 θάνατον
397 565 630 600 ἀναγεγραφότος,
651 565 697 592 καὶ
713 565 759 591 τὸν
773 565 804 591 ὲκ
819 565 869 600 τῆς

67 611 254 642 ἀναστάσεως
274 610 470 645 ἁνακαινισμδν
493 609 524 637 εὖ
553 610 626 646 μάλα
651 609 868 645 προῦμνηκότος.

70 656 152 690 "Egi;
173 655 228 691 γὰρ
243 653 293 682 ὦδε
310 655 378 691 πρὸς
392 655 476 682 Θεὸν·
495 665 504 681 ‹
517 655 749 691 Ἀποστρέψαντος
766 654 794 682 δέ
820 663 867 681 σου

66 700 103 726 τὸ
120 701 278 736 πρόσωπον,
293 700 526 736 ταραχθήσονται·
545 700 700 732 ἀντανελεῖς
716 700 745 726 τὸ
759 699 867 735 πνεῦμα

68 747 179 778 αὐτῶν,
192 747 240 774 καὶ
257 746 420 781 ἐκλείψονσι,
435 746 483 772 καὶ
499 737 540 778 είς
555 746 601 772 τὸν
618 745 682 781 χοῦν
701 745 790 772 αὐτῶν
808 746 868 772 ἐπι-

72 793 467 828 στρέψονσιν.Ἐξαποστελεῖς
489 791 520 818 τὸ
543 791 656 827 Πνεῦμα
676 799 732 824 σου1
748 791 795 818 καὶ
810 799 869 817 κτιο

73 839 239 874 σθήσονται.
254 839 300 866 καὶ
317 839 484 870 ἁνακαινιεῖς
497 838 527 864 τι
544 838 686 873 πρόσωπον
700 837 750 872 τῆς
763 837 824 872 γῆς.
838 846 847 862 ι

605 138 648 166 DE
668 139 716 167 SS.
738 137 925 168 TRINI'I‘ATE
946 139 1118 168 DIALOGUS
1137 139 1193 169 VII.

879 205 904 233 Α
952 201 983 229 Β.
1002 201 1142 235 Quomodo
1155 200 1269 229 dixisti?

1636 135 1700 164 illi]

955 247 987 274 Α.
1009 246 1136 282 Nunquid
1150 252 1272 274 mortuos
1289 247 1321 273 ad
1338 245 1420 272 vitam
1437 246 1591 272 revocatum
1605 241 1638 269 iri
1656 241 1701 276 qui

918 293 944 320 in
962 294 1144 321 monumentis
1154 293 1255 327 jacent,
1282 292 1481 327 propheticum,
1502 294 1532 317 ut
1546 296 1620 321 reor,
1634 295 1703 322 prae.

919 339 1018 366 dicavit
1044 339 1196 371 oraculum.
1222 342 1250 366 et
1276 345 1326 366 nos
1348 337 1496 370 credimus,
1518 335 1704 369 omnipotente

918 385 974 412 Deo
989 393 1037 413 nos
1049 386 1081 413 ad
1094 385 1176 413 vitam
1193 384 1338 413 reducente
1351 391 1399 419 per
1413 387 1537 411 sanctum
1555 378 1703 417 Spiritum?

955 475 985 503 Β.
1006 475 1044 502 lta
1066 479 1119 510 cst,
1136 475 1246 503 tuemini
1269 473 1343 502 enim
1368 474 1475 502 beatum
1493 471 1621 499 Davidem
1647 469 1703 497 cla-

920 529 1005 554 mare,
1021 526 1048 549 et
1061 521 1166 556 lapsum
1191 524 1314 548 nostrum
1340 527 1354 546 a
1370 523 1481 553 peccato
1500 518 1525 545 in
1547 516 1702 551 corruptio-

919 575 979 595 nem
1005 571 1032 595 et
1055 571 1170 594 mortem
1197 564 1367 598 describere,
1392 569 1420 592 et
1441 563 1642 592 renovationem
1672 569 1703 588 ex

920 613 999 649 651
1015 613 1215 640 resurrectione
1233 612 1326 646 utique
1347 611 1505 646 praecinere.
1527 609 1610 636 Deum
1633 607 1703 635 enim

919 661 959 688 sic
989 659 1189 694 compellabat:
1207 659 1381 686 «Avertente
1411 661 1501 684 autem
1534 659 1560 682 te
1591 654 1703 684 faciem.

920 705 1102 732 turbabuntur
1116 714 1123 732 :
1138 704 1248 732 auferes
1266 703 1391 738 spiritum
1405 709 1511 735 eorum,
1526 705 1553 728 et
1567 699 1705 732 deﬁcient,

919 756 946 778 et
965 750 991 778 in
1017 751 1154 786 pulverem
1180 757 1260 778 suum
1279 752 1460 777 revertentur.
1486 747 1601 774 Emittes
1618 745 1706 779 Spiri-

923 802 979 825 tum
1005 802 1099 831 tuum,
1127 802 1156 825 et
1181 796 1365 829 creabantur,
1391 800 1419 823 et
1440 793 1586 822 renovabis
1608 791 1705 820 faciem

921 846 1001 870 terra:
1009 842 1042 868 “.
1056 851 1067 867 ι

111 885 148 912 Α.
175 884 204 910 'O
215 884 304 911 τοίνυν
315 884 501 919 ἀναπλασμὺς,
516 883 568 917 ξκαὶ
583 884 599 919 ἡ
615 882 662 910 τοῦ
676 883 867 919 κατεφθαρμέ-

953 888 986 916 A.
1001 887 1091 921 Itaque
1104 886 1245 914 renovatio
1257 885 1314 918 illa,
1328 889 1355 912 et
1373 888 1506 918 corruptze
1519 883 1557 910 rei
1575 882 1609 910 ad
1630 881 1707 908 novi-

72 937 124 955 νου
142 929 300 966 μεταδρομὴ
315 930 383 966 πρὸς
404 930 578 964 καινουργίαο
592 937 621 956 τε
641 929 688 956 καὶ
702 929 868 964 ἅναμόρφω-

75 983 133 1008 σιν,
159 975 240 1012 ἔργον
264 975 297 1002 ἂν
316 975 421 1009 γένοιτο
433 996 440 1008 ,
461 975 532 1002 κατά
552 983 584 1009 γε
602 974 632 1000 τὸ
646 973 718 1006 εἰκὸς
735 974 781 1001 καὶ
794 974 868 1009 αὑτῷ

76 1030 126 1057 μοι
145 1020 241 1048 δοκοῦν
253 1019 281 1048 εὖ
300 1021 381 1056 ἔχειν,
398 1021 447 1056 τῆς
463 1021 549 1056 αὐτῆς
563 1020 669 1055 φύσεως
685 1029 713 1047 τε
730 1020 778 1048 καὶ
795 1022 869 1056 svsp-

74 1067 169 1101 γείας,
191 1064 225 1103 ἧς
243 1067 276 1094 ἂν
296 1067 416 1102 φαίνοιτο
433 1067 480 1093 καὶ
503 1066 533 1093 τὺ
548 1067 577 1092 ἐν
590 1067 687 1102 ἀρχαῖς
706 1067 868 1102 ἀπορρήτως

76 1113 315 1148 πλαστουργηθέν.

113 1158 148 1184 Β.
167 1157 310 1193 Σὺμιρημι.

114 1203 150 1229 Α.
166 1204 228 1235 Πῶς
240 1202 287 1231 οὖν
307 1204 361 1239 ἄρα
377 1203 408 1230 τὸ
425 1203 459 1230 δι’
471 1200 501 1230 οὗ
522 1203 569 1230 καὶ
587 1204 616 1230 ἐν
674 1203 739 1236 Θεὸς
760 1204 869 1239 ἐνεργὸς

76 1249 147 1284 περὶ
163 1249 212 1284 τὴν
230 1249 334 1283 κτίσιν,
357 1249 404 1277 καὶ
424 1249 478 1276 τῶν
492 1249 559 1276 ὅλων
582 1250 678 1285 ὁρᾶται
693 1250 868 1286 δημιουργὸς,

76 1295 197 1329 γενητὸν
211 1294 244 1322 ἂν
266 1296 309 1330 εἴη
331 1296 378 1322 καὶ
393 1296 567 1330 ὲκτισμένον;
581 1295 652 1330 Ὦρα
668 1295 722 1331 γὰρ
737 1296 787 1331 ἤδη
811 1304 870 1328 πως

77 1343 157 1377 ἡμᾶς
171 1342 259 1368 εἰπεῖν
275 1342 322 1375 ὡς,
341 1343 420 1378 εἴπερ
445 1339 496 1369 ὧδε
512 1343 583 1378 ἔχειν
599 1343 691 1378 {point
712 1343 742 1369 τὸ
753 1337 869 1379 χρῆμα,

77 1386 197 1422 κτιστὴν
218 1384 287 1413 εἶναι
310 1386 357 1413 τοῦ
384 1387 451 1414 Θεοῦ
470 1387 519 1423 τὴν
532 1388 673 1425 ἐνέργειαν
699 1388 747 1422 οὐχ
762 1388 871 1420 ἑκόντες

80 1430 294 1466 ὁμολογήσουσι.
310 1431 362 1458 Καὶ
378 1431 404 1458 τί
417 1428 602 1466 frob/155091;
617 1433 751 1468 Θεομισὴς
770 1432 872 1468 δυσφη-

81 1476 144 1510 μία,
157 1476 332 1511 παλίμφημοι
345 1477 437 1511 δόξαι,
457 1477 504 1504 καὶ
520 1478 569 1512 τῆς
588 1479 628 1509 εἰς
651 1479 735 1514 ἄκρον
752 1478 872 1514 ἡκούσης

79 1521 203 1556 ἀμαθίας
231 1522 400 1558 ἐγκλήματα.
419 1523 492 1558 Ἐρεῖ
511 1523 574 1559 γὰρ,
597 1521 691 1558 οἶμαι,
705 1524 748 1556 τὶς
760 1524 810 1559 τῆς
824 1525 871 1551 ἀν-

79 1567 163 1602 δράσι
172 1568 331 1603 πρεπούσης
339 1569 429 1602 σοφοῖς
438 1569 587 1604 εὐκοσμίας
597 1569 761 1605 ἡφειδηκὼς,
771 1570 873 1597 ἁπλοῦν
887 1567 910 1580 ¹¹

80 1615 130 1640 καὶ
142 1614 289 1641 ἀσύνθετον
303 1615 407 1650 κυρίως
427 1624 456 1642 τε
481 1617 528 1642 καὶ
554 1615 670 1651 πρώτως
690 1615 720 1642 τὸ
743 1616 832 1649 Θεῐον,
851 1614 874 1643 ὦ

80 1660 143 1690 τᾶν,
157 1659 208 1686 οὐκ
222 1660 254 1686 ὲκ
266 1651 373 1694 φύσεως
387 1660 436 1687 καὶ
452 1661 592 1695 ἐνεργείας
606 1661 644 1692 ὡς
662 1661 726 1696 παρ’
740 1662 806 1688 αὐτὸ
826 1670 875 1697 φυ-

83 1704 171 1741 σξκῶς
181 1704 278 1740 ἑτέρας
295 1704 480 1731 συντεθεῖσθαι
497 1705 641 1740 νοούμενον
653 1725 660 1736 ,
678 1705 735 1731 ἀλλ’
754 1705 783 1731 ἕν
802 1714 828 1732 τι
843 1706 874 1732 τὸ

84 1749 199 1784 σύμπαν
211 1750 344 1785 ὑπάρχειν
360 1750 421 1785 μεθ’
439 1747 476 1778 ὧν
491 1750 626 1783 οὑσιωδῶς
648 1751 704 1786 ἔχοι
725 1760 874 1778 πεπιστευ-

84 1795 179 1829 μένον.
198 1795 302 1822 Οὐκοῦν
320 1797 344 1822 εί
371 1796 476 1831 λέγοιτο
491 1797 603 1832 κτιστὴν
619 1797 668 1823 καὶ¹
688 1798 875 1834 πεποιημένην

83 1843 136 1876 τὴν
152 1843 294 1878 ἐνέργειαν
308 1843 389 1878 ἔχειν,
403 1843 470 1870 ἰδίαν
486 1841 568 1870 οὖσαν
581 1843 662 1870 αὑτοῦ
674 1863 681 1874 ,
696 1843 830 1876 τουτέστι,
845 1843 876 1870 τὸ

84 1887 211 1924 Πνεῦμα,
226 1890 273 1916 καὶ
283 1890 348 1916 αὑτό
362 1899 410 1917 που
425 1891 531 1922 πάντως
545 1889 621 1916 ἔσται
633 1890 752 1922 κτιστὺν,
765 1890 825 1916 ἐπεὶ
837 1890 874 1925 μὴ

83 1934 182 1970 ἔτερόν
200 1943 226 1962 τι
247 1937 309 1971 παρ’
321 1937 386 1963 αὐτὸ
400 1937 430 1963 τὸ
446 1936 556 1971 ὲνεργὲς
579 1935 671 1962 αὑτοῦ.
690 1933 752 1970 Ἆρ’
767 1935 798 1961 οὐ
813 1944 876 1961 στυ-

85 1980 172 2014 γατὸς
195 1981 241 2007 καὶ
257 1981 378 2017 ἀπεχθὴς
401 1983 414 2008 ὁ
435 1982 524 2015 λόγος,
542 1981 589 2008 καὶ
614 1981 681 2008 πολὺ
699 1981 876 2012 διανενευκὼς

86 2027 128 2057 εἰς
146 2026 177 2052 τὸ
192 2027 355 2062 πεποιῆσθαι
371 2027 523 2060 δυσσεϐῶς

125 2071 156 2097 Β.
171 2071 332 2098 Παντάπασι
348 2072 396 2107 μὲν
411 2070 468 2099 οὖν.

122 2119 157 2144 Α.
177 2117 322 2145 Καοίκοιτο
333 2119 356 2145 δ’
369 2119 401 2146 ἂν
415 2119 460 2145 καὶ
478 2120 517 2150 εἰς
537 2119 632 2154 ἑτέραν
650 2119 740 2150 αὺτοῖς
763 2118 876 2145 ἀτοπίαν

87 2163 105 2198 ἡ
117 2163 194 2196 δόξα.

124 2209 157 2234 Β.
174 2209 256 2235 Ποίαν
275 2210 306 2245 δή
320 2218 381 2237 τινα
392 2211 463 2245 φής;

123 2256 157 2282 Α.
176 2255 277 2290 Κύριος
294 2256 348 2282 τῶν
368 2257 508 2291 δυνάμεων
531 2257 738 2292 κατωνόμασται
762 2256 776 2282 ὁ
799 2255 879 2288 Θεὸς,

87 2300 148 2327 ἔστι
166 2300 194 2327 δέ
210 2310 260 2327 που
277 2302 385 2334 πάντως
401 2303 447 2329 καὶ
464 2302 562 2338 ἀληθὲς
571 2303 602 2329 τὸ
619 2303 797 2338 ὑμνούμενον.

126 2347 158 2372 Β.
182 2347 303 2382 ’Λληοές-
318 2348 376 2379 πῶς
393 2349 447 2384 γὰρ
463 2348 514 2382 οΰ;

126 2395 160 2418 Δ.
183 2393 215 2419 Εἴ
223 2402 249 2420 τι
260 2394 403 2429 τοιγαροῦν
416 2395 466 2429 τὴν
477 2395 607 2421 ἀνωτάτω
620 2403 648 2421 τε
661 2394 708 2421 καὶ
727 2394 801 2420 θείαν
814 2394 878 2420 ὑπο-

89 2439 210 2474 κὰοηται
225 2439 316 2473 φύσιν,
331 2440 399 2466 ἰδίαν
417 2440 466 2475 μὲν
482 2440 531 2466 οὐκ
543 2440 576 2466 ἂν
589 2439 644 2474 ἔχοι
662 2439 785 2474 δύναμιν·
799 2438 878 2473 ἕρπει

88 2485 118 2511 δὲ
130 2485 226 2520 ὥσπερ
240 2486 295 2512 ἀπὸ
315 2486 407 2521 πηγῆς
420 2486 465 2512 τοῦ
480 2485 557 2518 Θεοῦ,
570 2485 640 2512 κατὰ
652 2493 683 2518 γε
701 2485 730 2510 τὸ
742 2483 815 2518 αἱ)τῷ
833 2492 878 2519 μοι

87 2528 199 2560 δοκοῦν,
217 2530 260 2564 ἐφ’
279 2529 395 2556 ἕκαστον
418 2530 471 2556 τῶν
486 2527 696 2565 δυναμουμένων
713 2530 730 2564 ἡ
752 2529 877 2564 δύναμις,

90 2573 220 2609 καθάπερ
235 2575 330 2609 ἀμέλει
348 2575 394 2601 καὶ
408 2576 425 2609 ἡ
442 2575 532 2609 σοφία,
551 2575 597 2600 καὶ
613 2574 648 2601 τὰ
662 2571 699 2601 ὧν
714 2575 771 2600 ἐστι
785 2574 877 2608 δοτὴρ.

93 2620 128 2646 ὐ
146 2619 200 2655 γάρ
213 2621 271 2646 ἐστι
285 2621 354 2647 κατὰ
368 2621 450 2655 φῦσιν
469 2622 483 2647 ὁ
504 2622 613 2648 πάντων
631 2620 770 2655 Δεσπότης
782 2640 789 2651 ,
816 2619 880 2654 μεθ-

91 2666 181 2697 εκτῶς
197 2666 274 2693 ἔσται
297 2667 345 2693 καὶ
369 2667 434 2702 παρ’
457 2666 540 2692 αὑτοῦ
560 2666 592 2692 τὰ
608 2666 789 2700 πεποιημένα,
810 2666 880 2692 ὣστε

91 2712 138 2738 καὶ
149 2711 257 2746 ἄγαμαί
271 2719 312 2738 τοι
326 2711 415 2743 καλῶς
430 2711 573 2746 εἰρημένον
589 2711 629 2737 τὰ
649 2721 657 2736 ε
675 2711 707 2736 Τἰ
725 2709 779 2745 γὰρ
799 2709 882 2744 ἔχεις,

91 2758 104 2785 5
118 2758 169 2785 οὐκ
189 2758 299 2792 ἓλαΰες;
320 2767 329 2784 ι
350 2758 530 2794 Ἐφαρμόσειε
554 2758 606 2792 γὰρ
626 2757 669 2789 ἂν,
688 2755 725 2788 ὡς
742 2757 837 2789 ἔοικεν,
859 2757 883 2782 εἴ

128 2847 149 2862 ⁶⁹
170 2845 243 2873 Psal.
260 2853 317 2879 cm,
335 2845 377 2878 29,
401 2847 443 2874 50.
484 2846 505 2861 ⁷⁰
525 2845 532 2872 l
554 2845 614 2872 Cor.
634 2852 669 2877 l\',
683 2845 708 2871 7.

919 937 1000 961 tatem
1014 939 1040 960 et
1052 932 1280 960 instaurationem
1288 931 1420 963 reversio,
1433 937 1501 965 optts
1513 929 1606 960 fuerit,
1622 933 1707 962 utpar

919 983 970 1013 est,
986 985 1013 1007 et
1024 983 1097 1007 recte
1108 979 1166 1014 ipse
1180 978 1282 1010 sentio.
1301 977 1422 1011 eiusdem
1438 975 1545 1003 virtutis
1556 982 1588 1001 ae
1604 979 1708 1000 naturte

919 1026 996 1060 cujus
1011 1033 1071 1054 esse
1082 1025 1190 1053 videtur
1207 1024 1291 1052 etiam
1307 1024 1351 1051 illa
1368 1030 1411 1051 res
1435 1023 1512 1050 initio
1535 1019 1709 1049 ineﬂ'abiliter

921 1072 1048 1100 formata.

956 1159 985 1186 Β.
998 1159 1152 1187 Assentior.

954 1204 987 1230 Δ.
1000 1203 1140 1237 Quomodo
1155 1203 1296 1238 igiturille
1314 1209 1363 1238 per
1376 1209 1456 1237 quem
1474 1205 1500 1230 et
1517 1201 1543 1228 in
1560 1207 1613 1236 quo
1640 1200 1710 1228 Dens

921 1250 994 1277 circa
1009 1255 1162 1277 creaturam
1177 1253 1316 1284 operatur,
1340 1253 1368 1276 et
1387 1248 1510 1276 universi
1527 1247 1616 1282 opifex
1633 1246 1709 1274 vide-

923 1300 976 1326 tur.
994 1295 1080 1322 factus
1094 1295 1146 1322 erit
1161 1302 1193 1322 ac
1209 1294 1335 1322 creatus?
1347 1293 1406 1321 iam
1419 1293 1491 1321 enim
1504 1292 1645 1320 dicendum
1659 1298 1709 1319 no-

921 1341 963 1369 bis
977 1341 1028 1369 erit
1039 1341 1122 1376 quod,
1140 1340 1161 1367 si
1175 1347 1228 1368 rem
1246 1340 1283 1367 ita
1309 1347 1368 1367 esse
1385 1338 1583 1370 contenderint,
1598 1338 1640 1364 vel
1667 1337 1710 1364 in-

922 1387 969 1414 viti
983 1387 1132 1415 confessuri
1144 1392 1207 1414 sunt
1232 1391 1351 1414 creatam
1369 1393 1430 1413 esse
1445 1384 1490 1413 Dei
1505 1385 1557 1411 vim
1569 1389 1596 1411 et
1615 1391 1710 1418 opera‘

924 1433 1035 1460 tionem.
1051 1433 1084 1459 Et
1100 1432 1162 1468 quid
1183 1437 1239 1460 tttm
1252 1431 1334 1460 inde?
1347 1432 1433 1459 Invisa
1450 1432 1504 1458 Deo
1531 1430 1710 1466 blasphemia,

922 1477 1063 1511 opiniones
1080 1477 1203 1510 infames.
1222 1481 1247 1504 et
1276 1481 1408 1503 extremae
1438 1474 1553 1502 inscitia:
1580 1472 1706 1501 crimina.

925 1524 1000 1550 Dicet
1012 1524 1095 1557 enim,
1112 1523 1218 1558 opinor,
1231 1522 1327 1558 aliquis
1340 1522 1385 1556 qui
1412 1521 1543 1548 modestia
1567 1519 1602 1547 sit
1617 1519 1712 1554 praedi-

928 1574 979 1602 tus,
995 1569 1108 1603 simplex
1126 1573 1153 1596 et
1178 1568 1386 1603 incompositum
1411 1567 1520 1602 proprie
1541 1571 1568 1593 et
1583 1565 1712 1600 primario

928 1615 1032 1642 Numen
1056 1622 1127 1647 esse,
1155 1615 1252 1648 amice,
1273 1623 1326 1641 non
1340 1618 1468 1648 tanquam
1491 1612 1657 1646 intelligatur
1678 1619 1710 1638 cx

929 1666 1024 1688 natura
1042 1665 1069 1689 et
1086 1662 1244 1696 operatione
1260 1661 1293 1688 ah
1308 1661 1366 1695 ipso
1383 1660 1491 1687 diversa
1521 1657 1712 1693 compositum,

928 1708 974 1734 sed
988 1714 1069 1734 unum
1087 1706 1214 1742 quiddam
1231 1714 1342 1741 prorsus
1351 1713 1411 1733 cum
1426 1706 1459 1732 iis
1473 1704 1633 1740 quibuscum
1649 1703 1713 1731 sub-

928 1753 1090 1780 stantialiter
1100 1759 1129 1780 sc
1144 1752 1233 1779 habet.
1248 1752 1342 1787 Itaque
1361 1751 1382 1779 si
1411 1750 1517 1778 dicatur
1538 1754 1653 1777 creatam
1688 1753 1714 1776 et

929 1798 1027 1826 factam
1043 1799 1144 1826 habere
1159 1798 1297 1830 virtutem,
1310 1805 1370 1833 qua:
1385 1797 1422 1824 sit
1439 1796 1498 1831 ejus
1516 1796 1637 1831 propria,
1663 1795 1714 1822 hoc

929 1849 981 1876 est,
999 1843 1141 1878 Spiritum.
1160 1843 1217 1878 ipse
1227 1843 1307 1870 etiam
1319 1843 1412 1876 utiqtte
1425 1846 1531 1869 creatus
1547 1842 1599 1868 erit
1609 1860 1615 1872 ,
1629 1848 1715 1874 quan-

930 1889 1073 1923 doquidem
1091 1889 1162 1916 aliud
1190 1897 1242 1916 non
1254 1893 1295 1916 est
1311 1888 1344 1916 ab
1360 1889 1417 1922 ipso
1443 1889 1529 1914 virtus
1540 1887 1608 1920 ejus.
1621 1885 1715 1913 Nonne

930 1935 1002 1962 dictu
1021 1935 1182 1963 horrendum
1201 1940 1228 1962 et
1239 1941 1351 1962 exosum
1366 1935 1437 1962 istud
1448 1939 1498 1966 est,
1514 1937 1540 1960 ct
1559 1933 1591 1960 ad
1617 1932 1712 1966 impie-

932 1986 1012 2008 tatem
1029 1982 1204 2009 vehementer
1223 1981 1329 2016 vergit?

965 2070 994 2096 Β.
1011 2069 1136 2097 Omnino.

967 2116 999 2143 Α.
1019 2116 1071 2143 Sed
1087 2121 1113 2143 et
1127 2116 1152 2143 in
1171 2116 1249 2142 aliain
1267 2123 1374 2151 quoque
1406 2115 1600 2143 absurditatem
1623 2123 1716 2143 eorum

930 2162 1062 2188 sententia
1078 2167 1197 2188 corruet.

966 2206 996 2233 B.
1018 2207 1134 2242 Ecquam
1158 2206 1245 2235 dicis?

968 2253 1000 2278 Λ.
1015 2252 1143 2291 Dominus
1163 2252 1291 2278 virtutum
1313 2256 1481 2285 nuncupatus
1502 2255 1544 2278 est
1574 2250 1655 2284 Deus,
1691 2255 1716 2278 cl

933 2306 998 2325 sane
1009 2305 1101 2324 verum
1119 2301 1161 2324 est.
1177 2297 1240 2324 illud
1257 2298 1327 2332 quod
1341 2298 1444 2325 Psaltcs
1459 2298 1542 2325 canit.

970 2344 999 2371 Β.
1016 2345 1128 2377 Verum;
1145 2345 1204 2379 quis
1217 2344 1340 2372 dubitat?

969 2393 1000 2417 Α.
1016 2391 1044 2417 Si
1060 2390 1123 2425 quid
1142 2397 1206 2424 ergo
1219 2397 1351 2424 suprema:
1365 2398 1396 2417 ac
1411 2390 1506 2417 divina:
1525 2389 1659 2424 sulnjaceat
1671 2396 1717 2415 ua.

934 2440 1012 2467 tunc,
1025 2443 1038 2462 a
1057 2442 1087 2462 sc
1101 2435 1209 2470 quidem
1221 2436 1347 2462 virtutem
1366 2443 1417 2463 nou
1434 2436 1524 2468 habet;
1549 2435 1595 2462 sed
1609 2442 1622 2460 a
1651 2433 1714 2466 Deo,

933 2482 1028 2509 veluta
1044 2481 1126 2515 futile,
1150 2486 1179 2508 ut
1198 2482 1332 2514 existimo,
1357 2482 1383 2508 iu
1405 2481 1612 2515 unumquodque
1623 2487 1716 2506 eorum

933 2536 994 2562 qua:
1008 2528 1226 2561 corroboranlur,
1247 2536 1275 2555 se
1288 2529 1372 2556 virtus
1389 2527 1517 2561 infundit,
1540 2527 1716 2562 quemadmo-

934 2573 997 2600 dum
1010 2573 1136 2600 nimirum
1153 2577 1179 2600 et
1193 2574 1336 2607 sapientia,
1352 2577 1379 2601 et
1393 2581 1424 2601 ea
1436 2581 1550 2607 quorum
1576 2577 1614 2600 est
1634 2571 1716 2607 largi~

933 2624 975 2646 tor
987 2619 1067 2646 Deus.
1081 2618 1148 2646 Nam
1162 2619 1233 2654 qttod
1248 2620 1396 2646 secundum
1410 2624 1534 2646 naturam
1547 2622 1587 2646 est
1598 2619 1716 2646 omnium

933 2665 1073 2697 Dominus,
1087 2664 1111 2692 id
1123 2672 1171 2699 per
1184 2665 1416 2699 participationem
1427 2669 1505 2706 gum
1516 2665 1596 2692 etiam
1607 2664 1641 2691 ab
1662 2664 1718 2698 ipso

934 2718 976 2737 res
992 2715 1101 2742 creata‘,
1113 2710 1232 2744 adeoque
1250 2708 1404 2736 mirot'illud
1418 2713 1489 2735 πενία
1498 2709 1597 2734 dictum
1611 2717 1636 2735 τι
1650 2707 1719 2740 Quid

934 2756 1004 2782 ettim
1021 2755 1101 2783 habes
1117 2755 1186 2790 quod
1200 2763 1251 2782 nou
1268 2754 1394 2789 accepisti
1412 2754 1455 2780 “'1
1475 2763 1484 2780 ι
1505 2754 1532 2780 Si
1561 2754 1620 2788 quis
1649 2754 1719 2782 enim
