1937 3036
127 138 198 167 ΗΠ
658 143 701 170 DE
722 143 772 172 SS.
794 142 981 171 TRINITATE
1000 141 1173 170 DlALOGUS
1192 141 1248 170 VII.
1684 140 1753 168 illB

127 196 219 224 πάντα
230 196 276 223 τοῦ
294 196 362 224 Θεοῦ
375 197 420 224 καί⁵
428 198 542 233 Πατρὸς,
560 198 635 231 ὄντος
652 208 681 226 τε
697 199 769 235 ζωῆς
780 200 826 227 τοῦ
837 200 892 227 Υἰοὶ

985 201 1100 232 irtutem,
1126 203 1152 226 et
1178 199 1251 226 aliud
1289 198 1417 233 quiddam
1442 204 1501 225 esse
1520 197 1602 224 vitam
1631 197 1750 231 negabit,

126 242 160 268 τὸ
175 241 288 277 Πνεῦμα
303 243 358 268 ἐστι
372 242 403 268 τὸ
428 242 585 275 ζωοποιοῦν,
602 243 643 274 τίς
662 244 694 271 ἂν
715 245 846 281 ἀποτέμοι
866 255 891 273 xc

989 253 1044 272 nam
1061 247 1132 280 quod
1144 252 1203 272 esse
1218 244 1348 278 creditur,
1367 244 1422 271 imo
1433 250 1497 270 vero
1508 250 1560 270 non
1575 242 1630 276 jam
1649 242 1731 268 vitam
1741 241 1754 268 ?

127 286 292 319 ἐξοικίσαιτο
310 288 360 323 τῆς
376 287 449 322 ζωῆς
460 287 509 324 τὴν
525 288 655 321 ζωοποιὸν
673 290 757 326 αὐτῆς
780 290 892 326 δύναμιν

991 291 1016 317 ui
1033 290 1264 318 enimviviticandi
1282 294 1415 324 potestate
1441 285 1555 316 naturali
1578 291 1664 320 caret,
1690 294 1754 320 quo-

127 333 177 359 x:l
193 333 286 369 ἕτερόν
296 342 322 360 τι
334 333 383 369 τὴν
393 333 464 369 ζωὴν
478 334 614 369 ἀποφανεῖ
629 336 756 372 παρόπερ
778 334 848 363 εἶναι
863 345 892 363 πε

673 336 756 372 ρόπερ
778 334 848 363 εἶναι
863 345 913 363 πε-
967 337 1045 364 modo
1061 338 1167 364 demum
1182 337 1345 370 intelligatur
1363 335 1434 362 vita?

127 378 284 410 πίστευται,
307 379 406 414 μᾶλλον
432 379 460 406 δὲ
486 379 559 416 ζωὴν
583 380 632 407 οὐκ
651 381 708 413 ἕτι;
741 382 777 408 Τὸ
796 381 850 417 γὰρ
865 381 912 409 τοῦ
932 381 1073 414 ζωοποιεῖν
1089 382 1220 410 δύνασθαι
1242 383 1313 409 κατὰ
1343 382 1423 416 φύσιν
1456 380 1630 417 τητώμενον,
1648 379 1706 411 πῶς
1720 378 1754 405 ἂν

127 423 168 451 ἔτι
182 426 268 451 νοοῖτο
282 425 337 460 ζωὴ
349 433 357 458 ;

165 472 197 499 Β.
212 471 348 499 Ζωοποιδν
362 471 392 498 τί)
408 471 521 508 Πνεῦμά
539 480 632 508 φασιν,
649 474 686 506 ὡς
707 473 848 502 διακονοῦν
860 475 917 506 τοῖς

1004 471 1033 499 Β.
1055 471 1183 498 Viviﬂcus
1198 475 1238 498 est
1256 470 1383 506 Spiritus,
1414 470 1548 504 inquiunt,
1576 469 1602 496 in
1623 476 1753 504 quantum

127 517 261 553 κτίσμασι
277 517 328 553 τὴν
352 516 427 553 παρὰ
441 517 508 544 Θεοῦ
526 517 608 554 ζωὴν,
630 518 660 545 οὐ
681 518 735 554 μὴν
756 519 892 554 αὑτόχρημ

988 517 1099 544 reaturis
1110 517 1191 543 vitam
1206 524 1266 551 quae
1279 524 1293 543 a
1305 516 1359 544 Deo
1372 520 1426 549 est,
1436 516 1583 548 ministrat,
1599 524 1651 543 non
1665 522 1753 546 autem

128 562 215 598 ζωήν.

969 563 1084 597 ipsamet
1098 562 1163 589 vita.

165 608 199 633 Δ.
218 607 287 634 Ἀλλ’
299 608 329 635 οὐ
344 607 506 644 Θεσμοοέται
520 609 567 636 καὶ
581 609 688 644 ὁρισταὶ
704 608 758 637 τῶν
772 609 842 646 ὑπὲρ
854 609 916 636 νοῦν

1004 607 1038 633 A.
1060 606 1156 634 Ateos
1167 613 1258 634 rerum
1282 613 1350 641 quas
1373 613 1423 633 nec
1435 605 1516 633 fando
1542 614 1592 634 nee
1612 607 1756 643 cogitando

129 651 179 678 καὶ¹
194 652 283 686 λόγον,
296 653 320 679 οί
334 653 460 689 κίϐδηλον
474 653 544 680 οὕτω
558 653 700 686 νοσοῦντες
707 654 756 689 τὴν
774 654 894 690 παραφθι

991 652 1105 679 ossimus
1126 652 1243 687 assequi,
1260 653 1455 680 constitutore;
1472 656 1499 679 et
1514 652 1634 680 arbitros
1647 661 1695 681 cos
1710 654 1756 688 qtti

129 696 181 731 ρὰν
196 696 356 732 εἰσδεχοεῖεν
367 697 409 731 ἂν,
426 697 532 733 ἄμαχον
547 697 641 734 ὥσπερ
653 706 678 724 τι
692 698 722 724 τό
734 706 811 732 σφισι
821 697 894 724 δοκοῖ

991 702 1043 725 tnta
1059 697 1181 725 laborant
1191 698 1274 725 animi
1289 698 1456 733 corruptela,
1469 705 1641 732 nequaquam
1657 699 1756 726 admit-

128 742 359 777 εἰσκεκομικότες·
390 743 598 775 ὑποτετάξονται
615 743 643 770 δὲ
673 743 731 778 μεθ’
758 742 837 778 ἡμῶν
859 743 893 769 το

992 752 1134 777 :mus,cum
1147 751 1196 772 suo
1211 744 1266 777 illo,
1277 749 1306 771 ut
1321 745 1489 778 existimant,
1502 745 1602 772 invicto
1612 753 1757 780 argumen-

130 788 215 823 ἱεροῖς
231 796 260 814 τε
271 788 318 814 καὶ
333 787 414 819 θείοις
430 788 604 824 Γράμμασιν,
624 789 654 815 οὺ
673 789 723 821 τῆς
740 789 805 824 παρ’
821 788 895 824 έτὲρο

991 799 1006 824 ›,
1022 791 1069 818 sed
1087 791 1226 819 nobiscum
1242 791 1327 818 saeris
1339 798 1371 818 ac
1384 791 1483 818 divinis
1510 790 1621 819 Litteris
1652 791 1756 818 obtem-

128 832 204 868 ζωῆς
219 833 365 869 ὑπουργὸν,
379 833 437 860 ἀλλ’
449 834 608 870 αὐτόχρημα
626 833 698 869 ζωὴν
712 834 845 869 ὑπάρχειν
858 833 893 859 διε

992 836 1110 868 :rabunt,
1129 844 1188 871 qrm
1211 837 1354 864 manifeste
1382 837 1533 872 praedicant
1563 837 1702 864 vivitieum
1730 841 1757 864 et

128 877 310 912 κηρύττουσιν
324 878 457 913 ἐναργῶς,
474 878 504 904 τὸ
515 879 564 912 τῆς
579 878 650 904 κατὰ
662 878 742 913 φύσιν
757 877 893 913 ζωῆς,ζω‹

991 887 1090 909 metum
1107 881 1236 916 Spiritum
1255 889 1307 908 non
1322 881 1356 908 ab
1379 881 1431 908 alio
1456 882 1562 908 tradita:
1589 882 1650 909 vita:
1675 882 1756 910 mini-

129 924 208 950 ποιόν
220 932 250 950 τε
266 924 312 950 καὶ
327 923 404 958 ἅγιον
418 923 541 959 Πνεῦμα.
568 921 632 950 Ὧδε
649 924 702 960 γάρ
728 933 778 951 που
796 924 878 951 πάλιν

991 935 1065 958 .rum,
1082 927 1129 954 sed
1141 927 1283 962 ipsammet
1294 927 1387 958 vitam,
1405 930 1431 953 et
1441 927 1504 953 vitae
1514 929 1663 954 secundum
1679 932 1756 954 natu-

131 970 267 1004 μακάριος
280 970 332 1006 ἔφη
341 969 456 1002 Παῦλοςο
469 980 478 996 ι
488 971 519 996 Ei
527 970 554 997 δὲ
564 970 594 996 τὸ
608 970 720 1005 Πνεῦμα
731 970 778 997 τοῦ
793 970 896 1007 ἐγείραι

993 981 1026 1000 Im
1036 972 1201 1008 largitorem.
1217 970 1263 999 Sic
1276 972 1348 999 enim
1364 971 1462 998 alicubi
1476 979 1571 998 rursus
1587 971 1680 999 beatus
1689 971 1758 998 Pau-

128 1024 177 1046 τος
193 1015 296 1050 Ἰησοῦν
311 1017 343 1042 ὲκ
354 1016 458 1051 νεγρῶν
472 1017 541 1042 οἰκεῖ
552 1017 580 1043 ἐν
593 1016 668 1052 ὑμῖν,
688 1017 702 1043 ὁ
719 1016 829 1053 ἐγείρας
850 1017 892 1053 Χρ

994 1027 1014 1047 IS
1027 1019 1097 1046 dixit
1113 1026 1119 1045 :
1134 1028 1144 1045 ι
1159 1018 1235 1051 Quod
1253 1018 1274 1045 si
1288 1017 1372 1053 656
1385 1017 1503 1052 Spiritus
1515 1017 1574 1050 ejus
1587 1018 1632 1051 qui
1645 1018 1759 1044 suscita-

130 1061 194 1088 στὸν
224 1061 327 1097 Ἰησοῦν
352 1062 384 1088 ὲκ
412 1062 516 1098 νεκρῶν
534 1062 696 1098 ζωοποιήσει
719 1063 813 1090 καὶτὰ
834 1063 895 1099 Ονητ

999 1069 1009 1091 ι
1031 1063 1122 1091 Jesum
1133 1071 1147 1091 a
1160 1063 1285 1095 mortuis,
1301 1063 1405 1090 habitat
1423 1062 1450 1089 in
1473 1062 1562 1095 vobis,
1578 1062 1622 1097 qui
1642 1062 1759 1090 suscita-

131 1106 249 1142 σώματα
259 1108 347 1143 ὑμῶν,
362 1107 407 1134 διὰ
418 1108 465 1134 τοῦ
479 1107 647 1139 ἐνοικοῦντος
660 1107 743 1134 αὐτοῦ
762 1108 896 1144 Πνεῦματι

994 1109 1112 1137 itJesttm
1128 1110 1266 1137 Christum
1278 1116 1292 1135 a
1311 1108 1436 1142 mortuis,
1454 1108 1603 1135 viviﬁcabit
1615 1112 1643 1135 et
1658 1112 1759 1135 morta-

130 1153 160 1179 ἐν
173 1154 250 1188 ὑμῖν,
272 1163 281 1179 ι
295 1153 331 1180 Τὸ
346 1152 418 1189 ζωῆς
430 1152 477 1181 οὖν
494 1154 606 1189 Πνεῦμα
618 1154 668 1188 τῆς
686 1154 756 1181 κατὰ
779 1154 859 1189 φύσιν
875 1154 895 1180 εὶ

994 1164 1005 1183 a
1016 1163 1128 1190 c0rpora
1139 1159 1241 1187 vestra,
1257 1162 1306 1190 per
1323 1154 1521 1182 inhabitantem
1545 1153 1675 1189 Spiritum
1702 1153 1759 1187 ejus

129 1200 163 1236 δή
179 1209 229 1227 που
241 1201 349 1233 πάντως
358 1201 391 1228 ἂν
403 1201 468 1237 παρ’
480 1201 564 1237 αὐτὴν
575 1201 625 1236 οὐχ
639 1201 742 1236 ἕτερον,
762 1200 834 1241 κατά
847 1209 878 1235 γε
889 1209 894 1216 ·

992 1210 997 1229 I
1019 1201 1137 1229 vobis".
1155 1210 1165 1227 ι
1183 1200 1253 1228 Vita:
1270 1200 1354 1235 igitur
1370 1200 1442 1227 illius
1456 1199 1606 1227 secundum
1633 1204 1757 1227 naturam

130 1247 291 1283 ἀμωμήτως
304 1248 364 1283 ἔχον
379 1248 419 1280 εἰς
435 1247 569 1283 ὀρθότητα
583 1247 730 1282 λογισμῶν.
750 1247 798 1283 Et!)
815 1247 868 1283 γὰρ
887 1248 895 1274 ε

995 1247 1088 1282 piritus
1101 1246 1170 1274 alius
1181 1246 1280 1281 abipsa
1302 1253 1356 1273 non
1385 1244 1477 1277 fuerit,
1496 1244 1572 1280 juxta
1600 1249 1702 1272 rectam
1733 1249 1760 1272 ct

129 1293 207 1326 ὅπως
231 1294 261 1321 οὐ
283 1294 350 1329 ζωὴ,
375 1293 406 1320 τὸ
427 1294 506 1329 ῥίζαν
521 1294 581 1329 ἔχον
594 1294 644 1330 τὴν
659 1294 731 1330 ζωὴν
745 1314 752 1326 ,
768 1294 814 1320 καὶ
830 1293 894 1329 πηγὶ

997 1301 1104 1321 uceram
1116 1293 1278 1321 doctrinam.
1297 1292 1437 1325 Quotnodo
1454 1291 1525 1318 enim
1539 1292 1593 1318 vita
1627 1299 1679 1318 non
1707 1291 1759 1318 erit

130 1340 230 1376 ὥσπερ
241 1340 303 1367 τινὰ
313 1341 363 1376 τὴν
377 1341 526 1376 ἀκήρατον,
540 1341 587 1368 καὶ
595 1341 694 1372 παντὸς
704 1341 831 1367 ἐπέκεινα
845 1348 895 1374 γενη

993 1357 1004 1371 η,
1017 1339 1063 1374 qui
1078 1339 1196 1367 radicem
1209 1339 1289 1366 habet
1302 1338 1397 1370 vitam,
1407 1343 1434 1365 et
1451 1337 1552 1365 fontem
1570 1337 1651 1365 veluti
1662 1345 1758 1372 quem-

129 1385 180 1411 τοῦ
191 1384 239 1411 τοῦ
247 1384 314 1411 Θεοῦ
331 1385 429 1420 φύσιν;
443 1386 504 1412 "Ott
519 1385 573 1422 γὰρ
589 1386 618 1418 ἐξ
631 1386 716 1420 αὐτῆς
741 1385 894 1420 ἐκπορεύετι

993 1393 1032 1412 am
1047 1386 1119 1412 illam
1132 1384 1312 1413 immortalem
1340 1388 1367 1411 et
1389 1383 1462 1411 omni
1491 1387 1616 1411 creatura
1638 1383 1758 1417 superio-

129 1432 183 1466 τῆς
195 1429 243 1458 τοῦ
269 1430 337 1458 Θεοῦ
358 1431 405 1458 καὶ
428 1431 535 1467 Harpe;
548 1432 659 1464 οὐσίας,
677 1432 727 1458 οὑκ
750 1431 893 1466 ἁσυμφανὲ

995 1439 1029 1458 δη]
1052 1431 1098 1458 Dei
1128 1431 1279 1459 naturam?
1306 1431 1344 1458 Ex
1364 1431 1420 1465 ipsa
1455 1431 1528 1457 enim
1557 1430 1602 1458 Dei
1627 1437 1658 1457 ac
1672 1429 1760 1456 Patris

130 1477 309 1513 προκείσεται
325 1477 353 1503 δὲ
376 1478 432 1509 τοῖς
449 1486 480 1512 γε
493 1477 602 1513 ἀληθῶς
621 1478 781 1514 ἀρτίφροσιν
803 1477 895 1504 εὐκόλιι

997 1477 1125 1504 tbstantia
1144 1477 1290 1512 procedere
1318 1477 1429 1504 dubium
1446 1484 1499 1503 non
1520 1480 1571 1508 est,
1588 1481 1615 1503 et
1648 1475 1761 1510 quicun-

132 1523 208 1554 ἰδεῖν,
224 1522 255 1550 ἔκ
269 1531 301 1557 γε
313 1522 360 1550 τοῦ
373 1523 499 1558 λελέχθαι
514 1523 618 1558 σαφῶς·
639 1533 647 1550 ι
679 1524 708 1551 '0
731 1523 840 1560 ἐγείρας
857 1524 897 1560 Χρ

996 1531 1026 1551 ue
1045 1529 1118 1551 recta
1135 1528 1224 1550 mente
1239 1528 1302 1550 sunt
1313 1522 1429 1557 przcditi,
1449 1522 1527 1549 facile
1543 1522 1568 1548 id
1595 1521 1761 1556 perspicieut

1131 1570 1137 1577 .
1166 1569 1172 1577 .
1243 1569 1259 1577 ..
1280 1574 1286 1577 _
1379 1573 1384 1577 ,
1447 1569 1466 1577 η
1489 1569 1495 1575 .
1674 1567 1749 1577 ,μμ

131 1569 196 1595 στὸν
221 1568 324 1604 Ἰησοῦν
341 1569 373 1595 ἑκ
398 1569 514 1604 νεκρῶν,
527 1569 692 1605 ζωοποιήσει
718 1570 764 1596 καὶ
787 1569 820 1596 τὰ
835 1569 896 1606 ϐνητ

994 1578 1004 1597 ι
1022 1577 1053 1598 eo
1066 1570 1138 1605 quod
1148 1569 1222 1597 clare
1234 1569 1335 1597 dictum
1346 1573 1386 1596 est
1401 1577 1407 1595 :
1423 1579 1432 1595 ι
1446 1569 1495 1602 Qui
1510 1568 1653 1596 suscitavit
1669 1567 1759 1595 .Iesum

131 1614 248 1650 σώματα
261 1614 337 1650 ὑμῶν
350 1615 394 1641 διὰ
409 1615 456 1641 τοῦ
472 1615 640 1647 ἐνοικοῦντος
654 1616 737 1643 αὑτοῦ
760 1615 896 1652 Πνεῦματι

995 1616 1107 1643 Itristum
1121 1623 1137 1642 a
1154 1615 1279 1646 mortuis.
1298 1614 1447 1642 viviﬁcabit
1464 1619 1489 1642 et
1499 1613 1622 1641 mortalia
1648 1620 1760 1648 corpora

129 1661 159 1686 ἐν
174 1661 248 1696 ὑμῖν.
265 1669 273 1686 ι
290 1660 370 1686 Ἴδιον
377 1660 431 1695 γὰρ
442 1660 487 1687 τοῦ
501 1660 567 1687 Θεοῦ
579 1661 608 1687 τὺ
619 1664 677 1694 ταῖς
693 1662 840 1698 ἡμετέραις
852 1672 894 1698 καί

993 1667 1070 1695 astra,
1087 1669 1135 1696 per
1152 1661 1348 1689 inhabitantem
1361 1661 1492 1696 Spiritum
1503 1660 1562 1694 eius
1587 1660 1613 1688 in
1644 1659 1730 1687 vobis.
1749 1667 1758 1684 I

129 1706 201 1738 δίαις
211 1706 404 1742 ἐνηυλισμένον
418 1706 548 1739 ζωοποιόν
560 1707 618 1734 ἐστι
630 1707 750 1743 Πνεῦμα.
764 1708 800 1734 Τὸ
812 1708 840 1735 δὲ
855 1708 894 1735 ῑδι‹

995 1708 1090 1743 piritus
1106 1708 1178 1735 enim
1195 1707 1238 1735 ille
1249 1707 1294 1735 Dei
1309 1707 1354 1742 q‘ui
1370 1707 1475 1734 habitat
1503 1707 1529 1733 in
1557 1705 1684 1733 cordibus
1711 1711 1759 1731 no-

128 1752 177 1779 τοῦ
191 1751 270 1786 Θεοῦ,
282 1752 328 1779 καὶ
343 1752 372 1786 ἑξ
387 1753 470 1780 αὐτοῦ
482 1753 552 1780 κατὰ
565 1753 655 1788 φύσιν,
665 1755 688 1780 εἰ
700 1754 772 1790 ζωῆς
785 1754 893 1790 emanet

999 1755 1033 1781 ris
1047 1754 1167 1782 vivificus
1179 1759 1219 1781 est
1237 1753 1365 1788 Spiritus.
1377 1752 1495 1788 Spiritus
1509 1757 1599 1780 autem
1624 1751 1670 1778 Dei
1700 1758 1761 1786 pro-

128 1797 264 1834 δώσομεν,
279 1799 358 1834 εἴπερ
373 1799 495 1834 ἐπακτὴν
510 1799 566 1835 ἔχει
578 1799 627 1836 τὴν
645 1799 728 1835 ζωὴν,
745 1800 803 1832 πῶς
817 1802 867 1827 οὐκ
886 1802 893 1828 ἱ

993 1801 1055 1833 rius,
1069 1804 1096 1827 et
1108 1800 1153 1835 qui
1172 1807 1204 1827 ex
1218 1801 1276 1835 ipso
1288 1799 1434 1827 secundum
1449 1803 1574 1826 naturam
1593 1797 1725 1832 procedit.
1738 1796 1758 1822 si

129 1845 217 1872 νοοῖτο
227 1845 340 1880 δυνάμει
357 1846 470 1880 νεκρόν;
489 1846 522 1872 Ὃ
539 1845 593 1881 γὰρ
607 1845 640 1872 ἂν
656 1846 789 1881 ἐνδέχοιτο
811 1847 894 1873 παθεῖ

993 1846 1025 1872 ita
1046 1846 1120 1872 illurn
1141 1853 1236 1872 «arere
1258 1845 1450 1878 concedemus,
1478 1844 1612 1878 siquidem
1639 1841 1758 1869 ascititia

129 1890 196 1927 εἴπῃ
210 1899 253 1923 τις
266 1890 309 1923 ἂν,
325 1891 373 1918 καὶ
387 1893 412 1918 εί
425 1892 509 1927 μήπω
525 1892 636 1926 γέγονεν
647 1893 676 1918 ὲν
697 1892 736 1927 τῷ
750 1892 846 1920 παθεῖν
857 1913 864 1925 ,
882 1893 894 1918 d

1000 1899 1026 1919 ta
1040 1892 1075 1919 sit
1086 1892 1226 1926 praeditus,
1248 1898 1301 1925 quo
1315 1895 1394 1925 pacto
1410 1898 1463 1918 non
1484 1888 1640 1917 censebitur
1661 1887 1760 1914 virtute

129 1938 216 1969 ᾶπαν,
231 1934 309 1972 οἶμαί
326 1945 388 1970 που,
401 1937 432 1964 τὸ
448 1938 637 1974 εῑσκεκρίσοαι
653 1939 758 1972 δοκοῦν,
776 1939 849 1974 ἢκαὶ
861 1940 894 1966 εί(

994 1937 1113 1964 >ortuus?
1126 1936 1202 1970 Quod
1229 1936 1300 1963 enim
1331 1936 1386 1970 pati
1411 1938 1511 1970 potest,
1535 1933 1639 1967 inquiet
1652 1932 1759 1966 aliquis,

129 1983 244 2019 ποίητον
258 1983 377 2019 ἀληθῶς,
392 1984 441 2010 οὐκ
452 1983 608 2011 ἀνύποπτον
625 1986 664 2016 εἰς
680 1985 841 2019 ἀπόστασιν,
862 1985 894 2012 ἀλ

1000 1983 1075 2010 iamsi
1089 1983 1207 2010 nondum
1221 1982 1342 2016 patiendi
1360 1986 1466 2015 tempus
1480 1980 1609 2014 attigerit,
1626 1983 1655 2005 ut
1669 1982 1760 2005 etom—

128 2030 159 2055 ἐν
180 2029 256 2065 φόὸῳ
271 2029 319 2056 τοῦ
335 2030 483 2057 διαπεσεῖν.
498 2030 606 2062 Φύσεως
620 2031 674 2066 γὰρ
692 2031 742 2057 οὐκ
761 2032 893 2067 ἐρήρειστο

996 2037 1005 2057 3
1021 2030 1046 2056 id
1058 2029 1127 2064 quod
1144 2027 1292 2055 ascititium
1313 2031 1434 2062 putatur,
1459 2030 1505 2052 aut
1524 2031 1618 2052 revera
1639 2028 1680 2050 est
1692 2023 1761 2050 asci-

129 2075 236 2109 νὸμοις,
252 2074 315 2102 οὔτε
330 2075 382 2111 μὴν
395 2076 593 2102 ἀκατάσειστον
608 2075 664 2111 ἔχει
680 2076 728 2112 τὴν
742 2076 823 2112 ἕδραν
840 2077 894 2104 rod

994 2082 1040 2107 tm,
1051 2081 1104 2102 non
1120 2073 1241 2101 creditur
1258 2079 1354 2107 expers
1368 2071 1506 2103 interitus,
1519 2070 1565 2097 sed
1589 2068 1617 2096 in
1646 2067 1759 2095 cadendi

128 2122 159 2148 ὲν
177 2121 252 2154 τάξει
266 2122 482 2158 συμδεϐηκότος,
496 2123 544 2149 καὶ
559 2123 596 2154 ὡς
607 2123 639 2149 ἂν
655 2123 719 2150 εῖδει
733 2123 787 2159 [Im
804 2125 833 2151 ὲν
843 2124 893 2151 εῑδε

993 2124 1043 2146 netu
1061 2124 1113 2147 est.
1131 2118 1238 2146 Natura:
1255 2119 1328 2145 enim
1356 2117 1462 2151 legibus
1495 2116 1603 2142 tlrmum
1626 2121 1680 2141 non
1706 2118 1758 2144 est,

130 2168 222 2204 βαφῆς
235 2169 291 2200 τοῖς
308 2168 381 2201 ἅπαξ
394 2169 499 2196 ἐλοῦσιν
514 2169 725 2206 ἐπεῤῥιμμένον.

994 2174 1058 2201 eque
1070 2165 1193 2193 stabilem
1209 2165 1299 2192 sedem
1317 2165 1397 2191 habet
1412 2162 1483 2197 quod
1511 2162 1569 2188 vice
1602 2159 1759 2189 accidentis,

935 2228 957 2254 ο
971 2217 999 2239 et
1015 2213 1101 2239 instar
1111 2211 1211 2239 coloris
1223 2211 1303 2238 rebus
1312 2209 1395 2237 semel
1410 2209 1549 2236 inductum
1564 2210 1614 2234 est.

166 2259 197 2284 Β.
215 2259 333 2293 Ἀραρεν
344 2255 400 2290 οῦν,
416 2258 458 2284 ὅτι
471 2257 501 2283 τὸ
517 2256 630 2292 Πνεῦμα
644 2256 701 2292 ζωὴ
711 2276 718 2288 ,
736 2257 858 2291 φυσικῶς
872 2257 920 2292 δη-

1010 2258 1039 2286 Β.
1056 2257 1115 2285 Stat
1127 2258 1219 2292 igitur,
1234 2257 1365 2292 Spiritum
1384 2263 1446 2282 esse
1471 2255 1565 2286 vitam,
1599 2251 1760 2280 naturaliter

128 2304 220 2331 λονότι
235 2304 281 2330 καὶ
296 2304 326 2330 οὺ
345 2303 496 2339 μεθεκτῶς.

974 2304 1114 2336 nimirum,
1129 2312 1180 2330 non
1197 2309 1285 2330 autem
1308 2309 1355 2338 per
1371 2300 1619 2336 participationem.

165 2351 199 2376 Δ.
215 2350 375 2376 Παντάπασι
393 2350 442 2385 μὲν
468 2347 525 2383 οὖν,
543 2346 566 2376 ὦ
583 2350 689 2386 ἑταῖρε,
713 2349 791 2376 τοῦτο
811 2350 838 2376 δὲ
859 2349 920 2386 εἴσῃ

1010 2351 1042 2376 Α.
1056 2349 1092 2376 Ita
1110 2357 1231 2384 prorsus,
1247 2349 1343 2376 amice.
1354 2348 1411 2375 lloe
1423 2352 1512 2374 autem
1526 2350 1552 2372 et
1566 2352 1599 2372 ex
1607 2344 1668 2370 aliis
1681 2342 1761 2369 ratio-

129 2395 222 2427 καλῶς
233 2395 279 2422 καὶ
296 2395 325 2428 ἐξ
337 2395 438 2430 ἑτέρων
449 2395 568 2423 ἐννοιῶν.
581 2395 648 2422 Θεοῦ
667 2396 715 2432 μὲν
730 2396 783 2431 γὰρ
797 2395 894 2430 λέγοντ‹

994 2396 1052 2423 ibus
1067 2395 1150 2431 probe
1164 2395 1307 2430 intelliges.
1321 2394 1403 2422 Deum
1416 2393 1489 2421 enim
1501 2392 1595 2419 audies
1605 2391 1759 2425 loquentem

128 2443 222 2469 ἑπαῖοι
235 2450 278 2474 τις
294 2441 338 2473 ἂν,
353 2443 401 2468 καὶ
415 2442 556 2477 μονονουχὶ
570 2442 738 2475 λειποταξίου
749 2443 858 2478 γραφὴν
872 2451 893 2468 κε

995 2447 1001 2470 t
1021 2441 1095 2476 quasi
1108 2441 1224 2468 desertae
1239 2441 1342 2468 militia:
1365 2442 1538 2467 accusantem
1558 2444 1606 2464 eos
1625 2436 1670 2470 qui
1685 2442 1760 2461 crea-

128 2487 274 2523 ταχέοντος
287 2487 342 2514 τῶν
354 2488 387 2522 τῇ
410 2487 497 2514 κτίσει
522 2487 752 2524 λελατρευκότων·
772 2498 781 2514 ι
808 2489 893 2522 *Εξέσῆ

996 2497 1062 2516 Iram
1078 2488 1218 2516 coluerant
1232 2495 1238 2514 :
1259 2495 1269 2513 ι
1284 2485 1429 2520 Obstupuit
1440 2485 1536 2512 caelum
1551 2489 1632 2517 super
1647 2481 1708 2512 hoc,
1734 2483 1761 2505 et

129 2535 144 2561 ὁ
159 2533 274 2569 οὐρανὸς
285 2534 332 2560 ἐπὶ
346 2533 444 2569 τούτῳ,
462 2534 508 2560 καὶ
518 2534 627 2570 ἔφριξεν
642 2535 688 2561 ἐπὶ
700 2534 790 2561 πλεῖον
806 2535 894 2570 σῳύδρι

995 2534 1109 2561 thorruit
1119 2532 1349 2568 plurimum,dieit
1373 2530 1516 2558 Dominus.
1530 2528 1587 2556 Duo
1602 2527 1673 2554 enim
1691 2525 1760 2551 mala

129 2579 206 2614 λέγει
232 2578 345 2614 Κύριος,
363 2579 404 2605 ὅτι
418 2579 465 2606 δύο
484 2580 537 2615 γὰρ
554 2580 660 2616 πονηρὰ
676 2580 804 2615 ἐποίησεν
819 2581 834 2606 ὁ
856 2579 894 2606 λικ

996 2580 1037 2608 :eit
1051 2580 1164 2616 populus
1180 2586 1255 2605 meus
1272 2587 1279 2604 ε
1295 2584 1338 2604 me
1355 2571 1667 2611 dereliqueruntl‘ontém
1686 2577 1761 2606 aqum

131 2633 195 2661 μου·
208 2626 220 2652 ὲ
225 2625 258 2660 μὲ
268 2625 447 2659 ἐγκατέλιπον
458 2626 548 2661 πηγὴν
559 2626 655 2658 ὕδατος
669 2626 780 2658 ζῶντος,
794 2626 839 2653 καὶ
849 2626 896 2662 ὥρη

995 2627 1053 2659 ivre,
1066 2630 1094 2652 et
1109 2625 1233 2652 foderunt
1252 2623 1302 2651 sibi
1315 2623 1448 2650 cisternas
1461 2620 1604 2652 contritas,
1625 2625 1686 2653 qum
1709 2624 1760 2643 non

131 2672 181 2703 ξαν
205 2671 311 2702 ἑαυτοῖς
335 2671 454 2703 λάκκους
471 2672 735 2707 συντετριμμένους,
751 2671 776 2698 οἳ
790 2673 820 2698 οὐ
839 2671 896 2698 δυνί

996 2676 1100 2699 oternnt
1131 2677 1229 2705 aquam
1247 2671 1386 2697 continere
1396 2668 1429 2695 ".
1450 2677 1459 2694 ι
1477 2665 1649 2694 Inveniemus
1674 2667 1761 2690 autem

131 2725 225 2744 σονται
249 2715 322 2751 ὕδωρ
342 2717 475 2752 συνέχειν.
499 2726 508 2742 ›
533 2717 788 2753 Προσπεφωνηκότα
814 2717 842 2744 δὲ
864 2726 895 2744 το

999 2718 1118 2745 ominum
1148 2721 1268 2744 nostrum
1296 2715 1388 2744 Iesum
1407 2713 1545 2741 Christum
1573 2710 1681 2738 Judaeos
1697 2708 1762 2735 alios

137 2762 277 2794 Ἰουδαίοις
294 2763 445 2798 εὑρήσομεν
462 2763 508 2789 τὸν
532 2763 634 2796 Κύριον
650 2763 729 2798 ἡμῶν
756 2763 858 2798 Ἰησοῦν
877 2764 902 2790 τὲ

996 2768 1120 2792 ucntem:
1142 2774 1150 2789 ι
1164 2764 1191 2790 Si
1203 2763 1264 2798 quis
1278 2763 1343 2795 sitit,
1358 2760 1447 2789 veniat
1460 2761 1492 2787 ad
1506 2767 1558 2791 mc,
1574 2762 1600 2785 et
1616 2757 1700 2784 bibat.
1713 2754 1761 2787 Qui

166 2850 190 2867 “
212 2852 292 2879 Rom.
319 2859 377 2886 vni,
402 2852 443 2879 Η.
483 2851 504 2867 κλ
525 2851 623 2879 Jcrcm.
644 2859 673 2884 ll,
692 2852 732 2884 12,
753 2852 792 2878 ιδ.
