1937 3036
119 178 191 208 1121

635 180 679 207 DE
701 180 748 207 SS.
771 179 960 208 TlthlTATE
981 180 1153 209 DIALOUUS
1176 181 1230 208 ΥΠ.

1687 183 1753 210 ili“!

119 238 208 270 οὐδὲν,
226 236 293 263 ἀλλά
311 236 361 263 ὅσα
377 236 505 269 ἀκούσει,
531 237 652 272 λαλήσει.
679 248 688 264 ι
714 239 819 273 Ὠσπερ
833 236 880 266 οὖν
893 240 908 265 ὁ

970 240 980 266 ti
996 240 1060 274 quid
1072 239 1144 268 forte
1158 239 1258 268 sanctis
1271 239 1395 266 insonare
1407 239 1480 273 velit,
1494 246 1583 268 sermo
1599 241 1633 268 sit
1643 241 1750 269 Christi.

120 283 198 319 Υἱὸς,
211 282 353 318 ὁμοούσιος
369 283 499 318 ὑπάρχων
512 282 551 317 τῷ
565 283 624 318 Θεῷ
649 284 697 310 καὶ
711 285 808 319 Πατρὶ,
827 285 912 318 Λόγος

119 337 152 355 τε
167 328 206 355 ὢν
219 327 312 360 αὑτοῦ,
333 327 368 354 τὰ
382 328 464 354 αὐτοῦ
480 328 572 355 λαλεῖο
591 338 601 354 ε
619 329 668 355 Ὃν
684 329 738 364 γὰρ
752 329 912 356 ἀπέστειλεν

119 375 135 402 ό
147 375 224 407 Θεὸς,
238 374 272 401 τὰ
286 374 396 410 ῥήματα
412 374 459 401 τοῦ
472 374 540 401 Θεοῦ
556 374 640 407 λαλεῖ,
657 384 666 401 ι
684 374 753 401 κατὰ
762 375 811 410 τὴν
823 375 912 402 Ἰωάν-

120 429 168 448 νου
183 420 286 456 φωνὴν,
299 421 359 447 ἐπεὶ
373 421 410 456 μὴ
422 420 514 455 ἕτερον
529 421 605 456 παρά
618 429 649 455 γε
659 421 689 447 τὸ
701 421 730 448 ὲν
743 421 781 456 τῷ
797 421 856 457 Θεῷ
866 421 913 448 καὶ

121 468 213 503 Πατρὶ
237 467 268 494 τὸ
295 467 402 502 θέλημα
417 467 464 493 τοῦ
479 467 544 493 Υἱοῦ
555 476 561 482 ·
589 467 660 494 κατὰ
681 467 727 494 τὸν
741 468 809 500 ἴσον,
824 465 911 502 οἶμαι,

120 512 223 547 τρόπον
231 521 261 539 τε
274 512 322 539 καὶ
335 512 425 546 λόγον,
437 512 484 539 καὶ
503 512 534 539 τὸ
551 512 663 548 Πνεῦμα
671 513 701 539 τὸ
711 513 788 547 ἆγιον
802 513 836 539 τὰ
846 514 913 549 Χρι-

122 559 187 586 στοῦ
205 558 288 592 λαλεῖ,
304 558 417 594 Πνεῦμα
430 558 551 594 ὑπάρχον
563 559 656 591 αὐτοῦ,
670 559 717 585 καὶ
729 560 763 594 τῇ
780 558 847 593 πρὸς
859 560 912 585 πᾶν

121 605 212 632 ὁτιοῦν
237 605 382 640 ταυτότητι
408 606 521 640 φυσικῇ,
546 604 595 640 τὴν
612 604 695 631 αὑτοῦ
712 604 790 636 δόξαν
817 613 847 631 τε
865 605 912 631 καὶ

121 651 303 678 ταυτοέπειαν
318 650 389 685 ἕχον.
406 651 502 684 ’Ἃγιον
520 651 610 678 τοίνυν
635 651 665 676 οὐ
687 650 834 686 μεθεκτῶς,
853 650 912 676 οὐδὲ

123 699 157 733 τῇ
172 697 272 729 ἔξωθεν
290 697 380 732 σχέσει
393 698 425 732 τῇ
443 696 512 733 πρὸς
526 696 572 723 τὸν
585 696 663 728 Υίὸν,
684 696 753 723 ἀλλὰ
769 696 849 731 φύσει
866 697 913 722 καὶ

123 742 248 778 ἀληθείᾳ,
257 743 287 769 τὸ
297 742 408 778 Πνεῦμα
422 742 515 769 αὐτοῦ.
531 742 584 769 Καὶ
596 742 689 778 ὥσπερ
702 742 776 768 ἐστὶν
789 742 911 776 ἀπόπλη-

124 789 190 815 κτόν
205 797 236 815 τε
247 788 294 815 καὶ
305 788 421 823 ἀμαθὲς,
437 788 580 824 ἄνθρωπον
608 787 657 823 μὲν
670 788 851 822 ὀνομάζεσθαι
868 788 913 814 τὸν

123 834 267 870 ἄνθρωπον
277 834 394 870 ἀληθῶς,
414 834 534 862 νοεῖσθαι
551 843 582 868 γε
600 835 653 869 μὴν
669 834 745 869 παρὰ
761 834 841 860 τοῦτο
855 834 913 860 ἓτε-

125 888 173 914 ρον
182 887 190 894 ’
207 879 279 906 οὕτω
290 879 392 915 ἠλίθιον
404 880 513 916 κομιδῇ,
534 879 645 915 Πνεῦμα
665 880 712 914 μὲν
725 879 801 913 ἂγιον
815 880 914 915 ὀνομά-

966 295 974 311 ι
988 285 1045 313 Non
1061 286 1144 319 enim,
1161 285 1258 320 inquit,
1273 286 1397 319 loquetur
1412 293 1426 312 a
1441 287 1585 320 semetipso
1597 287 1752 321 quidquam,

962 332 1008 358 sed
1024 338 1191 365 quaecunque
1206 331 1296 358 attdiet
1307 330 1431 364 loquetur
1447 331 1478 358 ⁸⁸.
1495 340 1504 356 ι
1522 331 1753 364 Quemadmodum

962 383 1026 410 ergo
1044 376 1128 404 Filius
1140 376 1235 411 658,
1253 377 1306 404 Deo
1321 381 1346 403 ct
1360 376 1433 404 Patri
1452 384 1511 403 cum
1525 377 1559 405 sit
1579 378 1755 404 consubstan-

964 422 1052 454 tialis,
1069 427 1095 449 et
1115 422 1200 456 ipsius
1217 423 1350 454 Verbum,
1365 429 1423 456 qua:
1446 422 1534 456 ipsius
1557 428 1620 450 sunt
1637 423 1756 457 loquitur

963 468 1066 503 (quem
1092 467 1163 494 enim
1192 467 1265 494 misit
1288 467 1374 500 Deus,
1391 468 1471 495 verba
1503 467 1548 495 Dei
1579 468 1712 502 loquitur,
1729 473 1756 495 ut

963 513 1059 540 scribit
1072 512 1189 541 Joannes
1203 513 1237 545 ⁸³,
1252 513 1468 548 quandoquidem
1483 513 1543 541 Filii
1562 514 1686 542 voluntas
1704 515 1755 541 alia

963 565 1016 585 non
1030 562 1071 585 est
1088 566 1103 584 a
1117 557 1163 584 Dei
1181 565 1212 585 ac
1227 557 1313 584 Patris
1330 558 1465 585 voluntate
1478 558 1488 591 )
1506 565 1512 584 :
1527 559 1620 586 eodem
1631 579 1639 591 ,
1651 559 1755 593 Opinor,

964 604 1044 631 modo
1071 611 1103 631 ac
1129 604 1233 630 ratione
1259 609 1368 631 sanctus
1398 612 1505 639 quoque
1527 604 1644 639 Spiritus
1675 605 1755 632 verba

963 650 1063 677 Christi
1081 649 1209 684 loquitur,
1223 657 1285 676 cum
1300 650 1334 677 sit
1348 649 1465 682 Spiritus
1479 649 1545 683 ejus,
1560 654 1587 676 et
1600 650 1756 677 outnimoda

964 697 1104 724 identitate
1122 694 1234 722 naturali
1253 695 1310 729 ejus
1326 695 1437 730 gloriam
1452 701 1478 722 et
1496 695 1621 722 eumdem
1646 696 1757 723 munitm

963 748 1114 770 sermonem
1154 741 1260 768 habeat.
1293 741 1408 768 Sanctus
1437 741 1518 775 igitur
1543 745 1601 774 est,
1632 743 1684 768 ιιὸη
1709 749 1757 776 per

964 788 1209 823 participationem,
1227 795 1313 822 neque
1328 792 1439 814 externa
1455 787 1582 815 relatione
1598 789 1630 814 ad
1648 787 1754 818 Filium,

963 835 1011 861 sed
1028 839 1123 860 natura
1137 838 1162 860 et
1176 833 1300 865 veritate,
1316 833 1430 867 Spiritus
1445 834 1512 868 ejus.
1528 834 1560 860 Et
1582 833 1757 868 quemadmo-

964 880 1026 907 dum
1048 879 1184 914 stupidum
1199 885 1225 906 et
1249 879 1380 907 insulsum
1405 883 1446 906 est
1461 880 1597 907 hominem
1630 879 1757 914 appellari

122 925 183 957 ζειν
195 926 226 952 τὸ
238 925 362 960 Πνεῦμα,
384 925 432 952 τοῦ
447 934 480 960 γε
496 925 548 960 μὴν
563 922 633 951 εἶναι
651 925 722 952 κατὰ
738 925 819 959 φύσιν
834 926 911 959 ἅγιον

970 925 1071 960 ιυὶάειιι
1089 931 1180 952 revera
1198 924 1333 950 hominem
1346 944 1353 954 .
1374 928 1462 950 tamen
1484 923 1555 950 aliud
1578 923 1705 958 quiddam
1725 923 1758 950 ab

123 971 269 998 ἀποσοϐεῖν
282 971 358 1002 αὐτὸ,
374 971 420 998 καὶ
437 971 476 1002 είς
490 971 585 1006 ἑτέραν
609 971 732 1003 ἐκτόπως
747 970 911 1004 καταϐιάζε-

124 1017 189 1044 σθαι
202 1017 293 1052 φύσιν.
317 1017 354 1044 Οὐ
369 1017 422 1052 γὰρ
436 1017 515 1052 δόξης
533 1017 550 1052 ἢ
572 1017 708 1052 ὑπεροχῆς
724 1019 914 1053 κατασημανεῖ

122 1071 186 1090 τινα
207 1063 305 1098 τρόπον
329 1062 446 1098 τοῠνομα
471 1062 566 1097 αὐτῷ,
591 1063 716 1099 καθάπερ
748 1063 845 1098 ἀμέλει
870 1063 911 1095 τὸ,

129 1108 226 1144 Ἀρχὴ,
248 1109 294 1136 καὶ
319 1108 429 1144 Θρόνος,
455 1108 502 1135 κα)¹
517 1108 664 1144 Κυριότης,
685 1108 732 1134 ἐπὶ
755 1109 809 1135 τῶν
829 1109 868 1140 εἰς
882 1109 913 1135 τὸ

123 1152 196 1181 εἶναι
219 1154 251 1181 δι’
276 1153 357 1180 αὐτοῦ
382 1153 646 1189 παρενηνεγμένων’
664 1153 740 1180 ἕσται
764 1154 793 1181 δὲ
814 1154 914 1190 μᾶλλον

122 1201 207 1227 οἱονεὶ
220 1201 269 1236 τῆς
282 1201 426 1232 οὑσιώδους
446 1200 588 1236 ποιότητος
600 1199 744 1233 δεικτικὸν,
758 1201 913 1236 ὡσπερανεὶ

124 1247 175 1273 καὶ
193 1247 233 1281 τῷ
250 1245 338 1281 Πατρῖ
356 1245 386 1272 τὸ
410 1245 515 1280 Πατὴρ⁷
539 1245 586 1271 καὶ
599 1245 638 1280 τῷ
659 1244 716 1280 Υἱῷ
729 1245 760 1271 τὸ
770 1245 844 1277 Υἱός.
860 1246 914 1272 Καὶ

123 1290 206 1326 εἴπερ
222 1291 280 1317 ἐστὶ
301 1290 350 1325 τῆς
373 1290 490 1325 ἐσχάτης
506 1289 651 1321 ἀσυνεσίας
667 1290 782 1325 μήνυσις
799 1290 914 1326 ἀκριϐὴς

123 1336 155 1363 τὸ
167 1336 277 1372 Πατέρα
291 1336 339 1371 μὲν
352 1335 494 1371 ὀνομάζειν
511 1335 555 1362 τὸν
575 1335 640 1362 Θεὸν
653 1355 660 1368 ,
685 1336 735 1362 οὐκ
751 1334 820 1362 εἶναι
833 1336 861 1362 δὲ
881 1335 913 1363 αὖ

125 1381 238 1417 Πατέρα
252 1382 322 1407 νοεῖν
346 1380 436 1413 αὑτὸν,
454 1380 471 1415 ἣ
489 1380 534 1407 καὶ
558 1380 620 1407 Υιὸν
648 1380 698 1415 μεν
717 1381 763 1407 τὸν
776 1381 850 1413 Υἱὸν,
865 1382 915 1408 οὐκ

125 1426 198 1454 εἶναι
215 1428 242 1454 δὲ
259 1427 337 1454 τοῦτο
349 1427 449 1462 λέγειν,
464 1427 522 1458 πῶς
538 1427 571 1453 ἂν
591 1426 798 1462 ἀπαλλάξαιμεν
814 1428 867 1453 τῶν
886 1428 916 1460 ἐξ

125 1474 247 1509 ἀμαθίας
262 1474 442 1509 αἱτιαμάτων,
456 1474 519 1504 τοὺς
535 1473 678 1508 ἁγιότητος
699 1474 815 1509 φυσικῆς
833 1483 919 1501 κατ-(κέ

125 1519 281 1554 τολμῶντας
294 1518 468 1553 ἀπογυμνοῦν
478 1518 507 1545 τὸ
521 1518 599 1552 φύσει
612 1527 641 1545 τε
657 1520 703 1545 καὶ
716 1518 824 1554 ἀληθῶς
838 1519 916 1553 ἅγιον

127 1565 257 1600 Πνεῦμα;
279 1565 364 1600 Εἴπερ
380 1563 425 1592 οὖν
438 1565 515 1599 ἆγιος
530 1565 600 1592 κατὰ
623 1565 703 1599 φύσιν
718 1566 732 1591 ό
744 1566 821 1598 Θεὸς,
839 1566 916 1600 ἅγιον

124 1611 154 1638 δὲ
170 1612 229 1638 κατ’
243 1611 334 1644 αὑτὸν,
353 1612 400 1638 καὶ
415 1612 445 1638 τὸ
460 1611 490 1643 ἐξ
503 1611 586 1638 αὑτοῦ
603 1620 631 1638 τε
644 1611 691 1638 καὶ
706 1613 735 1638 ὲν
749 1612 822 1647 αὐτῷ
839 1612 915 1639 νοού-

127 1665 208 1692 μενον
228 1656 355 1692 Πνεῦμα,
379 1657 420 1688 τίς
446 1657 479 1684 ἂν
491 1656 534 1692 εἴη
551 1656 643 1683 λοιπὸν
655 1658 668 1683 ὁ
685 1657 734 1691 τῆς
758 1658 918 1692 ἑτερότητος

124 1702 238 1738 τρόπος,
251 1703 322 1738 φημὶ
337 1702 364 1728 δὲ
375 1702 424 1737 τῆς
439 1702 498 1729 κατ’
514 1702 622 1735 οὐσίαν;
640 1703 674 1728 "H
695 1701 753 1733 πῶς
766 1702 814 1737 οὐχ
828 1702 917 1729 ἁλοῖεν

125 1747 160 1774 ἂν
175 1747 269 1784 σαθροὶ
281 1748 326 1775 καὶ
340 1747 552 1783 ὀλιγογνὼμονες
567 1749 592 1774 οἱ
607 1747 696 1774 κτίσει
712 1748 915 1783 συγγράφοντες

125 1794 168 1825 τὸ,
185 1794 218 1820 δι’
230 1791 261 1821 οὗ
276 1795 321 1821 καὶ
340 1796 369 1821 ὲν
382 1791 539 1829 ᾧθεότητος
554 1794 635 1828 φύσις
649 1795 722 1821 ἐστὶν
738 1796 767 1821 ὲν
784 1796 864 1830 ἡμῖν;
877 1795 914 1820 Οὐ

126 1838 182 1874 γὰρ
197 1840 225 1865 ἐν
242 1839 370 1874 κτίσματι
382 1839 512 1874 μεθεκτὺν
523 1839 553 1866 τὸ
568 1839 638 1874 ὑπὲρ
654 1839 702 1874 τὴν
721 1839 824 1866 κτίσιν*
837 1839 853 1874 ῆ
866 1839 915 1865 οὐκ

125 1884 230 1921 ἀληθὴς
248 1887 262 1912 ὁ
275 1885 352 1920 λόγος
367 1893 373 1917 ;

964 972 1022 1006 ipso
1041 970 1154 1005 intelligi
1173 978 1180 996 :
1197 971 1232 997 ita
1249 969 1326 997 valde
1350 970 1460 997 stultutn
1480 976 1531 1002 est,
1548 969 1677 1004 Spiritum
1700 971 1754 1004 qni-

963 1016 1023 1044 dem
1047 1021 1169 1044 sanctum
1187 1017 1328 1043 notttinare
1351 1015 1496 1051 Spiritum,
1511 1020 1537 1043 et
1559 1021 1648 1043 tamen
1670 1015 1757 1050 ipsum

964 1069 1056 1089 arcere
1083 1062 1227 1096 quominus
1255 1062 1291 1089 sit
1315 1061 1461 1088 secundum
1491 1066 1615 1088 naturam
1640 1065 1757 1092 sanctus,

964 1112 991 1135 et
1010 1108 1036 1134 in
1059 1107 1141 1134 aliam
1168 1108 1258 1142 inepte
1274 1111 1398 1134 naturam
1424 1107 1576 1134 detrudere.
1603 1106 1660 1133 Non
1686 1108 1757 1134 enim

964 1152 1055 1187 gloriae
1066 1157 1110 1178 aut
1122 1152 1284 1187 praestantiae
1295 1152 1401 1178 modum
1415 1152 1557 1186 quemdam
1568 1152 1651 1186 ipsius
1661 1159 1758 1178 nomen

965 1197 1137 1233 signiﬁcabit,
1153 1198 1379 1232 quemadmodum
1400 1205 1495 1232 nempe
1519 1199 1605 1231 istud,
1621 1196 1759 1232 Principa-

966 1249 1018 1277 tus,
1034 1244 1168 1277 'l‘hr0uus,
1183 1250 1209 1271 et
1230 1244 1400 1277 Domiuatio,
1423 1244 1456 1271 de
1474 1244 1507 1271 iis
1521 1252 1580 1279 qua:
1601 1253 1648 1280 per
1666 1246 1753 1279 ipsum

965 1295 1054 1318 creata
1072 1295 1155 1318 sunt:
1178 1291 1225 1317 sed
1249 1290 1454 1317 substantialcm
1485 1290 1573 1324 potius
1601 1290 1763 1324 qualitatum

966 1337 1128 1369 declarabit.
1157 1337 1237 1364 veluti
1263 1345 1360 1364 nomen
1390 1336 1464 1369 illud,
1488 1337 1582 1369 l‘ater,
1607 1337 1709 1368 Patris,
1732 1342 1758 1362 et

967 1383 1068 1415 Fillus,
1096 1383 1168 1410 Filii.
1197 1382 1273 1416 Quod
1304 1383 1325 1410 si
1349 1388 1478 1410 extrema:
1505 1383 1626 1410 stultitiae
1652 1388 1755 1410 certum

969 1434 1157 1464 argumentum
1179 1433 1221 1456 est
1243 1429 1326 1461 illud,
1350 1429 1490 1456 nominare
1515 1429 1621 1463 quidem
1650 1429 1756 1455 l‘alrcm

969 1475 1069 1507 Deum,
1087 1475 1133 1502 sed
1153 1475 1239 1509 ipsum
1253 1475 1357 1502 Patrem
1377 1482 1438 1502 esse
1460 1482 1512 1502 nou
1531 1475 1680 1509 intelligere
1694 1484 1699 1500 :
1713 1480 1757 1502 aut

967 1519 1063 1547 Filium
1081 1519 1200 1554 quidem,
1214 1520 1312 1547 Filium
1324 1540 1331 1552 ,
1348 1520 1418 1548 istud
1435 1525 1524 1547 autem
1542 1529 1594 1547 non
1612 1527 1672 1547 esse
1687 1520 1758 1546 dim-

969 1572 1022 1592 re:
1046 1565 1181 1599 quomodo
1208 1565 1365 1599 ignorantia:
1389 1564 1466 1598 culpa
1495 1563 1669 1590 liberabimus
1698 1571 1756 1593 cos,

967 1611 1013 1646 qui
1041 1611 1186 1638 sanctitate
1204 1610 1320 1637 naturali
1349 1610 1464 1645 spoliare
1492 1610 1590 1636 audent
1613 1613 1705 1636 natura
1732 1615 1757 1635 cl

968 1663 1032 1683 vere
1044 1661 1167 1684 sanctum
1182 1656 1310 1690 Spiritum
1323 1655 1333 1681 ?
1350 1655 1377 1682 Si
1392 1663 1457 1689 ergo
1466 1658 1593 1682 'sam-tus
1609 1654 1756 1682 secundum

969 1708 1091 1729 naturam
1115 1702 1184 1729 Deus
1198 1708 1248 1734 est,
1267 1706 1376 1729 sanctus
1394 1705 1484 1728 autent
1502 1700 1547 1735 qui
1563 1708 1597 1727 ex
1611 1700 1669 1734 ipso
1689 1703 1716 1726 et
1733 1699 1758 1725 in

969 1748 1028 1784 ipso
1060 1749 1218 1784 intelligitur
1255 1748 1371 1783 Spiritus
1389 1758 1395 1775 :
1415 1755 1536 1783 quaenam
1566 1748 1674 1774 demum
1706 1748 1760 1773 erit

969 1794 1134 1822 diversitatis
1147 1796 1225 1826 ratio,
1239 1794 1435 1827 substantialis,
1449 1792 1575 1829 inquam?
1592 1797 1638 1819 aut
1651 1799 1760 1826 qttoruo—

970 1836 1004 1868 do
1020 1842 1103 1876 putidi
1119 1847 1146 1868 et
1157 1842 1262 1876 angusti
1279 1842 1361 1868 auinti
1376 1848 1435 1868 esse
1453 1848 1505 1867 nott
1521 1839 1757 1874 deprehendantur

969 1888 1014 1921 qui
1025 1891 1156 1914 creaturae
1175 1887 1312 1914 ascribunt
1325 1887 1350 1913 id
1365 1895 1411 1921 per
1425 1886 1534 1920 quodet
1548 1886 1572 1912 in
1588 1892 1640 1919 quo
1651 1884 1760 1910 deitatis

126 1936 224 1958 natura
238 1935 280 1959 est
295 1932 320 1959 in
336 1931 436 1959 ttobis?
455 1930 514 1958 Non
539 1931 611 1958 enim
651 1931 676 1958 iu
706 1934 829 1958 creatura
860 1932 1084 1960 comutunicabile
1107 1937 1148 1960 est
1173 1932 1199 1959 id
1225 1932 1296 1966 quod
1322 1939 1403 1966 supra
1415 1935 1567 1958 creaturam
1592 1933 1644 1956 est.
1660 1929 1756 1955 Annon

127 1985 221 2005 verum
241 1983 283 2006 est
299 1979 369 2014 quod
382 1979 442 2007 dico
456 1979 467 2005 ?

164 2025 197 2051 B.
211 2024 265 2051 Καὶ
281 2025 364 2060 μάλα.

165 2072 198 2098 Λ.
213 2071 245 2097 Τί
257 2071 296 2105 δέ;
311 2072 370 2107 οὐχὶ
385 2071 478 2106 σοφὸς,
493 2070 592 2105 μᾶλλον
608 2069 635 2096 δὲ
644 2069 805 2106 αὐτόχρημα
821 2070 900 2105 σοφία
910 2091 916 2103 ,

125 2116 194 2148 Θεός
205 2125 212 2149 ;

165 2163 196 2189 Β.
212 2162 266 2189 Καὶ
280 2162 337 2194 πῶς
345 2163 425 2190 τοῦτο
439 2162 607 2198 ἀμφίλογον;

165 2209 199 2234 A.
214 2208 287 2242 Σοφὰ
306 2208 334 2234 δὲ
358 2209 387 2234 ἐν
407 2209 460 2235 τίνι
474 2208 509 2235 τὰ
525 2207 691 2242 σοφούμενα,
716 2207 803 2243 φράζε
821 2207 852 2242 δή
872 2215 917 2242 μοι

127 2254 225 2281 πάλιν.
256 2238 262 2242 1
561 2238 567 2242 -
609 2238 615 2242 ‘
685 2238 688 2240 Π
723 2238 746 2243 -.
780 2238 784 2239 7
847 2238 852 2242 Ι
873 2238 878 2242 1
933 2238 954 2266 D

166 2301 197 2327 B.
220 2300 264 2326 Ἐν
276 2300 356 2336 σοφία
370 2301 501 2336 δηλονότι.

165 2347 199 2374 Α.
217 2347 321 2374 Οὐκοῦν
339 2347 364 2373 εί
379 2348 454 2382 σοφοῖ
466 2347 496 2373 τὸ
514 2346 625 2382 Πνεῦμα
637 2346 672 2372 τὰ
687 2346 781 2380 σοφίας
793 2345 916 2379 δεκτικὰ,

128 2392 214 2428 σοφία
235 2401 286 2419 που
307 2393 414 2424 πάντως
433 2392 510 2418 ἔσται
528 2391 574 2418 καὶ
596 2391 768 2426 νοηθήσεται,
789 2390 874 2417 Τοῦτο
890 2391 918 2417 δὲ

127 2438 234 2473 ἔφαμεν
248 2435 318 2464 εἶναι
334 2437 380 2464 τὸν
395 2437 472 2464 Θεόν.

164 2484 196 2510 Β.
215 2483 248 2510 Τί
261 2481 319 2516 οὖν,
339 2484 362 2510 εί
374 2484 420 2510 καὶ
432 2483 570 2518 ἄνθρωποι
586 2483 634 2510 καὶ
647 2483 767 2518 ἄγγελοι,
781 2482 856 2517 φασὶ,
872 2491 917 2509 σο-

127 2529 175 2564 φοί
185 2529 216 2556 τέ
233 2530 297 2562 εἰσι,
315 2531 362 2556 καὶ
377 2530 416 2561 εἰς
432 2529 463 2555 τὸ
479 2529 578 2563 σοφοῦν
593 2529 703 2565 ἐτέρους
717 2528 879 2564 ἐπιτήδειον

165 2618 197 2644 Α.
225 2618 294 2644 Ἀλλ’
311 2618 341 2644 οὐ
361 2618 466 2652 σοφίαν,
483 2615 505 2645 ὧ
521 2619 580 2652 τᾶν,
599 2620 655 2650 τοῖς
670 2619 713 2646 διὰ
728 2619 803 2653 σφῶν
824 2619 920 2653 σοφοῦ-

128 2664 193 2691 σϐαι
217 2665 384 2700 λεγομένοις,
403 2665 524 2697 ἀνιέντες
542 2665 580 2697 ὡς
597 2665 673 2698 Θεὸς,
697 2665 755 2692 ἀλλ’
773 2665 921 2700 εὐμαθείας

127 2711 179 2746 τῆς
195 2711 269 2746 σφῶν
281 2713 426 2743 κοινωνοὺς
439 2711 643 2745 ἀποφαίνοντες.
659 2711 856 2747 Χρησμῲδημα
867 2711 922 2747 γὰρ

128 2758 299 2793 ἁγιοπρεπὲς
315 2758 397 2792 φαίην
414 2758 447 2784 ἂν
465 2758 563 2792 ἔγωγε,
578 2758 618 2789 τὸ,
642 2767 652 2783 ι
670 2758 780 2791 Δωρεὰν
799 2757 922 2789 ἐλάϐετε,

126 2803 233 2839 δωρεὰν
248 2803 319 2830 δότε.
344 2813 353 2830 ι
378 2804 414 2830 Τὸ
435 2805 463 2831 δέ
478 2813 510 2838 γε
525 2803 638 2838 Πνεῦμα
659 2804 690 2830 τὸ
708 2803 785 2838 ἂγιον
801 2804 923 2838 ίσουργεί

164 2895 186 2909 ⁸⁸
199 2894 281 2921 Juau.
298 2901 352 2928 .\\'|,
371 2894 410 2921 15.
450 2893 478 2929 εν,
491 2892 569 2921 ιοειη.
588 2892 686 2927 ιιι,54.
725 2892 748 2933 ἑο
767 2891 861 2920 Matth.
879 2899 906 2925 ι,
925 2890 950 2920 8.

1007 2022 1037 2050 Β.
1059 2022 1242 2050 Vcrissimum.

1008 2069 1040 2094 A.
1062 2068 1131 2102 Quid
1159 2069 1239 2096 vero?
1256 2075 1344 2095 nonne
1369 2067 1491 2102 sapiens,
1520 2067 1574 2094 imo
1605 2073 1668 2094 vero
1701 2066 1757 2101 ipsa

971 2114 1102 2149 sapientia
1116 2114 1186 2141 Deus
1201 2118 1241 2141 est
1256 2114 1267 2140 ?

1004 2160 1034 2188 Β.
1054 2161 1165 2188 Cuinatn
1181 2159 1289 2188 dubium
1307 2161 1376 2187 istud
1389 2161 1452 2188 est?

1005 2208 1037 2234 Α.
1058 2207 1085 2233 ln
1104 2214 1157 2241 quo
1172 2213 1235 2233 vero
1251 2205 1383 2240 sapientia
1399 2211 1461 2234 sunt
1474 2213 1505 2233 ea
1523 2213 1582 2241 quze
1596 2205 1757 2241 sapientiam

969 2253 1104 2288 accipiunt
1117 2253 1129 2279 ?

1005 2299 1034 2325 Β.
1052 2296 1082 2326 Ἰιι
1102 2298 1234 2333 sapientia
1252 2297 1385 2326 videlicet.

1004 2344 1037 2372 Α.
1057 2344 1156 2379 Igitur,
1173 2344 1195 2371 si
1220 2344 1339 2379 Spiritus
1366 2343 1527 2379 sapientiam
1555 2343 1622 2371 indit
1639 2343 1673 2371 iis
1699 2351 1759 2378 qua:

971 2390 1184 2424 suntsapientiaa
1201 2390 1323 2424 capacia,
1341 2390 1470 2425 sapientia
1495 2389 1587 2423 utique
1611 2389 1662 2416 erit
1675 2394 1702 2416 et
1715 2389 1757 2416 iu-

973 2435 1115 2470 telligetur.
1133 2435 1188 2463 lloc
1202 2441 1290 2463 autem
1302 2436 1418 2463 diximus
1433 2442 1504 2466 esse,
1524 2435 1615 2462 Deum.

1006 2481 1035 2508 Β.
1053 2481 1122 2514 Quid
1146 2489 1226 2515 ergo,
1249 2482 1391 2516 inquiunt,
1409 2481 1431 2509 si
1446 2486 1472 2508 et
1488 2481 1610 2512 homines
1628 2485 1652 2507 et
1669 2479 1758 2514 angeli

970 2529 1105 2563 sapientes
1127 2533 1198 2560 sunt,
1211 2532 1236 2555 et
1249 2529 1281 2555 ad
1301 2528 1384 2564 653
1396 2527 1556 2563 sapientiam
1581 2527 1642 2554 aliis
1669 2527 1759 2554 int'un-

972 2574 1085 2603 deudant
1105 2575 1159 2609 apti
1175 2574 1186 2601 ‘1
1501 2570 1503 2573 ’

1008 2621 1040 2648 Λ.
1059 2620 1093 2647 At
1109 2628 1162 2647 non
1178 2620 1221 2653 iis,
1249 2621 1346 2653 amice,
1360 2621 1405 2656 qui
1427 2621 1556 2649 dicuntur
1572 2620 1605 2647 ab
1627 2618 1692 2653 ipsis
1714 2626 1759 2645 sa-

973 2667 1104 2702 pientiam
1133 2667 1279 2700 accipere,
1307 2668 1468 2702 sapientiam
1496 2666 1668 2694 immittendo
1686 2664 1760 2692 sicut

973 2713 1044 2740 Deus
1059 2712 1124 2740 :sed
1140 2712 1271 2740 doctrina:
1282 2721 1338 2740 suae
1353 2713 1500 2747 participes
1523 2711 1672 2740 etIicieudo.
1692 2711 1759 2737 Ura-

973 2758 1062 2786 Cqum
1090 2759 1163 2786 cuitu
1186 2759 1251 2786 illud
1273 2759 1300 2786 in
1325 2763 1436 2786 sanctos
1457 2759 1592 2793 quadrare
1617 2755 1731 2784 dixerint
1751 2764 1758 2781 :

976 2814 985 2830 ι
998 2804 1091 2833 Gratis
1106 2805 1260 2840 accepistis,
1276 2806 1362 2840 gratis
1377 2805 1438 2833 date
1448 2804 1482 2832 ὀ.
1500 2813 1510 2830 ›
1536 2803 1653 2832 Sanctus
1669 2805 1758 2829 auten.
