1937 3036
164 185 232 213 2123

672 183 701 211 S.
723 182 861 211 CYRILIJ
882 180 1116 209 ALEXANDRINI
1137 180 1294 208 ARCHlEP.

1726 178 1800 206 1124

158 239 281 275 Spiritus
314 238 456 274 aequaliter
492 242 621 273 operatur
649 245 711 264 cum
752 236 818 264 Deo.
854 236 946 271 Itaque

1014 235 1118 271 ῷΘεῷ.
1135 235 1228 269 Ὥστε,
1246 237 1326 271 εἴπερ
1349 235 1386 271 τῷ
1408 235 1478 264 κατὰ
1507 238 1618 273 μέθεξιν
1639 236 1687 264 καὶ
1714 238 1800 264 ἐναυ-

125 283 132 314 ἒ
166 287 188 314 si
222 286 266 313 cui
280 285 397 320 seipsum
426 285 640 320 participandum
675 289 704 311 et
726 284 859 318 hospitem
896 283 952 309 lar—

158 332 234 367 gitus
251 330 347 364 fuerit,
365 331 474 365 sapiens
493 330 556 356 illud
581 330 675 364 tttique
699 337 747 364 pcr
761 330 881 364 scipsutu
897 327 954 356 elli-

157 378 209 410 eit.
224 381 252 404 et
267 383 402 410 supremae
419 380 524 402 natura:
539 375 729 410 operationem
743 374 770 402 in
790 375 841 402 hoc
859 381 954 402 rursus

162 422 266 458 implet.
278 421 410 455 Quocirca
431 421 466 447 ad
485 420 578 448 Mosen
591 420 699 454 quidem
716 427 858 448 sacrorum
870 420 955 447 inter-

160 471 269 502 pretem
288 466 396 493 dicebat
414 465 486 492 Deus
503 465 674 499 omnipotens
691 473 698 492 :
723 473 732 490 ι
748 464 814 498 Quis
831 464 904 492 dedit
923 471 955 491 os

163 512 266 541 homini
279 512 291 539 Y
304 515 332 539 et
348 512 411 546 quis
427 510 492 538 fecit
507 511 618 538 surdum
633 516 661 538 et
677 511 844 544 audientem,
861 510 955 537 viden-

162 565 216 587 tem
233 562 260 586 et
275 558 396 586 caecum?
410 565 500 585 nonne
515 565 565 592 ego
579 557 711 584 Dominus
723 557 795 584 Deus
807 557 842 583 ἰ.
859 565 868 581 ι
884 555 955 589 Quin

162 609 190 632 et
201 604 265 631 alibi
284 611 332 638 per
347 611 430 630 unutn
446 603 653 637 prophetarum,
678 602 712 630 de
725 601 880 629 Judzeorum
893 609 955 637 gre-

164 657 197 683 ge
214 657 222 675 :
240 658 249 675 I
268 649 338 682 Quia
363 648 389 675 in
413 647 475 675 aliis
493 647 595 682 linguis
624 651 652 674 et
675 646 754 673 labiis
779 645 840 673 aliis
862 644 956 679 loquar

161 694 260 730 populo
284 694 357 726 huic,
383 698 409 720 et
437 699 524 726 neque
549 692 589 719 sic
606 692 719 719 credent
734 691 779 717 “‘2
799 700 808 715 ι
830 690 857 717 lu
881 689 957 717 Actis

159 745 250 768 autem
262 744 420 768 sanctorum
437 738 622 773 apostolorum
639 737 759 772 Spiritus
771 737 873 763 virtute
890 736 956 770 idip-

161 794 220 813 sum
237 786 377 821 peragitur
393 794 400 813 :
424 795 433 812 ι
451 786 484 813 Et
500 789 653 820 coeperunt,
673 784 773 818 inquit,
786 783 858 818 loqui
875 782 958 809 variis

143 856 146 857 ν
161 831 268 866 linguis,
282 831 489 866 proutSpiritus
502 831 582 858 dabat
596 830 686 864 eloqui
706 829 759 856 illis
772 829 806 856 ³³.
825 839 834 853 ι
848 828 958 855 Christo

162 883 228 904 vero
245 884 340 903 rursus
358 877 466 903 dicente
490 877 547 903 suis
566 875 707 909 discipulis
724 882 771 902 eos
788 875 900 902 ductum
923 874 957 901 iri

163 923 196 949 ad
216 923 354 956 principes
376 927 402 949 ct
429 929 526 954 reges,
556 922 602 948 sed
626 928 796 956 nequaquam
822 927 883 947 esse
900 928 956 947 me-
973 913 993 939 Β

162 969 291 995 tuendum
305 976 313 994 :
335 977 344 994 ι
363 967 402 994 Ne
416 968 488 994 enim
506 967 613 995 solliciti
633 968 704 999 sitis,
721 966 820 1001 inquit,
836 966 900 1000 quid
916 965 955 992 di-

162 1015 234 1042 catis
253 1019 301 1041 aut
315 1014 378 1049 quid
394 1013 559 1048 loquamini,
585 1013 639 1048 Ego
649 1014 718 1040 enim
735 1012 804 1039 dabo
823 1012 893 1039 vobis
905 1011 957 1038 liu-

162 1068 244 1094 guam
271 1060 357 1086 sancti
374 1058 492 1094 Spiritus
510 1059 605 1086 virtute
619 1064 643 1086 et
662 1064 756 1086 natura
773 1058 812 1090 °‘,
844 1068 853 1084 ι
873 1064 957 1084 sacra:

165 1105 274 1133 Littera:
287 1105 496 1140 promissionem
513 1106 616 1132 sanctis
633 1105 807 1140 adimpletum
831 1111 893 1131 esse
916 1103 955 1130 dio

165 1157 241 1179 eum.
259 1150 316 1186 lpse
332 1151 405 1178 cuiut
421 1151 547 1178 Christus
570 1151 659 1178 aiebat
679 1159 687 1178 :
707 1160 716 1176 ι
741 1150 798 1177 Non
820 1158 869 1177 vos
892 1150 959 1178 estis

165 1196 212 1231 qui
227 1196 381 1230 loquimini,
395 1196 443 1222 sed
457 1194 574 1230 Spiritus
583 1195 672 1222 Patris
681 1196 764 1222 vestri
778 1196 824 1229 qui
839 1195 959 1229 loquitur

168 1243 196 1270 in
213 1242 289 1270 vobis
305 1243 338 1269 νδ.
358 1251 368 1268 ›
393 1242 534 1276 Quomodo
558 1242 640 1277 igitur
663 1242 771 1270 tandem
799 1246 907 1268 creatus
932 1246 960 1268 et

168 1290 269 1321 factus,
288 1294 314 1316 ct
328 1296 454 1324 suprema
472 1294 568 1316 natura
586 1288 698 1316 inferior
714 1293 757 1316 est
780 1288 813 1320 is,
837 1288 882 1322 qui
905 1295 958 1322 qua

167 1335 301 1370 sapientia
315 1339 368 1368 est,
391 1335 552 1369 sapientiam
582 1335 709 1368 infundit,
735 1342 796 1362 cmn
822 1334 956 1369 sapientia

168 1381 204 1409 sit
218 1381 307 1410 Deus?
322 1381 461 1416 Quomodo
477 1388 558 1413 vero,
577 1388 637 1408 cum
655 1381 744 1408 omnia
761 1380 832 1407 norit
847 1384 874 1407 et
892 1387 957 1415 pro-

169 1427 254 1455 funda
284 1427 332 1456 Dei
361 1432 510 1461 scrutetur,
541 1427 615 1454 inter
635 1433 667 1454 ea
694 1426 872 1454 collocabitur
897 1433 959 1460 qua:

168 1474 296 1509 ignorant
312 1481 372 1508 qua:
385 1473 431 1500 Dei
447 1478 521 1506 sunt,
538 1477 565 1500 et
579 1472 707 1500 servilem
725 1473 750 1499 in
763 1479 793 1500 se
811 1471 924 1507 gloriam
943 1480 958 1498 ει

168 1520 246 1548 nobis
260 1520 401 1554 suscipiet,
417 1527 478 1548 eum
491 1519 622 1546 Servator
633 1519 706 1546 clare
721 1519 794 1546 dicat
811 1527 817 1544 :
837 1528 846 1544 ι
860 1518 961 1546 Servus

169 1567 257 1594 nescit
272 1567 338 1601 quid
353 1565 434 1594 faciat
448 1566 574 1594 dominus
585 1565 643 1600 ejus
656 1565 697 1592 ἐἳ
716 1574 725 1590 ι
739 1565 804 1592 Cum
819 1571 883 1598 ergo
900 1564 961 1599 Spi-

170 1613 237 1640 ritus
251 1613 322 1640 norit
337 1619 367 1639 ea
380 1619 440 1647 qua:
451 1617 514 1639 sunt
530 1611 556 1638 in
577 1611 632 1639 Deo
645 1619 676 1638 ac
694 1611 813 1638 naturali
831 1611 956 1644 Domino,

169 1660 216 1695 qui
231 1660 260 1686 lit
272 1665 301 1686 ut
317 1667 369 1686 non
384 1658 453 1686 liber
465 1658 512 1692 sit,
528 1666 560 1685 ac
584 1665 665 1692 supra
688 1658 864 1684 creaturam?
892 1665 960 1692 quo-

170 1705 250 1732 modo
266 1712 329 1732 vero
343 1704 377 1736 is,
399 1703 446 1738 qui
472 1707 626 1730 creaturam
644 1708 765 1737 superat,
791 1710 844 1730 non
864 1704 960 1730 eodem

179 1750 238 1777 loco
253 1753 280 1776 et
299 1749 396 1776 ordine
413 1756 474 1775 eum
490 1748 545 1775 Deo
557 1755 589 1774 ac
605 1748 684 1775 Patre
699 1748 893 1779 collocabitur.
913 1757 961 1784 per

172 1795 344 1822 identitatem
370 1795 539 1827 substantiae,
565 1802 618 1821 non
634 1795 698 1821 item
715 1802 776 1821 cum
793 1794 881 1822 Filio?
910 1795 961 1823 Per

170 1848 251 1876 quem
267 1846 294 1868 et
319 1848 452 1875 cumquo
469 1840 524 1868 Deo
549 1848 580 1868 ac
610 1840 683 1868 Patri
709 1841 794 1876 gloria
816 1849 877 1868 cum
905 1842 962 1875 ipso

174 1892 269 1915 saucio
287 1886 390 1922 Spiritu
408 1888 434 1914 iu
449 1887 558 1915 saecula.
578 1888 672 1914 Amen.

280 2113 362 2148 eeo
378 2111 512 2139 carm
531 2110 849 2139 movi/enroan

155 2170 164 2176 '
176 2170 240 2203 ρυω
256 2169 422 2197 continentur
436 2169 462 2195 in
484 2168 597 2203 Dialogo
612 2169 644 2195 de
657 2174 749 2195 sancto
772 2168 886 2203 Spiritu,
904 2179 963 2197 cum

429 2204 564 2231 atldilione
581 2203 707 2231 aliorum.

211 2261 241 2288 Si
261 2261 388 2288 tlcilicare
408 2267 507 2295 posse,
531 2260 654 2292 adeoque
675 2261 810 2288 creaturis
833 2261 962 2294 majorem

175 2303 256 2331 quam
270 2301 394 2323 creatura
410 2295 509 2331 capiat,
523 2295 681 2331 dignitatem
698 2295 844 2322 immittere
854 2316 861 2329 ,
886 2303 964 2322 crea-

177 2329 243 2358 tura:
262 2335 357 2358 natura
376 2336 403 2357 et
422 2330 506 2364 gloria
533 2329 618 2360 majus
642 2333 696 2361 est,
739 2330 846 2358 deilicat
873 2337 962 2357 autem

177 2366 309 2400 Spiritus,
346 2364 481 2399 quomodo
497 2370 613 2400 creatus
634 2365 710 2396 erit,
736 2373 768 2392 ac
793 2374 846 2392 non
875 2366 964 2400 potius

178 2398 258 2431 Deus.
275 2398 368 2434 utpote
383 2400 427 2434 qui
448 2398 578 2426 tleificet?

213 2435 241 2462 Si
258 2435 329 2462 Deus
347 2436 373 2461 iu
391 2435 468 2461 nobis
483 2441 543 2461 esse
556 2434 687 2466 creditur,
713 2435 855 2463 habitante
869 2436 895 2462 in
911 2443 963 2463 no-

177 2471 219 2498 bis
234 2474 329 2497 sancto
343 2469 456 2503 Spiritu,
469 2471 603 2504 quomodo
615 2475 723 2496 creatus
736 2471 805 2497 erit?
824 2471 880 2497 Non
890 2472 961 2498 enim

178 2513 226 2541 per
243 2503 461 2531 creaturam-fieri
476 2510 565 2539 potest
580 2511 608 2532 ut
623 2505 692 2541 Deus
709 2505 734 2532 in
752 2506 828 2533 uobis
842 2507 960 2538 habitet,

178 2540 223 2575 Qui
252 2544 377 2575 creatura
399 2541 524 2574 superior
549 2547 601 2567 cst.
631 2540 865 2573 Quemadmodum
891 2542 962 2568 enim

179 2574 296 2602 naturali
320 2574 375 2601 Deo
390 2575 415 2601 iu
434 2575 511 2602 uobis
526 2575 674 2607 habitante,
702 2584 754 2602 nou
772 2584 866 2603 sumus
883 2584 963 2604 crea-

179 2616 255 2642 turae,
268 2609 313 2636 sed
332 2610 440 2637 deitatis
459 2611 604 2644 participes
621 2619 628 2636 ι
650 2611 684 2637 ita
698 2617 824 2638 creatura
845 2612 871 2638 in
888 2613 966 2639 nobis

179 2645 331 2681 habitante,
348 2652 399 2672 nou
423 2646 530 2681 deitatis
548 2654 640 2672 sumus
652 2667 658 2677 ,
673 2647 719 2672 scil
735 2652 865 2673 creatum
884 2647 967 2681 parti-

177 2682 260 2714 cipes.
282 2679 364 2714 Igitur
386 2681 503 2714 Spiritus
519 2680 589 2708 Deus
603 2688 660 2713 est,
688 2681 821 2714 siquidem
846 2682 871 2708 iu
885 2679 967 2709 nobis

177 2721 220 2743 est
235 2723 283 2751 per
299 2717 386 2751 ipsum
403 2715 482 2748 Deus,
496 2716 542 2750 qui
559 2722 653 2743 natura
668 2722 696 2744 et
709 2724 770 2744 rere
783 2717 853 2744 Deus
868 2722 919 2745 est.

214 2807 235 2824 "
256 2806 340 2835 Exod.
360 2815 396 2840 ir,
416 2807 460 2834 ll.

217 2885 255 2919 (l)
272 2885 333 2912 “me
346 2892 395 2919 pro
411 2884 549 2920 divinitate
569 2885 598 2911 ὃ.
615 2884 734 2918 Spiritus
751 2891 971 2920 argumentorum

179 2921 332 2955 νομῆες,
345 2929 378 2947 ex
391 2919 495 2952 dialogo
515 2919 557 2948 V'll
570 2921 709 2953 decerpta,
727 2925 754 2948 et
767 2919 842 2948 novis
859 2922 972 2955 quibus-

1003 281 1100 317 λισμὸν
1114 281 1194 308 ἑαυτὸ
1207 282 1359 317 χαρίσαιτο,
1375 283 1457 317 σοφόν
1469 292 1519 310 που
1542 284 1652 314 παντως
1665 281 1800 309 ἀποτελεῖ

1003 328 1037 354 δι’
1054 327 1163 359 ἑαυτοῦ,
1178 328 1225 355 καὶ
1238 328 1288 363 τῆς
1304 328 1435 356 ἀνωτάτω
1454 329 1560 364 φύσεως
1575 329 1732 364 ἀποῆτληροῖ
1744 328 1799 362 τὴν

1004 373 1032 400 ἐν
1045 382 1076 408 γε
1092 373 1179 409 τούτῳ
1195 373 1275 401 πάλιν
1289 374 1439 410 ἐνέργειαν.
1454 375 1509 402 Καὶ
1521 375 1588 410 γοῦν
1609 375 1678 410 πρὸς
1692 373 1799 401 Mutata

1006 420 1055 456 μὲν
1072 420 1123 456 ἔφη
1135 420 1180 448 τὸν
1195 421 1355 456 ἱεροφάντην
1372 421 1386 447 ὁ
1403 421 1491 449 πάντα
1505 421 1605 457 ἰσχύων
1615 421 1684 453 Θεός
1695 429 1703 436 '
1721 429 1731 446 ι
1747 420 1800 451 Τίς

1005 466 1088 494 ἔδωκε
1108 466 1195 502 στόμα
1214 466 1370 502 ἀνθρώπῳς
1397 468 1445 494 καὶ
1466 467 1509 499 τίς
1526 467 1638 502 ἐποίησε
1651 466 1799 500 δύσκωφον

1006 513 1053 540 καὶ
1072 513 1173 548 κωφὸν,
1192 513 1325 548 βλέποντα
1346 514 1392 540 καὶ
1407 514 1522 548 τυφλόν;
1542 514 1599 541 Οὐκ
1621 513 1677 547 ἐγὼ
1693 513 1799 547 Κύριος

1006 559 1021 586 ὁ
1038 558 1117 590 Θεός·
1140 569 1149 585 ι
1167 559 1221 586 Καὶ
1241 559 1293 595 μὴν
1310 559 1357 586 καὶ
1373 559 1485 594 ἑτέρωθι
1498 559 1532 586 δι’
1546 560 1605 592 ἑνὸς
1617 559 1672 586 τῶν
1689 567 1800 594 προφη-

1006 604 1070 636 τῶν,
1086 604 1151 640 περὶ
1167 605 1216 640 τῆς
1239 605 1374 632 Ἰουδαίων
1398 605 1510 641 ἀγέλης,
1535 606 1576 632 ὃτι
1595 614 1604 631 ι
1633 605 1678 632 Ἐν
1702 606 1799 639 ἑτερο-

1006 649 1139 684 γλώσσοις
1162 651 1208 678 καὶ
1230 651 1260 677 ἐν
1287 650 1404 686 χείλεσιν
1427 651 1529 687 ἑτέρων
1547 651 1657 686 λαλήσω
1676 651 1716 686 τῷ
1739 650 1800 686 λαῷ

1007 696 1104 732 τούτῳ,
1121 696 1168 723 καὶ
1191 696 1245 723 οὐδ’
1261 696 1299 728 ὣς
1317 696 1517 724 πιστεύσουσιν.
1540 707 1550 723 ι
1576 698 1621 723 Ἐν
1639 697 1668 723 δέ
1682 705 1714 731 γε
1736 697 1800 724 ταῖς

1008 743 1128 780 Πράξεσι
1151 743 1205 771 τῶν
1221 743 1306 778 ἁγίων
1329 743 1494 776 ἀποστόλων,
1518 745 1551 779 τῇ
1568 743 1615 770 τοῦ
1639 743 1802 779 Πνεῦματος

1008 789 1134 825 ἐνεργείᾳ
1150 788 1180 816 τὸ
1196 789 1290 824 χρῆμα
1307 789 1474 825 πράττεται·
1495 798 1504 814 ι
1525 789 1580 816 Καὶ
1595 789 1712 824 ἤρξαντο
1733 788 1800 824 γὰρ,

1009 836 1086 870 φησὶ,
1110 835 1200 863 λαλεῖν
1223 836 1330 871 ἑτέραις
1355 836 1503 870 γλώσσαις,
1522 834 1612 867 καθὼς
1632 835 1664 861 τὺ
1686 834 1804 871 Πνεῦμα.

1010 882 1096 908 ἐδίδου
1117 881 1340 916 ἀποφθέγγεσθαι
1363 882 1465 913 αὐτοῖς.
1487 890 1496 907 ι
1517 881 1636 916 Χριστοῦ
1654 881 1684 907 δὲ
1704 878 1740 907 αὖ
1755 880 1803 906 λέ-

1008 936 1101 962 γοντος
1117 929 1174 959 τοῖς
1193 928 1268 959 ἰδίοις
1285 927 1429 962 μαθηταῖς,
1446 927 1484 958 ὡς
1507 927 1670 962 ἁχθήσονται
1688 926 1739 962 μὲν
1753 925 1804 952 ἐπὶ

1007 974 1146 1009 ἡγεμόνας
1160 974 1208 1000 καὶ
1223 974 1352 1009 βασιλεῖς.
1367 974 1468 1009 ἥκιστα
1484 973 1506 999 δ’
1523 974 1557 1000 ἂν
1570 974 1670 1005 αὐτοὺς
1683 973 1803 999 δεδιέναι

1008 1019 1124 1055 πρέποι·
1142 1029 1151 1045 ι
1164 1019 1210 1055 Μὴ
1223 1019 1277 1056 γὰρ
1293 1021 1455 1055 μεριμνᾶτε,
1472 1019 1555 1055 φησὶ,
1568 1019 1594 1046 τι
1617 1019 1724 1054 εἴπητε,
1743 1019 1758 1054 ἢ
1775 1018 1804 1044 τί

1008 1062 1155 1101 λαλήσητε.
1187 1065 1260 1100 Ἐγὼ
1285 1065 1340 1100 γὰρ
1366 1065 1453 1092 δώσω
1479 1065 1550 1100 ὑμῖν
1579 1064 1716 1105 γλῶτταν
1745 1064 1805 1098 τὴν

1009 1110 1062 1137 τοῦ
1088 1110 1174 1145 ἁγίου
1194 1110 1366 1144 Ιινεύματος
1381 1110 1515 1145 ἐνεργείᾳ
1543 1110 1592 1137 καὶ
1617 1110 1719 1144 φύσει,
1739 1121 1749 1136 ο
1771 1110 1803 1135 τὸ

1010 1155 1129 1191 Γράμμα
1145 1156 1175 1182 τὸ
1190 1155 1262 1191 ἱερὸν
1275 1155 1479 1190 ὲκπεπεράνθαι
1493 1155 1561 1190 φησζ
1577 1156 1634 1186 τοῖς
1649 1155 1739 1188 ἁγίοις
1753 1154 1804 1189 τὴν

1011 1202 1166 1237 ὑπόσχεσιν.
1187 1202 1273 1234 Αὐτὸς
1301 1203 1356 1237 γὰρ
1379 1202 1429 1236 ἔφη
1451 1201 1568 1237 Χριστός
1583 1209 1590 1216 ⁵
1618 1211 1627 1226 ι
1644 1201 1700 1236 Οὐχ
1724 1201 1805 1236 ὑμεῖς

1011 1248 1073 1275 ἐστὲ
1087 1248 1112 1274 οἱ
1124 1247 1277 1279 λαλοῦντες,
1294 1247 1361 1274 ἀλλὰ
1376 1247 1406 1273 τὸ
1420 1246 1531 1281 Πνεῦμα
1547 1246 1592 1272 τοῦ
1604 1246 1710 1281 Harpe;
1727 1247 1805 1282 ὑμῶν

1010 1295 1040 1321 τὸ
1058 1293 1155 1321 λαλοῦν
1177 1294 1207 1321 ὲν
1229 1293 1303 1329 ὑμῖν.
1326 1302 1336 1319 ι
1359 1293 1421 1325 Πῶς
1444 1290 1489 1320 οὖν
1506 1293 1547 1319 ἔτι
1561 1292 1670 1320 κτιστὸν
1688 1293 1736 1318 καὶ
1756 1300 1807 1319 πε-

1011 1341 1169 1376 ποιημένον,
1187 1340 1234 1367 καὶ
1258 1341 1308 1375 τῆς
1336 1340 1467 1366 ἀνωτάτω
1484 1339 1592 1374 φύσεως
1615 1340 1644 1365 ἐν
1666 1339 1807 1374 δευτέροις

1011 1387 1059 1414 καὶ
1074 1387 1103 1413 ὲν
1123 1385 1217 1421 ὑφέσει
1233 1386 1325 1412 λοιπὸν
1338 1385 1368 1411 τὸ
1384 1385 1421 1417 ὡς
1435 1385 1516 1420 σοφία
1536 1385 1644 1419 σοφοῦν,
1659 1385 1749 1412 καίτοι
1763 1393 1807 1412 σο-

1012 1432 1076 1465 φίας
1092 1431 1167 1463 δντος
1179 1430 1227 1457 τοῦ
1243 1429 1328 1463 Θεοῦς
1344 1429 1406 1461 Πῶς
1421 1429 1449 1456 δὲ
1466 1429 1496 1456 τὺ
1509 1430 1599 1456 πάντα
1613 1430 1695 1462 εἱδδς,
1711 1429 1759 1456 καὶ
1771 1430 1806 1456 τὰ

1013 1476 1082 1512 βάθη
1095 1476 1143 1502 τοῦ
1160 1475 1227 1502 Θεοῦ
1250 1472 1507 1511 πολυπραγμονοῦν,
1527 1474 1584 1505 τοῖς
1598 1474 1649 1500 οὐκ
1665 1474 1750 1500 εἰδόσι
1772 1474 1806 1500 τὰ

1012 1523 1040 1548 ὲν
1056 1521 1116 1557 Θεῷ
1136 1521 1336 1555 συντετάξεται,
1352 1521 1400 1548 καὶ
1415 1520 1588 1557 δουλοπρεπῆ
1602 1520 1652 1556 τὴν
1668 1520 1748 1552 δόξαν
1764 1520 1806 1553 ézp‘

1013 1567 1102 1603 ἑαυτῷ
1124 1567 1193 1604 πρὸς
1217 1567 1295 1602 ἡμῶν
1316 1566 1474 1600 εἰσδέξεται,
1500 1565 1656 1593 καίτοιτοῦ
1679 1565 1807 1600 Σωτῆρος

1013 1614 1137 1647 λέγοντος
1159 1612 1295 1648 ἐναργῶς
1321 1622 1330 1638 ι
1362 1613 1391 1639 Ὀ
1417 1612 1508 1645 δοῦλος
1532 1613 1583 1639 οὐκ
1607 1609 1661 1637 οἵδε
1685 1611 1713 1637 τί
1737 1612 1808 1637 ποιεῖ

1013 1658 1116 1686 αὑτοῦὸ
1128 1657 1222 1694 κύριος
1231 1667 1254 1691 ς)
1271 1657 1348 1690 Εἰδδς
1361 1655 1406 1685 οὖν
1417 1659 1471 1694 ἄρα
1487 1658 1517 1685 τὸ
1531 1657 1644 1693 Πνεῦμα
1658 1658 1694 1683 τὰ
1705 1657 1735 1683 ὲν
1749 1657 1807 1691 θεῷ

1014 1705 1061 1731 καὶ
1079 1705 1174 1740 Κυρίῳ
1193 1705 1233 1739 τῷ
1250 1704 1321 1730 κατὰ
1335 1703 1426 1738 φύσιν,
1443 1704 1502 1736 πῶς
1517 1704 1567 1730 οὐκ
1582 1702 1738 1738 ἐλεύθερον,
1762 1704 1808 1730 καὶ

1015 1748 1084 1783 ὑπὲρ
1098 1748 1148 1784 τὴν
1161 1748 1268 1780 κτίσιν;
1283 1747 1341 1780 πῶς
1365 1748 1394 1775 δὲ
1416 1749 1477 1784 οὐχὶ
1498 1748 1528 1774 τὸ
1553 1748 1622 1783 ὑπὲρ
1638 1748 1687 1783 τὴν
1707 1748 1806 1778 κτίσιν,

1015 1796 1048 1830 τῇ
1065 1794 1115 1829 τῆς
1129 1794 1223 1826 οὐσίας
1244 1795 1389 1830 ταυτότητι
1414 1794 1603 1827 συντετάξεται
1627 1794 1676 1830 μὲν
1693 1794 1733 1829 τῷ
1750 1794 1808 1829 θεῷ

1015 1839 1062 1866 καὶ
1079 1839 1177 1874 Πατρὶ,
1203 1839 1392 1873 συντετάξεται
1410 1840 1439 1866 δὲ
1460 1838 1492 1867 αὖ
1510 1840 1549 1875 τῷ
1572 1840 1647 1875 Υἱῷ;
1660 1841 1700 1866 Δι’
1717 1837 1749 1867 οὗ
1763 1840 1808 1866 καὶ

1016 1886 1075 1922 μεθ’
1091 1884 1121 1913 οὗ
1137 1886 1176 1921 τῷ
1191 1886 1250 1922 Θεῷ
1263 1887 1309 1913 καὶ
1325 1887 1411 1922 Πατρὶ
1428 1888 1445 1922 ἡ
1458 1887 1522 1919 δόξα
1535 1887 1584 1914 σὺν
1596 1886 1671 1922 αὐτῷ
1686 1886 1726 1921 τῷ
1739 1886 1810 1922 ἁγίῳ

1016 1931 1167 1966 Πνεύματι,
1183 1932 1223 1963 εἰς
1237 1932 1300 1963 τοὺς
1315 1931 1427 1963 αἰῶνας.
1451 1932 1550 1967 ’Δρ-ἠν.

1235 2115 1282 2141 ΩΣ
1301 2115 1351 2141 EN
1370 2115 1584 2142 ΚΕΦΑΛΑΙΟΙΣ

1020 2171 1057 2199 Τὰ
1072 2171 1229 2206 ἐγκείμενα
1245 2170 1285 2203 τῷ
1299 2172 1379 2206 λόγῳ
1395 2171 1435 2204 τῷ
1451 2172 1517 2205 περὶ
1538 2171 1591 2198 τοῦ
1607 2172 1695 2206 (ir/0v
1718 2174 1811 2200 Πνεύ-

981 2222 1004 2251 D
1049 2215 1155 2241 ματος,
1169 2207 1245 2241 μετὰ
1263 2207 1438 2241 προσθήκης
1457 2206 1567 2241 ἐτέρων
1581 2207 1710 2234 ἐννοιῶν
1724 2208 1775 2242 (Ι).

1052 2263 1084 2289 El
1099 2263 1129 2289 τὸ
1146 2262 1276 2289 δύνασθαι
1297 2262 1439 2294 θεοποιεῖν,
1456 2262 1501 2289 καὶ
1519 2263 1573 2297 μὴν
1590 2263 1636 2289 καὶ
1656 2263 1688 2289 τὺ
1710 2264 1810 2290 ἐνιέναι

1017 2299 1073 2330 τοῖς
1097 2298 1229 2332 κτίσμασι
1244 2298 1275 2324 τδ
1299 2298 1368 2333 ὑπὲρ
1391 2297 1439 2332 τὴν
1467 2297 1554 2324 κτίσιν
1578 2298 1698 2333 ἀξίωμα,
1719 2299 1811 2333 μεῖζόν

1017 2334 1090 2359 ἐστιν
1103 2333 1119 2368 ἢ
1135 2333 1205 2359 κατὰ
1223 2333 1376 2368 ποιήματος
1392 2333 1472 2367 φύσιν
1489 2341 1518 2359 τε
1530 2334 1576 2359 καὶ
1589 2333 1678 2365 δόξαν,
1693 2334 1811 2360 θεοποιεῖ

1016 2368 1045 2404 δὲ
1054 2368 1083 2404 τὸ
1094 2368 1216 2404 Πνεῦμα,
1229 2367 1330 2404 πῶςᾶν
1347 2368 1389 2403 εἴη
1400 2368 1517 2402 κτιστὸν,
1532 2369 1579 2395 καὶ
1593 2369 1653 2404 οὐχὶ
1663 2369 1697 2404 δὴ
1709 2369 1811 2404 μᾶλλον

1017 2403 1092 2435 Θεὸς,
1110 2403 1148 2434 ὡς
1164 2403 1321 2435 θεοποιοῦν;

1053 2439 1086 2464 El.
1105 2439 1171 2469 θεὸς
1187 2440 1215 2464 ἐν
1235 2439 1300 2473 ἡμῖν
1317 2437 1446 2472 γενέσθαι
1461 2439 1628 2469 πιστεύεται,
1645 2439 1812 2466 ὲνοικισθέν-

1016 2482 1062 2504 τος
1077 2474 1142 2508 ἡμῖν
1155 2473 1201 2500 τοῦ
1218 2474 1296 2508 ἁγίου
1311 2473 1477 2508 ΙΙνεύματος,
1494 2474 1553 2505 πῶς
1571 2474 1603 2500 ἂν
1623 2474 1665 2509 εἴη
1683 2475 1811 2506 κτιστόν;

1016 2509 1053 2544 ρὺ
1072 2510 1126 2544 γὰρ
1148 2509 1294 2543 ἐνδέχεται,
1313 2509 1358 2544 διὰ
1377 2508 1525 2543 κτίσματος
1538 2509 1604 2536 Θεὸν
1625 2508 1692 2544 ἡμῖν
1715 2510 1813 2536 ἐνοικί-

1014 2543 1120 2580 ζεσθαι,
1138 2544 1185 2570 τὸν
1208 2545 1277 2580 ὑπὲρ
1294 2543 1341 2579 τὴν
1353 2544 1460 2580 κτίσιν.
1476 2545 1586 2580 ,Ὥσπερ
1605 2543 1660 2580 γὰρ
1680 2544 1728 2570 τοῦ
1743 2545 1813 2571 κατὰ

1015 2578 1097 2613 φύσιν
1117 2578 1285 2610 ἐνοικοῦντος
1297 2578 1376 2611 Θεοῦ,
1389 2579 1419 2604 οὐ
1437 2579 1551 2610 κτὶσεὼς
1567 2578 1662 2613 ἐσμεν,
1677 2580 1747 2606 ἀλλὰ
1760 2580 1814 2605 Θεό-

1014 2622 1096 2650 τητος
1117 2614 1241 2649 μέτοχοι,
1267 2614 1353 2646 οὕτως
1374 2614 1542 2645 ἐνοικοῦντος
1563 2616 1628 2650 ἡμῖν
1651 2615 1812 2650 κτίσματος,

1016 2650 1045 2676 οὺ
1061 2649 1185 2685 θεότητός
1199 2651 1292 2685 ἐσμεν,
1307 2650 1375 2676 ἀλλὰ
1396 2650 1511 2681 κτίσεως
1528 2649 1647 2684 μέτοχοι.
1666 2650 1774 2676 Οὐκοῦν
1785 2651 1814 2676 τὸ

1019 2684 1130 2720 Πνεῦμα
1146 2685 1222 2715 Θεὸς,
1235 2684 1319 2720 εἴπερ
1340 2685 1412 2711 ἐστὶν
1430 2686 1457 2711 ἐν
1473 2686 1538 2720 ἡμῖν
1552 2685 1585 2711 δι’
1602 2685 1685 2711 αὑτοῦ
1699 2685 1778 2717 Θεὸς,
1800 2687 1812 2712 ὀ

1019 2720 1100 2753 φύσει
1117 2720 1164 2746 καὶ
1183 2720 1301 2755 ἀληθῶς.

498 2807 520 2822 θ’
542 2806 593 2834 lsa.
614 2815 709 2839 sunt,
736 2807 780 2833 ll.
816 2808 838 2823 “
860 2809 919 2835 Aet.
941 2816 958 2835 ll

1051 2808 1075 2825 ”
1095 2808 1190 2836 Matth.
1210 2817 1237 2841 Χ,
1256 2809 1297 2836 19.
1339 2809 1452 2842 "lbid.,
1468 2809 1514 2836 20.
1554 2809 1576 2825 ³⁵
1593 2809 1672 2836 Joan.
1689 2817 1736 2842 xv,
1756 2809 1797 2836 15.

1028 2887 1088 2914 dam
1101 2888 1268 2921 argumentis
1278 2891 1366 2919 aucta,
1375 2888 1477 2921 alisque
1486 2887 1539 2914 ullo
1552 2894 1621 2913 nexu
1633 2887 1674 2914 vel
1686 2887 1793 2918 ordine,
1804 2893 1818 2913 λ

1029 2922 1172 2950 recentiori
1185 2923 1303 2957 quodan
1323 2923 1455 2956 scriptore
1471 2927 1562 2951 assuta
1581 2923 1698 2950 videtur.
1721 2922 1817 2954 Εοιτ.,
