1937 3036
135 139 205 167 ΗΠ

665 143 708 171 DE
729 144 779 173 SS.
800 143 988 172 ΤΒΊΝΙΤΑΤΕ
1006 141 1180 171 DIALOGUS
1199 142 1255 171 Yli.

1690 142 1759 169 HIS

135 196 226 224 πάντα
237 196 283 224 τοῦ
301 197 369 224 Θεοῦ
382 197 426 224 καὶ
435 198 549 234 Πατρὺς,
567 199 642 231 ὄντος
658 209 687 226 τε
703 200 776 236 ζωῆς
787 201 833 228 τοῦ
844 201 920 234 Υἰοῦ,

980 201 1107 233 rirtutem,
1133 204 1159 227 et
1185 200 1258 227 aliud
1296 199 1423 234 quiddam
1448 205 1508 226 esse
1527 198 1608 225 vitam
1638 198 1757 232 negabit,

134 242 167 269 τὸ
182 242 294 277 Πνεῦμά
309 243 365 269 ἐστι
379 243 410 269 τὸ
435 242 592 276 ζωοποιοῦν,
608 244 650 275 τίς
669 244 701 271 ἂν
722 246 853 281 ἀποτέμοι
873 247 920 274 καὶ

134 287 299 320 ἐξοικίσαιτο
317 288 367 324 τῆς
383 288 456 323 ζωῆς
467 288 516 324 τὴν
531 288 662 321 ζωοποιὺν
680 290 764 326 αὐτῆς
787 291 901 327 δύναμιν
911 312 918 324 ,

134 334 184 359 καὶ
199 333 293 369 ἔτερόν
303 343 328 360 τι
340 334 390 369 τὴν
400 333 471 370 ζωὴν
485 335 620 369 ἀποφανεῖ
636 337 763 371 παρόπερ
785 334 855 364 εἶναι
870 346 920 363 πε-

134 379 290 410 πίστευται,
314 379 413 414 μᾶλλον
438 379 467 406 δὲ
493 380 566 416 ζωὴν
590 381 639 407 οὐκ
657 381 715 414 Est;

134 424 175 452 ἔτι
189 426 274 452 νοοῖτο
288 425 344 460 ζωή
356 433 364 458 ;

172 472 204 499 Β.
219 471 355 499 Ζωοποιδν
369 472 399 498 τὸ
414 471 528 508 Πνεῦμά
546 480 639 508 φασιν,
656 474 693 506 ὡς
714 473 855 502 διακονοῦν
867 475 923 506 τοῖς

134 517 267 553 κτίσμασι
284 517 334 553 τὴν
359 516 434 553 παρὰ
448 517 515 545 Θεοῦ
533 517 615 554 ζωὴν,
636 518 667 546 οὐ
688 518 742 555 μὴν
763 520 923 554 αὐτόχρημα

134 562 222 598 ζωήν-

172 608 206 634 A.
225 607 294 634 Ἀλλ’
305 608 336 635 οὐ
350 608 512 645 θεσμοθέται
527 609 574 636 καὶ
588 610 695 645 ὁρισταὶ
711 609 765 637 τῶν
778 610 848 646 ὑπὲρ
860 609 923 637 νοῦν

135 652 186 679 καὶ
201 652 290 686 λόγον,
303 654 327 679 οξ
341 653 466 690 κίϐδηλον
481 654 551 681 οὕτω
565 653 706 686 νοσοῦντες
713 655 762 690 τὴν
781 654 923 691 παραφθο-

135 697 189 732 ρὰν
202 697 363 732 εἰσδεχοεῖεν
374 697 416 731 ἂν,
433 698 539 733 ἄμαχον
553 698 648 734 ὥσπερ
659 707 685 724 τι
698 698 728 725 τό
741 707 818 733 σφισι
828 697 922 724 δοκοῦν

134 743 366 777 εξσκεκομικότες·
397 743 605 776 ὑποτετάξονται
622 743 650 770 δὲ
679 743 738 778 μεθ’
765 743 844 778 ἡμῶν
866 743 923 774 τοῖς

137 788 222 824 ἱεροῖς
237 797 267 814 τε
278 788 326 815 καὶ
341 788 421 820 θείοις
437 788 611 824 Γράμμασιν,
631 789 661 816 οὔ
680 789 730 821 τῆς
746 789 812 825 παρ’
828 788 922 824 ἑτέρου

135 833 210 869 ζωῆς
226 833 372 869 ὑπουργὸν,
386 834 444 860 ἀλλ’
455 834 616 870 αὐτόχρημα
633 834 704 870 ζωὴν
719 834 852 869 ὑπάρχειν
865 833 924 859 δια-

972 254 1051 281 quam
1067 247 1138 281 quod
1150 253 1209 273 esse
1224 245 1355 279 creditur,
1373 245 1428 272 imo
1439 251 1503 271 vero
1514 251 1566 271 non
1581 243 1636 277 jam
1655 243 1737 270 vitam
1747 242 1761 269 Ἰ

973 291 1023 324 Qui
1040 291 1271 319 enimvivilicandi
1289 295 1422 325 potestate
1447 286 1562 317 naturali
1584 293 1670 321 caret,
1697 295 1761 321 quo-

974 338 1052 365 modo
1068 339 1174 365 demum
1189 337 1352 372 intelligatur
1369 337 1441 363 vita?

747 382 784 408 Τό
803 382 856 418 γὰρ
872 381 918 409 τοῦ
938 382 1080 414 ζωοποιεῖν
1096 383 1226 410 δύνασθαι
1249 383 1319 410 κατὰ
1350 383 1430 418 φύσιν
1462 381 1617 418 τητώμενον
1629 402 1636 414 ,
1654 380 1712 412 πῶς
1726 379 1760 406 ἂν

1010 471 1040 500 Β.
1061 471 1190 499 Viviiicus
1205 477 1245 499 est
1262 471 1389 507 Spiritus,
1421 471 1554 506 inquiunt,
1582 471 1608 497 in
1629 477 1760 505 quantum

974 517 1106 545 creaturis
1117 518 1198 544 vitam
1213 525 1272 551 quae
1286 525 1300 544 a
1312 517 1365 544 Deo
1378 522 1432 550 est,
1442 517 1589 549 tninistrat,
1605 525 1657 544 non
1671 523 1760 546 autem

975 563 1090 598 ipsamet
1104 562 1170 589 vita.

1011 607 1044 634 Δ.
1066 607 1101 634 At
1114 614 1162 635 eos
1173 614 1264 634 rerum
1289 614 1357 642 quas
1380 614 1430 634 nec
1442 606 1523 634 fando
1548 615 1598 635 nec
1618 608 1763 644 cogitando

975 653 1111 688 possimus
1133 653 1250 687 assequi,
1267 653 1461 681 constitutore;
1479 657 1505 680 et
1520 653 1640 681 arbitros
1653 662 1701 681 eos
1716 655 1763 689 qui

975 702 1049 725 tanta
1065 698 1280 725 laborautauimi
1296 699 1462 733 corruptela,
1476 706 1647 733 nequaquam
1664 700 1763 726 admit-

976 749 1140 778 temus,cum
1154 751 1203 772 suo
1217 745 1272 777 illo,
1284 749 1313 772 ut
1328 745 1496 778 existimant,
1509 746 1608 773 iuvieto
1619 753 1764 781 argumen-

975 795 1012 824 to,
1029 791 1075 818 sed
1094 791 1233 818 nobiscum
1249 791 1334 818 sacris
1346 798 1378 818 ac
1390 791 1490 818 divinis
1517 791 1627 820 Litteris
1659 792 1763 819 obtem-

974 837 1117 872 perabunt,
1135 845 1194 871 qua:
1217 837 1361 864 manifeste
1389 837 1539 872 prazdicant
1570 838 1708 864 virilieum
1736 842 1764 865 ct

135 878 317 913 κηρύττουσιν
331 878 464 914 ἐναργῶς,
481 879 511 905 τὸ
521 879 571 913 τῆς
585 879 656 905 κατὰ
669 879 749 913 φύσιν
764 877 847 914 ζωῆς,
856 878 924 910 ζωο-

980 888 1096 909 sanctum
1113 882 1242 917 Spiritum
1262 889 1314 908 non
1329 881 1363 908 ab
1385 882 1438 909 alio
1463 882 1569 909 tradita:
1595 883 1657 910 vita:
1681 884 1763 911 ruini-

136 924 215 950 ποιόν
227 933 257 950 τε
272 924 320 950 καὶ
334 923 411 958 ἅγιον
424 924 547 960 Πνεῦμα.
574 921 639 950 Ὧδε
655 924 709 960 γάρ
735 933 785 951 που
803 925 885 951 πάλιν
909 925 922 951 ὁ

137 970 274 1005 μακάριος
287 970 339 1006 ἔφη
348 970 462 1002 Παῦλος·
476 980 485 997 ι
495 970 561 997 Είδὲ
571 971 601 997 τὸ
615 971 727 1005 Πνεῦμα
738 970 785 998 τοῦ
800 971 923 1007 ἐγείραν-

135 1024 184 1048 τος
200 1016 303 1051 Ἰησοῦν
319 1017 350 1042 ἐκ
361 1016 465 1052 νεγρῶν
479 1017 548 1043 οίκεῖ
559 1017 586 1043 ὲν
599 1017 674 1052 ὑμῖν,
695 1018 709 1043 ὁ
725 1016 836 1053 ἐγείρας
857 1017 924 1053 Χρι-

138 1062 201 1089 στὸν
231 1061 333 1098 Ἰησοῦν
359 1062 391 1089 ἐκ
419 1063 523 1098 νεκρῶν
540 1062 703 1098 ζωοποιήσει
725 1064 772 1090 καὶ
787 1063 820 1090 τὰ
841 1063 926 1099 θνητὰ

139 1107 255 1142 σώματα
266 1108 354 1143 ὑμῶν,
369 1108 414 1135 διὰ
424 1108 472 1135 τοῦ
486 1108 653 1140 ἐνοικοῦντος
667 1108 750 1135 αὑτοῦ
769 1109 925 1144 Πνεῦματος

137 1154 167 1180 ὲν
180 1153 256 1189 ὑμῖν.
279 1163 288 1180 ι
302 1154 338 1180 Τὺ
353 1153 424 1190 ζωῆς
437 1153 483 1181 οὖν
501 1154 612 1189 Πνεῦμα
625 1155 674 1188 τῆς
693 1154 763 1181 κατὰ
786 1154 866 1189 φύσιν
881 1154 924 1190 εἴη

136 1201 170 1236 δή
185 1209 236 1228 που
247 1201 355 1233 πάντως
365 1201 398 1228 ἂν
410 1202 474 1237 παρ’
487 1201 571 1237 αὐτὴν
581 1201 632 1237 οὐχ
646 1201 748 1236 ἕτερον,
769 1200 841 1241 κατά
854 1209 885 1235 γε
895 1201 925 1227 τὸ

137 1247 298 1283 ἀμωμήτως
311 1248 370 1283 ἔχον
386 1248 426 1280 είς
442 1247 576 1284 ὀρθότητα
590 1247 737 1283 λογισμῶν.
756 1248 805 1283 Εἵη
821 1248 875 1283 γὰρ
893 1247 926 1274 ἃν

137 1293 214 1326 ὃπως
238 1295 268 1321 οὐ
290 1295 357 1330 ζωὴ,
382 1294 412 1321 τὸ
434 1294 512 1329 ῥίζαν
527 1294 588 1330 ἕχον
601 1294 650 1330 τὴν
665 1294 738 1330 ζωὴν
752 1314 759 1326 ,
775 1295 821 1321 καὶ
837 1293 927 1330 πηγὴν

138 1340 237 1377 ὥσπερ
248 1341 310 1368 τινὰ
320 1341 370 1376 τὴν
384 1342 533 1377 ἀκήρατον,
547 1341 594 1368 καὶ
602 1341 700 1373 παντὸς
710 1341 837 1368 ἐπέκεινα
851 1349 928 1376 γενη-

136 1385 187 1412 τοῦ
198 1385 245 1412 τοῦ
254 1385 320 1412 Θεοῦ
337 1385 435 1420 φύσινς
450 1386 511 1412 ’Ότι
526 1385 580 1422 γὰρ
596 1386 625 1418 ὲξ
638 1386 723 1421 αὐτῆς
749 1385 927 1421 ἐκπορεύεται

137 1432 189 1467 τῆς
202 1430 250 1458 τοῦ
275 1431 344 1458 Θεοῦ
365 1431 413 1458 καὶ
435 1431 541 1467 Πατρδς
555 1432 665 1464 οὐσίας,
684 1432 734 1458 οὐκ
757 1431 926 1466 ἀσυμφανὲς,

137 1478 316 1513 προκείσεται
332 1477 360 1504 δὲ
382 1478 439 1509 τοῖς
455 1486 486 1512 γε
500 1478 608 1513 ἀληθῶς
627 1478 788 1514 ἀρτίφροσιν
810 1478 928 1510 εὐκόλως

138 1523 214 1554 tam,
231 1523 262 1550 ἔκ
276 1532 308 1558 γε
320 1523 367 1550 τοῦ
380 1523 506 1559 λελέχθαι
521 1524 625 1558 σαφῶς·
646 1533 654 1550 ι
686 1524 714 1550 Ὀ
738 1523 848 1560 ἐγείρας
863 1525 930 1560 Χρι-

137 1569 202 1595 στὸν
228 1569 331 1605 Ἰησοῦν
347 1569 380 1596 ἐκ
405 1569 521 1605 νεκρῶν,
534 1569 700 1605 ζωοποιήσει
725 1570 771 1597 καὶ
794 1570 827 1597 τὰ
841 1570 926 1606 θνητὰ

138 1615 255 1650 σώματα
267 1615 344 1651 ὑμῶν
357 1615 401 1642 διὰ
415 1615 463 1642 τοῦ
479 1616 647 1648 ἐνοικοῦντος
661 1616 744 1643 αὑτοῦ
767 1616 926 1652 Πνεύματος

136 1662 166 1687 ὲν
181 1662 255 1696 ὑμῖν.
271 1670 280 1686 ι
298 1661 377 1687 Ἴδιον
385 1660 438 1696 γὰρ
449 1660 494 1687 τοῦ
508 1661 574 1688 Θεοῦ
586 1662 615 1688 τὸ
626 1663 684 1694 ταῖς
700 1663 848 1698 ἡμετέραις
859 1672 926 1699 καρ-

135 1707 208 1739 δίαις
217 1707 410 1742 ὲνηυλισμένον
425 1706 555 1739 ζωοποιόν
567 1707 625 1734 ἐστι
636 1707 758 1744 Πνεῦμα.
771 1709 807 1735 Τὸ
819 1709 846 1735 δὲ
861 1709 926 1736 ἴδιον

135 1752 184 1779 τοῦ
198 1752 277 1786 Θεοῦ,
288 1752 336 1779 κα)⁸
350 1752 379 1786 ἐξ
394 1753 477 1780 αὐτοῦ
489 1753 559 1780 κατὰ
573 1753 662 1788 φύσιν,
671 1755 696 1780 εί
707 1754 779 1790 ζωῆς
792 1755 925 1790 τητᾶσθαι

135 1798 270 1834 δώσομεν,
286 1799 364 1835 εἴπερ
380 1799 502 1835 ἐπακτὴν
517 1799 574 1835 ἕχει
585 1800 634 1836 τὴν
652 1799 735 1836 ζωὴν,
752 1800 810 1832 πῶς
824 1802 874 1828 οὐκ
892 1801 926 1828 ἂν

136 1846 224 1872 νοοῖτο
234 1845 347 1880 δυνάμει
363 1846 476 1880 νεκρόν;
497 1847 529 1873 Ὃ
545 1845 600 1881 γὰρ
614 1845 647 1872 ἂν
663 1847 796 1881 ἐνδέχοιτο
817 1847 924 1879 παθεῖν,

137 1891 203 1927 εἴπῃ
217 1900 260 1923 τις
272 1890 316 1924 ἂν,
333 1891 380 1918 καὶ
394 1893 418 1919 εί
432 1892 515 1928 μήπω
532 1892 643 1926 γέγονεν
654 1893 683 1919 ὲν
704 1893 743 1928 τῷ
757 1892 854 1920 παθεῖν
864 1913 871 1926 ,
889 1893 926 1925 ὡς

137 1938 223 1970 ἆπαν,
239 1935 316 1973 οἶμαι
333 1945 394 1970 που,
408 1938 438 1964 τὸ
455 1939 644 1974 εῑσκεκρίσθαι
660 1939 764 1972 δοκοῦν,
783 1939 856 1975 ἢκαὶ
868 1940 926 1966 εἰσ-

137 1983 251 2019 ποιητον
265 1983 383 2019 ἀληθῶς,
398 1985 448 2011 οὐκ
459 1984 615 2012 ἀνύποπτον
632 1986 671 2017 εἰς
686 1985 848 2019 ἀπόστασιν,
868 1986 925 2013 ἀλλ’

136 2031 167 2056 ὲν
187 2029 263 2065 φόϐῳ
278 2030 326 2057 τοῦ
341 2030 490 2058 διαπεσεῖν.
505 2030 613 2063 Φύσεως
627 2031 681 2066 γὰρ
699 2031 748 2058 οὐκ
768 2033 926 2068 ὲρήρεισται

136 2075 243 2110 νόμοις,
259 2075 321 2102 οὔτε
337 2075 388 2112 μὴν
402 2076 599 2103 ἁκατάσειστον
615 2077 671 2112 ἔχει
687 2077 735 2113 τὴν
749 2077 830 2113 ἕδραν
847 2078 876 2104 τὸ
889 2078 926 2110 ὡς

136 2123 167 2148 ὲν
184 2122 259 2154 τάξει
273 2122 489 2158 ωμὸεόηκότος,
503 2123 551 2150 καὶ
566 2123 604 2155 ὡς
614 2123 646 2150 ἃν
662 2123 726 2150 εῖδει
739 2123 794 2160 [ἵσ.
811 2126 840 2152 ἐν
850 2125 925 2160 εἴδει]

137 2168 229 2204 βαφῆς
242 2170 298 2200 τοῖς
315 2169 388 2201 ἅπαξ
400 2169 506 2196 ὲλοῦσιν
521 2169 732 2206 ἑπεῤῥιμμένον.

174 2259 204 2284 Β.
221 2259 340 2294 Ἀραρεν
351 2255 407 2290 οὖν,
423 2258 464 2284 ὅτι
478 2257 508 2283 τὸ
523 2256 636 2292 Πνεῦμα
651 2257 707 2292 ζωὴ
718 2276 725 2289 ,
743 2257 864 2292 φυσικῶς
879 2258 926 2293 δη-

135 2305 226 2331 λονότι
242 2304 289 2330 καὶ
303 2304 333 2330 οὐ
352 2303 502 2339 μεθεκτῶς.

172 2351 206 2377 Δ.
221 2351 381 2377 Παντάπασι
399 2350 448 2385 μὲν
475 2347 532 2383 οὖν,
550 2346 572 2377 ὦ
589 2351 696 2386 ἑταῖρε,
719 2349 798 2377 τοῦτο
817 2350 845 2376 δὲ
865 2350 927 2386 εἴσῃ

136 2395 229 2428 καλῶς
239 2395 286 2422 καὶ
303 2396 332 2429 ἐξ
344 2395 445 2431 ἐτέρων
455 2396 574 2423 ἐννοιῶν.
588 2395 655 2423 Θεοῦ
673 2397 722 2432 μὲν
737 2397 790 2432 γὰρ
803 2396 926 2430 λέγοντος

136 2444 228 2470 ἐπαῖοι
242 2451 285 2474 τις
301 2442 344 2473 ἂν,
360 2443 408 2469 καὶ
422 2442 562 2477 μονονουχὶ
576 2443 744 2475 λειποταξίου
756 2443 864 2478 γραφὴν
878 2451 926 2469 κα-

136 2487 281 2523 ταχέοντος
294 2487 348 2515 τῶν
361 2489 394 2523 τῇ
416 2487 504 2514 κτίσει
528 2488 758 2524 λελατρευκότων·
779 2499 787 2515 ι
815 2489 925 2524 Ἐξέστη

136 2535 152 2561 ὁ
166 2533 282 2569 οὐρανὸς
292 2534 339 2560 ἐπὶ
352 2533 450 2569 τούτῳ,
468 2534 514 2561 καὶ
524 2534 633 2570 ἔφριξεν
648 2535 694 2562 ἐπὶ
706 2535 796 2562 πλεῖον
812 2536 925 2571 σφόδρα,

136 2579 213 2614 λέγει
238 2579 351 2614 Κύριος,
369 2580 410 2606 ὅτι
425 2579 471 2606 δύο
490 2580 543 2616 γὰρ
559 2581 667 2616 πονηρὰ
682 2581 810 2616 ἐποίησεν
826 2582 840 2607 ὁ
863 2580 926 2612 λαός

138 2633 202 2661 μων
215 2625 265 2660 ἐμὲ
275 2625 453 2659 ἐγκατέλιπον
464 2627 555 2661 πηγὴν
566 2626 661 2658 ὓδατος
675 2626 786 2658 ζῶντος,
800 2627 846 2654 καὶ
855 2627 927 2662 ὠρυ-

138 2672 188 2704 ξαν
212 2671 318 2702 ἑαυτοῖς
341 2671 460 2703 ὶὰκκους
477 2673 741 2707 συντετριμμένους,
757 2672 782 2698 οἶ
796 2673 827 2699 οὐ
845 2672 926 2708 δυνή-

138 2725 232 2743 σονται
256 2715 328 2751 ὕδωρ
349 2717 481 2752 συνέχειν.
505 2726 514 2742 ι
539 2718 795 2753 Προσπεφωνηκότα
821 2718 849 2744 δὲ
871 2719 927 2750 τοῖς

145 2762 284 2794 Ἰουδαίοις
301 2763 452 2798 εὑρήσομεν
469 2763 514 2790 τὸν
539 2763 640 2796 Κύριον
657 2763 735 2799 ἡμῶν
762 2764 864 2799 Ἰησοῦν
884 2764 928 2791 τὸν

173 2850 197 2867 ⁸⁸
219 2851 299 2879 ilum.
325 2859 383 2885 vut,
408 2851 450 2878 ll.
489 2852 510 2867 ⁸³
531 2851 629 2879 Jercnt.
651 2860 679 2884 ll,
699 2852 738 2884 l2,
759 2853 798 2879 l5.

976 932 1072 959 strum,
1089 928 1136 955 sed
1148 927 1290 962 ipsammet
1301 927 1393 959 vitam,
1411 930 1438 954 et
1448 927 1511 954 vitae
1521 929 1670 955 secundum
1686 933 1764 955 natu-

975 973 1208 1008 ramiargitorem.
1224 971 1270 1000 Sic
1283 973 1355 1000 enim
1371 972 1468 1000 alicubi
1483 979 1578 999 rursus
1594 972 1687 1000 beatus
1695 972 1766 999 Pau-

977 1020 1020 1047 lus
1034 1020 1103 1047 dixit
1119 1027 1126 1045 :
1141 1028 1150 1045 ‹
1166 1019 1242 1052 Quod
1259 1019 1281 1046 si
1295 1018 1378 1054 656
1391 1018 1510 1053 Spiritus
1522 1018 1580 1051 ejus
1594 1019 1638 1052 qui
1651 1019 1766 1045 suscita.

977 1064 1015 1092 vit
1038 1063 1154 1092 Jesuma
1167 1063 1292 1096 mortuis,
1308 1063 1411 1090 habitat
1429 1063 1456 1090 in
1480 1063 1568 1096 vobis,
1584 1063 1629 1098 qui
1649 1063 1766 1090 suscita-

976 1109 1118 1138 vitJesum
1135 1110 1272 1138 Christum
1284 1117 1299 1136 a
1317 1109 1442 1142 mortuis,
1460 1108 1610 1136 viviﬁcabit
1622 1113 1649 1136 et
1665 1113 1766 1136 morta-

977 1156 1011 1184 lia
1023 1163 1134 1190 corpora
1146 1160 1247 1188 vestra,
1263 1163 1312 1191 per
1329 1155 1528 1182 inhabitantem
1551 1153 1682 1189 Spiritum
1708 1154 1766 1188 ejus

977 1202 1004 1230 in
1026 1202 1143 1230 vobis".
1162 1211 1171 1228 ι
1190 1201 1259 1228 Vita:
1277 1201 1360 1236 igitur
1376 1201 1448 1228 illius
1463 1200 1613 1228 secundum
1640 1204 1764 1227 naturam

978 1247 1094 1282 Spiritus
1107 1247 1176 1274 alius
1187 1247 1220 1274 ab
1230 1246 1286 1282 ipsa
1308 1253 1362 1274 non
1391 1245 1483 1278 fuerit,
1502 1245 1579 1280 juxta
1607 1250 1708 1273 rectam
1739 1249 1767 1272 et

978 1295 1110 1321 sinceram
1123 1293 1284 1321 doctrinam.
1303 1292 1444 1326 Quomodo
1460 1291 1532 1319 enim
1545 1293 1598 1319 vita
1633 1300 1686 1319 non
1714 1291 1767 1319 erit

978 1341 1011 1372 is,
1024 1340 1069 1374 qui
1085 1340 1202 1367 radicem
1216 1339 1295 1366 habet
1308 1339 1403 1370 vitam,
1413 1343 1440 1365 et
1457 1338 1558 1366 fontem
1576 1338 1657 1366 veluti
1669 1345 1766 1373 quem-

978 1386 1039 1414 dam
1054 1386 1125 1413 illam
1139 1385 1318 1413 immortalem
1346 1389 1373 1412 et
1395 1384 1468 1412 omni
1497 1389 1622 1412 creatura
1644 1383 1766 1418 superiuo

978 1439 1036 1459 rem
1058 1432 1104 1459 Dei
1135 1431 1285 1459 naturam?
1312 1431 1351 1458 Ex
1370 1431 1427 1465 ipsa
1462 1431 1533 1458 enim
1563 1431 1608 1458 Dei
1633 1438 1665 1458 ac
1679 1430 1767 1457 Patris

979 1478 1132 1505 substantia
1150 1478 1297 1513 procedere
1324 1477 1435 1504 dubium
1453 1485 1505 1504 non
1526 1481 1577 1509 est,
1594 1481 1620 1504 et
1653 1476 1769 1511 quicun-

979 1531 1032 1558 que
1051 1529 1125 1551 reeta
1142 1528 1231 1551 mente
1246 1528 1308 1551 sunt
1320 1523 1435 1557 praediti,
1455 1523 1533 1549 facile
1549 1522 1574 1550 id
1601 1521 1768 1557 perspicicut

978 1578 1011 1598 ex
1028 1577 1060 1598 eo
1073 1571 1144 1606 quod
1155 1570 1229 1598 clare
1241 1570 1342 1597 dictum
1352 1574 1393 1597 est
1407 1577 1414 1596 :
1429 1579 1438 1595 ‹
1452 1569 1502 1603 Qui
1516 1569 1659 1596 suscitavit
1675 1568 1766 1596 Jesum

977 1616 1113 1644 Christum
1127 1623 1143 1643 a
1161 1615 1285 1647 mortuis,
1305 1615 1454 1643 vivificabit
1470 1620 1496 1643 et
1505 1614 1627 1642 mortalia
1653 1621 1766 1648 corpora

977 1667 1076 1695 vestra,
1093 1669 1142 1697 per
1159 1662 1354 1689 inhabitanlem
1368 1661 1498 1696 Spiritum
1510 1661 1568 1695 eius
1593 1661 1619 1688 in
1650 1660 1736 1688 vobis.
1755 1668 1765 1686 ι

979 1708 1097 1744 Spiritus
1112 1708 1184 1736 enim
1201 1708 1244 1735 ille
1255 1708 1300 1736 Dei
1315 1708 1360 1743 q'ui
1377 1708 1481 1735 habitat
1510 1708 1535 1734 in
1563 1707 1690 1734 cordibus
1717 1713 1766 1732 no-

977 1755 1040 1782 stris
1054 1755 1174 1782 vivilicus
1185 1759 1225 1782 est
1244 1754 1371 1789 Spiritus.
1383 1753 1501 1789 Spiritus
1515 1758 1605 1780 autem
1630 1752 1676 1779 Dei
1706 1759 1768 1786 pro-

978 1801 1062 1836 prius,
1076 1805 1102 1827 et
1115 1800 1160 1835 qui
1178 1808 1210 1828 ex
1224 1801 1283 1836 ipso
1294 1800 1441 1828 secundum
1456 1804 1581 1827 naturam
1599 1798 1731 1833 procedit.
1744 1797 1765 1823 si

978 1847 1032 1873 vita
1053 1846 1126 1873 illum
1148 1853 1242 1873 carere
1265 1846 1456 1879 concedemus,
1484 1845 1619 1879 siquidem
1645 1842 1765 1870 ascititia

977 1893 1032 1920 vita
1047 1893 1082 1920 sit
1093 1893 1232 1927 prteditus,
1253 1899 1307 1926 quo
1322 1896 1401 1926 pacto
1417 1899 1469 1919 non
1491 1890 1646 1918 censebitur
1668 1889 1768 1916 virtute

977 1938 1119 1965 mortuus?
1133 1937 1208 1970 Quod
1235 1937 1306 1964 enim
1338 1937 1393 1971 pati
1418 1940 1517 1972 potest.
1542 1935 1645 1969 inquiet
1659 1933 1766 1968 aliquis,

977 1984 1082 2012 etiamsi
1096 1984 1213 2011 nondum
1228 1983 1349 2017 patiendi
1367 1988 1473 2017 tempus
1486 1982 1616 2016 attigerit,
1632 1985 1662 2007 ut
1675 1984 1767 2007 etom-

977 2038 1011 2058 ne
1027 2030 1053 2057 id
1065 2029 1134 2064 quod
1151 2028 1299 2056 ascitilium
1320 2033 1441 2063 putatur,
1465 2032 1512 2054 aut
1531 2034 1625 2054 revera
1645 2030 1686 2052 est
1699 2025 1768 2052 asci-

978 2079 1046 2107 tum,
1057 2082 1110 2103 non
1127 2074 1248 2102 creditur
1265 2080 1361 2108 expers
1375 2073 1512 2105 interitus,
1525 2072 1572 2099 sed
1596 2071 1624 2098 in
1652 2069 1766 2097 cadendi

978 2125 1050 2148 metu
1067 2124 1119 2148 est.
1137 2119 1245 2147 Natura:
1261 2120 1334 2146 enim
1363 2118 1468 2153 legibus
1502 2117 1610 2144 l‘trmum
1633 2123 1686 2143 non
1713 2119 1766 2146 est,

978 2174 1065 2202 neque
1076 2166 1200 2194 stabilem
1216 2167 1305 2193 sedem
1324 2165 1404 2192 habet
1418 2163 1489 2198 quod
1517 2164 1575 2189 vice
1608 2161 1766 2191 accidentis.

978 2217 1005 2240 et
1021 2213 1108 2240 instar
1118 2212 1217 2240 coloris
1230 2212 1309 2239 rebus
1319 2211 1401 2238 semel
1417 2210 1556 2237 inductum
1571 2212 1620 2235 est.

1016 2259 1046 2287 Β.
1063 2259 1226 2294 Statigitur,
1241 2258 1372 2293 Spiritum
1391 2264 1452 2283 esse
1478 2256 1571 2287 vitam,
1605 2253 1767 2281 naturaliter

981 2305 1120 2337 nimirum,
1136 2314 1186 2332 non
1204 2310 1292 2331 autem
1314 2311 1362 2339 per
1377 2301 1626 2337 participationem.

1017 2351 1048 2377 Α.
1062 2351 1099 2377 Ita
1116 2358 1237 2385 prorsus,
1254 2350 1349 2377 amice.
1361 2349 1417 2376 lloc
1430 2353 1518 2375 autem
1532 2351 1558 2374 et
1572 2353 1604 2372 ex
1614 2345 1674 2371 aliis
1687 2344 1769 2371 ratio-

981 2397 1059 2424 nibus
1074 2397 1157 2432 probc
1170 2397 1314 2432 intelliges.
1327 2396 1409 2423 Deum
1422 2394 1495 2422 cnim
1507 2393 1601 2420 audies
1611 2391 1766 2426 loquentem

980 2448 1008 2471 et
1027 2443 1102 2478 quasi
1115 2442 1230 2470 desertae
1246 2441 1348 2469 militia:
1372 2443 1544 2468 accusantem
1565 2445 1611 2466 eos
1631 2437 1676 2471 qui
1691 2443 1767 2462 crea-

980 2495 1068 2517 turam
1084 2489 1224 2517 coiuerant
1238 2496 1245 2515 :
1266 2497 1276 2514 ‹
1290 2487 1435 2522 Obstupuit
1446 2485 1542 2513 coelum
1557 2490 1637 2518 super
1653 2482 1714 2513 hoc,
1741 2485 1769 2507 et

980 2535 1115 2562 inhorruit
1126 2533 1355 2569 plurimnm,dicit
1379 2532 1522 2560 Dominus.
1536 2529 1594 2557 Duo
1608 2528 1679 2556 enim
1697 2527 1767 2553 mala

978 2581 1043 2609 fecit
1058 2581 1171 2616 populus
1186 2587 1261 2606 meus
1278 2587 1285 2605 ε
1302 2586 1344 2606 me
1361 2572 1673 2612 dcreliquerunti‘ontém
1692 2579 1768 2607 aquae

980 2627 1059 2660 vivae,
1072 2630 1100 2653 et
1116 2625 1240 2653 foderunt
1258 2624 1309 2651 sibi
1322 2624 1455 2651 cisternas
1468 2622 1611 2653 contritas,
1632 2626 1692 2654 qua:
1715 2625 1767 2644 non

981 2677 1106 2708 poterunt
1137 2678 1235 2705 aquam
1253 2671 1393 2698 continere
1403 2670 1436 2696 υ.
1456 2678 1466 2695 ι
1484 2667 1655 2695 Inveniemus
1680 2668 1768 2692 autem

982 2718 1125 2746 Dominum
1154 2721 1274 2744 nostrum
1302 2715 1395 2744 Jesum
1414 2715 1552 2743 Christum
1580 2712 1688 2739 Judaeos
1703 2709 1769 2736 allo-

981 2768 1126 2799 quentcm:
1148 2774 1156 2790 ι
1170 2764 1197 2791 Si
1209 2764 1270 2799 quis
1283 2764 1349 2795 sitit,
1365 2762 1454 2790 veniat
1466 2762 1499 2788 ad
1513 2768 1565 2792 me,
1581 2764 1607 2786 et
1623 2759 1706 2786 bibat.
1720 2756 1769 2789 Qui
