1937 3036
118 192 188 222 1121

632 194 676 221 DE
697 194 745 222 SS.
768 193 956 222 TlthlTATE
977 194 1149 222 Dl.\LOtJL’S
1173 195 1227 222 VII.

1683 197 1749 224 19Ξὲ

117 252 204 284 οὐδὲν,
222 250 290 278 ἀλλὰ
309 250 358 277 ὅσα
374 250 502 283 ἀκούσει,
527 250 649 286 λαλήσει.
676 262 685 278 ι
710 252 816 286 Ὠσπερ
831 250 876 280 οὖν
890 254 904 279 ὁ

967 253 977 280 li
992 254 1056 288 quid
1069 253 1141 281 forte
1154 253 1255 282 sanetis
1268 253 1392 280 insonare
1404 253 1477 286 velit,
1491 260 1580 281 sermo
1596 255 1630 282 sit
1640 255 1746 283 Christi.

118 296 194 333 Υίρς,
207 296 350 331 ὀμοοὺσιος
365 297 496 332 ὑπάρχων
509 296 548 332 τῷ
561 297 620 332 Θεῷ
646 298 694 324 καὶ
707 299 805 334 Πατρὶ,
823 299 908 332 Λόγος

116 351 149 369 τε
164 342 202 369 ὢν
216 341 309 374 αὐτοῦ,
330 341 364 368 τὰ
378 342 461 368 αὑτοῦ
477 342 568 369 λαλεῖ·
588 351 597 368 ε
616 343 665 369 Ὃν
681 342 735 378 γὰρ
749 343 908 370 ἀπέστειλεν

116 389 132 415 ὸ
143 389 220 420 Θεὸς,
235 388 269 414 τὰ
283 388 393 424 ῥήματα
409 387 456 414 τοῦ
469 387 537 415 Θεοῦ
552 388 637 421 λαλεῖ,
654 398 664 415 ι
681 388 750 415 κατὰ
759 388 808 424 τὴν
819 389 909 416 Ἰωάν-

117 443 165 462 νου
180 434 282 470 φωνὴν,
296 434 356 460 ἐπεὶ
369 434 406 470 μὴ
419 434 511 469 ἕτερον
526 434 601 470 παρὰ
615 443 646 468 γε
655 435 686 461 τὸ
698 436 727 462 ὲν
740 434 778 470 τῷ
794 435 853 471 Θεῷ
863 435 910 462 καὶ

118 481 209 516 Πατρὶ
233 481 264 507 τὸ
292 480 398 516 θέλημα
413 481 461 507 τοῦ
476 480 541 507 Υἱοῦ
552 490 558 496 ·
586 481 656 508 κατά
678 481 724 508 τὸν
738 482 805 514 ἴσον,
821 479 907 516 οἴμαι,

116 526 220 562 τρόπον
227 534 257 552 τε
271 526 319 553 καὶ
332 526 422 560 λόγον,
434 526 481 553 καὶ
500 526 531 552 τὸ
548 526 659 562 Πνεῦμα
667 526 698 553 τὺ
708 527 785 561 ἅγιον
798 527 832 553 τὰ
843 528 910 562 Χρι-

117 572 183 600 στοῦ
201 572 285 606 λαλεῖ,
301 571 414 608 Πνεῦμα
427 571 548 608 ὑπάρχον
560 572 653 604 αὐτοῦ,
667 573 713 599 καὶ
726 573 760 608 τῇ
776 572 844 607 πρὸς
855 574 908 599 πᾶν

116 619 209 646 ὁτιοῦν
234 618 378 653 ταυτότητι
405 620 518 654 φυσικῇ,
543 618 592 654 τὴν
610 617 692 645 αὑτοῦ
708 617 787 650 δόξαν
814 627 843 644 τε
862 619 909 644 καὶ

117 665 300 692 ταυτοέττειαν
315 664 386 700 ἔχον.
403 664 498 698 ’Λγιον
517 664 607 691 τοίνυν
631 664 662 690 οὐ
684 664 831 699 μεθεκτῶς,
849 664 909 690 οὐδὲ

118 712 153 746 τῇ
169 710 268 743 ἔξωθεν
287 711 376 746 σχέσει
390 712 422 746 τῇ
440 710 508 747 πρὸς
523 710 568 737 τὸν
581 710 660 742 Υὶδν,
681 710 750 737 ἀλλὰ
766 709 845 744 φύσει
863 710 909 736 καὶ

118 756 245 792 ἀληθείᾳ,
254 757 284 783 τὸ
293 756 404 791 Πνεῦμα
419 756 512 783 αὑτοῦ.
527 756 581 783 Καὶ
592 755 686 791 ὥσπερ
699 756 772 782 ἐστὶν
785 755 908 790 ἀπόπλη-

119 802 186 829 κτόν
202 810 233 829 τε
244 802 291 828 καὶ
302 802 418 837 ἀμαθὲς,
434 801 577 837 ἄνθρωπον
604 801 653 836 μὲν
667 801 848 836 ὀνομάζεσθαι
865 801 910 828 τὸν

118 848 264 884 ἄνθρωπον
273 848 390 883 ἀληθῶς,
411 848 531 875 νοεῖσθαί
548 856 579 882 γε
597 849 650 883 μὴν
666 847 742 883 παρὰ
758 847 838 874 τοῦτο
851 848 910 874 ἓτε-

121 901 186 928 ρον⁸
204 893 275 920 οὕτω
287 893 388 929 ἠλίθιον
401 894 510 929 κομιδῇ,
530 893 642 929 Πνεῦμα
661 893 710 928 μὲν
721 893 798 927 ἅγιον
812 893 910 928 ὀνομά-

962 309 971 325 ‹
985 299 1042 326 Νοη
1057 300 1140 333 enim,
1157 299 1254 334 inquit,
1270 299 1394 333 loquetur
1409 307 1422 326 a
1438 300 1582 334 semetipso
1593 301 1749 334 quidquam,

958 346 1005 371 sed
1020 352 1187 379 quaecunque
1203 344 1293 371 audiet
1304 344 1428 379 loqttetur
1443 345 1474 372 ⁸⁸.
1492 354 1501 369 t
1519 345 1750 378 Quemadmodum

959 397 1022 423 ergo
1041 390 1124 418 Filius
1137 390 1231 425 658,
1249 390 1303 417 Deo
1317 395 1342 417 et
1357 390 1430 417 Patri
1448 398 1507 417 cum
1522 391 1556 418 sit
1575 392 1752 418 consubstan-

961 436 1049 468 tialis,
1065 441 1092 463 et
1111 436 1196 470 ipsius
1213 437 1327 463 Verbum
1339 456 1347 468 ,
1362 443 1420 470 qua:
1443 436 1531 470 ipsius
1554 442 1617 464 sunt
1634 437 1752 471 loquitur

960 481 1063 516 (quem
1088 481 1160 507 enim
1189 481 1261 508 misit
1285 481 1371 514 Deus,
1387 482 1468 508 verba
1499 482 1544 509 Dei
1576 482 1709 516 loquitur,
1726 487 1753 508 ut

959 527 1055 554 scribit
1068 526 1185 554 Joannes
1200 526 1234 559 ⁸³,
1248 527 1465 562 quandoquidem
1480 527 1540 555 Filii
1559 528 1682 556 voluntas
1700 529 1752 555 alia

960 578 1012 598 non
1026 576 1068 598 est
1085 579 1099 598 a
1113 571 1160 598 Dei
1177 579 1209 598 ac
1222 571 1310 598 Patris
1327 572 1462 599 voluntate
1474 572 1485 605 )
1503 579 1509 598 :
1524 573 1617 600 eodem
1628 592 1636 605 ,
1647 573 1752 607 opinor,

961 618 1041 644 modo
1068 624 1100 644 ac
1126 618 1230 644 ratione
1255 622 1365 645 sanctus
1395 625 1501 653 quoque
1524 619 1641 653 Spiritus
1672 618 1752 646 verba

959 663 1060 691 Christi
1078 663 1206 697 loquitur,
1220 671 1282 690 cum
1297 663 1331 690 sit
1345 663 1461 696 Spiritus
1475 662 1542 697 ejus,
1556 667 1583 690 et
1597 664 1753 690 omnimoda

960 710 1101 737 identilate
1118 708 1231 736 naturali
1250 709 1306 743 ejus
1322 709 1433 744 gloriam
1448 714 1475 735 et
1493 709 1618 736 eumdem
1642 710 1754 737 omnino

960 763 1111 783 sermonem
1151 755 1257 782 habeat.
1290 755 1404 782 Sanetus
1434 755 1515 790 igitur
1540 759 1598 788 est,
1628 756 1681 781 non
1707 763 1754 790 per

960 802 1206 837 participationem,
1223 809 1309 836 neque
1325 806 1436 828 externa
1451 802 1579 829 relatione
1595 803 1627 828 ad
1644 801 1750 832 Filium,

960 848 1008 875 sed
1025 852 1120 874 natura
1133 852 1160 874 et
1173 847 1296 879 veritate,
1313 847 1427 881 Spiritus
1442 848 1509 882 ejus.
1524 848 1557 874 Et
1578 847 1754 881 quemadnm-

961 894 1023 921 dum
1045 893 1181 928 stupidum
1195 898 1222 920 et
1246 893 1377 920 insulsum
1402 898 1442 920 est
1457 894 1594 921 hominem
1626 893 1754 928 appellari

119 940 180 972 ζειν
192 939 223 966 τὸ
235 939 358 973 Πνεῦμα,
381 938 428 966 τοῦ
444 947 477 974 γε
493 939 544 974 μὴν
559 936 630 965 εἶναι
647 939 718 966 κατὰ
734 939 815 973 φύσιν
831 939 908 973 ἅγιον

967 939 1068 974 ιυίᾱειιι
1086 945 1177 965 revera
1194 938 1330 965 hominem
1343 958 1349 968 ,
1370 941 1458 964 tamen
1480 937 1553 965 aliud
1575 937 1702 972 quiddam
1722 937 1755 964 ab

119 985 266 1011 ἀποσοϐεῖν
279 985 354 1016 αὐτὸ,
371 985 417 1011 καὶ
433 985 472 1016 είς
487 984 582 1019 ἑτέραν
606 984 728 1016 ἐκτόπως
744 983 908 1017 καταϐιάζε-

120 1030 186 1057 σθαι
199 1031 290 1066 φύσιν.
314 1031 350 1057 Οὐ
366 1031 419 1066 γὰρ
433 1030 512 1065 δόξης
530 1031 546 1066 ἢ
568 1031 704 1066 ὑπεροχῆς
721 1032 910 1066 κατασημανεί

119 1085 183 1103 τινα
203 1077 302 1112 τρόπον
326 1075 443 1112 τοΰνομα
468 1075 562 1111 αὐτῷ,
588 1076 714 1112 καθάπερ
745 1077 841 1111 ἀμέλει
867 1077 908 1109 τὸ,

127 1122 223 1158 ’Δρχὴ,
245 1123 291 1149 καὶ
316 1122 426 1158 Θρόνος,
452 1122 499 1149 καὶ
513 1122 661 1158 Κυριότης,
682 1122 729 1148 ἐπὶ
752 1122 806 1149 τῶν
825 1123 865 1154 εἰς
879 1122 910 1149 τὸ

120 1165 192 1194 εἶναι
215 1168 248 1194 δι’
273 1167 354 1194 αὑτοῦ
379 1167 642 1203 παρενηνεγμένων·
661 1167 737 1194 ἔσται
761 1168 790 1195 δὲ
811 1168 911 1204 μᾶλλον

119 1215 204 1241 οἱονεὶ
216 1214 266 1250 τῆς
279 1214 422 1246 οὖσιὼδους
443 1214 584 1250 ποιότητος
597 1213 741 1247 δεικτικὸν,
755 1214 910 1249 ὡσπερανεὶ

121 1260 171 1286 καὶ
190 1260 230 1295 τῷ
247 1259 335 1295 Πατρῒ
352 1259 382 1286 τὸ
406 1259 512 1294 Πατὴρ,
535 1258 634 1294 καὶτῷ
656 1258 713 1293 Υἱῷ
726 1258 756 1285 τδ
767 1259 841 1290 Υίός.
857 1260 910 1286 Καὶ

120 1304 203 1340 εἴπερ
219 1304 277 1330 ἐστὶ
298 1304 346 1339 τῆς
370 1304 486 1339 ἐσχάτης
502 1303 649 1335 ἀσυνεσίας
663 1304 779 1339 μήνυσις
796 1304 910 1340 ἀκριϐὴς

119 1350 152 1376 τὸ
164 1349 274 1385 Πατέρα
288 1350 336 1385 μὲν
349 1348 491 1384 ὀνομάζειν
507 1349 552 1375 τον
571 1349 637 1376 Θεὸν
650 1369 657 1382 ,
682 1349 732 1376 οὐκ
748 1348 816 1376 εἶναι
830 1350 858 1376 δὲ
878 1348 910 1376 αὖ

121 1395 234 1430 Πατέρα
248 1396 319 1421 νοεῖν
342 1394 433 1427 αὑτὸν,
451 1394 468 1429 ἢ
486 1394 531 1420 καὶ
554 1394 617 1421 Υίὸν
645 1394 694 1429 μὲν
714 1394 760 1421 τὸν
773 1395 846 1427 Υίὸν,
862 1396 912 1422 οὐκ

122 1440 194 1468 εἶναι
211 1442 239 1468 δὲ
255 1441 333 1468 τοῦτο
346 1441 446 1476 λέγειν,
461 1441 519 1472 πῶς
535 1441 567 1467 ἂν
588 1440 794 1476 ἀπαλλάξαιμεν
811 1441 864 1467 τῶν
883 1441 912 1474 ἐξ

121 1487 244 1523 ἀμαθίας
259 1488 439 1523 αίτιαμὰτων,
453 1488 516 1518 τοὺς
531 1487 674 1522 ἁγιότητος
696 1488 812 1523 φυσικῆς
830 1496 916 1514 κατα-’

121 1533 278 1567 τολμῶντας
290 1532 464 1567 ἀπογυμνοῦν
475 1532 504 1559 τὸ
517 1532 595 1566 φύσει
609 1541 637 1559 τε
653 1533 699 1559 καὶ
713 1532 821 1568 ἀληθῶς
835 1533 913 1566 ἅγιον

123 1578 253 1613 Πνεῦμα;
275 1579 361 1614 Εἴπερ
377 1577 422 1606 οὖν
435 1579 511 1613 ἅγιος
527 1579 597 1606 κατὰ
619 1579 700 1614 φύσιν
715 1580 728 1605 ὁ
741 1579 817 1611 Θεὸς,
836 1579 912 1614 ἅγιον

121 1625 152 1652 δὲ
166 1626 226 1651 κατ’
239 1625 331 1658 αὑτὸν,
349 1626 396 1652 καὶ
411 1626 442 1652 τὸ
456 1625 487 1657 ἐξ
500 1625 582 1652 αὑτοῦ
599 1634 628 1652 τε
641 1625 687 1652 καὶ
703 1627 731 1652 ὲν
747 1625 820 1660 αὐτῷ
835 1626 912 1653 νοούο

124 1679 205 1705 μενον
224 1670 352 1706 Πνεῦμα,
375 1671 417 1702 τίς
443 1671 476 1698 ἂν
488 1670 530 1706 εἴη
548 1670 640 1697 λοιπὸν
652 1672 665 1697 ὁ
681 1670 731 1705 τῆς
754 1671 914 1706 ἑτερότητος

121 1716 235 1751 τρόπος,
247 1716 319 1752 φημὶ
333 1716 361 1742 δὲ
372 1716 420 1751 τῆς
435 1716 494 1742 κατ’
510 1715 619 1749 οὐσίαν;
637 1717 671 1742 Ἢ
692 1715 750 1747 πῶς
763 1716 810 1751 οὐχ
825 1716 913 1743 ἁλοῖεν

122 1761 156 1788 ἂν
172 1761 266 1797 σαθροὶ
278 1762 322 1788 καὶ
337 1761 548 1797 ὀλιγογνώμονες
564 1762 588 1788 οι
604 1762 693 1788 κτίσει
709 1762 912 1797 συγγράφοντες

123 1807 165 1838 τὸ,
181 1807 215 1834 δι’
227 1806 258 1835 οὗ
273 1809 317 1835 καὶ
337 1809 366 1835 ὲν
410 1808 535 1842 θεότητος
551 1808 632 1842 φύσις
646 1809 719 1835 ἐστὶν
735 1809 764 1835 ἐν
781 1810 845 1844 ἡμῖν
855 1817 861 1840 ;
873 1809 911 1834 Οὐ

124 1852 179 1888 γὰρ
193 1853 222 1879 ὲν
239 1853 367 1888 κτίσματι
379 1852 508 1888 μεθεκτὸν
521 1853 550 1879 τὸ
565 1854 634 1888 ὑπὲρ
651 1853 698 1888 τὴν
718 1853 820 1881 κτίσιν·
834 1853 850 1888 ἢ
863 1853 912 1879 οὐκ

123 1897 226 1934 ἀληθὴς
244 1900 259 1926 ὁ
272 1899 349 1933 λόγος
363 1907 370 1931 ;

927 1603 950 1633 C

961 986 1019 1020 ipso
1038 984 1151 1019 intelligi
1170 992 1176 1010 :
1194 984 1229 1011 ita
1246 983 1323 1011 valde
1347 984 1456 1011 stultum
1476 990 1527 1016 est,
1545 983 1674 1018 Spiritum
1697 985 1751 1018 qni-

960 1031 1020 1057 detn
1044 1034 1166 1058 sanetum
1184 1031 1325 1057 nominare
1348 1030 1493 1064 Spiritum,
1507 1034 1534 1057 et
1556 1035 1645 1056 tamen
1667 1029 1754 1064 ipsum

961 1083 1053 1103 arcere
1079 1075 1224 1110 quominus
1252 1075 1288 1102 sit
1312 1075 1458 1102 secundum
1488 1079 1612 1102 naturain
1637 1079 1754 1106 sanctus,

961 1121 1032 1148 etin
1056 1121 1138 1148 aliam
1165 1121 1254 1156 inepte
1271 1125 1394 1147 naturam
1420 1121 1573 1148 detrudere.
1600 1120 1656 1147 Non
1683 1122 1754 1148 enim

961 1165 1052 1200 gloria:
1063 1170 1108 1192 aut
1119 1166 1281 1200 praestantiae
1291 1166 1398 1192 modum
1412 1166 1554 1200 quemdam
1565 1166 1648 1200 ipsius
1658 1173 1755 1192 nomen

961 1211 1134 1247 signiﬁcabit,
1149 1212 1375 1245 quemadmodum
1397 1220 1492 1246 nempe
1515 1213 1601 1245 istud,
1618 1210 1755 1246 Principa-

963 1263 1014 1290 ttts,
1031 1258 1165 1290 'l’ltronus,
1180 1264 1206 1285 et
1227 1258 1396 1291 Domiuatio,
1420 1258 1452 1285 de
1471 1258 1504 1285 iis
1517 1266 1576 1293 qum
1598 1266 1645 1294 per
1663 1259 1749 1293 ipsum

962 1309 1051 1332 creata
1069 1310 1152 1331 sunt:
1175 1304 1222 1331 sed
1246 1304 1450 1331 substantialem
1481 1305 1569 1338 potius
1598 1304 1759 1338 qualitatem

963 1350 1125 1383 declarabit,
1154 1351 1234 1377 veluti
1260 1359 1356 1378 nomen
1386 1350 1461 1383 illud,
1484 1350 1578 1382 l‘ater,
1604 1350 1706 1382 Patris,
1728 1356 1755 1376 et

964 1397 1064 1429 Filius,
1093 1397 1165 1424 Filii.
1194 1396 1270 1430 Quod
1301 1397 1322 1424 si
1346 1402 1474 1424 extrema:
1501 1397 1622 1424 stultitia:
1649 1401 1752 1423 eertum

965 1447 1154 1477 argumentum
1176 1447 1218 1470 est
1240 1443 1323 1475 illud,
1347 1443 1487 1470 nominare
1511 1443 1618 1477 quidem
1647 1443 1753 1469 l’alrcm

965 1489 1047 1515 Deum
1059 1509 1066 1521 ,
1084 1489 1130 1516 sed
1150 1489 1236 1523 ipsum
1250 1489 1354 1516 Patrem
1375 1495 1435 1516 esse
1457 1496 1509 1515 non
1527 1488 1676 1523 intelligere
1690 1498 1695 1514 :
1709 1494 1754 1516 aut

964 1533 1060 1560 Filium
1078 1533 1196 1568 quidem,
1211 1533 1308 1560 Filium
1321 1554 1328 1566 ,
1345 1534 1415 1561 istud
1431 1539 1520 1561 autem
1538 1542 1590 1561 non
1608 1541 1668 1561 esse
1683 1534 1755 1560 diru-

966 1587 1019 1606 re:
1043 1579 1178 1613 quomodo
1205 1579 1362 1613 ignorantia:
1385 1577 1463 1612 culpa
1492 1577 1666 1604 liberabimus
1695 1585 1752 1606 cos.

964 1625 1009 1660 qui
1038 1625 1183 1652 sanctitate
1201 1624 1316 1651 naturali
1346 1624 1461 1658 spoliare
1489 1624 1586 1650 audent
1609 1627 1701 1649 natura
1729 1629 1754 1649 ('l

965 1677 1029 1697 vere
1041 1675 1164 1697 sanctum
1178 1669 1307 1704 Spiritum
1319 1669 1330 1695 ‘3
1347 1669 1373 1696 Si
1388 1677 1453 1703 ergo
1463 1672 1589 1696 Osanrtns
1606 1668 1753 1695 secundum

966 1722 1088 1743 naturam
1111 1716 1181 1743 Deus
1195 1722 1245 1748 est,
1264 1720 1372 1743 sanctus
1391 1719 1480 1742 autem
1499 1714 1544 1749 qui
1559 1722 1593 1741 ex
1607 1714 1665 1748 ipso
1685 1717 1712 1740 et
1729 1713 1754 1739 in

966 1763 1024 1798 ipso
1057 1763 1215 1797 intelligitur
1251 1762 1533 1797 Spirituszquzenam
1562 1761 1670 1788 demum
1703 1761 1757 1787 erit

966 1808 1130 1838 dirersitatis
1144 1809 1222 1840 ratio,
1235 1808 1432 1841 substantialis,
1445 1807 1571 1843 inquam?
1588 1811 1634 1834 aut
1648 1813 1756 1840 quomo.

967 1850 1000 1882 do
1017 1856 1100 1890 putidi
1115 1861 1143 1882 ct
1154 1855 1258 1890 angusti
1275 1855 1357 1882 animi
1373 1862 1432 1882 esse
1449 1862 1502 1881 non
1518 1853 1753 1888 deprchendemur

966 1902 1011 1935 qui
1022 1906 1153 1928 creatura:
1171 1901 1309 1928 ascribunt
1322 1901 1346 1927 id
1361 1909 1408 1934 per
1422 1901 1531 1934 quodet
1544 1900 1569 1926 in
1584 1906 1637 1933 quo
1647 1898 1756 1925 deitatis

123 1949 221 1971 natura
235 1945 317 1972 estin
333 1945 433 1972 nobis?
452 1944 511 1972 Non
536 1944 608 1972 enim
647 1944 672 1971 in
703 1948 826 1972 creatura
856 1946 1081 1973 communicabile
1103 1951 1145 1973 est
1169 1946 1196 1973 id
1221 1946 1293 1980 quod
1319 1953 1399 1980 supra
1411 1949 1564 1972 creaturam
1588 1947 1640 1970 est.
1656 1943 1753 1969 Annon

124 1999 218 2019 verum
238 1997 279 2020 est
296 1993 365 2028 quod
379 1993 438 2021 dico
452 1993 464 2019 ?

161 2038 194 2065 Β.
208 2038 262 2065 Καὶ
278 2039 361 2074 μάλα.

162 2086 195 2111 Α.
209 2085 242 2111 Τί
253 2085 292 2119 δέ;
308 2085 367 2120 οὐχὶ
382 2085 474 2119 σοφὸς,
490 2083 589 2118 μᾶλλον
604 2083 632 2110 δὲ
641 2083 802 2120 αὐτόχρημα
818 2084 912 2119 σοφία,

121 2130 209 2162 Θεός;

162 2177 193 2202 Β.
208 2175 263 2203 Καὶ
276 2175 334 2208 πῶς
343 2177 422 2203 τοῦτο
436 2176 604 2211 ἀμφίλογον;

162 2222 196 2248 Α.
211 2222 284 2256 Σοφὰ
303 2221 331 2248 δὲ
355 2223 384 2248 ὲν
404 2222 457 2249 τίνι
471 2222 505 2248 τὰ
522 2220 688 2256 σοφοὺμενα,
713 2220 799 2256 φράζε
818 2220 849 2256 δή
869 2229 913 2256 μοι

124 2267 182 2294 πάλ
187 2276 221 2294 ιν.

163 2314 194 2341 Β.
217 2314 260 2340 Ἐν
273 2314 353 2350 σοφίᾳ
368 2313 497 2349 δηλονότι.

162 2361 196 2388 Δ.
214 2360 318 2387 Οὐκοῦν
336 2361 361 2387 ει
375 2361 452 2395 σοφοῖ
463 2360 493 2386 τὸ
511 2359 622 2395 Πνεῦμα
635 2359 669 2386 τὰ
684 2360 778 2394 σοφίας
790 2360 913 2392 δεκτικὰ,

124 2406 211 2441 σοφία
232 2414 283 2432 που
304 2406 412 2437 πάντως
430 2405 506 2432 ἔσται
525 2405 572 2432 καὶ
593 2405 765 2440 νοηθήσεται,
786 2404 870 2431 Τοῦτο
887 2405 916 2431 δὲ

124 2451 231 2486 ἔφαμεν
245 2449 314 2478 εἶναι
331 2450 376 2477 τὸν
393 2450 469 2478 Θεὸν.

161 2497 192 2523 Β.
212 2497 245 2523 Τί
258 2495 316 2529 οὖν,
336 2498 359 2523 εί
371 2497 417 2523 καὶ
429 2497 567 2532 ἅνθρωποι
583 2497 631 2523 καὶ
644 2497 764 2531 ἄγγελοι,
778 2496 853 2531 φασὶ,
869 2505 914 2523 σο-

124 2542 172 2578 φοί
182 2542 213 2569 τέ
230 2543 294 2575 εἰσι,
312 2544 360 2569 καὶ
374 2544 413 2575 είς
430 2543 460 2569 τὸ
476 2542 575 2577 σοφοῦν
590 2543 700 2579 ἑτέρους
715 2542 876 2578 ἐπιτήδειοι·

161 2632 195 2658 Α.
222 2631 291 2658 Ἀλλ’
308 2631 338 2658 οὐ
358 2631 463 2666 σοφίαν,
480 2629 502 2658 ὧ
518 2633 577 2666 τᾶν,
596 2634 652 2665 τοῖς
667 2633 710 2659 διὰ
725 2632 800 2667 σφῶν
821 2633 917 2667 σοφοῦ-

126 2677 190 2705 σθαι
214 2678 381 2713 λεγομένοις,
400 2679 521 2711 ἀνιέντες
539 2679 577 2711 ὡς
594 2679 670 2712 Θεὸς,
694 2679 752 2706 ἀλλ’
769 2679 918 2713 εὐμαοείας

125 2725 176 2759 τῆς
192 2724 266 2759 σφῶν
278 2726 424 2756 κοινωνοὺς
436 2725 640 2759 ἀποφαίνοντες.
656 2724 853 2761 Χρησμῲδημα
864 2725 918 2760 γὰρ

126 2771 296 2806 ἁγιοπρεπὲς
313 2771 394 2806 φαίην
411 2771 444 2798 ἂν
462 2771 560 2806 ἔγωγε,
575 2771 616 2803 τὸ,
639 2781 649 2797 ι
667 2772 777 2806 Δωρεάν
796 2771 918 2803 ἐλάϐετε,

125 2817 230 2852 δωρεὰν
245 2817 316 2844 δότε.
341 2827 350 2844 ι
375 2818 411 2844 Τὸ
432 2818 460 2845 δέ
475 2826 507 2851 γε
523 2817 635 2852 Πνεῦμα
656 2817 686 2844 τὺ
705 2817 782 2852 ἆγιον
798 2818 920 2852 ἰσουργεί

162 2909 184 2923 ⁸⁵
197 2907 278 2935 ιυοιι.
295 2915 349 2941 ut,
368 2907 407 2934 15.
447 2907 474 2942 3-1
489 2905 566 2934 Joan.
585 2912 627 2940 ut,
639 2906 682 2933 54.

929 2252 952 2279 D

723 2906 745 2922 ⁵⁸
764 2904 858 2934 Matth.
876 2913 902 2939 tr,
923 2904 948 2934 8.

1004 2036 1034 2063 B.
1055 2036 1239 2064 Vcrissimum.

1004 2083 1036 2108 Δ.
1059 2082 1127 2115 Quid
1155 2082 1236 2110 vero?
1253 2089 1341 2109 nonne
1365 2081 1487 2117 sapiens,
1516 2081 1570 2108 imo
1601 2087 1664 2107 vero
1698 2080 1754 2116 ipsa

968 2128 1098 2162 sapientia
1113 2127 1182 2155 Deus
1197 2132 1237 2155 est
1253 2127 1264 2154 ?

1001 2174 1031 2202 Β.
1050 2174 1162 2202 Cuinatn
1178 2173 1286 2201 dubium
1303 2174 1373 2201 istud
1386 2174 1449 2201 est?

1001 2221 1033 2247 A.
1054 2220 1082 2247 In
1100 2228 1154 2254 quo
1169 2227 1232 2247 vero
1248 2219 1380 2254 sapientia
1395 2224 1458 2247 sunt
1471 2227 1502 2247 ea
1519 2227 1578 2254 quae
1593 2219 1753 2254 sapientiam

965 2267 1100 2301 accipiunt
1114 2267 1125 2293 ?

1001 2312 1030 2339 Β.
1049 2309 1078 2339 ln
1099 2312 1231 2347 sapientia
1249 2311 1382 2339 videlicet.

1001 2358 1034 2386 Α.
1054 2357 1152 2392 Igitur,
1169 2358 1192 2385 si
1217 2358 1335 2394 Spiritus
1362 2357 1524 2393 sapientiam
1551 2357 1618 2385 indit
1635 2357 1669 2384 iis
1696 2365 1756 2392 qua:

969 2407 1031 2430 sunt
1042 2403 1181 2437 sapientiae
1198 2404 1320 2438 capacia,
1337 2403 1467 2438 sapientia
1491 2403 1583 2436 utique
1607 2403 1658 2430 erit
1671 2407 1698 2429 et
1712 2403 1754 2429 iu-

969 2449 1111 2484 telligetur.
1129 2449 1185 2476 lloe
1199 2455 1286 2477 autem
1299 2450 1415 2477 diximus
1430 2456 1500 2480 esse,
1520 2449 1612 2476 Deum.

1002 2495 1031 2521 B.
1050 2495 1118 2528 Quid
1143 2502 1223 2528 ergo,
1246 2495 1387 2530 inquiunt,
1405 2495 1428 2522 si
1443 2499 1469 2522 et
1485 2495 1607 2526 homines
1624 2498 1649 2520 et
1666 2493 1754 2527 angeli

967 2542 1101 2576 sapientes
1124 2546 1195 2574 sunt,
1207 2546 1233 2569 et
1246 2543 1278 2569 ad
1298 2542 1381 2577 659
1393 2541 1553 2577 sapientiam
1578 2541 1638 2568 aliis
1665 2541 1756 2567 inl‘un-

969 2588 1082 2617 dendant
1101 2588 1156 2623 apti
1171 2588 1183 2614 ?
1497 2584 1500 2587 ’

1004 2635 1037 2661 Α.
1056 2633 1090 2660 At
1106 2642 1159 2661 non
1175 2634 1218 2667 iis,
1246 2635 1342 2667 amice,
1356 2635 1402 2670 qui
1424 2635 1552 2662 dicuntur
1569 2634 1602 2660 ab
1623 2632 1689 2667 ipsis
1711 2639 1755 2659 sa-

970 2681 1101 2715 pientiam
1130 2680 1276 2714 accipere,
1303 2682 1465 2715 sapientiam
1493 2680 1664 2708 immittendo
1683 2678 1756 2705 sicut

971 2726 1041 2753 Deus
1056 2726 1120 2753 :sed
1137 2726 1267 2754 doetrinae
1279 2734 1335 2753 sua:
1350 2726 1496 2761 participes
1519 2725 1669 2753 elﬁcicndo.
1688 2725 1756 2750 Ura-

970 2772 1059 2799 culum
1087 2773 1160 2799 cuitu
1182 2772 1248 2800 illud
1269 2773 1296 2800 in
1322 2777 1432 2799 sanctos
1454 2772 1588 2806 quadrare
1614 2769 1728 2797 dixerim
1748 2778 1754 2795 :

974 2827 982 2844 ‹
995 2817 1088 2846 Gratis
1103 2819 1257 2854 accepistis,
1273 2819 1358 2854 gratis
1373 2819 1435 2846 date
1445 2818 1479 2845 '°.
1497 2826 1506 2843 ι
1532 2817 1650 2846 Sanctus
1665 2819 1755 2843 autem
