1927 3036
62 180 127 209 1149

330 239 528 268 ΚΕΦΑΛΛΙΟΝ
546 241 584 268 A’.

62 308 118 335 Ὀτι
134 307 201 342 περὶ
219 307 339 336 πολλοῦ
352 309 504 346 ποιεῖταινό
526 310 598 343 Θεὸς
616 310 673 337 τῶν
686 311 848 346 ἀνθρώπων

372 345 535 379 σωτηρίαν.

93 410 193 438 Τούτου
209 411 265 448 γὰρ
278 410 358 446 χάριν
381 412 429 438 καὶ
441 412 455 438 ό
469 411 522 439 τῶν
539 412 607 439 ὅλων
621 413 716 449 Σωτὴρ
739 414 780 445 εἰς
798 415 847 450 τὴν

62 457 220 493 οἰκουμένην
241 456 383 484 ἀπέστειλε
394 458 448 484 τῶν
464 458 621 485 ἀποστόλων
638 459 683 486 τὸν
707 460 780 496 ιερδν
800 470 847 496 χο-

62 502 114 537 ρὸν,
130 502 173 529 ’ίνα
183 504 245 534 ταῖς
261 502 353 529 ἀκτῖσι
365 503 414 538 τῆς
434 502 597 537 θεογνωσίας
616 505 680 537 τοὺς
694 506 722 532 ὲν
733 505 772 542 τῷ
787 506 848 532 σκό-

62 557 98 574 τει
113 547 159 583 τῆς
170 548 283 582 ἀγνοίας
299 549 555 585 συντεθραμμένους
568 551 723 585 φωτίσωσιν
733 573 741 585 ,
758 552 801 579 ἵνα
814 552 848 580 τὰ

61 594 273 629 διασπδασμένα
287 595 411 631 πρόϐατα
426 597 473 623 καὶ
491 598 547 629 τοῖς
566 597 658 630 λύκοις
677 599 847 634 προκείμενα

64 640 232 674 συναγάγωσι
257 649 287 667 τε
315 642 362 668 καὶ
387 642 557 678 ποιμάνωσιν
580 643 718 679 ἐμμελῶς,
740 645 784 672 ἶνα
798 646 847 680 τὴν

63 686 214 722 ἀγριέλαιον
229 688 269 718 ei;
284 687 452 715 καλλιέλαιον
471 690 503 725 τῇ
522 690 568 716 τοῦ
587 689 746 726 Πνεύματος
764 700 846 727 μετα-

63 732 174 759 (Binum
187 732 286 768 τέχνῃ,
303 733 346 759 ἵνα
359 733 422 765 τοὺς
438 735 644 770 κρυπτομένους
658 735 696 770 τῷ
711 735 785 772 βυθῷ
797 736 846 771 τῆς

65 777 194 811 ἀσεϐείας,
203 777 243 813 τῷ
251 778 302 814 τῆς
312 779 486 812 διδασκαλίας
500 780 646 808 ἀλιεύσωσι
654 782 725 817 λόγῳ
736 790 742 796 ·
753 781 846 818 ἐπειδὴ

65 825 144 850 τοίνυν
160 824 207 850 καὶ
217 824 257 859 τῷ
276 827 373 861 ποιητῇ
388 826 442 853 τῶν
452 826 603 862 ἀνθρώπων
618 828 728 855 πάντων
739 828 847 863 ἥδιστον

65 869 112 896 τῶν
124 869 275 905 ἀνθρώπων
290 872 306 907 ἡ
326 872 459 907 σωτηρία,
477 873 523 900 καὶ
540 875 572 909 τῇ
589 874 668 908 φύσει
685 874 713 901 δὲ
727 874 802 901 δοκεί
816 875 847 901 τὸ

718 183 762 211 DE
782 183 976 213 TRINITATE.

1627 186 1695 214 H50

1171 240 1295 270 CAPITU
1302 239 1374 269 LUM
1396 240 1417 269 l.

900 308 976 340 Quod
1012 308 1080 335 Deus
1113 309 1224 335 multum
1255 312 1365 336 wslimet
1403 308 1537 335 hami/mm
1567 307 1692 336 salutem.

933 407 1019 443 Hujus
1038 408 1138 443 quippe
1155 416 1193 436 ret
1212 415 1293 436 causa
1310 408 1432 436 omnium
1463 415 1571 443 qttoque
1595 407 1692 435 Serva<

900 458 941 481 tor
961 454 986 481 in
1008 454 1165 481 universum
1191 455 1320 481 mundum
1346 454 1421 481 misit
1445 453 1628 488 apostolorum
1650 461 1693 481 sa-

898 508 973 528 crum
996 500 1125 533 chorum,
1147 505 1176 527 ut
1193 500 1290 528 divine
1313 501 1415 528 notitiae
1430 500 1513 528 radiis
1534 508 1580 528 eos
1598 501 1643 535 qui
1666 500 1692 528 in

899 547 1057 582 ignorantia:
1075 546 1196 575 tenebris
1217 546 1328 574 enutriti
1353 545 1472 579 fuerant,
1489 546 1692 576 illuminarent;

899 598 928 620 ut
945 594 1084 629 dispersas
1103 601 1169 621 oves
1193 593 1319 628 lupisque
1341 592 1481 627 expositas
1498 595 1693 627 congregareut

898 639 1096 674 diligenterque
1116 643 1279 673 pascerent;
1304 643 1334 665 ut
1359 638 1513 666 silvestrem
1546 638 1572 664 in
1600 638 1691 664 mitem

897 685 983 713 oleam
1002 684 1118 719 spiritali
1133 689 1192 712 arte
1214 684 1405 716 immutarem;
1425 688 1454 710 ut
1470 682 1619 718 impietatis
1640 683 1690 710 ba-

898 731 992 758 rathro
1007 731 1125 762 mersos',
1143 729 1295 766 magisterii
1319 729 1527 764 expiscareutur
1553 734 1690 756 sermone.

899 775 1033 809 Quoniam
1053 775 1133 811 igitur
1157 781 1184 802 et
1201 774 1323 802 omnium
1343 774 1483 802 hominum
1501 772 1626 801 Creatori
1643 772 1686 808 ju-

898 822 1064 850 cundissima
1088 826 1130 849 est
1153 821 1295 849 hominum
1317 821 1401 853 salus,
1428 826 1455 847 et
1476 820 1560 854 ipsius
1586 824 1691 847 natura;

898 867 940 895 lex
956 873 997 896 est
1013 874 1042 896 ut
1062 875 1155 896 curam
1175 868 1301 903 proximo
1319 867 1408 902 egenti
1424 867 1622 901 impendamus,
1640 865 1689 892 da-

64 915 98 950 τῷ
114 917 195 948 πέλας
216 916 367 952 ἐπαμύνειν
391 917 511 954 δεομένῳ
526 919 700 954 κηδεμονίας,
723 919 754 946 τὸ
771 920 844 946 δοθὲν

900 918 954 941 tum
975 913 1051 940 nobis
1065 921 1080 940 a
1098 913 1210 940 Domino
1222 912 1348 940 scientiae
1369 911 1498 938 talentum
1519 911 1588 945 apud
1611 917 1690 936 num-

66 961 123 995 ἡμῖν
137 961 188 988 ὑπὸ
199 961 247 988 τοῦ
264 961 366 997 Κυρίου
380 962 430 999 τῆς
441 962 567 997 γνώσεως
586 963 715 991 τάλαντον
729 965 774 991 ἐπὶ
783 965 846 997 τοὺς

65 1006 221 1040 τραπεζίτας
232 1007 279 1033 καὶ
289 1008 368 1043 ἡμεῖς
379 1008 604 1044 καταὸάλλωμεν,
617 1009 661 1036 ἵνα
671 1009 710 1046 μὴ
719 1010 758 1046 τῷ
769 1010 847 1046 ἀργῷ

68 1053 353 1088 ιωγκαταδικασθῶμεν
363 1054 457 1091 οίκὲτῃ
465 1063 471 1070 ·
487 1055 534 1082 καὶ
544 1055 599 1082 τῶν
612 1055 691 1083 θείων
703 1056 846 1092 δογμάτων

66 1098 108 1133 τὴν
120 1098 292 1126 διδασκαλίαν
307 1099 491 1136 προθήσομεν.
508 1102 563 1133 τοῖς
576 1110 606 1128 τε
619 1101 717 1129 εἰδόσιν
728 1103 768 1134 εις
780 1103 846 1129 ἀνά-

69 1154 166 1180 μνησιν,
178 1146 224 1172 κα)⁸
237 1147 294 1178 τοῖς
307 1147 450 1181 ἀγνοοῦσιν
465 1148 504 1180 τίς
522 1147 652 1183 μάθησιν.

82 1214 115 1241 B’.
132 1214 177 1247 Τίς
188 1215 204 1241 ὁ
216 1214 372 1249 χαρακτὴρ
383 1215 437 1243 τοῦ
445 1215 704 1250 ἐκκλησιαστικοῦ
721 1218 826 1253 λόγου.

97 1283 257 1319 Κηρυττέτω
274 1284 302 1310 δὲ
331 1283 379 1319 τὴν
407 1284 588 1321 εὐαγγελικὴν
611 1287 625 1313 ό
647 1286 725 1321 λόγος
755 1287 846 1314 πίστιν

68 1328 191 1361 ἁπλοϊκῶς
214 1329 287 1357 οὕτω
312 1331 358 1357 καὶ
373 1331 586 1365 διδασκαλικῶς,
606 1332 642 1368 μὴ
668 1333 846 1366 διαλεκτικῶς

70 1375 122 1409 μηδ’
134 1375 319 1410 ἀντιλογικῶς,
338 1376 395 1404 ἀλλ’
412 1377 576 1413 Ἐκκλησίας
591 1379 629 1413 (1)
642 1379 709 1405 Θεοῦ
727 1380 847 1414 προσφό-

71 1429 126 1455 ρως,
137 1423 352 1455 κατανυκτικῶς,
370 1424 407 1459 μὴ
416 1424 618 1457 ἐπιδεικτικῶς,
626 1425 797 1458 διδακτικῶς,
809 1426 846 1462 μὴ

69 1468 209 1502 δικανικῶς,
220 1469 394 1504 τεχνολογίας
411 1470 622 1506 ἀπηλλαγμένος
632 1491 639 1503 ,
655 1471 778 1508 θεολογίᾳ
798 1480 845 1498 κε-

69 1515 207 1549 χρημένος·
233 1515 272 1551 μὴ
300 1515 535 1551 πολυπραγμονῶν
569 1517 604 1543 τὰ
633 1517 764 1551 ἀνέφικτα
779 1537 786 1549 ,
808 1518 846 1553 μὴ

70 1559 174 1593 ἐρευνῶν
183 1560 216 1587 τὰ
226 1561 406 1597 ἀπερινόητα,
422 1562 459 1598 μὴ
474 1563 511 1598 νῷ
525 1563 571 1589 καὶ
586 1563 656 1599 λόγῳ
667 1565 701 1590 τὰ
715 1563 846 1599 ἀχώρητα

71 1607 244 1642 περιγράφων,
263 1607 300 1643 μὴ
316 1610 454 1643 τεχνικαῖς
471 1609 516 1635 τὸν
528 1610 721 1645 ἀριστοτέχνην
732 1610 846 1637 ὑποϐάλ-

71 1650 116 1677 λων
126 1651 253 1686 μεθόδοις,
271 1653 309 1688 μὴ
324 1652 372 1686 τὴν
387 1653 479 1680 πίστιν
490 1653 551 1686 ἐῶν,
571 1655 618 1681 καὶ
638 1655 688 1690 τὴν
709 1655 846 1688 ἀπόδειξιν

71 1698 196 1728 ἀπαιτῶν·
214 1700 272 1730 τοῖς
288 1699 410 1726 ἁλιεῦσιν
419 1700 561 1735 ἑπόμενος,
571 1701 616 1727 τὸν
632 1702 798 1736 σκυτοτόμον
807 1702 845 1737 (‘2)

73 1744 218 1779 ἰχνηλατῶν,
239 1745 293 1772 ὑπὸ
303 1745 350 1771 τοῦ
369 1745 484 1773 τελώνου
497 1746 709 1782 ποδηγούμενος,
726 1747 764 1781 τῷ
777 1756 846 1783 προ-

72 1790 166 1825 φητικῷ
183 1790 423 1826 καταυγαζόμενος
434 1792 534 1828 λύχνῳ,
545 1792 585 1828 τῷ
603 1793 774 1829 εὐαγγελικῷ
788 1803 843 1828 φω-

72 1835 196 1870 τιζὸμενος
211 1837 288 1872 ήλί-ρ,
309 1837 393 1872 μηδὲν
407 1837 462 1864 τῶν
478 1838 585 1864 οἰκείων
598 1839 735 1874 λογισμῶν
746 1839 846 1874 ἀναμι-

73 1882 144 1914 γνὺς,
170 1884 258 1910 πάντα
275 1883 303 1910 δὲ
324 1883 371 1910 τοῦ
386 1884 521 1918 παναγίου
543 1884 701 1919 Πνεύματος
726 1885 847 1919 ὑφαίνων

73 1927 209 1964 διδάγματα
218 1938 225 1945 ·
237 1926 317 1962 οὗτος
331 1930 385 1965 γὰρ
406 1930 456 1965 τῆς
471 1930 546 1962 θείας
558 1930 734 1962 διδασκαλίας
746 1931 761 1957 ὁ
774 1931 845 1967 ὄρος.

73 2026 102 2055 Γ.
116 2029 174 2058 ’Ὁτι
196 2031 234 2065 ὡς
266 2031 340 2066 πρὸς
361 2030 493 2064 εὐσεϐεῖς
511 2030 530 2064 τ’]
557 2030 738 2058 διδασκαλία
760 2031 848 2067 γενή-

405 2073 501 2093 σεται.

103 2121 152 2153 Τὰς
166 2123 213 2158 μὲν
229 2120 275 2149 οὖν
288 2123 430 2158 αἱρετικὰς
444 2123 617 2159 βλασφημίας
629 2124 657 2151 ὲν
675 2124 777 2160 ἑτέροις
797 2124 847 2160 ἥδη

74 2170 273 2205 συγγράμμασιν
289 2169 468 2205 διηλέγξαμεν
487 2170 537 2205 (5),
554 2171 639 2206 χωρὶς
651 2170 770 2206 ἑκάστην
791 2171 848 2198 δια-

74 2213 195 2248 λαϐόντες,
209 2217 256 2243 καὶ
269 2216 315 2243 τοῦ
332 2217 383 2252 τῆς
403 2217 512 2252 ἀπάτης
532 2216 726 2252 γυμνώσαντες
743 2226 848 2252 προκα-

859 1589 1180 1628 Ciucomprehensibilia
1213 1593 1443 1627 comprehendere
1473 1592 1557 1623 velit,

899 959 1028 986 mulariOs
1053 965 1103 986 nos
1123 965 1232 992 quoque
1259 958 1437 990 collocemus,
1464 964 1498 983 ne
1520 963 1581 982 cum
1604 956 1691 982 inerte

898 1005 942 1033 illo
959 1005 1119 1033 damucmur
1133 1003 1233 1032 famulo
1251 1013 1258 1031 ε
1274 1004 1389 1038 ideoque
1406 1003 1559 1030 divinorum
1578 1002 1689 1037 dogma-

898 1057 954 1079 tum
975 1052 1127 1079 doctrinam
1149 1058 1329 1085 exponamus,
1354 1050 1505 1077 scientibus
1521 1048 1629 1083 quidem
1655 1047 1690 1075 ad

898 1098 1125 1130 recordationem,
1143 1097 1245 1132 ignaris
1268 1100 1358 1123 autem
1374 1095 1408 1122 ad
1429 1094 1620 1122 eruditionem.

970 1205 999 1233 11.
1020 1206 1086 1238 Quae
1107 1206 1140 1233 ιίι
1164 1205 1347 1232 ecclesiastica:
1371 1205 1501 1232 doctrina:
1522 1204 1618 1239 forma.

933 1272 1085 1300 Prmdicare
1111 1273 1193 1300 debet
1218 1280 1308 1300 sermo
1332 1277 1423 1300 noster
1446 1272 1629 1306 evangelicum
1657 1271 1689 1298 ti-

899 1318 957 1346 dem
974 1319 1089 1353 simplici
1108 1326 1220 1354 prorsus
1235 1326 1268 1345 ac
1279 1318 1444 1346 didascalieo
1457 1318 1546 1350 modo,
1561 1326 1613 1345 non
1629 1318 1690 1345 dia-

899 1364 994 1392 lectico
1009 1364 1050 1392 vel
1069 1371 1201 1399 pugnace,
1226 1365 1272 1392 sed
1289 1364 1417 1392 Ecclesia:
1432 1364 1479 1390 Dei
1498 1364 1689 1395 conveniente.

900 1411 932 1437 ad
959 1410 1206 1445 compunctionem,
1228 1418 1280 1437 non
1297 1410 1329 1437 ad
1355 1410 1574 1442 ostentationem,
1598 1409 1631 1436 ad
1651 1409 1692 1436 itt-

898 1457 1087 1489 structionem,
1107 1464 1159 1484 nou
1178 1456 1210 1483 ad
1226 1457 1425 1484 contentionem
1443 1456 1578 1483 :artilicio
1590 1461 1690 1487 careat,

900 1504 1031 1539 theologia
1057 1503 1187 1535 abundet,
1213 1503 1351 1530 inaccessa
1377 1510 1430 1529 nou
1455 1506 1600 1533 scrutetur,
1618 1502 1692 1529 inin»

900 1549 1050 1583 tciligibilia
1068 1557 1121 1576 non
1137 1548 1273 1583 exquirat,
1289 1554 1376 1582 neque
1389 1552 1480 1575 mente
1496 1551 1543 1574 aut
1563 1554 1692 1575 sermone

1600 1598 1689 1626 neque

897 1639 1085 1667 artiﬁcialibus
1116 1646 1271 1674 supremum
1293 1638 1403 1673 680m
1425 1638 1557 1665 artiﬁcem
1590 1644 1692 1672 suppo-

898 1690 970 1714 nere'
983 1686 1135 1718 methodis,
1161 1693 1248 1720 neqtte
1269 1685 1369 1712 omissa
1390 1684 1455 1716 ﬁde,
1472 1691 1596 1718 pompam
1614 1691 1690 1718 quae-

898 1737 949 1759 rat.
983 1732 1138 1759 Piscatores
1165 1731 1307 1764 imitetur,
1332 1729 1441 1757 coriarii
1480 1729 1594 1763 vestigia
1628 1736 1690 1763 prc-

897 1783 964 1811 mat,
982 1777 1118 1811 publicani
1141 1776 1269 1804 ducatum
1288 1780 1428 1811 sequatur,
1454 1775 1609 1810 prophetica
1631 1774 1691 1801 illu-

898 1825 1017 1852 minetur
1032 1824 1154 1856 lucerna,
1180 1822 1336 1858 evangelica
1359 1822 1509 1849 illustretur
1531 1821 1599 1853 sole,
1619 1819 1685 1847 nihil

897 1872 930 1899 de
958 1871 1015 1898 stris
1040 1869 1286 1905 excogitationibus
1313 1868 1478 1901 admisceat,
1507 1867 1607 1894 nullum
1635 1866 1688 1893 uisi

897 1916 1061 1945 sanctissimi
1086 1915 1203 1950 Spiritus
1229 1918 1334 1942 astruat
1368 1913 1530 1940 doctrinam.
1562 1912 1626 1940 Iliee
1648 1916 1690 1940 est

897 1964 969 1990 enim
984 1962 1069 1990 divini
1091 1960 1242 1995 magisterii
1260 1959 1394 1987 definitio.

935 2029 977 2057 lll.
1000 2029 1078 2063 Quod
1103 2028 1158 2056 Iuec
1181 2027 1321 2054 instructio
1344 2025 1495 2054 orthodoxi:
1518 2025 1652 2052 tradatur.

935 2130 965 2158 Et
989 2129 1131 2157 ha‘reticas
1153 2127 1262 2163 quidem
1281 2124 1467 2161 blasphemias
1484 2123 1546 2151 aliis
1571 2123 1596 2150 in
1622 2123 1689 2151 scri-

897 2178 952 2213 ptis
975 2176 1161 2212 coarguimus,
1179 2173 1353 2210 siugulasque
1377 2178 1502 2200 seorsum
1518 2177 1684 2205 persequen-

899 2228 952 2257 tes,
971 2223 1093 2251 detracto
1115 2220 1218 2248 fraudis
1235 2219 1382 2251 velamine,
1406 2217 1504 2245 nudam
1522 2216 1690 2244 ostendimus

73 2259 199 2296 λύμματος
208 2283 216 2295 ,
235 2263 282 2290 καὶ
297 2263 405 2298 γυμνὴν
419 2263 556 2295 δείξαντες
573 2264 622 2298 τὴν
642 2263 770 2290 ἀσέὃειαν
781 2272 787 2278 ·
799 2264 844 2290 νῦν

900 2268 1077 2303 impietatem.
1091 2266 1168 2294 Nunc
1182 2270 1282 2297 autem,
1298 2265 1352 2292 Deo
1368 2263 1483 2295 favente,
1499 2262 1559 2289 lidei
1574 2261 1691 2289 alumnis

74 2304 105 2337 δὲ,
118 2306 180 2334 Θεοῦ
191 2309 318 2340 διδόντος,
331 2311 388 2341 τοῖς
399 2309 543 2345 τροφίμοις
555 2309 604 2345 τῆς
619 2310 736 2342 πίστεως
747 2311 781 2337 τὰ
795 2311 845 2346 τῆς

79 2351 227 2389 Ἐκκλησίας
241 2356 367 2383 Θεόσδοτα
378 2355 552 2391 προθήσομεν
562 2355 684 2391 δόγματα
694 2365 700 2371 ·
723 2357 792 2392 μήτε
805 2357 845 2393 τῷ

75 2398 146 2433 μήκει
157 2400 201 2427 τοῦ
213 2401 292 2436 λόγου
305 2402 384 2437 κόρον
397 2403 453 2432 τοῖς
466 2402 674 2436 ἐντυγχάνουσιν
689 2403 845 2438 ἐπεισάγον-

73 2451 120 2476 τες,
137 2448 199 2482 μήτε
216 2449 248 2483 τῇ
273 2447 438 2484 βραχυλογίᾳ
452 2448 501 2483 τὴν
523 2448 667 2484 ἀκρίϐειαν
692 2450 845 2484 παραφθεί-

74 2498 161 2524 ροντες,
174 2493 228 2520 ἀλλ’
242 2495 404 2529 ἀμφοτέρων
414 2493 467 2520 τῶν
480 2493 571 2529 ἄκρων
586 2493 635 2529 τὴν
652 2494 738 2529 μέσην
750 2495 843 2530 αἱρού-

75 2544 154 2569 μενοι·
171 2539 210 2566 ἵνα
228 2540 295 2575 μήτε
311 2540 350 2575 τῷ
361 2539 459 2574 πλήθει
470 2541 532 2571 τοὺς
548 2540 695 2572 ἀκούοντας
713 2541 841 2568 ἀποκναί-

74 2589 168 2615 σιιιμεν,
189 2585 234 2611 καὶ
251 2585 324 2620 σαφῆ
341 2585 392 2621 τὴν
412 2585 585 2611 διδασκαλίαν
607 2585 658 2621 τῆς
680 2585 844 2620 θεογνωσίας

75 2629 262 2666 προσοίσωμεψ
280 2632 398 2667 ἄρξομαι
415 2632 443 2658 δὲ
458 2631 560 2659 ἄνωθεν
571 2653 578 2666 ,
595 2632 664 2668 πρὸς
679 2633 762 2668 αὐτὴν
782 2633 844 2668 δρα-

76 2672 125 2706 μὼιι
134 2675 184 2703 τῶν
202 2678 310 2712 ἀγαθῶν
325 2677 373 2714 τὴν
389 2678 490 2713 πηγήν.

93 2773 139 2814 il)
157 2776 241 2805 Codex
253 2800 261 2811 ,
279 2779 457 2814 ἐκκλήσεωςς
484 2777 530 2805 sed
545 2777 656 2814 omnino
673 2778 844 2806 scribendum

77 2809 388 2849 Videbatue'Eixiqcridg.
403 2809 455 2841 Siler
465 2814 535 2840 enim
551 2814 628 2840 divus
641 2813 749 2844 Paulus.
763 2814 844 2841 lCor.

78 2849 109 2873 XI.
128 2845 172 2872 |6:
192 2847 220 2874 Si
235 2850 290 2883 quis
305 2845 407 2876 uidetur
423 2849 600 2875 contentiosus
615 2856 680 2880 esse,
702 2857 748 2876 nos
767 2850 844 2876 talem

77 2883 269 2917 εοτξξιιειιιιίίιιθηι
290 2893 339 2910 non
359 2884 495 2914 habemus,
512 2891 591 2917 neque
611 2883 728 2911 Εεείεεὶα
750 2884 807 2910 Dei.

108 2914 142 2950 (ἓ)
161 2915 266 2947 Paulum
293 2919 480 2955 iutelligc,qui
503 2914 583 2954 pelles
610 2919 844 2948 tabernaculorum

898 2315 960 2341 data
983 2312 1110 2340 Ecclesiae
1130 2311 1260 2339 divinitus
1283 2310 1409 2345 dogmata
1432 2314 1598 2343 exponemus
1620 2313 1692 2334 :ne-

897 2367 950 2395 que
958 2358 1092 2388 sermonis
1102 2356 1255 2393 prolixitate
1262 2356 1416 2383 satietatem
1427 2352 1557 2381 studiosis
1571 2352 1675 2379 iuferen
1683 2367 1690 2372 -

899 2411 950 2440 tes,
966 2412 1053 2440 neque
1070 2404 1152 2431 nimia
1168 2403 1301 2431 brevitate
1318 2408 1412 2429 curam
1426 2400 1544 2428 debitam
1564 2406 1690 2425 corrum-

899 2457 1004 2488 pentes,
1029 2451 1076 2479 sed
1101 2451 1243 2485 utriusque
1264 2447 1374 2476 termini
1401 2446 1517 2473 medittnt
1543 2449 1689 2471 tcncutcs:

898 2499 934 2526 ita
948 2503 976 2525 ut
993 2505 1080 2531 neque
1103 2505 1216 2525 excessu
1239 2494 1344 2522 molesti
1367 2492 1536 2520 auditoribus
1552 2491 1648 2523 simus,
1662 2495 1691 2516 ct

897 2549 985 2571 tamen
1012 2543 1181 2578 perspicuam
1210 2542 1308 2569 divina:
1340 2539 1460 2567 scientia
1492 2536 1689 2564 institutionem

898 2591 1046 2618 tradamus.
1067 2589 1194 2624 Incipiant
1214 2595 1276 2615 vero
1294 2595 1309 2615 τι
1330 2583 1513 2622 superuis,ad
1535 2583 1620 2617 ipsum
1638 2581 1686 2609 bo-

898 2644 992 2664 norum
1009 2636 1109 2663 fontem
1126 2642 1250 2662 Clii'l‘CllS.

953 2787 1058 2806 suenat.

899 2779 1058 2807 consuebat.

935 2815 973 2849 (5)
993 2814 1103 2841 Scilicet
1121 2814 1146 2840 iu
1165 2812 1347 2849 Tltesauri,_ut
1361 2810 1415 2846 jam
1427 2809 1568 2849 "diximus",
1587 2816 1687 2836 sermo-

900 2844 980 2877 nibus
1001 2850 1091 2881 editis,
1110 2849 1208 2883 quibus
1225 2844 1367 2874 haereticos
1392 2846 1528 2883 refutauit.
1548 2844 1685 2882 Nuncau—

901 2890 953 2912 tcm
973 2881 1200 2948 iiCt‘iChi‘olitIIp-ilcclll
1227 2884 1338 2918 spondet
1358 2881 1514 2910 orthodoxis
1536 2881 1684 2914 expositio-

901 2929 961 2948 nem
998 2928 1044 2948 .vtt
1069 2928 1110 2948 us.

900 2929 961 2948 HC!“
983 2928 1110 2956 L-ytlllUS.
