1927 3036
50 161 141 189 1155
737 163 781 192 DE
801 163 851 191 Tm

911 163 996 192 'ATE.
1636 167 1704 195 1134

50 219 155 255 Λόγος
188 221 297 257 εὐδοκία
334 221 379 249 τοῦ
422 222 527 258 Πατρὶς
563 221 761 258 ἐδημιούργησε
794 223 851 257 λόγῳ

911 247 914 253 .
929 227 956 251 et
972 223 1120 250 meliumur
1135 232 1140 249 :
1159 220 1216 249 dies
1231 227 1294 249 vero
1309 225 1455 257 noctesque
1471 221 1533 249 facit
1548 221 1614 249 lueis
1628 228 1704 250 ortus

51 271 92 294 et
108 275 225 296 occasus
243 279 248 297 :
268 278 327 304 quae
341 270 448 305 quidem
474 270 519 297 lux
550 274 612 305 post
637 269 735 296 coelum
754 276 785 296 ac
806 274 907 297 terram
936 275 964 297 et
994 277 1084 297 aerem
1101 269 1170 297 facta
1185 268 1245 296 fuit.
1263 267 1325 296 Haec
1355 275 1436 304 porro
1471 269 1704 303 omnia,etquid-

44 316 131 349 quid
151 317 177 343 in
190 318 230 346 eis
245 322 295 351 est,
313 317 384 345 Deus
407 317 536 351 Verbum.
563 318 730 352 beueplacito
751 318 838 345 Patris
854 339 862 350 ,
883 319 966 346 verbo
982 319 1095 346 creavit.

100 364 201 392 Τοίνυν
212 365 267 392 τῶν
279 366 382 401 χρόνων
403 366 516 393 καὶτῶν
534 366 639 393 αἰώνων
657 366 726 402 μετὰ
743 366 796 393 τῶν
813 367 860 394 ἆλ-

50 409 120 436 λων
138 411 268 438 ἁπάντων
293 412 460 448 ποιηθέντων
487 413 538 440 ὑπὸ
559 412 606 440 τοῦ
624 413 723 447 Λόγου,
738 413 814 439 οὐδὲν
827 413 861 440 ἂν

49 453 99 491 ἦν
116 457 221 492 μεταξὺ
241 458 346 494 Πατρός
363 460 409 486 καὶ
425 459 490 485 1⁸ῑοῦ
501 480 507 492 ,
530 460 588 486 ἀλλ’
605 461 648 486 ἀεὶ
665 460 714 495 μὲν
737 459 832 495 Πατὴρ
847 460 861 487 6

50 502 144 536 Θεὸς,
160 504 204 531 ἀεὶ
224 503 252 530 δὲ
266 505 280 532 ὁ
294 505 359 537 Υἱὸς
377 506 427 532 σὺν
437 506 523 542 Πατρί
535 514 542 520 '
562 506 603 533 διὸ
622 505 669 533 καὶ
688 507 702 533 6
716 506 860 540 εὐαγγελι-

54 549 145 584 στὴς,
163 559 172 575 ι
192 549 236 576 Ὲν
247 551 318 587 ἀρχῇ
330 548 364 586 ἦν
380 553 394 578 ό
413 552 498 587 Λόγος
514 561 523 577 ι
617 552 671 579 Καὶ
685 553 698 579 6
713 552 860 584 ἀπόστολος

50 594 175 627 Παῦλός
188 604 255 630 φησι
268 604 274 611 ·
290 605 299 621 ι
321 597 370 628 ὐς
393 595 431 624 ὢν
443 597 612 633 ἀπαύγασμα
635 598 686 633 τῆς
708 597 797 633 δόξης,
813 599 860 625 καὶ

54 642 215 677 χαρακτὴρ
233 642 284 677 τῆς
305 643 482 676 ὑποστάσεως
498 644 592 672 αὐτοῦ.
612 655 622 670 a
638 644 692 672 Kal.
707 645 840 680 ἑτέρωθεν
852 653 858 660 ·

57 696 69 712 ι
93 688 145 720 ὐς
162 690 191 715 ὲν
209 691 300 725 μορφῇ
316 689 383 717 Θεοῦ
397 690 537 726 ὑπάρχων,
551 692 600 727 οὐχ
626 691 772 727 ἁρπαγμὸν
793 692 859 727 ἡγή-

55 740 131 759 σατο
144 733 177 760 τδ
192 734 262 761 εἶναι
285 736 330 762 ἴσα
353 736 422 772 Θεῷ.
447 746 456 762 ι
472 737 526 764 Καὶ
547 737 609 764 οὒτε
625 738 729 769 ἐκεῖνος
749 737 779 764 τδ
799 735 839 772 ἦν
851 758 858 770 ,

50 779 128 806 οὔτε
143 778 222 813 οὗτος
236 781 267 808 τὸ
276 781 318 809 ῶν
335 783 382 809 καὶ
397 783 551 819 ὑπάρχων,
571 785 617 820 ἐᾷ·
644 783 737 818 ἐπειδὴ
759 783 804 810 τὸν
817 783 861 810 ἀεὶ

53 826 131 853 ὂντα
143 827 343 863 κηρύττουσιν·
364 826 394 857 οὗ
406 830 485 866 χάριν
511 831 558 857 καὶ
574 830 633 865 μετ’
655 829 732 864 ὀλίγα
749 829 762 856 6
780 830 861 863 εὐαγ-

56 874 197 910 γελιστὴς
208 895 215 907 ,
235 884 243 900 ι
261 875 322 911 Ζωὴ
336 873 380 911 ἦν,
397 876 475 911 φησὶ,
487 876 561 911 καὶὴ
578 876 634 912 ζωὴ
645 873 678 912 ἦν
692 875 722 902 τὸ
736 876 794 911 φῶς
806 877 861 903 τῶν

53 920 229 956 ἀνθρώπων.
250 931 260 947 ι
275 921 330 948 Καὶ
340 920 418 954 αὖθις
431 930 438 937 ”
458 932 468 948 r
484 921 538 949 Ἦν
555 923 585 949 τὸ
599 922 658 957 φῶς
672 922 702 949 τὸ
721 922 858 958 ἀληθινὸν,

56 965 75 991 ὃ
106 965 223 1000 φωτίζει
245 967 333 994 πάντα
356 968 499 1004 ἄνθρωπον
519 969 664 1004 ἐρχόμενον
686 969 726 1001 εἰς
749 969 795 996 τὸν
816 970 860 996 κό-

58 1020 145 1047 σμον.
163 1022 172 1038 ι
190 1012 241 1039 Καὶ
253 1013 332 1040 πάλιν
343 1022 350 1029 ·
368 1024 377 1039 ι
393 1014 421 1042 Ὁ
438 1015 584 1050 μονογενὴς
599 1015 698 1047 Υἱόςιό
712 1014 749 1042 ὢν
760 1016 800 1047 εἰς
814 1016 859 1043 τὸν

55 1058 167 1085 κόλπον
181 1059 229 1086 τοῦ
246 1060 364 1096 Πατρός.
383 1070 394 1087 ι
414 1061 469 1088 Καὶ
487 1062 515 1088 ὲν
527 1062 561 1097 τῇ
583 1062 723 1098 ἐπιστολῇ,
741 1072 750 1088 ‹
767 1062 796 1089 '0
812 1060 857 1098 ἦν,

55 1105 148 1140 φησὶν
160 1127 168 1139 ,
184 1105 232 1132 ἀπ’
257 1106 353 1142 ἀρχῆς.
373 1116 383 1132 ι
399 1106 477 1133 οὕτω
492 1107 628 1142 θεολογεῖν
649 1108 702 1134 ὑπὸ
716 1108 763 1134 τοῦ
786 1107 858 1135 θείου

53 1148 225 1183 Ilva-Juno;
239 1149 283 1176 σὺν
297 1151 429 1187 μονογενῆ
443 1151 490 1178 τοῦ
503 1152 570 1179 Θεοῦ
582 1153 669 1187 Λόγον
682 1153 859 1189 ἐδιδάχθησαν

54 1195 85 1221 οἱ
104 1195 135 1228 ἐξ
155 1196 243 1232 ἀρχῆς
260 1196 393 1224 αὐτόπται
407 1199 454 1225 καὶ
468 1198 604 1234 ὑπηρέται
620 1198 668 1225 τοῦ
680 1200 767 1234 Λόγου
782 1200 858 1234 γενό-

57 1249 142 1275 μενοι
154 1250 161 1257 ·
174 1241 215 1269 διὸ
228 1242 259 1269 οὐ
275 1243 483 1280 συνηρίθμησαν
499 1246 532 1281 τῇ
548 1245 635 1271 κτίσει
648 1245 693 1273 τὸν
707 1246 838 1273 κτίσαντα
850 1255 857 1260 ·

55 1285 92 1312 οὐ
110 1286 260 1321 συνέταξαν
274 1287 319 1315 τόν
342 1290 458 1325 ποιητὴν
478 1291 535 1322 τοῖς
556 1292 723 1327 ποιήμασινο
740 1291 858 1328 οὐδαμοῦ

57 1332 168 1365 κτίσμα
183 1333 214 1360 τὸ
228 1335 319 1370 τίμιον
330 1335 376 1362 τοῦ
392 1336 460 1363 Θεοῦ
476 1337 702 1373 προσηγόρευσαν
718 1338 840 1373 γέννημα
851 1347 857 1354 ’

55 1379 183 1414 οὐδαμοῦ
197 1379 227 1406 τὸ
236 1379 355 1415 ἐγένετο
369 1382 531 1415 συνέζευξαν
544 1385 578 1419 τῇ
592 1383 705 1418 Θεότητι
715 1392 722 1399 ·
737 1384 794 1411 ἀλλ’
811 1381 858 1411 οὗ-

55 1433 107 1456 τος
126 1425 188 1460 μὲν,
209 1436 218 1452 ι
246 1427 290 1454 Ἕν
307 1428 378 1464 ἀρχῇ
399 1425 433 1464 ἦν
448 1429 462 1455 6
483 1429 588 1463 Λόγος’
611 1439 620 1455 ›
637 1430 687 1457 οὐκ
707 1430 736 1457 ὲν
755 1431 827 1467 ἀρχῇ
844 1430 858 1456 ό

57 1471 151 1505 Λόγος
164 1472 283 1505 ἐγένετο.
301 1473 420 1506 Ἐκεῖνος
437 1474 475 1507 δὲ,
495 1475 559 1507 «Ὧς
569 1474 606 1502 ὢν
622 1475 794 1512 ἀπαύγασμα
808 1477 858 1512 τῆς

54 1516 154 1552 66511;.
169 1518 216 1544 καὶ
237 1519 379 1555 χαρακτὴρ
401 1519 450 1556 τῆς
472 1520 656 1553 ιέητοει--ιτάσεως⁸
675 1532 684 1548 ι
710 1523 770 1554 οὐκ,
797 1523 858 1557 ἐγέ-

56 1571 123 1589 νετο
141 1563 311 1600 ἀπαύγασμα
325 1566 372 1592 καὶ
384 1567 537 1602 χαρακτήρ.
554 1567 607 1594 Καὶ
629 1568 709 1595 πάλιν
722 1577 728 1584 '
746 1578 754 1594 ι
764 1569 812 1601 Ὃς
828 1570 857 1596 ἐν

59 1610 158 1644 μορφῇ
170 1609 238 1636 Θεοῦ
255 1610 386 1647 ὑπάρχων
398 1633 407 1645 ,
423 1621 432 1638 ι
454 1612 484 1639 οὗ
499 1612 590 1649 μορφὴ
609 1613 676 1640 Θεοῦ
699 1615 855 1650 γενόμενος,

54 1654 121 1681 ἀλλ’
137 1664 148 1680 ‹
176 1655 322 1692 ’Υπάρχων
346 1657 375 1683 ἐν
398 1657 466 1684 Θεοῦ
483 1660 584 1695 μορφῇ.
607 1669 616 1686 ι
646 1660 701 1687 Καὶ
725 1661 855 1697 ἑτέρωθι·

953 365 1018 394 Cum
1042 367 1124 401 igitur
1149 371 1268 401 tempora
1294 373 1325 393 ac
1350 365 1447 394 saecula
1468 373 1527 393 cum
1546 365 1606 392 aliis
1623 366 1705 393 rebus

913 413 1039 441 omnibus
1055 421 1069 439 a
1085 412 1175 440 Verbo
1195 413 1263 440 facta
1281 412 1393 454 iuerint,
1418 411 1484 439 nihil
1510 413 1581 439 inter
1595 411 1703 440 Patrem

911 464 938 487 et
954 458 1051 486 Fdium
1063 459 1146 494 jacet,
1158 459 1204 486 sed
1220 459 1300 486 Pater
1314 466 1423 494 semper
1435 459 1484 485 l'uit
1500 459 1579 490 Deus,
1597 466 1705 492 semper

912 510 1003 532 autent
1015 512 1076 532 cum
1094 505 1173 532 Patre
1191 504 1285 532 Filius.
1310 505 1400 538 Quare
1428 505 1510 532 etiam
1527 504 1703 539 evangelista,

915 560 925 576 r
944 548 971 577 In
986 550 1117 586 principio
1133 555 1193 578 erat
1209 549 1336 583 Verbum,
1356 560 1365 576 ι
1380 550 1489 578 clamat.
1518 550 1551 578 Et
1564 551 1704 584 apostolus

912 597 1011 624 Paulus
1025 597 1062 624 ait
1079 605 1086 624 :
1105 606 1114 623 ί
1135 597 1254 630 Quicum
1268 597 1303 624 sit
1316 597 1442 632 splendor
1457 596 1558 632 glorim,
1576 602 1603 624 et
1618 597 1703 633 tigura

911 644 1071 672 substantia
1083 644 1142 678 ejus
1161 643 1194 671 ”.
1214 653 1224 670 ι
1241 644 1275 671 Ει
1289 643 1353 672 alibi
1368 653 1375 671 ι
1393 653 1402 670 ι
1422 644 1473 677 Qui
1493 652 1554 671 cum
1570 645 1595 671 in
1617 644 1704 672 forma

913 690 958 718 Dei
971 696 1052 722 esset.
1063 699 1115 718 non
1126 691 1246 726 rapinam
1255 692 1403 719 arbitratus
1412 696 1453 719 est
1462 699 1524 719 esse
1535 699 1564 718 se
1574 691 1703 726 aequalem

913 737 967 764 Deo
981 738 1015 762 ".
1037 746 1046 762 ι
1077 737 1105 764 Et
1135 745 1224 772 neque
1249 736 1368 765 Joannes
1392 742 1449 764 erat
1478 738 1578 764 omittit
1595 746 1602 771 ;
1618 746 1704 772 neque

912 782 975 810 item
994 782 1093 810 Paulus
1121 791 1180 810 cum
1206 788 1271 810 esset
1288 788 1314 810 et
1336 791 1395 811 cum
1407 785 1563 815 exsisteret;
1583 785 1703 818 quando.

912 828 1020 863 quidem
1048 837 1157 864 semper
1185 830 1363 857 exsistentem
1398 834 1510 864 uterque
1544 830 1701 864 prmdicant.

912 875 1081 910 Quapropter
1102 881 1130 903 et
1151 876 1232 911 paulo
1249 881 1309 911 post
1323 876 1506 911 evangelista,
1528 885 1537 902 ι
1553 875 1612 903 Vita
1632 883 1702 909 erat,

913 921 1011 956 inquit,
1039 925 1066 948 et
1098 922 1151 949 vita
1180 927 1240 949 erat
1258 922 1301 949 lux
1320 921 1459 949 hominum
1475 922 1496 948 ί.
1515 931 1524 948 ι
1542 921 1576 949 Et
1594 923 1700 950 denuo:

914 975 923 993 ι
942 967 1007 994 Erat
1033 968 1078 994 lux
1101 975 1163 995 vera
1189 975 1249 1002 qua:
1271 967 1407 994 illuminat
1430 974 1538 993 omnem
1565 967 1702 994 hominem

912 1013 1064 1041 venientem
1081 1013 1107 1040 in
1127 1013 1198 1040 hunc
1214 1013 1342 1040 mundum
1364 1013 1384 1039 '.
1407 1022 1416 1039 ι
1434 1011 1466 1039 Et
1478 1012 1566 1038 adhuc
1583 1021 1590 1039 :
1608 1021 1618 1037 ε
1639 1011 1703 1039 Uni-

911 1059 1018 1093 genitus
1033 1058 1079 1085 Dei
1095 1057 1180 1085 Filith
1202 1058 1247 1092 qui
1270 1063 1311 1085 est
1331 1058 1357 1085 in
1379 1057 1439 1084 sinu
1468 1056 1558 1084 Patris
1572 1056 1593 1084 ³.
1615 1065 1625 1082 ι
1648 1055 1703 1083 Nec

910 1113 965 1132 non
984 1105 1010 1132 in
1030 1105 1160 1140 Epistola,
1179 1114 1188 1130 ‹
1207 1104 1258 1138 Qui
1283 1103 1343 1136 fuit,
1366 1103 1464 1138 inquit,
1496 1102 1530 1130 ab
1553 1102 1630 1129 initio
1643 1102 1667 1129 ⁸.
1690 1111 1702 1127 ι

910 1151 984 1179 llanc
1001 1151 1164 1186 theologiam
1191 1159 1206 1178 a
1230 1151 1322 1178 divino
1348 1150 1450 1184 Spiritu
1474 1149 1582 1177 tradere
1612 1148 1701 1176 edocti

909 1198 1016 1225 fuerunt
1046 1198 1118 1225 circa
1149 1197 1316 1232 unigenitum
1348 1196 1395 1223 Del
1419 1195 1536 1224 Verbum
1559 1195 1576 1222 ii
1599 1194 1644 1229 qui
1668 1195 1703 1221 ab

909 1244 986 1272 initio
1001 1249 1168 1279 spectatores
1189 1243 1360 1278 ministrique
1371 1242 1451 1270 Verbi
1465 1240 1583 1269 luerunt.
1598 1241 1701 1274 Quam-

908 1290 1001 1318 obrem
1023 1297 1075 1317 non
1094 1293 1323 1316 conuulnerarunt
1348 1296 1409 1316 eum
1433 1293 1557 1315 creatura
1590 1286 1702 1314 Creato-

910 1343 966 1363 rem
986 1346 992 1363 ε
1010 1344 1062 1363 non
1093 1340 1242 1371 posuerunt
1273 1335 1298 1362 in
1329 1335 1427 1362 ordine
1445 1333 1579 1361 factarum
1611 1341 1700 1360 rerum

910 1383 1039 1411 {actorem
1057 1391 1065 1410 :
1086 1390 1218 1418 nusquam
1249 1388 1381 1409 creatura.-
1405 1381 1514 1409 nomine
1531 1379 1702 1415 appellarunt

909 1429 1093 1457 venerabilem
1123 1428 1168 1456 Dei
1199 1428 1374 1463 genituram:
1397 1434 1531 1462 nusquam
1556 1425 1702 1453 dictionem

908 1476 1006 1511 factum
1020 1475 1207 1502 estDivinitati
1223 1474 1392 1509 copularunt.
1422 1473 1475 1501 Sed
1502 1472 1570 1499 alius
1592 1471 1700 1506 quidem

909 1522 998 1549 dixit:
1016 1531 1025 1547 ι
1045 1522 1071 1548 In
1089 1521 1221 1556 principio
1231 1525 1290 1549 erat
1306 1520 1425 1548 Verbum
1439 1527 1447 1552 ς
1462 1529 1473 1546 ι
1488 1527 1539 1546 non
1559 1524 1659 1548 autem,
1674 1517 1700 1543 in

909 1568 1041 1603 principio
1055 1568 1154 1595 factum
1181 1572 1223 1595 est
1254 1567 1383 1594 Verbum.
1409 1566 1485 1593 Alius
1511 1572 1575 1592 vero
1593 1573 1600 1593 :
1620 1572 1629 1589 ε
1648 1562 1700 1596 Qui

908 1622 970 1642 cum
982 1619 1054 1642 esset
1070 1614 1197 1648 splendor
1213 1614 1317 1649 gloriae,
1337 1618 1364 1640 et
1390 1612 1474 1648 ﬂgnra
1500 1611 1667 1638 sulistantim.
1688 1619 1698 1635 ι

908 1661 966 1688 Non
987 1661 1026 1688 ait
1041 1670 1047 1688 ε
1064 1660 1151 1688 factus
1166 1665 1207 1688 est
1222 1660 1348 1694 splendor
1369 1664 1397 1686 et
1414 1659 1508 1693 ﬁgura.
1530 1658 1561 1684 Et
1580 1663 1672 1683 rursus
1692 1665 1698 1682 :

60 1710 71 1726 ι
86 1701 138 1733 ’⁷ος
153 1701 226 1728 ἔστιν
237 1702 318 1728 εἰκὼν
332 1703 378 1729 τοῦ
392 1703 459 1730 Θεοῦ
470 1704 517 1730 τοῦ
529 1705 659 1741 ἀοράτου,
673 1715 681 1731 ι
701 1706 751 1732 οὐκ
768 1705 851 1740 εἶπεν,

911 1716 920 1732 ί
938 1706 1061 1739 Quicum
1074 1706 1098 1733 in
1112 1705 1196 1733 forma
1208 1705 1254 1732 Del
1275 1709 1368 1737 esset;
1385 1713 1393 1730 I
1410 1711 1461 1730 non
1474 1707 1563 1729 autem
1587 1699 1700 1736 683m

56 1747 92 1780 ὃς
103 1747 213 1782 ἐγένετο
225 1748 306 1775 εἰκὼν
316 1749 361 1776 τοῦ
372 1749 439 1776 Θεοῦ
453 1750 500 1777 τοῦ
510 1750 637 1788 ἀοράτου,
651 1752 718 1786 ἀλλ’,
728 1753 757 1785 ὃς
770 1753 852 1781 ἐστίν.

908 1754 977 1781 dixit
992 1763 998 1782 :
1012 1753 1099 1781 forma
1119 1753 1166 1780 Dei
1183 1752 1280 1783 factus,
1296 1751 1342 1778 sed
1362 1760 1372 1777 (
1392 1758 1463 1783 cum,
1480 1754 1552 1776 esset
1574 1748 1600 1775 in
1614 1747 1700 1774 forma

58 1795 120 1823 Dei.
144 1805 154 1821 ι
169 1795 203 1823 Et
213 1795 298 1823 alibi:
319 1806 328 1823 ε
348 1792 399 1831 Qui
418 1803 460 1826 est
479 1799 568 1834 imago
588 1800 632 1828 Dei
643 1801 787 1828 invisibilis
798 1802 819 1830 ".
839 1812 847 1828 ›
870 1801 928 1830 Non
948 1801 1017 1830 dixit
1031 1801 1093 1837 :qui
1126 1800 1214 1828 factus
1237 1804 1278 1828 est
1295 1799 1384 1834 imago
1400 1797 1446 1825 Dei
1471 1794 1697 1828 invisibilis,sed,

58 1844 109 1879 qui
123 1850 173 1871 est.

97 1914 136 1940 Z'.
159 1913 327 1947 Ἀπόδειξις
342 1913 377 1941 ἐκ
464 1914 615 1958 (ἵει-λαιᾶς,
638 1915 682 1943 ὅτι
695 1917 790 1950 ἀΐδιος
804 1919 820 1944 ὁ

455 1959 498 1976 or.

455 1959 498 1983 ος.

97 2015 178 2043 οὓτω
202 2017 235 2052 τῇ
255 2016 379 2053 θεολογὶᾳ.
395 2018 533 2054 πανταχοῦ
555 2019 731 2052 συνέζευκται
747 2021 777 2047 τὺ
803 2019 853 2056 ἥν,

57 2061 110 2088 καὶ
124 2062 154 2088 τὸ
164 2059 218 2092 ὢν,
234 2062 280 2088 καὶ
296 2062 326 2089 τὸ
341 2063 493 2097 ὑπάρχων,
509 2065 556 2091 καὶ
570 2065 599 2091 τὸ
615 2065 701 2092 ἔστιν
711 2074 719 2082 ·
734 2065 805 2093 οὕτω
815 2066 854 2102 τῷ

60 2107 176 2142 μεγάλῳ
190 2107 295 2143 Μωῡσῇ
309 2107 405 2135 ἑαυτὸν
417 2109 607 2145 διαλεγόμενος
621 2111 852 2148 προσηγόρευσεν·

59 2161 73 2177 ε
99 2151 173 2186 Ἐγώ
189 2152 247 2187 εἰμι
263 2151 277 2179 6
298 2151 345 2180 ὥν.
366 2162 374 2178 ι
394 2153 448 2180 Καὶ
463 2154 564 2181 πάλιν·
589 2164 600 2180 ‹
620 2155 689 2182 Τάδε
711 2157 783 2192 ἐρεῖς
798 2158 855 2188 τοῖς

58 2199 131 2230 υἱοῖς
151 2199 272 2235 Ἰσραήλ·
294 2199 324 2225 '0
332 2198 370 2226 ὢν
381 2199 533 2227 ἀπέσταλκέ
550 2208 583 2236 με
599 2201 666 2236 πρὸς
680 2201 778 2238 ὑμᾶς.»
794 2202 855 2229 ’Ότι

55 2244 87 2271 δὲ
104 2244 153 2271 τοῦ
170 2244 236 2271 Υῐοῦ
255 2244 341 2272 ταῦτα
355 2245 390 2272 τὰ
405 2246 526 2282 ῥήματα,
538 2246 585 2273 καὶ
598 2246 674 2274 αὐτοὶ
685 2247 735 2283 μὲν
750 2256 854 2283 μαρτυ-

59 2291 139 2326 ροῦσι
150 2291 200 2326 τῆς
213 2291 386 2328 βλασφημίας
398 2294 422 2319 οἱ
434 2293 580 2329 πρόμαχοι,
593 2294 735 2331 ἁχώρητον
748 2296 796 2331 μὲν
809 2296 854 2323 τδν

911 1917 967 1944 νιι.
1013 1916 1056 1943 Ex
1087 1914 1176 1942 Vetere
1201 1913 1367 1939 Testamento
1394 1913 1567 1945 sempiternus
1591 1912 1698 1940 demon-

1194 1954 1294 1976 stratur
1309 1947 1406 1975 Filius.

945 2018 993 2046 Sie‘
1014 2018 1040 2044 in
1065 2024 1192 2045 sermone
1221 2015 1373 2050 theologim
1398 2014 1562 2049 copulantur
1590 2021 1698 2050 semper

907 2069 975 2097 emt,
989 2069 1015 2092 et
1030 2071 1089 2090 cum
1104 2068 1179 2095 esset,
1192 2067 1219 2090 et
1240 2062 1413 2094 exsistem,ct
1426 2066 1473 2088 est.
1505 2062 1552 2088 Sic
1578 2062 1696 2096 seipsum

909 2111 990 2143 Dens,
1005 2116 1173 2144 cummagno
1186 2109 1276 2144 Moyse
1295 2108 1417 2142 loquens,
1434 2107 1578 2142 appellavit
1595 2116 1602 2134 :
1619 2116 1629 2133 ‹
1642 2107 1697 2142 Ego

908 2165 969 2185 sum
983 2157 1107 2192 quisum.
1128 2165 1137 2182 ι
1158 2155 1190 2183 Et
1203 2163 1263 2182 mox
1278 2166 1284 2182 :
1305 2163 1314 2180 ο
1329 2155 1390 2181 llmc
1406 2154 1479 2181 dices
1493 2153 1554 2181 tiliis
1567 2154 1674 2182 lsraelis
1688 2162 1695 2181 :

908 2203 960 2237 Qui
975 2207 1016 2231 est
1032 2203 1104 2230 niisit
1119 2210 1162 2230 me
1182 2203 1214 2229 ad
1231 2209 1279 2228 vos
1298 2202 1318 2228 °.
1343 2211 1354 2227 ι
1371 2200 1430 2228 1am
1457 2207 1522 2228 vero
1550 2201 1621 2235 quod
1640 2201 1696 2228 hare

909 2249 971 2276 Filii
982 2249 1065 2276 verba
1081 2249 1145 2280 sint,
1155 2252 1289 2274 testantur
1302 2247 1351 2281 ipsi
1363 2246 1536 2281 blasphemia:
1546 2247 1696 2282 antesigna-

909 2295 947 2328 ni,
961 2294 1005 2330 qui
1021 2294 1127 2322 Patrem
1140 2292 1439 2328 incomprehensibilem
1462 2292 1566 2325 dicunt,
1596 2291 1694 2320 Filium

58 2337 173 2373 Πατέρα
186 2337 320 2372 λέγοντες,
332 2337 444 2373 pssimi!
456 2338 484 2366 δὲ
494 2339 541 2365 τοῦ
554 2340 660 2376 Πατρός
675 2341 721 2368 καὶ
733 2341 782 2376 τῆς
796 2342 851 2368 κτί-

911 2346 998 2369 autem
1011 2341 1082 2368 inter
1102 2339 1209 2367 Patrem
1239 2344 1447 2373 creaturamque
1472 2339 1588 2366 medium
1600 2338 1693 2374 appel-

58 2392 131 2415 σεως
153 2383 201 2410 τὸν
220 2384 282 2410 Υἰὶν
308 2384 521 2418 ἀποκαλοῦντες,
540 2386 586 2412 καὶ
601 2385 751 2420 φάσκοντες
773 2388 853 2414 αὑτὸν

56 2431 116 2461 τοῖς
131 2430 318 2465 πατριάρχαις
329 2430 376 2457 καὶ
390 2432 446 2462 τοῖς
463 2432 616 2467 προφήταις
632 2432 749 2467 ὀφθῆναί
764 2441 794 2460 τε
806 2434 853 2460 καὶ

55 2475 252 2511 διαλεχθῆναι·
272 2476 366 2510 σαφῶς
390 2477 418 2503 δὲ
443 2478 516 2512 ἡμᾶς
537 2478 618 2510 αὐτὸς
642 2479 656 2504 6
678 2479 743 2511 Θεὸς
767 2479 852 2512 Λόγος

56 2521 184 2548 διδάσκει
195 2521 239 2549 διὰ.
258 2522 389 2558 Ἰερεμίου
408 2523 456 2549 τοῦ
480 2524 621 2560 προφήτου
645 2525 750 2560 λέγων·
771 2536 781 2552 ι
807 2527 851 2554 Ἐν

57 2568 119 2598 ταῖς
134 2567 254 2602 ἡμέραις
269 2567 397 2601 ἐκείναις,
412 2569 461 2595 καὶ⁵
470 2569 501 2595 ἑν
517 2569 556 2604 τῷ
573 2570 662 2606 καιρῷ
677 2571 773 2606 ἐκείνῳ
792 2572 851 2599 δια-

57 2614 181 2649 θήσομαι
195 2614 234 2650 τῷ
248 2615 316 2649 οἴκῳ
336 2616 456 2651 Ἰσραὴλ,
469 2617 514 2643 καὶ
524 2616 564 2652 τῷ
574 2618 640 2653 οἴκῳ
661 2618 745 2645 Ἰούδα
755 2618 852 2655 διαθή-

57 2669 111 2696 κην
123 2660 232 2696 καινὴν,
250 2661 279 2687 οὺ
296 2661 368 2688 κατὰ
384 2661 433 2698 τὴν
446 2662 579 2698 διαθήκην
597 2663 630 2698 ἢν
647 2663 776 2700 διεθέμην
795 2666 852 2697 τοῖς

58 2707 200 2741 πατράσιν
222 2706 312 2734 αὐτῶν
334 2708 363 2734 ὲν
379 2708 495 2743 ἡμέραις
522 2709 718 2745 ἐπιλαόομένου
737 2719 788 2745 μου
802 2711 852 2747 τῆς

59 2753 153 2787 χειρὸς
167 2752 259 2779 αὐτῶν
275 2753 418 2788 ἐξαγαγεῖν
435 2754 532 2786 αὐτοὺς
553 2755 585 2781 ἐκ
605 2756 653 2790 τῆς
672 2756 820 2790 Αἰγύπτου.
838 2767 847 2783 ι

97 2844 215 2882 τιιιβικ.
230 2845 293 2882 1,-5.
330 2845 352 2882 ’ξ
365 2844 480 2882 Philipp.
497 2852 526 2878 ιι,
540 2846 613 2882 6.Π¹
628 2845 705 2874 Joan.
728 2855 745 2882 ι,
765 2848 791 2877 4,
831 2849 841 2863 ’

911 2850 923 2876 ι.
940 2850 969 2878 9.
1008 2851 1018 2866 ³
1035 2850 1101 2879 Ibid.
1122 2850 1164 2879 18.
1204 2848 1327 2878 ‘IJoan.
1348 2857 1367 2882 I,
1389 2850 1414 2878 l.

61 2881 71 2897 ⁸
84 2879 171 2908 Exod.
191 2887 234 2914 nl,
254 2880 298 2907 Η.
342 2881 351 2896 ⁷
364 2879 464 2909 Jerenl.
483 2888 557 2914 xxv,
570 2881 614 2909 51.

907 2386 974 2420 lant,
990 2387 1136 2422 dicuntque
1156 2386 1242 2421 ipsum
1257 2385 1419 2420 patriarchis
1447 2390 1474 2411 et
1498 2384 1636 2419 prophetis
1649 2391 1696 2420 ap-

906 2434 1030 2469 paruisse
1045 2440 1109 2461 cum
1122 2433 1209 2468 iisque
1223 2432 1351 2459 locutum.
1381 2430 1522 2458 Manifeste
1551 2438 1617 2458 vero
1647 2437 1695 2457 nos

907 2480 965 2515 ipse
980 2479 1050 2507 Deus
1069 2479 1186 2506 Verbum
1201 2479 1283 2505 docet
1297 2486 1345 2513 per
1359 2477 1506 2505 Jeretniam
1537 2476 1693 2512 prophetam

905 2526 1019 2554 dicens:
1037 2534 1046 2551 ι
1071 2525 1170 2552 Diebus
1183 2524 1246 2556 illis,
1266 2524 1366 2558 illoque
1379 2529 1499 2558 tempore
1525 2523 1621 2550 teriam
1632 2530 1693 2550 cum

906 2572 1012 2600 lsraelis
1028 2572 1119 2603 domo,
1134 2575 1161 2598 et
1185 2578 1246 2598 cum
1275 2570 1351 2598 Juda‘.
1368 2570 1448 2597 domo
1469 2577 1567 2597 novum
1595 2569 1693 2602 foedus,

905 2625 959 2646 non
981 2617 1056 2652 juxta
1085 2617 1175 2645 [cedas
1205 2617 1276 2652 quod
1306 2624 1368 2644 cum
1398 2616 1503 2643 illorum
1536 2616 1694 2650 parentibus

906 2663 1004 2701 pepigi,
1033 2668 1153 2698 tempore
1176 2671 1229 2697 quo
1259 2670 1339 2690 manu
1355 2670 1413 2690 mea
1440 2667 1532 2698 captos
1564 2662 1636 2696 ipsos
1660 2662 1694 2689 de

905 2714 1015 2748 regione
1033 2712 1141 2748 Egypti
1156 2712 1250 2739 reduxi
1269 2713 1290 2739 ".
1313 2722 1322 2738 ι
1338 2711 1496 2745 Quaeramus
1514 2712 1605 2746 itaque
1631 2711 1693 2746 quis

905 2767 1002 2787 novum
1034 2759 1123 2788 [trdus
1153 2758 1303 2786 tradiderit.
1334 2757 1428 2785 Nonne
1463 2758 1589 2786 ornatibus
1619 2762 1694 2792 patet

1454 2850 1464 2865 '
1483 2848 1588 2877 Coloss.
1607 2855 1626 2881 t,
1646 2846 1688 2874 15.
