1927 3036
227 173 295 202 1155

726 170 754 198 S.
780 169 916 198 CYRILIJ
938 170 1171 199 ALEXANDRINI
1188 170 1349 200 ARCIIIEP.

1805 167 1866 194 ΗΞμῖ

231 232 378 260 Dominum
408 235 533 259 nostrum
547 230 640 258 Jesum
658 229 794 258 Christum
819 230 878 265 ejus
904 237 963 258 esse
977 230 1024 257 da-

1080 231 1242 266 Ζητήσωμεν
1253 231 1344 258 τοίνυν
1351 231 1391 261 τίς
1406 229 1454 266 τὴν
1469 228 1563 264 καινὴν
1572 228 1656 256 ἔδωκε
1672 225 1869 263 διαθήκην.“11

234 279 345 306 torem?
371 279 429 313 Ipse
453 278 525 305 enitn
556 277 582 303 in
610 276 698 303 sacris
722 275 875 311 Erangeliis
898 275 1020 303 clamat:

231 334 240 351 ι
262 324 368 352 Dictum
386 328 426 351 est
453 322 582 357 antiquis,
610 321 668 348 Non
695 321 825 354 occides;
857 329 907 356 ego
933 326 1022 348 autem

228 371 289 397 dico
320 369 406 402 vobis,
428 368 522 396 Omnis
556 368 602 403 qui
635 368 722 395 iratus
740 367 818 395 l‘ratri
846 375 895 395 suo
924 373 1024 396 temere

229 417 321 449 fuerit,
339 423 400 443 reus
417 415 468 442 erit
487 414 601 449 judicio.
619 414 724 441 Dictum
746 419 788 441 est
802 414 942 449 antiquis:
963 413 1022 441 Non

227 462 400 497 periurabis;
432 468 482 496 ego
519 465 608 488 autem
648 461 708 488 dico
745 460 831 493 vobis,
858 468 907 488 nec
932 459 1024 495 jurare

227 508 338 535 omnino
358 507 380 534 ⁸.
399 516 408 532 ι
440 507 473 533 ΕΙ.
503 507 555 534 alia
577 506 704 534 similiter
728 507 824 542 ponit:
842 507 942 534 dictum
975 506 1025 534 fuit

227 554 335 588 quidem
348 553 425 586 illud,
438 561 488 588 ego
503 558 592 581 autem
611 552 662 581 hoc
676 554 764 581 isthoc
781 554 860 581 modo
878 554 1023 589 principio;

228 599 297 626 haud
311 606 376 626 sane
390 599 564 626 exsistenlem
584 599 668 634 legem
693 599 867 633 subvertens,
895 600 942 628 sed
963 608 1024 636 per-

231 645 370 672 l'ectiorem
387 645 583 680 legislationem
598 645 709 677 faciens,
720 645 833 680 ejusque
849 646 1025 674 observanda:

228 693 361 719 rationem
385 692 497 719 docens.
527 691 633 719 Novum
660 692 741 727 igitur
764 692 853 720 ltedus
875 693 948 720 dedit
977 693 1027 720 Do-

228 738 317 765 minus
329 738 408 765 nobis
420 737 559 765 Christus.
577 737 627 771 Qui
641 743 732 765 autem
749 738 799 765 hoc
812 739 930 771 tradidit,
955 738 1024 766 idem

228 788 305 812 vetus
317 791 424 819 quoque
449 789 510 818 post
524 783 712 812 liberationem
728 791 760 811 ex
782 784 900 820 Egyplo
915 785 1026 813 dederat

229 830 332 858 lsraeli.
342 830 392 863 Qui
403 837 468 857 vero
483 830 548 858 illud
563 830 762 863 dederat,idem
778 835 807 857 ut
818 838 850 857 ex
864 830 1025 866 [Egyptiaca

229 876 362 904 servitute
380 875 533 911 expediret,
550 875 660 912 Moysen
686 876 791 904 scilicet
808 876 841 904 ad
855 876 1024 905 Pharaonem

230 921 351 949 miserat.
381 922 453 949 Idem
477 921 588 958 684m
613 931 721 958 quoque
732 923 799 951 dixit
816 932 822 950 :
841 932 851 949 ‹
869 923 932 951 Ilaec
953 924 1026 952 dices

232 967 297 996 ﬁliis
317 967 428 996 Israelis
445 977 453 995 :
484 968 536 1001 Qui
564 973 605 996 est
622 969 696 996 misit
713 976 755 997 me
782 970 815 996 ad
832 977 890 997 vos.
907 979 917 995 ι
934 969 990 997 IIoc
999 975 1026 998 et

233 1014 298 1042 alibi
331 1015 461 1050 propheta
490 1014 663 1041 manifestum
690 1014 755 1042 lacil
771 1024 777 1041 :
795 1024 805 1041 ι
821 1015 871 1042 llic
885 1019 927 1042 est
941 1015 1024 1048 enim,

232 1060 333 1096 inquit,
350 1060 420 1088 Deus
441 1065 555 1093 noster;
574 1068 662 1096 neque
685 1061 863 1089 mstimabitur
887 1062 958 1089 alius
979 1062 1027 1089 ad-

233 1113 329 1133 versus
341 1114 405 1134 eum
418 1115 426 1134 :
440 1106 579 1134 adiuvenit
597 1114 706 1134 onmem
731 1107 802 1134 viam
817 1107 978 1142 disciplinae,
1000 1112 1027 1136 et

233 1152 343 1179 tradidit
358 1152 430 1179 illam
444 1152 547 1180 Iacobo
563 1159 648 1187 puero
663 1160 724 1185 suo,
757 1157 784 1180 et
808 1153 900 1181 lsraeli
926 1154 1027 1182 dilecto

232 1205 292 1226 ευο.
307 1197 371 1225 Post
387 1199 443 1225 lucc
459 1199 485 1225 in
502 1203 576 1227 terra
592 1199 667 1227 visus
678 1203 730 1232 est,
749 1203 776 1226 et
791 1207 852 1227 cmn
870 1199 1026 1228 hominibus

231 1248 409 1272 conversatus
433 1250 475 1272 est
489 1245 510 1273 '.
529 1253 538 1270 ι

268 1333 290 1361 Δ
309 1338 448 1368 postremo
462 1334 666 1369 itaqucinitium
685 1335 826 1369 facientes,
839 1336 1026 1372 propheticmn

233 1380 393 1416 indagemus
406 1389 529 1410 sensum.
560 1382 690 1415 Quisnam
707 1383 733 1410 in
751 1388 823 1410 terra
840 1383 913 1411 visus
929 1388 981 1415 est,
1000 1389 1028 1412 et

231 1433 293 1454 cum
317 1427 473 1454 hominibus
500 1429 702 1456 conversatus?
718 1429 890 1464 exploratum
908 1435 960 1462 est,
997 1434 1026 1457 ut

235 1473 431 1505 reor,cunctis
449 1474 528 1501 modo
555 1479 645 1502 menlc
669 1475 800 1510 przeditis,
826 1477 897 1511 quod
931 1485 1027 1512 nempe

234 1517 354 1545 Verbum
386 1518 468 1551 Deus,
492 1520 537 1554 qui
570 1525 695 1548 naturam
721 1527 842 1550 nostram
867 1524 1025 1558 assumpsit,

235 1564 283 1599 qui
297 1565 418 1599 rapinam
445 1573 497 1592 non
521 1571 563 1593 est
584 1567 733 1595 arbitratus
762 1575 824 1596 esse
843 1576 872 1596 se
894 1569 1026 1604 a‘qualem

234 1609 301 1642 Deo,
329 1610 376 1637 sed
411 1611 587 1646 semetipsum
627 1612 785 1646 qxinanivit,
812 1613 927 1641 formam
956 1616 1026 1642 servi

233 1656 383 1690 accipiens.
397 1656 447 1684 llic
461 1665 526 1692 ergo
544 1658 612 1685 viam
633 1659 781 1694 disciplina:
799 1661 908 1688 tradidit
926 1660 1028 1689 Iacobo

234 1710 319 1737 puero
332 1711 390 1735 suo,
416 1708 443 1730 et
455 1703 547 1731 Israeli
569 1704 666 1732 dilecto
689 1711 880 1738 suo,veterem
909 1708 1028 1742 promul-

235 1755 302 1783 gans
318 1748 344 1775 in
358 1748 466 1776 deserto
481 1756 527 1783 per
541 1748 650 1784 Moysen
682 1750 778 1784 legem.
795 1750 845 1784 Qui
858 1759 921 1778 vero
943 1752 1028 1787 legem

235 1794 308 1820 illam
337 1794 407 1827 tulit,
434 1800 581 1830 antequam
607 1803 666 1823 eam
701 1797 829 1830 traderet,
855 1806 915 1825 cum
937 1798 1029 1834 Moyse

236 1841 349 1875 loquens
377 1840 482 1868 dixerat
501 1849 508 1867 :
534 1850 543 1866 ι
574 1840 636 1868 Haec
657 1841 731 1870 dices
750 1843 813 1870 [iliis
826 1843 957 1872 lsraelis:
977 1846 1028 1879 Qui

235 1891 278 1913 est
291 1885 365 1913 misit
383 1893 426 1913 me
453 1887 486 1913 ad
504 1894 562 1914 vos.
581 1896 591 1913 ι
620 1886 767 1922 Propterea
789 1890 918 1924 propheta
939 1892 1029 1919 excla-

236 1931 320 1957 mavit
337 1941 343 1958 :
360 1940 369 1956 ι
399 1930 447 1958 llic
481 1931 552 1959 Deus
579 1937 669 1960 noster
687 1938 749 1968 'est,
771 1943 823 1963 non
849 1937 1030 1966 aestimabitur

236 1978 304 2004 alius
316 1977 446 2005 adversus
461 1984 533 2005 eum.
553 1987 562 2004 ι
582 1978 688 2011 Quibus
701 1981 800 2014 verbis.
817 1990 870 2010 non
900 1988 952 2010 tam
967 1992 1028 2011 eum

237 2023 370 2049 minorem
397 2027 488 2057 negat,
515 2030 598 2057 quant
631 2024 870 2060 incomparabilem
901 2027 1027 2056 aﬂinnat.

236 2068 452 2095 Animadvertite
463 2070 599 2103 quotnodo
620 2072 786 2106 evangelicis
797 2072 877 2101 dictis
890 2075 1029 2109 propheti-

237 2121 269 2141 ca
297 2113 406 2141 oracula
427 2119 587 2142 consonent.
602 2114 708 2150 Moyses
732 2117 770 2144 ait
794 2119 839 2153 qui
860 2127 918 2146 sum
936 2127 946 2150 ς
975 2120 1029 2148 imo

238 2166 303 2186 vero
317 2159 374 2194 ipse
387 2159 457 2187 Deus
472 2159 588 2187 Verbum
600 2161 637 2188 ait
656 2163 701 2197 qui
721 2170 778 2190 sum
798 2171 808 2195 ;
824 2162 925 2192 Paulus
936 2171 1027 2194 autem

237 2212 309 2240 sape
324 2205 388 2233 dicit
408 2206 452 2241 qui
465 2211 503 2232 ιιι
519 2214 529 2238 ;
546 2206 704 2234 dicitetiant
731 2209 834 2236 exsistit
849 2219 859 2243 ;
873 2218 932 2245 qua:
948 2219 1029 2239 voca-

1074 276 1135 311 οὑχὶ
1144 276 1223 311 δῆλον
1235 276 1337 306 ἅπασιν
1345 274 1384 308 ὡς
1394 277 1408 302 6
1420 275 1554 310 δεσπότης
1562 274 1680 310 Χριστὸς
1695 273 1801 308 ταύτης
1814 273 1869 298 ἐστὶ

1075 323 1210 359 χορηγὸςς
1225 323 1309 354 Αὐτὸς
1325 322 1379 358 γὰρ
1393 323 1421 349 ιν
1435 324 1490 354 τοῖς
1506 322 1586 356 ἱεροῖς
1605 319 1788 354 Εὑαγγελίοις
1807 318 1868 352 βοᾷ·

1078 379 1086 395 ι
1109 369 1225 405 Ἐρρέθη
1237 371 1293 400 τοῖς
1312 369 1448 406 ἀρχαίοις,
1464 368 1501 394 Ού
1517 366 1668 402 φονεύσεις·
1682 365 1739 400 ἐγὼ
1755 365 1785 391 δὲ
1801 364 1869 398 λέγω

1079 417 1153 452 ὑμῖν,
1175 417 1233 448 Πᾶς
1249 417 1263 442 ὁ
1278 414 1453 451 ὀργιζόμενος
1464 414 1501 450 τῷ
1516 414 1622 449 ἁδελφῷ
1634 412 1719 440 αὑτοῦ
1735 411 1810 446 εἰκῆ,
1828 412 1869 437 ἕλες

1076 471 1137 497 οχος
1147 462 1223 489 ἔσται
1232 463 1264 497 τῇ
1275 462 1375 497 κρίσει·
1386 461 1484 497 ἐρρέθη
1494 462 1549 492 τοῖς
1561 459 1698 496 ἀρχαίοις,
1708 458 1767 485 Οὐκ
1780 460 1870 491 ἐπιορ-

1076 510 1171 544 κήσεις
1185 516 1191 523 ”
1212 507 1268 542 ἐγὼ
1283 508 1310 534 δὲ
1325 508 1396 542 λέγω
1414 508 1488 543 ὑμῖν,
1516 506 1552 542 μὴ
1566 506 1666 542 ὀμόσαι
1688 503 1770 536 ὅλως.
1789 513 1799 530 ι
1817 504 1870 530 Καὶ

1076 555 1110 582 τὰ
1126 554 1193 582 ἄλλα
1210 554 1237 580 δὲ
1252 554 1352 589 ὁμοίως
1366 554 1484 589 τίθησιν,
1498 553 1538 580 ὅτι
1550 551 1650 589 ἐρῥέοη
1665 551 1715 587 μὲν
1734 547 1808 581 τόδε,
1817 549 1871 583 ἐγὼ

1075 601 1103 628 δὲ
1123 601 1201 628 τοῦτο
1219 599 1331 627 τοιῶσδε
1345 599 1491 635 νομοθετῶ,
1507 599 1557 626 οὐκ
1573 598 1735 633 ἀνατρέπων
1749 597 1797 622 τὸν
1817 595 1870 622 κεῇ

1077 656 1159 682 μενον
1186 646 1286 682 νόμον,
1315 647 1382 673 ἀλλὰ
1406 647 1456 681 τὴν
1482 645 1644 681 νομοθεσίαν
1668 643 1871 679 ἀκριϐεστέραν)

1077 693 1162 721 ποιῶν
1174 715 1181 725 ,
1207 694 1254 720 καὶ
1273 693 1322 728 τῆς
1335 690 1459 728 φυλακῆς
1474 693 1519 718 τὸν
1540 691 1640 727 τρόπον
1653 691 1803 717 διδάσκων.
1815 689 1870 723 Τὴν

1076 739 1140 765 νέαν
1154 738 1244 765 τοίνυν
1260 737 1393 774 διαθήκην
1410 740 1424 764 6
1441 736 1574 772 δεσπότης
1596 737 1663 772 ἡμῖν
1680 734 1783 762 δέδωκε
1805 735 1871 769 Χρι-

1077 784 1155 816 στός·
1177 785 1192 811 6
1210 784 1239 811 δὲ
1261 783 1363 820 ταύτην
1386 779 1566 820 παρεσχηκὼς
1579 804 1586 815 ,
1611 782 1659 810 καὶ
1671 781 1723 817 τὴν
1750 781 1870 808 παλαιὰν

1078 829 1147 865 μετά
1169 829 1217 865 τὴν
1237 828 1396 865 ἀπαλλαγὴν
1418 826 1468 864 τῆς
1482 828 1622 863 Αἰγύπτου
1640 825 1740 855 δέδωκε
1757 826 1800 861 τῷ
1820 825 1871 852 ‘Ia-

1079 877 1164 913 ραήλ·
1180 877 1194 902 6
1211 875 1239 903 δὲ
1254 877 1362 912 ἐκείνην
1386 875 1527 907 δεδωκὼς,
1545 875 1592 902 καὶ¹
1611 875 1660 910 τῆς
1675 873 1869 907 Αἰγυπτιακῆς

1077 922 1197 954 δουλείας
1210 920 1379 955 ἀπαλλάξας,
1392 920 1474 953 αὐτὸς
1491 920 1635 947 ἀπέστειλε
1657 917 1782 954 δηλονότι
1803 917 1870 952 πρὸς

1076 967 1176 1003 Φαραὼ
1199 967 1245 994 τὸν
1268 966 1401 994 Μωῡσέα·
1417 964 1502 998 αὐτὸς
1515 964 1576 992 εἷπε
1588 974 1594 980 ·
1613 975 1622 990 ι
1638 964 1707 992 Τάδε
1723 962 1796 1000 ἐρεῖς
1815 963 1870 994 τοῖς

1077 1015 1144 1046 υἱοῖς
1166 1013 1289 1050 Ἰσραήλ·
1317 1014 1346 1041 '0
1363 1013 1400 1040 ὢν
1417 1010 1572 1040 ἀπέσταλκὲ
1592 1021 1625 1048 με
1659 1011 1725 1047 πρὸς
1745 1010 1836 1046 ὑμᾶς·
1859 1019 1867 1033 ›

1076 1060 1156 1087 τοῦτο
1179 1059 1208 1087 δὲ
1232 1060 1277 1086 καὶ
1302 1058 1416 1094 ἑτέρωθι
1430 1060 1443 1086 6
1458 1059 1496 1094 (I)
1519 1059 1662 1094 προφήτης
1678 1056 1764 1092 eaet;
1780 1056 1867 1082 ποιεῖ’

1080 1115 1089 1131 ι
1107 1102 1191 1137 Οὗτος
1206 1105 1271 1141 γὰρ,
1294 1105 1388 1140 φησὶν,
1404 1106 1418 1131 6
1430 1104 1497 1136 Θεὸς
1512 1103 1591 1139 ἡμῶν
1602 1112 1608 1117 ·
1623 1104 1652 1129 οὐ
1674 1100 1868 1137 λογισθήσεται

1077 1152 1170 1188 ἕτερος
1195 1151 1264 1187 πρὸς
1286 1151 1367 1177 αὐτόν
1381 1158 1387 1166 ⁸
1405 1150 1499 1185 ἐξεῦρε
1520 1150 1609 1176 πᾶσαν
1624 1149 1683 1175 ὁδὸν
1699 1148 1868 1183 ἐπιστήμης.

1077 1199 1125 1225 καί
1136 1197 1235 1224 ἔδωκεν
1246 1197 1331 1232 αὐτὴν
1348 1197 1444 1224 Ἰακὼῦ
1454 1196 1492 1232 τῷ
1504 1196 1581 1222 παιδὶ
1595 1195 1689 1226 αὑτοῦ,
1702 1195 1750 1222 καὶ
1760 1193 1870 1229 Ἰσραὴλ

1076 1244 1115 1280 τῷ
1130 1243 1300 1280 ἠγαπημένῳ
1307 1244 1352 1270 ὑπ’
1362 1243 1445 1270 αὐτοῦ
1455 1251 1462 1258 ο
1479 1242 1548 1278 μετὰ
1555 1241 1641 1269 ταῦτα
1657 1241 1704 1268 ἐπὶ
1719 1241 1772 1276 γῆς
1780 1241 1869 1275 ὤφθη,

1078 1291 1190 1321 καὶτοῖς
1203 1289 1357 1325 ἀνθρώποις
1372 1289 1579 1324 συνανεστράφη
1596 1287 1646 1323 (2).
1666 1296 1676 1313 ι

1113 1334 1245 1362 Κάτωθεν
1258 1335 1347 1361 τοίνυν
1361 1334 1519 1370 ἀρξάμενοι,
1535 1335 1584 1370 τὴν
1601 1332 1777 1369 προφητικῆν
1792 1333 1870 1368 ἐρευ-

1079 1380 1204 1416 νήσωμεν
1220 1380 1334 1407 ἔννοιαν.
1349 1380 1396 1410 Τίς
1411 1380 1425 1405 6
1437 1380 1483 1406 ἐπὶ
1499 1380 1549 1414 τῆς
1564 1379 1615 1414 γῆς
1633 1378 1739 1413 ὀφθεὶς,
1753 1378 1802 1405 καὶ
1816 1378 1870 1408 τοῖς

1078 1426 1234 1463 ἀνθρώποις
1247 1427 1479 1462 συναναστραφείς
1493 1435 1500 1459 ;
1512 1426 1633 1461 εὔδηλον,
1653 1425 1691 1457 ὡς
1705 1423 1796 1460 οἶμαι,
1806 1426 1869 1450 πΞςε

1078 1474 1135 1504 τοῖς
1151 1480 1182 1506 γε
1202 1471 1264 1498 νοῦν
1280 1472 1398 1506 ἔχουσιν,
1414 1472 1449 1503 ὡς
1466 1473 1479 1498 ὁ
1490 1471 1556 1503 Θεὸς
1568 1471 1654 1506 Λόγος
1666 1471 1717 1506 τὴν
1733 1471 1871 1506 ἡμετέρα-κ

1080 1518 1159 1553 φύσιν
1169 1518 1345 1549 ἀναλαὸὼν,ὸ
1362 1517 1399 1553 μῆ
1413 1518 1558 1553 ἁρπαγμὸν
1571 1516 1749 1553 ἡγησάμενος
1763 1516 1794 1542 τὸ
1803 1514 1871 1542 εἶναι

1081 1565 1128 1592 ἴσα
1144 1564 1214 1600 Θεῷ,
1230 1565 1288 1591 ἀλλ’
1303 1564 1398 1591 ἑαυτὸν
1417 1563 1538 1595 κενώσας
1549 1584 1556 1596 ,
1580 1564 1628 1590 καὶ
1655 1563 1764 1600 μορφὴν
1779 1562 1871 1588 δούλου

1080 1610 1180 1638 λαΰών.
1195 1608 1278 1643 Οὗτος
1289 1611 1379 1637 τοίνυν
1390 1611 1438 1646 τὴν
1450 1611 1509 1637 ὁδὸν
1524 1611 1573 1646 τῆς
1592 1611 1750 1646 ἐπιστήμης
1773 1609 1872 1636 ξδωκεν

1085 1657 1182 1684 Ἰακὼϐ
1200 1657 1238 1692 τῷ
1251 1657 1327 1683 παιδὶ
1339 1656 1432 1691 αὐτοῦ,
1447 1658 1495 1684 καὶ
1517 1657 1626 1693 Ἰσραὴλ
1644 1656 1685 1692 τῷ
1700 1656 1872 1691 ἠγαπημένῳ

1080 1703 1125 1729 ὑπ’
1137 1702 1230 1735 αὑτοῦ,
1246 1703 1292 1729 τὸν
1309 1702 1422 1729 παλαιὸν
1432 1702 1611 1737 διαγορεύσας
1627 1703 1655 1729 ὲν
1675 1704 1709 1738 τῇ
1723 1703 1819 1738 ἐρήμῳ
1828 1703 1872 1729 an

1079 1749 1218 1780 Μωῦσέως
1229 1749 1320 1784 νόμον.
1329 1748 1359 1774 '0
1368 1749 1397 1775 δὲ
1407 1748 1453 1775 τὸν
1463 1749 1545 1783 νόμον
1555 1750 1659 1775 ἐκεῖνον
1673 1749 1810 1780 δεδωκὼς,
1821 1748 1871 1784 πρδ

1079 1795 1126 1822 τοῦ
1142 1795 1233 1822 δοῦναι
1247 1795 1293 1821 τὸν
1308 1795 1400 1830 νόμον,
1416 1795 1456 1830 τῷ
1470 1796 1574 1831 Μωῦσῇ
1588 1795 1784 1830 διαλεγόμενος
1801 1795 1851 1830 ἔφη
1864 1804 1870 1809 ·

1084 1853 1092 1869 ι
1107 1842 1175 1869 Τάδε
1189 1843 1262 1878 ἐρεῖς
1272 1843 1328 1874 τοῖς
1339 1843 1406 1874 υἱοῖς
1423 1842 1543 1878 Ἰσραήλ.
1567 1843 1596 1869 Ὀ
1611 1842 1649 1869 ὢν
1664 1843 1821 1870 ἀπέσταλκε
1839 1851 1871 1878 με

1081 1889 1149 1923 πρὸς
1163 1889 1246 1923 ὑμᾶς.
1267 1899 1276 1914 ι
1295 1889 1340 1915 Διὸ
1361 1889 1375 1915 6
1391 1889 1535 1924 προφήτης
1553 1888 1617 1915 ὲόὀα
1629 1897 1636 1905 ·
1661 1898 1671 1914 ι
1687 1886 1772 1920 υῦτος
1784 1890 1798 1915 ὁ
1809 1889 1872 1920 Θεδς

1081 1932 1168 1967 ἡμῶν,
1180 1933 1211 1959 οὐ
1226 1933 1416 1969 λογισθήσεται
1431 1934 1524 1969 ἕτερος
1540 1934 1608 1969 πρὸς
1623 1934 1706 1960 αὐτόν
1716 1942 1724 1950 ·
1744 1944 1753 1960 ι
1772 1943 1870 1970 μαρτυ-

1082 1978 1135 2013 ρῶν
1148 1978 1232 2013 αὐτῷ,
1241 1978 1271 2004 0'3
1286 1978 1318 2004 τὸ
1328 1979 1449 2011 ἔλαττον,
1461 1979 1529 2006 ἀλλά
1543 1979 1573 2006 τὸ
1584 1979 1764 2015 ἀσύγκριτον.
1778 1981 1872 2015 Ὁρᾶτε

1081 2023 1138 2056 πῶς
1155 2023 1227 2050 ἔοικε
1247 2025 1302 2055 τοῖς
1320 2025 1509 2059 εὑαγγελικοῐς
1529 2025 1694 2060 διδάγμασι-ν
1715 2026 1750 2052 τὰ
1770 2034 1872 2061 προφης

1079 2070 1143 2096 τιχὰ
1160 2069 1336 2106 κηρύγματα.
1369 2072 1489 2107 Μωῡσῆς
1508 2072 1638 2107 κηρύττει
1651 2072 1684 2099 τὸ
1695 2072 1756 2098 ὧν·
1775 2072 1873 2108 μᾶλλον

1080 2115 1107 2142 δὲ
1123 2115 1204 2147 αὐτὸς
1217 2117 1232 2142 6
1253 2116 1320 2148 Θεὸς
1333 2117 1421 2151 Λόγος
1446 2118 1513 2153 περὶ
1534 2117 1633 2144 ἑαυτοῦ
1659 2117 1735 2152 λέγει
1764 2118 1800 2144 τὸ
1816 2118 1870 2145 ὤν’

1080 2160 1186 2192 Παῦλος
1201 2161 1228 2188 δὲ
1242 2161 1372 2194 πολλάκις
1387 2163 1461 2192 λέγει
1479 2163 1511 2190 τὸ
1527 2162 1579 2196 ὢν,
1598 2163 1768 2198 προστίθησι
1784 2164 1813 2190 δὲ
1831 2164 1873 2190 καὶ

1079 2206 1110 2233 τὸ
1122 2206 1276 2242 ὑπάρχων,
1291 2207 1387 2235 ταύτὸν
1402 2208 1551 2244 δυνάμενον
1563 2207 1602 2243 τῷ
1617 2208 1659 2234 ὢν
1669 2217 1675 2222 ·
1693 2208 1771 2242 λέγει
1787 2208 1834 2235 καὶ
1847 2209 1873 2234 τι

238 2251 300 2278 bula
330 2258 422 2286 parem
455 2251 556 2279 habent
583 2260 705 2281 sensum.
741 2254 872 2284 Similiter
909 2257 1025 2286 Joannes

1080 2252 1165 2283 ἔστιν,
1180 2253 1357 2288 ἰσοδυναμοῦν
1369 2254 1483 2285 ἐκεινοις
1499 2253 1570 2281 κατὰ
1583 2254 1631 2290 τὴν
1641 2254 1750 2280 ἔννοιαν
1764 2263 1771 2270 ·
1786 2254 1873 2288 ὡσαύ-

239 2295 380 2331 theologus
398 2296 560 2324 vecahulum
583 2299 627 2332 qui
639 2304 676 2325 eu
691 2302 855 2336 evangelicae
881 2302 1028 2339 Scriptura:

239 2341 549 2374 tnultotiesiuterserit;
567 2347 595 2370 et
618 2344 704 2378 ipsum
733 2354 842 2382 quoque
865 2351 1026 2383 promntium

239 2386 392 2421 huiusmodi
410 2386 547 2414 vocabulis
562 2392 651 2420 ornat,
675 2397 727 2416 non
752 2392 835 2420 semel
857 2399 905 2420 aut
929 2394 1026 2422 iterum

238 2440 273 2460 ac
296 2432 388 2464 tertio,
406 2432 452 2459 sed
470 2433 606 2461 multotics
622 2436 770 2470 praedicans
783 2443 849 2466 erat.

238 2539 348 2576 685m
372 2539 439 2567 VIII.
459 2540 535 2574 Quod
544 2543 597 2569 alin
620 2547 775 2572 conreuiunt
795 2546 848 2574 Deo
866 2547 956 2581 Verbo,
974 2550 1029 2577 alia

501 2584 640 2612 αηιιηψιοι
651 2586 762 2608 natural.

274 2640 333 2673 lam
346 2650 410 2670 vero
423 2651 483 2671 cum
507 2646 629 2673 veritatis
653 2654 792 2681 prmcones
812 2649 848 2676 ita
872 2650 1024 2685 docuerint,

239 2688 300 2724 quis
311 2689 379 2717 adeo
387 2689 422 2717 sit
446 2691 533 2718 audax
549 2699 580 2719 ac
602 2693 774 2726 temerarius,
802 2695 952 2724 utdictioni
970 2703 1025 2725 erat

272 2775 284 2792 "
300 2775 398 2806 Matth.
419 2786 444 2811 ν,
461 2779 555 2806 2i-‘53.
594 2779 605 2796 '
623 2780 727 2809 Baruch
744 2791 784 2817 III,
805 2783 898 2812 56-38.

272 2857 311 2893 (I)
331 2856 358 2893 In
379 2856 471 2893 codice
490 2857 663 2885 interseritur
683 2860 812 2888 mendose
827 2861 918 2893 αὑτός,
940 2863 1021 2890 idem.

272 2891 310 2921 (:Il
333 2892 409 2919 llunc
418 2891 531 2920 Barnchl
546 2897 648 2921 textum
662 2895 784 2930 intelligit
796 2896 828 2924 de
839 2891 904 2924 Jesd
913 2891 1023 2926 Christo

1081 2306 1135 2329 τως
1150 2297 1178 2324 δὲ
1199 2298 1246 2325 καὶ
1264 2299 1278 2325 6
1298 2298 1421 2333 θεολόγος
1443 2299 1569 2334 Ἰωάννης
1581 2299 1718 2334 πολλαχοῦ
1739 2300 1774 2326 τὸ
1789 2299 1832 2326 ὧν
1843 2302 1872 2334 τῇ

1081 2344 1136 2369 τῶν
1151 2343 1324 2378 Εὑαγγελίων
1340 2347 1518 2381 πραγματείᾳ
1535 2347 1686 2382 ἐνσπείρει,
1706 2347 1756 2373 καὶ
1771 2347 1836 2373 αὐτὸ
1848 2347 1871 2372 δὲ

1082 2389 1112 2416 τὸ
1137 2391 1280 2425 προοίμιον
1301 2391 1414 2424 ταύταις
1442 2394 1503 2424 ταῖς
1528 2394 1632 2428 φωναῖς
1655 2393 1806 2427 ἁγλαῒζει,
1830 2394 1873 2427 οᾶχ

1082 2435 1165 2469 ἅπαξ,
1182 2437 1243 2463 οὐδὲ
1259 2437 1311 2469 δὶς,
1323 2438 1384 2465 οὐδὲ
1399 2439 1470 2474 τρὶς,
1489 2439 1557 2466 ἀλλά
1581 2439 1713 2472 πολλάκις
1732 2441 1873 2476 κηρύττων

1081 2481 1111 2507 τὸ
1125 2479 1174 2517 ἦν.

1082 2548 1123 2576 H'.
1143 2549 1207 2576 Ὂτι
1222 2549 1258 2576 τὰ
1274 2551 1333 2589 μὲν·
1341 2552 1478 2586 ἁρμόττει
1490 2552 1531 2586 τῷ
1547 2553 1610 2586 Θεῷ
1631 2555 1728 2589 Λόγῳ,
1745 2556 1782 2583 τὰ
1795 2556 1827 2582 δὲ
1839 2555 1873 2589 τῇ

1311 2587 1521 2623 ἀναληφθείσῃ
1540 2589 1643 2623 φύσει.

1117 2652 1176 2678 Τῶν
1193 2653 1322 2689 κηρύκων
1335 2654 1363 2680 δὲ
1382 2655 1431 2690 τῆς
1454 2655 1584 2691 ἀληθείας
1599 2656 1714 2684 τοιαῦτα
1737 2657 1872 2684 διδασκόν-

1081 2706 1144 2730 των,
1164 2699 1205 2730 τίς
1221 2699 1307 2731 οὕτως
1326 2700 1395 2735 ἄγαν
1410 2701 1512 2737 θρασὺς
1527 2703 1574 2730 καὶ
1595 2703 1718 2738 αὐθάδης
1729 2725 1736 2736 ,
1763 2704 1802 2735 ὡς
1815 2704 1873 2731 ἀντὶ

1075 2864 1156 2891 etiam
1168 2865 1396 2907 auctor__Arianus
1409 2866 1435 2894 in
1448 2869 1594 2907 comm._ad
1606 2869 1671 2897 Luc.
1686 2878 1712 2900 ν.
1727 2872 1755 2901 3;
1773 2872 1868 2907 Script.

1079 2905 1144 2932 vct.,
1167 2905 1231 2927 tom.
1254 2900 1296 2935 Ill,
1317 2906 1387 2936 part.
1408 2909 1438 2935 Il,
1459 2911 1520 2938 pag.
1541 2904 1604 2932 207.
