1927 3036
74 181 140 210 1137

718 178 762 206 DE
783 177 981 207 TRINITATE.

1640 187 1650 211 1
1660 186 1707 213 Ιῖἱὸ

78 241 125 271 μὲν
140 238 186 264 τοῦ
200 231 250 268 ἦν,
268 236 298 264 τὸ
315 237 370 263 οὐκ
387 234 426 272 ἦν
441 236 529 262 εἰπεῖν
543 235 600 271 (1);
617 235 677 263 ἀντὶ
702 236 730 263 δὲ
750 236 803 263 τοῦ
822 236 864 263 ὢν

920 241 1036 272 opponat
1060 245 1109 264 non
1132 241 1187 264 erat
1203 237 1214 263 .7
1229 241 1255 264 et
1277 243 1326 272 pro
1342 237 1387 272 qui
1407 245 1464 264 sum
1490 242 1516 265 et
1545 239 1589 272 qui
1601 241 1707 267 επεὶειρ.

79 285 123 311 καί
136 283 292 318 ὑπάρχων.
304 284 406 318 κτίσμα
421 282 642 318 προσαγορεῦσαι
657 282 703 308 τὸν
716 282 748 308 ἐκ
760 282 867 318 [ἰατρὸς

79 329 126 364 μὲν
136 329 259 364 ἀχρόνως
273 328 322 355 καὶ
335 328 448 360 ἀπαθῶς
460 327 636 364 γεννηθέντα,
651 329 680 355 ἐν
694 328 722 355 δὲ
738 330 794 360 τοῖς
804 329 867 355 κόλ-

79 383 137 406 ποις
156 373 204 400 τοῦ
223 374 330 409 Πατρὸς
352 373 512 409 ἱδρυμένον;
533 374 546 399 ό
564 373 620 408 γὰρ
633 373 672 400 ὣν
685 374 715 401 οὐ
732 373 865 406 κτίζεται,

76 422 91 446 ὁ
105 421 234 456 ὑπάρχων
250 420 280 446 οὐ
292 420 499 456 δημιουργεῖται
510 429 517 436 ·
530 420 560 447 τὺ
572 420 626 456 γὰρ
636 421 767 455 ἐγένετο,
782 421 828 447 καὶ
837 421 867 447 τὸ

78 467 173 499 ἔλαϐε,
196 466 243 493 καὶ
257 467 307 493 ὅσα
322 466 434 493 τοιαῦτα
445 487 452 499 ,
469 467 499 493 οὐ
512 466 716 501 θεολογοῦντες,
735 467 803 494 ἀλλὰ
820 468 867 503 τὴν

77 513 232 547 οἰκονομίαν
246 512 426 548 κηρύττοντες
442 513 536 547 ἔλεγον
551 513 576 539 οι
590 513 623 540 τὰ
634 513 684 549 τῆς
701 514 867 548 Θεογνωσιας

77 559 290 594 ἔγχειρισϐἐντες
303 560 450 594 μυστήρια.
460 559 514 586 Καὶ
525 559 634 594 πρῶτος
647 559 719 594 μὲνὸ
731 560 866 595 μακάριος

84 606 217 639 Ἰωάννης,
230 605 277 631 καὶ
294 614 302 630 ι
321 605 350 631 '0
361 605 456 638 Λόγος,
467 605 529 640 ἔφη,
539 604 608 640 σὰρξ
622 605 744 640 ἐγένετο’
755 615 764 631 ι
781 606 866 632 εἰπὼν

77 652 114 682 τὸ,
129 661 138 677 ι
155 651 200 677 'Ev
215 651 286 686 ἀρχῇ
301 648 335 686 ἦν
351 652 365 677 ό
381 651 477 686 Λόγος,
496 660 505 678 ι
526 653 573 679 καὶ
584 652 716 685 πολλάκις
729 653 761 679 τὸ
772 652 867 687 ἦνὲπὶ

77 698 122 732 τῆς
141 696 274 732 Θεότητος
288 696 423 730 δεδωκὼς,
436 697 477 729 εις
494 698 545 734 τὴν
561 698 613 734 τῆς
633 699 866 735 ἑνανθρωπήσεως

77 742 233 778 «limpida!
244 742 343 775 me»,
352 743 510 778 ἀναγκαίως
516 744 547 771 τὸ
554 744 673 780 ἐγένετο
684 745 805 772 τέθεικεν
815 755 821 760 ·
834 747 865 773 οὐ

77 790 128 825 γὰρ
143 787 177 825 ἦν
188 790 233 817 ἀεὶ
249 790 265 825 ή
279 789 308 823 ἐξ
320 789 399 826 ἡμῶν
415 789 548 825 ληφθεῖσα
566 791 618 817 ὑπὸ
632 791 679 817 τοῦ
691 790 759 818 Θεοῦ
777 792 864 826 Λόγου

77 836 184 872 ἀπαρχὴ
193 857 201 869 ,
222 836 290 863 ἀλλὰ
305 835 373 872 πρὸς
386 834 424 871 τῷ
438 836 510 863 τέλει
524 836 579 864 τῶν
594 836 699 864 αἰώνων
717 837 824 871 ἐγένετό
835 843 865 864 τε

77 883 121 910 καὶ
133 883 272 919 ἀνελήφθη
289 883 341 910 ὑπὸ
356 883 403 910 τοῦ
420 882 488 910 Θεοῦ
513 883 611 918 Λόγου.
631 883 718 910 Τοῦτο
734 885 805 910 ποιεῖ
818 883 865 911 καὶ

81 932 94 957 ὁ
112 917 247 966 μακάριος
267 917 394 962 ’Παῦλοςο
408 929 494 956 εἰπὼν
511 917 577 966 γὰρ,
597 939 606 956 ι
627 930 673 957 'Ev
686 932 776 966 μορφῇ
794 930 862 957 Θεοῦ
881 917 901 946 Β

80 976 215 1011 ὑπάρχων,
230 985 239 1001 ι
252 975 299 1003 καὶ
311 974 439 1010 προσθεὶς
449 976 490 1009 τὸ,
503 976 567 1011 (οὐχ
575 976 721 1012 ἁρπαγμὸν
730 977 863 1012 ἡγήσατο,

77 1021 105 1047 τὸ
121 1018 190 1048 εἶναι
207 1019 254 1047 ἴσα
269 1020 338 1056 Θεῷ,
362 1029 371 1046 ι
391 1019 515 1055 ἐπήγαγε
528 1019 559 1046 τὺ
573 1029 583 1045 ι
608 1020 720 1048 Ἐαυτδν
734 1021 863 1053 ὲκένωσε,

78 1066 180 1102 μορφὴν
190 1066 287 1093 δούλου
298 1065 404 1094 λαϐών·
419 1075 428 1092 ι
451 1067 486 1102 τῇ
505 1075 514 1092 ι
526 1067 617 1102 μορφῇ
631 1066 678 1093 τοῦ
699 1066 792 1093 δούλου
808 1076 818 1093 ι
834 1066 865 1093 τδ

80 1121 88 1137 ι
99 1111 184 1138 λαὸὼν
196 1121 206 1137 ι
219 1110 427 1147 προσαρμόσας,
448 1111 480 1146 τῇ
493 1110 521 1137 δὲ
535 1120 544 1136 ι
559 1112 650 1147 μορφῇ
660 1110 707 1138 τοῦ
723 1110 790 1137 Θεοῦ
805 1120 814 1136 ι
833 1111 865 1137 τὸ

78 1168 88 1184 ί
94 1159 218 1194 ὑπάρχων
225 1167 235 1183 ι
241 1157 382 1190 συζεύξας.
390 1156 496 1184 Οὐκοῦν
504 1158 521 1193 ἡ
531 1157 578 1184 τοῦ
586 1157 654 1184 Θεοῦ
664 1157 755 1194 μορφὴ
764 1159 867 1193 προῦπ-

77 1205 208 1240 άρχουσα,
228 1204 330 1240 μᾶλλον
347 1204 375 1231 δὲ
395 1204 438 1231 ἀεὶ
458 1204 630 1241 ὑπάρχουσα,
647 1203 727 1230 ἔλασε
748 1204 798 1239 τὴν
816 1203 864 1230 τοῦ

76 1250 163 1277 δούλου
177 1250 301 1286 μορφήν·
318 1250 348 1276 οὐ
363 1250 454 1277 τοίνυν
464 1250 579 1286 κτίσμα,
594 1250 655 1276 οὐδὲ
670 1250 788 1285 ποίημα,
804 1249 865 1276 οὐδὲ

77 1295 104 1329 ἐξ
115 1297 161 1323 οὐκ
175 1297 261 1323 όντων
271 1296 285 1322 ό
299 1295 345 1323 τοῦ
360 1295 428 1322 Θεοῦ
444 1296 529 1330 Λόγος
542 1315 549 1327 ,
571 1295 630 1322 ἀλλ’
647 1296 679 1322 ὲκ
700 1294 747 1322 τοῦ
759 1294 866 1331 Πατρός

76 1343 209 1379 γεννηθεὶς
217 1343 262 1370 ἀεὶ
276 1343 315 1378 τῷ
325 1343 413 1378 Πατρὶ
428 1341 546 1374 σύνεστι,
557 1341 606 1368 καὶ
615 1341 664 1376 τὴν
679 1340 748 1376 μετὰ
760 1340 865 1376 Πατρὸς

78 1391 146 1424 παρὰ
159 1389 212 1416 τῶν
225 1389 405 1424 εὐγνωμόνων
418 1387 604 1424 προσκύνησιν
623 1387 740 1423 δέχεται.

919 287 1071 310 creaturam
1080 283 1196 318 appellet
1207 289 1268 310 eum
1281 291 1326 318 qut
1339 283 1554 318 intemporaliter
1568 289 1596 312 et
1608 286 1711 318 impas-

918 328 1034 355 sibiliter
1061 328 1168 361 genitus
1200 328 1259 360 fuit,
1284 332 1310 355 et
1338 328 1363 355 in
1381 328 1440 355 sinu
1458 328 1543 357 Patris
1556 334 1597 357 est
1627 332 1710 357 cotto-

919 375 1022 402 calus?
1039 374 1105 401 Nam
1133 375 1177 410 qui
1202 379 1254 407 est,
1280 382 1331 402 non
1355 375 1505 403 conditur:
1530 377 1574 411 qui
1592 377 1709 409 exsistit.

919 428 971 448 non
983 424 1101 448 creatur.
1127 421 1193 448 Nam
1208 420 1336 448 vocabula
1362 421 1462 455 factum
1478 427 1528 454 est,
1556 427 1583 450 et
1599 424 1708 457 accepit,

918 470 944 493 et
956 466 1083 500 qtnclibet
1098 465 1261 499 huiusmodi,
1282 474 1335 494 non
1352 467 1384 494 de
1401 467 1456 494 Deo
1474 468 1583 502 proprie
1597 468 1707 503 loquen-

918 516 969 545 tes,
993 512 1040 540 sed
1063 513 1293 547 dispensationem
1319 513 1501 547 prredicanles
1529 513 1659 540 dixerunt
1677 513 1708 547 ii,

917 558 1015 592 quibus
1037 559 1134 586 divina:
1159 559 1280 586 scientiae
1309 559 1412 586 credita
1435 559 1545 586 fuerunt
1568 560 1707 595 mysteria.

918 604 951 631 Et
967 605 1071 639 primus
1097 605 1206 640 quidem
1228 605 1324 633 beatus
1349 605 1486 637 Joannes,
1506 615 1514 630 ι
1534 605 1566 632 Et
1578 605 1707 638 Verbum,

917 650 1015 685 inquit,
1029 658 1092 678 caro
1111 651 1212 678 factum
1230 655 1282 679 est.
1301 661 1310 677 ι
1330 651 1398 678 Cum
1412 656 1490 678 antea
1509 652 1634 684 dixisset,
1652 661 1661 677 ι
1681 652 1707 678 In

919 697 1054 733 principio
1066 702 1126 725 erat
1138 697 1270 730 Verbum,
1283 707 1292 723 ι
1307 703 1335 725 et
1351 705 1423 732 saepe
1434 698 1594 724 vocabulum
1606 703 1661 724 erat
1676 698 1711 725 de

917 744 1063 771 Divinitate
1093 745 1313 780 pronuntiasset,
1349 753 1413 772 mox
1445 744 1478 771 ad
1517 744 1710 772 incarnationis

916 791 1150 825 dispensationem
1176 792 1321 824 accedens,
1352 792 1509 818 necessario
1538 791 1638 826 factum
1671 796 1710 818 ut

916 836 1017 871 posuit.
1033 835 1091 863 Non
1106 837 1178 864 enim
1194 841 1253 864 erat
1273 837 1306 864 ab
1320 841 1422 864 mterno
1438 836 1481 863 illa
1505 844 1566 871 qum
1581 844 1614 864 ex
1633 837 1710 864 nobis

916 889 931 909 ιι
955 882 1010 909 Deo
1038 882 1126 910 Verbo
1152 887 1290 916 assumpta
1306 882 1356 909 fuit
1383 883 1529 915 inchoatio,
1553 882 1600 910 sed
1615 882 1642 909 in
1657 883 1710 910 tino

916 927 1077 955 szeculorum
1089 935 1121 954 ea
1138 927 1207 954 facta
1226 931 1278 958 est,
1293 931 1321 954 et
1333 934 1347 954 a
1361 926 1418 954 Deo
1444 927 1534 955 Verbo
1558 931 1708 961 assumpta.

918 973 975 1000 lloc
987 973 1043 1008 agit
1052 973 1135 1000 etiam
1161 973 1257 999 beatus
1273 971 1371 999 Paulus
1387 980 1395 1006 ;
1416 979 1477 999 nam
1506 979 1566 999 cum
1585 972 1707 1003 dixisset,

920 1027 929 1044 ε
951 1017 981 1045 In
1002 1018 1086 1046 forma
1101 1017 1150 1046 Dei
1163 1018 1310 1050 exsistens,
1327 1026 1336 1044 ι
1352 1022 1433 1052 atque
1446 1017 1604 1050 addidisset,
1625 1026 1634 1043 ι
1650 1016 1708 1044 Non

917 1064 1041 1099 rapinam
1053 1064 1202 1092 arbitratus
1221 1069 1263 1092 est
1278 1070 1339 1092 esse
1355 1071 1385 1092 se
1400 1064 1531 1098 aequalem
1550 1063 1606 1092 Deo
1622 1073 1631 1089 ι
1647 1064 1709 1091 sub-

917 1111 994 1144 didit,
1017 1120 1026 1137 ι
1044 1111 1227 1146 Semetipsum
1245 1111 1406 1144 exinanivil,
1424 1110 1537 1138 formam
1552 1111 1623 1138 servi
1639 1110 1710 1138 acci«

920 1157 1008 1191 piens.
1030 1166 1039 1183 ι
1068 1156 1173 1190 Verbis,
1199 1166 1209 1183 ‹
1229 1157 1256 1184 in
1285 1157 1372 1185 forma
1403 1157 1487 1189 servi,
1509 1166 1519 1183 ι
1551 1156 1708 1185 vocabulum

922 1211 931 1228 ι
947 1203 1084 1238 accipiens
1105 1212 1114 1229 ι
1145 1202 1385 1235 accommodavit;
1407 1201 1497 1229 verbis
1523 1206 1626 1234 autem,
1648 1211 1657 1228 ‹
1681 1202 1708 1229 in

919 1247 1005 1276 forma
1031 1249 1090 1282 Dei,
1109 1258 1118 1275 ι
1139 1248 1299 1276 vocabulum
1323 1257 1333 1274 ι
1357 1247 1493 1275 exsistens
1512 1256 1521 1273 ι
1549 1247 1707 1275 connexuit.

920 1294 990 1329 Ergo
1017 1294 1063 1322 Dei
1086 1295 1173 1322 forma
1202 1293 1404 1330 praeexsistens,
1421 1293 1462 1321 vel
1494 1293 1581 1328 potius
1601 1300 1708 1327 semper

917 1341 1064 1373 exsistens,
1091 1341 1210 1375 suscepit
1233 1341 1304 1368 servi
1324 1340 1450 1368 formam.
1478 1339 1536 1366 Non
1560 1343 1602 1366 cst
1626 1339 1710 1374 igitur

919 1391 1055 1420 creatura,
1072 1394 1159 1422 neque
1176 1387 1290 1419 iactura,
1307 1393 1396 1421 neque
1408 1393 1442 1413 ex
1454 1393 1508 1413 non
1519 1385 1584 1414 olim
1597 1390 1709 1413 exstan-

78 1436 144 1463 tibus
158 1435 204 1463 Dei
218 1434 348 1467 Verbum,
366 1434 413 1462 sed
425 1442 458 1462 ex
473 1434 527 1462 Deo
558 1433 639 1462 Patre
657 1434 788 1469 genitum,
806 1432 879 1461 Patri
898 1440 1006 1469 semper
1030 1433 1181 1466 coexsistit,
1202 1438 1230 1462 et
1260 1433 1446 1462 adorationem
1461 1441 1514 1461 uua
1551 1440 1612 1460 cum
1630 1431 1709 1458 Patre

79 1489 92 1509 a
104 1481 223 1509 ﬁdelibus
237 1481 348 1516 excipit.

193 1553 232 1580 9'.
253 1552 322 1587 Περὶ
340 1550 395 1586 τῆς
411 1552 444 1578 ἐκ
461 1551 535 1579 Θεοῦ
554 1551 736 1587 γεννήσεως.

109 1618 207 1654 Μηδεὶς
225 1617 253 1645 δὲ
267 1618 394 1654 γέννησιν
410 1618 528 1651 ἀκούων,
548 1619 605 1650 τοῖς
623 1618 766 1654 λογισμοῖς
787 1617 862 1653 δεχέ-

80 1666 129 1692 σθω
143 1665 175 1692 τὰ
195 1664 270 1700 πάθη
287 1665 337 1700 τῆς
358 1665 496 1700 ἡμετέρας
516 1665 679 1700 γεννήσεως,
697 1664 795 1700 τομὴν,
815 1665 863 1692 καὶ

80 1711 175 1747 ρεὖσιν,
200 1712 250 1738 καὶ
268 1711 351 1739 ὠδῖνα
373 1711 421 1746 (9.),
440 1711 488 1738 καὶ
511 1711 546 1738 τὰ
570 1711 638 1738 ἄλλα
664 1711 715 1737 ὅσα
738 1710 860 1737 τοιαῦτα.

80 1757 209 1791 Σωμάτων
221 1756 277 1792 γὰρ
297 1756 382 1783 ταῦτα
398 1756 547 1792 παθήματα
557 1764 564 1771 ⁸
582 1756 648 1788 Θεὸς
661 1756 689 1783 δὲ
706 1755 860 1791 ἀσώματος,

80 1802 121 1829 καὶ
131 1801 249 1837 ἀπαθὴς,
266 1801 400 1837 ἄτρεπτός
410 1810 449 1834 τε,
465 1802 511 1829 καὶ
520 1802 709 1835 ἀναλλοίωτος,
721 1802 764 1829 ἀεὶ
774 1802 863 1829 ὡσαύ-

80 1855 127 1880 τως
145 1847 231 1884 ἔχων
249 1849 274 1875 ει
290 1847 319 1875 δέ
335 1857 377 1880 τις
399 1848 483 1875 οῑεται
505 1849 632 1884 γέννησιν
658 1849 696 1885 μὴ
720 1846 790 1876 εἷναι
807 1849 862 1876 πά-

81 1894 137 1927 θους
149 1895 373 1931 ἀπηλλαγμένην,
390 1896 437 1922 καὶ
449 1896 478 1922 ὲν
490 1896 548 1927 τοῖς
562 1896 627 1931 περὶ
643 1895 761 1928 κτίσεως
774 1895 863 1931 λόγοις

80 1940 182 1972 τούτους
202 1941 323 1976 δεχέσθω
339 1941 403 1972 τοὺς
429 1940 594 1976 λογισμούς·
611 1941 706 1976 ὥσπερ
729 1940 784 1976 γὰρ
806 1941 864 1967 ἐκεῖ

80 1987 143 2022 τομὴ
153 1987 199 2014 καὶ
217 1987 320 2022 ῥεῦσις,
338 1987 424 2019 οὕτως
439 1986 557 2014 ἐνταῦθα
570 1987 690 2022 φροντὶς,
705 1987 752 2013 καὶ
771 1987 862 2019 πόνος,

81 2032 123 2059 καὶ
138 2033 228 2069 ἱδρὼς,
247 2034 293 2060 καὶ
310 2032 426 2069 ὄργανα,
441 2033 489 2059 καὶ
503 2029 562 2067 ’ὕλη
574 2032 795 2068 προῦποκειμένη
812 2033 862 2068 (5),

81 2079 123 2105 καὶ
139 2079 295 2115 ἀποτυχίαι,
311 2080 357 2107 καὶ
374 2079 408 2106 τὰ
422 2079 489 2107 ἄλλα
504 2080 555 2107 ὅσα
568 2080 799 2116 συμπαρομαρτεῖ
807 2080 864 2111 τοῖς

81 2125 242 2161 χτίσμασιν’
266 2127 290 2153 εἰ
309 2126 337 2153 δὲ
363 2126 431 2161 μόνη
453 2125 580 2162 βούλησις
610 2126 649 2161 τῷ
667 2125 726 2160 Θεῷ
748 2126 788 2157 εἰς
813 2125 863 2161 τὴν

80 2169 123 2196 τοῦ
136 2170 235 2202 παντὸς
255 2171 360 2206 ἦρκησε
374 2170 566 2206 δημιουργίαν,
582 2171 630 2197 καὶ
654 2170 796 2206 βουληθεὶς
812 2179 865 2197 πα-

83 2217 205 2252 ραχρῆμα
218 2216 252 2243 τὰ
276 2216 314 2252 μὴ
327 2217 392 2243 ὄντα
407 2215 507 2249 ἔδειξεν
521 2217 595 2250 ὄντα,
611 2215 733 2249 δεξάσθω
752 2217 767 2243 ὁ
789 2217 863 2244 ἀντι-

82 2259 161 2295 λέγων
173 2261 221 2288 καὶ
233 2261 282 2297 τὴν
296 2261 421 2297 γέννησιν
433 2261 481 2288 τοῦ
491 2261 559 2288 Θεοῦ
572 2261 675 2293 πάθους
690 2261 865 2297 ἀπηλλάχθαι

82 2307 186 2339 παντός.
207 2307 313 2344 Ὥσπερ
328 2307 357 2334 δὲ
381 2308 411 2334 οὐ
437 2309 494 2340 τοῖς
515 2307 669 2344 ἀνθρώποις
686 2308 786 2344 ὁμοίως
802 2308 862 2344 ἐδη-

83 2352 253 2389 μιούργησεν,
269 2353 354 2385 οὕτως
373 2353 435 2381 οὔτε
451 2355 551 2390 ὁμοίως
566 2354 721 2390 ἐγέννησεν.

114 2465 142 2493 l’.
165 2466 212 2500 Τίς
228 2467 248 2502 ἡ
274 2467 376 2494 ἔννοια
398 2467 457 2495 τῶν
471 2466 525 2494 τοῦ
539 2467 649 2502 Κυρίου
664 2466 827 2501 ὀνομάτων.

115 2533 158 2559 Διὸ
178 2533 225 2560 καὶ
249 2535 264 2560 ό
287 2533 372 2568 Λόγος
386 2534 400 2560 ὁ
422 2533 486 2566 Υἱὸς
509 2533 672 2570 ὀνομάζεται
688 2532 727 2565 ὡς
752 2533 866 2566 ἀπαθῶς

84 2578 233 2613 γεννηθεὶς,
249 2578 321 2606 κατὰ
345 2579 390 2606 τὸν
411 2580 443 2606 ὲκ
458 2578 505 2606 τοῦ
523 2579 568 2606 νοῦ
592 2579 774 2614 γεγενημένον
789 2579 866 2613 λόγον

84 2623 202 2657 ἀπαθῶς,
226 2625 289 2657 ne;
307 2625 335 2652 δὲ
350 2625 472 2653 καλεῖται
485 2626 523 2657 ὡς
541 2626 571 2652 ἐχ
585 2625 631 2652 τοῦ
649 2625 756 2661 Πατρὺς
770 2634 866 2661 γεννη-

120 2703 154 2740 (t)
173 2703 355 2741 Repreltendit
370 2705 442 2733 dicta
457 2706 490 2733 ab
504 2706 568 2732 Ario
580 2706 606 2733 in
619 2706 700 2741 impio
714 2705 782 2732 libro
794 2705 865 2741 Tha-

87 2738 129 2770 lia,
145 2740 177 2766 de
193 2738 247 2774 quo
262 2740 436 2772 Athanasius,
452 2746 522 2768 orat.
538 2749 547 2768 l
563 2738 776 2769 contra'Arium.
792 2740 867 2768 Grae—

85 2781 129 2800 cos
145 2774 308 2810 Latinosque
315 2775 409 2802 Patres
422 2776 466 2810 qui
481 2776 608 2803 Ariauam
622 2776 746 2803 haeresim
766 2777 866 2803 refuta-

87 2814 179 2846 veruut
202 2809 342 2846 diiigenter
369 2818 417 2838 nos
431 2809 632 2846 ireccusuimus
655 2811 682 2838 in
703 2811 816 2846 prologo
833 2811 866 2838 ad

88 2842 232 2878 fragmenta
245 2842 418 2877 Arianorum,
433 2845 532 2880 Seript.
543 2851 608 2878 τοι..
623 2850 688 2873 ιοιιι.
700 2842 742 2879 Ill,
755 2842 823 2880 pa'rt.
836 2853 864 2877 ιι,

88 2885 144 2913 pag.
162 2879 212 2906 188
223 2887 280 2915 seq.
297 2879 559 2908 Pletlalt‘lArlaltiSllll
573 2879 768 2915 expositionem
782 2881 866 2908 babes

88 2915 153 2948 apud
170 2916 323 2949 praedictum
337 2916 513 2944 Athanasium
526 2921 551 2943 et
566 2915 734 2950 Fulgentium
749 2916 866 2944 Ferrau-

1011 1548 1121 1585 686m
1158 1547 1203 1575 lx.
1238 1547 1276 1575 De
1304 1549 1468 1584 generatione
1492 1557 1524 1576 ea:
1553 1549 1618 1577 Dea.

949 1617 1032 1645 Nemo
1071 1625 1136 1644 vero
1166 1618 1364 1651 generationem
1393 1618 1517 1650 audiens,
1538 1623 1628 1646 mente
1657 1619 1707 1646 sibi

913 1664 1052 1698 contingat
1075 1663 1262 1698 generationis
1288 1668 1387 1691 nostra:
1412 1664 1574 1699 passiones,
1594 1664 1710 1692 decisic-

912 1717 986 1741 nem,
1002 1710 1114 1740 ﬂuxum.
1133 1715 1255 1745 partum,
1271 1714 1299 1737 et
1315 1710 1365 1736 alia
1383 1709 1546 1743 llujusmodi.
1565 1710 1631 1737 Nam
1646 1718 1708 1738 cor-

912 1763 1008 1791 porum
1034 1756 1075 1782 hae
1091 1760 1153 1782 sunt
1169 1755 1326 1790 passiones;
1346 1755 1417 1784 Deus
1430 1761 1520 1783 attlettl
1535 1756 1710 1791 incorporeus

913 1808 965 1835 est,
985 1801 1340 1836 impassibilis,invertibilis
1350 1822 1357 1834 ,
1368 1802 1559 1834 immutabilis,
1574 1803 1600 1829 in
1615 1803 1709 1830 eodem

914 1855 1023 1883 semper
1035 1851 1108 1874 statu
1122 1847 1284 1875 consistens.
1298 1847 1375 1881 Quod
1387 1848 1408 1875 si
1423 1849 1484 1883 quis
1496 1848 1634 1876 existimat
1649 1849 1709 1875 nul-

914 1893 966 1920 lam
997 1900 1057 1921 esse
1082 1893 1286 1928 generationem
1322 1893 1447 1928 passione
1475 1899 1629 1928 carentem,
1645 1900 1709 1922 tunc

913 1940 994 1967 etiam
1009 1946 1071 1966 cum
1088 1940 1121 1967 de
1136 1939 1275 1966 creatione
1289 1946 1380 1967 sermo
1395 1939 1486 1971 fuerit,
1505 1940 1614 1967 easdem
1630 1941 1705 1976 cogi—

916 1986 1031 2013 tationes
1045 1989 1136 2012 mente
1152 1984 1271 2012 revolvet
1291 1993 1298 2012 :
1318 1992 1434 2020 namque
1446 1991 1475 2012 ut
1492 1985 1518 2013 in
1533 1986 1710 2020 generatione

914 2031 1015 2058 decisio
1025 2035 1052 2058 et
1064 2030 1162 2063 ﬂuxus,
1175 2030 1214 2057 sic
1229 2029 1256 2056 in
1269 2030 1407 2057 creatione
1419 2038 1494 2062 cura,
1510 2030 1598 2063 labor,
1614 2031 1708 2063 sudor,

914 2076 1106 2108 instrumenta,
1123 2075 1235 2103 materia
1248 2075 1450 2110 prtnexsistens,
1469 2075 1614 2103 frustratus
1641 2084 1704 2104 suc-

914 2129 1017 2155 cessus,
1028 2123 1114 2150 etalia
1132 2121 1284 2156 hujusmodi
1300 2129 1360 2156 quae
1368 2122 1520 2150 creatione:
1529 2123 1704 2150 comitantur.

916 2169 963 2196 Sin
976 2177 1040 2197 vero
1055 2176 1107 2196 una
1131 2169 1184 2196 Deo
1218 2168 1327 2196 suﬂecit
1350 2168 1474 2195 voluntas
1490 2169 1523 2195 ad
1544 2177 1633 2196 rerum
1650 2177 1708 2196 om-

880 2206 903 2234 Ῑ)
918 2215 991 2242 nium
1004 2214 1180 2247 creationem,
1189 2214 1335 2249 statimque
1348 2221 1380 2241 ac
1390 2214 1483 2247 voluit,
1492 2221 1552 2249 qua:
1565 2221 1617 2241 non
1632 2219 1710 2242 erant

919 2260 984 2288 fecit
1000 2261 1146 2294 exsistere,
1159 2261 1282 2288 admittat
1305 2260 1477 2289 adversarius
1487 2282 1494 2295 ,
1508 2262 1708 2296 generationem

919 2312 1027 2342 quoque
1042 2305 1106 2339 Dei,
1132 2307 1257 2341 passione
1282 2307 1355 2334 omni
1382 2315 1504 2335 vacasse.
1536 2307 1603 2334 Nam
1630 2307 1709 2336 sicuti

920 2353 992 2380 haud
1007 2360 1037 2380 ea
1058 2360 1112 2388 qua
1129 2353 1251 2381 homines
1273 2353 1362 2381 solent
1388 2354 1494 2381 ratione
1522 2354 1635 2386 creavit.
1664 2355 1705 2382 sic

920 2399 1043 2427 dissimili
1059 2406 1166 2434 quoque
1180 2399 1259 2427 modo
1276 2399 1379 2434 genuit.

1047 2465 1080 2492 Χ.
1099 2465 1169 2498 Quid
1181 2466 1330 2502 signiﬁcent
1347 2465 1452 2493 Domini
1470 2467 1588 2495 nomina.

955 2532 1017 2562 Ideo
1032 2539 1059 2562 et
1076 2533 1158 2561 Filius
1168 2533 1285 2562 Verbum
1296 2534 1451 2562 nominatur
1468 2542 1516 2562 ceu
1536 2533 1709 2570 impassibili-
1747 2546 1751 2548 ‘

921 2583 962 2607 ter
976 2579 1095 2615 genitus,
1114 2579 1195 2607 veluti
1208 2587 1241 2607 ex
1262 2584 1352 2607 mente
1382 2580 1502 2616 genitum
1525 2581 1637 2608 verbum
1650 2581 1709 2610 abs-

920 2633 974 2661 que
988 2625 1123 2661 passione.
1140 2625 1225 2653 Filius
1239 2633 1303 2654 vero
1319 2631 1440 2660 vocatur,
1454 2627 1518 2661 quia
1528 2635 1560 2654 ex
1576 2626 1657 2655 Patre
1664 2635 1712 2664 ge-

918 2706 983 2733 dum
1000 2713 1014 2732 a
1033 2705 1110 2742 nobis
1126 2705 1240 2738 editum,
1258 2713 1361 2733 necnon
1380 2706 1408 2733 in
1424 2706 1584 2742 fragmentis
1603 2715 1617 2734 a
1636 2707 1712 2735 nobis

921 2741 985 2769 item
1005 2749 1037 2768 ex
1059 2741 1234 2775 palimpsesto
1252 2742 1348 2774 erutis,
1367 2745 1394 2776 et
1414 2741 1485 2776 saepe
1504 2742 1579 2769 alibi.

956 2777 994 2812 (2)
1015 2776 1093 2809 Coth,
1110 2776 1216 2811 ὀδύνην,
1234 2776 1361 2804 dolorem.
1375 2775 1428 2804 Sed
1448 2775 1530 2804 malui
1543 2777 1636 2809 ὠδῖνα,
1650 2786 1710 2810 ραι-ο

920 2817 986 2842 tum.
1007 2817 1036 2838 ut
1057 2811 1125 2838 infra
1146 2819 1205 2846 cap.
1227 2820 1254 2838 ι.

955 2847 993 2881 (3)
1015 2847 1170 2882 Fert-audtis
1193 2850 1287 2873 contra
1305 2847 1421 2874 Arianos
1439 2846 1509 2882 apud
1528 2855 1587 2880 nos,
1606 2847 1709 2881 Script.

920 2886 984 2914 vct.,
1002 2887 1067 2921 tom.
1084 2881 1124 2915 llt,
1145 2885 1214 2918 part.
1234 2890 1263 2915 ιι,
1287 2889 1349 2917 pag.
1368 2882 1429 2913 171.
1448 2881 1512 2910 dicit
1535 2882 1711 2917 subjacentem

919 2921 1066 2944 ntatertam.
