1927 3036
72 156 132 184 1161

151 247 251 280 οὐδεὶς
269 245 331 274 οἶδε
347 248 400 274 τὸν
415 248 540 282 Πατέρα,
558 245 638 283 είμὴ
651 248 668 275 ό
688 248 763 280 Υἱός.

101 316 156 343 Ἰνα
169 316 197 342 δὲ
211 315 342 351 δείξωμεν
354 315 462 351 Πατρὸς
475 316 522 342 καὶ
534 315 598 343 Υἱοῦ
612 315 661 352 τὴν
676 316 796 352 ίσότητα,
809 315 851 343 επ*

70 362 148 397 αὐτὴν
168 361 290 396 ἔλθωμεν
306 361 356 397 τὴν
377 361 424 388 τοῦ
442 361 546 397 Κυρίου
560 361 734 389 διδασκαλίαν
747 370 754 377 ·
775 371 784 388 ι
799 361 853 388 οὑ-

69 409 129 440 621;,
147 407 238 442 φησὶν,
254 404 308 434 οἶδε
327 407 374 433 τὸν
388 407 464 440 Υἱὺν,
480 408 504 434 εἰ
520 407 558 443 μὴ
574 408 588 434 6
601 408 697 443 Πατήρ
707 415 714 423 ’
732 407 792 434 οὐδὲ
805 407 853 434 τὸν

70 451 171 487 Πατέρα
198 459 240 483 τις
259 451 445 486 ἐπιγινώσκει,
468 452 494 478 εἰ
517 452 555 488 μὴ
577 452 592 479 6
608 452 682 485 Υἱὸς,
706 452 754 480 καὶ
775 451 797 487 ᾧ
819 453 853 480 ἂν

71 497 191 533 βούληται
205 497 220 523 6
236 496 300 529 Υίὸς
322 497 507 533 ἀποκαλύψαι.
533 507 542 524 ι
562 497 594 524 Τί
611 497 713 525 τούτων
730 498 785 525 τῶν
803 499 853 534 ρη-

71 543 157 578 μάτων
171 542 353 578 σαφέστερον;
370 543 441 579 Ἰση,
452 543 546 578 φησὶν,
558 544 623 579 ¹ἡμῖν
633 543 650 578 ἡ
664 543 765 578 γνῶσίς
776 544 835 570 ἐστι
844 552 852 559 ·

70 587 188 623 γινώσκω
204 588 260 624 γὰρ
273 589 318 615 τὸν
334 588 456 623 Πατέρα,
472 589 675 624 γινωσκόμενος
691 589 736 615 ὑπ’
750 589 833 616 αὑτοῦ
844 597 852 605 ’

69 634 113 661 καὶ
136 633 265 668 γινώσκει
288 640 322 669 με
345 635 360 661 6
386 634 491 670 Πατὴρ,
516 634 563 661 καὶ
585 633 785 669 γινωσκόμενος
807 634 854 661 ὑπ’

69 679 142 715 ἐμοῦ.
166 680 246 707 Πᾶσα
267 679 328 716 δὲὴ
351 680 441 712 κτίσις
464 680 515 716 τῆς
531 680 670 716 ἡμετέρας
690 680 854 717 ἐπιϐέϐληται

69 725 197 760 γνώσεως.
212 725 276 757 Πῶς
290 725 344 762 γὰρ
360 725 417 752 οἶόν
429 734 460 752 τε
473 726 524 761 τῆς
536 725 644 760 φύσεως
659 725 738 762 ἡμῶν
752 725 782 752 οὐ
797 735 854 753 κοι-

70 771 210 804 νωνοῦσαν,
242 772 407 807 κοινωνῆσαι
430 771 480 806 τῆς
506 771 651 806 γνώσεως;
683 771 855 807 μεταλαγχά-

70 823 138 845 νουσι
156 817 184 844 δέ
202 825 275 849 τινες
296 817 372 853 ὅμως
395 816 524 853 βραχείας
540 817 612 849 τινὸς
629 817 764 853 θεωρίων
787 818 867 849 ἁποο,

71 863 192 890 unum:
207 862 263 898 γὰρ
279 862 317 895 ὡς
331 860 387 890 οἶόν
401 871 431 890 τε
446 859 487 895 οἷς
500 862 534 890 ἂν
547 862 633 890 ιθέλω
654 863 705 900 τὴν
728 863 793 900 περὶ
806 863 854 890 τοῦ

71 910 168 946 Πατρὸς
196 909 315 944 γνῶσιν,
351 909 389 941 ὼς
416 910 446 937 ὲν
472 909 600 945 ἐσόπτρῳ
626 909 672 936 καὶ
699 910 852 945 αἰνίγματι.

71 957 155 986 Ταῦτα.
179 958 211 984 ἐκ
235 957 291 984 τῶν
306 956 479 984 Δεσποτικῶν
503 956 642 992 ἐμάθομεν
662 956 853 992 διδαγμάτων·

72 1005 144 1032 ποίαν
158 1003 277 1031 ἐνταῦθα
302 1002 395 1039 χώραν
419 1002 475 1039 ἔχει
493 1002 524 1029 τὸ
546 1002 638 1037 μεῖζον
659 1003 707 1029 καὶ
728 1002 854 1035 ἔλαττονς

72 1051 143 1077 Ποῖον
161 1050 266 1085 κτίσμα
280 1050 325 1076 τὸν
340 1049 452 1085 κτίστην
462 1047 602 1083 γινώσκει,
618 1047 657 1078 ὡς
671 1048 723 1075 ὑπὸ
738 1047 785 1075 τοῦ
798 1048 856 1075 κτί-

73 1095 127 1123 στου
149 1094 333 1130 γινώσκεταις
357 1091 437 1121 Ποῖον
462 1094 491 1120 δὲ
516 1090 623 1130 ποίημα
645 1090 695 1129 τὴν
718 1093 788 1129 πρὸς
809 1093 856 1120 τὸν

73 1135 178 1179 ποιητὴν
203 1138 316 1178 ἰσότητα
333 1141 458 1178 δέχεται;
480 1142 516 1169 Ἢ
532 1141 583 1169 οὐκ
600 1142 680 1177 ἴσμεν
695 1137 770 1174 ὅπως
792 1140 856 1178 περὶ

72 1191 116 1226 τῆς
129 1182 241 1221 κτίσεως
289 1189 349 1216 θεία
362 1188 458 1225 Γραφὴ
472 1188 642 1223 διαλέγεται;
664 1187 857 1224 ’Δναμνησθῶ-

75 1245 118 1272 μεν
135 1235 222 1262 τοίνυν
251 1235 306 1263 τῶν
333 1234 379 1262 τοῦ
402 1235 545 1271 Προφήτω
569 1235 716 1271 ῥημάτων·
749 1243 759 1261 ι
788 1226 856 1262 Kac;

73 1281 151 1317 ἀρχὰς
164 1282 207 1314 σὺ,
216 1281 371 1318 Κύριε,τὴν
385 1281 436 1317 γῆν
453 1281 647 1317 ἐθεμελίωσας,
658 1282 705 1308 καὶ
720 1281 790 1318 ἔργα
801 1281 857 1310 τῶν

74 1328 164 1363 χειρῶν
183 1327 230 1355 σού
257 1329 326 1355 είσιν
350 1319 470 1363 οὐρανοί.
490 1327 575 1354 Αὐτοὶ
590 1327 765 1361 ἀπολοῦνται,
781 1328 814 1355 σὺ
828 1328 858 1356 δὲ

74 1372 200 1408 διαμένεις
210 1381 217 1388 ·
242 1373 291 1400 καὶ
310 1372 411 1404 πάντες
427 1372 465 1411 ὡς
480 1372 588 1408 ίμάτιον
605 1373 857 1409 παλαιωθήσονται,

75 1417 116 1444 καὶ
136 1417 198 1444 ὡσεὶ
219 1417 394 1454 περιϐόλαιον
420 1417 518 1451 ἑλίξεις
539 1417 649 1450 αὐτοὺς,
669 1417 717 1445 κάι
739 1419 859 1455 ἀλλαγή-

75 1471 174 1490 σονται’
195 1463 227 1490 σὺ
248 1463 277 1490 δὲ
296 1463 377 1496 αὐτὸς
392 1460 428 1496 εἴ,
448 1463 495 1490 καὶ
511 1462 545 1490 τὰ
562 1463 611 1499 ἐτη
635 1473 682 1491 σου
704 1464 755 1491 οὐκ
770 1465 859 1492 ἐκλεί-

74 1508 155 1543 ψουσι.
175 1519 184 1535 ι
201 1509 259 1537 Καὶ
273 1509 370 1537 πάλιν·
389 1519 398 1536 ι
421 1509 450 1537 '0
470 1502 556 1536 ποιῶν
575 1503 639 1542 τοῦς
662 1510 795 1545 ἀγγέλους
809 1511 859 1539 ab.

747 149 792 178 DE
811 147 1011 178 TRINITATE.

72 215 116 242 Μ’.
139 213 200 240 Ὀτι
216 211 315 245 οὐδεὶς
331 210 392 240 οἶδε
401 212 455 239 τὸν
469 212 535 239 Πὰν
545 213 571 239 εὶ
590 212 631 246 μὴ
644 213 660 239 ό
674 212 787 246 Πατὴρ,
801 211 852 238 καί
866 213 889 241 Α
903 208 950 237 XI;
969 209 1044 244 Quod
1061 217 1134 271 ηριηρ

151 247 251 271 ηὺδεὶί-
269 245 331 271 οἶδε
347 248 400 271 τὸν·
416 248 540 271 Πατέρα.
558 247 584 271 ει
598 247 638 271 μὴ
651 248 668 271 ὁ
688 248 763 271 Fida
1128 254 1134 271 ι

1621 128 1691 175 (ιω

1153 209 1222 236 norit
1241 207 1352 243 Filium.
1374 207 1425 244 nisi
1443 207 1543 244 Pater;
1569 217 1692 244 nemoque

1128 249 1210 271 utrem
1226 241 1306 276 novit,
1323 244 1372 271 nisi
1390 241 1486 270 Filius.

939 312 1027 347 Atque
1041 316 1070 339 ut
1085 311 1301 340 demonstremus
1315 311 1405 339 Patris
1417 311 1532 346 Filiique
1553 311 1694 346 aequalitzv

906 362 970 390 tem,
981 358 1014 385 ad
1026 358 1111 393 ipsam
1118 359 1257 385 veniamus
1273 357 1379 385 Domini
1392 358 1556 385 doctrinam.
1571 366 1580 383 ι
1596 357 1691 389 Nemo,

905 403 1002 438 inquit,
1019 403 1094 431 novit
1107 403 1215 436 Filium,
1227 403 1277 431 nisi
1291 402 1373 431 Pater
1387 411 1393 436 ;
1406 410 1540 439 nemoque
1555 403 1629 431 novit
1641 403 1694 430 Pa-

905 454 984 481 trem.
996 449 1046 477 nisi
1061 450 1156 483 Filius,
1170 454 1198 477 et
1212 450 1255 477 cui
1270 449 1386 478 voluerit
1399 449 1482 477 Filius
1495 449 1615 478 revelare
1629 449 1661 476 ιθ.
1682 458 1692 475 ι

904 495 973 529 Quid
984 496 1026 523 his
1038 496 1128 524 verbis
1140 496 1314 525 evidentius?
1329 496 1391 529 Par,
1416 496 1514 532 inquit.
1544 496 1622 524 nobis
1648 503 1697 525 co-

904 541 988 576 gnitio
1007 544 1065 569 e'stt
1078 549 1212 577 cognosco
1223 542 1295 570 enim
1309 541 1416 570 Patrem
1432 542 1556 577 cognitus
1565 542 1600 570 ab
1611 543 1669 577 ipso
1686 552 1692 569 :

904 592 932 616 et
945 587 1084 623 cognoscit
1097 595 1140 615 me
1154 587 1235 616 Pater
1248 596 1262 615 a
1278 595 1321 616 me
1335 588 1455 616 vicissim
1472 588 1608 624 cognitus.
1627 587 1695 616 Uni-

904 641 984 662 versa
995 638 1087 662 autem
1103 639 1230 663 creatura
1248 635 1401 670 cognitione
1417 639 1510 663 nostra
1532 635 1694 663 excluditur-

904 678 972 707 Nam
982 679 1028 714 qui
1041 679 1099 708 ﬁeri
1113 684 1208 716 posset
1221 685 1251 708 ut
1265 685 1363 708 natura
1374 688 1426 709 non
1436 681 1573 716 particeps
1583 686 1695 713 nostrae,

904 724 1088 759 cognitionem
1104 725 1303 761 participaret?
1316 725 1486 762 Particlpant
1509 729 1599 756 autem
1628 734 1698 755 non-

905 770 971 798 nulli
985 777 1079 806 parum
1093 771 1159 806 quid
1179 772 1416 808 contemplationis
1433 777 1439 799 ι
1457 779 1507 809 ego
1527 773 1600 801 enim
1620 780 1696 802 reve-

905 816 941 850 lo,
955 817 1044 851 quoad
1069 817 1145 850 licet,
1162 818 1261 852 quibus
1284 818 1351 846 mihi
1377 818 1484 846 libitum
1507 817 1590 846 fuerit
1607 818 1698 846 Patris

906 862 1043 895 notitiam,
1060 867 1188 899 tanquam
1199 864 1225 891 in
1245 863 1354 899 speculo
1365 868 1392 891 et
1418 864 1572 900 enigmata;
1602 864 1665 893 Haec
1681 873 1697 892 ιι

906 908 1054 937 Dominicis
1076 909 1208 937 doctrinis
1230 909 1384 937 didicimus.
1406 909 1555 944 Quemnam
1589 911 1633 938 hic
1659 911 1698 938 lo-

906 961 968 982 cum
987 954 1098 988 habent,
1123 955 1212 990 majus
1238 959 1267 983 ει
1291 953 1397 983 minus?
1425 960 1548 991 quanam
1572 957 1698 984 creatura

905 999 1063 1027 Creatorem
1075 1001 1226 1036 cognoscit.
1242 992 1322 1028 sicuti
1332 1001 1390 1035 ipsa
1412 1008 1427 1028 a
1449 992 1580 1029 Creatore
1595 1004 1698 1036 c‘ognb—

906 1045 1010 1074 scitur?
1024 1046 1153 1080 Quaenam
1174 1054 1218 1075 res
1237 1046 1308 1075 facta
1323 1047 1504 1083 aequalitatem
1520 1056 1580 1076 cum
1595 1048 1700 1077 factore

907 1092 1020 1119 tuetur?
1033 1092 1074 1119 An
1094 1092 1251 1128 ignoramus
1279 1093 1414 1128 quomodo
1446 1093 1480 1121 de
1501 1092 1601 1122 creatis
1618 1094 1700 1122 rebus

907 1136 996 1166 divina
1013 1138 1152 1174 Scriptura
1167 1138 1311 1174 loquatur?
1325 1131 1352 1166 in
1367 1144 1484 1168 mentem
1498 1139 1592 1175 itaque
1619 1139 1699 1168 revo-

908 1190 1001 1212 cemus
1015 1186 1098 1212 verba
1115 1182 1278 1220 Prophetas:
1302 1194 1311 1211 ι
1328 1182 1408 1212 Initio
1426 1190 1464 1219 tu,
1496 1179 1620 1218 Domine‘,
1646 1184 1700 1214 lere

909 1237 967 1258 ram
983 1230 1112 1264 fundasti,
1128 1235 1156 1258 et
1172 1238 1256 1267 opera
1271 1239 1398 1260 manuum
1415 1234 1523 1259 tuarum
1538 1232 1601 1260 sunt
1614 1230 1675 1261 coeli
1690 1232 1699 1261 ὲ

909 1276 960 1313 ipsi
975 1277 1112 1312 peribunt,
1131 1281 1159 1304 tu
1178 1282 1269 1306 autem
1282 1285 1426 1313 permanes
1442 1286 1449 1304 :
1474 1283 1501 1307 et
1512 1286 1609 1307 omnes
1628 1279 1700 1306 sit-ut

908 1322 1100 1351 vestimentum
1116 1328 1296 1357 veterascenl,
1307 1328 1335 1352 et
1350 1324 1422 1353 sicut
1434 1322 1600 1359 eperlorium
1611 1324 1702 1353 iuver.

909 1374 951 1398 tes
961 1377 1018 1403 eos,
1030 1374 1057 1398 et
1073 1369 1291 1398 immutabuntur
1309 1378 1316 1398 :
1341 1375 1369 1398 tu
1385 1378 1450 1399 vero
1462 1364 1534 1399 idem
1547 1372 1605 1407 ipse
1620 1371 1660 1405 es,
1673 1366 1702 1400 εἰ

910 1415 973 1444 anni
987 1417 1024 1444 tui
1039 1423 1093 1444 non
1108 1416 1235 1444 deﬁcient
1249 1417 1280 1444 ".
1298 1425 1308 1443 ι
1334 1416 1368 1445 Et
1393 1423 1488 1446 rursus
1503 1426 1510 1445 :
1528 1428 1537 1445 ι
1559 1417 1608 1452 Qui
1633 1415 1703 1446 facis

911 1461 1021 1503 angelos
1035 1467 1096 1503 tuos
1116 1460 1239 1498 spiritus,
1265 1467 1294 1490 et
1320 1463 1464 1503 ministros
1489 1468 1550 1492 tuos
1563 1455 1700 1491 ilammaih

910 1509 982 1548 ignis
996 1501 1028 1536 ⁵⁸.
1051 1517 1061 1535 ι
1076 1501 1139 1536 Haec
1151 1515 1193 1536 est
1202 1514 1338 1536 creatura:
1350 1516 1366 1537 a
1387 1501 1518 1538 Creatore
1545 1507 1701 1538 diversitas;

74 1553 116 1580 τοῦ
139 1553 293 1590 πνεύματα,
314 1554 362 1581 καὶ
380 1554 443 1586 τοὺς
465 1552 641 1589 λειτουργοὺς
667 1555 750 1582 αὑτοῦ
773 1555 858 1591 πυρὸς

912 1555 963 1583 Ubi
975 1562 1041 1591 ergo
1055 1554 1206 1588 aequalitas,
1223 1550 1258 1582 ibi
1274 1563 1326 1583 non
1337 1560 1381 1583 est
1396 1554 1522 1583 creatura
1535 1560 1562 1584 et
1576 1554 1702 1594 creator.

75 1600 165 1634 φλόγα.
186 1610 195 1626 ι
213 1599 289 1636 Αὕτη
306 1600 422 1632 κτίσεως
438 1600 486 1627 καὶ
507 1600 617 1628 κτίστου
632 1600 758 1638 διαφορά.
777 1601 861 1630 Ἔνθα

74 1645 156 1672 τοίνυν
174 1645 277 1680 ίσότης,
296 1644 388 1672 οὐκέτι
403 1644 506 1681 κτίσμα
521 1645 570 1672 καὶ
583 1645 706 1682 κτίστης,
721 1646 790 1674 ἀλλὰ
804 1647 861 1675 Πα-

75 1691 120 1726 τὴρ
142 1691 186 1718 καὶ
211 1690 295 1723 Υἱός·
314 1690 354 1717 διὸ
369 1691 520 1719 καὶταῦτα
540 1691 647 1720 τέθεικε
669 1692 705 1720 τὰ
728 1693 860 1729 ὀνόματα,

75 1734 113 1762 iw;
128 1736 158 1763 ἐκ
172 1732 225 1762 τῶν
240 1735 382 1771 ὀνομάτων
395 1735 527 1771 μάθωμεν
541 1737 590 1772 τὴν
607 1737 770 1773 ταυτότητα.
786 1747 796 1764 ι
811 1738 861 1765 Οὐ-

74 1781 123 1814 δεὶς
140 1782 202 1818 γὰρ,
217 1778 296 1818 φησι,
317 1777 446 1817 γινώσκει
469 1783 515 1809 τὸν
538 1783 603 1810 Υἰὸν
619 1784 644 1810 εί
665 1783 703 1820 μὴ
723 1785 738 1812 6
753 1785 860 1822 Πατὴρ,

74 1829 128 1856 οὐδὲ
141 1830 184 1857 τὸν
199 1829 311 1865 Πατέρα
325 1838 367 1861 τις
379 1829 557 1865 ἐπιγινώσκει
576 1830 600 1856 si
617 1829 655 1866 μὴ
669 1831 683 1857 ό
701 1830 774 1863 Υίός.
791 1840 801 1857 ι
815 1830 861 1867 Τῷ

75 1876 153 1902 εἰπεῖν
170 1885 179 1903 ι
197 1875 296 1909 οὐδεὶς,
315 1885 325 1902 ι
342 1875 391 1911 τὴν
411 1876 500 1904 κτίσιν
519 1876 670 1912 ἐδήλωσενο
687 1876 859 1914 ἐκϐαλομένη

74 1923 131 1959 δὲὴ
155 1923 255 1956 κτίσις,
279 1922 400 1950 δείκνυσι
421 1922 467 1950 τὸν
484 1922 600 1958 μένοντα
625 1922 679 1948 τῶν
702 1923 861 1959 κτισμάτων

75 1969 227 2005 ὑπέρτερον,
244 1968 283 2004 τῷ
300 1969 329 1995 δὲ
342 1969 504 2004 γεννήσαντι
522 1968 645 2004 φυσικῶς
667 1969 840 2004 συνημμένον
851 1978 860 1987 ·

77 2025 85 2041 ι
107 2017 198 2048 Οὐδεὶς
212 2015 343 2051 γινώσκει
358 2015 403 2042 τὸν
421 2015 484 2042 Υἰὸν
502 2015 527 2042 εἰ
544 2016 582 2051 μὴ
609 2007 623 2041 6
647 2007 753 2051 Πατὴρ,
768 2015 827 2043 οὐδὲ
846 2017 891 2045 τὸν

75 2063 193 2097 βούληται
206 2064 221 2090 6
239 2063 302 2095 Υἱὸς
320 2062 504 2098 ἀποκαλύψαι.
523 2071 533 2088 ι
833 2099 836 2102 γ

106 2110 267 2140 Είπάτωοαν
283 2110 308 2136 oi.
322 2111 372 2146 τῆς
393 2109 525 2145 ἀληθείας
541 2109 646 2145 ἐχθροὶ,
663 2109 722 2142 πῶς
742 2109 796 2146 χρὴ
812 2109 862 2147 τὴν

75 2155 143 2182 θείαν
157 2155 356 2190 ἀναγινώσκειν
372 2155 499 2192 Γραφὴν,
514 2155 554 2191 τῷ
567 2155 710 2191 γράμματι
725 2156 861 2192 στέργειν,

74 2201 90 2236 ἢ
103 2200 149 2237 τὴν
163 2200 268 2237 ἔννοιαν
285 2201 408 2237 ὲρευνᾷν.
429 2199 489 2227 Κᾶν
512 2201 561 2236 μὲν
575 2198 622 2228 οὖν
635 2200 665 2227 τὸ
677 2200 805 2237 δεύτερον
821 2201 860 2229 ετ·
875 2211 902 2241 D

75 2255 152 2280 πωσι,
169 2247 329 2282 μαθέτωσαν
343 2247 390 2282 ἀφ’
406 2242 444 2274 ὧν
462 2246 584 2281 λέγουσι,
607 2247 659 2274 κάν
681 2248 738 2279 τοῖς
753 2247 864 2280 οἰκείοις

75 2292 246 2328 προϐλήμασι
267 2292 348 2319 τοῦτο
367 2293 465 2325 ποιεῖν,
482 2293 530 2319 καὶ
549 2292 599 2328 τὴν
614 2292 704 2328 ἀληθῆ
717 2293 772 2320 τῶν
791 2302 864 2330 πρα-

75 2338 181 2373 γμάτων
206 2338 300 2375 ζητεῖν
324 2337 489 2375 ἑρμηνείαν·
513 2339 538 2365 εί
555 2338 584 2365 δὲ
607 2339 687 2373 φαῖεν
712 2339 810 2374 ἀρκεῖν
834 2339 865 2377 τὸ

76 2384 186 2421 γράμμα
202 2380 272 2421 πρδς
289 2384 391 2421 ἀκριεῆ
407 2384 593 2416 διδασκαλίαν,
605 2385 638 2410 ὲκ
650 2383 703 2411 τῶν
715 2384 864 2420 προκειμέ-

76 2439 124 2457 νων
138 2432 188 2468 τὴν
199 2431 304 2458 ἔννοιαν
320 2431 411 2458 αὐτῶν
426 2430 623 2466 διελέγξωμαι·
640 2430 797 2466 εὑρίσκεται
811 2431 865 2465 γὰρ

76 2477 214 2511 ἀνέφικτος
238 2478 287 2513 μὲν
306 2479 320 2504 6
338 2477 414 2510 Υιδς,
436 2476 450 2503 ὁ
474 2477 502 2504 δὲ
519 2477 614 2513 Πατὴρ
632 2477 761 2512 ὲφικτός·
786 2477 834 2504 καὶ
849 2477 863 2502 6

77 2524 123 2558 μὲν
136 2524 326 2560 ἀπερινόητος,
339 2525 354 2551 6
369 2524 397 2551 δὲ
418 2523 514 2559 Πατὴρ
529 2523 624 2555 θεατάς
635 2531 643 2539 ’
658 2523 723 2558 περὶ
741 2522 790 2558 μὲν
809 2523 864 2558 γὰρ

77 2569 168 2597 ἑαυτοῦ
183 2571 198 2597 ὁ
214 2570 355 2606 Δεσπότης
371 2569 490 2605 Χριστὸς
511 2569 606 2602 είπὼν,
626 2569 667 2596 ὅτι
682 2578 691 2595 ι
715 2569 809 2601 Οὐδεὶς
822 2577 864 2603 γι-

76 2615 170 2643 νώσκει
183 2616 229 2643 τὸν
246 2616 320 2649 Υίὺν,
336 2617 361 2643 εἰ
375 2616 413 2652 μὴ
429 2616 443 2642 6
460 2615 566 2651 Πατὴρ,
582 2623 591 2641 ι
605 2615 655 2642 οὐκ
671 2615 805 2653 ἐπήγαγε,
817 2615 864 2653 καὶ

76 2658 96 2694 ᾦ
119 2662 153 2689 ἂν
178 2662 307 2698 βούληται
329 2663 343 2689 6
364 2658 460 2698 Πατὴρ
483 2661 804 2696 ἀποκαλύψαι-εἰρηκὼς
824 2660 863 2693 δὲ,

79 2717 87 2732 ι
107 2708 174 2734 Οὐδὲ
187 2708 233 2734 τὸν
254 2708 364 2744 Πατέρα
379 2717 420 2740 τις
436 2708 626 2743 ἐπιγινώσκει,
640 2708 664 2735 εί
683 2707 720 2743 μὴ
732 2707 747 2733 6
762 2706 835 2739 Υίδς,
852 2715 861 2731 ι

78 2751 160 2785 Εὐθὺς
173 2754 339 2789 προσέθηκε,
356 2763 365 2780 ι
382 2754 438 2781 Καὶ
453 2750 476 2789 ᾧ
490 2754 523 2781 ἂν
536 2754 665 2790 βούληται
684 2755 699 2780 6
718 2753 782 2785 Υίὸς
797 2753 864 2779 ἀπο-

78 2797 212 2832 καλύψαυ
244 2808 253 2825 ι
276 2799 324 2825 καὶ
339 2799 369 2825 οὺ
388 2799 470 2834 μόνον
487 2798 567 2824 αὑτὸν
590 2791 728 2833 θεωρητὸν
749 2795 864 2829 πετιοίη-

914 1602 962 1629 sed
979 1599 1062 1628 Pater
1076 1608 1107 1627 ac
1115 1600 1218 1628 Filius:
1234 1603 1319 1634 quare
1331 1604 1358 1627 et
1370 1601 1427 1628 hac
1438 1602 1528 1635 posuit
1539 1598 1660 1634 nomina,
1675 1607 1705 1628 ιιι

914 1653 948 1674 ex
962 1646 1005 1674 his
1014 1645 1126 1682 689m
1142 1645 1209 1681 ipsis
1226 1647 1357 1673 unitatem
1373 1645 1534 1673 substantiae
1552 1646 1703 1673 discamus.

916 1701 926 1718 ι
946 1691 1030 1720 Nemo
1041 1693 1126 1724 enim,
1137 1690 1319 1726 inquit,novit
1330 1689 1439 1723 Filium,
1454 1688 1506 1718 nisi
1516 1688 1608 1723 Pater,
1619 1699 1707 1726 neque

913 1737 1023 1766 Patrem
1032 1737 1095 1772 quis
1112 1738 1198 1771 novit,
1212 1737 1264 1765 nisi
1281 1736 1375 1764 Filius.
1388 1745 1397 1763 ι
1411 1735 1549 1764 Vocabula
1573 1744 1582 1762 ι
1600 1744 1679 1765 nemo
1694 1747 1704 1762 ›

914 1788 1068 1812 creaturam
1080 1783 1201 1812 denotat.
1214 1778 1331 1810 Exciusa
1346 1780 1436 1809 autem
1453 1780 1578 1810 creatura
1596 1782 1707 1810 demon-

914 1829 983 1858 strat
1003 1837 1164 1866 permanere
1178 1837 1240 1857 eutn
1255 1828 1300 1864 qui
1314 1822 1447 1856 creaturis
1461 1827 1585 1863 superior
1594 1833 1646 1861 est,
1660 1834 1707 1864 ge-

915 1878 997 1906 nitori
1017 1874 1350 1910 naturalitercopulatum.
1368 1883 1378 1901 ι
1398 1873 1484 1902 Nemo
1508 1875 1583 1901 navit
1597 1870 1706 1906 Filium,

913 1924 967 1952 nisi
984 1924 1076 1956 Pater,
1089 1930 1177 1961 neque
1195 1913 1305 1949 Patrem
1318 1921 1381 1956 quis
1397 1921 1483 1954 novit,
1498 1918 1550 1949 nisi
1564 1911 1708 1955 Filiuspct

914 1970 959 1999 cui
975 1966 1090 1998 voluerit
1104 1967 1190 1995 Filius
1202 1960 1333 1994 revelare.
1351 1971 1361 1993 ι
1455 2002 1458 2004 η
1490 2003 1493 2008 Ι

916 2017 1027 2054 Πατέρα
1049 2024 1092 2048 τις
1118 2012 1305 2048 ἐπιγινώσκει,
1319 2013 1344 2039 εί
1371 2011 1437 2048 μὴὸ
1453 2006 1527 2046 Υἱὸς,
1553 2008 1602 2039 καὶ
1627 2006 1649 2048 ᾦ
1674 2011 1708 2040 ἂν

948 2098 1046 2126 Dicant
1063 2094 1185 2124 veritatis
1199 2094 1303 2126 hostes.
1326 2092 1460 2129 quomodo
1479 2095 1606 2127 apol-teat
1632 2092 1708 2120 Scri-

914 2149 1022 2182 pturam
1034 2142 1140 2178 legere;
1160 2139 1292 2168 liltera‘ene
1307 2139 1456 2171 adha‘xer‘e,
1469 2144 1503 2165 an
1518 2143 1628 2164 sensum
1643 2145 1708 2172 per-

915 2190 1043 2220 scrutari.
1058 2185 1091 2217 Et
1110 2189 1133 2216 si
1147 2188 1199 2215 hoc
1215 2186 1329 2214 alterum
1346 2185 1474 2218 dixerint,
1489 2185 1596 2212 discant
1610 2184 1652 2211 vel
1673 2191 1708 2211 ex

915 2231 1132 2272 dictiSpropriis,
1149 2233 1176 2262 in
1206 2233 1263 2261 suis
1281 2239 1390 2267 quoque
1419 2231 1650 2268 propositionibus
1681 2231 1708 2258 id

915 2290 1006 2318 agere,
1022 2287 1049 2310 et
1062 2289 1152 2309 veram
1164 2287 1254 2308 rerum
1267 2278 1412 2314 exquirere
1426 2277 1643 2312 intelligentiam.
1658 2276 1707 2304 Sin

915 2324 1007 2358 dieant
1020 2325 1145 2356 sufﬁcere
1159 2327 1213 2353 vim
1227 2323 1324 2353 litterae
1341 2324 1374 2351 ad
1390 2327 1543 2351 accuratam
1557 2323 1595 2350 rei
1620 2324 1709 2350 decia-

917 2375 1063 2408 rationem,
1081 2382 1113 2402 ex
1132 2372 1278 2409 propositis
1306 2371 1397 2399 verbis
1420 2370 1577 2397 eorumtlem
1598 2376 1708 2395 sensum

916 2428 1039 2456 arguam.
1064 2416 1235 2454 Comperilur
1263 2416 1334 2445 enim
1370 2413 1575 2450 inintelligibilis
1605 2411 1709 2443 Filius.

917 2466 998 2495 Pater
1023 2471 1113 2493 autem
1143 2461 1344 2500 inteliigibilis:
1366 2465 1393 2489 et
1421 2461 1467 2488 ille
1500 2459 1609 2495 quidem
1635 2459 1708 2486 inco-

916 2509 1052 2551 gitabiiis,
1073 2509 1153 2541 Pater
1178 2517 1268 2540 autem
1282 2509 1407 2539 visibilis.
1435 2508 1503 2537 Nam
1521 2513 1581 2536 cum
1607 2506 1641 2534 de
1664 2513 1708 2534 se-

917 2561 977 2596 ipso
1011 2560 1140 2587 Dominus
1168 2558 1293 2586 Christus
1323 2552 1457 2589 dixisset,
1489 2564 1499 2580 ι
1523 2553 1608 2581 Nemo
1635 2553 1709 2580 norit

919 2595 1029 2639 filium,
1044 2606 1094 2632 nisi
1107 2595 1198 2637 Pater,
1215 2607 1224 2629 ι
1240 2611 1292 2630 non
1308 2603 1420 2635 addidit,
1434 2606 1462 2629 et
1477 2601 1521 2629 cui
1532 2600 1646 2628 voluerit
1657 2599 1708 2626 Pa-

918 2657 961 2680 ter
974 2651 1105 2680 revelare.
1123 2646 1189 2677 Cum
1218 2656 1283 2676 vero
1310 2648 1434 2680 dixisset,
1462 2656 1472 2673 ι
1491 2653 1580 2681 neque
1599 2644 1708 2672 Patrem

918 2699 979 2734 quis
993 2698 1069 2726 novit
1085 2697 1135 2724 nisi
1151 2691 1243 2727 Filius,
1265 2703 1273 2720 ι
1288 2695 1380 2721 statim
1395 2693 1524 2726 subdidit,
1543 2702 1552 2719 ι
1571 2697 1597 2720 et
1607 2692 1648 2719 cui
1662 2699 1707 2717 vo-

917 2738 998 2773 luerit
1020 2735 1104 2771 Filius
1132 2739 1261 2770 revelare.
1277 2749 1287 2766 ι
1312 2738 1405 2774 Neque
1435 2738 1522 2766 solum
1550 2737 1708 2765 noscibilcm

919 2793 982 2821 fecit
995 2790 1119 2824 Patrem,
1135 2787 1182 2817 sed
1197 2787 1266 2815 hanc
1281 2793 1295 2814 a
1307 2792 1356 2814 sua
1379 2788 1513 2820 potestate
1525 2784 1642 2820 pendere
1660 2787 1707 2810 co-

113 2888 135 2904 ¹⁶
149 2887 245 2917 Matth.
262 2895 300 2922 st,
315 2888 361 2917 21.
401 2888 422 2905 "
440 2887 510 2916 Psal.
530 2895 567 2919 cu,
583 2886 677 2914 26-28.
717 2885 738 2901 "'
754 2884 823 2913 νέαι.
842 2890 901 2918 out,
920 2882 943 2909 i.

241 2935 374 2966 Pnnon.
400 2934 461 2966 Gn.
484 2933 608 2964 LXXV.

1501 2912 1548 2949 '37
