1927 3036
230 153 298 180 “63

758 150 787 177 S.
808 149 947 178 CYRILLI
967 149 1198 178 ALEXANDRINI
1218 149 1377 178 ARCHIEP.

1806 149 1874 177 “ﬁt

230 212 378 246 gnitionem
397 209 554 238 declaravit.
570 209 654 236 Porro
679 207 784 234 etiamsi
813 207 910 234 millies
923 207 1018 234 adver-

1073 215 1130 238 κεν,
1155 207 1223 234 ἀλλὰ
1252 207 1299 233 καὶ
1320 207 1371 242 τῆς
1394 205 1498 238 οἰκείας
1522 205 1646 239 ἐξουσίας
1671 204 1727 240 τὴν
1751 204 1873 240 οεωρίαν

230 265 278 285 sus
294 256 392 284 Filium
407 255 487 290 impie
498 261 588 290 agere,
605 257 684 289 prout
699 251 796 285 solent,
813 252 957 285 voluerim,
968 260 1017 281 nos

232 304 420 339 blasphemam
446 302 608 330 sententiam
636 299 671 327 de
698 299 752 326 Deo
777 298 861 336 Patre
879 299 1017 334 suscipere

232 357 284 378 non
294 350 420 378 feremus.
435 347 575 375 Credimus
586 346 657 373 enim
670 345 831 373 invisibilem
845 350 873 372 et
888 345 1017 380 incogita.

231 397 311 425 bilem
327 402 387 423 esse
397 392 574 421 universalem
593 392 685 418 Deum.
706 390 774 419 Nam
799 391 936 426 quomodo
976 391 1017 418 in-

162 436 168 446 ’
210 439 480 476 :compreltensibilis
506 438 592 466 Filius
615 438 650 466 sit
668 438 727 473 ejus
750 438 796 473 qui
821 436 1016 472 comprehendi

231 487 336 523 potest?
347 486 419 521 Ergo
427 485 535 512 Patrem
548 492 624 520 mque
641 491 673 512 ac
681 484 778 511 Filium
795 483 1016 519 inintelligibiles,

231 533 384 560 inaccessos
405 530 745 566 incomprehensibilesque
759 530 885 566 dicimus.
900 529 1017 557 Revela-

230 578 253 605 ri
263 582 354 605 autent
369 584 384 604 a
399 576 478 604 Patre
487 576 569 615 etiam
580 575 641 603 Filii
658 576 781 603 notitiam
790 575 928 603 credimus
943 582 1018 602 men-

230 623 265 650 tis
277 622 384 650 visuiet
397 621 457 649 iidci
473 620 705 656 contemplationi.
721 630 730 647 ι
753 620 840 648 Nemo
868 620 942 648 novit
968 620 1017 648 Fi-

230 668 305 701 lium,
318 667 371 695 nisi
385 667 477 699 Pater,
490 673 579 702 neque
590 667 700 694 Patrem
715 668 776 701 quis
794 667 878 699 novit,
901 666 952 693 nisi
973 665 1018 693 Fi-

230 715 292 741 lius.
307 722 316 739 »
336 713 369 741 Et
388 713 442 741 alio
454 713 512 741 loco
530 722 536 740 :
559 722 568 739 ι
585 712 660 740 Sicut
692 713 833 748 cognoscit
862 720 907 740 me
925 712 1016 745 Pater,

229 764 317 794 etego
337 765 470 794 cognosco
490 758 599 786 Patrem
611 758 644 786 “.
660 768 670 786 ν
685 758 762 786 ilaud
783 758 923 786 enimvero
949 757 1019 786 alter

230 804 338 838 quidem
350 804 447 840 magis,
464 804 535 832 alter
553 805 652 838 minus,
668 805 715 833 sed
727 805 860 840 quomodo
872 812 1015 840 cognosco,

230 851 266 878 ita
278 854 306 878 et
324 858 482 885 cognoscor.

245 962 352 1000 690m
368 960 425 989 XII.
443 961 518 994 Quod
529 969 578 995 par
595 961 626 987 tit
646 960 734 988 Patris
751 965 773 987 et
795 959 861 987 Filii
870 959 997 995 potentia.

264 1062 382 1094 Quorum
400 1066 462 1094 ergo
477 1057 550 1085 notio
561 1057 673 1092 aequalis
688 1062 740 1089 est,
756 1057 851 1083 horum
874 1055 958 1084 etiam
970 1062 1019 1090 po-

232 1105 313 1134 tentia
330 1104 449 1139 :equalis.
462 1103 677 1137 Quorumautem
693 1102 805 1137 aequalis
814 1101 942 1137 potentia,
972 1100 1019 1128 ho-

231 1159 289 1179 rum
300 1151 403 1178 scilicet
416 1149 566 1188 substantia
581 1155 688 1184 quoque
706 1155 758 1175 una
786 1152 839 1175 est.
855 1147 931 1181 Quod
955 1153 1020 1174 vero

230 1196 319 1224 Patris
336 1203 368 1224 ac
386 1194 449 1222 Filii
465 1195 577 1231 :equalis
592 1195 626 1222 sit
642 1194 774 1230 potentia,
789 1194 845 1228 ipse
865 1200 959 1220 rursus
971 1199 1020 1220 nos

231 1241 353 1270 Salvator
364 1239 455 1268 docuit
467 1241 503 1268 ita
516 1240 610 1267 dicens
620 1247 628 1266 :
647 1248 656 1265 ι
669 1239 718 1272 Qui
728 1243 789 1266 sunt
799 1246 831 1266 ex
840 1238 934 1265 ovibus
941 1237 1018 1270 meis,

230 1288 257 1315 lii
275 1294 366 1315 vocem
380 1293 467 1314 meam
483 1286 605 1318 audiunt,
621 1289 649 1313 et
664 1292 712 1319 ego
728 1292 792 1312 oves
823 1291 897 1312 meas
921 1290 1021 1318 cogno-

229 1340 287 1364 sco.
306 1339 364 1367 quae
375 1338 417 1359 me
432 1336 593 1365 sequuntur,
605 1334 633 1358 et
649 1330 731 1357 vitam
746 1334 875 1356 sternam
901 1336 950 1364 ego
968 1328 1020 1357 illis

230 1379 274 1411 do,
290 1382 318 1407 et
332 1378 358 1405 in
371 1381 502 1405 aeternum
515 1383 568 1403 non
589 1375 729 1411 peribunt;
756 1381 844 1410 neque
869 1381 915 1402 eas
946 1373 1021 1410 quis-

231 1432 310 1460 quam
332 1424 366 1452 de
392 1430 474 1450 manu
490 1429 549 1450 mea
561 1422 658 1457 rapiet.
672 1421 761 1454 Pater,
787 1421 833 1456 qui
851 1421 924 1449 dedit
943 1420 1019 1454 mihi,

230 1471 317 1506 tnajor
339 1470 464 1498 omnibus
493 1472 546 1502 est,
576 1475 708 1502 nemoque
721 1467 754 1495 de
766 1474 846 1494 manu
857 1466 946 1494 Patris
967 1466 1021 1494 mei

230 1520 433 1552 raperepotest.
449 1515 504 1550 Ego
517 1519 544 1542 et
561 1513 640 1542 Pater
653 1521 736 1541 unum
750 1521 844 1541 sumus
856 1513 889 1541 ".
906 1521 915 1538 ι
926 1512 1020 1540 Anim-

1069 253 1227 288 ἐξήρτησεν.
1252 252 1333 279 Ἀλλὰ
1347 252 1399 279 κᾶν
1415 252 1545 287 μυριάκις
1560 253 1599 284 είς
1612 252 1659 279 τὸν
1674 252 1742 279 Υίδν
1761 252 1872 278 ἀσεϐεῖν

1069 297 1214 331 ἐθέλωσιν,
1242 295 1283 329 οἷς
1307 297 1387 324 τοῦτο
1409 297 1501 332 φίλον,
1527 298 1606 332 ἡμεῖς
1634 297 1686 324 οὐκ
1713 297 1871 331 ἀνεξόμεθα

1071 343 1229 379 βλάσφημον
1244 343 1349 370 ἔννοιαν
1363 343 1560 375 καταδέξασθαι
1575 343 1640 378 περὶ
1656 342 1729 369 Θεοῦ
1747 342 1800 368 καὶ
1816 343 1870 368 Πα-

1069 389 1132 425 τρός
1145 397 1152 404 '
1166 388 1330 424 πιστεύομεν
1343 388 1397 424 γὰρ
1409 388 1523 416 ἀθέατον
1537 389 1585 416 καὶ
1596 388 1789 424 ἀπρινὸητον
1803 385 1882 433 εἶναι(

1069 435 1115 462 τὸν
1128 435 1184 462 τῶν
1204 435 1273 462 ὅλων
1289 435 1357 462 Θεόν
1370 442 1378 450 '
1407 434 1465 467 πῶς
1477 434 1532 470 γὰρ
1554 436 1568 461 ὁ
1586 435 1792 469 ἀκατάληπτος
1811 433 1871 465 Tib;

1071 480 1103 507 ἂν
1123 481 1164 516 εἴη
1178 479 1225 507 τοῦ
1237 480 1443 515 καταληφθῆναι
1456 481 1606 516 δυναμένου
1618 490 1625 513 ;
1639 480 1768 516 ὀμοίως
1780 480 1872 506 τοίνυν

1069 526 1178 561 Πατέρα
1193 526 1240 553 καὶ
1254 525 1317 553 Υἱδν
1329 526 1471 561 ἀχώρητον
1483 524 1552 553 εἷναί
1568 535 1659 562 φαμεν
1673 526 1830 559 ἀνέφικτόν
1844 534 1870 552 τι

1070 571 1117 598 καὶ
1137 572 1344 607 ἀκατάληπτον·
1367 572 1605 600 ἀποκαλύπτεσθαι
1630 572 1659 599 δέ
1684 572 1734 598 διὰ
1762 572 1871 606 Πατρὶς

1070 616 1117 642 καὶ
1136 616 1201 643 Υῑοῦ
1222 617 1272 652 τὴν
1297 616 1399 651 γνῶσιν
1418 618 1582 652 πιστεύομεν
1605 617 1643 652 τῷ
1667 617 1722 651 τῆς
1747 617 1870 648 διανοίας

1069 661 1174 696 ὀπτικῷ
1186 661 1233 688 καὶ
1242 663 1274 698 τῇ
1290 663 1338 696 τῆς
1354 662 1472 693 πίστεως
1486 661 1597 697 θεωρίᾳ·
1612 661 1726 693 «Οὐδεὶς
1735 660 1869 695 γινώσκει

1070 705 1116 733 τὸν
1130 706 1205 738 Υἰὸν,
1223 707 1247 732 εί
1262 706 1300 741 μὴ
1311 707 1325 733 6
1339 706 1447 742 Πατήρ·
1463 707 1523 733 οὐδὲ
1540 706 1586 733 τὸν
1601 706 1717 742 Πατέρα
1732 715 1778 737 τις
1790 705 1870 739 γινώ-

1071 760 1142 784 σκει.
1157 753 1182 779 ει
1200 752 1238 788 μὴ
1253 754 1266 778 6
1283 753 1362 785 Υἱός·
1383 763 1392 779 ι
1411 754 1458 780 καὶ
1471 753 1605 789 ἀλλαχοῦ·
1623 764 1632 780 ι
1652 753 1771 785 Καθὼς,
1792 753 1868 788 φησὶ,

1060 798 1199 838 Δγινώσκει
1214 807 1247 833 με
1262 799 1277 824 6
1292 798 1395 834 Πατὴρ,
1418 798 1496 832 κάγὼ
1512 798 1638 833 γινώσκω
1651 799 1698 826 τὸν
1713 799 1840 834 Πατέρα.
1856 809 1865 824 ι

1070 844 1126 879 Οὐχ
1135 845 1150 871 6
1159 844 1209 879 μὲν
1224 844 1314 877 πλέον,
1325 844 1340 871 6
1352 844 1380 871 δέ
1395 843 1515 878 ἔλαττον,
1528 845 1596 872 ἀλλὰ
1615 845 1712 877 καθὼς
1726 845 1866 879 γιὶκῦσκω,

1030 893 1053 925 Β
1068 890 1249 926 γινώσκομαι.

1069 956 1119 985 IB‘.
1147 957 1210 985 ὀτι
1235 957 1287 992 ἴση
1311 958 1365 985 τοῦ
1388 958 1503 993 Πατρός
1522 959 1572 986 καὶ
1593 959 1648 987 τοῦ
1670 959 1744 987 Υιοῦ
1769 959 1791 994 ἡ
1817 959 1868 987 δύ-

1413 1002 1512 1029 ναμις.

1105 1057 1154 1087 Ὧν
1173 1060 1263 1088 τοίνυν
1285 1062 1302 1096 ἡ
1325 1060 1426 1095 γνῶσις
1449 1061 1505 1097 ῑση,
1521 1060 1622 1088 τούτων
1644 1062 1693 1088 καὶ
1708 1061 1726 1097 ἡ
1754 1061 1868 1096 δύναμις

1070 1105 1115 1140 ῐση
1128 1115 1134 1120 ·
1155 1102 1192 1133 ὧν
1216 1106 1246 1133 δὲ
1268 1107 1284 1141 ἡ
1307 1106 1421 1142 δύναμις
1444 1106 1498 1142 ίση,
1517 1107 1617 1134 τούτων
1632 1107 1759 1143 δηλονότι
1784 1107 1832 1134 καί
1852 1107 1868 1143 ἡ

1070 1151 1148 1178 οὐσία
1167 1151 1234 1186 μία·
1257 1152 1298 1178 ὅτι
1312 1151 1340 1178 δὲ
1355 1151 1400 1186 ἴση
1420 1151 1527 1187 Ila-:96;
1549 1152 1596 1179 καὶ
1619 1151 1688 1178 Υἱοῦ
1707 1152 1725 1187 ἡ
1741 1151 1866 1187 δύναμις,

1070 1197 1151 1229 αὐτὸς
1169 1197 1242 1233 ἡμᾶς
1263 1196 1344 1224 πάλιν
1358 1198 1372 1224 6
1396 1197 1491 1233 Σωτὴρ
1506 1196 1625 1229 ἐδίδαξεν
1634 1197 1740 1224 οὑτωσὶ
1765 1197 1866 1232 λέγων·

1074 1252 1084 1269 ι
1108 1243 1140 1269 0t
1163 1244 1195 1270 ἐκ
1211 1243 1265 1270 τῶν
1283 1243 1426 1279 προϐάτων
1449 1244 1504 1271 τῶν
1527 1244 1600 1279 ἐμῶν
1620 1244 1670 1279 τῆς
1695 1244 1795 1279 φωνῆς
1820 1254 1867 1280 μου

1072 1289 1211 1322 ἀκούουσι,
1230 1289 1308 1324 κάγὼ
1320 1289 1448 1324 γινώσκω
1462 1290 1541 1321 αὐτὰ,
1556 1290 1601 1316 καὶ
1613 1289 1800 1316 ἀκολουθοῦσι
1814 1299 1866 1325 μοι,

1072 1334 1150 1369 κάγὼ
1170 1333 1243 1371 ζωὴν
1263 1335 1372 1362 αἰώνιον
1385 1335 1480 1370 δίδωμι
1505 1336 1607 1367 αὐτοῖς,
1624 1335 1671 1362 καὶ
1688 1335 1722 1362 οὺ
1741 1336 1781 1371 μὴ
1805 1336 1868 1363 ἀπο-

1071 1380 1179 1407 λοῦνται
1196 1381 1235 1413 εες
1250 1381 1295 1407 τὸν
1312 1381 1408 1413 αἰῶνα,
1426 1381 1480 1408 οὐδ’
1499 1381 1530 1408 οὐ
1548 1382 1584 1416 μή
1604 1390 1646 1413 τις
1666 1381 1785 1417 ἁρπάσῃ
1801 1382 1867 1408 αὐτὰ

1072 1427 1105 1453 ἐκ
1117 1426 1167 1462 τῆς
1187 1427 1277 1462 χειρός
1296 1435 1346 1461 μου
1357 1434 1364 1442 ·
1382 1427 1396 1453 6
1410 1427 1515 1463 Πατὴρ,
1528 1426 1557 1458 ὃς
1573 1427 1673 1453 δέδωκέ
1689 1436 1748 1462 μοι,
1769 1427 1867 1462 μείζων

1072 1473 1182 1500 πάντων
1204 1472 1273 1504 ἐστὶ,
1299 1472 1346 1499 καὶ
1370 1472 1456 1504 οὐδεὶς
1478 1471 1588 1498 δύναται
1613 1473 1740 1508 ἁρπάσαι
1765 1474 1800 1500 ἐκ
1821 1474 1867 1507 τῆς

1073 1519 1162 1555 χειρὸς
1174 1517 1220 1545 τοῦ
1236 1518 1342 1553 Πατρός
1355 1527 1415 1553 μου.
1432 1518 1502 1553 Ἐγὼ
1518 1519 1564 1545 καὶ
1573 1520 1586 1545 ὁ
1600 1519 1677 1554 Πατὴ
1682 1528 1698 1555 ρ
1711 1519 1742 1546 ἓν
1756 1520 1864 1554 ἐσμεν.»

229 1563 341 1592 adverte
353 1561 486 1597 quomodo
500 1567 554 1588 non
563 1559 722 1595 simpliciter
731 1559 831 1594 posuit,
841 1567 850 1584 ι
861 1558 915 1594 Ego
925 1563 953 1586 et
966 1557 1018 1586 Pa-

1075 1565 1173 1601 ⁶Ορᾶτε
1193 1564 1252 1596 πῶς
1266 1564 1315 1600 οὐχ
1329 1564 1422 1595 ἁπλῶς
1445 1564 1552 1591 τέθεικε
1567 1565 1596 1591 τὺ
1615 1575 1624 1591 ι
1635 1564 1709 1598 Ἐγὼ
1722 1565 1773 1592 καὶ
1787 1566 1801 1590 6
1815 1565 1866 1591 Πα-

233 1612 275 1638 ter
303 1615 386 1636 unum
404 1614 508 1640 sumus,
525 1616 534 1632 ι
562 1606 713 1641 praevidens
737 1605 840 1633 scilicet
861 1604 1016 1632 haereticam

233 1655 375 1686 malitiam,
390 1660 425 1681 ne
438 1654 469 1681 de
479 1652 592 1681 consilio
604 1659 636 1680 ac
650 1651 788 1679 voluntate
798 1651 868 1679 hanc
883 1650 1016 1686 intellige-

232 1705 292 1728 rent
303 1700 459 1727 dictionem.
476 1698 529 1726 Sed
547 1698 634 1733 primo
646 1698 772 1732 potentia:
788 1696 942 1731 aequalitate
962 1701 1018 1724 sta-

232 1745 318 1778 bilita,
335 1748 426 1780 postea
437 1744 536 1771 dictum
560 1743 723 1771 sententiam
749 1742 873 1777 subjecit.
896 1741 1018 1777 Namque

232 1791 339 1824 ovibus,
353 1790 449 1826 inquit,
464 1796 508 1818 me
520 1789 696 1824 sequentibus
709 1789 791 1816 vitam
815 1793 944 1816 aeternam
969 1795 1018 1823 ego

233 1837 315 1870 do,ut
325 1836 396 1864 nulla
412 1844 444 1864 ex
458 1836 491 1863 iis
500 1840 592 1870 pereat
605 1836 632 1863 in
647 1839 787 1863 aeternum.
801 1834 868 1868 Quis
888 1834 961 1862 enim
976 1838 1019 1862 est

234 1885 333 1914 tantus,
350 1886 379 1909 ut
394 1881 427 1909 de
440 1888 522 1908 manu
532 1887 590 1908 mea
608 1886 703 1914 rapere
714 1879 811 1914 possit,
824 1878 954 1914 quidquid
967 1879 1018 1907 sub

234 1933 278 1954 me
294 1931 402 1962 pastore
412 1925 508 1954 fuerit?
521 1924 589 1953 Nam
599 1924 858 1960 sicuti-impossibile
872 1928 915 1952 est
923 1931 1019 1960 quem-

232 1980 313 2008 quam
324 1972 414 2000 Patris
429 1973 540 2000 dextera
553 1971 642 2006 potiri,
655 1971 701 2006 qui
717 1970 802 2006 major
812 1970 939 1999 omnibus
966 1975 1017 2003 est.

233 2019 271 2046 ita
280 2018 339 2046 ﬂeri
353 2017 485 2053 nequitut
497 2016 612 2052 quilibet
635 2017 788 2051 quempiam
810 2017 935 2051 diripiat.
970 2015 1018 2050 qui

234 2072 301 2093 uiae
321 2064 449 2093 custodia:
460 2063 494 2092 sit
508 2063 635 2091 traditus.
654 2063 759 2091 Etenim
777 2071 786 2088 ι
811 2062 868 2100 Ego
885 2067 912 2090 et
939 2063 1020 2094 Pater

234 2119 317 2140 unum
331 2118 434 2139 sumus.
456 2119 466 2135 ι
485 2110 599 2140 Ubinam
621 2116 685 2144 ergo
704 2108 791 2144 majus
808 2114 836 2136 et
867 2108 977 2137 minus?
991 2107 1019 2136 Si

233 2156 306 2185 enim
320 2163 466 2191 teque,nec
481 2154 566 2182 eFilii
592 2162 683 2187 nianu,
703 2161 790 2189 neque
817 2154 880 2181 item
907 2162 941 2181 ex
969 2153 1020 2181 Pa-

235 2203 284 2230 tris
298 2210 379 2229 manu
390 2200 618 2237 potestquispiam
634 2207 737 2235 rapere.
767 2199 862 2233 majori
894 2207 947 2227 non
978 2203 1021 2226 est

1070 1610 1124 1646 τὴρ
1140 1610 1169 1637 ἓν
1187 1611 1281 1645 ἐσμεν,
1301 1619 1310 1635 t
1325 1609 1449 1645 προορῶν
1468 1610 1518 1646 τὴν
1531 1610 1673 1646 αίρετικὴν
1690 1611 1864 1645 κακοήθειαν,

1071 1655 1116 1682 ἵνα
1139 1655 1177 1691 μὴ
1190 1655 1248 1688 ,ἐπὶ
1269 1654 1441 1690 βουλήματος
1457 1656 1504 1681 καὶ
1519 1655 1672 1691 θελήματος
1696 1657 1805 1692 ταύτην
1823 1656 1865 1682 λὰ-

1070 1700 1138 1727 6ωσι
1162 1700 1212 1736 τὴν
1235 1701 1342 1736 φωνήν·
1366 1701 1434 1728 ἀλλὰ
1455 1701 1588 1738 πρότερον
1604 1701 1635 1729 τὸ
1658 1702 1709 1737 τῆς
1726 1702 1864 1738 δυνάμεως

1072 1747 1129 1774 [σον
1157 1744 1384 1780 ὀιατασκευάσας,
1409 1747 1483 1774 οὕτω
1511 1748 1613 1783 ταύτην
1638 1748 1787 1783 ἐπήγαγε·
1813 1749 1865 1779 τοῖς

1068 1793 1125 1828 γὰρ
1149 1792 1306 1828 προϐάτοις,
1331 1793 1409 1827 φησὶ,
1434 1794 1492 1824 τοῖς
1517 1792 1695 1819 ἀκολουθοῦσί
1721 1802 1769 1829 μοι
1797 1793 1865 1828 ζωὴν

1071 1837 1180 1865 αἰώνιον
1201 1829 1296 1873 δίδωμί
1312 1838 1379 1872 ἐγὼ,
1394 1837 1431 1869 ὡς
1449 1837 1533 1873 μηδὲν
1553 1838 1582 1872 ἐξ
1602 1838 1693 1864 αὐτῶν
1717 1838 1864 1865 ἀπολέσθαι

1071 1884 1111 1916 εἰς
1127 1883 1172 1910 τδν
1187 1884 1286 1911 αἰῶνα·
1311 1883 1354 1916 τίς
1372 1884 1426 1920 γάρ
1449 1885 1507 1910 ἐστι
1530 1883 1656 1916 τοσοῦτος
1677 1884 1718 1916 ὡς
1740 1885 1863 1919 ἁρπάσαι

1071 1930 1104 1957 ἐκ
1118 1929 1167 1965 τῆς
1182 1930 1272 1965 χειρός
1288 1938 1339 1966 μου
1353 1929 1504 1965 δυνηθῆναι
1519 1929 1554 1956 τὰ
1569 1929 1615 1957 ὑπ’
1627 1929 1696 1965 ἐμοῦ
1722 1930 1864 1965 ποιμαινό-

1068 1970 1157 2011 ¹μενοά
1173 1975 1268 2011 ὥσπερ
1283 1975 1337 2011 γὰρ
1350 1976 1400 2011 τῆς
1420 1973 1510 2007 δεξιᾶς
1523 1975 1568 2002 τοῦ
1583 1975 1702 2011 Πατρὸς,
1719 1975 1750 2007 ὃς
1767 1976 1864 2011 μείζων

1073 2024 1182 2051 πάντων
1195 2024 1322 2060 ὑπάρχει,
1336 2023 1476 2060 ἀμήχανόν
1487 2031 1548 2050 τινα
1562 2023 1768 2059 περιγενέσθαι,
1781 2022 1863 2054 οὕτως

1072 2068 1203 2095 ἀδύνατον
1217 2068 1374 2104 ἀρπαγῆναί
1390 2075 1451 2094 τινα
1471 2067 1528 2094 τῶν
1550 2067 1596 2094 ὑπ’
1611 2067 1679 2102 ἐμοῦ
1696 2067 1863 2103 φρουρουμὲ-

1072 2121 1140 2141 νων’
1159 2123 1169 2140 ι
1191 2114 1262 2148 Ἐγὼ
1276 2113 1331 2149 γὰρ
1345 2114 1391 2140 καὶ
1405 2113 1420 2140 6
1440 2113 1535 2149 Πατὴρ
1552 2113 1582 2139 ἐν
1595 2113 1690 2148 ἐσμεν.
1711 2121 1721 2138 ι
1739 2112 1797 2139 Ποῦ
1809 2114 1862 2139 τοι-

1072 2167 1119 2186 νυν
1132 2159 1164 2188 τὸ
1186 2159 1278 2196 μεῖξον
1298 2160 1348 2187 καὶ
1359 2160 1390 2186 τὸ
1405 2159 1535 2192 ἐλαττονς
1557 2159 1588 2186 Et
1601 2158 1656 2194 γὰρ
1670 2159 1785 2194 ὁμοίως,
1805 2159 1861 2185 οὔτε

1073 2207 1105 2233 ἐκ
1119 2205 1170 2241 τῆς
1180 2205 1271 2240 χειρὸς
1285 2204 1332 2231 τοῦ
1346 2204 1423 2238 Υίοῡ,
1440 2204 1501 2231 οὕτε
1516 2205 1548 2231 ἐκ
1567 2205 1616 2239 τῆς
1628 2204 1722 2239 χειρὸς
1741 2204 1791 2230 τοῦ
1811 2205 1862 2231 Πα-

234 2249 318 2277 locus.
332 2247 365 2274 Et
380 2247 518 2283 quoniam,
531 2247 593 2281 quia
606 2247 691 2280 major
717 2246 841 2274 omnibus
867 2245 947 2274 Pater
968 2250 1018 2279 estl

1072 2252 1146 2287 τρδς,
1161 2251 1283 2287 ἁρπάσαι
1293 2259 1336 2283 τις
1345 2251 1466 2284 δύναται,
1479 2251 1508 2277 τὸ
1520 2250 1612 2285 μεῖζον
1622 2249 1716 2285 χώραν
1727 2251 1780 2276 οὐκ
1791 2250 1844 2284 ἔχει
1853 2258 1859 2264 ·

235 2301 314 2322 nemo
326 2300 420 2328 rapere
443 2297 532 2327 potest
542 2291 575 2319 de
585 2299 664 2318 manu
680 2290 738 2325 ejus
751 2312 758 2325 ,
785 2292 906 2326 sequitur
919 2297 948 2319 ut
961 2299 1019 2319 ma-

232 2341 276 2375 jor
290 2340 416 2367 omnibus
427 2338 511 2366 Ftllus
522 2345 630 2372 quoque
648 2338 693 2372 sit,
708 2338 834 2373 quoniam
854 2346 929 2373 atque
940 2346 1020 2366 nemo

235 2389 268 2414 de
282 2392 363 2412 manu
377 2383 435 2418 ejus
453 2390 548 2418 rapere
578 2387 675 2417 potest.
702 2384 763 2412 Ideo
786 2384 905 2412 addidit:
926 2394 935 2410 ι
963 2385 1020 2421 Ego

235 2435 260 2458 ct
273 2430 352 2457 Pater
366 2437 448 2456 unutn
464 2436 567 2456 sumus.
587 2438 596 2455 ι
614 2429 680 2458 Nam
697 2430 720 2457 si
737 2430 854 2457 litteram
869 2430 958 2458 denuo
975 2437 1018 2458 se-

235 2483 361 2512 quemur,
372 2475 469 2502 Filium
488 2475 658 2510 prmpositutn
676 2475 841 2504 videbimus:
856 2485 865 2502 ι
877 2476 934 2511 Ego
947 2477 1019 2503 enim

235 2521 315 2553 dixit,
326 2524 352 2547 et
365 2519 461 2547 Pater:
475 2528 483 2546 ι
500 2527 564 2552 non,
574 2518 654 2548 Pater
661 2525 687 2547 et
695 2519 761 2555 Ego.
776 2521 1021 2557 Demonstrataque

236 2573 411 2602 personarum
425 2566 566 2598 dualitate,
581 2566 847 2600 praedicavitnaturaa
874 2567 1017 2595 unitatem.

236 2613 302 2640 Nam
317 2612 438 2644 dicendo.
452 2612 506 2647 Ego
530 2616 556 2639 et
567 2611 656 2644 Pater,
688 2620 829 2639 numerum
843 2621 1018 2648 personarum

235 2659 314 2696 691
327 2667 352 2685 m
372 2658 535 2694 signiﬁcavit
548 2668 554 2685 :
568 2659 692 2686 addendo
712 2664 810 2692 autent,
830 2668 839 2684 ι
860 2668 942 2686 unum
973 2668 1020 2687 sn-

237 2714 326 2738 tnus,»
344 2706 469 2739 potentiue
495 2705 688 2732 demonstravit
721 2705 874 2739 puritatem.
899 2705 1019 2739 Quorum

236 2752 326 2786 itaque
337 2750 448 2786 aequalis
469 2755 510 2777 est
529 2751 614 2783 notio,
629 2751 748 2786 potcnlia
762 2759 867 2788 quoque
882 2757 908 2780 ct
926 2752 1018 2780 t'olnn-

270 2841 291 2857 "
307 2841 384 2868 Joan.
405 2847 430 2870 Χ.
452 2839 493 2865 15.
532 2839 554 2854 ’⁸
570 2838 634 2865 ibid.
655 2839 749 2866 97-30.

1072 2298 1119 2324 ttat
1132 2296 1225 2332 ἐπειδὴ
1239 2297 1348 2324 πάντων
1364 2295 1464 2332 μείζων
1484 2297 1499 2322 6
1524 2295 1630 2331 Πατὴρ,
1646 2295 1736 2327 οὐδεὶς
1751 2296 1860 2322 δύναται

1073 2343 1196 2377 ἁρπάσαι
1212 2344 1244 2370 ἐκ
1256 2343 1305 2378 τῆς
1318 2343 1408 2378 χειρὸς
1422 2341 1504 2369 αὐτοῦ
1514 2350 1521 2358 ·
1538 2341 1638 2376 μείζων
1653 2341 1709 2377 ἄρα
1727 2342 1836 2368 πάντων
1849 2342 1863 2367 6

1074 2389 1148 2422 Υἱὸς,
1166 2389 1260 2425 ἐπειδὴ
1278 2389 1377 2424 ὁμοίως
1390 2388 1478 2420 οὐδεὶς
1491 2389 1523 2414 ἐκ
1536 2388 1587 2421 τῆς
1608 2387 1700 2422 χειρὸς
1716 2387 1801 2415 αὐτοῦ
1817 2389 1860 2422 ἁρ-

1072 2436 1157 2462 πάσαι
1179 2435 1290 2462 δύναται
1303 2443 1310 2451 ·
1327 2435 1367 2462 διὸ
1383 2436 1532 2470 ἐπήγαγεν,
1550 2443 1560 2460 ι
1584 2433 1655 2468 Ἐγὼ
1672 2436 1719 2460 καὶ
1734 2436 1749 2461 6
1770 2435 1860 2469 Πατὴρ

1073 2482 1102 2508 ἐν
1128 2483 1221 2517 ἐσμεν.
1234 2491 1243 2508 t
1260 2482 1308 2508 “Av
1325 2481 1378 2517 γὰρ
1396 2481 1435 2516 τῷ
1456 2481 1599 2516 γράμματι
1618 2480 1701 2506 πάλιν
1719 2480 1861 2514 ἀκολουθὴ-

1074 2514 1303 2564 σωμεν-,ὀψόμεθα
1317 2514 1439 2554 τδνγιὸν
1454 2514 1683 2562 προτεταγμένον·
1691 2535 1702 2552 ι
1714 2525 1788 2560 ἐγὼ
1799 2527 1858 2561 γὰρ,
1870 2514 1876 2534 ί

1073 2571 1144 2606 εἷπε,
1157 2574 1204 2600 καὶ
1218 2575 1232 2600 6
1245 2574 1364 2608 Πατὴρ,›
1378 2574 1426 2608 οὐχ
1438 2573 1452 2598 6
1463 2572 1558 2607 Πατὴρ
1572 2571 1619 2598 καὶ
1632 2570 1699 2605 ἐγώ·
1714 2571 1763 2598 καὶ
1776 2571 1858 2602 δείξας

1071 2619 1121 2655 τὴν
1134 2619 1188 2645 τῶν
1203 2619 1358 2655 προσώπων
1371 2619 1464 2650 δυάδα,
1481 2617 1597 2653 ἐκήρυξε
1619 2617 1668 2652 τὴν
1692 2617 1744 2652 τῆς
1758 2616 1858 2651 φύσεως

1070 2664 1233 2700 ταυτότητα.
1253 2664 1298 2699 Τῷ
1320 2664 1373 2700 γὰρ
1396 2665 1482 2691 εἰπεῖν
1502 2662 1573 2697 Ἐγὼ
1596 2662 1643 2689 καὶ
1665 2663 1680 2688 6
1696 2663 1803 2697 Πατὴρ,
1819 2660 1858 2686 τὸν

1069 2711 1187 2745 ἀριθμὸν
1202 2711 1256 2737 τῶν
1269 2711 1443 2737 ὑποστάσεων
1456 2710 1576 2745 ἐσήμανε
1586 2718 1592 2725 '
1611 2710 1641 2735 τὸ
1656 2709 1685 2735 δὲ
1703 2708 1856 2742 ἐπαγαγεῖν,

1077 2754 1274 2791 ιὲσμὲνηένρτὺ
1288 2754 1338 2790 τῆς
1351 2755 1491 2790 δυνάμεως
1499 2752 1855 2790 ἑδήλωσενὰπαράλλακτον·
