1927 3036
220 147 287 176 “67

717 145 744 171 S.
766 143 900 171 CYRILLI
919 132 1152 172 ΑιΕΧΑΝωιιΜ
1172 143 1333 171 λΒΩΗΙΕΡ.

1793 143 1863 171 H53

221 207 254 233 do
284 203 388 238 tneipso
409 206 505 233 testor,
529 198 712 227 testimonium
733 206 822 226 meum
841 206 933 227 verum
956 204 1009 232 est,

1072 200 1126 234 rapi
1149 199 1269 234 ἐμαυτοῦ
1296 199 1438 234 μαρτυρῶ,
1467 199 1484 234 ἠ
1509 199 1648 235 μαρτυρία
1672 207 1729 234 μου
1756 199 1862 235 ἀληθής

221 251 284 286 quia
301 249 373 276 solus
390 255 443 276 non
458 255 528 279 smn,
550 246 598 273 sed
612 252 662 280 ego
684 249 711 272 et
725 245 770 279 qui
794 245 869 272 misit
891 251 934 271 me
956 245 1008 272 Pa-

223 302 274 324 ter.
301 295 328 322 ln
345 298 435 322 vestra
456 298 565 327 quoque
580 290 639 325 lege
663 290 793 324 scriptum
812 294 867 324 est,
893 289 1009 317 duorum

225 341 364 369 hominum
389 337 584 368 testimonium,
600 342 693 362 verum
711 335 839 370 judicari.
866 334 938 362 Ecce
959 341 1010 369 ego

223 389 257 414 de
269 394 311 413 me
326 389 425 416 testor,
440 388 571 417 meusque
588 380 669 409 simul
685 381 718 408 de
731 387 784 414 me,
801 380 847 415 qui
862 387 907 407 me
925 380 1010 412 misit,

225 433 305 461 Pater
317 435 441 459 testatur.
460 427 590 455 Dicebant
607 433 674 461 ergo
689 426 714 454 ei
729 425 815 454 Judaei
833 435 840 454 :
860 434 870 452 ι
892 424 1010 453 Ubinam

225 485 266 508 est
288 479 367 506 Pater
390 475 472 504 tuus?
489 473 647 509 Respondit
668 473 709 500 eis
731 470 811 500 Jesu's
827 481 834 500 :
851 471 945 506 Neque
967 479 1012 499 me

227 526 314 557 scitis,
329 530 417 559 neque
430 521 540 549 Patrem
551 526 652 547 meum.
668 518 698 546 Si
713 525 757 546 me
772 517 890 552 sciretis,
903 517 1011 545 Patrem

224 577 331 607 quoque
348 575 440 596 meum
453 566 563 594 sciretis
578 565 612 592 “.
635 573 645 591 ι
668 563 763 599 Papae!
782 567 883 599 quanta
897 567 940 591 est
959 563 1014 590 hae-

224 616 373 644 reticorum
391 612 516 641 insaniat
532 615 634 646 quanto
644 609 777 638 elaborant
797 613 908 644 stupore
924 609 952 637 hi
967 609 1013 644 qui

224 662 282 689 Arii
307 659 487 694 Eunomiique
514 656 690 691 blasphemiae
711 661 775 685 sunt
792 656 933 684 heredes!
959 654 1013 683 Sed

224 713 322 743 preter
347 706 481 734 insaniant
494 724 502 736 .
525 704 639 732 multam
659 710 767 738 quoque
787 702 880 731 videre
900 702 963 730 licet
986 702 1013 729 in

225 753 292 788 ipsis
307 752 441 787 vigentem
461 748 658 784 impudentiam
675 755 682 774 :
702 755 764 775 nam
785 747 944 775 missionem
966 753 1014 774 sus

225 800 313 833 deque
327 799 552 826 commemorant,
567 798 595 821 et
613 793 765 821 mittentem
786 793 916 828 majorem
931 792 1015 820 misso

225 851 286 872 esse
298 843 403 872 dicunt.
419 841 510 870 Tanta
531 840 584 868 illis
600 840 672 868 inest
691 839 843 875 ignorantia
858 839 1015 874 Scriptum-

1063 247 1146 279 ὲστιν,
1162 238 1203 272 ὅτι
1216 245 1296 281 μόνος
1312 245 1362 272 οὐκ
1374 245 1442 280 εἰμὶ,
1458 245 1515 272 ἀλλ’
1531 245 1586 280 ἐγὼ
1602 245 1650 272 καὶ
1666 246 1681 272 6
1695 245 1818 281 πέμψας
1832 255 1862 280 με

1064 293 1158 329 Πατήρ
1170 302 1176 309 ·
1189 293 1236 319 καὶ
1248 293 1278 319 ὲν
1291 292 1330 327 τῷ
1345 292 1419 328 νόμῳ
1433 292 1462 318 δὲ
1473 291 1511 327 τῷ
1526 292 1652 328 ὑμετέρῳ
1661 293 1863 327 γεγραμμένην

1063 339 1147 371 ἐστὶν,
1167 339 1207 365 ὅτι
1225 338 1271 364 δύο
1291 337 1443 374 ἀνθρώπων
1459 338 1476 373 ἡ
1497 338 1634 374 μαρτυρία
1649 337 1761 373 ἀληθής
1779 339 1860 364 ἐστιν.

1071 385 1141 420 Ἐγώ
1155 385 1213 421 ειμι
1227 385 1241 411 6
1257 385 1406 421 μαρτυρῶν
1425 385 1489 421 περὶ
1510 384 1639 420 ἐμαυτοῦ,
1654 384 1705 411 καὶ
1727 386 1863 420 μαρτυρεῖ

1065 431 1129 467 περὶ
1145 431 1212 466 ἐμοῦ
1232 432 1245 458 6
1260 430 1371 466 πέμψας
1390 439 1424 467 με
1440 430 1664 466 Πατήρ.Ἔλεγον
1680 428 1731 457 οὖν
1747 429 1828 465 αὐτῷ
1841 431 1862 456 ei

1072 477 1282 506 ’1ουδαῖοι·‹11οὖ
1295 477 1370 504 ἐστιν
1384 478 1399 504 6
1412 478 1506 513 Πατήρ
1515 479 1585 511 ’σου;
1600 476 1757 512 Ἀπεκρίθη
1773 477 1863 508 αὐτοῖς

1064 525 1080 551 6
1104 523 1217 559 Ἰησοῦς*
1232 522 1302 551 Οὔτε
1315 523 1366 559 ἐμὲ
1380 523 1479 556 οἴδατε,
1492 523 1554 550 οὗτε
1567 523 1613 550 τὸν
1628 523 1743 558 Πατέρα
1758 531 1830 557 μουσ
1842 523 1864 549 εί

1065 570 1116 606 ἐμὲ
1132 569 1230 603 οἴδατε,
1247 570 1294 597 καὶ
1307 569 1353 597 τὸν
1368 571 1478 606 Πατέρα
1492 570 1579 606 ᾔδειτε
1594 570 1644 598 ἄν’
1659 579 1669 596 ι
1686 569 1777 605 βαϐαὶ
1795 569 1862 604 πόση

1065 615 1119 643 τῶν
1135 616 1282 651 αἱρετικῶν
1302 617 1319 652 ἡ
1340 615 1532 652 παραπληξίαι
1556 616 1642 651 πόει-ην
1659 615 1793 642 νοσοῦσιν
1815 616 1863 650 ἐμ-

1066 661 1228 698 ϐροντησίαν
1240 662 1266 689 οἱ
1278 661 1329 697 τῆς
1344 662 1450 698 ’Δρείου
1464 661 1511 689 καὶ
1535 662 1668 697 Εὑνομίου
1683 661 1863 698 βλασφημίας

1068 708 1248 744 κληρονόμοιί
1276 708 1346 745 πρὸς
1370 710 1403 745 τῇ
1430 708 1625 745 παραπληξίᾳ,
1653 708 1761 744 πολλὴν
1793 709 1863 735 ἐστιν

1069 755 1133 782 ἰδεῖν
1156 756 1184 782 ὲν
1207 756 1300 787 αὐτοῖς
1315 754 1485 782 ἐπανθοῦσαν
1504 755 1714 790 ἀναισχυντίαν·
1734 754 1790 789 τῆς
1813 755 1864 790 γὰρ

1067 802 1219 837 ἀποστολῆς
1232 801 1289 829 ἀνω
1299 801 1346 828 καὶ
1360 801 1436 828 κάτω
1451 800 1660 836 μνημονεύουσι,
1676 799 1726 826 καὶ
1742 800 1791 826 τὸν
1800 801 1864 826 ἀπο-

1069 848 1210 876 ατείλαντιι
1226 848 1273 876 τοῦ
1288 848 1485 880 ἀποσταλέντος
1498 847 1580 883 φασιν
1596 846 1664 875 εἶναι
1679 846 1861 883 τιμιὼτερον-

227 890 303 917 rum!
328 888 423 923 Neque
439 891 567 922 reputant
586 885 658 921 quod
681 885 714 913 ab
734 885 828 913 lsaaco
851 883 968 912 Iacobus
989 884 1016 912 in

1072 895 1201 931 τοσαύτην
1214 894 1322 930 ἔχουσιν
1336 893 1457 929 ἀμαθίαν
1469 893 1522 920 τῶν
1535 894 1650 930 Γμφῶν
1660 904 1669 912 ο
1685 895 1736 922 καὶ
1746 896 1780 922 οὐ
1796 895 1863 930 λογί-

228 935 451 970 Mesopotamiam
463 934 573 965 missus,
591 939 646 960 non
660 931 777 965 idcirco,
793 931 827 959 ad
845 930 954 966 693m
969 938 1019 958 na-

229 989 318 1010 turam
334 981 406 1016 quod
429 979 535 1012 attinet,
554 979 645 1007 tninor
666 983 710 1006 est
728 978 861 1006 mittente.
882 976 972 1012 Aique
992 981 1021 1005 et

227 1029 362 1064 Josephus
376 1028 477 1055 missus
498 1035 512 1055 tt
533 1027 635 1056 Iacobo
656 1026 707 1054 fuit
724 1025 758 1053 ad
781 1024 880 1052 fratres
901 1031 965 1052 suos
980 1024 1021 1052 in-

231 1075 402 1112 spiciendas,
428 1081 519 1108 neque
542 1078 633 1101 tamen
655 1073 799 1108 quisquam
823 1070 924 1098 dixerit
947 1070 1019 1098 hunc

232 1123 318 1158 patris
341 1126 443 1149 natura
466 1128 519 1148 non
549 1120 631 1158 fuisse
657 1118 835 1155 participem,
861 1117 924 1151 quia
948 1117 1019 1152 patri

229 1156 423 1203 obtemperans
439 1166 597 1194 ntissionem
615 1156 797 1201 peragendam
815 1162 947 1198 suscepit.

262 1287 318 1317 Sed
337 1285 568 1316 alunt'iortasse:
588 1282 701 1311 Etiamsi
718 1286 822 1309 natura:
842 1280 948 1308 ratione
965 1285 1019 1307 non

229 1334 337 1364 fuerunt
353 1333 379 1361 hi
394 1332 536 1360 mittentes
550 1329 668 1364 majores
680 1328 781 1360 missis,
794 1332 822 1355 at
837 1331 948 1363 paterna
967 1326 1020 1354 sal-

230 1389 284 1411 tem
302 1381 434 1417 dignitate
457 1379 602 1415 primatum
635 1375 749 1404 honoris
777 1375 915 1402 tenebant.
937 1373 1019 1409 Atqui

231 1437 279 1457 nos
294 1427 487 1463 comperimus,
507 1431 523 1453 o
538 1423 626 1452 insani
642 1422 702 1458 (vos
714 1422 787 1449 enitn
807 1420 967 1448 nominatim
982 1419 1020 1447 al-

231 1474 351 1511 loquor),
366 1471 483 1507 majores
500 1474 608 1505 quoque
621 1475 636 1496 a
649 1467 800 1495 minoribus
817 1467 924 1499 missos,
933 1472 1021 1500 neque

232 1509 334 1549 ideirco
359 1517 468 1553 pr0prio
490 1515 594 1542 honore
617 1513 716 1541 missos
741 1511 930 1547 spoliabimus.
951 1509 1019 1538 Nam

1069 941 1160 974 ζονται
1175 941 1213 973 ὡς
1232 941 1284 968 ὑπὸ
1297 940 1344 967 τοῦ
1366 940 1459 967 Ἰσαὰκ
1471 941 1485 966 6
1503 939 1599 967 Ἰακὼὸ
1616 941 1657 972 είς
1672 941 1725 976 τὴν
1738 942 1862 968 Μεσοπο-

1068 987 1169 1023 ταμίαν
1185 987 1400 1023 ἀπεσταλμένος,
1410 987 1440 1013 οὺ
1457 987 1511 1022 μὴν
1524 986 1568 1014 διὰ
1577 986 1657 1014 τοῦτο
1668 987 1796 1014 ἐλάττων
1808 987 1863 1014 ἔστι

1068 1033 1116 1061 τοῦ
1131 1032 1344 1066 ἀποστείλαντος
1358 1033 1430 1060 κατὰ
1449 1033 1495 1060 τὸν
1511 1032 1589 1067 λόγον
1600 1033 1653 1068 τῆς
1669 1033 1797 1068 φύσεως·
1811 1034 1862 1060 ώσ-

1069 1081 1158 1113 αύτως
1170 1080 1199 1108 δὲ
1214 1081 1262 1108 καὶ
1279 1081 1379 1116 Ἰωσὴφ
1401 1081 1542 1116 ἀπεστάλη
1565 1081 1614 1116 μὲν
1629 1081 1683 1108 ὑπὸ
1701 1081 1752 1108 τοῦ
1769 1081 1862 1108 Ἰαλαὶιϐ

1069 1126 1267 1161 ἐπισκέψασθαι
1291 1127 1354 1159 τοὺς
1377 1125 1508 1161 ἀδελφοὺς
1531 1125 1626 1159 αὐτοῦ,
1642 1127 1691 1154 καὶ
1717 1127 1810 1159 οὐδεὶς
1824 1120 1862 1154 'av

1070 1174 1136 1209 φαίη
1157 1174 1206 1209 τῆς
1228 1173 1274 1200 τοῦ
1293 1173 1395 1209 πατρὸς
1418 1172 1525 1207 φύσεως
1549 1173 1588 1209 μὴ
1612 1173 1750 1209 μετέχειν,
1769 1174 1862 1209 ἐπειδὴ

1069 1219 1108 1256 τῷ
1124 1220 1207 1256 πατρὶ
1220 1219 1379 1255 πειθόμενος
1394 1219 1444 1254 τὴν
1454 1219 1603 1256 ἀποστολὴν
1620 1219 1796 1252 κατεδέξατο.

1112 1289 1193 1316 Ἀλλά
1207 1297 1288 1323 φασιν
1304 1287 1383 1320 ἴσως·
1399 1289 1430 1315 El.
1447 1288 1485 1324 μὴ
1498 1288 1568 1315 κατὰ
1584 1289 1629 1315 τὸν
1644 1288 1724 1323 λόγον
1738 1289 1790 1324 τῆς
1811 1289 1860 1323 φύ-

1071 1343 1141 1367 σεως
1157 1335 1265 1370 μείζους
1279 1334 1396 1361 ἐνταῦθα
1410 1333 1463 1361 τῶν
1479 1333 1685 1361 ἀποσταλέντων
1697 1335 1721 1360 οἱ
1733 1334 1860 1361 ἀποστεί-

1071 1381 1176 1414 λαντες,
1195 1380 1266 1408 κατά
1287 1380 1318 1406 τὸ
1334 1380 1466 1415 πατρικὸν
1490 1380 1555 1413 γοῦν
1577 1380 1684 1415 ἀξίωμα
1705 1380 1798 1414 ἔχουσι
1815 1381 1862 1415 τῆς

1070 1427 1154 1462 τιμῆς
1178 1426 1213 1453 τὰ
1240 1425 1382 1461 πρεσϐεῖα.
1411 1425 1478 1452 Ἀλλ’
1496 1422 1671 1461 εὑρίσκομεν,
1698 1419 1722 1453 ὦ
1744 1426 1862 1462 ἀνόητοι,

1071 1472 1154 1508 φαίην
1178 1471 1211 1498 ἂν
1235 1471 1303 1506 πρὸς
1326 1471 1434 1502 αὐτοὺς,
1452 1471 1500 1497 καὶ
1521 1468 1584 1503 τοὺς
1606 1468 1718 1506 μείζους
1733 1468 1787 1497 ὑπὸ
1811 1472 1863 1497 τῶν

1071 1516 1218 1544 ἐλαττόνων
1241 1516 1455 1550 ἀποσταλέντας,
1469 1517 1516 1543 καὶ
1531 1517 1590 1552 οὐχὶ
1604 1517 1649 1544 διὰ
1664 1516 1745 1544 τοῦτο
1758 1518 1809 1552 τῆς
1824 1518 1862 1543 oi-

232 1567 331 1594 tnissus
344 1564 395 1591 fuit
408 1561 545 1590 a‘Davide
562 1559 699 1588 Ionathas
710 1580 717 1593 ,
739 1559 813 1592 regis
834 1557 904 1586 ﬁlius
922 1565 936 1585 a
953 1563 1017 1592 pro-

1072 1563 1147 1595 κείας
1175 1563 1257 1599 τιμῆς
1283 1563 1346 1594 τοὺς
1367 1563 1569 1594 ἀποσταλέντας
1586 1562 1785 1598 γυμνώσομεν·
1812 1563 1864 1590 ἀπ·

230 1613 305 1646 fugo,
322 1613 505 1644 cmrregnator
521 1606 607 1642 patris
625 1605 659 1633 ah
675 1612 707 1633 eo
724 1605 770 1640 qui
786 1611 819 1631 ne
834 1604 862 1631 in
876 1611 1018 1632 servorum

231 1658 340 1694 quidem
356 1656 453 1684 ordine
471 1659 602 1689 apparere
623 1651 749 1679 audebat.
771 1648 908 1684 Quoniam
930 1649 1021 1684 itaque

233 1705 279 1733 ille
295 1703 405 1738 quidem
419 1700 514 1736 .misit,
531 1699 576 1727 hic
597 1702 688 1725 autem
709 1696 809 1724 missus
826 1700 885 1729 est;
902 1695 959 1732 jam
975 1695 1022 1732 qui

233 1751 335 1780 missus
361 1749 422 1780 fuit,
440 1754 487 1774 rex
513 1752 566 1773 non
595 1744 658 1778 erit,
676 1747 705 1771 ut
727 1750 776 1772 vos
801 1742 1022 1777 ratiocinamini;

234 1803 322 1832 neque
337 1795 383 1830 qui
400 1793 485 1827 misit,
502 1792 651 1827 profugus;
669 1790 718 1818 sed
734 1790 762 1817 in
778 1790 929 1817 mittentem
940 1788 1022 1817 Davi-

234 1844 308 1876 dem,
321 1841 398 1870 missi
418 1839 536 1876 dignitas
558 1837 688 1866 transiit:
715 1835 888 1871 vicissimque
910 1836 937 1863 in
955 1836 1024 1863 mis-

234 1896 293 1917 sum
306 1887 462 1918 Jonatham,
482 1883 615 1912 mittentis
629 1880 780 1910 calamitas.
805 1882 909 1910 Revera
932 1887 1023 1910 tamen

234 1936 306 1964 haud
321 1934 380 1963 haec
392 1933 430 1961 ita
447 1938 476 1959 se
495 1930 607 1959 habent.
628 1924 749 1956 Sed'cur
763 1927 881 1955 humana
901 1935 1022 1955 comme-

234 1979 395 2010 moramus?
419 1976 609 2012 Comperimus
634 1974 708 2002 enim
729 1972 819 2001 'Deum
840 1973 973 2006 missum,
996 1977 1025 2001 et

235 2026 372 2055 hominem
391 2024 556 2051 mittentem.
569 2018 638 2047 Nam
655 2018 701 2054 qui
716 2025 778 2046 eum
789 2017 893 2046 Jacobo
909 2018 1024 2046 luctatus

235 2073 333 2104 fuerat,
351 2079 362 2097 ι
377 2069 456 2097 ﬂitte
470 2075 524 2101 me,
534 2066 637 2102 inquit,
657 2071 775 2100 namque
790 2071 888 2092 aurora
909 2069 1024 2093 consur-

235 2120 282 2156 git.
303 2128 313 2145 ι
327 2118 375 2146 Cui
389 2115 506 2145 dacobus
521 2114 561 2141 ait
578 2122 585 2141 :
603 2122 612 2139 ι
630 2111 689 2140 Non
707 2116 734 2140 te
749 2111 893 2144 dimittant,
908 2111 962 2139 nisi
978 2112 1025 2139 be-

235 2164 372 2193 nedlxeris
387 2163 454 2191 mihi
468 2162 502 2188 ⁹¹.
516 2170 530 2187 ν»
547 2159 618 2193 Quid
632 2159 734 2187 habent
747 2157 818 2193 quod
832 2158 874 2186 his
887 2161 1025 2193 opponant

235 2212 370 2246 sapientes
393 2209 437 2236 isti
451 2211 479 2235 et
499 2204 641 2233 artiﬁciosi
660 2204 721 2232 fidei
746 2203 891 2232 doctores?
908 2203 1023 2230 Aliunde

1072 1610 1170 1645 εστάλη
1185 1610 1239 1644 γὰρ
1256 1609 1309 1636 ὑπὸ
1324 1608 1370 1636 τοῦ
1387 1609 1469 1636 Δασὶδ
1486 1609 1623 1643 Ἰωνάθας,
1637 1611 1652 1636 6
1665 1610 1712 1636 τοῦ
1728 1609 1863 1645 βασιλέως

1073 1656 1130 1688 υἱὸς
1142 1656 1194 1683 ὑπὸ
1207 1646 1253 1683 τοῧ
1268 1656 1397 1690 φυγάδος,
1412 1657 1426 1682 6
1435 1655 1474 1692 τῷ
1491 1656 1575 1691 πατρὶ
1588 1655 1800 1691 συμϐασιλεύων
1813 1656 1862 1682 ὑπ’)

1072 1701 1120 1728 τοῦ
1135 1701 1201 1738 μηδὲ
1215 1703 1243 1729 έν
1253 1701 1358 1729 οἰκέτου
1369 1701 1445 1734 τάξει
1457 1701 1573 1737 φανῆναι
1585 1701 1742 1737 τολμῶντος
1753 1712 1760 1718 ·
1771 1702 1862 1738 ἐπειδὴ

1073 1747 1174 1780 τοίνυν,
1190 1747 1205 1772 6
1221 1746 1271 1782 μὲν
1285 1746 1453 1780 ἀπέστειλεν,
1466 1746 1480 1772 6
1495 1746 1523 1773 δὲ
1535 1746 1686 1782 ἀπεστάλη.
1705 1747 1799 1774 οὐκέτι
1817 1747 1862 1782 μὲν

1073 1792 1088 1818 6
1102 1791 1235 1828 πεμφθεὶς
1253 1791 1378 1826 βασιλεὺς
1392 1791 1462 1818 κατὰ
1473 1791 1518 1818 τὸν
1531 1789 1662 1828 ὑμέτερον
1675 1792 1766 1827 λόγον,
1775 1793 1863 1820 οὐκέτι

1073 1837 1101 1864 δὲ
1115 1838 1129 1864 6
1141 1837 1304 1869 ἀποστείλας
1314 1836 1402 1871 φυγάς
1412 1845 1419 1853 ·
1431 1836 1500 1864 ἀλλὰ
1510 1837 1683 1873 μετασέὸηκε
1698 1838 1749 1874 μὲν
1762 1840 1809 1866 ἐπὶ
1821 1840 1864 1865 τὸν

1075 1881 1272 1908 ἀποστείλαντα
1286 1881 1368 1908 Δαόὶδ
1384 1881 1415 1908 τὸ
1429 1880 1477 1907 τοῦ
1490 1880 1662 1916 πεμφθέντος
1677 1882 1787 1917 ἀξίωμα
1797 1891 1804 1897 ·
1820 1892 1864 1918 με-

1074 1927 1210 1963 τασέῦηκε
1222 1926 1250 1954 δὲ
1262 1927 1308 1954 ἐπὶ
1317 1925 1362 1953 τὸν
1374 1927 1561 1954 ἀποσταλέντα
1573 1927 1646 1964 [cod.
1656 1928 1864 1965 ἀποστιΰιαντα]

1080 1972 1208 2000 Ἰωνάθαν
1221 1973 1238 2008 ὴ
1255 1971 1301 1999 τοῦ
1317 1972 1475 2008 πέμψαντος
1486 1972 1635 2009 δυσκηρία⁸
1652 1973 1711 2000 ἀλλ’
1726 1975 1777 2010 οὐχ
1796 1974 1865 2001 οὕτω

1074 2019 1151 2047 ταῦτ’
1164 2019 1230 2054 εχει.
1241 2019 1296 2046 Kal.
1305 2019 1332 2046 τί
1344 2019 1385 2046 δεῖ
1396 2018 1486 2054 λέγειν
1499 2019 1533 2046 τὰ
1540 2019 1698 2056 ἀνθρώπινα
1708 2030 1714 2053 ;
1731 2021 1864 2057 Εὐρίπο-

1077 2074 1127 2101 μεν
1145 2065 1200 2102 γὰρ
1213 2065 1280 2092 Θεὸν
1295 2065 1491 2098 ἀποσταλέντα,
1509 2065 1556 2092 καὶ
1577 2065 1721 2102 ἄνθρωπον
1742 2068 1865 2093 ἀποστεέ-

1075 2112 1159 2139 λαντα
1168 2121 1174 2127 ”
1191 2113 1205 2139 6
1215 2112 1269 2148 γὰρ
1278 2112 1317 2148 τῷ
1333 2112 1430 2139 Ἰακὼϐ
1447 2113 1648 2148 συμπαλαίσας,
1661 2113 1756 2148 φησίν·
1771 2123 1782 2139 ι
1794 2114 1866 2140 Ἀπό-

1075 2159 1179 2186 στειλόν
1206 2166 1250 2194 με·
1268 2158 1351 2194 ἀνέϐη
1377 2158 1431 2194 γὰρ
1452 2159 1466 2185 6
1488 2159 1604 2195 ὄρθρος·
1631 2159 1700 2195 πρὸς
1723 2159 1754 2186 ὃν
1772 2159 1866 2186 Ἰακὼϐ

1075 2207 1142 2242 ἔφη·
1157 2207 1195 2233 οὐ
1215 2206 1251 2242 μή
1267 2215 1297 2233 σε
1310 2206 1461 2234 ἀποστείλω
1473 2204 1521 2233 ἐὰν
1537 2206 1574 2242 μή
1597 2214 1631 2241 με
1652 2206 1820 2242 εὐλογήσῃς-
1843 2207 1866 2232 τε

231 2264 301 2288 ,νει-ο
326 2261 361 2283 (ιι
395 2252 547 2281 Dominicis
579 2257 688 2285 qmue
715 2257 912 2285 cognoscemus
934 2248 1019 2277 verbi:

1079 2253 1146 2288 πρὸς
1159 2252 1244 2279 ταῦτα
1256 2252 1346 2287 λέγειν
1362 2252 1468 2287 ἔχουσιν
1489 2252 1513 2278 οί
1534 2251 1612 2285 σοφοὶ
1627 2251 1676 2286 τῆς
1691 2251 1811 2282 πίστεως
1825 2259 1866 2276 τε-

236 2305 323 2339 ipsum
343 2307 452 2336 quoque
469 2299 621 2326 mittentem
638 2295 747 2324 Patrem
771 2296 855 2324 misso
876 2303 937 2323 cum
956 2294 1024 2323 Filio

236 2348 458 2376 coexsistentem.
478 2352 491 2370 η
508 2343 587 2370 Solus
603 2342 686 2375 enim,
705 2341 804 2376 inquit,
822 2349 874 2369 non
888 2348 959 2374 sum,
977 2341 1024 2369 sed

237 2401 286 2428 ego
302 2397 330 2419 et
343 2391 389 2426 qui
410 2389 484 2418 misit
499 2395 542 2416 me
554 2387 636 2415 Pater
646 2387 679 2414 ³³.
700 2396 709 2413 ι
721 2386 760 2414 ‘Et
774 2387 829 2414 alio
842 2387 900 2414 loco
914 2395 921 2413 :
938 2396 948 2412 ι
966 2387 1024 2414 Νοη

237 2438 347 2472 reliquit
365 2443 409 2464 tne
427 2434 513 2463 solum
527 2433 610 2462 Pater
639 2433 757 2461 meus”.
773 2443 783 2460 ι
799 2432 833 2461 Ει
848 2433 932 2461 alibi:
950 2442 960 2459 σ
974 2432 1026 2460 Pa-

238 2491 279 2512 ter
301 2490 376 2511 meus
401 2482 427 2510 in
448 2489 490 2509 me
508 2486 632 2512 manens,
658 2480 715 2515 ipse
737 2486 819 2514 opera
837 2479 903 2507 iacit
914 2479 946 2506 ".
966 2487 976 2505 ο
995 2477 1025 2506 Si

238 2538 303 2567 ergo
327 2530 353 2558 in
380 2530 438 2565 ipso
455 2533 483 2557 et
508 2536 569 2556 cum
594 2529 652 2563 ipso
671 2532 732 2556 erat
747 2527 795 2562 qui
816 2528 900 2561 misit,
916 2528 1024 2555 ubinam

238 2577 346 2605 vilitas?
360 2576 445 2605 Porro
458 2575 505 2611 qui
517 2574 610 2603 omnia
628 2574 733 2608 implet,
743 2581 800 2609 quo
817 2573 859 2601 vel
879 2574 949 2601 unde
961 2575 1026 2601 mis-

238 2632 286 2662 sus
298 2624 367 2652 fuit?
384 2623 451 2652 Nam
470 2622 564 2650 missio
577 2621 630 2649 loci
653 2621 829 2648 mulationem
845 2620 945 2648 innuit.
964 2619 1024 2647 Jam

239 2673 262 2699 si
278 2671 368 2699 omnia
383 2669 465 2697 Pater
481 2668 622 2704 Filiusque
642 2667 804 2699 continent,
834 2673 922 2701 neque
944 2665 1026 2694 Pater

238 2725 288 2746 ceu
303 2720 422 2744 remotus
439 2714 539 2743 abillis
563 2714 598 2742 ad
619 2721 687 2749 quos
704 2713 793 2745 misit,
813 2712 910 2739 Filium
935 2711 1025 2744 misit;

238 2771 325 2800 neque
338 2761 423 2790 Filius
439 2768 472 2789 ex
495 2761 549 2789 alio
573 2760 600 2788 in
623 2760 705 2788 alium
725 2757 835 2795 694m
855 2758 962 2786 transiit
984 2758 1026 2785 lo-

1076 2299 1134 2335 χνο)
1140 2298 1213 2333 όγοι;
1233 2298 1337 2330 Ἄλλως
1350 2297 1377 2324 δὲ
1389 2298 1435 2324 καὶ
1450 2298 1482 2323 ἐκ
1493 2295 1547 2323 τῶν
1564 2296 1740 2322 Δεσποτικῶν
1754 2296 1866 2332 εὑρήσο-

1079 2353 1129 2380 μεν
1146 2344 1275 2380 ῥημάτων
1291 2345 1338 2370 καὶ
1353 2343 1433 2371 αὑτὸν
1456 2343 1501 2369 τὸν
1527 2342 1674 2377 πέμψαντα
1696 2342 1808 2377 Πατέρα
1832 2341 1866 2376 τῷ

1078 2391 1228 2426 πεμφθέντι
1242 2390 1297 2426 Υίῷ
1310 2390 1432 2417 συνόντα’
1444 2389 1545 2421 «Μόνος
1557 2388 1621 2424 γὰρ,
1634 2389 1728 2423 φησὶν,
1737 2389 1788 2414 οὺχ
1801 2388 1864 2423 εἰμὶ,

1077 2437 1134 2464 ἀλλ’
1150 2436 1205 2470 ἐγὼ
1228 2437 1276 2463 καὶ
1301 2437 1314 2462 ὁ
1339 2436 1448 2470 πέμψας
1466 2443 1498 2470 με
1514 2435 1624 2470 Πατήρ·
1641 2443 1650 2460 ι
1667 2435 1716 2461 καὶ
1730 2433 1845 2469 ἀλλαχοῦ
1859 2441 1864 2446 ⁸

1080 2492 1089 2508 ι
1104 2483 1160 2510 Οὐκ
1176 2482 1266 2517 ἀφῆκέ
1281 2490 1314 2517 με
1329 2481 1409 2516 μόνον
1421 2482 1435 2507 6
1451 2481 1544 2516 Πατήρ
1559 2487 1624 2515 μου·
1638 2489 1647 2505 ›
1665 2480 1714 2506 καὶ
1721 2479 1864 2519 έτέρωθεν·

1080 2539 1089 2555 ‹
1101 2529 1129 2556 '0
1138 2529 1233 2564 Πατήρ
1243 2536 1292 2563 μου
1305 2529 1318 2554 6
1330 2528 1358 2554 ἐν
1368 2527 1429 2563 ἐμοὶ
1440 2527 1538 2562 μένων,
1548 2525 1628 2558 αὐτὸς
1641 2527 1715 2552 ποιεῖ
1729 2525 1764 2552 τὰ
1774 2525 1864 2560 ἔργα.»

1077 2575 1109 2602 Εἰ
1126 2575 1216 2601 τοίνυν
1231 2574 1260 2601 ἐν
1271 2573 1357 2608 αὐτῷ,
1374 2573 1422 2600 καὶ
1438 2573 1486 2600 σὺν
1503 2571 1579 2608 αὐτῷ
1596 2570 1630 2608 ἦν
1645 2573 1660 2599 6
1673 2572 1798 2607 πέμψας,
1821 2571 1866 2597 ποῦ

1077 2620 1125 2647 τοῦ
1142 2619 1312 2656 πεμφθέντος
1328 2620 1345 2655 ἡ
1357 2618 1495 2652 εὑτέλειας
1511 2619 1525 2645 6
1540 2618 1569 2645 δὲ
1587 2618 1622 2645 τὰ
1642 2619 1732 2645 πάντα
1748 2617 1865 2652 πληρῶν,

1079 2665 1131 2692 ποῦ
1156 2665 1203 2692 καὶ
1221 2665 1303 2692 πόθεν
1322 2664 1480 2700 ἀπεστάλης
1506 2665 1523 2700 ἡ
1542 2664 1597 2700 γὰρ
1622 2663 1772 2698 ἀποστολὴ,
1785 2663 1866 2689 τόπου

1078 2711 1198 2746 ἀλλαγὴν
1212 2711 1358 2738 αἰνίττεται
1369 2718 1376 2726 ·
1394 2711 1418 2736 εἰ
1433 2710 1462 2737 δὲ
1476 2709 1511 2736 τά
1525 2710 1614 2737 πάντα
1630 2709 1728 2745 Πατὴρ
1745 2708 1793 2736 καὶ
1807 2708 1868 2740 Υἱὸς

1080 2758 1211 2794 περιέχει,
1225 2757 1286 2784 οὕτε
1300 2757 1315 2784 6
1326 2757 1420 2793 Πατὴρ
1432 2756 1469 2789 ὡς
1482 2756 1577 2793 τεόρρω
1590 2756 1735 2791 τυγχάνων
1748 2755 1868 2787 ἐκείνων,

248 2892 250 2896 ,
275 2865 296 2880 ³¹
313 2863 392 2892 Jean.
411 2870 468 2897 vnt,
482 2862 573 2890 M-l9.
609 2861 632 2878 "
648 2860 716 2890 Gen.
734 2867 821 2893 usu,
833 2860 880 2890 96.
918 2859 1019 2888 "Joan

1072 2866 1110 2894 Ill,
1133 2858 1174 2888 16-
1190 2859 1236 2903 ’.³)
1254 2858 1319 2887 ibid.
1336 2858 1382 2887 '29.
1417 2857 1440 2874 ³⁸
1458 2857 1537 2886 Joan.
1556 2863 1611 2891 ην,
1626 2856 1671 2886 l0.
