1927 3036
95 139 109 167 Ι
118 141 168 170 i69

774 147 818 176 DE
837 148 1033 180 TRINITATE.

1662 160 1690 187 Η
1697 161 1731 188 70

177 196 230 251 '06;
251 198 421 233 ἀπέστειλεν,
438 200 546 238 ἔπεμψε
567 201 613 229 τὸν
628 202 703 234 Υίδν,
717 202 779 230 οὔτε
799 205 814 231 6
829 204 890 236 Υῑδς

946 215 1017 235 cum.
1035 208 1167 244 Superest
1181 215 1289 247 ergout
1310 212 1497 241 existimemus
1520 222 1665 251 assumpta:
1682 219 1732 245 llu-

95 242 126 274 ἑξ
139 243 236 279 ἑτέρου
255 245 295 276 εἰς
310 244 403 281 ἕτερον
419 248 591 283 μεταϐέϐηκε
609 249 692 276 τόπον
703 258 710 264 ·
725 250 823 278 οὐκοῦν
836 251 892 277 λεί-

95 296 181 372 τινετὲιηῖι
189 291 260 363 vos?!
271 290 323 328 τῆς
333 292 535 329 ἀναληφθείσης
543 295 752 332 ἀνθρωπότητος
766 297 815 333 τὴν
826 298 892 325 ἀπο-

95 343 144 362 στο
181 344 196 362 ν
214 345 228 363 ι
240 345 294 364 ναι.

94 343 196 364 στολὴν
214 343 294 364 τινα-ι.

138 403 210 431 Ἀλλ’
227 403 274 430 ἐπὶ
288 404 337 441 τὴν
349 406 497 442 ἑρμηνείαν
509 408 564 436 τῶν
575 408 746 438 Δεσποτικῶν
760 412 892 448 ῥημάτων

95 449 266 496 ἀναδραμεῖν
282 453 403 488 καιρός.‹
415 453 459 482 Ἐν
475 455 514 490 τῷ
528 455 612 492 νόμῳ,
628 458 752 494 φησὶ,τῷ
767 459 892 496 ὑμετέρῳ

93 495 264 543 γέγραπται,
277 498 318 525 ὅτι
341 498 389 526 δύο
412 500 564 536 ἀνθρώπων
588 504 605 538 ὴ
632 506 769 541 μαρτυρία
788 495 892 543 ἀληθής

95 542 200 568 ἑστιν-ι
212 541 272 570 εἶτα
285 544 442 579 ὲπάγει,ὂτι
458 556 467 572 ι
479 548 550 582 Ἐγώ
565 550 622 585 εἰμι
637 551 651 576 ὀ
665 552 814 588 μαρτυρῶν
827 541 892 590 περὶ

94 589 229 622 ἐμαυτοῦ,
244 590 292 617 καὶ
315 594 450 628 μαρτυρεῖ
466 594 530 630 περὶ
545 595 612 630 ὲμοῦ
629 597 643 623 ὁ
658 597 770 633 πέμψας
786 607 820 634 με
834 600 892 627 Πα-

93 635 163 671 τήρ.
182 646 192 662 ι
213 636 428 672 Ἀποσλέψαντες
444 640 535 668 τοίνυν
559 641 609 677 τὴν
631 643 733 677 εἰκόνα,
749 645 892 681 νοήσωμεν

93 682 127 712 τὺ
144 683 317 719 ἀρχέτυπον·
339 694 348 711 ι
362 686 423 718 Δύο,
440 687 532 722 φησὶν,
550 687 703 725 ἀνθρώπων
718 691 733 726 ἡ
754 692 893 728 μαρτυρία

93 728 202 776 αληθής
222 730 296 758 ἐστιν
308 739 315 746 ·
337 740 346 757 ›
371 731 426 759 τῶν
441 732 469 760 δὲ
487 734 534 761 δύο
548 735 699 771 ἀνθρώπων
715 737 826 776 ὴιφύσις
843 739 892 774 μία

93 774 219 810 δηλονότι
233 776 309 812 παρά
328 778 412 805 πᾶσιν
425 778 458 806 ἂν
469 779 642 816 ὡμολόγηται
652 791 659 797 ·
675 774 772 810 οὐκοῦν
785 784 892 820 Πατρδς

94 821 144 847 καὶ
164 821 230 848 Υἱοῦ
243 823 260 858 ἡ
275 823 353 851 οὐσία
367 825 427 860 μία,
440 825 490 861 μία
504 825 555 862 [ita
567 828 617 862 μία
632 828 686 864 bis]
702 829 735 856 ὲκ
756 829 806 865 τῆς
821 831 893 861 εἰκό-

93 875 141 899 νος
158 868 321 904 νοηθήσεταί
344 878 375 897 τε
400 871 447 898 καὶ
462 872 710 909 ὁμολογηθήσεται·
727 875 823 911 ὥσπερ
839 876 893 912 γὰρ

91 914 156 940 ἐκεῖ
171 914 217 942 δύο
228 915 377 952 ἄνθρωποι,
390 917 463 946 οὕτω
477 919 525 947 καὶ
538 919 656 947 ἐνταῦθα
669 920 734 953 Θεὸς
749 922 796 949 καὶ
812 912 890 956 Θεὸς,

93 959 195 996 Πατὴρ
220 961 267 988 καὶ
282 961 355 994 Υἱὸς,
371 963 419 993 καὶ
431 964 526 997 αὐτοῖς
546 966 604 998 τοῖς
617 965 731 1002 ὀνόμασι
747 967 891 1004 δηλοῦντες

92 1004 146 1039 τῆς
167 1005 276 1040 φύσεως
289 1007 340 1045 τὴν
355 1009 507 1046 ταυτότητα
517 1018 523 1025 ·
538 1010 599 1037 οὔτε
611 1012 665 1047 γὰρ
678 1014 692 1039 ὁ
704 1012 813 1049 ἀληθῶς
825 1014 892 1048 Θεὸς

93 1050 194 1089 ἐτέρας
208 1051 242 1079 ἂν
255 1052 298 1088 εἴη
314 1054 422 1088 φύσεως
432 1057 507 1092 παρὰ
521 1057 566 1084 τὸν
580 1057 714 1094 ἀληθινῶς
731 1059 797 1087 Θεόν
806 1069 813 1074 ·
828 1059 891 1088 οὔτε

68 1139 70 1141 ἱ
91 1097 109 1127 ὸ
134 1098 201 1131 Υἱὸς
225 1099 304 1133 ἄλλος
331 1104 396 1139 παρ’
413 1103 536 1138 ἐκεῖνον,
563 1105 633 1133 Θεοῦ
659 1107 791 1143 ὑπάρχων
815 1108 889 1141 Υἱός.

92 1145 208 1173 Τούτων
219 1147 386 1181 ἀκούσαντες
398 1150 423 1176 οι
437 1150 558 1179 Ἰουδαῖοι
565 1152 711 1190 ἠρώτησαν
722 1154 890 1183 αὑτόν-«Ποῦ

91 1192 172 1219 ἔστιν
193 1195 315 1231 ὁΠατήρ
341 1205 426 1231 σους»
452 1198 601 1236 ’Δπεκρίθη
626 1201 716 1228 τοίνυν
729 1203 743 1229 6
766 1202 868 1239 Ἰησοῦς
881 1211 888 1220 ⁸

95 1239 194 1287 ἶᾲοῦτε
219 1242 270 1277 ἐμὲ
293 1243 392 1277 οἴδατε,
414 1244 476 1272 οὕτε
493 1246 539 1273 τὸν
562 1247 672 1284 Πατέρα
698 1257 765 1284 μου·
793 1250 818 1277 εἰ
840 1250 891 1287 ἐμὲ

92 1285 198 1320 ᾔδειτε,
219 1288 266 1316 καὶ
283 1288 329 1316 τὸν
347 1290 459 1326 Πατέρα
479 1299 530 1327 μου
549 1292 639 1328 ᾔδειτε
658 1293 700 1320 ἄν.
718 1304 728 1321 ι

137 1401 237 1437 Ὁρᾶτε
249 1402 328 1430 πάλιν
339 1403 398 1436 πῶς
409 1404 532 1432 ἐντεῦθεν
543 1406 573 1433 τὸ
583 1407 725 1442 ὁμοούσιον
735 1409 888 1439 δείκνυται·

92 1447 128 1476 Et
141 1448 194 1484 ἐμὲ
209 1448 272 1486 γὰρ,
286 1451 378 1486 φησιν,
391 1451 489 1488 ᾔδειτε,
502 1452 550 1480 καὶ
562 1453 608 1481 τὸν
618 1455 728 1491 Πατέρα
740 1464 791 1492 μου
801 1457 891 1493 ᾔδειτε

91 1494 129 1522 ἄν
139 1502 149 1510 ’
169 1495 202 1521 ὲκ
221 1495 250 1522 δὲ
264 1495 312 1523 τοῦ
328 1497 499 1532 ἑτεροουσίου
515 1499 546 1525 τὸ
561 1500 729 1536 ἐτεροούσιον
744 1503 775 1530 οὺ
790 1504 891 1540 γνωρί-

93 1541 190 1573 ζεται·
205 1542 239 1569 τὰ
254 1542 309 1579 γὰρ
324 1543 459 1579 ἀλλόφυλα
480 1545 526 1572 καὶ
548 1546 622 1579 ξένα,
637 1547 760 1581 ἀλλήλων
772 1549 822 1576 οὐκ
837 1550 892 1577 εἰσὶ

91 1586 250 1623 δηλοπικά’
261 1576 308 1616 Ἲτᾶ
329 1589 359 1618 δὲ
382 1576 490 1624 ερύσεως
513 1576 704 1626 κοινωνοῦντα,
720 1594 754 1621 δι’
769 1576 893 1631 ἀλλήλων
906 1576 927 1606 C

91 1632 280 1667 γινώσκεται·
295 1635 330 1661 δι’
344 1635 404 1667 ἑνὸς
421 1636 471 1671 μὲν
489 1637 646 1673 ἀνθρώπου,
664 1640 754 1667 πᾶσαν
773 1640 829 1668 τῶν
847 1642 893 1669 ἀν-

91 1677 216 1713 θρώπων
230 1678 283 1714 τὴν
296 1679 377 1714 φύσιν
392 1680 456 1707 ἰδεῖν
472 1681 545 1708 ἐστι·
563 1684 610 1710 καὶ
628 1683 662 1710 δι’
675 1684 734 1717 ἐνὸς
756 1686 892 1721 προϐάτου

92 1723 152 1751 τῶν
167 1724 312 1759 προϐάτων
328 1725 402 1753 ἅπαν
415 1727 446 1753 τὸ
463 1728 555 1762 γένος·
571 1730 602 1756 οὐ
621 1730 675 1766 μὴν
691 1730 735 1758 διὰ
749 1732 894 1768 προϐάτων

92 1769 161 1800 τοὺς
179 1769 302 1802 λέοντας,
314 1771 375 1798 οὐδὲ
391 1771 435 1799 διὰ
449 1772 565 1801 λεόντων
578 1774 613 1801 τὰ
630 1775 765 1812 πρόϐατα,
779 1777 834 1805 οὐδ’
847 1778 896 1813 ἀγ-

91 1815 194 1849 γέλους
208 1815 253 1844 διὰ
270 1817 433 1852 ἀνθρώπων,
452 1820 514 1846 οὐδὲ
525 1820 568 1847 διὰ
581 1822 704 1861 ἀγγέλων
714 1823 874 1860 ἀνθρώπους
884 1833 892 1840 '

93 1861 167 1889 ζῶον
177 1862 232 1898 γὰρ
243 1863 358 1892 ἕκαστον
369 1865 418 1900 τῆς
431 1866 535 1899 οἰκείας
545 1867 695 1903 δηλωτικόν
704 1870 762 1897 ἐστι
775 1870 892 1905 φύσεως.

94 1908 130 1935 Et
143 1908 234 1936 τοίνυν
246 1910 261 1937 6
277 1912 423 1947 μονογενὴς
433 1912 518 1947 Λόγος
530 1913 577 1941 τοῦ
589 1914 656 1942 Θεοῦ
669 1915 783 1952 κτίσμα,
803 1918 849 1945 καὶ
864 1918 894 1952 ἐξ

92 1954 146 1981 οὐκ
158 1954 254 1989 ὅντων,
269 1956 317 1982 καὶ
342 1956 372 1990 ἐξ
394 1957 491 1993 ἑτέρας
513 1958 586 1990 τινὸς
607 1960 753 1996 γεγένηται
774 1961 892 1996 φύσεως,

67 2007 69 2010 ‘
94 1999 156 2032 πῶς
170 2000 201 2026 ἐν
217 2001 292 2037 αὐτῷ
307 2002 353 2029 τὸν
368 2003 478 2038 Πατέρα
493 2004 614 2032 δείκνυσι
636 2007 845 2043 πιστευόμενοςς
869 2009 893 2036 el

68 2058 70 2060 -
91 2045 122 2072 δὲ
137 2047 154 2073 6
168 2046 263 2083 Πατὴρ
281 2047 326 2075 διὰ
339 2047 386 2075 τοῦ
401 2049 466 2077 Υὶοῦ
489 2050 663 2085 γινώσκεται,
679 2052 725 2079 καὶ
741 2053 755 2079 6
770 2053 815 2080 τὸν
829 2054 893 2082 mw

93 2092 250 2126 γινώσκων,
267 2095 314 2121 καὶ
337 2095 384 2122 τὸν
408 2096 518 2131 Πατέρα
532 2097 672 2132 γινώσκει,
690 2099 818 2136 πεδηθείη
843 2100 894 2136 μὲν

94 2139 173 2165 πᾶσα
192 2139 353 2175 βλάσφημος
367 2141 487 2175 γλῶσσα,
505 2143 552 2169 καὶ
566 2143 605 2179 τῷ
620 2144 737 2180 λάρυγγι
757 2147 828 2173 κατὰ
847 2147 893 2175 τὸν

94 2184 242 2220 προφήτην
260 2184 403 2222 κολληθείη
415 2195 422 2201 ·
441 2187 523 2222 ἡμεῖς
536 2188 565 2214 δὲ
579 2188 604 2214 οἱ
620 2188 671 2224 τῆς
685 2190 800 2225 Τριάδος
809 2199 893 2227 προσ-

93 2229 214 2284 rev-Tia).
229 2230 330 2284 ἁκριῦῇ
347 2231 393 2258 τοῦ
409 2233 553 2268 ὀμοουσίου
569 2234 694 2262 ἐντεῦθεν
719 2236 769 2272 τὴν
790 2238 891 2271 γνῶσιν
906 2255 929 2284 D

93 2275 288 2312 λαμϐάνομεν·
311 2277 480 2313 λογιζόμενοι
501 2279 540 2312 ὡς
558 2280 608 2307 οὐκ
626 2281 660 2308 ἂν
674 2281 776 2318 ἑτέρως
790 2284 820 2309 ὲν
833 2283 891 2320 Υίῷ

94 2322 193 2358 Πατὴρ
206 2322 370 2359 ἐγνωρίσθη,
384 2324 408 2350 εἰ
424 2324 461 2360 μὴ
473 2325 524 2360 τῆς
536 2326 621 2362 αὐτῆς
632 2327 726 2360 οὐσίας
742 2328 890 2364 ἐτύγχανες·

93 2370 143 2396 καὶ
172 2369 382 2406 προσκυνοῦμεν
400 2371 446 2398 τὸν
471 2372 588 2409 Σωτῆρα
609 2373 655 2401 τὸν
679 2375 824 2411 ἡμέτερον,
841 2376 891 2411 τῆς

95 2416 311 2451 προσκυνήσεως
332 2416 376 2444 τὸν
398 2418 505 2454 καρπὸν
519 2419 711 2455 ἀναμένοντες,
727 2418 757 2448 οὗ
773 2423 891 2458 χορηγὸς

93 2461 178 2493 αὐτὸς
191 2462 206 2488 ὸ
217 2462 311 2498 Πατὴρ
323 2464 452 2498 τυγχάνει
465 2465 536 2492 κατά
548 2466 598 2501 τὴν
609 2466 656 2493 τοῦ
670 2467 772 2503 Κυρίου
785 2469 888 2505 φωνήν·

96 2517 106 2534 ι
118 2508 185 2535 Ἐάν
200 2517 242 2541 τις
254 2509 318 2544 γὰρ,
334 2510 426 2545 φησιν,
438 2511 499 2545 ἐμοὶ
514 2511 671 2549 διακονήσῃ,
685 2514 796 2550 τιμήσει
808 2515 890 2542 αὐτὸν

93 2554 109 2580 6
122 2554 220 2590 Πατήρ
234 2564 285 2590 μου
295 2564 302 2571 ·
318 2565 327 2581 ι
346 2556 393 2583 καὶ
411 2557 426 2583 ὁ
446 2557 595 2593 θαυμάσιος
612 2559 640 2585 δὲ
657 2560 783 2596 Ἰωάννης
799 2562 813 2588 ὁ
828 2562 888 2588 Θεο-

95 2600 194 2634 λογῶν,
213 2611 221 2627 ι
234 2601 263 2628 '0
277 2602 414 2630 πιστεύων
429 2604 468 2636 εἰς
485 2604 531 2631 τὸν
544 2605 617 2638 Υἱδν,
635 2606 729 2641 φησιν,
744 2607 800 2642 ἔχει
817 2608 889 2643 ζωὴν

95 2647 207 2675 αξώνιον
216 2655 223 2663 '
234 2650 248 2675 6
261 2648 290 2675 δὲ
305 2649 426 2676 ἀπειθῶν
440 2650 479 2685 τῷ
489 2650 556 2686 Υίῷ,
570 2651 620 2678 οὐκ
633 2652 728 2687 ὖψεται
744 2653 792 2690 τὴν
805 2653 887 2690 ζωὴν,

94 2693 155 2721 ἀλλ’
166 2695 184 2729 ἠ
201 2694 269 2731 ὀργὴ
287 2695 334 2721 τοῦ
348 2695 415 2722 Θεοῦ
433 2698 510 2732 μενεί
524 2697 567 2723 ἐπ’
580 2698 669 2725 αὐτόν,
685 2708 693 2723 ι

133 2881 155 2899 ³⁸
173 2881 243 2910 Psal.
259 2889 368 2918 exuri,
390 2883 416 2910 b‘.

946 255 1086 285 manitalis
1101 256 1185 286 fuisse
1192 259 1363 288 missionem.

980 409 1035 438 Sed
1045 411 1100 446 jam
1116 416 1222 448 tempus
1233 418 1272 442 est
1288 415 1362 442 ut'ad
1375 414 1576 444 Dominicorum
1587 418 1732 447 verborum

944 457 1198 492 interpretationem
1210 461 1361 489 veniamus.
1377 472 1387 488 ι
1402 462 1510 496 Vestra,
1525 465 1623 499 inquit,
1635 466 1661 493 in
1676 466 1734 502 lege

943 503 1075 539 scriptum
1098 511 1150 539 est,
1167 506 1280 534 duorum
1301 507 1439 536 hominum
1465 511 1649 539 testimonium
1673 519 1734 540 esse

944 555 1050 576 verum.
1067 559 1076 575 ι
1091 549 1193 579 Deinde
1209 552 1283 580 addit
1298 561 1305 580 :
1322 563 1331 580 ι
1348 553 1403 588 Ego
1417 562 1476 582 sum
1490 556 1534 591 qui
1549 557 1732 585 testimonium

943 593 1074 628 perhibeo
1087 595 1120 623 de
1141 596 1255 631 meipso,
1267 603 1294 625 et
1303 599 1484 628 testimonium
1497 601 1622 635 perhibet
1635 602 1667 629 de
1679 611 1732 636 mc,

943 640 988 673 qui
1011 641 1084 667 misit
1105 649 1157 675 mc,
1176 641 1266 672 Pater.
1283 652 1292 669 ι
1309 643 1380 679 Ergo
1400 645 1544 681 imaginem
1567 653 1732 682 spectantes,

943 686 1120 726 archetypum
1141 695 1348 726 cognoscamus.
1370 700 1379 716 ι
1397 691 1515 719 Duorum
1525 713 1539 725 ,,
1555 693 1660 728 inquit,
1682 693 1732 726 lio—

944 732 1046 759 minum
1066 740 1161 762 verum
1180 738 1223 763 est
1247 737 1453 770 testimonium;
1478 747 1488 764 ι
1520 739 1595 774 atqui
1618 740 1732 767 duorum

944 778 1083 807 hominum
1103 787 1184 808 unam
1199 788 1265 809 esse
1276 787 1399 811 naturam
1418 785 1509 812 cuncti
1528 784 1664 819 fatentur;
1683 787 1733 822 igi-

945 828 988 852 tur
1002 824 1092 854 Patris
1108 830 1136 854 et
1147 826 1206 854 Filii
1221 832 1348 860 naturam
1366 837 1462 862 uuam,
1478 838 1559 858 unam
1584 839 1679 867 reapse
1700 840 1734 860 ex

907 890 931 921 Β
945 871 1065 908 imagine
1081 880 1276 908 cognoscemus
1296 878 1323 902 et
1335 875 1535 909 confitebimur.
1557 877 1635 905 Sicut
1662 879 1734 906 enim

946 918 981 945 ibi
998 918 1052 946 duo
1065 919 1201 952 homines,
1214 920 1250 947 ita
1269 925 1295 948 et
1308 920 1351 949 hic
1377 921 1447 954 Deus
1461 927 1489 950 et
1504 922 1590 956 Deus,
1607 923 1696 956 Pater,
1708 929 1736 952 et

944 963 1042 997 Filius,
1057 964 1103 999 qui
1118 964 1274 993 nominibus
1289 966 1345 994 suis
1362 966 1428 1001 ipsis
1441 967 1565 995 eamdem
1581 976 1641 996 esse
1657 973 1735 1000 natus

945 1017 1003 1038 ram
1018 1010 1169 1038 declarant.
1187 1010 1280 1046 Neque
1293 1012 1365 1039 enim
1381 1011 1427 1048 qui
1441 1020 1521 1041 verus
1535 1013 1571 1041 sit
1587 1013 1667 1045 Deus,
1685 1022 1733 1045 na.

947 1060 1006 1084 tura
1017 1056 1123 1085 dilferet
1140 1064 1236 1086 avero
1254 1057 1328 1091 Deo;
1347 1065 1434 1093 neque
1453 1057 1540 1086 Filius
1564 1057 1734 1093 diversusrab

945 1102 991 1135 illo
1011 1103 1155 1139 erit,_cum.
1170 1103 1207 1132 sit
1223 1103 1271 1132 Dei
1285 1103 1379 1132 Filius.
1397 1103 1444 1132 His
1462 1104 1573 1138 auditis,
1590 1102 1675 1133 Judaei
1694 1105 1735 1134 in:

945 1153 1153 1190 terrogaverunt
1174 1157 1257 1178 eum:
1288 1159 1298 1176 ι
1316 1149 1429 1182 Ubinam
1453 1154 1497 1178 est
1517 1149 1599 1179 Pater
1621 1151 1706 1184 tuus}!
1723 1160 1732 1176 ι

944 1195 1202 1235 Ιὶεδροιιὰἱῌιαίιυρ
1217 1195 1296 1226 Iesus
1312 1207 1319 1224 :
1337 1205 1346 1223 ι
1361 1195 1454 1232 Neque
1474 1204 1518 1224 me
1541 1197 1634 1230 scitis,
1649 1204 1735 1232 neque

944 1241 1053 1270 Patrem
1082 1250 1196 1270 meum:
1223 1242 1246 1271 si
1279 1250 1322 1271 me
1350 1242 1468 1277 sciretis,
1495 1241 1604 1275 Patrem
1628 1250 1735 1278 quoque

945 1297 1035 1318 meum
1049 1289 1167 1318 sciretis.
1184 1298 1193 1316 ι

980 1401 1078 1430 Videte
1102 1409 1199 1430 rursus
1221 1403 1358 1438 quomodo
1379 1403 1442 1431 hinc
1466 1403 1735 1438 consubstantialitas

945 1448 1158 1476 demonstratur.
1177 1449 1205 1476 Si
1224 1456 1278 1481 me,
1294 1448 1520 1484 inquit,sciretis,
1539 1448 1647 1477 Patrem
1668 1457 1735 1484 quo-

945 1501 999 1529 que
1017 1501 1106 1521 meum
1127 1493 1245 1522 sciretis.
1264 1495 1298 1521 At
1319 1501 1384 1522 vero
1407 1502 1439 1522 ex
1457 1502 1489 1522 eo
1505 1496 1576 1530 quod
1599 1495 1735 1522 diversqu

944 1544 986 1567 est
1001 1544 1110 1573 natura,
1130 1540 1245 1568 alterum
1261 1541 1326 1568 item
1344 1541 1503 1568 naturaliter
1527 1541 1664 1569 diversum
1682 1549 1734 1568 nou

946 1585 1124 1620 dignoscitur.
1150 1585 1274 1619 Namque
1298 1585 1386 1612 aliena
1406 1585 1523 1613 invicem
1540 1591 1568 1613 et
1592 1591 1735 1619 extranea,

946 1629 1063 1658 invicem
1078 1639 1131 1659 non
1146 1630 1335 1658 demonstrant
1352 1631 1418 1659 :sed
1432 1635 1535 1658 natura:
1544 1631 1736 1659 communione

945 1678 1105 1713 conjuncta,
1123 1685 1157 1705 ex
1172 1677 1305 1706 alterutro
1320 1682 1482 1705 noscuntur.
1498 1677 1539 1705 Ex.
1552 1685 1605 1705 uno
1627 1677 1736 1705 homine

945 1723 1101 1752 universam
1120 1724 1260 1752 hominum
1280 1728 1406 1752 naturam
1424 1731 1590 1759 cognoscere
1612 1723 1691 1757 licet;
1709 1728 1736 1751 et

944 1763 979 1801 ex
995 1780 1047 1800 una
1062 1780 1124 1805 ove,
1138 1772 1296 1803 universum
1320 1773 1410 1799 ovium
1434 1779 1541 1807 genus:
1569 1780 1621 1799 non
1645 1775 1735 1799 tamen

944 1826 978 1847 ex
995 1818 1091 1847 ovibus
1106 1818 1216 1851 leones,
1236 1826 1324 1853 neque
1343 1826 1378 1846 ex
1398 1817 1521 1846 leonibus
1541 1825 1628 1845 oves:
1650 1825 1737 1852 neque

945 1865 1056 1900 angelos
1072 1872 1105 1892 ex
1125 1864 1291 1897 hominibus,
1313 1871 1402 1899 neque
1416 1872 1455 1892 ει
1467 1863 1569 1899 angelis
1587 1864 1711 1891 homines
1728 1873 1734 1890 :

946 1917 1009 1937 nam
1025 1910 1238 1944 unumquodque
1253 1909 1353 1937 animal
1371 1910 1487 1945 propria:
1504 1915 1608 1937 natum
1623 1909 1736 1937 demou-

944 1956 1088 1984 strativum
1117 1961 1169 1984 est.
1199 1955 1229 1983 Si
1253 1963 1319 1991 ergo
1340 1956 1510 1991 unigenitum
1542 1956 1658 1983 Verbum
1687 1956 1735 1983 Dei

944 2007 1072 2031 creatura
1082 2006 1134 2035 est,
1149 2007 1177 2030 et
1188 2009 1222 2030 ex
1234 2009 1287 2030 non
1304 2007 1382 2029 antea
1398 2002 1582 2035 exstantibus,
1595 2007 1623 2030 et
1638 2010 1671 2030 ex
1685 2002 1735 2029 alia

943 2048 1065 2083 quadam
1083 2051 1180 2079 natura
1196 2051 1300 2080 natum,
1320 2048 1454 2082 quomodo
1467 2047 1577 2083 695m
1595 2048 1621 2075 in
1640 2055 1670 2076 se
1684 2048 1737 2076 Pan

945 2100 1014 2122 trem
1030 2094 1201 2122 demonstrat
1211 2114 1219 2127 ,
1237 2095 1260 2123 si
1275 2095 1301 2123 ei
1315 2095 1444 2123 credatur
1454 2094 1537 2122 Hum
1553 2095 1576 2122 si
1591 2094 1673 2122 Pater
1688 2103 1736 2129 per

946 2141 1043 2169 Filium
1056 2141 1223 2176 agnoscitur,
1238 2146 1265 2169 et
1279 2141 1325 2177 qui
1338 2141 1436 2169 Filium
1453 2141 1544 2175 novit,
1560 2141 1634 2169 novit
1645 2146 1673 2168 et
1684 2141 1736 2169 Pa-

946 2192 1026 2220 trem,
1040 2187 1207 2222 impediatur
1219 2194 1285 2214 sane
1299 2187 1402 2222 quasvis
1415 2187 1506 2222 lingua
1519 2187 1686 2222 blaspheme,
1696 2193 1733 2219 et,

946 2237 976 2260 ut
993 2233 1030 2260 ait
1047 2232 1193 2267 Propheta,
1213 2232 1336 2260 faucibus
1358 2232 1495 2260 adhmreat
1510 2232 1543 2260 ³⁸.
1565 2231 1620 2260 Nos
1644 2238 1734 2260 autem

947 2278 1092 2306 Trinitatis
1105 2278 1263 2306 adoratores
1272 2283 1425 2305 accuratam
1445 2278 1507 2305 hinc
1518 2278 1735 2306 consubstantiuo

946 2325 1032 2352 litatis
1047 2324 1184 2352 notionem
1198 2323 1399 2358 adipiscamur;
1415 2329 1585 2358 reputantes,
1608 2332 1662 2351 non
1683 2324 1733 2351 ali-

946 2375 987 2398 ter
1002 2371 1105 2398 Filium.
1124 2370 1152 2397 in
1170 2370 1253 2398 Patre
1269 2370 1327 2398 fore
1351 2370 1564 2405 agnoscendum,
1588 2370 1640 2398 nisi
1663 2370 1735 2405 ejus-

945 2416 1006 2444 dem
1027 2420 1098 2444 esset
1123 2416 1300 2443 substantim:
1331 2417 1530 2451 adoremusque
1560 2416 1733 2443 Servalorem

945 2467 1086 2495 nostrum,
1103 2462 1192 2490 cultus
1204 2463 1288 2490 nostri
1306 2462 1421 2490 fructum
1439 2462 1639 2497 praestolantes,
1657 2462 1734 2496 cujus

943 2510 1023 2537 dator
1046 2509 1127 2536 Pater
1143 2514 1194 2542 est,
1215 2510 1364 2537 secundum
1392 2509 1496 2536 Domini
1518 2509 1643 2536 dictum:
1673 2518 1683 2535 ι
1704 2509 1733 2536 Si

942 2557 1005 2591 quis
1020 2555 1103 2588 enim,
1119 2555 1217 2589 inquit,
1234 2555 1298 2583 mihi
1318 2555 1526 2589 ministraverit,
1544 2555 1734 2583 honoriﬁcabit

943 2609 1005 2629 eum
1027 2600 1109 2628 Pater
1126 2608 1203 2628 meus
1214 2601 1247 2626 ³⁷.
1268 2608 1277 2626 ι
1303 2599 1424 2635 Itemque
1455 2600 1631 2628 admirandus
1652 2601 1734 2628 Joan-

944 2655 993 2674 nes
1015 2646 1156 2681 theologus
1173 2653 1180 2672 :
1196 2655 1205 2672 ι
1225 2645 1275 2679 Qui
1292 2646 1379 2673 credit
1403 2646 1428 2673 in
1443 2646 1539 2673 Filium
1552 2665 1561 2678 ,
1573 2647 1672 2681 inquit,
1687 2646 1735 2672 ba-

890 2714 893 2717 .
944 2692 990 2719 bet
1008 2691 1090 2718 vitam
1108 2695 1259 2718 aeternam:
1281 2690 1327 2725 qui
1346 2695 1435 2718 autem
1453 2691 1609 2719 incredulus
1629 2697 1669 2720 est
1688 2691 1732 2719 Fin

944 2736 990 2769 lio,
1004 2736 1086 2762 vitam
1105 2743 1158 2764 non
1173 2735 1283 2770 videbit,
1309 2735 1355 2763 sed
1382 2735 1421 2763 ira
1444 2736 1489 2764 Dci
1515 2736 1633 2765 manebit
1652 2745 1734 2774 super

944 2785 1032 2817 ipsum
1047 2783 1078 2810 θ’.
1099 2793 1107 2809 μ

455 2883 474 2897 ³’
490 2882 565 2910 ιῐοιιιιΔ
584 2890 631 2918 λιι,
648 2883 692 2911 2t).
733 2883 754 2899 ³⁸
774 2882 852 2912 Joan.
868 2891 909 2917 ιιι,
925 2884 970 2913 56.
