1927 3036
743 145 772 173 S.
791 143 928 173 CYRILLI
947 141 1185 172 ALEXANDRINI
1202 141 1364 171 ARCHIEP.

1814 139 1883 168 H71

244 203 316 233 ΧΠ.
338 203 414 237 Quod
433 205 524 232 multis
541 206 604 231 locis
630 204 756 231 Dominus
778 210 858 230 unum
878 209 934 230 eu:
955 209 1030 229 suam

1109 200 1245 237 lq’.’0zt
1259 199 1417 237 πολλαχοῦ
1428 199 1453 237 ⁸ό
1471 198 1578 237 Κιξνριρς
1594 197 1671 237 μίας
1685 196 1786 237 αὑτοῦ
1805 197 1857 225 καὶ

419 245 444 267 et
460 239 551 267 Patris
565 239 738 266 substantiam
754 237 853 265 docuit.

280 308 315 338 Ut
329 313 419 336 autem
435 309 487 336 alio
502 313 610 343 quoque
627 306 784 335 testimonio
795 304 1030 334 consubstantiali-

245 359 326 383 tatem
345 355 573 387 demonstremus,
594 355 680 388 ipsum
702 353 846 380 audiamus
867 352 1028 380 clamantem

245 401 387 428 Dominum
404 408 436 428 ac
448 400 582 428 dicentem
595 407 647 426 non
660 398 788 433 apostolis
804 403 920 430 tantum,
934 404 1028 425 verum

243 448 322 474 etiam
337 446 454 474 Judmis:
473 456 482 472 ι
497 445 548 479 Qui
566 446 653 473 credit
674 446 700 472 in
725 453 781 478 me,
797 452 850 472 non
868 445 896 473 in
913 451 956 472 tne
967 451 1028 472 cre-

243 493 292 524 dit,
305 493 351 520 sed
367 492 393 519 in
408 500 469 519 eum
486 492 530 526 qui
549 491 621 518 misit
636 499 688 518 me.
704 491 737 517 Et
754 491 798 526 qui
815 491 887 518 videt
902 497 954 522 me,
967 497 1029 518 eum

242 536 286 569 qui
306 543 348 563 me
364 535 436 564 misit
450 536 533 563 videt.
559 536 614 571 Ego
636 536 680 563 lux
704 536 731 563 in
755 535 884 563 mundum
911 535 985 567 veni,
999 540 1029 562 ut

241 581 285 614 qui
304 581 329 607 in
347 588 389 608 me
405 582 504 615 credit,
524 583 552 608 in
572 581 692 609 tenebris
712 589 766 609 non
790 586 948 616 permaneat
963 580 996 608 ".
1016 590 1026 607 ι

242 625 269 652 Si
285 634 349 661 ergo
366 627 411 662 qui
431 628 503 655 videt
515 627 625 660 Filium,
638 628 664 654 in
678 627 786 655 Patrem
801 620 898 660 credit,
915 627 1027 655 ubinam

241 672 328 707 majus
340 677 366 700 et
377 673 467 700 minus
477 673 488 700 i
498 671 620 707 Namque
632 674 657 700 in
670 674 774 701 minore
787 673 918 701 minuitur
928 674 1026 709 majus,

241 725 329 751 neque
341 718 508 754 agnoscitur.
525 717 553 746 Si
574 719 664 753 itaque
686 717 768 746 Pater
782 719 879 754 major,
894 719 1029 754 quomodo

242 764 268 790 in
281 763 350 791 Filio
365 758 522 799 spectatur?
537 763 612 797 Quod
627 764 648 791 si
662 768 798 799 spectatur
820 764 847 792 in
862 764 946 797 Filio,
969 769 1029 792 tan—

241 816 322 843 quam
354 808 381 835 in
416 809 514 844 aequali
544 809 670 837 videlicet
701 808 872 844 agnoscitur.
903 809 1028 845 Namque

241 854 355 888 aquatio
388 855 503 882 invicem
538 856 750 884 demonstrativa
780 860 854 884 sunt,
885 855 921 883 Et
948 856 1026 891 paulo

241 905 304 934 post
324 901 394 928 idem
414 901 541 929 Dominus
561 902 598 928 ait
617 901 770 936 apostolis:
788 911 798 928 ι
821 901 877 937 Ego
890 910 949 930 sum
970 903 1027 936 via,

243 947 343 973 veritas
373 954 404 974 ac
434 948 504 980 vita;
535 955 614 975 nemo
652 948 725 975 venit
755 947 790 975 ad
819 948 945 982 Patrem,
976 949 1029 976 nisi

244 998 293 1025 per
314 999 374 1025 me;
400 993 422 1020 si
449 993 651 1028 cognosceretis
677 1001 731 1026 me,
758 995 851 1028 utique
872 1000 899 1022 et
920 994 1029 1022 Patrem

245 1045 335 1064 meum
362 1039 577 1073 cognosceretis,
605 1043 632 1067 et
665 1040 761 1067 amodo
783 1039 839 1074 jam
868 1041 1031 1075 cognoscitis

244 1091 316 1116 crint,
335 1091 450 1118 eumque
465 1085 581 1114 vidistis.
594 1085 662 1113 Dicit
675 1086 698 1113 ei
712 1084 852 1121 Philippus
874 1096 880 1114 :
906 1087 1030 1120 Domine,

245 1131 357 1157 ostende
373 1131 450 1158 nobis
467 1130 575 1159 Patrem
593 1136 679 1164 tuum,
694 1137 721 1159 et
737 1132 834 1161 sunicit
853 1133 940 1161 nobis.
961 1134 1032 1162 Dicit

243 1175 268 1202 ei
290 1174 368 1203 Je‘us
386 1184 392 1201 :
409 1176 498 1204 Tanto
526 1182 646 1212 tempore
675 1179 814 1207 vobiscum
841 1187 912 1211 sum.
930 1185 957 1207 et
977 1188 1029 1207 non

244 1222 392 1255 cognovisti
407 1231 459 1255 me,
472 1223 611 1259 Philippe?
621 1225 671 1257 Qui
686 1224 759 1252 videt
771 1233 823 1256 me,
835 1226 944 1262 696m
960 1227 1032 1256 videt

244 1272 271 1293 et
287 1266 394 1295 Patrem
416 1276 526 1302 meum;
554 1275 582 1297 et
607 1271 741 1304 quomodo
762 1275 790 1298 tu
818 1272 897 1304 dicis,
914 1271 1031 1300 Ostende

245 1313 323 1340 nobis
334 1313 526 1342 Patrem?Non
541 1317 629 1344 credis
648 1317 710 1351 quia
724 1325 773 1353 ego
788 1318 814 1345 in
830 1318 921 1351 Patre,
938 1324 966 1346 et
980 1319 1033 1346 Pa-

246 1364 286 1386 ter
301 1359 327 1386 in
345 1367 389 1387 mo
400 1361 462 1387 est?
483 1360 569 1388 Verba
596 1370 656 1397 qua:
686 1371 736 1399 ego
759 1364 865 1399 loquor,
891 1372 905 1391 a
920 1371 1032 1393 memet-

245 1405 304 1440 ἱρεο
319 1414 372 1434 non
387 1407 500 1440 loquor;
522 1408 568 1436 sed
583 1408 663 1437 Pater
676 1410 721 1445 qui
743 1410 769 1438 in
794 1414 838 1438 me
853 1416 959 1444 manet,
971 1411 1031 1446 ipse

245 1459 325 1487 opera
343 1452 418 1481 facit.
431 1453 540 1482 Credite
553 1456 631 1489 mihi,
645 1457 708 1491 quia
726 1464 775 1491 ego
788 1459 814 1484 in
832 1456 921 1490 Patre,
939 1463 967 1485 et
980 1457 1031 1485 Pa-

245 1505 286 1527 ter
307 1501 333 1526 in
356 1509 399 1529 nte
415 1508 476 1529 est:
497 1502 616 1539 alioquin
645 1508 755 1538 propter
777 1511 859 1538 opera
882 1505 939 1539 ipsa
965 1504 1029 1531 mihi

244 1546 349 1574 credite
361 1547 392 1573 ⁵ο.
416 1557 424 1572 1

280 1593 348 1625 Quid
361 1594 402 1621 his
417 1593 507 1621 verbis
528 1594 648 1621 clarius?
667 1595 731 1629 quid
753 1596 804 1622 hac
828 1595 951 1622 doctrina
974 1595 1031 1622 evi-

244 1639 373 1666 nentius?
387 1640 439 1667 Sed
452 1640 534 1672 cnim,
548 1645 577 1667 ut
598 1641 716 1673 videtur,
734 1640 887 1668 Judzcorum
908 1641 1029 1669 velamen

245 1685 271 1710 in
286 1685 476 1712 hmreticorum
499 1691 615 1713 utentem
639 1686 756 1713 transiit.
786 1685 845 1720 Quo
864 1687 894 1713 lit
922 1691 950 1713 ut
975 1687 1031 1714 sole

245 1734 328 1756 etiam
351 1731 467 1758 clariora
494 1739 606 1759 cernere
631 1732 731 1763 nolint,
755 1732 934 1760 voluntariam
954 1733 1032 1768 igne—

246 1776 341 1802 rantia:
359 1777 483 1803 nebulam
503 1777 613 1805 sibimet
625 1777 800 1805 attrahentes.
815 1777 870 1805 Nos
893 1786 956 1806 vero
978 1778 1031 1806 Do-

246 1821 347 1848 minmn
366 1822 498 1850 dicentem
511 1823 672 1851 audiamus:
694 1833 703 1849 ι
721 1823 748 1850 Si
762 1825 964 1859 coguosceretis
976 1833 1029 1858 me,

246 1867 338 1901 utique
359 1872 386 1895 et
409 1868 516 1895 Patrem
539 1876 628 1895 meum
653 1870 867 1904 cognoscerem.
889 1876 916 1897 et
934 1872 1030 1898 amodo

245 1913 410 1947 cognoscitis
427 1921 501 1946 eum,
523 1914 665 1949 ipsumque
682 1915 798 1944 vidistis.
823 1925 833 1941 ι
851 1915 961 1943 Thomat
980 1917 1031 1944 hoc

245 1959 294 1992 ait,
311 1967 324 1985 a
342 1967 397 1994 quo
411 1960 434 1987 ei
450 1960 550 1987 dictum
569 1959 667 1993 fuerat,
677 1960 736 1993 Quo
751 1961 826 1988 vadis
842 1962 988 1994 nescimus,
1004 1967 1030 1990 et

245 2006 380 2040 quomodo
397 2014 540 2041 possumus
559 2007 628 2034 viam
649 2007 737 2035 scire?
756 2008 894 2043 Docetque
923 2015 985 2036 eum
1003 2014 1030 2036 et

245 2052 365 2088 reliquos
384 2053 464 2080 simul
487 2053 633 2087 apostolos.
651 2053 788 2081 hominem
803 2054 848 2089 qui
870 2053 921 2082 sibi
941 2055 1029 2082 credi-

246 2098 325 2130 derit,
350 2099 413 2125 dum
439 2099 474 2126 ita
493 2100 579 2133 ipsum
600 2100 698 2126 mentis
720 2099 807 2127 oculis
831 2100 917 2132 videt,
941 2099 1031 2128 Patris

245 2150 352 2178 quoque
369 2143 426 2171 ﬁeri
447 2148 637 2177 spectatorem,
658 2145 785 2179 quoniam
810 2144 891 2172 Pater
914 2145 941 2172 in
963 2145 1031 2173 Filio

245 2191 409 2224 agitoscitur.
435 2190 499 2217 Haec
521 2191 660 2225 Philippus
687 2198 739 2218 non
767 2191 932 2226 intelligens.
954 2197 1030 2228 rogat

246 2236 320 2262 illuxit
348 2237 462 2264 dicens:
489 2245 499 2261 ι
516 2236 633 2263 Ostende
657 2236 734 2263 nobis
760 2235 868 2264 Patrem
895 2242 980 2271 tuum,
1003 2243 1030 2264 et

245 2282 344 2309 sutiieit
359 2283 455 2315 nobis;
477 2291 487 2309 ι
511 2287 651 2316 propterea
671 2290 723 2310 non
749 2282 883 2316 laudatur,
905 2283 968 2318 quia
989 2291 1031 2310 se-

245 2328 362 2354 cundum
387 2327 528 2355 haereticos
554 2328 629 2355 visus
647 2333 690 2355 est
716 2334 812 2363 optare
827 2329 913 2364 majus
929 2329 1030 2364 aliquid

244 2381 373 2405 cernere;
387 2373 434 2400 sed
453 2373 659 2406 reprehenditur
677 2374 776 2409 potius,
791 2382 839 2401 ceu
859 2375 905 2409 qui
923 2375 949 2402 in
963 2374 1031 2402 Filio

246 2418 352 2445 Patrem
367 2425 419 2445 non
437 2418 549 2446 viderat.
566 2427 577 2444 ι
596 2418 683 2445 Tanto
695 2420 779 2451 enim,
792 2419 891 2455 inquit,
909 2425 1030 2455 tempore

245 2463 384 2491 vobiscum
399 2470 468 2497 sutn,
483 2471 570 2499 neque
582 2471 626 2492 me
640 2464 727 2493 adhuc
739 2465 848 2497 novisti,
861 2465 999 2500 Philippe?
1015 2475 1025 2492 ι

245 2510 327 2544 Atqui
349 2517 401 2537 non
425 2511 533 2545 ipsum,
564 2511 612 2538 sed
640 2509 748 2537 Patrem
778 2511 870 2538 videre
891 2511 1031 2546 Philippus

245 2555 367 2590 optabat.
387 2555 441 2583 Cur
459 2563 522 2591 ergo
540 2556 747 2591 reprehenditur
764 2557 835 2591 quod
858 2556 954 2584 Filium
977 2565 1029 2584 non

246 2603 419 2637 cognoverit?
440 2603 575 2630 Nimirum
595 2603 673 2631 Jesns
691 2603 742 2630 hac
768 2603 858 2630 addita
883 2604 1030 2640 reprehen;

246 2650 338 2683 sione,
361 2658 469 2678 causam
484 2651 522 2678 rei
540 2650 677 2678 declarat:
699 2660 708 2676 ι
727 2649 794 2677 Nam
809 2650 855 2685 qui
877 2658 919 2678 me
940 2651 1028 2683 novit,

280 2739 392 2768 "Joan.
414 2748 464 2774 xu,
483 2741 527 2774 Η,
544 2741 589 2768 55.
628 2740 650 2756 ⁸⁸
665 2740 742 2768 Joan.
763 2748 820 2772 xiv,
841 2740 916 2768 6-12.

277 2823 315 2854 (Ι)
337 2821 374 2857 Ita
387 2829 415 2847 se
424 2820 504 2848 habet
514 2821 539 2848 in
550 2821 600 2848 hoc
608 2821 700 2848 codice
712 2825 737 2849 et
749 2821 807 2848 aliis
821 2821 932 2849 verbum
944 2822 1066 2857 ὃγιιωκτς

249 2856 428 2891 ttipungitur.

1197 235 1251 263 τοῦ
1270 232 1385 270 Πατρῦξε
1406 233 1464 269 τὴν
1480 233 1589 260 οὐσίαν
1607 232 1760 265 ἐδίδαξεν.

1119 304 1179 331 Ἵνα
1192 303 1220 330 δὲ
1236 303 1283 330 καὶ
1293 302 1324 335 ἐξ
1337 302 1433 336 ἐτέρας
1447 300 1601 336 μαρτυρίας
1613 299 1644 327 τὸ
1658 299 1809 335 ὁμοούσιον
1823 300 1879 328 δεί-

1084 348 1183 384 ξωμεν,
1197 347 1281 375 αὑτοῦ
1307 347 1354 374 τοῦ
1378 346 1480 382 Κυρίου
1504 345 1666 380 ἀκούσωμεν
1692 345 1815 380 βοιῖιντθς
1831 347 1880 373 καὶ

1082 395 1217 428 λέγοντος,
1233 393 1263 420 οὐ
1287 394 1344 425 τοῖς
1365 392 1525 423 ἀποστόλοις
1550 391 1640 427 μόνον,
1655 391 1727 418 ἀλλά
1749 392 1800 418 καὶ
1823 394 1878 424 τοῖς

1089 439 1241 470 Ἰουδαίοις·
1268 438 1317 465 «⁸0
1340 437 1474 465 πιστεύων
1499 437 1538 469 είς
1562 436 1666 472 tuenti
1692 436 1821 463 πιστεύει
1839 438 1878 468 et;

1083 485 1143 520 ἐμὲ,
1155 484 1212 512 ἀλλ’
1228 485 1268 516 εἰς
1290 483 1336 510 τδν
1352 482 1496 518 πέμψαντά
1515 490 1558 517 με.
1577 481 1634 508 Καὶ
1648 481 1662 509 6
1677 481 1794 517 θεωρῶν
1814 482 1877 516 ἐμὲ,

1083 530 1182 564 θεωρεῖ
1195 530 1245 565 ,τὸν
1269 529 1415 564 πέμψαντά
1430 529 1471 563 ’με
1483 536 1491 544 ν
1507 526 1562 561 ἐγὼ
1576 527 1633 562 φῶς
1649 528 1689 559 είς
1707 527 1754 554 τὸν
1773 527 1879 563 κόσμςν

1082 575 1210 611 ἐλήλυθα,
1226 575 1269 601 ΐνα
1285 574 1299 601 6
1312 573 1448 601 πιστεύων
1469 574 1509 605 είς
1531 573 1582 609 ἐμὲ
1605 572 1636 598 ἐν
1659 573 1693 608 τῇ
1719 572 1820 608 σκοτίᾳ
1839 573 1877 607 μὴ

1083 622 1173 657 μείνῃ.
1189 630 1198 647 t
1218 621 1249 648 Et
1265 620 1354 648 τοίνυν
1366 621 1380 647 6
1391 619 1501 655 θεωρῶν
1514 619 1560 646 τὸν
1572 619 1635 646 Υίδν
1647 619 1686 650 είς
1700 618 1748 645 τὸν
1763 618 1878 654 Πατέρα

1082 667 1205 694 πιστεύει
1214 673 1239 700 ο,
1257 666 1308 693 ποῦ
1326 666 1356 693 τὸ
1374 666 1465 702 μεῖζον
1481 666 1529 693 καὶ
1541 665 1572 692 τὸ
1588 665 1717 699 ἔλαττονς
1733 665 1763 691 ἐν
1773 664 1878 700 γὰρτῷ

1082 713 1204 741 ἐλάττονι
1225 712 1402 749 σμικρύνεται
1416 712 1448 740 τὺ
1463 712 1566 747 μεῖζον,
1580 711 1628 738 καὶ
1644 712 1674 738 οὑ
1689 711 1857 747 γνωρίζεται
1868 721 1874 726 -

1081 761 1106 787 εί
1123 760 1151 787 δὲ
1167 760 1182 786 6
1193 759 1288 797 Πατὴρ
1302 758 1414 794 μείζων,
1427 758 1486 790 πῶς
1499 758 1528 785 ἐν
1541 757 1581 793 τῷ
1595 757 1654 793 Υίῲ
1670 758 1836 792 οεωρεῖται;
1852 759 1875 784 εί

1080 807 1109 834 δὲ
1125 806 1268 842 θεωρεῖται
1279 806 1308 833 ἐν
1321 804 1389 840 Υίῷ,
1403 804 1440 837 ὡς
1454 805 1483 832 ἐν
1496 804 1545 840 ἴσῳ
1558 803 1680 838 δηλονότι
1691 804 1874 840 γνωρίζεται·

1081 851 1218 888 δηλωτικὰ
1232 851 1288 888 γὰρ
1300 851 1423 886 ἀλλήλων
1441 849 1476 877 τὰ
1494 850 1539 877 ίσα
1548 858 1555 866 ·
1571 850 1618 876 καὶ¹
1629 849 1710 876 πάλιν
1725 850 1785 884 μετ’
1797 849 1875 883 ὀλίγα

1081 898 1160 930 αὐτὸς
1176 898 1191 924 6
1206 897 1307 933 Κύριός
1323 905 1389 932 φησι
1403 897 1459 928 τοῖς
1477 896 1636 928 ἀποστόλοις
1646 904 1654 912 '
1671 905 1681 922 ι
1692 895 1765 930 Ἐγώ
1786 895 1845 931 εῐμι
1858 897 1874 931 ή

1079 945 1149 977 ὁδὸς.
1165 945 1212 972 καὶ
1228 945 1245 980 ὴ
1256 944 1380 979 ἀλήθεια,
1391 944 1439 971 καὶ
1455 944 1471 980 ἠ
1488 943 1543 979 ζωή
1554 952 1561 958 ”
1578 943 1666 975 οὐδεὶς
1680 942 1794 979 ἔρχεται
1805 943 1875 978 πρὸς

1079 991 1125 1018 τὸν
1149 990 1268 1026 Πατέρα,
1292 991 1316 1017 εἰ
1340 991 1376 1026 μὴ
1401 990 1434 1016 δι’
1449 990 1534 1025 ἐμοῦθ
1553 990 1578 1016 εἰ
1595 989 1740 1024 ἐγνώκειτέ
1764 997 1812 1024 με.
1827 988 1876 1015 aut

1079 1037 1125 1064 τὸν
1136 1037 1245 1072 Πατέρα
1257 1045 1307 1072 μου
1318 1035 1462 1071 ἐγνώκειτε
1473 1035 1516 1067 ἂν,
1527 1036 1574 1062 καὶ
1590 1036 1638 1063 ἀπ’
1646 1035 1708 1071 ἄρτι
1725 1033 1874 1069 γινώσκετε

1081 1084 1163 1111 αὑτὸν
1175 1084 1223 1110 καὶ
1239 1084 1379 1119 ἑωράκατε
1392 1082 1483 1109 αὐτόν.
1503 1081 1585 1116 Λέγει
1598 1081 1626 1108 δέ
1642 1081 1717 1116 αὑτῷ
1728 1080 1874 1111 Φίλιππος·

1080 1130 1178 1166 Κύριε,
1194 1130 1281 1163 δεῖξον
1292 1130 1358 1165 ἡμῖν
1371 1129 1417 1156 τὸν
1432 1128 1540 1164 Πατέρα
1556 1136 1613 1161 σου,
1627 1127 1676 1155 καὶ
1695 1128 1781 1163 ἀρκεῖ
1798 1127 1875 1161 ἡμῖν.

1080 1179 1162 1213 Λέγει
1176 1178 1251 1214 αὐτῷ
1271 1179 1285 1205 6
1303 1177 1405 1213 Ἰησοῦς
1416 1184 1424 1193 ·
1443 1177 1576 1204 Τοσοῦτον
1598 1176 1694 1212 χρόνον
1719 1177 1781 1212 μεθ’
1799 1177 1875 1211 ὑμῶν

1081 1225 1149 1260 είμι,
1163 1224 1211 1250 καὶ
1236 1223 1286 1250 οὒκ
1307 1223 1428 1257 ἔγνωκάς
1445 1230 1489 1258 με,
1505 1222 1622 1249 Φίλιππε
1636 1222 1693 1257 (i);
1714 1223 1729 1248 6
1741 1221 1876 1257 ἑωρακὼς

1080 1271 1141 1306 ἐμὲ,
1155 1270 1258 1305 ἑώρακε
1270 1270 1317 1296 καὶ
1331 1269 1376 1296 τδν
1384 1269 1493 1304 Πατέρα
1507 1277 1557 1304 μου
1567 1276 1575 1283 ·
1591 1267 1639 1295 καὶ
1653 1267 1713 1300 πῶς
1726 1267 1758 1295 σὺ
1772 1267 1874 1302 λέγεις,

1080 1317 1172 1350 Δεῖξον
1186 1317 1251 1351 ἡμῖν
1267 1316 1313 1342 τὸν
1324 1315 1449 1350 [last-Epit;
1466 1313 1497 1341 οὐ
1514 1314 1652 1346 πιστεύεις
1664 1314 1706 1340 ὅτι
1721 1312 1777 1347 ἐγὼ
1793 1314 1823 1340 ἐν
1838 1312 1876 1348 τῷ

1081 1362 1179 1398 Πατρὶ,
1194 1361 1241 1388 καὶ
1254 1362 1268 1387 6
1280 1361 1374 1396 Πατὴρ
1389 1361 1417 1387 ὲν
1432 1360 1493 1395 ἐμοί
1509 1360 1585 1394 'ec-rt;
1599 1360 1640 1386 Τὰ
1654 1360 1766 1395 ῥήματα
1776 1359 1876 1386 atate

1082 1408 1148 1448 ᾲγὼ,
1164 1409 1211 1435 ἀπ’
1227 1407 1348 1442 ἐμαυτοῦ
1370 1407 1400 1434 οὺ
1423 1406 1496 1434 λαλῶ
1508 1415 1515 1422 ⁸
1539 1407 1553 1433 6
1575 1406 1603 1432 δὲ
1626 1406 1724 1442 Πατὴρ
1736 1406 1751 1432 6
1766 1405 1797 1431 ὲν
1816 1405 1876 1440 ἐμοὶ

1084 1455 1182 1489 μένων,
1199 1453 1280 1485 αὐτὸς
1296 1454 1368 1480 ποιεῖ
1386 1452 1420 1479 τὰ
1436 1451 1521 1488 ἔργα·
1537 1452 1680 1478 πιστεύετέ
1701 1460 1748 1487 μοι
1763 1451 1806 1478 δτι
1821 1450 1876 1484 ἐγὼ

1082 1502 1110 1528 ἐν
1125 1500 1164 1535 τῷ
1178 1500 1275 1535 Πατρὶ,
1293 1499 1340 1526 καὶ
1357 1499 1371 1525 6
1388 1499 1488 1534 Πατὴρ,
1498 1499 1527 1525 ἐν
1539 1499 1617 1533 ἐμοί·
1631 1499 1656 1524 εἰ
1671 1498 1700 1524 δὲ
1715 1497 1764 1533 μὴ,
1785 1497 1831 1524 διὰ
1844 1497 1876 1524 τὰ

1043 1553 1066 1582 c
1082 1547 1151 1582 ἔργα.
1167 1547 1237 1573 αὐτὰ
1257 1545 1399 1572 πιστεύετέ
1420 1554 1475 1580 μοι.
1491 1555 1501 1571 ι

1117 1592 1150 1618 Τί
1164 1592 1267 1618 τούτων
1281 1591 1336 1618 τῶν
1351 1592 1481 1627 ῥημάτιον
1494 1590 1660 1626 σαφέστερον
1672 1598 1679 1623 ;
1693 1590 1720 1616 τί
1734 1590 1785 1626 τῆς
1802 1590 1875 1617 διδα-

1082 1636 1196 1668 σκαλίας
1208 1636 1310 1671 ταύτης
1326 1635 1532 1671 φανερώτερον;
1561 1636 1642 1668 ’Δλλ’,
1659 1635 1698 1667 ὡς
1720 1635 1806 1669 ἔοικε,
1822 1635 1874 1662 τῶν

1087 1682 1222 1710 Ἰουδαίων
1234 1682 1264 1709 τὸ
1281 1682 1413 1718 κάλυμμα
1429 1683 1471 1714 είς
1490 1682 1538 1717 τὴν
1557 1682 1611 1709 τῶν
1625 1682 1776 1718 αίρετικῶν
1793 1690 1874 1717 μετα-

1081 1729 1182 1764 ϐέϐηκε
1196 1729 1329 1756 διάνοιαν·
1345 1729 1386 1755 διὸ
1399 1728 1432 1755 τὰ
1452 1728 1500 1755 τοῦ
1525 1728 1601 1763 ἡλίου
1624 1727 1806 1763 φανερώτερα
1818 1736 1874 1754 συν-

1080 1775 1148 1810 ορᾷν
1173 1774 1224 1800 οὐκ
1247 1774 1388 1806 ἐθέλουσι,
1413 1774 1463 1809 τὴν
1494 1774 1657 1809 αὐθαίρετον
1686 1773 1804 1810 ὁμίχλην
1827 1774 1873 1809 τῆς

1081 1821 1194 1855 ἀγνοίας
1221 1821 1456 1856 ἐπισπασάμενοι·
1481 1821 1560 1856 ἡμεῖς
1583 1820 1612 1846 δὲ
1637 1821 1803 1855 ἀκούσωμεν
1830 1820 1872 1847 τοῦ

1080 1867 1184 1903 Κυρίου
1203 1866 1336 1901 λέγοντος·
1357 1876 1366 1892 ι
1379 1868 1410 1894 El
1423 1867 1568 1900 ἐγνώκειτέ
1583 1875 1629 1902 με,
1646 1867 1753 1894 καὶτὸν
1767 1866 1874 1902 Πατέρα

1082 1922 1134 1948 μου
1158 1913 1304 1947 ἐγνώκειτε
1327 1914 1374 1941 ἄν·
1395 1913 1443 1940 καὶ
1465 1914 1512 1940 ἀπ’
1527 1913 1590 1949 ἄρτι
1608 1913 1765 1947 γικώσκετε
1784 1914 1873 1945 αὑτὸν,

1081 1960 1128 1986 καὶ
1144 1960 1286 1994 ἑωράκατε
1303 1960 1410 1986 αὐτόν’»
1422 1959 1461 1994 τῷ
1473 1957 1559 1995 Θωμᾷ
1573 1959 1652 1986 τοῦτο
1663 1959 1740 1994 λέγει
1755 1959 1875 1995 είρηκότι

1081 2005 1166 2040 αὐτῷ,
1185 2006 1239 2032 Ποῦ
1261 2005 1376 2039 ὑπάγεις
1399 2006 1448 2032 οὐκ
1464 2006 1585 2041 οἴδαμεν,
1599 2006 1646 2032 καί
1660 2006 1711 2042 τὴν
1735 2005 1799 2033 ὁδὸν
1822 2006 1876 2037 1:47.»:

1080 2051 1180 2078 εἰδέναι
1193 2051 1346 2086 δυνάμεθα;
1363 2051 1410 2078 καὶ
1421 2051 1542 2078 διδάσκει
1557 2052 1650 2084 αὑτὸν,
1669 2054 1718 2078 καὶ
1736 2052 1805 2084 τοὺς
1824 2052 1876 2078 λοι-

1081 2097 1149 2128 ποῠς
1175 2097 1357 2130 ἀποστόλους,
1386 2099 1424 2129 ὡς
1451 2097 1527 2133 αὐτῷ
1549 2098 1564 2124 6
1591 2097 1799 2131 πεπιστευκὼς,
1823 2099 1877 2129 τοῖς

1080 2143 1230 2179 ὀφθαλμοῖς
1253 2144 1302 2180 τῆς
1324 2144 1442 2175 διανοίας
1466 2144 1634 2180 θεασάμενος
1651 2144 1749 2176 αὑτὸν,
1766 2145 1816 2171 καὶ
1832 2143 1876 2171 τοῦ

1081 2190 1189 2225 Πατρὸς
1213 2190 1359 2225 γεγένηται
1375 2190 1485 2225 θεατὴς,
1501 2190 1539 2220 ὡς
1556 2191 1586 2217 ἐν
1607 2190 1682 2225 αὑτῷ
1702 2189 1753 2216 τοῦ
1773 2190 1878 2226 Πατρὸς

1082 2233 1294 2268 γνωριζομένου.
1313 2233 1406 2260 Ταῦτα
1423 2234 1554 2265 Φίλιππος
1569 2233 1608 2268 μὴ
1631 2233 1736 2265 συνεὶς,
1750 2241 1877 2268 παρακα-

1084 2280 1124 2306 λεῖ
1141 2279 1223 2306 αὑτὸν
1235 2279 1322 2314 λέγων
1333 2288 1340 2295 ·
1358 2289 1367 2306 ι
1383 2280 1473 2313 Δεῖξον
1486 2281 1551 2315 ἡμῖν
1570 2279 1616 2307 τὸν
1631 2279 1745 2314 Πατέρα
1759 2288 1823 2312 σου,
1835 2280 1878 2307 καὶ

1084 2328 1164 2364 ἀρκεῖ
1188 2328 1255 2362 ἡμῖν
1266 2335 1273 2341 ι
1288 2337 1303 2353 »ν
1318 2327 1365 2354 καὶ
1387 2327 1437 2354 οὐκ
1452 2328 1612 2360 ἐπαινεῖται,
1624 2326 1662 2358 ὡς
1677 2327 1711 2353 τὸ
1727 2328 1802 2354 κατὰ
1818 2328 1877 2358 τοῦς

1084 2373 1240 2410 αἱρετικοὺς
1254 2373 1345 2408 μεῖζον
1357 2373 1420 2400 ίδεῖν
1433 2372 1606 2408 ἐπιθυμήσας
1615 2380 1623 2388 ⁸
1635 2372 1695 2399 ἀλλ’
1706 2373 1876 2407 ἐγκαλεῖται,

1084 2421 1122 2452 ὡς
1147 2420 1186 2456 μὴ
1208 2420 1373 2456 θεασάμενος
1397 2421 1426 2446 ἐν
1438 2420 1495 2454 Υίῷ
1508 2419 1554 2446 τὸν
1570 2418 1681 2454 Πατέρα
1691 2428 1698 2435 ·
1720 2428 1731 2445 ‹
1746 2419 1876 2446 Τοσοῦτον

1082 2467 1146 2502 γὰρ,
1162 2467 1239 2502 φησὶ,
1256 2466 1352 2502 χρόνον
1368 2465 1426 2501 μεθ’
1441 2466 1517 2501 ὑμῶν
1539 2466 1608 2500 εἰμι,
1623 2466 1672 2492 καὶ
1690 2465 1745 2492 οὐκ
1756 2464 1876 2499 ἔγνωκάς

1081 2522 1126 2549 με,
1144 2514 1275 2546 Φίλιππε;
1290 2523 1299 2538 ι
1315 2512 1371 2539 Καὶ
1388 2512 1441 2548 μὴν
1452 2513 1502 2539 οὐκ
1517 2512 1608 2544 αὐτὴν,
1623 2511 1693 2538 ἀλλὰ
1709 2511 1757 2538 τὸν
1770 2510 1874 2545 Πατέρα

1079 2561 1093 2586 ὁ
1108 2560 1239 2591 Φίλιππος
1254 2560 1317 2586 ἰδεῖν
1330 2558 1488 2594 ἐπεθύμησε
1498 2566 1505 2573 ·
1525 2558 1585 2589 πῶς
1601 2555 1648 2584 οὖν
1665 2558 1827 2591 ἐγκαλεῖται
1839 2556 1873 2588 ἀς

1079 2607 1129 2632 οὐκ
1147 2605 1276 2640 ἐγνωκὼς
1294 2606 1340 2632 τὸν
1353 2605 1436 2637 Υιόνς
1462 2605 1495 2640 τῇ
1519 2604 1652 2638 ἐπαγωγῇ
1671 2604 1720 2630 τοῦ
1736 2603 1872 2638 ἐγκλήμα-

1081 2660 1124 2683 τος
1141 2652 1189 2686 τὴν
1204 2651 1293 2678 αἰτίαν
1305 2651 1396 2686 δηλοῖ·
1421 2659 1430 2675 ι
1442 2650 1471 2676 '0
1486 2648 1616 2684 ἑωρακὼς
1628 2648 1696 2683 γὰρ,
1710 2648 1806 2684 φησὶν,
1816 2647 1870 2682 ἐμὲ,

1126 2748 1137 2762 ι
1152 2743 1194 2768 ἵσ.
1211 2742 1256 2768 τὸν
1272 2741 1380 2777 Πατέρα
1396 2741 1501 2775 Θεωρεϊ.

1101 2821 1230 2856 singulari
1253 2829 1381 2854 numero;
1401 2825 1427 2847 ct
1457 2824 1586 2857 praeterea
1620 2819 1660 2846 sic
1678 2819 1705 2846 in
1723 2815 1865 2846 nostrain-
