1927 3036
89 151 157 179 H73

756 149 799 178 DE
819 150 1017 181 TBIMTATE.

1642 158 1711 185 ιιτι

87 209 194 244 ἑώρακε
208 208 251 235 τὸν
263 209 383 244 Πατέρα.
393 219 402 235 ι
417 209 473 236 Καὶ
486 209 544 242 πῶς
557 210 588 237 σὺ
601 210 700 244 λέγεις,
712 210 802 243 Δεῖξον
813 211 877 246 ἡμῖν

930 211 1029 246 inquit,
1051 213 1124 240 novit
1146 218 1172 240 et
1187 213 1305 241 Patrem.
1324 223 1333 239 ι
1349 214 1487 248 Quomodo
1512 222 1576 250 ergo
1603 220 1630 244 tu
1660 218 1711 248 ais,

86 254 131 280 τὸν
141 254 384 291 ΠατέραςἜτερός
398 256 466 291 είμι,
481 257 573 291 φησιν,
589 255 660 282 κατὰ
675 256 705 282 τὸ
719 257 874 292 πρόσωπον,

87 302 116 328 οὺ
138 301 211 328 κατὰ
234 301 283 337 τὴν
306 302 402 335 φύσινο
426 302 485 329 ὅλον
505 304 533 329 ἐν
550 302 624 338 αὺτῷ
639 303 676 338 (ί)
693 302 739 329 τὸν
766 303 877 339 Πατέρα

89 347 250 381 περιφέρω·
284 348 403 383 σφραγὶς
434 348 488 383 γάρ
520 349 576 383 εἰμι
611 349 658 375 τοῦ
696 349 877 384 γεννήσαντος

87 391 308 425 ἀπαράλλακτος,
324 393 468 428 χαρακτήρ
483 394 540 428 είμι
550 393 601 428 τῆς
622 392 669 419 τοῦ
692 393 798 428 Πατρὺς
811 394 877 420 ὑποο

89 437 221 469 στάσεως,
231 438 313 465 εἰκὼν
327 439 428 474 φυσικὴ
439 439 477 474 τῷ
485 439 644 475 γεννήσαντι
656 440 875 474 συνυττάρχουσα⁸

88 484 150 511 ὅταν
167 485 257 510 τοίνυν
275 484 338 511 ίδεῖν
354 484 484 521 ἐθελήσῃς
503 486 614 518 ἐκεῖνον,
630 486 669 517 είς
694 485 742 520 ἐμὲ
763 484 878 511 ἀποϐλέ-

88 529 152 563 duc,
168 529 299 565 ἑκάτερον
321 530 397 564 ὄψει’
421 529 482 564 ὕψει
505 529 533 556 δὲ
557 530 588 556 οὒ
613 531 669 562 τοῖς
690 529 738 556 τοῦ
754 529 877 564 σώματος

87 576 247 612 ὀφθαλμοῖς,
264 576 331 604 ἀλλὰ
347 577 402 609 τοῖς
416 577 465 611 τῆς
483 577 600 609 πίστεως
612 585 619 592 ·
637 577 683 604 καὶ
697 577 753 608 τοῖς
767 577 816 612 τῆς
834 576 878 603 πί-

88 629 172 653 στιως
198 621 226 648 δὲ
250 621 387 654 τοσοῦτον,
402 622 464 649 ὅσον
483 622 584 656 γνῶναι
608 622 658 654 τὰς
679 622 832 658 ἐνεργείας,
845 621 875 648 οὐ

87 668 136 703 τὴν
154 668 247 702 φύσιν,
265 668 282 704 ἦ
296 669 346 704 τὴν
362 668 455 695 οὐσίαν
468 677 474 683 ·
489 669 577 695 πάντα
592 669 647 704 γὰρ
664 667 726 695 νοῦν
742 668 759 704 ἡ
776 667 877 702 ταύτης

87 714 246 749 ὑπερϐαίνει
257 714 409 750 κατὰληψις
418 723 425 730 ·
437 715 477 742 διὸ
488 715 627 750 ἐπήγαγεν
635 722 643 730 ’
657 724 666 740 ι
678 715 716 741 Οὐ
727 713 876 745 πιστεύεις,

87 759 127 786 ὅτι
142 759 198 794 ἐγὼ
215 760 245 787 ἐν
258 760 297 796 τῷ
309 761 407 797 Ila-:91,
428 761 475 788 καὶ
489 762 503 788 ὁ
516 761 612 796 Πατὴρ
625 761 653 787 ἐν
670 760 731 796 ἐμοί
746 761 821 793 ἐστι;
844 759 878 786 τὰ

88 807 208 842 ῥήματα,
223 807 242 835 ἃ.
257 808 313 841 ἐγὼ
329 807 412 841 λαλῶ,
434 809 481 835 ἀπ’
495 806 615 842 ἐμαυτοῦ
638 807 668 834 οὺ
691 807 773 841 λαλῶ,
789 806 848 834 ἀλλ’
863 807 878 832 6
896 819 899 821 >

87 852 181 888 Πατήρ
208 862 259 888 μου
281 854 296 880 ὸ
318 854 347 880 ἐν
361 854 423 889 ἐμοὶ⁵
445 854 544 889 μένων,
559 855 640 886 αὑτδς
656 854 776 882 ποιείτὰ
797 853 876 889 ἔργα.

926 256 1044 285 Ostende
1068 258 1145 285 nobis
1165 258 1293 287 Patrem?
1324 259 1415 293 Alius,
1440 260 1543 295 inquit.
1569 269 1628 289 sum
1653 270 1713 295 per—

926 310 1002 336 sona,
1019 310 1072 330 non
1086 307 1194 337 natura,
1212 308 1295 332 totum
1311 304 1337 333 in
1356 305 1458 340 meipso
1476 306 1582 333 Patrem
1595 308 1714 334 circum-

927 348 994 381 fero,
1011 357 1072 377 sum
1094 349 1165 377 enim
1188 350 1305 385 sigillum
1324 350 1439 386 genitori
1464 351 1648 384 simillimum,
1664 360 1713 387 pa-

927 398 1011 421 ternae
1029 395 1115 429 ﬁgura
1137 396 1313 428 substantiae,
1333 396 1463 424 naturalis
1487 397 1575 432 imago
1594 396 1713 431 gignenti

926 440 1103 468 coexsistens.
1121 441 1188 469 Cum
1202 449 1267 477 ergo
1281 442 1355 470 illum
1371 442 1462 470 videre
1478 443 1612 477 volueris,
1625 444 1651 470 in
1672 451 1714 471 me

928 486 1044 520 respice,
1057 491 1083 514 et
1095 487 1203 523 697m
1216 493 1361 523 utrumque
1373 489 1486 516 videbis.
1501 488 1610 517 Videbis
1624 492 1713 517 tamen

928 531 998 559 haud
1012 533 1133 567 corporis
1149 533 1195 560 scd
1213 533 1274 561 lldei
1293 533 1398 561 oculis:
1421 539 1447 561 et
1471 534 1579 569 quidem
1601 539 1715 562 eatenus

930 577 989 605 ﬁdei
1005 578 1105 611 oculis,
1127 583 1262 614 quatenus
1284 580 1454 614 operationes
1474 587 1638 614 cognoscas,
1661 588 1715 607 non

928 626 1053 649 naturam
1066 627 1112 649 aut
1127 623 1328 657 substantiam;
1343 624 1491 658 quamlibet
1505 625 1578 651 enim
1597 629 1715 653 mentem

928 668 1143 702 comprehensio
1153 670 1212 697 haec
1230 670 1346 697 excedit.
1362 669 1465 698 idcirco
1487 671 1610 698 addidit:
1631 680 1640 696 ‹
1655 670 1715 699 Non

928 715 1017 743 credis
1042 716 1105 750 quia
1119 723 1169 751 ego
1179 716 1205 744 in
1219 715 1310 750 Patre,
1325 721 1352 744 et
1363 716 1444 745 Pater
1458 718 1484 744 in
1499 724 1542 745 me
1554 718 1616 746 est?
1627 717 1714 746 Verba

928 767 987 794 quae
1004 768 1053 795 ego
1072 761 1177 796 loquor,
1204 769 1219 788 a
1238 762 1341 797 meipso
1362 770 1414 790 nou
1435 762 1541 798 loquor,
1570 765 1616 791 sed
1635 763 1716 791 Pater

929 815 1006 835 meus
1022 808 1067 843 qui
1086 809 1111 836 in
1130 815 1172 835 me
1197 814 1306 841 manet,
1325 809 1382 844 ipse
1405 817 1488 846 opera
1511 809 1584 838 facit.
1606 810 1716 839 Credite

928 854 1000 888 quod
1017 861 1067 889 ego
1094 854 1122 881 in
1146 853 1237 889 Patre,
1255 860 1283 883 et
1306 856 1386 883 Pater
1409 857 1435 883 iu
1462 864 1505 884 me
1528 861 1592 885 est:
1616 857 1715 892 alioqui

90 898 236 925 Πιστεύετε
250 907 295 934 μοι
307 900 348 926 ὃτι
363 899 418 934 ἐγὼ
434 900 463 926 ἐν
478 900 516 935 τῷ
531 901 630 936 Πατρὶ,
648 900 694 927 καὶ
707 900 721 927 6
740 899 835 935 Πατὴρ
850 900 877 926 ὲν

929 902 1039 934 propter
1060 906 1142 934 opera
1166 899 1223 934 ipsa
1251 900 1363 929 credite.
1395 910 1405 927 ι
1435 900 1463 929 Si
1484 909 1548 937 ergo
1570 902 1628 937 ipse
1650 903 1717 930 dicit

88 942 165 977 ἐμοί’
182 943 208 970 εἰ
232 944 261 971 δὲ
285 945 332 980 μὴ,
349 945 392 972 διὰ
406 946 441 972 τὰ
456 945 525 981 ἔργα
550 946 622 973 αὐτὰ
642 945 796 973 πιστεύετε.
814 955 823 971 ι
845 946 878 972 Et

88 988 174 1015 τοίνυν
188 989 223 1017 τὰ
235 990 306 1018 αὐτὰ
321 991 360 1027 τῷ
372 992 459 1028 Πατρὶ
475 992 634 1027 φθέγγεται,
651 992 697 1020 καὶ
711 993 725 1019 6
742 992 837 1028 Πατὴρ
849 992 878 1019 ἐν

88 1034 161 1069 αὑτῷ
181 1035 258 1071 μένει
281 1037 327 1064 καὶ
346 1038 427 1070 αὐτὸς
442 1039 472 1065 ἐν
487 1038 526 1074 τῷ
539 1039 638 1074 Πατρὶ,
659 1039 706 1065 καὶ
719 1039 733 1065 ὁ
746 1037 878 1074 ἑωρακὼς

89 1082 167 1110 αὐτὸν
189 1084 298 1119 ἑώρακε
323 1085 368 1112 τὸν
390 1086 512 1122 Πατέρα,
527 1087 601 1113 καὶὸ
616 1085 760 1121 γινώσκων
783 1084 877 1117 αὑτὸν,

86 1128 132 1155 τὸν
155 1129 267 1165 Πατέρα
291 1131 438 1165 γινώσκει,
466 1132 544 1168 δῆλον
567 1132 652 1159 ἅπασι
676 1132 733 1164 τοῖς
756 1140 789 1167 γε
816 1130 878 1159 νοῦν

89 1174 177 1210 εχουσι
190 1176 229 1208 ὡς
246 1177 294 1212 μία
308 1177 353 1204 τοῦ
367 1178 474 1214 Πατρδς
490 1179 536 1205 καὶ
555 1179 601 1206 τοῦ
615 1178 680 1205 Υἱοῦ
695 1179 712 1214 ἡ
729 1177 819 1214 φύσις,
832 1178 879 1205 καὶ

89 1221 175 1247 πάντα
190 1221 248 1257 ἔχει
265 1222 298 1249 τὰ
312 1223 358 1250 τοῦ
374 1224 481 1259 Πατρὺς
493 1226 507 1252 ό
518 1225 598 1257 Υἱός·
615 1225 645 1251 οὺ
660 1224 713 1260 γὰρ
730 1224 763 1252 ἂν
777 1224 879 1260 ἑτέρως

90 1266 185 1300 ἔδειξεν
201 1269 231 1295 ἐν
245 1270 334 1305 ἐαυτῷ
349 1270 394 1298 τὸν
410 1272 530 1308 Πατέρα,
548 1273 572 1299 εί
586 1272 623 1308 μὴ
638 1273 727 1300 πάντα
741 1270 814 1308 εἶχεν
828 1271 878 1298 ὅσα

88 1313 102 1338 ὀ
122 1313 227 1349 Πατὴρ,
242 1315 312 1351 πλὴν
335 1316 419 1353 αὐτῆς
441 1318 491 1352 τῆς
513 1319 699 1354 πατρὸτητος·
722 1318 801 1345 τοῦτο
824 1317 879 1353 γὰρ

90 1358 152 1386 [διον
168 1360 216 1387 τοῦ
234 1361 350 1397 Πατρὸς,
365 1363 461 1399 ὥσπερ
477 1363 524 1390 τοῦ
539 1363 604 1391 Υίοῦ
618 1365 635 1399 ὴ
653 1364 756 1400 υίότης.

107 1416 153 1443 ΙΖ’.
167 1416 269 1452 Ἑτέρα
286 1419 457 1482 ἀπόδειξιῇ
470 1420 540 1464 feror
558 1419 636 1448 εἶναι
655 1421 709 1449 τὸν
732 1421 802 1449 Υίὸν
821 1420 861 1454 τῷ

457 1464 533 1482 amt.

457 1464 522 1490 ατρι
527 1476 533 1482 .

122 1498 231 1533 Ταύτην
253 1499 364 1534 ἰσότητα
385 1500 432 1527 καὶ
451 1501 585 1536 ἑτέρωθεν
604 1501 662 1528 ἐστι
682 1502 790 1537 μαθεῖν.
808 1499 877 1529 Eine

91 1542 152 1592 γὰρ,
166 1543 259 1578 φησιν,
269 1544 283 1570 6
292 1544 395 1579 Ἰησοῦς
405 1554 412 1561 ’
429 1555 439 1571 ‹
448 1546 505 1573 Νῦν
522 1546 651 1582 ἐδοξάσθη
666 1548 680 1574 6
691 1547 755 1579 Υίὸς
771 1548 818 1575 τοῦ
831 1547 878 1575 ἀν-
893 1563 913 1592 c

91 1588 209 1624 θρώπου,
226 1590 271 1616 καὶ
293 1591 308 1617 6
330 1590 396 1623 Θεὸς
419 1591 548 1627 ἐδοξάσθη
572 1594 600 1620 ὲν
624 1593 708 1629 αὐτῷ,
724 1594 772 1621 καὶ
786 1594 879 1627 ὸΘεὺς

90 1634 282 1667 δοξάσειαύτὸν
293 1637 321 1663 ἐν
333 1637 432 1672 ἐαυτῷ,
444 1638 492 1664 καὶ
502 1638 583 1671 εὐθὺς
593 1639 701 1672 δοξάσει
711 1640 880 1667 αὐτόν.ι1(αὶ

92 1680 168 1707 πάλιν
177 1689 184 1696 ·
198 1690 209 1707 ι
222 1682 322 1717 Πάτερ,
336 1684 351 1718 ἡ
364 1682 424 1718 ὥρα
436 1684 560 1720 ἐλήλυθε,
569 1685 679 1718 δόξασόν
692 1695 738 1714 σου
749 1687 795 1713 τὸν
804 1686 878 1720 Υίδν,

92 1724 130 1752 ἵνα
146 1726 192 1752 καὶ
206 1726 222 1752 ό
236 1727 298 1760 Υἱός
315 1737 360 1754 σου
377 1728 475 1765 δοξάσῃ
493 1739 533 1757 σε.
549 1731 596 1757 »Ὢ
609 1731 658 1767 τῆς
673 1732 880 1768 ὑπερϐαλούσης

91 1772 141 1799 τῶν
165 1773 313 1808 αίρετικῶν
334 1774 516 1811 ἁϐελτηρίαςί
533 1776 651 1810 Μείζων,
667 1779 760 1814 φησὶν,
773 1780 788 1805 ὁ
803 1778 881 1811 δοξά-

91 1817 142 1850 ζων
154 1819 201 1845 τοῦ
217 1819 410 1855 δοξαζομένου·
432 1822 480 1849 καὶ
495 1822 600 1856 δοξάζει
625 1824 675 1859 μὲν
688 1825 703 1850 6
716 1825 822 1861 Πατὴρ,
836 1826 880 1853 δο-

92 1863 197 1897 ξάζεται
215 1866 243 1892 δέ
254 1866 355 1899 δΥίόςι
368 1867 469 1902 μείζων
483 1866 530 1896 οὖν
543 1869 597 1905 ἄρα
608 1869 655 1897 τοῦ
667 1870 733 1897 Υίοῦ
746 1872 761 1897 6
771 1872 877 1908 Πατήρ.

92 1910 121 1936 El.
134 1911 223 1938 τοίνυν
236 1912 250 1938 6
265 1912 329 1944 Υίὺς
350 1913 400 1940 οὐκ
424 1913 554 1950 ἐδοξάσθη
573 1915 664 1950 μόνον,
681 1916 750 1943 ἀλλὰ
766 1917 813 1944 καὶ
833 1918 879 1944 τὸν

90 1956 236 1990 δοξάσαντα
246 1958 381 1993 ἐδόξασεν,
395 1961 477 1987 ποίαν
488 1960 581 1996 χώραν
594 1962 671 1998 σχοίη
683 1962 713 1989 τὸ
725 1963 817 1998 μεῖζον
831 1964 879 1991 καὶ

91 2003 120 2029 τὸ
134 2003 243 2031 ἔλαττον
253 2014 260 2038 ;
272 2006 296 2032 εί
316 2005 353 2042 μὴ
367 2007 421 2042 ἄρα
434 2007 505 2034 κατὰ
519 2007 568 2043 τὴν
581 2007 636 2034 τῶν
646 2009 802 2045 είρημένων
814 2010 879 2036 ἀκο-

91 2049 197 2078 λουθίαν
211 2052 287 2087 παρὰ
301 2052 348 2083 τὸν
367 2052 515 2085 δοξάζοντι
535 2054 693 2089 μεταϐαίνει
711 2055 743 2082 τὸ
765 2054 856 2091 μεῖζον
868 2076 875 2088 ,

92 2097 137 2123 καὶ
148 2097 236 2130 οὕτως
248 2098 423 2134 εὑρεθήσεται
436 2101 450 2127 6
464 2100 540 2133 Υίὸς,
551 2101 669 2129 ἐλάττων
684 2102 733 2138 μὲν
748 2102 827 2138 ἡνίκα
844 2102 877 2128 ἃν

91 2142 243 2178 δοξάζηται,
263 2144 362 2179 μείζων
383 2146 412 2172 δὲ
428 2145 509 2180 ἡνίκα
525 2146 559 2173 ἂν
575 2146 689 2183 δοξάζῃ*
704 2147 773 2174 ἀλλὰ
785 2147 816 2174 τὸ
832 2147 876 2174 λέ-

92 2196 146 2221 γειν
156 2189 253 2222 ταῦτα,
265 2190 456 2225 παραπληξίας
468 2192 516 2218 καὶ
531 2192 630 2226 μανίας
644 2192 772 2228 ἐσχάτης·
780 2192 810 2219 οὑ
823 2192 877 2228 γὰρ

927 945 1021 972 eadem
1034 952 1093 979 quae
1105 944 1204 980 Pater;
1218 945 1241 972 si
1258 945 1340 974 Pater
1355 946 1382 974 in
1402 947 1459 981 ipso
1472 952 1562 975 nianet
1574 952 1602 975 et
1616 948 1673 983 ipse
1687 949 1715 975 in

927 990 1025 1024 Patre;
1041 994 1069 1018 et
1082 991 1127 1026 qui
1144 991 1231 1026 ipsum
1253 991 1330 1025 vidit,
1350 992 1416 1018 vidit
1435 997 1461 1020 et
1483 992 1605 1026 Patrem;
1624 997 1651 1020 et
1671 993 1715 1028 qui

928 1037 1052 1064 eumdem
1073 1037 1162 1070 novit,
1182 1037 1255 1065 novit
1273 1042 1301 1065 et
1315 1037 1441 1071 Patrem;
1463 1043 1569 1065 constat
1591 1039 1715 1066 omnibus

928 1083 975 1118 qui
992 1087 1082 1111 mente
1106 1083 1214 1118 quidem
1234 1091 1288 1111 non
1310 1089 1430 1117 careant,
1447 1092 1525 1111 unam
1550 1092 1609 1112 esse
1628 1085 1716 1111 Patris

929 1128 1044 1164 Filiique
1058 1134 1195 1163 naturam,
1206 1134 1234 1158 et
1244 1130 1333 1158 omnia
1346 1131 1446 1158 habere
1468 1139 1528 1166 quae
1540 1135 1602 1159 sunt
1616 1131 1715 1162 Patris.

929 1175 1039 1205 Filium.
1056 1175 1150 1211 Neque
1161 1176 1233 1204 enim
1253 1177 1332 1205 aliter
1351 1177 1459 1205 Patrem
1476 1177 1502 1204 in
1516 1178 1604 1212 seipso
1617 1185 1715 1212 reprte-

929 1226 1061 1255 sentaret,
1077 1223 1128 1250 nisi
1152 1223 1243 1250 omnia
1268 1223 1382 1251 haberet
1405 1231 1464 1258 quae
1490 1222 1582 1255 Pater,
1604 1229 1715 1258 excepta

929 1269 1092 1303 paternitate
1104 1278 1112 1303 ;
1128 1274 1169 1297 est
1186 1269 1257 1297 enim
1272 1269 1329 1297 haec
1341 1268 1431 1297 Patris
1441 1268 1561 1305 propria,
1573 1268 1642 1297 sicut
1654 1267 1716 1296 Filii

930 1314 1038 1343 lilietas.

929 1415 1010 1443 XVII.
1032 1415 1123 1443 Altera
1143 1418 1332 1479 demonurz‘tjo
1356 1417 1427 1452 quod
1450 1418 1560 1454 aequalis
1583 1417 1660 1445 Patri
1681 1418 1716 1445 sit

1298 1461 1371 1479 ιιιιι.

1298 1461 1371 1480 ιιιιιι.

966 1496 1042 1523 Hanc
1065 1496 1173 1525 aliunde
1191 1505 1299 1533 quoque
1320 1498 1426 1526 discere
1448 1497 1629 1533 aequalitatem
1653 1506 1717 1532 pos-

931 1549 1036 1571 sumus.
1051 1542 1124 1570 Dixit
1144 1544 1216 1571 enim
1237 1544 1337 1572 Jesus:
1364 1553 1375 1570 ι
1395 1544 1471 1572 Nunc
1489 1544 1653 1572 claritlcatus
1675 1549 1717 1572 est

930 1588 1016 1617 Filius
1038 1589 1165 1623 hominis,
1190 1593 1218 1617 et
1245 1589 1315 1618 Deus
1341 1590 1504 1619 clariﬁcatus
1520 1595 1562 1618 est
1584 1591 1610 1618 in
1628 1598 1672 1623 eo,
1689 1595 1718 1618 et

930 1634 1001 1663 Deus
1014 1635 1174 1664 clariﬁcabit
1190 1636 1263 1664 illum
1281 1637 1309 1664 in
1325 1637 1483 1672 semetipso,
1499 1642 1526 1664 et
1542 1637 1650 1672 quidem
1664 1641 1717 1664 sta-

930 1681 978 1709 tim
1006 1682 1209 1710 clarilicabit“.
1241 1692 1251 1710 ›
1273 1683 1307 1711 Ει
1338 1690 1455 1711 rursus:
1484 1693 1493 1709 ι
1514 1683 1613 1716 Pater,
1643 1682 1718 1710 venit

930 1727 1008 1761 hora,
1023 1728 1140 1755 clarilica
1156 1728 1253 1756 Filium
1268 1733 1355 1762 tuum,
1371 1733 1400 1756 ut
1413 1733 1440 1756 et
1453 1729 1539 1756 Filius
1556 1732 1618 1755 tuus
1633 1726 1716 1755 clari-

930 1772 992 1800 ﬁcet
1008 1778 1036 1801 te
1047 1773 1080 1800 ⁸³.
1097 1783 1107 1800 ι
1134 1773 1157 1801 0
1181 1773 1315 1801 inﬁnitam
1343 1774 1531 1802 haereticorum
1553 1771 1714 1800 stultitiam!

931 1819 1016 1855 Major
1029 1825 1081 1853 est,
1096 1820 1183 1853 aiunt,
1204 1819 1358 1848 clariﬁcans
1379 1819 1539 1847 clariﬁcato.
1554 1817 1593 1845 En
1614 1816 1716 1845 clariﬁ-

929 1871 972 1893 cat
983 1865 1075 1899 Pater,
1090 1865 1174 1893 Filius
1189 1873 1256 1894 vero
1270 1866 1435 1894 clariﬁcatur
1447 1873 1454 1898 ;
1469 1865 1555 1899 major
1569 1871 1635 1899 ergo
1648 1862 1716 1890 Filio

929 1911 1019 1939 Pater.
1031 1912 1112 1946 Atqui
1127 1912 1149 1938 si
1162 1912 1246 1939 Filius
1259 1919 1311 1938 non
1327 1911 1412 1939 solum
1425 1914 1466 1938 est
1480 1909 1656 1941 clariﬂcntus,
1669 1908 1716 1936 sed

928 1957 1009 1984 etiam
1031 1956 1227 1984 clariﬁcantem
1244 1957 1412 1988 clariﬁeavit,
1430 1956 1540 1990 quinam
1557 1955 1601 1983 hic
1618 1954 1715 1989 majori

928 2010 961 2030 ac
973 2002 1070 2030 minori
1087 2007 1210 2037 superest
1221 2003 1313 2031 locus?
1328 2001 1384 2030 Nisi
1400 2002 1480 2034 forte,
1494 2006 1524 2028 ut
1535 2008 1569 2028 ex
1581 1999 1716 2035 praedictis

928 2053 1150 2082 consequeretur,
1168 2048 1253 2082 major
1266 2048 1385 2083 dignitas
1409 2047 1508 2074 transit
1533 2046 1567 2074 ad
1588 2053 1650 2074 eum
1670 2045 1715 2080 qui

928 2094 1077 2126 clariﬁcat;
1095 2093 1130 2120 ita
1148 2099 1178 2121 ut
1194 2093 1278 2121 Filius
1290 2094 1381 2122 minor
1394 2093 1493 2120 evadat
1506 2100 1567 2120 cum
1583 2091 1716 2120 clariﬁca-

929 2145 991 2173 tur;
1015 2140 1100 2174 major
1117 2147 1178 2168 cum
1194 2140 1327 2168 clariﬁcat
1348 2149 1354 2167 :
1373 2147 1433 2175 quae
1455 2140 1507 2168 dici
1527 2139 1586 2166 sine
1608 2145 1713 2165 summa

928 2186 1076 2214 stoliditate
1098 2191 1126 2214 et
1150 2186 1267 2214 amentia
1291 2191 1438 2221 nequeunt.
1471 2185 1563 2220 Neque
1585 2184 1656 2213 enim
1681 2191 1713 2211 ex

91 2234 119 2260 τὺ
133 2235 224 2269 μεῖζον
239 2237 286 2262 καὶ
300 2237 331 2263 τὺ
345 2236 455 2264 ἔλαττον
473 2238 609 2270 ἐντεῦθεν,
620 2238 651 2265 τὸ
665 2238 694 2265 δὲ
705 2240 760 2266 ἴσον
771 2239 877 2275 Πατρὺς

929 2233 1064 2267 praedictis
1076 2233 1163 2269 majus
1175 2233 1219 2260 vel
1231 2232 1330 2265 minus,
1340 2233 1386 2260 sed
1397 2231 1579 2266 mqualitatem
1585 2230 1673 2258 Patris
1683 2237 1716 2257 ac

92 2280 137 2306 καὶ
150 2280 216 2307 Υίοῦ
227 2282 410 2317 διδασκόμεθα
420 2290 427 2297 ·
440 2283 575 2318 ἀκούομεν
588 2284 642 2319 γὰρ
656 2285 694 2316 ὡς
703 2284 750 2311 καὶ
759 2285 773 2311 6
784 2283 878 2319 Πατὴρ

91 2325 194 2359 δοξάζει
212 2327 286 2357 Υἱὸν,
299 2328 347 2355 καὶ
362 2328 503 2361 δοξάζεται
528 2329 574 2363 ὑφ’
594 2329 660 2356 Υίοΰ
670 2338 676 2345 ·
697 2330 744 2356 καὶ
757 2329 821 2361 Υίὸς
835 2329 877 2356 δο-

93 2371 200 2404 ξάζεται
217 2374 268 2400 ὑπὸ
289 2374 336 2401 τοῦ
354 2375 471 2410 Πατρὸς,
486 2375 533 2402 καὶ
546 2375 652 2409 δοξάζει
676 2376 720 2403 τὸν
745 2376 856 2411 Πατέρα
869 2385 875 2391 ·

92 2415 131 2444 an
145 2418 160 2444 ὁ
175 2418 368 2454 δεδοξασμένος
387 2421 436 2455 οὺχ
454 2420 469 2447 ὃ
493 2420 531 2456 μή
555 2418 628 2456 εἶχεν
652 2422 773 2458 εἴληφεν,
792 2422 850 2449 ἀλλ’
863 2422 877 2449 ὃ

92 2459 177 2497 εἶχεν·
195 2464 223 2490 ἐν
238 2464 312 2500 αὐτῷ
325 2464 364 2500 τῷ
376 2465 468 2501 χωρίῳ
490 2465 569 2493 τοῦτο
582 2467 701 2494 διδάσκει
712 2476 719 2483 ·
735 2477 744 2494 ι
760 2468 876 2501 Δόξασύν

94 2517 126 2543 με
138 2510 202 2546 γὰρ,
215 2511 291 2546 φησὶ,
304 2512 379 2547 παρὰ
390 2512 491 2548 σαυτῷ,
507 2513 550 2547 σὺ,
566 2514 666 2549 Πάτερ,
681 2516 714 2550 τῇ
731 2514 793 2551 δόξῃ
838 2513 876 2541 al-

93 2563 148 2589 χον.
164 2556 217 2591 πρὸ
230 2556 276 2583 τοῦ
290 2557 334 2583 τὸν
351 2558 451 2592 κόσμον
466 2555 546 2590 εἶναι,
563 2558 636 2595 παρὰ
649 2560 700 2587 σοί.
717 2569 726 2585 ι
744 2560 776 2586 Εἰ
790 2560 817 2586 δὲ
830 2561 877 2587 καὶ

94 2601 145 2636 πρὸ
156 2602 203 2629 τοῦ
220 2602 265 2630 τὸν
279 2603 382 2638 κόσμον
394 2604 529 2638 γενέσθαι,
543 2605 644 2641 ταύτην
655 2605 711 2641 ἔχοι
722 2606 770 2641 τὴν
786 2606 874 2640 δόξαν,

94 2647 149 2679 πῶς
168 2650 238 2676 αἰτεῖ
257 2649 348 2676 λαϐεῖν
368 2649 381 2676 ὃ
400 2648 472 2685 εἶχεν
491 2651 550 2683 ἀεί;

927 2278 987 2307 Filii
1008 2279 1147 2307 docemur.
1168 2279 1300 2307 Audimus
1317 2278 1390 2306 enim
1405 2276 1517 2313 698m
1526 2276 1626 2304 Filium
1637 2284 1652 2304 α
1664 2275 1713 2303 Pa-

926 2330 968 2353 tre
977 2325 1132 2358 clarilicari,
1143 2326 1317 2360 vicissimque
1328 2332 1343 2352 a
1358 2324 1426 2352 Filio
1435 2324 1544 2352 Patrem
1557 2332 1564 2351 :
1574 2327 1602 2351 et
1616 2322 1712 2350 Filium

926 2371 1069 2399 clariﬁcari
1083 2380 1097 2399 a
1113 2371 1206 2405 Patre,
1220 2376 1247 2399 et
1258 2379 1320 2399 eum
1335 2370 1415 2398 simul
1429 2369 1581 2398 clariﬁcare
1593 2369 1713 2396 Patrem.

925 2418 993 2446 Nam
1011 2418 1056 2453 qui
1071 2418 1235 2446 clariﬁcatus
1250 2422 1301 2450 est,
1317 2424 1370 2445 non
1386 2417 1456 2452 quod
1474 2423 1527 2443 non
1543 2416 1662 2443 habebat
1672 2423 1716 2442 ac-

928 2465 1008 2499 cepit,
1027 2465 1074 2493 sed
1094 2464 1166 2500 quod
1192 2472 1286 2499 reapse
1308 2464 1363 2498 jam
1390 2463 1517 2490 habebat.
1546 2461 1632 2495 Quam
1657 2468 1713 2489 rem

927 2511 1020 2539 eodem
1039 2511 1064 2538 in
1077 2511 1135 2538 loco
1151 2518 1200 2538 nos
1219 2511 1318 2538 docet:
1334 2519 1343 2536 ι
1364 2508 1489 2536 Clariﬂca
1507 2508 1578 2535 enim
1603 2514 1657 2539 me,
1673 2507 1712 2533 in-

928 2557 997 2591 quit,
1020 2557 1089 2591 apud
1109 2556 1280 2591 temetipsum
1307 2561 1346 2587 tu,
1368 2555 1460 2586 Pater.
1482 2554 1608 2582 claritate
1632 2560 1712 2588 quam

928 2602 1009 2630 habui
1024 2602 1180 2637 priusquam
1196 2602 1312 2630 tnundus
1326 2604 1488 2636 esset,apud
1501 2605 1527 2628 te
1541 2601 1610 2627 "'“.
1623 2610 1634 2626 ι
1654 2599 1713 2627 lam

931 2649 953 2676 si
972 2654 1035 2677 ante
1055 2656 1134 2683 quam
1148 2648 1264 2676 mundus
1279 2648 1372 2680 ﬁeret,
1386 2648 1454 2676 hanc
1474 2648 1587 2683 gloriam
1608 2646 1713 2677 habuit,

931 2695 1065 2729 quomodo
1091 2695 1116 2723 id
1140 2694 1260 2730 postulat
1285 2694 1406 2729 accipere
1435 2693 1506 2729 quod
1533 2699 1638 2728 semper
1666 2691 1717 2718 ha~

931 2741 1006 2768 buit?

129 2802 237 2830 “Joau.
255 2813 313 2835 xm.
334 2807 376 2833 5i.
416 2807 436 2823 "
454 2807 531 2834 Joan.
554 2816 618 2840 xrn,
638 2808 660 2835 l.
700 2807 841 2835 “J-“Joan.
861 2808 962 2843 xvu,5.

129 2875 166 2911 (Ι)
186 2876 222 2904 ita
236 2877 295 2905 cod.
313 2878 364 2908 Sed
380 2879 449 2906 malo
467 2878 585 2913 ἐμαυτῷ.
