  <div class='ocr_page' id='page_1' title='image "/cluster/home/n/w/nwhite01/storage/ocr_20150623/75/njp.32101077772786/687.png"; bbox 0 0 1927 3036; ppageno 0'>
   <div class='ocr_carea' id='block_1_1' title="bbox 209 145 301 174">
    <p class='ocr_par' dir='ltr' id='par_1_1' title="bbox 209 145 301 174">
     <span class='ocr_line' id='line_1_1' title="bbox 209 145 301 174; baseline 0.011 -1"><span class='ocrx_word' id='word_1_1' title='bbox 209 145 301 174; x_wconf 72' lang='grc'><strong>⁴11⁸15</strong></span> 
     </span>
    </p>
   </div>
   <div class='ocr_carea' id='block_1_2' title="bbox 730 142 1356 182">
    <p class='ocr_par' dir='ltr' id='par_1_2' title="bbox 730 142 1356 182">
     <span class='ocr_line' id='line_1_2' title="bbox 730 142 1356 182; baseline 0 -9"><span class='ocrx_word' id='word_1_2' title='bbox 730 146 760 173; x_wconf 89' lang='lat' dir='ltr'><strong>S.</strong></span> <span class='ocrx_word' id='word_1_3' title='bbox 780 145 921 174; x_wconf 78' lang='lat' dir='ltr'><strong>CYRILLI</strong></span> <span class='ocrx_word' id='word_1_4' title='bbox 941 142 1176 173; x_wconf 73' lang='lat' dir='ltr'><strong>ALEXANDRINI</strong></span> <span class='ocrx_word' id='word_1_5' title='bbox 1194 144 1356 182; x_wconf 72' lang='lat' dir='ltr'><strong>ABCHIEP.</strong></span> 
     </span>
    </p>
   </div>
   <div class='ocr_carea' id='block_1_3' title="bbox 1807 143 1880 170">
    <p class='ocr_par' dir='ltr' id='par_1_3' title="bbox 1807 143 1880 170">
     <span class='ocr_line' id='line_1_3' title="bbox 1807 143 1880 170; baseline 0 0"><span class='ocrx_word' id='word_1_6' title='bbox 1807 143 1880 170; x_wconf 68' lang='lat' dir='ltr'><strong>IUE</strong></span> 
     </span>
    </p>
   </div>
   <div class='ocr_carea' id='block_1_4' title="bbox 231 201 1026 238">
    <p class='ocr_par' dir='ltr' id='par_1_4' title="bbox 231 201 1016 237">
     <span class='ocr_line' id='line_1_4' title="bbox 231 201 1016 237; baseline -0.001 -8"><span class='ocrx_word' id='word_1_7' title='bbox 231 201 324 230; x_wconf 69' lang='lat' dir='ltr'><strong>XVlll&#39;.</strong></span> <span class='ocrx_word' id='word_1_8' title='bbox 352 201 429 235; x_wconf 81' lang='lat' dir='ltr'><strong>Quod</strong></span> <span class='ocrx_word' id='word_1_9' title='bbox 447 210 500 237; x_wconf 74' lang='lat' dir='ltr'><strong>tmq</strong></span> <span class='ocrx_word' id='word_1_10' title='bbox 525 207 563 230; x_wconf 75' lang='lat' dir='ltr'><strong>ut</strong></span> <span class='ocrx_word' id='word_1_11' title='bbox 590 201 678 237; x_wconf 78' lang='lat' dir='ltr'><strong>Patris</strong></span> <span class='ocrx_word' id='word_1_12' title='bbox 702 210 733 230; x_wconf 83' lang='lat' dir='ltr'><strong>ac</strong></span> <span class='ocrx_word' id='word_1_13' title='bbox 763 201 829 230; x_wconf 83' lang='lat' dir='ltr'><strong>Filii</strong></span> <span class='ocrx_word' id='word_1_14' title='bbox 856 202 1016 230; x_wconf 70' lang='lat' dir='ltr'><strong>dominatio.</strong></span> 
     </span>
    </p>
   </div>
   <div class='ocr_carea' id='block_1_5' title="bbox 1084 201 1843 238">
    <p class='ocr_par' dir='ltr' id='par_1_5' title="bbox 1103 201 1843 238">
     <span class='ocr_line' id='line_1_5' title="bbox 1103 201 1843 238; baseline -0.001 -10"><span class='ocrx_word' id='word_1_15' title='bbox 1103 202 1157 229; x_wconf 63' lang='lat' dir='ltr'><strong>lH‘.</strong></span> <span class='ocrx_word' id='word_1_16' title='bbox 1177 201 1240 230; x_wconf 76' lang='lat' dir='ltr'><strong>&quot;Ott</strong></span> <span class='ocrx_word' id='word_1_17' title='bbox 1254 202 1309 238; x_wconf 79' lang='grc' dir='ltr'><strong>μία</strong></span> <span class='ocrx_word' id='word_1_18' title='bbox 1322 203 1439 237; x_wconf 78' lang='grc' dir='ltr'><strong>Πατρός</strong></span> <span class='ocrx_word' id='word_1_19' title='bbox 1449 202 1500 231; x_wconf 72' lang='grc' dir='ltr'><strong>καὶ</strong></span> <span class='ocrx_word' id='word_1_20' title='bbox 1523 203 1590 231; x_wconf 82' lang='grc' dir='ltr'><strong>Υιοῠ</strong></span> <span class='ocrx_word' id='word_1_21' title='bbox 1612 201 1630 236; x_wconf 80' lang='grc' dir='ltr'><em>ὴ</em></span> <span class='ocrx_word' id='word_1_22' title='bbox 1649 201 1843 229; x_wconf 71' lang='grc' dir='ltr'><strong>δεσποτεία.</strong></span> 
     </span>
    </p>
   </div>
   <div class='ocr_carea' id='block_1_6' title="bbox 267 258 1017 294">
    <p class='ocr_par' dir='ltr' id='par_1_6' title="bbox 267 258 1017 294">
     <span class='ocr_line' id='line_1_6' title="bbox 267 258 1017 294; baseline -0.001 -7"><span class='ocrx_word' id='word_1_23' title='bbox 267 259 370 291; x_wconf 78' lang='lat' dir='ltr'><strong>Deinde</strong></span> <span class='ocrx_word' id='word_1_24' title='bbox 385 267 446 294; x_wconf 85' lang='lat' dir='ltr'><strong>cum</strong></span> <span class='ocrx_word' id='word_1_25' title='bbox 463 259 702 290; x_wconf 77' lang='lat' dir='ltr'><strong>demonstravisset</strong></span> <span class='ocrx_word' id='word_1_26' title='bbox 720 266 750 286; x_wconf 86' lang='lat' dir='ltr'><strong>se</strong></span> <span class='ocrx_word' id='word_1_27' title='bbox 766 267 820 287; x_wconf 89' lang='lat' dir='ltr'><strong>non</strong></span> <span class='ocrx_word' id='word_1_28' title='bbox 836 259 922 293; x_wconf 86' lang='lat' dir='ltr'><strong>solum</strong></span> <span class='ocrx_word' id='word_1_29' title='bbox 936 258 1017 293; x_wconf 81' lang='lat' dir='ltr'><strong>clari-</strong></span> 
     </span>
    </p>
   </div>
   <div class='ocr_carea' id='block_1_7' title="bbox 232 304 1016 348">
    <p class='ocr_par' dir='ltr' id='par_1_7' title="bbox 232 304 1016 348">
     <span class='ocr_line' id='line_1_7' title="bbox 232 304 1016 348; baseline 0 -15"><span class='ocrx_word' id='word_1_30' title='bbox 232 305 320 348; x_wconf 65' lang='lat' dir='ltr'><strong>ilcari,</strong></span> <span class='ocrx_word' id='word_1_31' title='bbox 336 313 429 340; x_wconf 81' lang='lat' dir='ltr'><strong>verum</strong></span> <span class='ocrx_word' id='word_1_32' title='bbox 454 305 536 333; x_wconf 85' lang='lat' dir='ltr'><strong>etiam</strong></span> <span class='ocrx_word' id='word_1_33' title='bbox 559 304 678 332; x_wconf 80' lang='lat' dir='ltr'><strong>vicissim</strong></span> <span class='ocrx_word' id='word_1_34' title='bbox 699 304 873 337; x_wconf 85' lang='lat' dir='ltr'><strong>ciariiicare,</strong></span> <span class='ocrx_word' id='word_1_35' title='bbox 895 304 1016 335; x_wconf 91' lang='lat' dir='ltr'><strong>addidit:</strong></span> 
     </span>
    </p>
   </div>
   <div class='ocr_carea' id='block_1_8' title="bbox 236 350 1018 386">
    <p class='ocr_par' dir='ltr' id='par_1_8' title="bbox 236 350 1018 386">
     <span class='ocr_line' id='line_1_8' title="bbox 236 350 1018 386; baseline 0 -8"><span class='ocrx_word' id='word_1_36' title='bbox 236 361 244 378; x_wconf 83' lang='grc' dir='ltr'>ι</span> <span class='ocrx_word' id='word_1_37' title='bbox 263 350 430 386; x_wconf 76' lang='lat' dir='ltr'><strong>Manifestavi</strong></span> <span class='ocrx_word' id='word_1_38' title='bbox 446 358 544 377; x_wconf 85' lang='lat' dir='ltr'><strong>nomen</strong></span> <span class='ocrx_word' id='word_1_39' title='bbox 560 353 637 377; x_wconf 86' lang='lat' dir='ltr'><strong>tuum</strong></span> <span class='ocrx_word' id='word_1_40' title='bbox 648 350 805 379; x_wconf 84' lang='lat' dir='ltr'><strong>hominibus</strong></span> <span class='ocrx_word' id='word_1_41' title='bbox 813 351 848 378; x_wconf 83' lang='lat'><strong>&quot;.</strong></span> <span class='ocrx_word' id='word_1_42' title='bbox 867 360 876 377; x_wconf 74' lang='lat' dir='ltr'><strong>r</strong></span> <span class='ocrx_word' id='word_1_43' title='bbox 893 350 924 378; x_wconf 88' lang='lat' dir='ltr'><strong>Et</strong></span> <span class='ocrx_word' id='word_1_44' title='bbox 939 350 1018 385; x_wconf 88' lang='lat' dir='ltr'><strong>paulo</strong></span> 
     </span>
    </p>
   </div>
   <div class='ocr_carea' id='block_1_9' title="bbox 232 395 1017 437">
    <p class='ocr_par' dir='ltr' id='par_1_9' title="bbox 232 395 1017 437">
     <span class='ocr_line' id='line_1_9' title="bbox 232 395 1017 437; baseline -0.003 -13"><span class='ocrx_word' id='word_1_45' title='bbox 232 401 304 432; x_wconf 88' lang='lat' dir='ltr'><strong>post,</strong></span> <span class='ocrx_word' id='word_1_46' title='bbox 337 396 524 431; x_wconf 70' lang='lat' dir='ltr'><strong>haereticorum</strong></span> <span class='ocrx_word' id='word_1_47' title='bbox 553 403 600 423; x_wconf 84' lang='lat' dir='ltr'><strong>ora</strong></span> <span class='ocrx_word' id='word_1_48' title='bbox 618 396 760 437; x_wconf 79' lang='lat' dir='ltr'><strong>oppilans:</strong></span> <span class='ocrx_word' id='word_1_49' title='bbox 794 406 803 422; x_wconf 85' lang='grc' dir='ltr'>ι</span> <span class='ocrx_word' id='word_1_50' title='bbox 825 395 895 429; x_wconf 86' lang='lat' dir='ltr'><strong>Mea,</strong></span> <span class='ocrx_word' id='word_1_51' title='bbox 920 395 1017 431; x_wconf 89' lang='lat' dir='ltr'><strong>inquit,</strong></span> 
     </span>
    </p>
   </div>
   <div class='ocr_carea' id='block_1_10' title="bbox 232 442 1020 478">
    <p class='ocr_par' dir='ltr' id='par_1_10' title="bbox 232 442 1020 478">
     <span class='ocr_line' id='line_1_10' title="bbox 232 442 1020 478; baseline 0 -8"><span class='ocrx_word' id='word_1_52' title='bbox 232 443 322 470; x_wconf 92' lang='lat' dir='ltr'><strong>omnia</strong></span> <span class='ocrx_word' id='word_1_53' title='bbox 346 446 392 476; x_wconf 76' lang='lat' dir='ltr'><strong>tua</strong></span> <span class='ocrx_word' id='word_1_54' title='bbox 415 446 499 477; x_wconf 77' lang='lat' dir='ltr'><strong>sunt,</strong></span> <span class='ocrx_word' id='word_1_55' title='bbox 522 445 550 475; x_wconf 80' lang='lat' dir='ltr'><strong>et</strong></span> <span class='ocrx_word' id='word_1_56' title='bbox 569 446 613 469; x_wconf 93' lang='lat' dir='ltr'><strong>tua</strong></span> <span class='ocrx_word' id='word_1_57' title='bbox 638 449 698 469; x_wconf 85' lang='lat' dir='ltr'><strong>mea</strong></span> <span class='ocrx_word' id='word_1_58' title='bbox 720 442 744 458; x_wconf 79' lang='lat'><strong>“&#39;</strong></span> <span class='ocrx_word' id='word_1_59' title='bbox 764 443 820 478; x_wconf 86' lang='lat' dir='ltr'><strong>(l);</strong></span> <span class='ocrx_word' id='word_1_60' title='bbox 839 452 849 469; x_wconf 75' lang='grc' dir='ltr'>ι</span> <span class='ocrx_word' id='word_1_61' title='bbox 876 450 929 470; x_wconf 91' lang='lat' dir='ltr'><strong>non</strong></span> <span class='ocrx_word' id='word_1_62' title='bbox 953 449 1020 470; x_wconf 88' lang='lat' dir='ltr'><strong>sane</strong></span> 
     </span>
    </p>
   </div>
   <div class='ocr_carea' id='block_1_11' title="bbox 233 486 1020 523">
    <p class='ocr_par' dir='ltr' id='par_1_11' title="bbox 233 486 1020 523">
     <span class='ocr_line' id='line_1_11' title="bbox 233 486 1020 523; baseline 0.003 -9"><span class='ocrx_word' id='word_1_63' title='bbox 233 493 403 521; x_wconf 78' lang='lat' dir='ltr'><strong>communem</strong></span> <span class='ocrx_word' id='word_1_64' title='bbox 419 486 544 519; x_wconf 83' lang='lat' dir='ltr'><strong>dividens</strong></span> <span class='ocrx_word' id='word_1_65' title='bbox 557 487 781 520; x_wconf 69' lang='lat' dir='ltr'><strong>dominationem,</strong></span> <span class='ocrx_word' id='word_1_66' title='bbox 805 495 893 523; x_wconf 90' lang='lat' dir='ltr'><strong>neque</strong></span> <span class='ocrx_word' id='word_1_67' title='bbox 911 488 963 516; x_wconf 88' lang='lat' dir='ltr'><strong>alia</strong></span> <span class='ocrx_word' id='word_1_68' title='bbox 985 488 1020 516; x_wconf 85' lang='lat' dir='ltr'><strong>ad</strong></span> 
     </span>
    </p>
   </div>
   <div class='ocr_carea' id='block_1_12' title="bbox 233 532 1018 572">
    <p class='ocr_par' dir='ltr' id='par_1_12' title="bbox 233 532 1018 572">
     <span class='ocr_line' id='line_1_12' title="bbox 233 532 1018 572; baseline 0.004 -13"><span class='ocrx_word' id='word_1_69' title='bbox 233 540 262 560; x_wconf 82' lang='lat' dir='ltr'><strong>se</strong></span> <span class='ocrx_word' id='word_1_70' title='bbox 278 537 411 567; x_wconf 80' lang='lat' dir='ltr'><strong>spectare,</strong></span> <span class='ocrx_word' id='word_1_71' title='bbox 429 532 481 562; x_wconf 85' lang='lat' dir='ltr'><strong>alia</strong></span> <span class='ocrx_word' id='word_1_72' title='bbox 505 533 538 560; x_wconf 90' lang='lat' dir='ltr'><strong>ad</strong></span> <span class='ocrx_word' id='word_1_73' title='bbox 562 533 683 572; x_wconf 74' lang='lat' dir='ltr'><strong>Patrem,</strong></span> <span class='ocrx_word' id='word_1_74' title='bbox 699 534 886 563; x_wconf 89' lang='lat' dir='ltr'><strong>demonstrare</strong></span> <span class='ocrx_word' id='word_1_75' title='bbox 906 534 1018 567; x_wconf 87' lang='lat' dir='ltr'><strong>volens;</strong></span> 
     </span>
    </p>
   </div>
   <div class='ocr_carea' id='block_1_13' title="bbox 232 578 1020 616">
    <p class='ocr_par' dir='ltr' id='par_1_13' title="bbox 232 578 1020 616">
     <span class='ocr_line' id='line_1_13' title="bbox 232 578 1020 616; baseline 0.003 -10"><span class='ocrx_word' id='word_1_76' title='bbox 232 579 278 606; x_wconf 86' lang='lat' dir='ltr'><strong>sed</strong></span> <span class='ocrx_word' id='word_1_77' title='bbox 294 578 422 613; x_wconf 83' lang='lat' dir='ltr'><strong>quoniam</strong></span> <span class='ocrx_word' id='word_1_78' title='bbox 439 579 456 606; x_wconf 92' lang='lat' dir='ltr'><strong>ii</strong></span> <span class='ocrx_word' id='word_1_79' title='bbox 471 579 517 614; x_wconf 92' lang='lat' dir='ltr'><strong>qui</strong></span> <span class='ocrx_word' id='word_1_80' title='bbox 534 579 638 614; x_wconf 87' lang='lat' dir='ltr'><strong>nullum</strong></span> <span class='ocrx_word' id='word_1_81' title='bbox 657 584 752 607; x_wconf 89' lang='lat' dir='ltr'><strong>contra</strong></span> <span class='ocrx_word' id='word_1_82' title='bbox 770 580 945 616; x_wconf 81' lang='lat' dir='ltr'><strong>Unigenitum</strong></span> <span class='ocrx_word' id='word_1_83' title='bbox 961 580 1020 608; x_wconf 84' lang='lat' dir='ltr'><strong>bla-</strong></span> 
     </span>
    </p>
   </div>
   <div class='ocr_carea' id='block_1_14' title="bbox 232 624 1022 662">
    <p class='ocr_par' dir='ltr' id='par_1_14' title="bbox 232 624 1022 662">
     <span class='ocr_line' id='line_1_14' title="bbox 232 624 1022 662; baseline 0.004 -11"><span class='ocrx_word' id='word_1_84' title='bbox 232 624 362 659; x_wconf 75' lang='lat' dir='ltr'><strong>sphemiae</strong></span> <span class='ocrx_word' id='word_1_85' title='bbox 384 631 469 659; x_wconf 71' lang='lat' dir='ltr'><strong>genus</strong></span> <span class='ocrx_word' id='word_1_86' title='bbox 493 625 632 657; x_wconf 82' lang='lat' dir='ltr'><strong>omittunt.</strong></span> <span class='ocrx_word' id='word_1_87' title='bbox 656 625 744 660; x_wconf 88' lang='lat' dir='ltr'><strong>ipsum</strong></span> <span class='ocrx_word' id='word_1_88' title='bbox 765 626 874 661; x_wconf 85' lang='lat' dir='ltr'><strong>quidem</strong></span> <span class='ocrx_word' id='word_1_89' title='bbox 898 627 1022 662; x_wconf 86' lang='lat' dir='ltr'><strong>accipere</strong></span> 
     </span>
    </p>
   </div>
   <div class='ocr_carea' id='block_1_15' title="bbox 232 671 1021 709">
    <p class='ocr_par' dir='ltr' id='par_1_15' title="bbox 232 671 1021 709">
     <span class='ocr_line' id='line_1_15' title="bbox 232 671 1021 709; baseline 0.004 -12"><span class='ocrx_word' id='word_1_90' title='bbox 232 671 319 704; x_wconf 80' lang='lat' dir='ltr'><strong>nium,</strong></span> <span class='ocrx_word' id='word_1_91' title='bbox 331 671 378 699; x_wconf 84' lang='lat' dir='ltr'><strong>sed</strong></span> <span class='ocrx_word' id='word_1_92' title='bbox 387 671 495 700; x_wconf 88' lang='lat' dir='ltr'><strong>Patrem</strong></span> <span class='ocrx_word' id='word_1_93' title='bbox 509 672 586 706; x_wconf 87' lang='lat' dir='ltr'><strong>dare,</strong></span> <span class='ocrx_word' id='word_1_94' title='bbox 599 673 769 701; x_wconf 90' lang='lat' dir='ltr'><strong>demonstrat</strong></span> <span class='ocrx_word' id='word_1_95' title='bbox 783 673 875 708; x_wconf 90' lang='lat' dir='ltr'><strong>utique</strong></span> <span class='ocrx_word' id='word_1_96' title='bbox 885 680 915 701; x_wconf 80' lang='lat' dir='ltr'><strong>se</strong></span> <span class='ocrx_word' id='word_1_97' title='bbox 928 681 1021 709; x_wconf 86' lang='lat' dir='ltr'><strong>parem</strong></span> 
     </span>
    </p>
   </div>
   <div class='ocr_carea' id='block_1_16' title="bbox 234 717 1021 755">
    <p class='ocr_par' dir='ltr' id='par_1_16' title="bbox 234 717 1021 755">
     <span class='ocr_line' id='line_1_16' title="bbox 234 717 1021 755; baseline 0.004 -11"><span class='ocrx_word' id='word_1_98' title='bbox 234 717 307 752; x_wconf 80' lang='lat' dir='ltr'><strong>Patri</strong></span> <span class='ocrx_word' id='word_1_99' title='bbox 333 717 435 746; x_wconf 88' lang='lat' dir='ltr'><strong>habere</strong></span> <span class='ocrx_word' id='word_1_100' title='bbox 457 725 548 746; x_wconf 89' lang='lat' dir='ltr'><strong>rerum</strong></span> <span class='ocrx_word' id='word_1_101' title='bbox 568 719 689 747; x_wconf 91' lang='lat' dir='ltr'><strong>omnium</strong></span> <span class='ocrx_word' id='word_1_102' title='bbox 712 719 932 755; x_wconf 76' lang='lat' dir='ltr'><strong>dominationem.</strong></span> <span class='ocrx_word' id='word_1_103' title='bbox 952 719 1021 750; x_wconf 74' lang='lat' dir='ltr'><strong>Nam</strong></span> 
     </span>
    </p>
   </div>
   <div class='ocr_carea' id='block_1_17' title="bbox 237 763 1023 805">
    <p class='ocr_par' dir='ltr' id='par_1_17' title="bbox 237 763 1023 805">
     <span class='ocr_line' id='line_1_17' title="bbox 237 763 1023 805; baseline 0.003 -15"><span class='ocrx_word' id='word_1_104' title='bbox 237 773 246 790; x_wconf 80' lang='grc' dir='ltr'>ι</span> <span class='ocrx_word' id='word_1_105' title='bbox 263 763 332 798; x_wconf 80' lang='lat' dir='ltr'><strong>Mea,</strong></span> <span class='ocrx_word' id='word_1_106' title='bbox 346 764 445 805; x_wconf 69' lang='lat' dir='ltr'><strong>inquit,</strong></span> <span class='ocrx_word' id='word_1_107' title='bbox 461 765 561 798; x_wconf 80' lang='lat' dir='ltr'><strong>omnia,</strong></span> <span class='ocrx_word' id='word_1_108' title='bbox 581 769 624 793; x_wconf 85' lang='lat' dir='ltr'><strong>tua</strong></span> <span class='ocrx_word' id='word_1_109' title='bbox 640 769 712 802; x_wconf 67' lang='lat' dir='ltr'><strong>sunt,</strong></span> <span class='ocrx_word' id='word_1_110' title='bbox 728 769 756 792; x_wconf 90' lang='lat' dir='ltr'><strong>et</strong></span> <span class='ocrx_word' id='word_1_111' title='bbox 777 769 821 791; x_wconf 88' lang='lat' dir='ltr'><strong>tua</strong></span> <span class='ocrx_word' id='word_1_112' title='bbox 836 772 913 798; x_wconf 87' lang='lat' dir='ltr'><strong>mea;</strong></span> <span class='ocrx_word' id='word_1_113' title='bbox 932 773 942 791; x_wconf 76' lang='grc' dir='ltr'>ι</span> <span class='ocrx_word' id='word_1_114' title='bbox 960 772 1023 800; x_wconf 86' lang='lat' dir='ltr'><strong>pro-</strong></span> 
     </span>
    </p>
   </div>
   <div class='ocr_carea' id='block_1_18' title="bbox 234 808 1022 843">
    <p class='ocr_par' dir='ltr' id='par_1_18' title="bbox 234 808 1022 843">
     <span class='ocr_line' id='line_1_18' title="bbox 234 808 1022 843; baseline 0.004 -8"><span class='ocrx_word' id='word_1_115' title='bbox 234 808 306 836; x_wconf 83' lang='lat' dir='ltr'><strong>iccto</strong></span> <span class='ocrx_word' id='word_1_116' title='bbox 320 816 373 836; x_wconf 92' lang='lat' dir='ltr'><strong>non</strong></span> <span class='ocrx_word' id='word_1_117' title='bbox 389 809 582 838; x_wconf 88' lang='lat' dir='ltr'><strong>dominationis</strong></span> <span class='ocrx_word' id='word_1_118' title='bbox 595 809 768 843; x_wconf 85' lang='lat' dir='ltr'><strong>divisionem,</strong></span> <span class='ocrx_word' id='word_1_119' title='bbox 787 810 836 838; x_wconf 89' lang='lat' dir='ltr'><strong>sed</strong></span> <span class='ocrx_word' id='word_1_120' title='bbox 849 810 1022 839; x_wconf 88' lang='lat' dir='ltr'><strong>communio-</strong></span> 
     </span>
    </p>
   </div>
   <div class='ocr_carea' id='block_1_19' title="bbox 235 857 484 885">
    <p class='ocr_par' dir='ltr' id='par_1_19' title="bbox 235 857 484 885">
     <span class='ocr_line' id='line_1_19' title="bbox 235 857 484 885; baseline 0.012 -3"><span class='ocrx_word' id='word_1_121' title='bbox 235 863 295 883; x_wconf 90' lang='lat' dir='ltr'><strong>nem</strong></span> <span class='ocrx_word' id='word_1_122' title='bbox 310 863 360 884; x_wconf 89' lang='lat' dir='ltr'><strong>nos</strong></span> <span class='ocrx_word' id='word_1_123' title='bbox 372 857 484 885; x_wconf 83' lang='lat' dir='ltr'><strong>docens.</strong></span> 
     </span>
    </p>
   </div>
   <div class='ocr_carea' id='block_1_20' title="bbox 269 902 1022 932">
    <p class='ocr_par' dir='ltr' id='par_1_20' title="bbox 269 902 1022 932">
     <span class='ocr_line' id='line_1_20' title="bbox 269 902 1022 932; baseline 0.003 -3"><span class='ocrx_word' id='word_1_124' title='bbox 269 902 324 929; x_wconf 80' lang='lat' dir='ltr'><strong>Sed</strong></span> <span class='ocrx_word' id='word_1_125' title='bbox 337 903 410 930; x_wconf 86' lang='lat' dir='ltr'><strong>enim</strong></span> <span class='ocrx_word' id='word_1_126' title='bbox 423 903 512 931; x_wconf 84' lang='lat' dir='ltr'><strong>sentio</strong></span> <span class='ocrx_word' id='word_1_127' title='bbox 527 910 570 932; x_wconf 91' lang='lat' dir='ltr'><strong>me</strong></span> <span class='ocrx_word' id='word_1_128' title='bbox 588 904 659 932; x_wconf 91' lang='lat' dir='ltr'><strong>hunc</strong></span> <span class='ocrx_word' id='word_1_129' title='bbox 679 904 712 932; x_wconf 88' lang='lat' dir='ltr'><strong>de</strong></span> <span class='ocrx_word' id='word_1_130' title='bbox 734 903 787 931; x_wconf 85' lang='lat' dir='ltr'><strong>ﬁde</strong></span> <span class='ocrx_word' id='word_1_131' title='bbox 806 910 960 932; x_wconf 84' lang='lat' dir='ltr'><strong>sermonem</strong></span> <span class='ocrx_word' id='word_1_132' title='bbox 976 903 1022 931; x_wconf 90' lang='lat' dir='ltr'><strong>diu</strong></span> 
     </span>
    </p>
   </div>
   <div class='ocr_carea' id='block_1_21' title="bbox 235 948 1023 984">
    <p class='ocr_par' dir='ltr' id='par_1_21' title="bbox 235 948 1023 984">
     <span class='ocr_line' id='line_1_21' title="bbox 235 948 1023 984; baseline 0.004 -9"><span class='ocrx_word' id='word_1_133' title='bbox 235 948 415 982; x_wconf 76' lang='lat' dir='ltr'><strong>produxisse;</strong></span> <span class='ocrx_word' id='word_1_134' title='bbox 431 955 493 977; x_wconf 86' lang='lat' dir='ltr'><strong>eum</strong></span> <span class='ocrx_word' id='word_1_135' title='bbox 512 953 602 976; x_wconf 91' lang='lat' dir='ltr'><strong>tamen</strong></span> <span class='ocrx_word' id='word_1_136' title='bbox 625 949 704 984; x_wconf 88' lang='lat' dir='ltr'><strong>quasi</strong></span> <span class='ocrx_word' id='word_1_137' title='bbox 721 957 775 977; x_wconf 90' lang='lat' dir='ltr'><strong>uno</strong></span> <span class='ocrx_word' id='word_1_138' title='bbox 789 949 908 984; x_wconf 84' lang='lat' dir='ltr'><strong>capitulo</strong></span> <span class='ocrx_word' id='word_1_139' title='bbox 925 949 1023 978; x_wconf 81' lang='lat' dir='ltr'><strong>delini-</strong></span> 
     </span>
    </p>
   </div>
   <div class='ocr_carea' id='block_1_22' title="bbox 237 994 1023 1032">
    <p class='ocr_par' dir='ltr' id='par_1_22' title="bbox 237 994 1023 1032">
     <span class='ocr_line' id='line_1_22' title="bbox 237 994 1023 1032; baseline 0.003 -11"><span class='ocrx_word' id='word_1_140' title='bbox 237 995 340 1022; x_wconf 84' lang='lat' dir='ltr'><strong>tionem</strong></span> <span class='ocrx_word' id='word_1_141' title='bbox 364 994 424 1029; x_wconf 84' lang='lat' dir='ltr'><strong>ejus</strong></span> <span class='ocrx_word' id='word_1_142' title='bbox 450 1002 494 1022; x_wconf 92' lang='lat' dir='ltr'><strong>me</strong></span> <span class='ocrx_word' id='word_1_143' title='bbox 515 995 774 1031; x_wconf 86' lang='lat' dir='ltr'><strong>comprehensurum</strong></span> <span class='ocrx_word' id='word_1_144' title='bbox 799 996 850 1024; x_wconf 85' lang='lat' dir='ltr'><strong>sub</strong></span> <span class='ocrx_word' id='word_1_145' title='bbox 882 995 960 1023; x_wconf 88' lang='lat' dir='ltr'><strong>initio</strong></span> <span class='ocrx_word' id='word_1_146' title='bbox 983 995 1023 1032; x_wconf 77' lang='grc'><strong>(2)</strong></span> 
     </span>
    </p>
   </div>
   <div class='ocr_carea' id='block_1_23' title="bbox 236 1040 1023 1076">
    <p class='ocr_par' dir='ltr' id='par_1_23' title="bbox 236 1040 1023 1076">
     <span class='ocr_line' id='line_1_23' title="bbox 236 1040 1023 1076; baseline -0.003 -6"><span class='ocrx_word' id='word_1_147' title='bbox 236 1040 437 1076; x_wconf 72' lang='lat' dir='ltr'><strong>promisissem.</strong></span> <span class='ocrx_word' id='word_1_148' title='bbox 463 1040 531 1070; x_wconf 85' lang='lat' dir='ltr'><strong>Nam</strong></span> <span class='ocrx_word' id='word_1_149' title='bbox 557 1048 618 1068; x_wconf 86' lang='lat' dir='ltr'><strong>cum</strong></span> <span class='ocrx_word' id='word_1_150' title='bbox 652 1048 686 1068; x_wconf 90' lang='lat' dir='ltr'><strong>ex</strong></span> <span class='ocrx_word' id='word_1_151' title='bbox 715 1040 870 1076; x_wconf 75' lang='lat' dir='ltr'><strong>evangelica</strong></span> <span class='ocrx_word' id='word_1_152' title='bbox 900 1041 1023 1069; x_wconf 83' lang='lat' dir='ltr'><strong>doctrina</strong></span> 
     </span>
    </p>
   </div>
   <div class='ocr_carea' id='block_1_24' title="bbox 236 1087 1021 1124">
    <p class='ocr_par' dir='ltr' id='par_1_24' title="bbox 236 1087 1021 1124">
     <span class='ocr_line' id='line_1_24' title="bbox 236 1087 1021 1124; baseline -0.001 -8"><span class='ocrx_word' id='word_1_153' title='bbox 236 1087 477 1116; x_wconf 85' lang='lat' dir='ltr'><strong>demonstrandam</strong></span> <span class='ocrx_word' id='word_1_154' title='bbox 500 1089 681 1123; x_wconf 78' lang='lat' dir='ltr'><strong>suscepissem</strong></span> <span class='ocrx_word' id='word_1_155' title='bbox 696 1087 835 1124; x_wconf 81' lang='lat' dir='ltr'><strong>Unigeuiti</strong></span> <span class='ocrx_word' id='word_1_156' title='bbox 851 1087 1021 1123; x_wconf 81' lang='lat' dir='ltr'><strong>dignitatem,</strong></span> 
     </span>
    </p>
   </div>
   <div class='ocr_carea' id='block_1_25' title="bbox 238 1133 1024 1170">
    <p class='ocr_par' dir='ltr' id='par_1_25' title="bbox 238 1133 1024 1170">
     <span class='ocr_line' id='line_1_25' title="bbox 238 1133 1024 1170; baseline 0 -10"><span class='ocrx_word' id='word_1_157' title='bbox 238 1133 388 1169; x_wconf 87' lang='lat' dir='ltr'><strong>longiorem</strong></span> <span class='ocrx_word' id='word_1_158' title='bbox 401 1140 484 1168; x_wconf 83' lang='lat' dir='ltr'><strong>quam</strong></span> <span class='ocrx_word' id='word_1_159' title='bbox 496 1133 672 1170; x_wconf 86' lang='lat' dir='ltr'><strong>promiseram</strong></span> <span class='ocrx_word' id='word_1_160' title='bbox 686 1133 738 1162; x_wconf 91' lang='lat' dir='ltr'><strong>i&#39;eci</strong></span> <span class='ocrx_word' id='word_1_161' title='bbox 757 1141 909 1161; x_wconf 86' lang='lat' dir='ltr'><strong>sermonem</strong></span> <span class='ocrx_word' id='word_1_162' title='bbox 918 1153 926 1166; x_wconf 89' lang='lat'><strong>,</strong></span> <span class='ocrx_word' id='word_1_163' title='bbox 939 1140 1024 1169; x_wconf 89' lang='lat' dir='ltr'><strong>quan-</strong></span> 
     </span>
    </p>
   </div>
   <div class='ocr_carea' id='block_1_26' title="bbox 235 1178 1024 1215">
    <p class='ocr_par' dir='ltr' id='par_1_26' title="bbox 235 1178 1024 1215">
     <span class='ocr_line' id='line_1_26' title="bbox 235 1178 1024 1215; baseline 0.001 -10"><span class='ocrx_word' id='word_1_164' title='bbox 235 1186 317 1213; x_wconf 86' lang='lat' dir='ltr'><strong>quam</strong></span> <span class='ocrx_word' id='word_1_165' title='bbox 337 1179 363 1206; x_wconf 88' lang='lat' dir='ltr'><strong>iu</strong></span> <span class='ocrx_word' id='word_1_166' title='bbox 383 1178 448 1213; x_wconf 85' lang='lat' dir='ltr'><strong>Ipsis</strong></span> <span class='ocrx_word' id='word_1_167' title='bbox 465 1183 586 1207; x_wconf 84' lang='lat' dir='ltr'><strong>textunm</strong></span> <span class='ocrx_word' id='word_1_168' title='bbox 604 1179 876 1215; x_wconf 86' lang='lat' dir='ltr'><strong>interpretationibus</strong></span> <span class='ocrx_word' id='word_1_169' title='bbox 897 1179 1024 1207; x_wconf 83' lang='lat' dir='ltr'><strong>brevitati</strong></span> 
     </span>
    </p>
   </div>
   <div class='ocr_carea' id='block_1_27' title="bbox 236 1225 1025 1262">
    <p class='ocr_par' dir='ltr' id='par_1_27' title="bbox 236 1225 1025 1262">
     <span class='ocr_line' id='line_1_27' title="bbox 236 1225 1025 1262; baseline 0 -10"><span class='ocrx_word' id='word_1_170' title='bbox 236 1225 336 1257; x_wconf 70' lang='lat' dir='ltr'><strong>studui.</strong></span> <span class='ocrx_word' id='word_1_171' title='bbox 361 1225 446 1260; x_wconf 90' lang='lat' dir='ltr'><strong>igitur</strong></span> <span class='ocrx_word' id='word_1_172' title='bbox 470 1225 523 1262; x_wconf 88' lang='lat' dir='ltr'><strong>piis</strong></span> <span class='ocrx_word' id='word_1_173' title='bbox 547 1225 712 1254; x_wconf 80' lang='lat' dir='ltr'><strong>Christianis</strong></span> <span class='ocrx_word' id='word_1_174' title='bbox 736 1226 868 1261; x_wconf 82' lang='lat' dir='ltr'><strong>ablegatis</strong></span> <span class='ocrx_word' id='word_1_175' title='bbox 892 1225 925 1252; x_wconf 91' lang='lat' dir='ltr'><strong>ad</strong></span> <span class='ocrx_word' id='word_1_176' title='bbox 951 1225 1025 1260; x_wconf 89' lang='lat' dir='ltr'><strong>ipsos</strong></span> 
     </span>
    </p>
   </div>
   <div class='ocr_carea' id='block_1_28' title="bbox 236 1271 1026 1308">
    <p class='ocr_par' dir='ltr' id='par_1_28' title="bbox 236 1271 1026 1308">
     <span class='ocr_line' id='line_1_28' title="bbox 236 1271 1026 1308; baseline -0.001 -9"><span class='ocrx_word' id='word_1_177' title='bbox 236 1277 293 1300; x_wconf 89' lang='lat' dir='ltr'><strong>tum</strong></span> <span class='ocrx_word' id='word_1_178' title='bbox 308 1272 490 1308; x_wconf 76' lang='lat' dir='ltr'><strong>evangelicos,</strong></span> <span class='ocrx_word' id='word_1_179' title='bbox 504 1277 560 1300; x_wconf 90' lang='lat' dir='ltr'><strong>tum</strong></span> <span class='ocrx_word' id='word_1_180' title='bbox 573 1272 747 1308; x_wconf 66' lang='lat' dir='ltr'><strong>prophetico:</strong></span> <span class='ocrx_word' id='word_1_181' title='bbox 762 1272 856 1305; x_wconf 83' lang='lat' dir='ltr'><strong>libros,</strong></span> <span class='ocrx_word' id='word_1_182' title='bbox 873 1271 918 1307; x_wconf 90' lang='lat' dir='ltr'><strong>qui</strong></span> <span class='ocrx_word' id='word_1_183' title='bbox 931 1278 1026 1299; x_wconf 83' lang='lat' dir='ltr'><strong>omnes</strong></span> 
     </span>
    </p>
   </div>
   <div class='ocr_carea' id='block_1_29' title="bbox 237 1316 1026 1354">
    <p class='ocr_par' dir='ltr' id='par_1_29' title="bbox 237 1316 1026 1354">
     <span class='ocr_line' id='line_1_29' title="bbox 237 1316 1026 1354; baseline -0.001 -8"><span class='ocrx_word' id='word_1_184' title='bbox 237 1318 371 1354; x_wconf 72' lang='lat' dir='ltr'><strong>theologia</strong></span> <span class='ocrx_word' id='word_1_185' title='bbox 385 1318 420 1346; x_wconf 89' lang='lat' dir='ltr'><strong>de</strong></span> <span class='ocrx_word' id='word_1_186' title='bbox 435 1318 503 1346; x_wconf 86' lang='lat' dir='ltr'><strong>Filio</strong></span> <span class='ocrx_word' id='word_1_187' title='bbox 520 1318 686 1351; x_wconf 82' lang='lat' dir='ltr'><strong>redundant,</strong></span> <span class='ocrx_word' id='word_1_188' title='bbox 702 1325 752 1353; x_wconf 84' lang='lat' dir='ltr'><strong>ego</strong></span> <span class='ocrx_word' id='word_1_189' title='bbox 765 1317 874 1353; x_wconf 81' lang='lat' dir='ltr'><strong>quidem</strong></span> <span class='ocrx_word' id='word_1_190' title='bbox 894 1316 1026 1352; x_wconf 80' lang='lat' dir='ltr'><strong>propositi</strong></span> 
     </span>
    </p>
   </div>
   <div class='ocr_carea' id='block_1_30' title="bbox 237 1363 875 1399">
    <p class='ocr_par' dir='ltr' id='par_1_30' title="bbox 237 1363 875 1399">
     <span class='ocr_line' id='line_1_30' title="bbox 237 1363 875 1399; baseline -0.003 -7"><span class='ocrx_word' id='word_1_191' title='bbox 237 1364 270 1392; x_wconf 87' lang='lat' dir='ltr'><strong>de</strong></span> <span class='ocrx_word' id='word_1_192' title='bbox 285 1363 419 1392; x_wconf 79' lang='lat' dir='ltr'><strong>Trinitate</strong></span> <span class='ocrx_word' id='word_1_193' title='bbox 437 1363 589 1399; x_wconf 81' lang='lat' dir='ltr'><strong>argumenti</strong></span> <span class='ocrx_word' id='word_1_194' title='bbox 603 1364 701 1392; x_wconf 85' lang='lat' dir='ltr'><strong>seriem</strong></span> <span class='ocrx_word' id='word_1_195' title='bbox 714 1370 875 1399; x_wconf 88' lang='lat' dir='ltr'><strong>prosequar.</strong></span> 
     </span>
    </p>
   </div>
   <div class='ocr_carea' id='block_1_31' title="bbox 379 1418 879 1456">
    <p class='ocr_par' dir='ltr' id='par_1_31' title="bbox 379 1418 879 1456">
     <span class='ocr_line' id='line_1_31' title="bbox 379 1418 879 1456; baseline 0 -10"><span class='ocrx_word' id='word_1_196' title='bbox 379 1419 463 1456; x_wconf 75' lang='lat'><strong>699</strong></span> <span class='ocrx_word' id='word_1_197' title='bbox 475 1427 500 1446; x_wconf 90' lang='lat' dir='ltr'><strong>m</strong></span> <span class='ocrx_word' id='word_1_198' title='bbox 518 1418 589 1447; x_wconf 79' lang='lat' dir='ltr'><strong>XIX.</strong></span> <span class='ocrx_word' id='word_1_199' title='bbox 604 1418 644 1447; x_wconf 81' lang='lat' dir='ltr'><strong>De</strong></span> <span class='ocrx_word' id='word_1_200' title='bbox 658 1418 762 1454; x_wconf 83' lang='lat' dir='ltr'><strong>Spiritu</strong></span> <span class='ocrx_word' id='word_1_201' title='bbox 777 1423 879 1448; x_wconf 72' lang='lat' dir='ltr'><strong>sancto.</strong></span> 
     </span>
    </p>
   </div>
   <div class='ocr_carea' id='block_1_32' title="bbox 273 1473 1027 1511">
    <p class='ocr_par' dir='ltr' id='par_1_32' title="bbox 273 1473 1027 1511">
     <span class='ocr_line' id='line_1_32' title="bbox 273 1473 1027 1511; baseline -0.001 -8"><span class='ocrx_word' id='word_1_202' title='bbox 273 1475 415 1507; x_wconf 67' lang='lat' dir='ltr'><strong>Credinus</strong></span> <span class='ocrx_word' id='word_1_203' title='bbox 428 1480 542 1511; x_wconf 84' lang='lat' dir='ltr'><strong>ergo,ut</strong></span> <span class='ocrx_word' id='word_1_204' title='bbox 552 1475 609 1511; x_wconf 85' lang='lat' dir='ltr'><strong>jam</strong></span> <span class='ocrx_word' id='word_1_205' title='bbox 624 1474 728 1509; x_wconf 84' lang='lat' dir='ltr'><strong>dixi,in</strong></span> <span class='ocrx_word' id='word_1_206' title='bbox 743 1474 827 1502; x_wconf 86' lang='lat' dir='ltr'><strong>Deum</strong></span> <span class='ocrx_word' id='word_1_207' title='bbox 842 1473 950 1502; x_wconf 82' lang='lat' dir='ltr'><strong>Patrem</strong></span> <span class='ocrx_word' id='word_1_208' title='bbox 965 1474 1027 1502; x_wconf 82' lang='lat' dir='ltr'><strong>abs-</strong></span> 
     </span>
    </p>
   </div>
   <div class='ocr_carea' id='block_1_33' title="bbox 238 1520 1025 1556">
    <p class='ocr_par' dir='ltr' id='par_1_33' title="bbox 238 1520 1025 1556">
     <span class='ocr_line' id='line_1_33' title="bbox 238 1520 1025 1556; baseline 0 -9"><span class='ocrx_word' id='word_1_209' title='bbox 238 1529 290 1556; x_wconf 78' lang='lat' dir='ltr'><strong>que</strong></span> <span class='ocrx_word' id='word_1_210' title='bbox 314 1521 466 1556; x_wconf 86' lang='lat' dir='ltr'><strong>principio,</strong></span> <span class='ocrx_word' id='word_1_211' title='bbox 495 1525 522 1548; x_wconf 79' lang='lat' dir='ltr'><strong>et</strong></span> <span class='ocrx_word' id='word_1_212' title='bbox 548 1521 574 1548; x_wconf 89' lang='lat' dir='ltr'><strong>in</strong></span> <span class='ocrx_word' id='word_1_213' title='bbox 591 1520 675 1548; x_wconf 87' lang='lat' dir='ltr'><strong>Deum</strong></span> <span class='ocrx_word' id='word_1_214' title='bbox 692 1525 858 1548; x_wconf 68' lang='lat' dir='ltr'><strong>comternum</strong></span> <span class='ocrx_word' id='word_1_215' title='bbox 874 1520 1025 1547; x_wconf 84' lang='lat' dir='ltr'><strong>naturalem</strong></span> 
     </span>
    </p>
   </div>
   <div class='ocr_carea' id='block_1_34' title="bbox 238 1565 1025 1601">
    <p class='ocr_par' dir='ltr' id='par_1_34' title="bbox 238 1565 1025 1601">
     <span class='ocr_line' id='line_1_34' title="bbox 238 1565 1025 1601; baseline -0.003 -8"><span class='ocrx_word' id='word_1_216' title='bbox 238 1567 348 1600; x_wconf 83' lang='lat' dir='ltr'><strong>Filium,</strong></span> <span class='ocrx_word' id='word_1_217' title='bbox 369 1573 401 1596; x_wconf 82' lang='lat' dir='ltr'><strong>ex</strong></span> <span class='ocrx_word' id='word_1_218' title='bbox 415 1565 497 1598; x_wconf 72' lang='lat' dir='ltr'><strong>Patre</strong></span> <span class='ocrx_word' id='word_1_219' title='bbox 513 1566 621 1601; x_wconf 83' lang='lat' dir='ltr'><strong>quidem</strong></span> <span class='ocrx_word' id='word_1_220' title='bbox 635 1565 768 1600; x_wconf 80' lang='lat' dir='ltr'><strong>genitum,</strong></span> <span class='ocrx_word' id='word_1_221' title='bbox 793 1565 841 1593; x_wconf 84' lang='lat' dir='ltr'><strong>sed</strong></span> <span class='ocrx_word' id='word_1_222' title='bbox 861 1569 950 1592; x_wconf 87' lang='lat' dir='ltr'><strong>tamen</strong></span> <span class='ocrx_word' id='word_1_223' title='bbox 965 1572 1025 1592; x_wconf 90' lang='lat' dir='ltr'><strong>cum</strong></span> 
     </span>
    </p>
   </div>
   <div class='ocr_carea' id='block_1_35' title="bbox 239 1610 1027 1647">
    <p class='ocr_par' dir='ltr' id='par_1_35' title="bbox 239 1610 1027 1647">
     <span class='ocr_line' id='line_1_35' title="bbox 239 1610 1027 1647; baseline -0.003 -7"><span class='ocrx_word' id='word_1_224' title='bbox 239 1612 324 1647; x_wconf 72' lang='lat' dir='ltr'><strong>Patre</strong></span> <span class='ocrx_word' id='word_1_225' title='bbox 337 1619 446 1647; x_wconf 82' lang='lat' dir='ltr'><strong>semper</strong></span> <span class='ocrx_word' id='word_1_226' title='bbox 469 1612 658 1643; x_wconf 78' lang='lat' dir='ltr'><strong>exsistentem,</strong></span> <span class='ocrx_word' id='word_1_227' title='bbox 674 1611 753 1646; x_wconf 80' lang='lat' dir='ltr'><strong>juxta</strong></span> <span class='ocrx_word' id='word_1_228' title='bbox 780 1611 964 1646; x_wconf 71' lang='lat' dir='ltr'><strong>evangelicum</strong></span> <span class='ocrx_word' id='word_1_229' title='bbox 984 1610 1027 1638; x_wconf 88' lang='lat' dir='ltr'><strong>di-</strong></span> 
     </span>
    </p>
   </div>
   <div class='ocr_carea' id='block_1_36' title="bbox 238 1656 1028 1693">
    <p class='ocr_par' dir='ltr' id='par_1_36' title="bbox 238 1656 1028 1693">
     <span class='ocr_line' id='line_1_36' title="bbox 238 1656 1028 1693; baseline -0.005 -5"><span class='ocrx_word' id='word_1_230' title='bbox 238 1665 334 1693; x_wconf 77' lang='lat' dir='ltr'><strong>ctum:</strong></span> <span class='ocrx_word' id='word_1_231' title='bbox 362 1668 372 1686; x_wconf 73' lang='grc' dir='ltr'>ι</span> <span class='ocrx_word' id='word_1_232' title='bbox 400 1658 431 1693; x_wconf 81' lang='lat' dir='ltr'><strong>in</strong></span> <span class='ocrx_word' id='word_1_233' title='bbox 454 1658 589 1693; x_wconf 84' lang='lat' dir='ltr'><strong>principio</strong></span> <span class='ocrx_word' id='word_1_234' title='bbox 620 1662 679 1686; x_wconf 91' lang='lat' dir='ltr'><strong>erat</strong></span> <span class='ocrx_word' id='word_1_235' title='bbox 704 1657 833 1685; x_wconf 77' lang='lat' dir='ltr'><strong>Verbum.</strong></span> <span class='ocrx_word' id='word_1_236' title='bbox 858 1666 867 1683; x_wconf 75' lang='grc' dir='ltr'>ι</span> <span class='ocrx_word' id='word_1_237' title='bbox 886 1656 1028 1684; x_wconf 83' lang='lat' dir='ltr'><strong>Credimus</strong></span> 
     </span>
    </p>
   </div>
   <div class='ocr_carea' id='block_1_37' title="bbox 239 1702 1028 1738">
    <p class='ocr_par' dir='ltr' id='par_1_37' title="bbox 239 1702 1028 1738">
     <span class='ocr_line' id='line_1_37' title="bbox 239 1702 1028 1738; baseline -0.004 -7"><span class='ocrx_word' id='word_1_238' title='bbox 239 1704 322 1736; x_wconf 75' lang='lat' dir='ltr'><strong>etiam</strong></span> <span class='ocrx_word' id='word_1_239' title='bbox 349 1704 375 1733; x_wconf 85' lang='lat' dir='ltr'><strong>in</strong></span> <span class='ocrx_word' id='word_1_240' title='bbox 396 1703 528 1738; x_wconf 88' lang='lat' dir='ltr'><strong>Spiritum</strong></span> <span class='ocrx_word' id='word_1_241' title='bbox 552 1707 689 1735; x_wconf 84' lang='lat' dir='ltr'><strong>sanctum,</strong></span> <span class='ocrx_word' id='word_1_242' title='bbox 713 1705 829 1733; x_wconf 89' lang='lat' dir='ltr'><strong>rectum,</strong></span> <span class='ocrx_word' id='word_1_243' title='bbox 848 1702 1028 1737; x_wconf 77' lang='lat' dir='ltr'><strong>dirigentem,</strong></span> 
     </span>
    </p>
   </div>
   <div class='ocr_carea' id='block_1_38' title="bbox 239 1747 1029 1783">
    <p class='ocr_par' dir='ltr' id='par_1_38' title="bbox 239 1747 1029 1783">
     <span class='ocr_line' id='line_1_38' title="bbox 239 1747 1029 1783; baseline -0.003 -5"><span class='ocrx_word' id='word_1_244' title='bbox 239 1750 354 1782; x_wconf 79' lang='lat' dir='ltr'><strong>bonum,</strong></span> <span class='ocrx_word' id='word_1_245' title='bbox 375 1749 585 1782; x_wconf 72' lang='lat' dir='ltr'><strong>consolatorem,</strong></span> <span class='ocrx_word' id='word_1_246' title='bbox 612 1755 647 1776; x_wconf 90' lang='lat' dir='ltr'><strong>ex</strong></span> <span class='ocrx_word' id='word_1_247' title='bbox 672 1748 728 1776; x_wconf 87' lang='lat' dir='ltr'><strong>Deo</strong></span> <span class='ocrx_word' id='word_1_248' title='bbox 750 1747 953 1783; x_wconf 87' lang='lat' dir='ltr'><strong>procedentem,</strong></span> <span class='ocrx_word' id='word_1_249' title='bbox 976 1755 1029 1776; x_wconf 88' lang='lat' dir='ltr'><strong>non</strong></span> 
     </span>
    </p>
   </div>
   <div class='ocr_carea' id='block_1_39' title="bbox 241 1793 1030 1832">
    <p class='ocr_par' dir='ltr' id='par_1_39' title="bbox 241 1793 1030 1832">
     <span class='ocr_line' id='line_1_39' title="bbox 241 1793 1030 1832; baseline -0.005 -6"><span class='ocrx_word' id='word_1_250' title='bbox 241 1796 380 1832; x_wconf 63' lang='lat' dir='ltr'><strong>genitum;</strong></span> <span class='ocrx_word' id='word_1_251' title='bbox 398 1802 470 1824; x_wconf 89' lang='lat' dir='ltr'><strong>unus</strong></span> <span class='ocrx_word' id='word_1_252' title='bbox 485 1795 559 1824; x_wconf 84' lang='lat' dir='ltr'><strong>enim</strong></span> <span class='ocrx_word' id='word_1_253' title='bbox 577 1799 620 1822; x_wconf 85' lang='lat' dir='ltr'><strong>est</strong></span> <span class='ocrx_word' id='word_1_254' title='bbox 642 1793 824 1830; x_wconf 78' lang='lat' dir='ltr'><strong>Unigenitus;</strong></span> <span class='ocrx_word' id='word_1_255' title='bbox 843 1801 931 1828; x_wconf 87' lang='lat' dir='ltr'><strong>neque</strong></span> <span class='ocrx_word' id='word_1_256' title='bbox 952 1801 1030 1822; x_wconf 87' lang='lat' dir='ltr'><strong>crea-</strong></span> 
     </span>
    </p>
   </div>
   <div class='ocr_carea' id='block_1_40' title="bbox 243 1840 1030 1876">
    <p class='ocr_par' dir='ltr' id='par_1_40' title="bbox 243 1840 1030 1876">
     <span class='ocr_line' id='line_1_40' title="bbox 243 1840 1030 1876; baseline -0.001 -7"><span class='ocrx_word' id='word_1_257' title='bbox 243 1847 312 1875; x_wconf 87' lang='lat' dir='ltr'><strong>tum,</strong></span> <span class='ocrx_word' id='word_1_258' title='bbox 328 1848 462 1876; x_wconf 79' lang='lat' dir='ltr'><strong>nusquam</strong></span> <span class='ocrx_word' id='word_1_259' title='bbox 476 1840 549 1873; x_wconf 80' lang='lat' dir='ltr'><strong>enim</strong></span> <span class='ocrx_word' id='word_1_260' title='bbox 567 1840 594 1869; x_wconf 90' lang='lat' dir='ltr'><strong>in</strong></span> <span class='ocrx_word' id='word_1_261' title='bbox 612 1840 703 1868; x_wconf 90' lang='lat' dir='ltr'><strong>divina</strong></span> <span class='ocrx_word' id='word_1_262' title='bbox 722 1840 863 1875; x_wconf 80' lang='lat' dir='ltr'><strong>Scriptura</strong></span> <span class='ocrx_word' id='word_1_263' title='bbox 880 1848 941 1868; x_wconf 82' lang='lat' dir='ltr'><strong>cum</strong></span> <span class='ocrx_word' id='word_1_264' title='bbox 954 1847 1030 1868; x_wconf 89' lang='lat' dir='ltr'><strong>com-</strong></span> 
     </span>
    </p>
   </div>
   <div class='ocr_carea' id='block_1_41' title="bbox 242 1886 1029 1923">
    <p class='ocr_par' dir='ltr' id='par_1_41' title="bbox 242 1886 1029 1923">
     <span class='ocr_line' id='line_1_41' title="bbox 242 1886 1029 1923; baseline -0.001 -8"><span class='ocrx_word' id='word_1_265' title='bbox 242 1887 363 1923; x_wconf 84' lang='lat' dir='ltr'><strong>perimus</strong></span> <span class='ocrx_word' id='word_1_266' title='bbox 388 1886 427 1914; x_wconf 89' lang='lat' dir='ltr'><strong>rei</strong></span> <span class='ocrx_word' id='word_1_267' title='bbox 447 1891 547 1914; x_wconf 81' lang='lat' dir='ltr'><strong>creatae</strong></span> <span class='ocrx_word' id='word_1_268' title='bbox 570 1891 789 1919; x_wconf 86' lang='lat' dir='ltr'><strong>annumeratum,</strong></span> <span class='ocrx_word' id='word_1_269' title='bbox 810 1886 858 1914; x_wconf 81' lang='lat' dir='ltr'><strong>sed</strong></span> <span class='ocrx_word' id='word_1_270' title='bbox 882 1887 909 1914; x_wconf 91' lang='lat' dir='ltr'><strong>in</strong></span> <span class='ocrx_word' id='word_1_271' title='bbox 935 1887 1029 1914; x_wconf 89' lang='lat' dir='ltr'><strong>eodem</strong></span> 
     </span>
    </p>
   </div>
   <div class='ocr_carea' id='block_1_42' title="bbox 241 1927 1030 1968">
    <p class='ocr_par' dir='ltr' id='par_1_42' title="bbox 241 1927 1030 1968">
     <span class='ocr_line' id='line_1_42' title="bbox 241 1927 1030 1968; baseline -0.001 -7"><span class='ocrx_word' id='word_1_272' title='bbox 241 1940 303 1961; x_wconf 88' lang='lat' dir='ltr'><strong>cum</strong></span> <span class='ocrx_word' id='word_1_273' title='bbox 320 1933 403 1963; x_wconf 79' lang='lat' dir='ltr'><strong>Patre</strong></span> <span class='ocrx_word' id='word_1_274' title='bbox 415 1940 448 1962; x_wconf 85' lang='lat' dir='ltr'><strong>ac</strong></span> <span class='ocrx_word' id='word_1_275' title='bbox 469 1932 538 1960; x_wconf 82' lang='lat' dir='ltr'><strong>Filio</strong></span> <span class='ocrx_word' id='word_1_276' title='bbox 551 1933 648 1961; x_wconf 90' lang='lat' dir='ltr'><strong>ordine</strong></span> <span class='ocrx_word' id='word_1_277' title='bbox 669 1927 800 1967; x_wconf 75' lang='lat' dir='ltr'><strong>positum.</strong></span> <span class='ocrx_word' id='word_1_278' title='bbox 823 1933 913 1968; x_wconf 88' lang='lat' dir='ltr'><strong>Ipsum</strong></span> <span class='ocrx_word' id='word_1_279' title='bbox 937 1937 1030 1960; x_wconf 85' lang='lat' dir='ltr'><strong>autem</strong></span> 
     </span>
    </p>
   </div>
   <div class='ocr_carea' id='block_1_43' title="bbox 241 1979 1030 2015">
    <p class='ocr_par' dir='ltr' id='par_1_43' title="bbox 241 1979 1030 2015">
     <span class='ocr_line' id='line_1_43' title="bbox 241 1979 1030 2015; baseline -0.001 -8"><span class='ocrx_word' id='word_1_280' title='bbox 241 1979 276 2007; x_wconf 82' lang='lat' dir='ltr'><strong>de</strong></span> <span class='ocrx_word' id='word_1_281' title='bbox 304 1979 385 2008; x_wconf 83' lang='lat' dir='ltr'><strong>Patre</strong></span> <span class='ocrx_word' id='word_1_282' title='bbox 414 1979 609 2015; x_wconf 87' lang='lat' dir='ltr'><strong>procedentem</strong></span> <span class='ocrx_word' id='word_1_283' title='bbox 634 1979 799 2012; x_wconf 86' lang='lat' dir='ltr'><strong>audivimus,</strong></span> <span class='ocrx_word' id='word_1_284' title='bbox 829 1986 917 2014; x_wconf 86' lang='lat' dir='ltr'><strong>neque</strong></span> <span class='ocrx_word' id='word_1_285' title='bbox 940 1983 1030 2007; x_wconf 84' lang='lat' dir='ltr'><strong>tamen</strong></span> 
     </span>
    </p>
   </div>
   <div class='ocr_carea' id='block_1_44' title="bbox 239 2025 1031 2063">
    <p class='ocr_par' dir='ltr' id='par_1_44' title="bbox 239 2025 1031 2063">
     <span class='ocr_line' id='line_1_44' title="bbox 239 2025 1031 2063; baseline -0.003 -10"><span class='ocrx_word' id='word_1_286' title='bbox 239 2026 377 2063; x_wconf 73' lang='lat' dir='ltr'><strong>quomodo</strong></span> <span class='ocrx_word' id='word_1_287' title='bbox 401 2026 531 2061; x_wconf 79' lang='lat' dir='ltr'><strong>procedat</strong></span> <span class='ocrx_word' id='word_1_288' title='bbox 549 2026 657 2056; x_wconf 83' lang='lat' dir='ltr'><strong>curiose</strong></span> <span class='ocrx_word' id='word_1_289' title='bbox 679 2030 846 2058; x_wconf 79' lang='lat' dir='ltr'><strong>scrutamur,</strong></span> <span class='ocrx_word' id='word_1_290' title='bbox 872 2025 918 2054; x_wconf 82' lang='lat' dir='ltr'><strong>sed</strong></span> <span class='ocrx_word' id='word_1_291' title='bbox 939 2025 982 2053; x_wconf 80' lang='lat' dir='ltr'><strong>his</strong></span> <span class='ocrx_word' id='word_1_292' title='bbox 998 2025 1031 2052; x_wconf 85' lang='lat' dir='ltr'><strong>ﬁ-</strong></span> 
     </span>
    </p>
   </div>
   <div class='ocr_carea' id='block_1_45' title="bbox 242 2071 1031 2110">
    <p class='ocr_par' dir='ltr' id='par_1_45' title="bbox 242 2071 1031 2110">
     <span class='ocr_line' id='line_1_45' title="bbox 242 2071 1031 2110; baseline 0 -10"><span class='ocrx_word' id='word_1_293' title='bbox 242 2072 322 2100; x_wconf 77' lang='lat' dir='ltr'><strong>nibus</strong></span> <span class='ocrx_word' id='word_1_294' title='bbox 346 2072 466 2100; x_wconf 84' lang='lat' dir='ltr'><strong>contenti</strong></span> <span class='ocrx_word' id='word_1_295' title='bbox 485 2079 579 2101; x_wconf 83' lang='lat' dir='ltr'><strong>sumus</strong></span> <span class='ocrx_word' id='word_1_296' title='bbox 594 2079 663 2110; x_wconf 72' lang='lat' dir='ltr'><strong>quos</strong></span> <span class='ocrx_word' id='word_1_297' title='bbox 678 2071 756 2101; x_wconf 84' lang='lat' dir='ltr'><strong>nobis</strong></span> <span class='ocrx_word' id='word_1_298' title='bbox 773 2071 889 2107; x_wconf 88' lang='lat' dir='ltr'><strong>theologi</strong></span> <span class='ocrx_word' id='word_1_299' title='bbox 903 2071 1031 2107; x_wconf 83' lang='lat' dir='ltr'><strong>beatique</strong></span> 
     </span>
    </p>
   </div>
   <div class='ocr_carea' id='block_1_46' title="bbox 242 2118 470 2147">
    <p class='ocr_par' dir='ltr' id='par_1_46' title="bbox 242 2118 470 2147">
     <span class='ocr_line' id='line_1_46' title="bbox 242 2118 470 2147; baseline -0.004 0"><span class='ocrx_word' id='word_1_300' title='bbox 242 2118 292 2147; x_wconf 84' lang='lat' dir='ltr'><strong>viri</strong></span> <span class='ocrx_word' id='word_1_301' title='bbox 308 2123 470 2147; x_wconf 83' lang='lat' dir='ltr'><strong>statuerunt.</strong></span> 
     </span>
    </p>
   </div>
   <div class='ocr_carea' id='block_1_47' title="bbox 242 2172 1032 2210">
    <p class='ocr_par' dir='ltr' id='par_1_47' title="bbox 242 2172 1032 2210">
     <span class='ocr_line' id='line_1_47' title="bbox 242 2172 1032 2210; baseline 0.004 -10"><span class='ocrx_word' id='word_1_302' title='bbox 242 2172 302 2201; x_wconf 67' lang='lat' dir='ltr'><strong>XX.</strong></span> <span class='ocrx_word' id='word_1_303' title='bbox 328 2173 406 2207; x_wconf 80' lang='lat' dir='ltr'><strong>Quod</strong></span> <span class='ocrx_word' id='word_1_304' title='bbox 429 2175 457 2202; x_wconf 84' lang='lat' dir='ltr'><strong>in</strong></span> <span class='ocrx_word' id='word_1_305' title='bbox 481 2175 571 2202; x_wconf 82' lang='lat' dir='ltr'><strong>eodem</strong></span> <span class='ocrx_word' id='word_1_306' title='bbox 598 2175 690 2202; x_wconf 75' lang='lat' dir='ltr'><strong>ordine</strong></span> <span class='ocrx_word' id='word_1_307' title='bbox 710 2183 770 2202; x_wconf 80' lang='lat' dir='ltr'><strong>cum</strong></span> <span class='ocrx_word' id='word_1_308' title='bbox 799 2173 881 2202; x_wconf 82' lang='lat' dir='ltr'><strong>Patre</strong></span> <span class='ocrx_word' id='word_1_309' title='bbox 907 2173 1032 2210; x_wconf 79' lang='lat' dir='ltr'><strong>Filioque</strong></span> 
     </span>
    </p>
   </div>
   <div class='ocr_carea' id='block_1_48' title="bbox 490 2210 1001 2244">
    <p class='ocr_par' dir='ltr' id='par_1_48' title="bbox 490 2210 1001 2244">
     <span class='ocr_line' id='line_1_48' title="bbox 490 2210 1001 2244; baseline 0.004 -8"><span class='ocrx_word' id='word_1_310' title='bbox 490 2210 609 2244; x_wconf 77' lang='lat' dir='ltr'><strong>Spiritus</strong></span> <span class='ocrx_word' id='word_1_311' title='bbox 622 2210 780 2240; x_wconf 81' lang='lat' dir='ltr'><strong>collocatur.</strong></span> <span class='ocrx_word' id='word_1_312' title='bbox 997 2230 1001 2234; x_wconf 83' lang='grc'>.</span> 
     </span>
    </p>
   </div>
   <div class='ocr_carea' id='block_1_49' title="bbox 279 2265 1030 2301">
    <p class='ocr_par' dir='ltr' id='par_1_49' title="bbox 279 2265 1030 2301">
     <span class='ocr_line' id='line_1_49' title="bbox 279 2265 1030 2301; baseline 0.004 -8"><span class='ocrx_word' id='word_1_313' title='bbox 279 2266 401 2300; x_wconf 75' lang='lat' dir='ltr'><strong>Namque</strong></span> <span class='ocrx_word' id='word_1_314' title='bbox 422 2266 456 2294; x_wconf 86' lang='lat' dir='ltr'><strong>ab</strong></span> <span class='ocrx_word' id='word_1_315' title='bbox 477 2266 538 2301; x_wconf 88' lang='lat' dir='ltr'><strong>ipso</strong></span> <span class='ocrx_word' id='word_1_316' title='bbox 559 2265 705 2294; x_wconf 86' lang='lat' dir='ltr'><strong>Servatore</strong></span> <span class='ocrx_word' id='word_1_317' title='bbox 726 2271 819 2295; x_wconf 89' lang='lat' dir='ltr'><strong>nostro</strong></span> <span class='ocrx_word' id='word_1_318' title='bbox 838 2267 901 2296; x_wconf 82' lang='lat' dir='ltr'><strong>Jesu</strong></span> <span class='ocrx_word' id='word_1_319' title='bbox 921 2267 1030 2297; x_wconf 88' lang='lat' dir='ltr'><strong>Christo</strong></span> 
     </span>
    </p>
   </div>
   <div class='ocr_carea' id='block_1_50' title="bbox 242 2311 1031 2350">
    <p class='ocr_par' dir='ltr' id='par_1_50' title="bbox 242 2311 1031 2350">
     <span class='ocr_line' id='line_1_50' title="bbox 242 2311 1031 2350; baseline 0.001 -9"><span class='ocrx_word' id='word_1_320' title='bbox 242 2312 331 2347; x_wconf 62' lang='lat' dir='ltr'><strong>«loeti</strong></span> <span class='ocrx_word' id='word_1_321' title='bbox 349 2312 450 2339; x_wconf 83' lang='lat' dir='ltr'><strong>inimus</strong></span> <span class='ocrx_word' id='word_1_322' title='bbox 464 2311 693 2346; x_wconf 89' lang='lat' dir='ltr'><strong>complementum</strong></span> <span class='ocrx_word' id='word_1_323' title='bbox 707 2320 768 2341; x_wconf 88' lang='lat' dir='ltr'><strong>esse</strong></span> <span class='ocrx_word' id='word_1_324' title='bbox 788 2313 932 2342; x_wconf 86' lang='lat' dir='ltr'><strong>Trinitatis</strong></span> <span class='ocrx_word' id='word_1_325' title='bbox 945 2315 1031 2350; x_wconf 86' lang='lat' dir='ltr'><strong>Spiri-</strong></span> 
     </span>
    </p>
   </div>
   <div class='ocr_carea' id='block_1_51' title="bbox 243 2356 1031 2393">
    <p class='ocr_par' dir='ltr' id='par_1_51' title="bbox 243 2356 1031 2393">
     <span class='ocr_line' id='line_1_51' title="bbox 243 2356 1031 2393; baseline 0.001 -8"><span class='ocrx_word' id='word_1_326' title='bbox 243 2365 301 2386; x_wconf 84' lang='lat' dir='ltr'><strong>tum</strong></span> <span class='ocrx_word' id='word_1_327' title='bbox 317 2363 450 2385; x_wconf 85' lang='lat' dir='ltr'><strong>sanctum.</strong></span> <span class='ocrx_word' id='word_1_328' title='bbox 467 2365 476 2383; x_wconf 83' lang='lat' dir='ltr'><strong>t</strong></span> <span class='ocrx_word' id='word_1_329' title='bbox 493 2356 596 2384; x_wconf 85' lang='lat' dir='ltr'><strong>Euntes</strong></span> <span class='ocrx_word' id='word_1_330' title='bbox 613 2357 696 2390; x_wconf 82' lang='lat' dir='ltr'><strong>enim,</strong></span> <span class='ocrx_word' id='word_1_331' title='bbox 712 2358 811 2393; x_wconf 83' lang='lat' dir='ltr'><strong>inquit,</strong></span> <span class='ocrx_word' id='word_1_332' title='bbox 828 2360 923 2388; x_wconf 84' lang='lat' dir='ltr'><strong>docete</strong></span> <span class='ocrx_word' id='word_1_333' title='bbox 936 2368 1031 2389; x_wconf 82' lang='lat' dir='ltr'><strong>omnes</strong></span> 
     </span>
    </p>
   </div>
   <div class='ocr_carea' id='block_1_52' title="bbox 243 2401 1032 2438">
    <p class='ocr_par' dir='ltr' id='par_1_52' title="bbox 243 2401 1032 2438">
     <span class='ocr_line' id='line_1_52' title="bbox 243 2401 1032 2438; baseline 0.005 -8"><span class='ocrx_word' id='word_1_334' title='bbox 243 2407 349 2438; x_wconf 68' lang='lat' dir='ltr'><strong>gentes,</strong></span> <span class='ocrx_word' id='word_1_335' title='bbox 367 2401 539 2437; x_wconf 87' lang='lat' dir='ltr'><strong>baptizantes</strong></span> <span class='ocrx_word' id='word_1_336' title='bbox 554 2409 600 2429; x_wconf 86' lang='lat' dir='ltr'><strong>eos</strong></span> <span class='ocrx_word' id='word_1_337' title='bbox 615 2401 642 2429; x_wconf 91' lang='lat' dir='ltr'><strong>in</strong></span> <span class='ocrx_word' id='word_1_338' title='bbox 663 2403 772 2430; x_wconf 83' lang='lat' dir='ltr'><strong>nomine</strong></span> <span class='ocrx_word' id='word_1_339' title='bbox 781 2403 871 2432; x_wconf 83' lang='lat' dir='ltr'><strong>Patris</strong></span> <span class='ocrx_word' id='word_1_340' title='bbox 885 2410 911 2432; x_wconf 89' lang='lat' dir='ltr'><strong>et</strong></span> <span class='ocrx_word' id='word_1_341' title='bbox 928 2405 988 2434; x_wconf 85' lang='lat' dir='ltr'><strong>Filii</strong></span> <span class='ocrx_word' id='word_1_342' title='bbox 1004 2411 1032 2434; x_wconf 85' lang='lat' dir='ltr'><strong>et</strong></span> 
     </span>
    </p>
   </div>
   <div class='ocr_carea' id='block_1_53' title="bbox 244 2447 1032 2488">
    <p class='ocr_par' dir='ltr' id='par_1_53' title="bbox 244 2447 1032 2488">
     <span class='ocr_line' id='line_1_53' title="bbox 244 2447 1032 2488; baseline 0.005 -12"><span class='ocrx_word' id='word_1_343' title='bbox 244 2448 363 2484; x_wconf 74' lang='lat' dir='ltr'><strong>Spiritus</strong></span> <span class='ocrx_word' id='word_1_344' title='bbox 379 2447 467 2475; x_wconf 84' lang='lat' dir='ltr'><strong>sancti</strong></span> <span class='ocrx_word' id='word_1_345' title='bbox 479 2447 512 2474; x_wconf 76' lang='lat'><strong>&quot;.</strong></span> <span class='ocrx_word' id='word_1_346' title='bbox 530 2457 540 2474; x_wconf 73' lang='grc' dir='ltr'>ι</span> <span class='ocrx_word' id='word_1_347' title='bbox 556 2447 642 2476; x_wconf 82' lang='grc' dir='ltr'>Ροιτο</span> <span class='ocrx_word' id='word_1_348' title='bbox 652 2456 732 2484; x_wconf 90' lang='lat' dir='ltr'><strong>quem</strong></span> <span class='ocrx_word' id='word_1_349' title='bbox 742 2457 803 2477; x_wconf 91' lang='lat' dir='ltr'><strong>cum</strong></span> <span class='ocrx_word' id='word_1_350' title='bbox 817 2449 897 2479; x_wconf 83' lang='lat' dir='ltr'><strong>Patre</strong></span> <span class='ocrx_word' id='word_1_351' title='bbox 909 2451 1032 2488; x_wconf 86' lang='lat' dir='ltr'><strong>Filioque</strong></span> 
     </span>
    </p>
   </div>
   <div class='ocr_carea' id='block_1_54' title="bbox 243 2493 1030 2531">
    <p class='ocr_par' dir='ltr' id='par_1_54' title="bbox 243 2493 1030 2531">
     <span class='ocr_line' id='line_1_54' title="bbox 243 2493 1030 2531; baseline 0.004 -9"><span class='ocrx_word' id='word_1_352' title='bbox 243 2493 418 2527; x_wconf 75' lang='lat' dir='ltr'><strong>conﬁtemur,</strong></span> <span class='ocrx_word' id='word_1_353' title='bbox 433 2494 458 2521; x_wconf 86' lang='lat' dir='ltr'><strong>is</strong></span> <span class='ocrx_word' id='word_1_354' title='bbox 472 2494 544 2522; x_wconf 91' lang='lat' dir='ltr'><strong>omni</strong></span> <span class='ocrx_word' id='word_1_355' title='bbox 562 2494 600 2522; x_wconf 85' lang='lat' dir='ltr'><strong>rei</strong></span> <span class='ocrx_word' id='word_1_356' title='bbox 617 2500 718 2523; x_wconf 71' lang='lat' dir='ltr'><strong>creata:</strong></span> <span class='ocrx_word' id='word_1_357' title='bbox 733 2497 859 2531; x_wconf 86' lang='lat' dir='ltr'><strong>superior</strong></span> <span class='ocrx_word' id='word_1_358' title='bbox 873 2503 924 2525; x_wconf 85' lang='lat' dir='ltr'><strong>est.</strong></span> <span class='ocrx_word' id='word_1_359' title='bbox 939 2498 1030 2531; x_wconf 77' lang='lat' dir='ltr'><strong>Quare</strong></span> 
     </span>
    </p>
   </div>
   <div class='ocr_carea' id='block_1_55' title="bbox 243 2539 1032 2578">
    <p class='ocr_par' dir='ltr' id='par_1_55' title="bbox 243 2539 1032 2578">
     <span class='ocr_line' id='line_1_55' title="bbox 243 2539 1032 2578; baseline 0.006 -11"><span class='ocrx_word' id='word_1_360' title='bbox 243 2545 272 2567; x_wconf 85' lang='lat' dir='ltr'><strong>et</strong></span> <span class='ocrx_word' id='word_1_361' title='bbox 287 2539 383 2568; x_wconf 81' lang='lat' dir='ltr'><strong>beatus</strong></span> <span class='ocrx_word' id='word_1_362' title='bbox 399 2539 497 2568; x_wconf 77' lang='lat' dir='ltr'><strong>Paulus</strong></span> <span class='ocrx_word' id='word_1_363' title='bbox 517 2549 577 2568; x_wconf 89' lang='lat' dir='ltr'><strong>cum</strong></span> <span class='ocrx_word' id='word_1_364' title='bbox 601 2541 686 2569; x_wconf 84' lang='lat' dir='ltr'><strong>Patre</strong></span> <span class='ocrx_word' id='word_1_365' title='bbox 701 2542 788 2576; x_wconf 90' lang='lat' dir='ltr'><strong>ipsum</strong></span> <span class='ocrx_word' id='word_1_366' title='bbox 806 2542 931 2578; x_wconf 74' lang='lat' dir='ltr'><strong>Filioque</strong></span> <span class='ocrx_word' id='word_1_367' title='bbox 943 2545 1032 2572; x_wconf 88' lang='lat' dir='ltr'><strong>conti-</strong></span> 
     </span>
    </p>
   </div>
   <div class='ocr_carea' id='block_1_56' title="bbox 244 2587 1031 2624">
    <p class='ocr_par' dir='ltr' id='par_1_56' title="bbox 244 2587 1031 2624">
     <span class='ocr_line' id='line_1_56' title="bbox 244 2587 1031 2624; baseline 0.005 -10"><span class='ocrx_word' id='word_1_368' title='bbox 244 2592 326 2614; x_wconf 80' lang='lat' dir='ltr'><strong>nuata</strong></span> <span class='ocrx_word' id='word_1_369' title='bbox 352 2587 425 2614; x_wconf 84' lang='lat' dir='ltr'><strong>serie</strong></span> <span class='ocrx_word' id='word_1_370' title='bbox 446 2587 595 2622; x_wconf 61' lang='lat' dir='ltr'><strong>pradicat:</strong></span> <span class='ocrx_word' id='word_1_371' title='bbox 616 2596 625 2612; x_wconf 74' lang='grc' dir='ltr'>ι</span> <span class='ocrx_word' id='word_1_372' title='bbox 645 2587 736 2615; x_wconf 82' lang='lat' dir='ltr'><strong>Gratia</strong></span> <span class='ocrx_word' id='word_1_373' title='bbox 752 2589 836 2622; x_wconf 89' lang='lat' dir='ltr'><strong>enim,</strong></span> <span class='ocrx_word' id='word_1_374' title='bbox 855 2589 954 2624; x_wconf 79' lang='lat' dir='ltr'><strong>inquit,</strong></span> <span class='ocrx_word' id='word_1_375' title='bbox 980 2591 1031 2618; x_wconf 90' lang='lat' dir='ltr'><strong>Do-</strong></span> 
     </span>
    </p>
   </div>
   <div class='ocr_carea' id='block_1_57' title="bbox 244 2633 1032 2671">
    <p class='ocr_par' dir='ltr' id='par_1_57' title="bbox 244 2633 1032 2671">
     <span class='ocr_line' id='line_1_57' title="bbox 244 2633 1032 2671; baseline 0.004 -10"><span class='ocrx_word' id='word_1_376' title='bbox 244 2635 310 2671; x_wconf 68' lang='lat' dir='ltr'><strong>tnini</strong></span> <span class='ocrx_word' id='word_1_377' title='bbox 324 2634 410 2662; x_wconf 90' lang='lat' dir='ltr'><strong>nostri</strong></span> <span class='ocrx_word' id='word_1_378' title='bbox 422 2633 487 2663; x_wconf 84' lang='lat' dir='ltr'><strong>Jesu</strong></span> <span class='ocrx_word' id='word_1_379' title='bbox 505 2633 618 2666; x_wconf 85' lang='lat' dir='ltr'><strong>Christi,</strong></span> <span class='ocrx_word' id='word_1_380' title='bbox 633 2637 660 2660; x_wconf 90' lang='lat' dir='ltr'><strong>et</strong></span> <span class='ocrx_word' id='word_1_381' title='bbox 675 2633 795 2661; x_wconf 79' lang='lat' dir='ltr'><strong>cbaritas</strong></span> <span class='ocrx_word' id='word_1_382' title='bbox 819 2634 864 2662; x_wconf 87' lang='lat' dir='ltr'><strong>Dei</strong></span> <span class='ocrx_word' id='word_1_383' title='bbox 885 2634 985 2669; x_wconf 83' lang='lat' dir='ltr'><strong>Patris,</strong></span> <span class='ocrx_word' id='word_1_384' title='bbox 1003 2641 1032 2664; x_wconf 89' lang='lat' dir='ltr'><strong>et</strong></span> 
     </span>
    </p>
   </div>
   <div class='ocr_carea' id='block_1_58' title="bbox 282 2689 1076 2751">
    <p class='ocr_par' dir='ltr' id='par_1_58' title="bbox 282 2689 1076 2751">
     <span class='ocr_line' id='line_1_58' title="bbox 282 2689 1076 2751; baseline 0.003 -8"><span class='ocrx_word' id='word_1_385' title='bbox 282 2716 304 2743; x_wconf 62' lang='grc' dir='ltr'><strong><em>υ</em></strong></span> <span class='ocrx_word' id='word_1_386' title='bbox 317 2715 394 2743; x_wconf 81' lang='lat' dir='ltr'><strong>Joan.</strong></span> <span class='ocrx_word' id='word_1_387' title='bbox 408 2722 475 2748; x_wconf 80' lang='lat' dir='ltr'><strong>xv&quot;,</strong></span> <span class='ocrx_word' id='word_1_388' title='bbox 493 2713 519 2742; x_wconf 85' lang='lat'><strong>6.</strong></span> <span class='ocrx_word' id='word_1_389' title='bbox 559 2714 580 2730; x_wconf 76' lang='lat'>“</span> <span class='ocrx_word' id='word_1_390' title='bbox 595 2714 659 2742; x_wconf 79' lang='lat' dir='ltr'><strong>ibid.</strong></span> <span class='ocrx_word' id='word_1_391' title='bbox 676 2714 720 2741; x_wconf 84' lang='grc'><strong>10.</strong></span> <span class='ocrx_word' id='word_1_392' title='bbox 758 2715 780 2730; x_wconf 73' lang='grc'><strong>⁸⁷</strong></span> <span class='ocrx_word' id='word_1_393' title='bbox 796 2715 890 2743; x_wconf 84' lang='lat' dir='ltr'><strong>Matth.</strong></span> <span class='ocrx_word' id='word_1_394' title='bbox 907 2689 1006 2751; x_wconf 55' lang='lat' dir='ltr'><strong>XXVIII;</strong></span> <span class='ocrx_word' id='word_1_395' title='bbox 1023 2706 1076 2745; x_wconf 26' lang='lat' dir='ltr'><strong>i9.‘</strong></span> 
     </span>
    </p>
   </div>
   <div class='ocr_carea' id='block_1_59' title="bbox 1104 256 1877 295">
    <p class='ocr_par' dir='ltr' id='par_1_59' title="bbox 1104 256 1877 295">
     <span class='ocr_line' id='line_1_59' title="bbox 1104 256 1877 295; baseline 0 -10"><span class='ocrx_word' id='word_1_396' title='bbox 1104 256 1172 290; x_wconf 77' lang='grc' dir='ltr'>Εἶτα</span> <span class='ocrx_word' id='word_1_397' title='bbox 1184 258 1292 291; x_wconf 69' lang='grc' dir='ltr'>δεικνὺς</span> <span class='ocrx_word' id='word_1_398' title='bbox 1308 260 1346 292; x_wconf 82' lang='grc' dir='ltr'>ὡς</span> <span class='ocrx_word' id='word_1_399' title='bbox 1357 260 1387 289; x_wconf 82' lang='grc' dir='ltr'>οὐ</span> <span class='ocrx_word' id='word_1_400' title='bbox 1405 259 1485 295; x_wconf 86' lang='grc' dir='ltr'>μόνον</span> <span class='ocrx_word' id='word_1_401' title='bbox 1497 259 1650 293; x_wconf 74' lang='grc' dir='ltr'>δοξάζεται,</span> <span class='ocrx_word' id='word_1_402' title='bbox 1668 259 1741 290; x_wconf 78' lang='grc' dir='ltr'><strong>ἀλλά</strong></span> <span class='ocrx_word' id='word_1_403' title='bbox 1762 259 1816 286; x_wconf 80' lang='grc' dir='ltr'>καὶ</span> <span class='ocrx_word' id='word_1_404' title='bbox 1834 258 1877 285; x_wconf 68' lang='lat'><strong>50-</strong></span> 
     </span>
    </p>
   </div>
   <div class='ocr_carea' id='block_1_60' title="bbox 1070 304 1879 341">
    <p class='ocr_par' dir='ltr' id='par_1_60' title="bbox 1070 304 1879 341">
     <span class='ocr_line' id='line_1_60' title="bbox 1070 304 1879 341; baseline -0.004 -9"><span class='ocrx_word' id='word_1_405' title='bbox 1070 305 1160 340; x_wconf 83' lang='grc' dir='ltr'>ξάζει,</span> <span class='ocrx_word' id='word_1_406' title='bbox 1174 306 1333 341; x_wconf 70' lang='grc' dir='ltr'>ἐπήγαγεν·</span> <span class='ocrx_word' id='word_1_407' title='bbox 1351 315 1361 332; x_wconf 78' lang='grc' dir='ltr'>ι</span> <span class='ocrx_word' id='word_1_408' title='bbox 1379 305 1555 341; x_wconf 80' lang='grc' dir='ltr'><strong>Ἐφανέρωσά</strong></span> <span class='ocrx_word' id='word_1_409' title='bbox 1572 313 1619 332; x_wconf 88' lang='grc' dir='ltr'><strong>σου</strong></span> <span class='ocrx_word' id='word_1_410' title='bbox 1646 304 1679 331; x_wconf 71' lang='grc' dir='ltr'><strong>τὸ</strong></span> <span class='ocrx_word' id='word_1_411' title='bbox 1697 305 1791 339; x_wconf 66' lang='grc' dir='ltr'>δνομα</span> <span class='ocrx_word' id='word_1_412' title='bbox 1818 305 1879 334; x_wconf 71' lang='grc' dir='ltr'>τοῖς</span> 
     </span>
    </p>
   </div>
   <div class='ocr_carea' id='block_1_61' title="bbox 1070 348 1878 387">
    <p class='ocr_par' dir='ltr' id='par_1_61' title="bbox 1070 348 1878 387">
     <span class='ocr_line' id='line_1_61' title="bbox 1070 348 1878 387; baseline -0.004 -10"><span class='ocrx_word' id='word_1_413' title='bbox 1070 350 1234 386; x_wconf 70' lang='grc' dir='ltr'>ἁνθριὶητοις.</span> <span class='ocrx_word' id='word_1_414' title='bbox 1252 360 1261 377; x_wconf 76' lang='grc' dir='ltr'>ι</span> <span class='ocrx_word' id='word_1_415' title='bbox 1275 350 1331 377; x_wconf 82' lang='grc' dir='ltr'><strong>Καὶ</strong></span> <span class='ocrx_word' id='word_1_416' title='bbox 1343 350 1401 387; x_wconf 86' lang='grc' dir='ltr'>μετ’</span> <span class='ocrx_word' id='word_1_417' title='bbox 1412 350 1489 385; x_wconf 81' lang='grc' dir='ltr'><strong>ὀλίγα</strong></span> <span class='ocrx_word' id='word_1_418' title='bbox 1503 350 1556 378; x_wconf 84' lang='grc' dir='ltr'><strong>τῶν</strong></span> <span class='ocrx_word' id='word_1_419' title='bbox 1569 350 1718 386; x_wconf 81' lang='grc' dir='ltr'>αἱρετικῶν</span> <span class='ocrx_word' id='word_1_420' title='bbox 1737 348 1878 384; x_wconf 71' lang='grc' dir='ltr'>ἐμφράτ-</span> 
     </span>
    </p>
   </div>
   <div class='ocr_carea' id='block_1_62' title="bbox 1069 395 1878 433">
    <p class='ocr_par' dir='ltr' id='par_1_62' title="bbox 1069 395 1878 433">
     <span class='ocr_line' id='line_1_62' title="bbox 1069 395 1878 433; baseline -0.005 -10"><span class='ocrx_word' id='word_1_421' title='bbox 1069 404 1123 424; x_wconf 87' lang='grc' dir='ltr'>των</span> <span class='ocrx_word' id='word_1_422' title='bbox 1139 396 1176 424; x_wconf 77' lang='grc' dir='ltr'>τὰ</span> <span class='ocrx_word' id='word_1_423' title='bbox 1195 397 1332 433; x_wconf 57' lang='lat' dir='ltr'><strong>aeditua-</strong></span> <span class='ocrx_word' id='word_1_424' title='bbox 1356 405 1365 423; x_wconf 83' lang='lat' dir='ltr'><strong>t</strong></span> <span class='ocrx_word' id='word_1_425' title='bbox 1378 396 1418 423; x_wconf 81' lang='grc' dir='ltr'><strong>Τὰ</strong></span> <span class='ocrx_word' id='word_1_426' title='bbox 1440 397 1503 432; x_wconf 81' lang='grc' dir='ltr'>ὲμὰ,</span> <span class='ocrx_word' id='word_1_427' title='bbox 1519 396 1596 432; x_wconf 72' lang='grc' dir='ltr'>φησι,</span> <span class='ocrx_word' id='word_1_428' title='bbox 1618 397 1711 425; x_wconf 83' lang='grc' dir='ltr'>πάντα</span> <span class='ocrx_word' id='word_1_429' title='bbox 1734 395 1774 426; x_wconf 77' lang='grc' dir='ltr'>σά</span> <span class='ocrx_word' id='word_1_430' title='bbox 1799 396 1878 424; x_wconf 77' lang='grc' dir='ltr'>ἐστι,</span> 
     </span>
    </p>
   </div>
   <div class='ocr_carea' id='block_1_63' title="bbox 1071 440 1877 479">
    <p class='ocr_par' dir='ltr' id='par_1_63' title="bbox 1071 440 1877 479">
     <span class='ocr_line' id='line_1_63' title="bbox 1071 440 1877 479; baseline -0.007 -8"><span class='ocrx_word' id='word_1_431' title='bbox 1071 443 1119 471; x_wconf 74' lang='grc' dir='ltr'>καὶ</span> <span class='ocrx_word' id='word_1_432' title='bbox 1130 442 1164 470; x_wconf 72' lang='grc' dir='ltr'>τὰ</span> <span class='ocrx_word' id='word_1_433' title='bbox 1182 443 1217 471; x_wconf 79' lang='grc' dir='ltr'><strong>σὰ</strong></span> <span class='ocrx_word' id='word_1_434' title='bbox 1227 442 1298 479; x_wconf 74' lang='grc' dir='ltr'><strong>ἐμά·</strong></span> <span class='ocrx_word' id='word_1_435' title='bbox 1315 452 1324 470; x_wconf 73' lang='grc' dir='ltr'>ι</span> <span class='ocrx_word' id='word_1_436' title='bbox 1343 443 1372 470; x_wconf 87' lang='grc' dir='ltr'>οὺ</span> <span class='ocrx_word' id='word_1_437' title='bbox 1393 442 1442 478; x_wconf 76' lang='grc' dir='ltr'>τὴν</span> <span class='ocrx_word' id='word_1_438' title='bbox 1456 443 1548 478; x_wconf 84' lang='grc' dir='ltr'>κοινὴν</span> <span class='ocrx_word' id='word_1_439' title='bbox 1562 441 1675 477; x_wconf 82' lang='grc' dir='ltr'>διαιρῶν</span> <span class='ocrx_word' id='word_1_440' title='bbox 1688 440 1877 473; x_wconf 69' lang='grc' dir='ltr'>δεσποτείαν.</span> 
     </span>
    </p>
   </div>
   <div class='ocr_carea' id='block_1_64' title="bbox 1070 485 1877 524">
    <p class='ocr_par' dir='ltr' id='par_1_64' title="bbox 1070 485 1877 524">
     <span class='ocr_line' id='line_1_64' title="bbox 1070 485 1877 524; baseline -0.005 -9"><span class='ocrx_word' id='word_1_441' title='bbox 1070 489 1131 516; x_wconf 79' lang='grc' dir='ltr'>οὐδὲ</span> <span class='ocrx_word' id='word_1_442' title='bbox 1141 487 1224 524; x_wconf 71' lang='grc' dir='ltr'>ἕτερα</span> <span class='ocrx_word' id='word_1_443' title='bbox 1238 488 1267 515; x_wconf 75' lang='grc' dir='ltr'>δὲ</span> <span class='ocrx_word' id='word_1_444' title='bbox 1281 487 1316 515; x_wconf 87' lang='grc' dir='ltr'><strong>τὰ</strong></span> <span class='ocrx_word' id='word_1_445' title='bbox 1328 488 1368 523; x_wconf 80' lang='grc' dir='ltr'>τῷ</span> <span class='ocrx_word' id='word_1_446' title='bbox 1381 488 1468 524; x_wconf 62' lang='lat' dir='ltr'><strong>Harp).</strong></span> <span class='ocrx_word' id='word_1_447' title='bbox 1484 487 1646 524; x_wconf 81' lang='grc' dir='ltr'>διαφέροντα</span> <span class='ocrx_word' id='word_1_448' title='bbox 1668 487 1758 519; x_wconf 80' lang='grc' dir='ltr'>δεῖξαι</span> <span class='ocrx_word' id='word_1_449' title='bbox 1775 485 1877 518; x_wconf 75' lang='grc' dir='ltr'>βουλό-</span> 
     </span>
    </p>
   </div>
   <div class='ocr_carea' id='block_1_65' title="bbox 1073 532 1873 570">
    <p class='ocr_par' dir='ltr' id='par_1_65' title="bbox 1073 532 1873 570">
     <span class='ocr_line' id='line_1_65' title="bbox 1073 532 1873 570; baseline -0.005 -9"><span class='ocrx_word' id='word_1_450' title='bbox 1073 543 1153 570; x_wconf 86' lang='grc' dir='ltr'>μενος</span> <span class='ocrx_word' id='word_1_451' title='bbox 1164 543 1171 550; x_wconf 93' lang='grc'>·</span> <span class='ocrx_word' id='word_1_452' title='bbox 1182 534 1239 562; x_wconf 80' lang='grc' dir='ltr'>ἀλλ’</span> <span class='ocrx_word' id='word_1_453' title='bbox 1250 534 1344 570; x_wconf 70' lang='grc' dir='ltr'>ἐπειδὴ</span> <span class='ocrx_word' id='word_1_454' title='bbox 1358 535 1382 561; x_wconf 74' lang='lat' dir='ltr'><strong>oi</strong></span> <span class='ocrx_word' id='word_1_455' title='bbox 1395 535 1485 561; x_wconf 81' lang='grc' dir='ltr'>πᾶσαν</span> <span class='ocrx_word' id='word_1_456' title='bbox 1497 533 1656 569; x_wconf 81' lang='grc' dir='ltr'><strong>βλάσφημον</strong></span> <span class='ocrx_word' id='word_1_457' title='bbox 1666 532 1764 568; x_wconf 80' lang='grc' dir='ltr'>φωνὴν</span> <span class='ocrx_word' id='word_1_458' title='bbox 1776 532 1873 566; x_wconf 68' lang='grc' dir='ltr'><strong>ἀφιέψ</strong></span> 
     </span>
    </p>
   </div>
   <div class='ocr_carea' id='block_1_66' title="bbox 1071 577 1876 614">
    <p class='ocr_par' dir='ltr' id='par_1_66' title="bbox 1071 577 1876 614">
     <span class='ocr_line' id='line_1_66' title="bbox 1071 577 1876 614; baseline -0.006 -7"><span class='ocrx_word' id='word_1_459' title='bbox 1071 589 1117 612; x_wconf 83' lang='grc' dir='ltr'><strong>τες</strong></span> <span class='ocrx_word' id='word_1_460' title='bbox 1129 580 1200 608; x_wconf 85' lang='grc' dir='ltr'>κατὰ</span> <span class='ocrx_word' id='word_1_461' title='bbox 1213 580 1260 607; x_wconf 84' lang='grc' dir='ltr'>τοῦ</span> <span class='ocrx_word' id='word_1_462' title='bbox 1268 579 1448 614; x_wconf 81' lang='grc' dir='ltr'>Μονογενοῦς,</span> <span class='ocrx_word' id='word_1_463' title='bbox 1460 579 1540 607; x_wconf 73' lang='grc' dir='ltr'>αὑτὸν</span> <span class='ocrx_word' id='word_1_464' title='bbox 1556 579 1605 614; x_wconf 82' lang='grc' dir='ltr'>μὲν</span> <span class='ocrx_word' id='word_1_465' title='bbox 1620 579 1776 614; x_wconf 76' lang='grc' dir='ltr'>λαμϐάνειν</span> <span class='ocrx_word' id='word_1_466' title='bbox 1790 577 1876 612; x_wconf 73' lang='grc' dir='ltr'>φασὶ,</span> 
     </span>
    </p>
   </div>
   <div class='ocr_carea' id='block_1_67' title="bbox 1072 622 1875 661">
    <p class='ocr_par' dir='ltr' id='par_1_67' title="bbox 1072 622 1875 661">
     <span class='ocr_line' id='line_1_67' title="bbox 1072 622 1875 661; baseline -0.006 -8"><span class='ocrx_word' id='word_1_467' title='bbox 1072 626 1117 654; x_wconf 71' lang='grc' dir='ltr'><strong>τὸν</strong></span> <span class='ocrx_word' id='word_1_468' title='bbox 1133 626 1162 653; x_wconf 70' lang='grc' dir='ltr'>δὲ</span> <span class='ocrx_word' id='word_1_469' title='bbox 1173 626 1283 661; x_wconf 80' lang='grc' dir='ltr'><strong>Πατέρα</strong></span> <span class='ocrx_word' id='word_1_470' title='bbox 1301 625 1413 656; x_wconf 75' lang='grc' dir='ltr'>διδόναι.</span> <span class='ocrx_word' id='word_1_471' title='bbox 1429 625 1567 652; x_wconf 85' lang='grc' dir='ltr'>δείκνυσιν</span> <span class='ocrx_word' id='word_1_472' title='bbox 1582 625 1623 651; x_wconf 83' lang='grc' dir='ltr'>ὅτι</span> <span class='ocrx_word' id='word_1_473' title='bbox 1638 624 1689 659; x_wconf 82' lang='grc' dir='ltr'>τὴν</span> <span class='ocrx_word' id='word_1_474' title='bbox 1707 623 1799 658; x_wconf 80' lang='grc' dir='ltr'>αὐτὴν</span> <span class='ocrx_word' id='word_1_475' title='bbox 1817 622 1875 657; x_wconf 72' lang='grc' dir='ltr'>ἔχει</span> 
     </span>
    </p>
   </div>
   <div class='ocr_carea' id='block_1_68' title="bbox 1072 668 1874 708">
    <p class='ocr_par' dir='ltr' id='par_1_68' title="bbox 1072 668 1874 708">
     <span class='ocr_line' id='line_1_68' title="bbox 1072 668 1874 708; baseline -0.006 -10"><span class='ocrx_word' id='word_1_476' title='bbox 1072 671 1111 707; x_wconf 80' lang='grc' dir='ltr'>τῷ</span> <span class='ocrx_word' id='word_1_477' title='bbox 1126 672 1214 708; x_wconf 73' lang='grc' dir='ltr'>Πατρὶ</span> <span class='ocrx_word' id='word_1_478' title='bbox 1228 671 1283 698; x_wconf 85' lang='grc' dir='ltr'><strong>τῶν</strong></span> <span class='ocrx_word' id='word_1_479' title='bbox 1308 671 1437 698; x_wconf 83' lang='grc' dir='ltr'>ἁπάντων</span> <span class='ocrx_word' id='word_1_480' title='bbox 1451 670 1610 698; x_wconf 78' lang='grc' dir='ltr'><strong>δεσποτείαν</strong></span> <span class='ocrx_word' id='word_1_481' title='bbox 1620 678 1626 684; x_wconf 90' lang='grc'><strong>·</strong></span> <span class='ocrx_word' id='word_1_482' title='bbox 1643 678 1652 695; x_wconf 84' lang='grc' dir='ltr'>ι</span> <span class='ocrx_word' id='word_1_483' title='bbox 1670 669 1713 695; x_wconf 84' lang='grc' dir='ltr'><strong>Τὰ</strong></span> <span class='ocrx_word' id='word_1_484' title='bbox 1724 668 1786 704; x_wconf 79' lang='grc' dir='ltr'>γὰρ</span> <span class='ocrx_word' id='word_1_485' title='bbox 1804 668 1874 702; x_wconf 59' lang='lat' dir='ltr'><strong>sps,</strong></span> 
     </span>
    </p>
   </div>
   <div class='ocr_carea' id='block_1_69' title="bbox 1074 713 1873 754">
    <p class='ocr_par' dir='ltr' id='par_1_69' title="bbox 1074 713 1873 754">
     <span class='ocr_line' id='line_1_69' title="bbox 1074 713 1873 754; baseline -0.006 -9"><span class='ocrx_word' id='word_1_486' title='bbox 1074 718 1151 754; x_wconf 78' lang='grc' dir='ltr'>φησὶ,</span> <span class='ocrx_word' id='word_1_487' title='bbox 1165 718 1254 748; x_wconf 81' lang='grc' dir='ltr'>πάντα</span> <span class='ocrx_word' id='word_1_488' title='bbox 1269 717 1304 744; x_wconf 82' lang='grc' dir='ltr'><strong>σά</strong></span> <span class='ocrx_word' id='word_1_489' title='bbox 1319 718 1388 750; x_wconf 74' lang='grc' dir='ltr'>ἐστι,</span> <span class='ocrx_word' id='word_1_490' title='bbox 1402 716 1494 743; x_wconf 75' lang='grc' dir='ltr'>καὶτὰ</span> <span class='ocrx_word' id='word_1_491' title='bbox 1509 715 1543 742; x_wconf 76' lang='grc' dir='ltr'>σὰ</span> <span class='ocrx_word' id='word_1_492' title='bbox 1561 715 1633 751; x_wconf 78' lang='grc' dir='ltr'><strong>ἐμά’</strong></span> <span class='ocrx_word' id='word_1_493' title='bbox 1652 724 1662 741; x_wconf 71' lang='grc' dir='ltr'>ι</span> <span class='ocrx_word' id='word_1_494' title='bbox 1680 715 1712 741; x_wconf 81' lang='grc' dir='ltr'>οὐ</span> <span class='ocrx_word' id='word_1_495' title='bbox 1733 714 1787 750; x_wconf 78' lang='grc' dir='ltr'>τὴν</span> <span class='ocrx_word' id='word_1_496' title='bbox 1804 713 1873 741; x_wconf 85' lang='grc' dir='ltr'>διαί-</span> 
     </span>
    </p>
   </div>
   <div class='ocr_carea' id='block_1_70' title="bbox 1074 761 1873 801">
    <p class='ocr_par' dir='ltr' id='par_1_70' title="bbox 1074 761 1873 801">
     <span class='ocr_line' id='line_1_70' title="bbox 1074 761 1873 801; baseline -0.006 -9"><span class='ocrx_word' id='word_1_497' title='bbox 1074 773 1150 801; x_wconf 76' lang='grc' dir='ltr'>ρεσιν</span> <span class='ocrx_word' id='word_1_498' title='bbox 1163 765 1213 800; x_wconf 78' lang='grc' dir='ltr'><strong>τῆς</strong></span> <span class='ocrx_word' id='word_1_499' title='bbox 1224 763 1393 798; x_wconf 75' lang='grc' dir='ltr'><strong>δεσποτείας,</strong></span> <span class='ocrx_word' id='word_1_500' title='bbox 1410 761 1479 791; x_wconf 87' lang='grc' dir='ltr'>ἀλλὰ</span> <span class='ocrx_word' id='word_1_501' title='bbox 1493 761 1523 788; x_wconf 82' lang='grc' dir='ltr'>τὸ</span> <span class='ocrx_word' id='word_1_502' title='bbox 1542 762 1631 789; x_wconf 80' lang='grc' dir='ltr'>κοινὸν</span> <span class='ocrx_word' id='word_1_503' title='bbox 1644 763 1695 797; x_wconf 80' lang='grc' dir='ltr'><strong>τῆς</strong></span> <span class='ocrx_word' id='word_1_504' title='bbox 1706 761 1873 792; x_wconf 69' lang='grc' dir='ltr'><strong>δεσποτείας</strong></span> 
     </span>
    </p>
   </div>
   <div class='ocr_carea' id='block_1_71' title="bbox 1074 810 1220 838">
    <p class='ocr_par' dir='ltr' id='par_1_71' title="bbox 1074 810 1220 838">
     <span class='ocr_line' id='line_1_71' title="bbox 1074 810 1220 838; baseline -0.007 0"><span class='ocrx_word' id='word_1_505' title='bbox 1074 810 1220 838; x_wconf 84' lang='grc' dir='ltr'><strong>παιδεύων.</strong></span> 
     </span>
    </p>
   </div>
   <div class='ocr_carea' id='block_1_72' title="bbox 1116 897 1873 937">
    <p class='ocr_par' dir='ltr' id='par_1_72' title="bbox 1116 897 1873 937">
     <span class='ocr_line' id='line_1_72' title="bbox 1116 897 1873 937; baseline -0.011 -8"><span class='ocrx_word' id='word_1_506' title='bbox 1116 901 1196 928; x_wconf 80' lang='grc' dir='ltr'>Ἀλλὰ</span> <span class='ocrx_word' id='word_1_507' title='bbox 1209 901 1263 937; x_wconf 80' lang='grc' dir='ltr'><strong>γὰρ</strong></span> <span class='ocrx_word' id='word_1_508' title='bbox 1276 901 1322 928; x_wconf 78' lang='grc' dir='ltr'>τὸν</span> <span class='ocrx_word' id='word_1_509' title='bbox 1337 900 1415 935; x_wconf 83' lang='grc' dir='ltr'>λόγον</span> <span class='ocrx_word' id='word_1_510' title='bbox 1434 900 1474 931; x_wconf 85' lang='grc' dir='ltr'>είς</span> <span class='ocrx_word' id='word_1_511' title='bbox 1495 899 1581 935; x_wconf 79' lang='grc' dir='ltr'>μῆκος</span> <span class='ocrx_word' id='word_1_512' title='bbox 1596 898 1718 931; x_wconf 70' lang='grc' dir='ltr'>ἐξέτεινα</span> <span class='ocrx_word' id='word_1_513' title='bbox 1741 897 1791 923; x_wconf 70' lang='grc' dir='ltr'><strong>τὸν</strong></span> <span class='ocrx_word' id='word_1_514' title='bbox 1810 897 1873 930; x_wconf 82' lang='grc' dir='ltr'>περὶ</span> 
     </span>
    </p>
   </div>
   <div class='ocr_carea' id='block_1_73' title="bbox 1074 943 1872 982">
    <p class='ocr_par' dir='ltr' id='par_1_73' title="bbox 1074 943 1872 982">
     <span class='ocr_line' id='line_1_73' title="bbox 1074 943 1872 982; baseline -0.009 -7"><span class='ocrx_word' id='word_1_515' title='bbox 1074 947 1203 980; x_wconf 82' lang='grc' dir='ltr'>πίστεως,</span> <span class='ocrx_word' id='word_1_516' title='bbox 1216 948 1244 975; x_wconf 79' lang='grc' dir='ltr'>ὲν</span> <span class='ocrx_word' id='word_1_517' title='bbox 1259 946 1399 982; x_wconf 78' lang='grc' dir='ltr'><strong>κεφαλαίῳ</strong></span> <span class='ocrx_word' id='word_1_518' title='bbox 1420 945 1564 979; x_wconf 76' lang='grc' dir='ltr'><strong>διεξελθεῖν</strong></span> <span class='ocrx_word' id='word_1_519' title='bbox 1584 945 1648 980; x_wconf 84' lang='grc' dir='ltr'>ὅρον</span> <span class='ocrx_word' id='word_1_520' title='bbox 1658 945 1688 970; x_wconf 77' lang='grc' dir='ltr'>ὲν</span> <span class='ocrx_word' id='word_1_521' title='bbox 1700 943 1761 975; x_wconf 80' lang='grc' dir='ltr'>τοῖς</span> <span class='ocrx_word' id='word_1_522' title='bbox 1779 950 1872 978; x_wconf 75' lang='grc' dir='ltr'>προοι-</span> 
     </span>
    </p>
   </div>
   <div class='ocr_carea' id='block_1_74' title="bbox 1075 987 1872 1030">
    <p class='ocr_par' dir='ltr' id='par_1_74' title="bbox 1075 987 1872 1030">
     <span class='ocr_line' id='line_1_74' title="bbox 1075 987 1872 1030; baseline -0.01 -9"><span class='ocrx_word' id='word_1_523' title='bbox 1075 994 1148 1030; x_wconf 87' lang='grc' dir='ltr'>μίοις</span> <span class='ocrx_word' id='word_1_524' title='bbox 1169 992 1417 1028; x_wconf 77' lang='grc' dir='ltr'>ἐπαγγειλάμενος·</span> <span class='ocrx_word' id='word_1_525' title='bbox 1435 990 1518 1024; x_wconf 75' lang='grc' dir='ltr'>δεῖξαι</span> <span class='ocrx_word' id='word_1_526' title='bbox 1533 990 1586 1026; x_wconf 81' lang='grc' dir='ltr'><strong>γὰρ</strong></span> <span class='ocrx_word' id='word_1_527' title='bbox 1604 988 1752 1025; x_wconf 76' lang='grc' dir='ltr'>βουληθεὶς</span> <span class='ocrx_word' id='word_1_528' title='bbox 1772 989 1808 1014; x_wconf 78' lang='grc' dir='ltr'>ἐκ</span> <span class='ocrx_word' id='word_1_529' title='bbox 1826 987 1872 1021; x_wconf 72' lang='grc' dir='ltr'>τῆς</span> 
     </span>
    </p>
   </div>
   <div class='ocr_carea' id='block_1_75' title="bbox 1074 1034 1871 1076">
    <p class='ocr_par' dir='ltr' id='par_1_75' title="bbox 1074 1034 1871 1076">
     <span class='ocr_line' id='line_1_75' title="bbox 1074 1034 1871 1076; baseline -0.009 -9"><span class='ocrx_word' id='word_1_530' title='bbox 1074 1039 1255 1076; x_wconf 67' lang='grc' dir='ltr'>εὒαηελικῆς</span> <span class='ocrx_word' id='word_1_531' title='bbox 1276 1036 1452 1069; x_wconf 82' lang='grc' dir='ltr'><strong>διδασκαλίας</strong></span> <span class='ocrx_word' id='word_1_532' title='bbox 1467 1036 1514 1064; x_wconf 77' lang='grc' dir='ltr'>τοῦ</span> <span class='ocrx_word' id='word_1_533' title='bbox 1529 1034 1703 1070; x_wconf 80' lang='grc' dir='ltr'>Μονογενοῦς</span> <span class='ocrx_word' id='word_1_534' title='bbox 1718 1034 1773 1070; x_wconf 78' lang='grc' dir='ltr'>τὴν</span> <span class='ocrx_word' id='word_1_535' title='bbox 1785 1034 1871 1067; x_wconf 75' lang='grc' dir='ltr'>ἀξίαν,</span> 
     </span>
    </p>
   </div>
   <div class='ocr_carea' id='block_1_76' title="bbox 1077 1080 1870 1123">
    <p class='ocr_par' dir='ltr' id='par_1_76' title="bbox 1077 1080 1870 1123">
     <span class='ocr_line' id='line_1_76' title="bbox 1077 1080 1870 1123; baseline -0.01 -9"><span class='ocrx_word' id='word_1_536' title='bbox 1077 1086 1245 1123; x_wconf 80' lang='grc' dir='ltr'><strong>μακρότερον</strong></span> <span class='ocrx_word' id='word_1_537' title='bbox 1259 1085 1308 1121; x_wconf 82' lang='grc' dir='ltr'><strong>τῆς</strong></span> <span class='ocrx_word' id='word_1_538' title='bbox 1321 1084 1497 1119; x_wconf 79' lang='grc' dir='ltr'><strong>ὑποσχέσεως</strong></span> <span class='ocrx_word' id='word_1_539' title='bbox 1513 1081 1690 1118; x_wconf 80' lang='grc' dir='ltr'><strong>εἰργασάμην</strong></span> <span class='ocrx_word' id='word_1_540' title='bbox 1713 1080 1765 1108; x_wconf 75' lang='grc' dir='ltr'><strong>τὸν</strong></span> <span class='ocrx_word' id='word_1_541' title='bbox 1778 1080 1870 1114; x_wconf 74' lang='grc' dir='ltr'>λόγον·</span> 
     </span>
    </p>
   </div>
   <div class='ocr_carea' id='block_1_77' title="bbox 1076 1126 1872 1166">
    <p class='ocr_par' dir='ltr' id='par_1_77' title="bbox 1076 1126 1872 1166">
     <span class='ocr_line' id='line_1_77' title="bbox 1076 1126 1872 1166; baseline -0.011 -6"><span class='ocrx_word' id='word_1_542' title='bbox 1076 1131 1223 1160; x_wconf 77' lang='grc' dir='ltr'>καὶταῦτα</span> <span class='ocrx_word' id='word_1_543' title='bbox 1240 1129 1423 1166; x_wconf 79' lang='grc' dir='ltr'><strong>βραχυλογίας</strong></span> <span class='ocrx_word' id='word_1_544' title='bbox 1441 1129 1471 1155; x_wconf 81' lang='grc' dir='ltr'>ὲν</span> <span class='ocrx_word' id='word_1_545' title='bbox 1495 1129 1554 1160; x_wconf 87' lang='grc' dir='ltr'>ταῖς</span> <span class='ocrx_word' id='word_1_546' title='bbox 1571 1126 1738 1163; x_wconf 77' lang='grc' dir='ltr'>ἑρμηνείαις</span> <span class='ocrx_word' id='word_1_547' title='bbox 1755 1134 1872 1161; x_wconf 75' lang='grc' dir='ltr'>πεφρον-</span> 
     </span>
    </p>
   </div>
   <div class='ocr_carea' id='block_1_78' title="bbox 1074 1170 1873 1209">
    <p class='ocr_par' dir='ltr' id='par_1_78' title="bbox 1074 1170 1873 1209">
     <span class='ocr_line' id='line_1_78' title="bbox 1074 1170 1873 1209; baseline -0.013 -3"><span class='ocrx_word' id='word_1_548' title='bbox 1074 1177 1169 1209; x_wconf 83' lang='grc' dir='ltr'>τικώς,</span> <span class='ocrx_word' id='word_1_549' title='bbox 1183 1177 1230 1208; x_wconf 71' lang='grc' dir='ltr'>Εἰς</span> <span class='ocrx_word' id='word_1_550' title='bbox 1244 1175 1329 1207; x_wconf 77' lang='grc' dir='ltr'>αὑτὰς</span> <span class='ocrx_word' id='word_1_551' title='bbox 1339 1174 1428 1202; x_wconf 79' lang='grc' dir='ltr'>τοίνυν</span> <span class='ocrx_word' id='word_1_552' title='bbox 1443 1173 1493 1205; x_wconf 82' lang='grc' dir='ltr'><strong>τὰς</strong></span> <span class='ocrx_word' id='word_1_553' title='bbox 1505 1171 1688 1207; x_wconf 81' lang='grc' dir='ltr'>εὐαγγελικὰς</span> <span class='ocrx_word' id='word_1_554' title='bbox 1701 1170 1818 1206; x_wconf 77' lang='grc' dir='ltr'>βίϐλους</span> <span class='ocrx_word' id='word_1_555' title='bbox 1831 1171 1873 1198; x_wconf 81' lang='grc' dir='ltr'>καὶ</span> 
     </span>
    </p>
   </div>
   <div class='ocr_carea' id='block_1_79' title="bbox 1075 1214 1873 1261">
    <p class='ocr_par' dir='ltr' id='par_1_79' title="bbox 1075 1214 1873 1261">
     <span class='ocr_line' id='line_1_79' title="bbox 1075 1214 1873 1261; baseline -0.011 -9"><span class='ocrx_word' id='word_1_556' title='bbox 1075 1223 1248 1261; x_wconf 64' lang='grc' dir='ltr'>προφητικὰς</span> <span class='ocrx_word' id='word_1_557' title='bbox 1262 1222 1325 1254; x_wconf 82' lang='grc' dir='ltr'>τοὺς</span> <span class='ocrx_word' id='word_1_558' title='bbox 1338 1220 1461 1252; x_wconf 77' lang='grc' dir='ltr'>εὐσεϐεῖς</span> <span class='ocrx_word' id='word_1_559' title='bbox 1473 1219 1584 1255; x_wconf 77' lang='grc' dir='ltr'>πέμψας</span> <span class='ocrx_word' id='word_1_560' title='bbox 1594 1218 1711 1254; x_wconf 78' lang='grc' dir='ltr'>(μεσταὶ</span> <span class='ocrx_word' id='word_1_561' title='bbox 1726 1217 1786 1253; x_wconf 78' lang='grc' dir='ltr'><strong>γὰρ</strong></span> <span class='ocrx_word' id='word_1_562' title='bbox 1798 1214 1873 1244; x_wconf 69' lang='grc' dir='ltr'>αὗται</span> 
     </span>
    </p>
   </div>
   <div class='ocr_carea' id='block_1_80' title="bbox 1075 1263 1872 1305">
    <p class='ocr_par' dir='ltr' id='par_1_80' title="bbox 1075 1263 1872 1305">
     <span class='ocr_line' id='line_1_80' title="bbox 1075 1263 1872 1305; baseline -0.009 -8"><span class='ocrx_word' id='word_1_563' title='bbox 1075 1270 1123 1305; x_wconf 83' lang='grc' dir='ltr'><strong>τῆς</strong></span> <span class='ocrx_word' id='word_1_564' title='bbox 1137 1267 1276 1302; x_wconf 82' lang='grc' dir='ltr'>θεολογίας</span> <span class='ocrx_word' id='word_1_565' title='bbox 1286 1265 1334 1293; x_wconf 78' lang='grc' dir='ltr'><strong>τοῦ</strong></span> <span class='ocrx_word' id='word_1_566' title='bbox 1351 1265 1441 1301; x_wconf 82' lang='grc' dir='ltr'>Υίοῦ),</span> <span class='ocrx_word' id='word_1_567' title='bbox 1454 1265 1501 1295; x_wconf 65' lang='grc' dir='ltr'><strong>ἐπὶ</strong></span> <span class='ocrx_word' id='word_1_568' title='bbox 1522 1263 1572 1301; x_wconf 71' lang='grc' dir='ltr'>τὴν</span> <span class='ocrx_word' id='word_1_569' title='bbox 1596 1263 1792 1302; x_wconf 73' lang='grc' dir='ltr'>προκειμένην</span> <span class='ocrx_word' id='word_1_570' title='bbox 1812 1263 1872 1291; x_wconf 79' lang='grc' dir='ltr'>ἀκο-</span> 
     </span>
    </p>
   </div>
   <div class='ocr_carea' id='block_1_81' title="bbox 1076 1313 1356 1350">
    <p class='ocr_par' dir='ltr' id='par_1_81' title="bbox 1076 1313 1356 1350">
     <span class='ocr_line' id='line_1_81' title="bbox 1076 1313 1356 1350; baseline -0.007 -7"><span class='ocrx_word' id='word_1_571' title='bbox 1076 1314 1187 1343; x_wconf 81' lang='grc' dir='ltr'>λουθίαν</span> <span class='ocrx_word' id='word_1_572' title='bbox 1201 1313 1356 1350; x_wconf 78' lang='grc' dir='ltr'><strong>βαδιοῦμαι.</strong></span> 
     </span>
    </p>
   </div>
   <div class='ocr_carea' id='block_1_82' title="bbox 1216 1413 1730 1449">
    <p class='ocr_par' dir='ltr' id='par_1_82' title="bbox 1216 1413 1730 1449">
     <span class='ocr_line' id='line_1_82' title="bbox 1216 1413 1730 1449; baseline -0.008 -7"><span class='ocrx_word' id='word_1_573' title='bbox 1216 1414 1268 1442; x_wconf 81' lang='grc' dir='ltr'><strong>ΙΘ⁴.</strong></span> <span class='ocrx_word' id='word_1_574' title='bbox 1289 1414 1360 1449; x_wconf 78' lang='grc' dir='ltr'>Περὶ</span> <span class='ocrx_word' id='word_1_575' title='bbox 1371 1413 1424 1441; x_wconf 80' lang='grc' dir='ltr'>τοῦ</span> <span class='ocrx_word' id='word_1_576' title='bbox 1439 1413 1525 1448; x_wconf 79' lang='grc' dir='ltr'>ἁγίου</span> <span class='ocrx_word' id='word_1_577' title='bbox 1541 1413 1730 1448; x_wconf 80' lang='grc' dir='ltr'><strong>Πνεύματος.</strong></span> 
     </span>
    </p>
   </div>
   <div class='ocr_carea' id='block_1_83' title="bbox 1115 1468 1872 1509">
    <p class='ocr_par' dir='ltr' id='par_1_83' title="bbox 1115 1468 1872 1509">
     <span class='ocr_line' id='line_1_83' title="bbox 1115 1468 1872 1509; baseline -0.008 -9"><span class='ocrx_word' id='word_1_578' title='bbox 1115 1472 1283 1509; x_wconf 80' lang='grc' dir='ltr'>Πιστεύομεν</span> <span class='ocrx_word' id='word_1_579' title='bbox 1297 1472 1407 1504; x_wconf 83' lang='grc' dir='ltr'>τοίνυν,</span> <span class='ocrx_word' id='word_1_580' title='bbox 1432 1471 1471 1504; x_wconf 78' lang='grc' dir='ltr'><strong>ὡς</strong></span> <span class='ocrx_word' id='word_1_581' title='bbox 1495 1472 1574 1507; x_wconf 75' lang='grc' dir='ltr'>ἔφην,</span> <span class='ocrx_word' id='word_1_582' title='bbox 1598 1470 1639 1502; x_wconf 82' lang='grc' dir='ltr'>είς</span> <span class='ocrx_word' id='word_1_583' title='bbox 1667 1469 1738 1497; x_wconf 85' lang='grc' dir='ltr'>Θεδν</span> <span class='ocrx_word' id='word_1_584' title='bbox 1766 1468 1872 1503; x_wconf 67' lang='grc' dir='ltr'>Πατέρα</span> 
     </span>
    </p>
   </div>
   <div class='ocr_carea' id='block_1_84' title="bbox 1077 1515 1871 1557">
    <p class='ocr_par' dir='ltr' id='par_1_84' title="bbox 1077 1515 1871 1557">
     <span class='ocr_line' id='line_1_84' title="bbox 1077 1515 1871 1557; baseline -0.008 -10"><span class='ocrx_word' id='word_1_585' title='bbox 1077 1520 1206 1557; x_wconf 72' lang='grc' dir='ltr'>ἄναρχον,</span> <span class='ocrx_word' id='word_1_586' title='bbox 1218 1520 1266 1547; x_wconf 80' lang='grc' dir='ltr'>καὶ</span> <span class='ocrx_word' id='word_1_587' title='bbox 1281 1521 1320 1552; x_wconf 82' lang='grc' dir='ltr'><strong>εἰς</strong></span> <span class='ocrx_word' id='word_1_588' title='bbox 1335 1519 1400 1546; x_wconf 78' lang='grc' dir='ltr'>Θεὸν</span> <span class='ocrx_word' id='word_1_589' title='bbox 1417 1519 1555 1546; x_wconf 70' lang='grc' dir='ltr'>ωναῖδιον</span> <span class='ocrx_word' id='word_1_590' title='bbox 1575 1517 1656 1553; x_wconf 83' lang='grc' dir='ltr'>φύσει</span> <span class='ocrx_word' id='word_1_591' title='bbox 1671 1517 1749 1549; x_wconf 78' lang='grc' dir='ltr'>Υἱὸν,</span> <span class='ocrx_word' id='word_1_592' title='bbox 1766 1515 1800 1542; x_wconf 78' lang='grc' dir='ltr'>ἐκ</span> <span class='ocrx_word' id='word_1_593' title='bbox 1819 1516 1871 1542; x_wconf 83' lang='grc' dir='ltr'><strong>Πα-</strong></span> 
     </span>
    </p>
   </div>
   <div class='ocr_carea' id='block_1_85' title="bbox 1077 1563 1872 1604">
    <p class='ocr_par' dir='ltr' id='par_1_85' title="bbox 1077 1563 1872 1604">
     <span class='ocr_line' id='line_1_85' title="bbox 1077 1563 1872 1604; baseline -0.008 -10"><span class='ocrx_word' id='word_1_594' title='bbox 1077 1567 1143 1604; x_wconf 80' lang='grc' dir='ltr'>τρὸς</span> <span class='ocrx_word' id='word_1_595' title='bbox 1158 1567 1208 1603; x_wconf 82' lang='grc' dir='ltr'>μὲν</span> <span class='ocrx_word' id='word_1_596' title='bbox 1223 1566 1398 1601; x_wconf 83' lang='grc' dir='ltr'>γεννηθέντα,</span> <span class='ocrx_word' id='word_1_597' title='bbox 1410 1565 1454 1593; x_wconf 77' lang='grc' dir='ltr'><strong>ἀεὶ</strong></span> <span class='ocrx_word' id='word_1_598' title='bbox 1465 1565 1494 1592; x_wconf 83' lang='grc' dir='ltr'>δὲ</span> <span class='ocrx_word' id='word_1_599' title='bbox 1501 1565 1540 1601; x_wconf 83' lang='grc' dir='ltr'>τῷ</span> <span class='ocrx_word' id='word_1_600' title='bbox 1556 1564 1644 1600; x_wconf 70' lang='lat' dir='ltr'><strong>Ila-cpi.</strong></span> <span class='ocrx_word' id='word_1_601' title='bbox 1663 1563 1793 1594; x_wconf 82' lang='grc' dir='ltr'>συνόντα,</span> <span class='ocrx_word' id='word_1_602' title='bbox 1805 1563 1872 1590; x_wconf 67' lang='grc' dir='ltr'>κατὰ</span> 
     </span>
    </p>
   </div>
   <div class='ocr_carea' id='block_1_86' title="bbox 1077 1608 1871 1649">
    <p class='ocr_par' dir='ltr' id='par_1_86' title="bbox 1077 1608 1871 1649">
     <span class='ocr_line' id='line_1_86' title="bbox 1077 1608 1871 1649; baseline -0.009 -9"><span class='ocrx_word' id='word_1_603' title='bbox 1077 1613 1126 1649; x_wconf 79' lang='grc' dir='ltr'>τὴν</span> <span class='ocrx_word' id='word_1_604' title='bbox 1143 1613 1198 1640; x_wconf 79' lang='grc' dir='ltr'>τῶν</span> <span class='ocrx_word' id='word_1_605' title='bbox 1206 1611 1381 1646; x_wconf 83' lang='grc' dir='ltr'>Εὑαγγελίων</span> <span class='ocrx_word' id='word_1_606' title='bbox 1397 1611 1489 1647; x_wconf 84' lang='grc' dir='ltr'>φωνήν</span> <span class='ocrx_word' id='word_1_607' title='bbox 1502 1618 1510 1626; x_wconf 75' lang='grc'><strong>⁸</strong></span> <span class='ocrx_word' id='word_1_608' title='bbox 1526 1621 1535 1638; x_wconf 80' lang='grc' dir='ltr'>ι</span> <span class='ocrx_word' id='word_1_609' title='bbox 1555 1611 1600 1638; x_wconf 82' lang='grc' dir='ltr'><strong>Ἐν</strong></span> <span class='ocrx_word' id='word_1_610' title='bbox 1611 1611 1684 1645; x_wconf 81' lang='grc' dir='ltr'>ἀρχῇ</span> <span class='ocrx_word' id='word_1_611' title='bbox 1700 1609 1768 1644; x_wconf 82' lang='grc' dir='ltr'>γὰρ,</span> <span class='ocrx_word' id='word_1_612' title='bbox 1782 1608 1871 1644; x_wconf 77' lang='grc' dir='ltr'>φησὶν,</span> 
     </span>
    </p>
   </div>
   <div class='ocr_carea' id='block_1_87' title="bbox 1078 1654 1871 1696">
    <p class='ocr_par' dir='ltr' id='par_1_87' title="bbox 1078 1654 1871 1696">
     <span class='ocr_line' id='line_1_87' title="bbox 1078 1654 1871 1696; baseline -0.009 -10"><span class='ocrx_word' id='word_1_613' title='bbox 1078 1658 1136 1696; x_wconf 77' lang='grc' dir='ltr'><strong>ἦνὸ</strong></span> <span class='ocrx_word' id='word_1_614' title='bbox 1149 1658 1280 1693; x_wconf 70' lang='grc' dir='ltr'><strong>Δόγος.ἰ›</strong></span> <span class='ocrx_word' id='word_1_615' title='bbox 1297 1657 1467 1693; x_wconf 85' lang='grc' dir='ltr'>Πιστεύομεν</span> <span class='ocrx_word' id='word_1_616' title='bbox 1483 1657 1511 1684; x_wconf 78' lang='grc' dir='ltr'>δὲ</span> <span class='ocrx_word' id='word_1_617' title='bbox 1534 1657 1582 1684; x_wconf 80' lang='grc' dir='ltr'>καὶ</span> <span class='ocrx_word' id='word_1_618' title='bbox 1603 1657 1644 1687; x_wconf 84' lang='grc' dir='ltr'><strong>είς</strong></span> <span class='ocrx_word' id='word_1_619' title='bbox 1667 1655 1699 1682; x_wconf 85' lang='grc' dir='ltr'><strong>τὺ</strong></span> <span class='ocrx_word' id='word_1_620' title='bbox 1716 1654 1832 1689; x_wconf 82' lang='grc' dir='ltr'>Πνεῦμα</span> <span class='ocrx_word' id='word_1_621' title='bbox 1845 1654 1871 1679; x_wconf 73' lang='grc' dir='ltr'>τὸ</span> 
     </span>
    </p>
   </div>
   <div class='ocr_carea' id='block_1_88' title="bbox 1081 1698 1871 1739">
    <p class='ocr_par' dir='ltr' id='par_1_88' title="bbox 1081 1698 1871 1739">
     <span class='ocr_line' id='line_1_88' title="bbox 1081 1698 1871 1739; baseline -0.01 -7"><span class='ocrx_word' id='word_1_622' title='bbox 1081 1705 1171 1739; x_wconf 70' lang='grc' dir='ltr'>ἅγιον,</span> <span class='ocrx_word' id='word_1_623' title='bbox 1182 1704 1213 1731; x_wconf 80' lang='grc' dir='ltr'>τὸ</span> <span class='ocrx_word' id='word_1_624' title='bbox 1225 1703 1314 1736; x_wconf 83' lang='grc' dir='ltr'>εὐθὲς,</span> <span class='ocrx_word' id='word_1_625' title='bbox 1331 1703 1362 1730; x_wconf 81' lang='grc' dir='ltr'>τὸ</span> <span class='ocrx_word' id='word_1_626' title='bbox 1378 1703 1552 1738; x_wconf 72' lang='grc' dir='ltr'>ἡγεμονικὸν,</span> <span class='ocrx_word' id='word_1_627' title='bbox 1568 1701 1599 1729; x_wconf 78' lang='grc' dir='ltr'><strong>τὸ</strong></span> <span class='ocrx_word' id='word_1_628' title='bbox 1613 1700 1730 1736; x_wconf 82' lang='grc' dir='ltr'>ἀγαθὸν,</span> <span class='ocrx_word' id='word_1_629' title='bbox 1743 1699 1775 1726; x_wconf 80' lang='grc' dir='ltr'><strong>τὺ</strong></span> <span class='ocrx_word' id='word_1_630' title='bbox 1787 1698 1871 1734; x_wconf 78' lang='grc' dir='ltr'><strong>παρά-</strong></span> 
     </span>
    </p>
   </div>
   <div class='ocr_carea' id='block_1_89' title="bbox 1081 1742 1871 1787">
    <p class='ocr_par' dir='ltr' id='par_1_89' title="bbox 1081 1742 1871 1787">
     <span class='ocr_line' id='line_1_89' title="bbox 1081 1742 1871 1787; baseline -0.01 -9"><span class='ocrx_word' id='word_1_631' title='bbox 1081 1751 1189 1787; x_wconf 83' lang='grc' dir='ltr'>κλητον,</span> <span class='ocrx_word' id='word_1_632' title='bbox 1206 1751 1236 1778; x_wconf 68' lang='grc' dir='ltr'>τὸ</span> <span class='ocrx_word' id='word_1_633' title='bbox 1251 1751 1284 1777; x_wconf 81' lang='grc' dir='ltr'>ὲκ</span> <span class='ocrx_word' id='word_1_634' title='bbox 1300 1749 1368 1777; x_wconf 82' lang='grc' dir='ltr'>Θεοῦ</span> <span class='ocrx_word' id='word_1_635' title='bbox 1383 1748 1526 1785; x_wconf 82' lang='grc' dir='ltr'>προελθὸν,</span> <span class='ocrx_word' id='word_1_636' title='bbox 1544 1747 1575 1774; x_wconf 83' lang='grc' dir='ltr'>οὐ</span> <span class='ocrx_word' id='word_1_637' title='bbox 1592 1746 1727 1782; x_wconf 83' lang='grc' dir='ltr'>γεννηθέν</span> <span class='ocrx_word' id='word_1_638' title='bbox 1737 1754 1744 1760; x_wconf 94' lang='grc'><strong>·</strong></span> <span class='ocrx_word' id='word_1_639' title='bbox 1765 1742 1806 1777; x_wconf 73' lang='grc' dir='ltr'><strong>εἷς</strong></span> <span class='ocrx_word' id='word_1_640' title='bbox 1822 1745 1871 1780; x_wconf 73' lang='grc' dir='ltr'>γὰρ</span> 
     </span>
    </p>
   </div>
   <div class='ocr_carea' id='block_1_90' title="bbox 1080 1791 1871 1833">
    <p class='ocr_par' dir='ltr' id='par_1_90' title="bbox 1080 1791 1871 1833">
     <span class='ocr_line' id='line_1_90' title="bbox 1080 1791 1871 1833; baseline -0.01 -8"><span class='ocrx_word' id='word_1_641' title='bbox 1080 1798 1246 1833; x_wconf 87' lang='grc' dir='ltr'>Μονογενής·</span> <span class='ocrx_word' id='word_1_642' title='bbox 1260 1795 1323 1823; x_wconf 74' lang='grc' dir='ltr'>οὔτε</span> <span class='ocrx_word' id='word_1_643' title='bbox 1338 1796 1390 1832; x_wconf 86' lang='grc' dir='ltr'><strong>μὴν</strong></span> <span class='ocrx_word' id='word_1_644' title='bbox 1408 1794 1528 1822; x_wconf 70' lang='grc' dir='ltr'>κτισθένι</span> <span class='ocrx_word' id='word_1_645' title='bbox 1550 1793 1670 1829; x_wconf 82' lang='grc' dir='ltr'>οὐδαμοῦ</span> <span class='ocrx_word' id='word_1_646' title='bbox 1683 1792 1740 1828; x_wconf 87' lang='grc' dir='ltr'><strong>γὰρ</strong></span> <span class='ocrx_word' id='word_1_647' title='bbox 1752 1791 1871 1828; x_wconf 74' lang='grc' dir='ltr'>εὑρίσκο-</span> 
     </span>
    </p>
   </div>
   <div class='ocr_carea' id='block_1_91' title="bbox 1082 1838 1871 1880">
    <p class='ocr_par' dir='ltr' id='par_1_91' title="bbox 1082 1838 1871 1880">
     <span class='ocr_line' id='line_1_91' title="bbox 1082 1838 1871 1880; baseline -0.009 -10"><span class='ocrx_word' id='word_1_648' title='bbox 1082 1853 1132 1880; x_wconf 82' lang='grc' dir='ltr'><strong>μεν</strong></span> <span class='ocrx_word' id='word_1_649' title='bbox 1147 1844 1176 1870; x_wconf 84' lang='grc' dir='ltr'>ὲν</span> <span class='ocrx_word' id='word_1_650' title='bbox 1197 1844 1231 1879; x_wconf 81' lang='grc' dir='ltr'>τῇ</span> <span class='ocrx_word' id='word_1_651' title='bbox 1252 1843 1313 1878; x_wconf 76' lang='grc' dir='ltr'>θείᾳ.</span> <span class='ocrx_word' id='word_1_652' title='bbox 1335 1842 1431 1878; x_wconf 83' lang='grc' dir='ltr'>Γραφῇ</span> <span class='ocrx_word' id='word_1_653' title='bbox 1444 1842 1478 1876; x_wconf 81' lang='grc' dir='ltr'>τῇ</span> <span class='ocrx_word' id='word_1_654' title='bbox 1504 1840 1593 1868; x_wconf 78' lang='grc' dir='ltr'>κτίσει</span> <span class='ocrx_word' id='word_1_655' title='bbox 1609 1838 1871 1875; x_wconf 83' lang='grc' dir='ltr'>συναριθμούμενον,</span> 
     </span>
    </p>
   </div>
   <div class='ocr_carea' id='block_1_92' title="bbox 1080 1883 1872 1926">
    <p class='ocr_par' dir='ltr' id='par_1_92' title="bbox 1080 1883 1872 1926">
     <span class='ocr_line' id='line_1_92' title="bbox 1080 1883 1872 1926; baseline -0.009 -10"><span class='ocrx_word' id='word_1_656' title='bbox 1080 1890 1148 1917; x_wconf 78' lang='grc' dir='ltr'>ἀλλὰ</span> <span class='ocrx_word' id='word_1_657' title='bbox 1161 1889 1249 1926; x_wconf 56' lang='lat' dir='ltr'><strong>Harp!</strong></span> <span class='ocrx_word' id='word_1_658' title='bbox 1262 1889 1310 1915; x_wconf 79' lang='grc' dir='ltr'>καὶ</span> <span class='ocrx_word' id='word_1_659' title='bbox 1327 1887 1385 1923; x_wconf 82' lang='grc' dir='ltr'><strong>Υἱῷ</strong></span> <span class='ocrx_word' id='word_1_660' title='bbox 1408 1886 1639 1922; x_wconf 61' lang='grc' dir='ltr'>συνταττόμενον</span> <span class='ocrx_word' id='word_1_661' title='bbox 1656 1883 1872 1919; x_wconf 62' lang='grc' dir='ltr'>ἐκπορευόμενοι</span> 
     </span>
    </p>
   </div>
   <div class='ocr_carea' id='block_1_93' title="bbox 1080 1929 1885 1970">
    <p class='ocr_par' dir='ltr' id='par_1_93' title="bbox 1080 1929 1885 1970">
     <span class='ocr_line' id='line_1_93' title="bbox 1080 1929 1885 1970; baseline -0.01 -7"><span class='ocrx_word' id='word_1_662' title='bbox 1080 1936 1109 1963; x_wconf 77' lang='grc' dir='ltr'>δὲ</span> <span class='ocrx_word' id='word_1_663' title='bbox 1122 1935 1188 1963; x_wconf 78' lang='grc' dir='ltr'>αὐτὸ</span> <span class='ocrx_word' id='word_1_664' title='bbox 1202 1936 1234 1962; x_wconf 80' lang='grc' dir='ltr'>ὲκ</span> <span class='ocrx_word' id='word_1_665' title='bbox 1247 1934 1294 1961; x_wconf 76' lang='grc' dir='ltr'>τοῦ</span> <span class='ocrx_word' id='word_1_666' title='bbox 1315 1934 1423 1970; x_wconf 82' lang='grc' dir='ltr'>Πατρδς</span> <span class='ocrx_word' id='word_1_667' title='bbox 1433 1932 1603 1968; x_wconf 76' lang='grc' dir='ltr'>ἠκούσαμεν,</span> <span class='ocrx_word' id='word_1_668' title='bbox 1617 1931 1666 1958; x_wconf 74' lang='grc' dir='ltr'>καὶ</span> <span class='ocrx_word' id='word_1_669' title='bbox 1681 1931 1715 1957; x_wconf 72' lang='grc' dir='ltr'>οὐ</span> <span class='ocrx_word' id='word_1_670' title='bbox 1736 1929 1885 1967; x_wconf 41' lang='grc' dir='ltr'>πολυπραυ.</span> 
     </span>
    </p>
   </div>
   <div class='ocr_carea' id='block_1_94' title="bbox 1080 1976 1872 2016">
    <p class='ocr_par' dir='ltr' id='par_1_94' title="bbox 1080 1976 1872 2016">
     <span class='ocr_line' id='line_1_94' title="bbox 1080 1976 1872 2016; baseline -0.009 -8"><span class='ocrx_word' id='word_1_671' title='bbox 1080 1980 1238 2016; x_wconf 83' lang='grc' dir='ltr'>γμονοῦμεν</span> <span class='ocrx_word' id='word_1_672' title='bbox 1260 1979 1318 2011; x_wconf 80' lang='grc' dir='ltr'><strong>πῶς</strong></span> <span class='ocrx_word' id='word_1_673' title='bbox 1344 1977 1536 2014; x_wconf 70' lang='grc' dir='ltr'>ἐκπορεύεται,</span> <span class='ocrx_word' id='word_1_674' title='bbox 1548 1976 1618 2004; x_wconf 83' lang='grc' dir='ltr'>ἀλλὰ</span> <span class='ocrx_word' id='word_1_675' title='bbox 1643 1976 1802 2012; x_wconf 81' lang='grc' dir='ltr'>στέργομεν</span> <span class='ocrx_word' id='word_1_676' title='bbox 1821 1977 1872 2006; x_wconf 76' lang='grc' dir='ltr'>τοῖς</span> 
     </span>
    </p>
   </div>
   <div class='ocr_carea' id='block_1_95' title="bbox 1081 2022 1871 2063">
    <p class='ocr_par' dir='ltr' id='par_1_95' title="bbox 1081 2022 1871 2063">
     <span class='ocr_line' id='line_1_95' title="bbox 1081 2022 1871 2063; baseline -0.009 -8"><span class='ocrx_word' id='word_1_677' title='bbox 1081 2027 1200 2056; x_wconf 81' lang='grc' dir='ltr'>τεθεῖσιν</span> <span class='ocrx_word' id='word_1_678' title='bbox 1215 2028 1281 2063; x_wconf 81' lang='grc' dir='ltr'>ἡμῖν</span> <span class='ocrx_word' id='word_1_679' title='bbox 1295 2027 1370 2062; x_wconf 80' lang='grc' dir='ltr'>ὅροις</span> <span class='ocrx_word' id='word_1_680' title='bbox 1383 2025 1437 2054; x_wconf 77' lang='grc' dir='ltr'><strong>ὑπὸ</strong></span> <span class='ocrx_word' id='word_1_681' title='bbox 1448 2024 1503 2053; x_wconf 80' lang='grc' dir='ltr'><strong>τῶν</strong></span> <span class='ocrx_word' id='word_1_682' title='bbox 1517 2024 1650 2059; x_wconf 83' lang='grc' dir='ltr'>θεολόγων</span> <span class='ocrx_word' id='word_1_683' title='bbox 1665 2023 1715 2051; x_wconf 74' lang='grc' dir='ltr'><strong>καὶ</strong></span> <span class='ocrx_word' id='word_1_684' title='bbox 1732 2022 1871 2058; x_wconf 80' lang='grc' dir='ltr'>μακαρίων</span> 
     </span>
    </p>
   </div>
   <div class='ocr_carea' id='block_1_96' title="bbox 1081 2072 1199 2109">
    <p class='ocr_par' dir='ltr' id='par_1_96' title="bbox 1081 2072 1199 2109">
     <span class='ocr_line' id='line_1_96' title="bbox 1081 2072 1199 2109; baseline -0.017 -7"><span class='ocrx_word' id='word_1_685' title='bbox 1081 2072 1199 2109; x_wconf 79' lang='grc' dir='ltr'>ἀνδρῶν.</span> 
     </span>
    </p>
   </div>
   <div class='ocr_carea' id='block_1_97' title="bbox 1099 2169 1856 2206">
    <p class='ocr_par' dir='ltr' id='par_1_97' title="bbox 1099 2169 1856 2206">
     <span class='ocr_line' id='line_1_97' title="bbox 1099 2169 1856 2206; baseline -0.007 -6"><span class='ocrx_word' id='word_1_686' title='bbox 1099 2171 1141 2201; x_wconf 72' lang='grc' dir='ltr'><strong>ις’.</strong></span> <span class='ocrx_word' id='word_1_687' title='bbox 1166 2172 1227 2200; x_wconf 81' lang='grc' dir='ltr'><strong>’Ὁτι</strong></span> <span class='ocrx_word' id='word_1_688' title='bbox 1255 2171 1350 2206; x_wconf 65' lang='lat' dir='ltr'><strong>Harp!</strong></span> <span class='ocrx_word' id='word_1_689' title='bbox 1373 2171 1423 2198; x_wconf 76' lang='lat' dir='ltr'><strong>ml</strong></span> <span class='ocrx_word' id='word_1_690' title='bbox 1441 2171 1497 2204; x_wconf 81' lang='grc' dir='ltr'><strong>Υιῷ</strong></span> <span class='ocrx_word' id='word_1_691' title='bbox 1521 2171 1554 2198; x_wconf 81' lang='grc' dir='ltr'><strong>τὸ</strong></span> <span class='ocrx_word' id='word_1_692' title='bbox 1576 2169 1699 2205; x_wconf 79' lang='grc' dir='ltr'><strong>Πνεῦμα</strong></span> <span class='ocrx_word' id='word_1_693' title='bbox 1727 2169 1856 2196; x_wconf 78' lang='grc' dir='ltr'>συντάτ-</span> 
     </span>
    </p>
   </div>
   <div class='ocr_carea' id='block_1_98' title="bbox 1433 2215 1524 2234">
    <p class='ocr_par' dir='ltr' id='par_1_98' title="bbox 1433 2215 1524 2234">
     <span class='ocr_line' id='line_1_98' title="bbox 1433 2215 1524 2234; baseline 0 -1"><span class='ocrx_word' id='word_1_694' title='bbox 1433 2215 1524 2234; x_wconf 68' lang='grc' dir='ltr'>σεται.</span> 
     </span>
    </p>
   </div>
   <div class='ocr_carea' id='block_1_99' title="bbox 1126 2261 1869 2301">
    <p class='ocr_par' dir='ltr' id='par_1_99' title="bbox 1126 2261 1869 2301">
     <span class='ocr_line' id='line_1_99' title="bbox 1126 2261 1869 2301; baseline -0.007 -9"><span class='ocrx_word' id='word_1_695' title='bbox 1126 2265 1320 2301; x_wconf 76' lang='grc' dir='ltr'>Ἑδιδάχθημεν</span> <span class='ocrx_word' id='word_1_696' title='bbox 1338 2265 1392 2300; x_wconf 83' lang='grc' dir='ltr'><strong>γὰρ</strong></span> <span class='ocrx_word' id='word_1_697' title='bbox 1407 2265 1452 2291; x_wconf 80' lang='grc' dir='ltr'><strong>ὑπ’</strong></span> <span class='ocrx_word' id='word_1_698' title='bbox 1473 2263 1555 2290; x_wconf 79' lang='grc' dir='ltr'>αὑτοῦ</span> <span class='ocrx_word' id='word_1_699' title='bbox 1582 2263 1629 2290; x_wconf 82' lang='grc' dir='ltr'><strong>τοῦ</strong></span> <span class='ocrx_word' id='word_1_700' title='bbox 1653 2263 1785 2299; x_wconf 75' lang='grc' dir='ltr'>Σωτῆρος</span> <span class='ocrx_word' id='word_1_701' title='bbox 1800 2261 1869 2298; x_wconf 82' lang='grc' dir='ltr'>ἡμῶν</span> 
     </span>
    </p>
   </div>
   <div class='ocr_carea' id='block_1_100' title="bbox 1090 2308 1868 2348">
    <p class='ocr_par' dir='ltr' id='par_1_100' title="bbox 1090 2308 1868 2348">
     <span class='ocr_line' id='line_1_100' title="bbox 1090 2308 1868 2348; baseline -0.005 -10"><span class='ocrx_word' id='word_1_702' title='bbox 1090 2311 1179 2347; x_wconf 79' lang='grc' dir='ltr'>Ἰησοῦ</span> <span class='ocrx_word' id='word_1_703' title='bbox 1202 2311 1340 2347; x_wconf 70' lang='grc' dir='ltr'>Χριστοῦ,</span> <span class='ocrx_word' id='word_1_704' title='bbox 1369 2312 1418 2348; x_wconf 78' lang='grc' dir='ltr'><strong>τῆς</strong></span> <span class='ocrx_word' id='word_1_705' title='bbox 1445 2311 1561 2348; x_wconf 83' lang='grc' dir='ltr'>Τριάδος</span> <span class='ocrx_word' id='word_1_706' title='bbox 1588 2309 1824 2345; x_wconf 77' lang='grc' dir='ltr'>συμπληρωτικὸν</span> <span class='ocrx_word' id='word_1_707' title='bbox 1843 2308 1868 2334; x_wconf 78' lang='grc' dir='ltr'>τὸ</span> 
     </span>
    </p>
   </div>
   <div class='ocr_carea' id='block_1_101' title="bbox 1084 2353 1867 2396">
    <p class='ocr_par' dir='ltr' id='par_1_101' title="bbox 1084 2353 1867 2396">
     <span class='ocr_line' id='line_1_101' title="bbox 1084 2353 1867 2396; baseline -0.011 -8"><span class='ocrx_word' id='word_1_708' title='bbox 1084 2361 1197 2396; x_wconf 83' lang='grc' dir='ltr'>Πνεῦμα</span> <span class='ocrx_word' id='word_1_709' title='bbox 1215 2359 1246 2386; x_wconf 77' lang='grc' dir='ltr'>τὸ</span> <span class='ocrx_word' id='word_1_710' title='bbox 1268 2359 1359 2394; x_wconf 74' lang='grc' dir='ltr'>ἅγιον·</span> <span class='ocrx_word' id='word_1_711' title='bbox 1382 2367 1391 2383; x_wconf 81' lang='grc' dir='ltr'>ι</span> <span class='ocrx_word' id='word_1_712' title='bbox 1410 2357 1594 2392; x_wconf 81' lang='grc' dir='ltr'>Πορευθέντες</span> <span class='ocrx_word' id='word_1_713' title='bbox 1609 2355 1676 2391; x_wconf 81' lang='grc' dir='ltr'>γὰρ,</span> <span class='ocrx_word' id='word_1_714' title='bbox 1694 2354 1775 2390; x_wconf 79' lang='grc' dir='ltr'>φησὶ,</span> <span class='ocrx_word' id='word_1_715' title='bbox 1790 2353 1867 2389; x_wconf 80' lang='grc' dir='ltr'>μαθη-</span> 
     </span>
    </p>
   </div>
   <div class='ocr_carea' id='block_1_102' title="bbox 1084 2399 1867 2441">
    <p class='ocr_par' dir='ltr' id='par_1_102' title="bbox 1084 2399 1867 2441">
     <span class='ocr_line' id='line_1_102' title="bbox 1084 2399 1867 2441; baseline -0.01 -8"><span class='ocrx_word' id='word_1_716' title='bbox 1084 2407 1200 2434; x_wconf 71' lang='grc' dir='ltr'>τεύσατε</span> <span class='ocrx_word' id='word_1_717' title='bbox 1222 2406 1310 2433; x_wconf 82' lang='grc' dir='ltr'>πάντα</span> <span class='ocrx_word' id='word_1_718' title='bbox 1323 2404 1358 2432; x_wconf 84' lang='grc' dir='ltr'><strong>τὰ</strong></span> <span class='ocrx_word' id='word_1_719' title='bbox 1381 2404 1455 2441; x_wconf 62' lang='grc' dir='ltr'>ἔθνη,</span> <span class='ocrx_word' id='word_1_720' title='bbox 1476 2403 1651 2438; x_wconf 81' lang='grc' dir='ltr'>βαπτίζοντες</span> <span class='ocrx_word' id='word_1_721' title='bbox 1673 2401 1775 2432; x_wconf 73' lang='grc' dir='ltr'>αὐτοὺς</span> <span class='ocrx_word' id='word_1_722' title='bbox 1791 2401 1828 2431; x_wconf 81' lang='grc' dir='ltr'>είς</span> <span class='ocrx_word' id='word_1_723' title='bbox 1840 2399 1867 2425; x_wconf 72' lang='grc' dir='ltr'>τὸ</span> 
     </span>
    </p>
   </div>
   <div class='ocr_carea' id='block_1_103' title="bbox 1083 2446 1865 2488">
    <p class='ocr_par' dir='ltr' id='par_1_103' title="bbox 1083 2446 1865 2488">
     <span class='ocr_line' id='line_1_103' title="bbox 1083 2446 1865 2488; baseline -0.012 -8"><span class='ocrx_word' id='word_1_724' title='bbox 1083 2454 1170 2488; x_wconf 75' lang='grc' dir='ltr'>ὄνομα</span> <span class='ocrx_word' id='word_1_725' title='bbox 1187 2452 1233 2478; x_wconf 81' lang='grc' dir='ltr'>τοῦ</span> <span class='ocrx_word' id='word_1_726' title='bbox 1251 2451 1368 2486; x_wconf 73' lang='grc' dir='ltr'>Πατρδς,</span> <span class='ocrx_word' id='word_1_727' title='bbox 1380 2450 1428 2477; x_wconf 77' lang='grc' dir='ltr'>καὶ</span> <span class='ocrx_word' id='word_1_728' title='bbox 1440 2448 1517 2482; x_wconf 79' lang='grc' dir='ltr'>Υίοῦ,</span> <span class='ocrx_word' id='word_1_729' title='bbox 1533 2449 1581 2475; x_wconf 70' lang='grc' dir='ltr'>καὶ</span> <span class='ocrx_word' id='word_1_730' title='bbox 1591 2448 1639 2474; x_wconf 80' lang='grc' dir='ltr'><strong>τοῦ</strong></span> <span class='ocrx_word' id='word_1_731' title='bbox 1654 2447 1735 2482; x_wconf 81' lang='grc' dir='ltr'>ἁγίου</span> <span class='ocrx_word' id='word_1_732' title='bbox 1752 2446 1865 2480; x_wconf 74' lang='grc' dir='ltr'>Πνεὺμα-</span> 
     </span>
    </p>
   </div>
   <div class='ocr_carea' id='block_1_104' title="bbox 1084 2492 1864 2534">
    <p class='ocr_par' dir='ltr' id='par_1_104' title="bbox 1084 2492 1864 2534">
     <span class='ocr_line' id='line_1_104' title="bbox 1084 2492 1864 2534; baseline -0.01 -8"><span class='ocrx_word' id='word_1_733' title='bbox 1084 2507 1144 2532; x_wconf 82' lang='grc' dir='ltr'>τος·</span> <span class='ocrx_word' id='word_1_734' title='bbox 1163 2509 1172 2526; x_wconf 72' lang='grc' dir='ltr'>ι</span> <span class='ocrx_word' id='word_1_735' title='bbox 1190 2498 1228 2534; x_wconf 81' lang='grc' dir='ltr'>τῷ</span> <span class='ocrx_word' id='word_1_736' title='bbox 1242 2498 1271 2525; x_wconf 81' lang='grc' dir='ltr'>δὲ</span> <span class='ocrx_word' id='word_1_737' title='bbox 1284 2497 1373 2533; x_wconf 74' lang='grc' dir='ltr'>Πατρὶ</span> <span class='ocrx_word' id='word_1_738' title='bbox 1385 2497 1431 2524; x_wconf 80' lang='grc' dir='ltr'>καί</span> <span class='ocrx_word' id='word_1_739' title='bbox 1444 2495 1502 2531; x_wconf 86' lang='grc' dir='ltr'>Υίῷ</span> <span class='ocrx_word' id='word_1_740' title='bbox 1521 2493 1813 2530; x_wconf 76' lang='grc' dir='ltr'>συμμαρτυρούμενον,</span> <span class='ocrx_word' id='word_1_741' title='bbox 1825 2492 1864 2526; x_wconf 75' lang='grc' dir='ltr'><strong>τῆς</strong></span> 
     </span>
    </p>
   </div>
   <div class='ocr_carea' id='block_1_105' title="bbox 1085 2538 1863 2578">
    <p class='ocr_par' dir='ltr' id='par_1_105' title="bbox 1085 2538 1863 2578">
     <span class='ocr_line' id='line_1_105' title="bbox 1085 2538 1863 2578; baseline -0.012 -6"><span class='ocrx_word' id='word_1_742' title='bbox 1085 2545 1199 2577; x_wconf 81' lang='grc' dir='ltr'>κτίσεώς</span> <span class='ocrx_word' id='word_1_743' title='bbox 1217 2545 1276 2571; x_wconf 78' lang='grc' dir='ltr'>ἐστι</span> <span class='ocrx_word' id='word_1_744' title='bbox 1291 2543 1383 2578; x_wconf 82' lang='grc' dir='ltr'>πάσης</span> <span class='ocrx_word' id='word_1_745' title='bbox 1398 2542 1558 2577; x_wconf 71' lang='grc' dir='ltr'>ὑπέρτερον.</span> <span class='ocrx_word' id='word_1_746' title='bbox 1576 2541 1622 2567; x_wconf 81' lang='grc' dir='ltr'><strong>Διὸ</strong></span> <span class='ocrx_word' id='word_1_747' title='bbox 1637 2540 1686 2567; x_wconf 70' lang='grc' dir='ltr'><strong>καὶ</strong></span> <span class='ocrx_word' id='word_1_748' title='bbox 1709 2540 1724 2566; x_wconf 83' lang='grc' dir='ltr'>ὁ</span> <span class='ocrx_word' id='word_1_749' title='bbox 1743 2538 1863 2574; x_wconf 74' lang='grc' dir='ltr'>μακάριος</span> 
     </span>
    </p>
   </div>
   <div class='ocr_carea' id='block_1_106' title="bbox 1085 2584 1863 2627">
    <p class='ocr_par' dir='ltr' id='par_1_106' title="bbox 1085 2584 1863 2627">
     <span class='ocr_line' id='line_1_106' title="bbox 1085 2584 1863 2627; baseline -0.012 -8"><span class='ocrx_word' id='word_1_750' title='bbox 1085 2591 1191 2623; x_wconf 78' lang='grc' dir='ltr'>Παῦλος</span> <span class='ocrx_word' id='word_1_751' title='bbox 1205 2591 1274 2627; x_wconf 81' lang='grc' dir='ltr'>μετὰ</span> <span class='ocrx_word' id='word_1_752' title='bbox 1295 2589 1402 2625; x_wconf 60' lang='lat' dir='ltr'><strong>Harpe;</strong></span> <span class='ocrx_word' id='word_1_753' title='bbox 1418 2588 1484 2616; x_wconf 71' lang='grc' dir='ltr'>αὐτὸ</span> <span class='ocrx_word' id='word_1_754' title='bbox 1498 2588 1546 2615; x_wconf 77' lang='grc' dir='ltr'>καὶ</span> <span class='ocrx_word' id='word_1_755' title='bbox 1569 2586 1635 2614; x_wconf 81' lang='grc' dir='ltr'>Υίοΰ</span> <span class='ocrx_word' id='word_1_756' title='bbox 1660 2586 1803 2621; x_wconf 81' lang='grc' dir='ltr'>κηρύττων</span> <span class='ocrx_word' id='word_1_757' title='bbox 1817 2584 1863 2610; x_wconf 77' lang='grc' dir='ltr'>δια-</span> 
     </span>
    </p>
   </div>
   <div class='ocr_carea' id='block_1_107' title="bbox 1085 2629 1861 2672">
    <p class='ocr_par' dir='ltr' id='par_1_107' title="bbox 1085 2629 1861 2672">
     <span class='ocr_line' id='line_1_107' title="bbox 1085 2629 1861 2672; baseline -0.013 -7"><span class='ocrx_word' id='word_1_758' title='bbox 1085 2639 1170 2665; x_wconf 79' lang='grc' dir='ltr'>τελεί-</span> <span class='ocrx_word' id='word_1_759' title='bbox 1198 2646 1207 2663; x_wconf 79' lang='grc' dir='ltr'>ι</span> <span class='ocrx_word' id='word_1_760' title='bbox 1235 2637 1269 2663; x_wconf 81' lang='grc' dir='ltr'>Ἠ</span> <span class='ocrx_word' id='word_1_761' title='bbox 1292 2637 1372 2672; x_wconf 77' lang='grc' dir='ltr'>χάρις</span> <span class='ocrx_word' id='word_1_762' title='bbox 1396 2635 1468 2670; x_wconf 78' lang='grc' dir='ltr'>γὰρ,</span> <span class='ocrx_word' id='word_1_763' title='bbox 1491 2634 1567 2668; x_wconf 76' lang='grc' dir='ltr'>φησὶ,</span> <span class='ocrx_word' id='word_1_764' title='bbox 1593 2632 1640 2659; x_wconf 75' lang='grc' dir='ltr'>τοῦ</span> <span class='ocrx_word' id='word_1_765' title='bbox 1666 2631 1773 2667; x_wconf 82' lang='grc' dir='ltr'>Κυρίου</span> <span class='ocrx_word' id='word_1_766' title='bbox 1797 2629 1861 2665; x_wconf 68' lang='grc' dir='ltr'>ἡμῶν</span> 
     </span>
    </p>
   </div>
   <div class='ocr_carea' id='block_1_108' title="bbox 277 2792 1691 2830">
    <p class='ocr_par' dir='ltr' id='par_1_108' title="bbox 277 2792 1691 2830">
     <span class='ocr_line' id='line_1_108' title="bbox 277 2792 1691 2830; baseline -0.002 -7"><span class='ocrx_word' id='word_1_767' title='bbox 277 2797 315 2830; x_wconf 83' lang='lat' dir='ltr'><strong>(i)</strong></span> <span class='ocrx_word' id='word_1_768' title='bbox 336 2797 444 2824; x_wconf 79' lang='lat' dir='ltr'><strong>Niectas</strong></span> <span class='ocrx_word' id='word_1_769' title='bbox 463 2795 656 2829; x_wconf 82' lang='lat' dir='ltr'><strong>Aquileiensis,</strong></span> <span class='ocrx_word' id='word_1_770' title='bbox 673 2803 686 2822; x_wconf 86' lang='lat' dir='ltr'><strong>a</strong></span> <span class='ocrx_word' id='word_1_771' title='bbox 701 2795 780 2822; x_wconf 82' lang='lat' dir='ltr'><strong>nobis</strong></span> <span class='ocrx_word' id='word_1_772' title='bbox 791 2795 891 2826; x_wconf 85' lang='lat' dir='ltr'><strong>editus,</strong></span> <span class='ocrx_word' id='word_1_773' title='bbox 906 2797 931 2823; x_wconf 89' lang='lat' dir='ltr'><strong>iu</strong></span> <span class='ocrx_word' id='word_1_774' title='bbox 944 2796 1026 2824; x_wconf 79' lang='lat' dir='ltr'><strong>simili</strong></span> <span class='ocrx_word' id='word_1_775' title='bbox 1081 2799 1148 2825; x_wconf 82' lang='lat' dir='ltr'><strong>rium</strong></span> <span class='ocrx_word' id='word_1_776' title='bbox 1168 2804 1191 2824; x_wconf 77' lang='lat' dir='ltr'><strong>et</strong></span> <span class='ocrx_word' id='word_1_777' title='bbox 1212 2798 1394 2825; x_wconf 68' lang='lat' dir='ltr'><strong>Mei-nitatem,</strong></span> <span class='ocrx_word' id='word_1_778' title='bbox 1415 2795 1481 2821; x_wconf 73' lang='lat' dir='ltr'><strong>sicut</strong></span> <span class='ocrx_word' id='word_1_779' title='bbox 1501 2794 1579 2830; x_wconf 67' lang='lat' dir='ltr'><strong>liabet</strong></span> <span class='ocrx_word' id='word_1_780' title='bbox 1601 2792 1691 2820; x_wconf 71' lang='lat' dir='ltr'><strong>Pater.</strong></span> 
     </span>
    </p>
   </div>
   <div class='ocr_carea' id='block_1_109' title="bbox 243 2831 1025 2866">
    <p class='ocr_par' dir='ltr' id='par_1_109' title="bbox 243 2831 1025 2866">
     <span class='ocr_line' id='line_1_109' title="bbox 243 2831 1025 2866; baseline -0.004 -7"><span class='ocrx_word' id='word_1_781' title='bbox 243 2836 358 2859; x_wconf 72' lang='lat' dir='ltr'><strong>tractatui</strong></span> <span class='ocrx_word' id='word_1_782' title='bbox 373 2832 412 2859; x_wconf 88' lang='lat' dir='ltr'><strong>sic</strong></span> <span class='ocrx_word' id='word_1_783' title='bbox 426 2831 561 2866; x_wconf 78' lang='lat' dir='ltr'><strong>explicat:</strong></span> <span class='ocrx_word' id='word_1_784' title='bbox 578 2831 642 2863; x_wconf 75' lang='lat' dir='ltr'><strong>Qua&#39;</strong></span> <span class='ocrx_word' id='word_1_785' title='bbox 654 2831 704 2857; x_wconf 77' lang='lat' dir='ltr'><strong>illa</strong></span> <span class='ocrx_word' id='word_1_786' title='bbox 719 2831 827 2857; x_wconf 76' lang='lat' dir='ltr'><strong>omnia?</strong></span> <span class='ocrx_word' id='word_1_787' title='bbox 842 2832 930 2864; x_wconf 82' lang='lat' dir='ltr'><strong>utique</strong></span> <span class='ocrx_word' id='word_1_788' title='bbox 944 2832 1025 2858; x_wconf 54' lang='lat' dir='ltr'><strong>virlu&lt;</strong></span> 
     </span>
    </p>
   </div>
   <div class='ocr_carea' id='block_1_110' title="bbox 244 2866 1026 2904">
    <p class='ocr_par' dir='ltr' id='par_1_110' title="bbox 244 2866 1026 2904">
     <span class='ocr_line' id='line_1_110' title="bbox 244 2866 1026 2904; baseline -0.009 -8"><span class='ocrx_word' id='word_1_789' title='bbox 244 2872 304 2901; x_wconf 64' lang='lat' dir='ltr'><strong>(cui,</strong></span> <span class='ocrx_word' id='word_1_790' title='bbox 319 2867 404 2903; x_wconf 78' lang='lat' dir='ltr'><strong>utique</strong></span> <span class='ocrx_word' id='word_1_791' title='bbox 416 2867 566 2904; x_wconf 70' lang='lat' dir='ltr'><strong>potentiam,</strong></span> <span class='ocrx_word' id='word_1_792' title='bbox 583 2866 730 2899; x_wconf 75' lang='lat' dir='ltr'><strong>bonitatem,</strong></span> <span class='ocrx_word' id='word_1_793' title='bbox 746 2866 958 2901; x_wconf 70' lang='lat' dir='ltr'><strong>illt’arruplclum,</strong></span> <span class='ocrx_word' id='word_1_794' title='bbox 969 2867 1026 2902; x_wconf 65' lang='grc' dir='ltr'><strong>(ιιι).</strong></span> 
     </span>
    </p>
   </div>
   <div class='ocr_carea' id='block_1_111' title="bbox 1116 2829 1582 2869">
    <p class='ocr_par' dir='ltr' id='par_1_111' title="bbox 1116 2829 1582 2869">
     <span class='ocr_line' id='line_1_111' title="bbox 1116 2829 1582 2869; baseline -0.004 -10"><span class='ocrx_word' id='word_1_795' title='bbox 1116 2834 1154 2869; x_wconf 59' lang='lat'><strong>(2’)</strong></span> <span class='ocrx_word' id='word_1_796' title='bbox 1175 2833 1272 2861; x_wconf 77' lang='lat' dir='ltr'><strong>ilccoic</strong></span> <span class='ocrx_word' id='word_1_797' title='bbox 1293 2831 1401 2868; x_wconf 75' lang='lat' dir='ltr'><strong>tertium</strong></span> <span class='ocrx_word' id='word_1_798' title='bbox 1423 2829 1582 2864; x_wconf 80' lang='lat' dir='ltr'><strong>capitulum.</strong></span> 
     </span>
    </p>
   </div>
  </div>
