1927 3036
74 161 154 190 ‘H'l'l

79 264 97 298 ἡ
131 264 260 291 κοινωνία
289 265 336 292 τοῦ
368 265 446 300 ἁγίου
476 266 635 302 Πνεύματος
668 268 738 303 μετὰ
761 269 871 296 πάντων

79 309 171 344 ὑμῶν.
195 319 205 335 ι

98 366 167 393 KA'.
197 367 359 402 Ἀπόδειξις
384 369 440 404 τῆς
465 370 520 414 τοῦ
544 373 717 408 Πνεύματος
742 372 852 402 δεσπο-

432 414 523 439 τείας.

115 458 174 485 Καὶ
193 459 293 486 ἣάλιν¹
313 470 323 486 ‹
335 461 486 497 Διαιρέσεις
508 463 536 490 δὲ
558 464 736 500 χαρισμάτων
753 466 817 498 είσὶ,
839 466 870 493 τὺ

78 504 108 530 δὲ
125 505 192 531 αὐτὸ
206 505 334 542 Πνεῦμα·
347 508 393 535 καὶ
407 508 554 545 διαιρέσεις
566 510 709 538 διακονιῶν
724 513 804 545 εἰσιν,
813 513 827 539 6
841 512 870 540 δὲ

60 551 163 601 Ὶαύτὸς
188 552 303 589 Κύριος·
324 554 371 580 καὶ
385 555 531 592 διαιρέσεις
548 558 742 593 ἐνεργημάτων
763 559 842 593 είσὶν,
855 561 870 586 ὸ

66 596 106 630 ξδὲ
129 598 212 630 αὑτός
227 600 284 626 ἐστι
299 600 364 632 Θεὸς
379 600 393 626 6
409 602 529 637 ἐνεργῶν
543 603 577 630 τὰ
599 603 687 631 πάντα
708 604 737 630 ἐν
752 605 830 632 πᾶσι.
856 614 865 631 ι

76 643 170 670 Αὑτοῦ
184 643 213 670 δὲ
237 645 380 681 κηρύττων
391 647 440 684 τὴν
461 648 585 680 ἐξουσίαν
605 649 670 676 ἐϐόα
680 658 686 665 ·
709 660 719 676 ί
735 650 826 678 Πάντα
840 650 869 677 δὲ

76 690 167 717 ταῦτα
184 691 290 726 ἐνεργεῖ
302 692 333 719 τὸ
348 693 413 720 αὐτὸ
435 695 482 722 καὶ
495 694 525 721 τδ
547 695 576 722 έν
593 696 703 732 Πνεῦμα
716 717 723 730 ,
743 697 865 732 διαιροῦν

79 735 134 771 ἰδίᾳ
150 737 268 773 ἑκάστῳ,
286 738 376 769 καθὼς
403 739 527 774 βούλεται
546 741 667 777 διανέμει
686 743 724 777 (2)
746 743 800 774 τοϊς
821 751 868 769 πι-

79 781 207 808 στεύουσι
219 782 253 809 τὰ
264 782 348 818 δῶρα.
359 792 369 808 ι
379 784 419 809 Δι’
434 784 516 811 αὐτοῦ
529 784 584 820 γὰρ
594 784 649 812 τῶν
663 785 868 821 ἁμαρτημάτων

78 826 214 862 ἐλάϐομεν
227 827 277 865 τὴν
298 828 460 866 ἀπαλλαγήν
470 837 478 846 ¹
493 830 527 858 δι’
549 831 631 858 αὐτοῦ
645 831 696 867 τῆς
713 831 868 868 ἐλευθερίας

78 874 251 910 τυγχάνομεν
262 884 269 891 ο
285 875 319 902 δι’
331 876 414 904 αὐτοῦ
425 876 472 904 τοῦ
487 877 538 913 τῆς
551 878 687 910 υἱοθεσίας
700 878 868 914 χαρίσματος

78 909 253 956 ἀπολαύομεν
263 930 270 937 ’
298 931 308 948 ι
328 922 365 949 Οὐ
381 922 436 959 γὰρ
459 909 592 959 ἐλάθομεν
612 909 743 959 Πνεῦμα,
757 909 840 959 φησὶν
854 925 869 951 6
885 909 906 939 Β

79 965 198 999 Παῦλος,
215 966 338 1000 δουλείας
365 967 446 996 πάλιν
465 970 506 1000 είς
531 969 632 1004 φόϐον,
653 969 711 996 ἀλλ’
736 969 868 1005 ἐλάϐομεν

79 1012 194 1047 Πνεῦμα
207 1013 352 1047 υἱοθεσίας,
363 1014 393 1041 ἐν
402 1011 424 1049 ᾧ
439 1014 586 1051 κράζομεν,
609 1015 693 1042 Ἀὅὸᾶ
703 1016 717 1042 6
731 1016 837 1051 Πατήρ.
855 1025 865 1042 ι

78 1059 135 1087 Καὶ
149 1059 282 1095 ἀλλαχοῦ·
310 1069 320 1087 ι
340 1061 370 1087 ’0
386 1061 441 1097 γὰρ
467 1062 548 1096 νόμος
565 1060 612 1088 τοῦ
639 1061 797 1097 Πνεύματος
819 1062 868 1097 τῆς

79 1103 154 1139 ζωῆς
173 1104 338 1141 ἐλευθέρωσέ
364 1114 398 1141 με
414 1106 469 1133 ἀπὺ
493 1106 540 1133 τοῦ
558 1106 640 1142 νόμου
664 1106 714 1142 τῆς
731 1107 868 1143 ἁμαρτίας

79 1149 128 1175 καὶ
138 1149 185 1176 τοῦ
197 1150 322 1178 θανάτου.
339 1161 348 1177 ι
364 1152 420 1178 Καὶ
439 1152 572 1187 ἑτέρωθεν
584 1160 591 1167 ·
603 1161 612 1178 ι
633 1152 663 1179 '0
677 1152 706 1179 δὲ
719 1152 821 1188 Κύριος
837 1153 868 1180 τὸ

77 1196 193 1231 Πνεῦμά
210 1199 298 1224 ἐστιν·
316 1195 347 1225 οὗ
362 1198 391 1225 δὲ
405 1198 435 1225 τὺ
452 1199 564 1234 Πνεῦμα
575 1199 695 1235 Κυρίου,
713 1201 772 1227 ἐκεῖ
790 1200 868 1226 ἐλευ-

78 1242 174 1278 θερία·
192 1252 202 1270 ι
221 1244 251 1283 to
262 1243 291 1271 δὲ
303 1245 367 1277 τοὺς
382 1245 479 1278 ἄλλους
495 1245 665 1282 ἐλευθεροῦν,
683 1247 713 1274 οὐ
729 1247 849 1274 δουλεύει
859 1254 865 1261 ·

78 1287 139 1321 πῶς
155 1289 208 1325 γὰρ
224 1288 257 1317 ἂν
271 1291 326 1322 τοῖς
337 1291 494 1326 ὁμοδούλοις
508 1293 634 1329 μεταδοίη
646 1289 688 1320 ὦν
702 1293 732 1320 οὺ
749 1292 866 1328 μετέχει,

77 1332 110 1362 οὗ
118 1337 209 1370 τυχεῖν
220 1336 270 1367 οὐκ
287 1336 385 1374 ἰσχύει,
399 1335 429 1365 οὗ
442 1338 594 1365 ἀπολαῦσαι
606 1339 731 1375 βούλεται
752 1339 811 1376 μὲν,
828 1339 866 1371 ὡς

77 1381 164 1415 ειιὼς,
173 1381 202 1408 οὐ
214 1381 325 1410 δύναται
344 1383 372 1410 δέ
384 1392 390 1416 ;
400 1382 433 1410 Et
446 1384 474 1410 δὲ
487 1384 648 1420 μεταδίδωσι
658 1386 715 1417 τοῖς
726 1385 868 1412 πιστεύου-

77 1435 122 1460 σιν
147 1427 321 1464 ἐλευθερίας,
352 1429 401 1457 καὶ
434 1429 572 1466 ἐλευθεροί
592 1430 656 1462 τοὺς
676 1430 866 1463 δουλεύοντας,

75 1473 109 1500 ού
124 1473 245 1501 δουλεύει
258 1474 390 1510 δηλονότι,
407 1474 475 1501 ἀλλὰ
487 1474 624 1509 δεσπόζει,
638 1476 686 1502 καὶ
700 1476 867 1508 δεσποτικῶς

75 1519 128 1554 τὴν
147 1520 302 1557 ἐλευθερίαν
319 1518 359 1553 οἷς
377 1520 465 1552 ἐθέλει
481 1521 641 1557 χαρίζεται·
655 1520 696 1548 διδ
714 1521 760 1548 ml.
783 1522 797 1548 6
815 1530 867 1557 μα-

77 1565 174 1601 κάριος
193 1565 244 1602 ἔφη
260 1566 376 1599 Παῦλος,
392 1567 433 1593 ὃτι
448 1576 456 1592 ι
471 1566 564 1594 Πάντα
575 1566 662 1593 ταῦτα
673 1567 780 1603 ἐνεργεῖ
793 1566 823 1593 τὸ
838 1566 866 1594 ἓν

77 1611 127 1638 καὶ
147 1611 178 1638 τὸ
202 1612 268 1639 αὐτὸ
293 1612 415 1648 Πνεῦμα,
437 1613 557 1649 διαιροῦν
582 1613 636 1649 ἰδίᾳ
651 1613 758 1649 ἑκάστῳ
777 1613 867 1645 καθὼς

77 1656 213 1693 βούλεται.
234 1667 243 1684 ι
261 1658 306 1685 Διὸ
322 1659 369 1686 καὶ
392 1659 406 1685 6
430 1660 574 1696 προφήτης
595 1659 624 1686 ἐν
637 1660 670 1695 τῇ
694 1659 800 1695 Παλαιᾷ
819 1658 868 1695 τὴν

76 1705 203 1738 ἐξουσίαν
218 1704 299 1732 αὑτοῦ
323 1705 465 1742 κηρύττων
484 1705 549 1732 ἐθόα
559 1713 566 1721 ⁸
585 1715 594 1731 ι
608 1705 709 1741 Κύριος
725 1705 868 1732 ἀπέστειλέ

77 1759 125 1787 με,
143 1751 230 1778 καὶτὸ
245 1751 359 1787 Πνεῦμα
375 1751 468 1778 αὐτοῦ.
484 1760 493 1777 ›
507 1751 561 1780 Καὶ
573 1753 587 1779 6
599 1751 666 1785 Θεὸς
679 1752 802 1787 ἐγκαλῶν
812 1753 869 1784 τοῖς

84 1797 230 1830 Ἰουδαίοις·
238 1807 247 1824 ι
259 1797 429 1834 Ἐποιήσατο,
439 1798 515 1833 φησὶ,
526 1797 632 1834 βουλὴν,
644 1799 691 1825 καὶ
702 1799 732 1831 ού
744 1798 776 1826 δι’
788 1797 866 1833 ἐμοῦ,

75 1844 126 1869 καὶ
143 1841 277 1877 συνθήκας
287 1842 317 1869 οὺ
330 1842 374 1869 διὰ
389 1842 435 1869 τοῦ
451 1841 608 1878 Πνεύματός
625 1852 675 1878 μου
685 1852 692 1858 ·
708 1852 718 1869 ι
740 1843 867 1870 κοινωνὸν

74 1887 128 1922 τῆς
147 1887 306 1919 δεσποτείας
332 1887 440 1920 δεικνὺς
460 1887 492 1915 τὸ
510 1887 622 1924 Πνεῦμα
640 1889 671 1915 τὺ
694 1889 781 1923 ἅγιον.
808 1889 864 1916 Καὶ

76 1934 227 1970 ἑτέρωθεν·
246 1943 255 1960 ι
266 1933 323 1966 Διὺ,
342 1934 434 1970 φησὶν,
448 1934 504 1969 ἐγὼ
525 1934 585 1970 μεθ’
598 1934 675 1970 ὑμῶν
689 1935 757 1970 είμι,
774 1934 821 1962 καὶ
837 1934 867 1962 τὸ

76 1980 192 2016 Πνεῦμά
207 1989 257 2015 μου
272 1981 422 2016 ἐφέστηκεν
436 1982 466 2008 ὲν
482 1981 558 2016 μέσῳ
576 1980 662 2016 ὑμῶν.
676 1989 686 2006 ι

175 2035 240 2062 KB’.
257 2035 321 2063 Ὅτι
335 2035 516 2071 δημιουργὸς
528 2037 545 2062 ό
559 2034 766 2070 Παρὰκλητος.

112 2091 169 2118 Καὶ
185 2092 200 2118 6
216 2090 275 2118 ἰὼσ
292 2091 456 2128 δημιουργὸν
473 2091 538 2119 αὐτὸ
551 2092 599 2118 καὶ¹
617 2090 777 2118 δεσποτικὸν
792 2088 863 2119 εἶναι

75 2137 232 2170 πιστεύων,
264 2137 321 2164 ἀλλ’
352 2137 402 2174 οὐχ
431 2137 618 2173 ὑπουργικὺν,
649 2136 710 2163 οὐδὲ
738 2136 863 2172 ποίημα·

77 2196 86 2211 ε
101 2184 214 2220 Πνεῦμα
228 2184 308 2217 θεῖον,
321 2184 412 2219 φησὶν,
426 2183 456 2210 τὸ
474 2183 588 2218 ποιῆσάν
601 2191 646 2218 με,
662 2182 730 2218 πνοὴ
750 2181 778 2209 δὲ
795 2190 864 2209 παν-

73 2230 241 2266 τοκράτορος
255 2230 272 2265 ή
281 2229 442 2256 διδάσκουσα
457 2237 501 2264 με.
521 2237 530 2253 ι
546 2229 577 2256 Εἰ
588 2227 677 2263 δὲτὴν
690 2227 864 2263 ἀνθρωπίνην

74 2276 158 2311 φύσιν
184 2275 393 2311 ἐδημιούργησε,
412 2275 462 2310 τὴν
480 2274 565 2310 αὐτὴν
583 2274 676 2301 οὐσίαν
698 2274 755 2309 ἔχει
777 2274 865 2309 Πατρὶ

74 2322 124 2348 καὶ
140 2321 198 2356 Υἰῷ
210 2328 217 2336 ⁸
235 2322 264 2348 ἐν
275 2321 330 2356 γὰρ
345 2322 378 2356 τῇ
398 2319 445 2347 τοῦ
460 2319 604 2356 ἀνθρώπου
627 2320 736 2356 ποιήσει
759 2317 834 2346 εἶπεν
849 2320 864 2346 ό

73 2367 142 2399 Sed;
151 2375 159 2383 '
180 2377 188 2393 I
205 2367 366 2402 Ποιήσωμεν
377 2367 519 2403 ἄνθρωπον
531 2367 590 2394 κατ’
607 2366 699 2393 εἰκόνα
711 2366 862 2403 ἡμετέραν,

74 2413 123 2440 καὶ
137 2412 198 2439 καθ’
211 2412 348 2447 ὁμοίωσιν.
367 2410 434 2438 »Ὧν
445 2412 473 2440 δὲ
482 2414 499 2449 ἡ
515 2412 598 2440 είκὼν
616 2412 676 2449 μία,
688 2412 790 2439 τούτων
814 2412 862 2448 δη-

75 2458 168 2486 λονότι
185 2458 234 2485 καὶ
249 2459 265 2494 ἡ
279 2458 358 2485 οὐσία
375 2458 435 2496 μία.

160 2559 225 2588 Kl".
244 2559 310 2587 ’Ὅτι
324 2559 358 2586 ἐκ
375 2559 450 2586 Θεοῦ
465 2558 498 2586 τὸ
515 2559 636 2594 Πνεῦμα
649 2559 682 2585 τὸ
698 2558 791 2593 ἅγιον.

110 2616 176 2643 Ὀτι
191 2615 219 2643 δὲ
237 2615 331 2648 οὐσίας
345 2615 421 2648 θείας
436 2616 552 2651 ὑπάρχει
566 2616 596 2643 τὸ
610 2615 723 2651 Πνεῦμα
734 2616 764 2642 τὸ
775 2615 863 2650 ἅγιον,

109 2705 134 2721 ⁸⁸
147 2704 168 2732 Il
179 2704 242 2732 Cor.
255 2711 315 2736 stu.
334 2705 377 2733 13.

112 2818 153 2857 (I)
175 2818 342 2857 Videsuapttd
357 2817 485 2857 erillum
504 2820 583 2857 recte.
597 2816 716 2857 additium
734 2817 781 2842 καὶ
804 2817 860 2857 Ila:

77 2850 154 2888 τρόςζ
170 2862 231 2888 qua:
248 2850 330 2880 dirtin
355 2850 432 2880 deest
459 2853 485 2878 in
510 2852 601 2893 multis
614 2850 679 2893 Novi
696 2851 861 2893 ire-stamettti

76 2886 228 2924 codicibus,
248 2893 275 2918 ct
292 2894 379 2917 tamen
394 2886 547 2916 nccessarin
561 2887 607 2922 hic
619 2891 659 2914 est
672 2887 704 2914 ad
722 2886 861 2916 Trinitatis

755 166 800 194 DE
820 167 1020 196 TRINITATE.

86 217 190 252 Ἰησοῦ,
212 214 260 245 καὶ
275 219 291 253 ἡ
307 218 405 254 ἀγάπη
415 219 463 246 τοῦ
481 219 549 246 Θεοῦ
570 221 617 247 καὶ
639 221 745 257 Πατρδς
760 222 809 258 (I),
827 224 865 250 κα¹

924 226 1134 255 communicatio
1151 228 1237 257 sancti
1260 229 1378 266 Spiritus
1398 231 1434 260 sit
1448 240 1509 262 cum
1524 237 1649 266 omnibus
1664 247 1711 267 vu-

428 2702 472 2730 “l
487 2703 550 2731 Cor.
571 2712 620 2734 xu,
634 2703 692 2731 6-6.
741 2704 764 2719 ⁵⁰
777 2703 842 2731 ibid.
857 2703 900 2730 Il.

75 2742 98 2757 "
115 2742 169 2769 lsa.
184 2747 278 2774 vatu,
294 2740 336 2768 l6.
371 2740 394 2756 ⁸⁵
406 2739 534 2775 Isa._xu,
547 2739 572 2766 I.
611 2739 634 2755 "
646 2739 713 2774 Agg.
724 2746 753 2772 ll,
769 2739 795 2766 6.
832 2739 853 2755 ⁸⁷

937 2747 1023 2769 xxxii.
1039 2739 1067 2766 8.

1643 176 1709 211 ms

924 270 967 298 bis
985 270 1016 299 “.
1035 282 1046 299 ι

961 370 1031 400 XXI.
1057 373 1260 403 Demonstrntur
1274 378 1392 413 Spiritus
1412 381 1498 408 sancti
1517 381 1672 411 dominatio.

961 458 1066 488 Rursus
1097 461 1218 491 Paulus:
1243 473 1254 490 ‹
1288 465 1439 495 Divisiones
1465 476 1530 497 vero
1560 471 1707 505 gratiarum

923 511 996 536 sum.
1013 505 1083 533 idem
1097 512 1187 535 autem
1202 509 1319 544 Spiritus
1337 521 1343 538 :
1361 516 1387 539 et
1403 512 1552 542 divisiones
1568 515 1708 543 ministra—

924 550 1025 578 tionum
1042 557 1116 585 sunt,
1140 553 1211 582 idem
1229 561 1317 583 autent
1337 557 1417 590 Deus,
1440 560 1485 593 qui
1509 565 1637 595 operatur
1651 569 1708 588 0m—

922 597 966 624 nia
994 597 1019 624 in
1053 600 1179 628 omnibus
1191 601 1225 629 “.
1243 610 1254 628 ι
1277 601 1402 636 Ejusdem
1431 606 1512 632 etiam
1544 611 1708 641 potestatem

924 642 1007 678 700
1020 652 1045 670 γη
1062 646 1212 679 pradicans
1225 646 1357 676 clamabat
1375 658 1381 677 :
1403 659 1413 676 (
1432 650 1493 678 llaec
1508 657 1597 678 autem
1618 654 1707 680 omnia

920 693 1050 722 operatur
1066 698 1136 718 unus
1153 696 1234 727 atque
1250 693 1320 721 idem
1344 694 1473 730 Spiritus.
1487 696 1612 724 dividens
1631 706 1707 732 sepa-

922 734 1001 761 ratim
1022 736 1141 771 singulis
1156 747 1162 764 :
1179 743 1258 772 prout
1277 739 1335 766 vult
1350 741 1488 769 distribuit
1500 742 1568 769 dona
1580 743 1614 770 ".
1631 752 1640 768 ι
1659 743 1709 771 Per

922 779 1008 814 ipsum
1025 782 1126 817 quippe
1143 784 1297 819 recepimus
1310 793 1484 821 peccatorum
1500 788 1706 822 remissionem;

920 833 969 861 per
979 827 1066 862 ipsum
1082 828 1236 858 libertatem
1250 832 1462 867 consequimur;
1475 840 1523 867 per
1539 834 1627 869 ipsum
1642 835 1708 862 ado-

921 874 1021 908 ptionis
1040 875 1128 910 gratia
1143 877 1269 904 fruimur.
1290 887 1300 904 ‹
1320 878 1379 906 Νοη
1396 880 1468 906 enim
1486 879 1649 916 accepimus,
1666 881 1706 909 in~

920 919 980 953 quit
997 918 1107 953 Paulus,
1121 919 1255 955 Spiritum
1274 922 1414 950 servitutis
1427 923 1526 951 iterum
1550 925 1579 952 in
1601 926 1707 958 timore,

918 964 966 992 sed
981 965 1135 1000 accepimus
1146 967 1270 1001 spiritum
1286 969 1439 1003 adoptionis
1459 970 1485 998 in
1502 971 1583 1004 filios,
1609 971 1635 998 in
1655 979 1708 1007 quo

917 1009 1075 1045 clamamus,
1090 1012 1165 1041 Abba
1179 1012 1261 1041 Pater
1274 1014 1307 1041 ἰ.
1324 1024 1333 1041 ›
1352 1015 1386 1043 Ει
1396 1015 1449 1043 alio
1466 1016 1543 1044 loco:
1558 1025 1568 1042 ε
1583 1016 1650 1044 Nam
1666 1017 1708 1044 lex

918 1055 1030 1090 spiritus
1047 1057 1108 1085 vita:
1124 1058 1259 1089 liberavit
1285 1067 1329 1088 me
1350 1068 1365 1087 a
1390 1061 1449 1096 lege
1472 1062 1576 1097 peccati
1591 1066 1618 1089 et
1633 1070 1708 1089 mor-

920 1101 954 1128 tis
964 1102 996 1129 “.
1016 1110 1025 1128 ι
1045 1102 1078 1130 Et
1093 1104 1156 1132 alibi
1178 1113 1186 1132 :
1208 1114 1219 1131 ί
1237 1105 1369 1134 Dominus
1391 1112 1480 1135 autem
1504 1107 1623 1143 Spiritus
1642 1113 1683 1135 est
1698 1102 1714 1137 τ’

920 1147 966 1175 ubi
984 1152 1074 1176 autem
1093 1148 1211 1185 Spiritus
1230 1151 1350 1186 Domini,
1376 1152 1412 1179 ibi
1441 1153 1553 1181 libertas
1573 1153 1607 1180 ".
1626 1163 1636 1180 ι
1658 1154 1707 1187 Qui

919 1197 1009 1221 autem
1024 1194 1092 1223 alios
1111 1195 1219 1230 liberat,
1242 1197 1266 1225 is
1286 1202 1342 1226 non‘
1368 1199 1463 1227 servit.
1484 1199 1536 1233 Qui
1557 1199 1630 1227 enim
1649 1200 1708 1228 ﬂeri

918 1245 1010 1274 posset
1025 1245 1054 1267 ut
1072 1243 1212 1271 conservis
1225 1243 1301 1272 daret
1313 1252 1373 1279 quae
1389 1245 1446 1280 ipse
1458 1253 1512 1273 non
1530 1246 1620 1279 habet,
1632 1247 1706 1282 quod

918 1283 976 1319 ipse
1003 1287 1131 1321 consequi
1155 1294 1209 1315 non
1232 1289 1316 1322 valet,
1335 1297 1389 1325 quo
1412 1290 1492 1317 vellet
1509 1291 1616 1326 quidem
1643 1292 1707 1324 frui,

918 1330 956 1357 uti
979 1338 1028 1366 par
1042 1336 1095 1364 est,
1112 1340 1201 1368 neque
1220 1338 1310 1362 tamen
1333 1336 1444 1370 posset?
1467 1336 1543 1370 Quod
1568 1337 1590 1364 si
1614 1345 1708 1365 revera

918 1377 1093 1406 credentibus
1108 1378 1262 1407 libertatem
1277 1382 1470 1415 communicat,
1485 1387 1512 1410 et
1528 1390 1620 1410 servos
1634 1383 1706 1411 libe-

918 1425 969 1454 rat,
986 1430 1039 1451 non
1065 1424 1159 1459 utique
1177 1426 1235 1460 ipse
1260 1427 1354 1461 servit,
1376 1428 1423 1456 sed
1445 1429 1609 1463 dominatur,
1626 1430 1708 1458 liber-

919 1470 1054 1511 tatemque
1077 1477 1126 1505 pro
1144 1477 1191 1497 sua
1213 1475 1347 1506 potestate
1367 1473 1467 1508 quibus
1493 1474 1550 1502 vult
1572 1475 1697 1511 largitur.

918 1510 1010 1544 Quare
1026 1517 1053 1540 et
1068 1513 1164 1542 beatus
1177 1514 1275 1543 Paulus
1291 1516 1328 1543 ait
1342 1527 1348 1544 :
1365 1525 1374 1543 ι
1391 1517 1487 1545 Omnia
1499 1510 1627 1553 operatur
1641 1528 1710 1548 unus

923 1561 1004 1592 atque
1018 1558 1087 1586 idem
1104 1559 1231 1595 Spiritus,
1249 1562 1371 1590 dividens
1384 1564 1499 1599 singulis
1514 1570 1594 1599 prout
1610 1566 1677 1593 vult.
1697 1576 1707 1593 ι

922 1603 1101 1636 Quamobrem
1123 1611 1150 1633 et
1167 1607 1299 1642 propheta
1314 1608 1341 1635 in
1357 1608 1456 1637 Vetere
1470 1610 1644 1640 Testamento
1661 1621 1709 1648 po-

920 1648 1034 1676 tentiam
1053 1649 1125 1678 illius
1138 1651 1288 1685 prmtlicans
1306 1653 1441 1682 clamabat
1457 1664 1464 1682 :
1481 1664 1491 1681 ι
1513 1656 1642 1685 Dominus
1659 1659 1709 1686 mi-

922 1693 958 1720 sit
972 1701 1014 1722 me
1029 1699 1057 1722 et
1070 1695 1188 1729 Spiritus
1204 1697 1261 1731 ejus
1274 1698 1308 1726 ".
1328 1708 1338 1726 ι
1355 1699 1390 1727 Ει
1412 1700 1543 1730 Dominus
1561 1704 1709 1738 reprelien-

925 1739 993 1767 dens
1009 1739 1135 1769 Judaeos:
1154 1751 1164 1768 ι
1183 1742 1344 1777 Consilium,
1355 1745 1451 1781 inquit,
1466 1747 1536 1780 iniit,
1549 1752 1576 1775 et
1595 1756 1647 1776 non
1661 1757 1708 1783 per

918 1792 980 1818 me;
1010 1791 1038 1813 et
1074 1789 1291 1822 conventiones,
1321 1791 1368 1818 sed
1405 1799 1458 1819 non
1492 1800 1540 1828 per
1577 1793 1706 1828 Spiritum

925 1839 1015 1860 meum
1029 1833 1073 1867 ";
1090 1844 1099 1860 ι
1117 1835 1274 1870 participem
1295 1836 1333 1864 itn
1358 1838 1547 1868 demonstrans
1566 1842 1707 1875 potestatis

918 1883 1044 1906 sanctum
1064 1879 1207 1914 Spiritum.
1231 1882 1264 1909 Et
1290 1883 1407 1918 denique
1426 1884 1512 1913 alibi:
1536 1895 1546 1912 ι
1575 1886 1645 1920 Ideo,
1664 1889 1706 1914 in-

917 1925 986 1958 quit,
999 1932 1050 1960 ego
1067 1927 1208 1954 vobiscum
1226 1936 1297 1961 sum,
1315 1935 1341 1957 et
1359 1930 1478 1964 Spiritus
1503 1940 1578 1961 meus
1601 1933 1629 1961 in
1650 1941 1705 1962 me-

917 1970 961 1998 dio
979 1975 1100 1998 vestrum
1116 1973 1193 2000 stetit
1209 1973 1244 2000 ⁸⁶.
1263 1983 1272 2000 ι

1041 2024 1124 2053 XXII.
1143 2026 1220 2060 Quod
1235 2027 1397 2058 Paraclelus
1414 2031 1449 2058 sit
1468 2037 1580 2062 creator.

949 2081 1035 2110 Iebus
1049 2090 1156 2119 quoque
1168 2090 1320 2115 creatorem
1336 2087 1535 2124 Dominumqne
1546 2091 1633 2125 ipsum
1648 2092 1706 2127 Spi-

916 2129 997 2157 ritum
1027 2131 1152 2163 credens,
1175 2139 1229 2159 nou
1255 2133 1408 2161 ministrum
1432 2143 1520 2170 neque
1540 2143 1702 2171 creaturam,

919 2184 928 2202 ι
945 2174 1064 2210 Spiritus
1080 2176 1200 2209 divinus,
1225 2177 1323 2214 inquit,
1339 2179 1385 2214 qui
1409 2180 1474 2208 fecit
1499 2189 1554 2214 me,
1572 2188 1599 2210 et
1617 2184 1704 2217 spira-

917 2229 978 2249 men
994 2222 1190 2258 omnipotentis
1211 2224 1283 2259 quod
1298 2225 1389 2253 erudit
1403 2234 1448 2254 me
1460 2227 1495 2255 ".
1514 2238 1524 2254 ι
1544 2228 1603 2256 Jnm
1621 2231 1642 2257 si
1656 2230 1704 2257 liu-
1721 2234 1723 2238 ‘

918 2276 1027 2296 manam
1044 2274 1169 2298 naturam
1185 2270 1300 2304 creavit,
1316 2273 1441 2308 sequitur
1460 2278 1490 2301 ut
1504 2274 1625 2309 ejusdem
1644 2283 1705 2304 cum

918 2313 999 2343 Patre
1014 2323 1045 2343 ac
1057 2315 1127 2343 Filio
1139 2316 1300 2345 substantia:
1327 2317 1374 2346 sit.
1393 2317 1515 2354 Namque
1537 2321 1564 2347 in
1588 2321 1705 2349 hominis

918 2362 1061 2390 creatione
1073 2362 1142 2390 dixit
1155 2362 1226 2390 Deus
1240 2373 1247 2390 :
1266 2373 1275 2389 ι
1287 2363 1431 2392 Faciamus
1443 2365 1550 2400 701m
1567 2366 1703 2395 hominem

916 2408 950 2435 ad
963 2408 1106 2444 imaginem
1121 2414 1240 2437 nostram
1250 2417 1282 2438 ac
1294 2410 1497 2439 similitudinem
1513 2412 1547 2439 ⁸⁸.
1562 2422 1571 2438 ι
1588 2412 1706 2446 Quorum

919 2459 1009 2482 autem
1024 2463 1076 2483 una
1097 2460 1138 2484 est
1154 2456 1254 2492 imago,
1272 2464 1364 2484 eorum
1381 2457 1507 2486 videlicet
1527 2466 1579 2486 una
1602 2466 1709 2495 quoque

918 2501 1068 2529 substantia
1085 2506 1136 2529 est.

1006 2557 1100 2585 XXIII.
1118 2557 1194 2590 Quod
1214 2565 1246 2585 ex
1265 2557 1319 2586 Deo
1332 2559 1367 2586 sit
1385 2557 1500 2593 Spiritus
1517 2565 1635 2586 sancms.

954 2614 1033 2648 Quod
1057 2619 1149 2643 autem
1171 2614 1263 2642 divina
1285 2618 1391 2642 constet
1413 2615 1568 2643 subslanliu
1586 2614 1706 2650 Spiritus

950 2704 972 2719 ⁵¹
993 2703 1072 2730 Rom.
1086 2711 1143 2733 vm.
1160 2703 1203 2730 15.
1254 2703 1276 2719 ⁸¹
1294 2703 1358 2731 ibid.
1374 2704 1400 2733 2,
1450 2704 1506 2732 "II
1521 2705 1583 2733 Cor.
1600 2713 1641 2734 ιιι.
1660 2705 1703 2733 l7.

1119 2738 1142 2755 "
1155 2739 1222 2766 Gen.
1236 2747 1255 2771 ι,
1275 2738 1320 2765 26.
1560 2763 1563 2765 .

916 2816 1021 2851 plenam
1042 2817 1285 2844 enumerationem.

950 2851 988 2885 (2)
1009 2851 1047 2878 Ita
1066 2853 1149 2891 codex
1165 2852 1297 2888 διανέμει,
1314 2853 1372 2881 sine
1387 2853 1442 2881 ulla
1456 2857 1535 2883 antea
1552 2855 1592 2883 vel
1612 2859 1704 2891 postea

916 2887 1142 2921 iutcrpunctiouc.
