1927 3036
241 158 261 196 ἰ
270 167 320 196 iss

749 164 780 193 S.
801 163 938 192 CYRILLI
958 159 1193 191 ALEXANDRINI
1214 159 1374 201 ARCHIEP.

1818 157 1887 185 H85

249 233 324 255 tuum
340 232 370 255 ut
383 227 485 262 Spiritu
498 231 593 255 sancto
605 226 770 260 mentireris,
784 231 812 253 et
830 227 863 253 de
877 226 932 262 agri
949 224 1034 260 pretio

1089 223 1134 258 τὴν
1150 222 1265 258 καρδίαν
1289 230 1336 249 σου
1357 220 1513 257 ψεύσασθαι
1532 221 1563 248 τδ
1586 221 1665 255 ἅγιον
1684 218 1815 254 Πνεῦμα,
1840 218 1887 244 καὶ

250 274 423 302 fraudarcs"
436 274 448 301 τ
471 282 480 300 ι
497 273 529 301 Ει
542 280 602 301 mox
620 283 626 300 :
641 272 722 309 τοι
730 280 780 299 nu
792 272 851 300 Non
864 280 894 300 es
910 272 1038 300 mentitus

249 320 416 353 hominibus,
431 320 477 348 sed
494 319 550 347 Deo
568 319 601 346 ".
623 328 632 346 ι
655 319 723 346 Nam
741 319 804 354 quia
830 318 874 346 ille
897 323 1039 354 putaverat

249 365 333 392 latere
357 365 511 398 apostolos,
534 367 624 399 utpote
646 363 784 396 homines,
804 363 869 391 dum
894 364 926 391 de
944 362 1038 398 praedii

249 409 336 444 pretio
348 416 427 444 quam
439 409 518 436 libuit
536 413 641 445 partem
658 409 839 442 subtraheret,
853 408 1037 444 apostolorum

249 456 372 490 princeps
387 463 448 482 eum
462 455 558 488 ducet.
575 463 623 484 eos
647 455 693 490 qui
714 455 831 489 Spiritus
845 455 931 491 gratia
952 454 1038 489 polle-

247 505 319 534 rent,
331 506 425 529 cuncta
438 507 530 536 aperte
543 508 705 536 cognoscere
713 507 772 536 quze
785 500 854 529 clam
870 505 929 528 acta
937 504 1036 528 essent.

248 546 306 574 Non
317 546 393 574 nobis
409 547 536 574 mentitus
556 554 596 580 es,
614 547 719 582 inquit,
737 547 784 575 sed
802 545 914 582 Spiritui
931 550 1035 574 sancto.

248 592 288 620 Ne
312 593 396 628 igitur
414 593 538 621 homines
561 597 588 620 te
608 592 737 622 fefellisse
763 598 842 629 putes
859 601 866 620 :
887 592 943 621 Deo
965 591 1038 620 enim

248 643 275 665 tu
293 645 351 666 rem
369 638 465 667 falsam
489 639 581 668 dixisti
602 648 611 674 ;
633 647 750 676 namque
772 639 926 667 hominibus
943 646 995 666 non
1008 646 1038 667 es

248 684 394 717 mentitus,
416 684 464 713 sed
486 684 551 713 Deo.
576 684 654 713 Haud
669 685 768 720 quippe
784 684 861 712 nobis
874 688 902 712 tu
918 683 1037 717 illusisti,

247 729 296 756 sed
311 728 424 764 Spiritui
437 734 542 765 saneto,
558 731 604 766 qui
622 731 694 759 Deus
712 734 764 763 est,
779 737 813 758 ex
833 729 889 759 Deo
901 730 1038 758 exsistet:-

248 775 313 803 tiam
331 775 433 804 habens
443 796 450 810 ,
464 781 491 804 et
507 776 627 811 ejusdem
641 780 745 805 naturae
765 777 865 805 socius.
885 775 942 804 Hoc
956 776 1038 804 etiam

247 820 335 849 Lucas
350 822 377 849 in
394 822 507 851 Actibus
523 823 659 857 ostendit,
673 824 736 851 dum
751 829 842 851 narrat
858 823 946 858 quod,
959 827 1037 850 antea

248 868 467 897 ministrantibus
496 869 611 897 Domino
643 873 671 897 et
694 870 877 905 lejunantlbus
907 870 1038 898 fratribus

247 914 411 948 Antiochiae,
426 913 495 942 dixit
514 914 631 950 Spiritus
646 919 756 944 sanctus
773 924 781 943 :

284 1058 379 1088 XXVI.
405 1059 585 1095 Multifariam
612 1064 810 1088 demonstratur
835 1059 917 1087 Deum
941 1068 999 1088 esse

493 1095 623 1130 Spiritum
639 1100 771 1123 sanctum.

286 1159 297 1176 ι
313 1149 461 1186 Segregate
477 1150 541 1178 mihi
564 1149 678 1179 Paulum
696 1155 725 1179 et
743 1150 897 1180 Barnabam
919 1152 946 1180 in
967 1159 1037 1188 opus

247 1197 282 1224 ad
292 1196 363 1232 quod
372 1203 418 1224 eos
433 1196 562 1225 advocavi
575 1197 626 1226 τ’.»
642 1195 734 1233 Pergit
746 1203 835 1226 autem
850 1198 942 1227 dicere
961 1198 1036 1234 ipsos

247 1250 262 1269 a
276 1246 372 1271 sancto
393 1241 497 1277 Spiritu
520 1243 617 1272 missos
635 1243 735 1272 abiisse
757 1243 921 1273 Seleuciam.
947 1244 1037 1280 Atque

248 1287 294 1316 ubi
313 1288 436 1316 narravit
453 1289 588 1325 quomodo
614 1294 791 1325 peragrantes
813 1289 933 1326 Cyprum
949 1311 959 1324 ,
981 1289 1037 1326 Ly-

246 1333 328 1366 ciam,
342 1333 518 1371 Lycaoniam,
535 1334 723 1372 Pamphyliam
748 1340 830 1371 atque
850 1335 1005 1372 Bithyniam
1024 1355 1034 1369 ,

246 1380 414 1415 evangelium
425 1380 644 1416 praedicaverint,
656 1381 796 1418 subiungit
808 1390 816 1409 :
836 1391 846 1409 ι
865 1382 898 1410 Et
911 1381 974 1410 inde
986 1390 1036 1411 na-

247 1426 372 1461 vigantes
393 1426 566 1455 Antiochiam
595 1426 733 1455 Barnabas
763 1435 796 1456 ac
820 1427 938 1462 Saulus,
963 1428 1035 1457 unde

247 1469 357 1498 fuerant
374 1471 464 1499 traditi
477 1472 573 1506 gratiae
588 1471 636 1500 Dei
651 1472 679 1499 in
694 1479 762 1507 opus
784 1473 855 1508 quod
876 1473 1034 1509 compleve-

247 1521 326 1551 rant;
352 1524 414 1545 cum
445 1517 511 1546 illuc
540 1518 700 1552 venissent.
733 1523 761 1547 et
790 1518 939 1548 Ecclesiam
971 1527 1035 1548 con-

1088 267 1268 302 νοσφίσασθαί
1292 275 1322 294 σε
1345 267 1399 294 ἀπὸ
1421 267 1472 302 τῆς
1495 266 1578 302 τιμῆς
1595 265 1643 293 τοῦ
1658 264 1781 301 χωρίου;
1801 273 1812 289 ι
1832 263 1888 290 Καὶ

1090 313 1150 350 μετ’
1164 314 1243 348 δλίγα
1253 321 1260 328 θ
1270 313 1342 340 «Οὐκ
1354 312 1461 348 ἑψιύσω
1475 311 1717 348 Minnioni.ng
1731 309 1775 344 τῷ
1784 309 1856 343 Θεῷ.
1876 319 1884 332 ι

1095 359 1204 396 Ἐπειδὴ
1215 359 1269 395 γὰρ
1282 359 1386 386 ἐκεῖνον
1407 357 1485 394 ᾠήθη
1500 357 1643 385 λανθάνειν
1656 357 1695 388 ὡς
1719 355 1887 391 ἀνθρώπους

1088 407 1153 438 τοὺς
1192 405 1359 436 ἀποστόλους
1385 404 1552 439 ὑφελόμενος
1573 403 1626 439 τῆς
1656 402 1707 431 τοῦ
1741 402 1887 436 κτήματος

1088 451 1183 487 τιμῆς,
1202 451 1216 477 6
1239 450 1384 486 ἠθέλησεν,
1398 450 1414 476 6
1434 449 1581 484 κορυφαῖος
1599 448 1680 475 αὑτὸν
1692 446 1822 474 διδάσκει
1835 445 1887 471 τῶν

1089 497 1258 529 ἀποστόλων,
1270 497 1311 524 ὃτι
1329 495 1376 523 τοῦ
1394 494 1553 530 Πνεύματος
1567 495 1617 530 τὴν
1629 494 1710 529 χάριν
1723 493 1750 520 οἱ
1765 491 1885 527 ἔχοντες,

1089 543 1180 570 πάντα
1192 542 1285 578 σαφῶς
1304 542 1463 569 ιπίοτανται
1476 541 1511 568 τὰ
1531 540 1651 576 κρύϐδην
1664 539 1813 574 γινόμενα.
1831 538 1887 572 Οὺχ

1089 588 1165 623 ἡμᾶς
1178 587 1242 624 γὰρ,
1260 587 1354 623 φησιν,
1365 585 1484 622 ιψεύσω,
1496 585 1564 613 ἀλλὰ
1576 586 1606 612 τδ
1620 584 1735 620 Πνεῦμα
1747 584 1782 611 τὸ
1793 583 1870 617 ἆγιον
1878 591 1885 597 ’

1091 634 1129 670 μὴ
1143 634 1234 662 τοίνυν
1254 633 1416 670 ἀνθρώπους
1429 632 1604 668 ἡπατηκέναι
1619 632 1729 668 νόμιζε·
1744 631 1818 662 Θεὸς
1834 628 1899 665 γάρ’

1079 680 1188 710 Ᾱστινό
1207 679 1380 714 διαψευσθεὶς
1396 678 1473 715 παρά
1488 678 1552 705 σοῦ·
1571 678 1622 704 οὐκ
1637 677 1748 712 ἐψεύσω
1763 676 1824 712 γὰρ
1839 676 1886 703 ἁν-

1087 724 1220 761 ορώποις,
1235 724 1304 752 ἀλλὰ
1317 724 1356 760 τῷ
1368 723 1445 760 Θεῷ·
1465 724 1516 760 οὐχ
1537 725 1620 760 ἡμεῖς
1633 723 1699 759 γὰρ,
1718 722 1820 758 φησὶν,
1836 722 1885 748 ὑπὸ

1088 771 1138 798 σοῦ
1163 769 1429 807 παρεκρούσθημεν,
1458 770 1528 797 ἀλλὰ
1547 771 1578 797 τὺ
1602 770 1717 804 Πνεῦμα
1737 770 1772 796 τὸ
1799 770 1884 804 ἅγιον,

1087 817 1158 853 ὅπερ
1171 817 1231 844 tati.
1245 817 1322 850 Θεὸς,
1334 818 1366 844 hc
1375 817 1444 844 Θεοῦ
1465 816 1514 852 τὴν
1526 816 1644 852 ὓπαρξιν
1662 815 1736 852 ἔχον,
1754 816 1885 850 κάκείνης

1090 863 1213 899 ὑπάρχον
1223 862 1276 898 τῆς
1299 863 1418 898 φύσεως.
1443 862 1530 890 Τοῦτο
1544 863 1593 890 καὶ
1613 863 1627 889 6
1649 863 1762 894 Λουκᾶς
1785 863 1816 889 ὲν
1828 863 1884 894 ταῖς

1053 895 1079 927 Β
1091 895 1211 945 Πραέεσι
1228 895 1311 944 δῆλωί
1322 910 1413 936 ιωιεῐ·
1434 908 1520 936 εἰπὼν
1539 911 1594 945 γὰρ
1613 907 1753 944 ἀνώτερον
1773 908 1816 934 ὅτι
1831 908 1884 934 λει-

1088 954 1275 990 τουργούντων
1288 953 1327 990 τῷ
1342 953 1447 990 Κυρίῳ,
1467 954 1515 981 καὶ
1529 953 1719 990 νηστευόντων
1733 953 1791 980 τῶν
1811 953 1884 980 ἁδελ-

1088 1000 1147 1036 φῶν
1159 1001 1189 1028 ιν
1203 999 1363 1037 Ἀντιοχείᾳ,
1376 998 1437 1027 εῐπε
1447 1000 1478 1027 τδ
1493 999 1607 1036 Πνεῦμα
1619 1000 1650 1027 τὸ
1661 999 1740 1034 αγιον
1750 1007 1760 1015 ·

1123 1056 1198 1092 κεῖ.
1225 1057 1276 1084 Ἐκ
1302 1056 1453 1092 πλειόνων
1475 1055 1631 1092 ἀπόδειξις
1649 1056 1725 1084 Θεὸν
1751 1054 1833 1084 εῖναι
1847 1057 1880 1084 τὸ

1367 1091 1456 1127 ἅγιον
1470 1091 1602 1127 Πνεῦμα.

1125 1159 1135 1177 ι
1153 1149 1315 1187 Ἀφορίσατέ
1327 1159 1374 1186 μοι
1386 1149 1432 1178 τὸν
1447 1149 1552 1177 Παῦλον
1566 1149 1599 1186 δὴ
1613 1149 1661 1177 καὶ
1672 1148 1720 1177 τὸν
1738 1149 1884 1185 Βαρνὲὤαιι

1085 1196 1126 1230 εις
1139 1196 1170 1224 τὺ
1183 1196 1264 1234 ἔργον
1277 1197 1292 1224 6
1312 1197 1522 1233 προσκέκλημαι
1537 1196 1648 1229 αὐτούς.
1673 1205 1682 1222 ι
1707 1196 1764 1223 Καὶ
1781 1197 1884 1230 ἐπαγα-

1086 1243 1143 1279 γὼν
1162 1245 1204 1272 ὅτι
1232 1244 1439 1280 ἐκπεμφθέντες
1464 1244 1517 1271 ὑπὸ
1542 1243 1589 1271 τοῦ
1617 1243 1696 1278 ἁγίου
1723 1243 1884 1278 Ilva-Suam;

1086 1289 1221 1325 κατῆλθον
1241 1291 1282 1322 είς
1310 1289 1492 1322 Σελεύκειαν,
1510 1289 1558 1317 καὶ
1583 1289 1788 1325 διηγησάμενος
1811 1289 1885 1319 ὅπως

1085 1334 1333 1371 περινοστήσαντες
1347 1335 1397 1371 τὴν
1411 1333 1525 1370 Κύπρον
1548 1333 1596 1361 καὶ
1619 1333 1668 1369 τὴν
1691 1332 1811 1365 Λυκίαν,
1839 1333 1885 1358 καὶ

1085 1380 1249 1413 Λυκαονίαν,
1271 1380 1318 1407 καὶ
1336 1380 1510 1415 Παμφυλίαν,
1525 1380 1573 1407 καὶ
1584 1379 1730 1412 Βυθυνίαν,
1743 1379 1885 1414 ἐκήρυξαν

1085 1427 1116 1454 τὸ
1146 1426 1335 1462 Εὐαγγέλιον,
1370 1427 1498 1462 ιπιφίρει
1517 1434 1525 1443 ’
1559 1425 1720 1453 ιΚὰκεῖθεν
1745 1425 1884 1452 ἀποπλεῦ-

1088 1481 1185 1505 σαντες
1203 1473 1245 1505 είς
1269 1472 1434 1509 Ἀντιόχειαν
1456 1473 1482 1500 ot
1498 1471 1564 1508 περὶ
1582 1471 1727 1508 Βαρνάϐαν
1743 1472 1793 1498 καὶ
1813 1470 1884 1498 Παῦ-

1084 1519 1146 1554 λον,
1166 1520 1228 1548 ὅθεν
1249 1517 1320 1556 ἦσαν
1339 1519 1554 1556 παραδεδομένοι
1577 1520 1611 1555 τῇ
1629 1518 1722 1554 χάριτι
1743 1518 1794 1545 τοῦ
1817 1517 1884 1545 Θεοῦ

247 1567 417 1598 gregassent,
445 1563 598 1592 retulerunt
624 1569 727 1599 quanta
758 1564 867 1594 fecisset
891 1573 953 1594 cum
982 1565 1036 1594 illis

1089 1566 1126 1598 είς
1140 1565 1171 1592 τδ
1185 1565 1265 1601 ἔργον
1286 1565 1300 1592 δ
1318 1564 1481 1600 ἐπλήρωσαν
1493 1571 1502 1581 ο
1527 1563 1746 1600 παραγενόμενοι
1768 1563 1796 1589 δὲ
1808 1584 1816 1595 ,
1840 1564 1886 1589 καὶ

247 1607 320 1636 Deus
329 1608 364 1638 ".
378 1617 388 1635 ι
408 1608 441 1636 Et
457 1609 566 1644 quidem
587 1617 648 1638 cum
668 1610 793 1644 superius
807 1610 926 1646 Spiritus
939 1611 1035 1639 memi-

247 1652 345 1687 nisset,
357 1660 406 1681 ceu
423 1654 469 1689 qui
484 1653 597 1681 Paulum
611 1659 639 1682 et
655 1653 807 1683 Barnabam
820 1656 852 1683 ad
868 1656 1035 1684 destinatum

248 1705 264 1726 a
281 1706 310 1726 se
324 1705 394 1734 opus
408 1699 545 1735 elegisset,
562 1700 696 1735 Spiritum
717 1709 814 1729 rursus
837 1706 898 1737 post
918 1702 1036 1731 reditum

249 1743 383 1778 nominat,
398 1744 494 1780 bisque
510 1745 548 1773 illi
574 1745 621 1773 Dei
646 1753 746 1774 nomen
773 1746 920 1781 attribuit;
947 1747 1036 1783 primo

249 1789 354 1821 dicens.
372 1790 443 1824 quod
460 1790 631 1818 Antiochiam
657 1791 844 1827 navigaverint
866 1792 936 1820 unde
957 1796 1037 1820 erant

250 1835 342 1864 traditi
355 1836 450 1872 gratiae
463 1836 509 1865 Del
527 1842 636 1872 propter
651 1845 719 1873 opus
740 1838 813 1873 quod
838 1845 934 1873 reapse
960 1846 1035 1866 com-

249 1881 410 1916 pleverant;
435 1882 535 1910 iterum
562 1882 627 1910 dum
643 1884 694 1917 ait,
707 1884 778 1919 quod
799 1889 969 1920 congregatae
983 1883 1035 1912 Ec-

249 1927 339 1956 clesia:
351 1934 384 1955 ea
397 1929 581 1962 narraverint,
597 1936 656 1964 quae
670 1930 732 1957 cum
750 1929 816 1965 ipsis
831 1930 902 1958 Deus
916 1929 1035 1958 fecisset.

249 1973 374 2002 Profecto
384 1982 400 2002 a
419 1974 522 2011 Spiritu
535 1981 630 2004 sancto
642 1981 702 2004 erat
716 1976 909 2004 miraculorum
924 1976 1034 2009 donum,

249 2019 308 2055 ipse
319 2020 482 2055 sapientiam
507 2021 736 2058 prudentiamque
758 2022 963 2058 suppeditabat,
978 2022 1037 2058 ipse

249 2065 458 2100 praedicantibus
473 2066 580 2102 705m
593 2067 647 2095 vim
672 2068 825 2103 ingerebat,
844 2067 901 2103 ipse
928 2068 971 2096 his
992 2068 1036 2095 in-

249 2111 373 2146 spirabat
384 2112 534 2148 magisterii
548 2120 716 2142 sermonem.
733 2113 811 2142 Unde
822 2118 850 2142 et
861 2113 962 2142 Paulus
979 2114 1036 2142 ale-

1086 1612 1135 1647 τὴν
1169 1610 1335 1646 Ἐκκλησίαν
1373 1609 1595 1644 συναγαγόντες,
1630 1609 1800 1644 ἀνήγγειλαν
1837 1609 1886 1635 ὅσα

1088 1657 1218 1693 ἐποίησεν
1233 1657 1292 1693 μετ’
1308 1655 1398 1684 αὐτῶν
1411 1656 1426 1682 6
1437 1656 1516 1688 Θεός.
1526 1665 1536 1682 ι
1559 1655 1762 1691 Μνημονεὺσας
1780 1654 1885 1682 ἄνωθεν

1085 1702 1132 1729 τοῦ
1147 1701 1317 1737 Πνεύματος,
1339 1701 1377 1733 ὡς
1392 1701 1573 1736 ἀφορίσαντος
1584 1699 1631 1726 τὸν
1651 1699 1760 1726 Παῦλον
1780 1699 1828 1726 καὶ
1843 1699 1885 1725 τὸν

1086 1746 1229 1783 Βαρνάϐαν
1251 1747 1291 1778 είς
1318 1746 1332 1773 δ
1351 1745 1554 1782 προσεκέκλητο
1575 1745 1674 1776 αὐτοὺς
1695 1745 1786 1780 ἔργον,
1807 1744 1885 1771 τοῦτο

1087 1793 1156 1829 μετὰ
1170 1793 1221 1829 τὴν
1240 1792 1332 1820 ἄνοδον
1349 1792 1496 1820 ἀποκαλεῖ⁸
1521 1792 1570 1819 καὶ
1591 1791 1631 1823 δίς
1652 1791 1744 1827 τίθησι
1769 1791 1822 1827 τὴν
1838 1791 1883 1817 τοῦ

1085 1840 1154 1868 Θεοῦ
1169 1839 1370 1876 προσηγορίαν·
1385 1839 1494 1876 πρῶτον
1509 1838 1559 1874 μὲν
1569 1838 1656 1873 λέγων
1669 1838 1710 1865 δτι
1722 1839 1764 1870 είς
1781 1838 1884 1864 Ἀντιό-

1085 1894 1162 1922 χειαν
1193 1884 1380 1918 ἀπέπλευσαν,
1415 1884 1477 1911 ὅθεν
1504 1880 1575 1919 ἦσαν
1603 1882 1819 1918 παραδεδομένοι
1845 1884 1877 1916 τῇ

1085 1933 1178 1969 χάριτι
1192 1932 1240 1960 τοῦ
1252 1931 1319 1959 Θεοῦ
1334 1932 1374 1964 είς
1385 1931 1417 1959 τὸ
1431 1931 1511 1969 ἔργον
1525 1929 1540 1957 δ
1552 1929 1716 1965 ἐπλήρωσαν
1726 1937 1733 1943 ·
1751 1928 1879 1964 δεύτερον

1084 1979 1113 2006 δὲ
1125 1980 1176 2011 ὅτι,
1184 1978 1383 2013 συναγαγόντες
1397 1978 1448 2014 τὴν
1464 1976 1639 2013 Ἐκκλησίαν,
1650 1975 1818 2012 ἁνήγγειλαν
1833 1976 1881 2002 ὅσα

1085 2023 1212 2060 ἐποίησεν
1227 2024 1286 2060 μετ’
1300 2023 1390 2051 αὐτῶν
1407 2023 1422 2049 6
1433 2022 1508 2054 Θεός.
1520 2022 1576 2049 Καὶ
1591 2021 1644 2057 μὴν
1659 2021 1690 2048 τὸ
1712 2021 1827 2056 Πνεῦμα
1846 2021 1874 2047 τὸ

1085 2068 1162 2103 ἅγιον
1175 2066 1210 2104 ἦν
1223 2067 1253 2095 τὸ
1268 2065 1503 2104 Θαυματουργοῦν,
1519 2065 1550 2093 τὸ
1568 2065 1688 2099 σοφίζον,
1713 2064 1745 2091 τὸ
1769 2063 1877 2090 σύνεσιν

1085 2114 1233 2151 χορηγοῦν,
1270 2115 1301 2151 τὺ
1334 2113 1399 2145 τοὺς
1435 2111 1622 2148 κηρύττοντας
1646 2109 1826 2145 ὲνδυναμοῦν,
1854 2110 1882 2136 τὺ

248 2157 297 2185 bat
315 2166 323 2185 :
344 2166 354 2184 ι
371 2157 423 2186 Alii
441 2159 550 2194 quidem
564 2166 613 2195 per
631 2159 765 2195 Spiritum
783 2160 866 2188 datur
883 2167 976 2188 sermo
987 2167 1035 2188 sa-

1090 2159 1209 2195 ὲμπνέον
1229 2159 1322 2191 αὐτοῖς
1341 2158 1387 2185 τὸν
1403 2158 1454 2194 τῆς
1472 2156 1646 2188 διδασκαλίας
1659 2155 1740 2190 λόγον
1750 2164 1758 2171 '
1781 2155 1823 2183 διὸ
1839 2157 1882 2183 καὶ

247 2203 354 2237 pientiae
363 2213 372 2237 ;
379 2204 424 2232 alii
432 2209 522 2233 autem
529 2206 746 2234 sermoscientia:
754 2207 902 2235 secundum
910 2207 1034 2235 eumdem

1089 2205 1192 2238 Παῦλος
1207 2204 1299 2240 ἔλεγεν
1311 2213 1318 2220 ·
1335 2213 1344 2230 ι
1361 2201 1398 2240 ’ῼ
1418 2203 1468 2239 μὲν
1480 2204 1534 2238 γὰρ
1553 2202 1654 2230 δίδοται
1671 2202 1716 2229 διὰ
1732 2202 1782 2229 τοῦ
1799 2203 1882 2228 "vad-

248 2248 400 2284 Spiritum;
413 2250 491 2278 alteri
507 2251 574 2278 fides
587 2251 614 2278 in
630 2252 725 2280 eodem
744 2253 868 2288 Spiritu;
881 2253 926 2281 alii
940 2253 1034 2288 gratire

1089 2260 1173 2287 ματος
1186 2251 1266 2285 λόγος
1287 2250 1394 2285 σοφίας,
1416 2249 1488 2284 ἄλλῳ
1511 2248 1540 2275 δὲ
1561 2247 1639 2283 λόγος
1660 2247 1791 2282 γνώσεως
1814 2249 1882 2274 xui

248 2295 394 2323 sanitatum
407 2295 434 2323 in
448 2303 502 2323 uno
518 2295 634 2331 Spiritu,
654 2307 664 2324 ι
682 2302 710 2326 et
733 2299 838 2335 reliqua
858 2299 894 2328 ".
931 2299 1034 2328 Deinde

1089 2296 1116 2324 τὸ
1127 2296 1193 2323 αὐτὸ
1204 2295 1328 2331 Πνεῦμα,
1342 2295 1429 2330 ἑτέρῳ
1443 2293 1472 2320 δὲ
1491 2293 1583 2324 πίστις
1595 2293 1625 2319 ἐν
1643 2291 1684 2327 τῷ
1698 2291 1776 2327 αὐτῷ
1795 2292 1881 2318 Πνεύ-

248 2340 358 2373 docens,
372 2340 443 2375 quod
459 2348 513 2369 non
531 2341 648 2370 ministri
662 2343 720 2371 vice
734 2344 792 2373 haec
811 2345 950 2374 distribuit
972 2344 1034 2380 Spi-

1089 2351 1165 2378 ματι,
1190 2341 1263 2378 ἄλλῳ
1284 2341 1313 2368 δὲ
1340 2341 1496 2376 χαρίσματα
1527 2337 1650 2374 ἰαμάτων
1681 2339 1711 2365 ὲν
1741 2338 1782 2373 τῷ
1809 2338 1881 2372 αὐτῷ

248 2387 317 2415 ritus
341 2391 471 2421 sanctus,
495 2388 545 2417 sed
566 2391 754 2425 potentialiter
780 2393 881 2428 quibus
905 2393 961 2421 vult
976 2393 1032 2421 lar-

1089 2382 1242 2424 Πνεύματι,
1258 2397 1267 2413 ι
1286 2387 1334 2414 καὶ
1355 2387 1390 2413 τὰ
1413 2385 1486 2421 ἑξῆς.
1509 2382 1575 2411 Εἶτα
1601 2384 1736 2411 διδάσκων
1765 2384 1805 2416 ὡς
1836 2384 1881 2418 οὐχ

247 2433 330 2467 gitur,
346 2433 437 2461 subdit
452 2443 459 2462 :
479 2444 490 2461 ι
507 2435 570 2464 Haec
581 2440 674 2466 autem
699 2438 791 2466 omnia
806 2444 936 2474 operatur
959 2447 1031 2467 unus

1089 2432 1237 2468 δπουργοῦν
1250 2432 1337 2460 ταῦτα
1351 2432 1472 2467 διανέμει
1489 2431 1519 2457 τὸ
1540 2430 1654 2465 Πνεῦμα
1666 2430 1698 2456 τὸ
1710 2430 1800 2464 ἅγιον,
1814 2430 1880 2458 ἀλλὰ

247 2480 276 2502 et
290 2475 359 2502 idem
374 2475 492 2511 Spiritus
505 2499 514 2513 ,
537 2479 661 2509 dividens
674 2489 798 2510 seorsum
824 2483 938 2519 singulis
951 2488 1032 2519 prout

1089 2479 1250 2510 δεσποτικῶς
1266 2476 1306 2511 οἷς
1322 2478 1393 2505 θέλει
1412 2476 1565 2514 χαρίζεται,
1587 2476 1713 2511 ἐπήγαγε
1726 2483 1734 2491 ·
1766 2485 1775 2502 ι
1790 2476 1880 2502 Πάντα

247 2521 305 2548 vult
318 2521 370 2550 ⁷³.»
382 2522 412 2551 Si
424 2531 489 2560 ergo
502 2525 562 2554 haec
574 2527 694 2562 Spiritus
706 2533 818 2557 sanctus
831 2537 880 2565 per
895 2530 1033 2566 apostolos

1089 2525 1114 2552 δὲ
1125 2523 1213 2552 ταῦτα
1227 2525 1334 2560 ἐνεργεί
1347 2523 1378 2550 τὸ
1393 2523 1422 2550 ἓν
1434 2523 1482 2549 καὶ
1497 2522 1528 2549 τὸ
1540 2521 1608 2549 αὐτὸ
1618 2521 1745 2556 Πνεῦμα,
1761 2521 1879 2556 διαιροῦν

247 2575 297 2603 pro
311 2576 362 2597 suo
375 2570 452 2598 libito
466 2573 622 2608 peragebat,
648 2573 748 2602 Paulus
765 2583 831 2604 vero
844 2583 876 2604 ac
892 2576 1032 2605 Barnabas

1089 2572 1140 2608 ἰδίᾳ
1153 2571 1260 2607 ἑκάστῳ
1273 2570 1364 2602 καθὼς
1373 2569 1505 2605 βούλεται.
1517 2577 1527 2594 ›
1544 2566 1673 2594 Είτοίνυν
1688 2566 1718 2593 τὸ
1729 2566 1842 2600 Πνεῦμα
1851 2566 1879 2591 τὸ

245 2619 416 2649 congregatae
431 2615 560 2645 Ecclesia:
575 2620 750 2653 nuntiabant,
761 2626 864 2655 quanta
880 2629 942 2649 cum
958 2622 1029 2657 ipsis

1089 2618 1164 2653 ἅγιον
1176 2617 1262 2645 ταῦτα
1276 2617 1322 2644 διὰ
1334 2616 1390 2643 τῶν
1405 2614 1564 2642 ἀποστόλων
1577 2612 1726 2648 εἰργάζετο
1741 2612 1781 2643 ὡς
1797 2612 1876 2646 ἠϐού-

248 2658 358 2688 fecisset
372 2661 443 2690 Deus
455 2682 463 2695 ,
485 2664 579 2699 utique
598 2664 670 2693 Deus
692 2670 736 2695 est
760 2666 879 2702 Spiritus
898 2671 1009 2696 sanctus
1025 2686 1035 2702 ,

1089 2664 1156 2696 λετο,
1176 2662 1374 2697 συναγαγόντες
1387 2660 1416 2687 δὲ
1428 2660 1454 2686 οἱ
1469 2659 1534 2694 περὶ
1552 2657 1659 2685 Παῦλον
1673 2657 1722 2683 καὶ
1738 2657 1878 2692 Βαρνάϐαν

248 2706 323 2742 iuxta
339 2709 523 2743 apostolorum
538 2709 683 2746 loquelam.

1089 2710 1135 2745 τὴν
1153 2708 1318 2745 Ἐκκλησίαν
1333 2706 1497 2742 ἀνήγγειλαν
1519 2705 1570 2731 ὅσα
1584 2703 1698 2738 ἐποίησε
1717 2705 1778 2738 μετ’
1793 2703 1877 2730 αὐτῶν

1087 2756 1102 2782 6
1113 2755 1189 2787 Θεὸς,
1204 2755 1269 2786 Θεὸς
1281 2753 1335 2789 ἄρα
1350 2752 1381 2779 τὺ
1394 2751 1507 2786 Πνεῦμα
1520 2750 1549 2776 τὸ
1564 2749 1642 2783 ἅγιον
1660 2748 1731 2775 κατὰ
1750 2749 1800 2784 τὴν
1816 2749 1877 2775 ἀπο-

1088 2802 1188 2829 στόλων
1201 2801 1303 2836 φωνήν.

284 2886 305 2904 ⁷⁸
319 2885 380 2913 Act.
395 2893 420 2921 ν,
435 2887 460 2915 ὅ.
500 2888 522 2904 ⁷¹
539 2887 604 2916 ibid.
616 2887 642 2916 4.
664 2888 702 2929 ’γ’
718 2887 780 2916 Act.
795 2896 854 2923 xm,
869 2888 896 2918 2.
923 2890 957 2930 7"
971 2889 1032 2919 Aci.

1089 2898 1101 2925 τ,
1118 2890 1164 2918 25.
1195 2890 1216 2933 7_‘
1232 2889 1308 2918 lCor
1322 2896 1369 2922 an,
1387 2887 1413 2922 8,
1427 2888 1452 2916 9.
1490 2888 1512 2903 ⁷⁸
1533 2886 1597 2915 ibid.
1616 2887 1658 2914 ll.
