1927 3036
59 157 132 186 “85

735 156 781 188 DE
799 155 1001 186 TRINITATE.

95 214 184 243 Τοῦτο
202 214 312 250 γεγονὸς
333 215 380 242 καὶ
401 215 432 242 ὲν
463 215 660 251 Ἰεροσολύμοις
688 216 703 243 6
722 215 861 247 θειότατος

950 215 1008 244 Hoc
1022 216 1094 244 idem
1106 216 1229 244 evenisse
1242 215 1440 252 Hierosolymis
1455 222 1565 252 quoque
1589 217 1702 250 praecla-

57 260 198 296 διηγεῖται
213 262 329 292 Λουκᾶς.
337 270 346 286 t
358 260 485 296 Ἐσίγησε
493 260 558 296 γὰρ,
568 261 644 296 φησι,
662 261 735 288 ἅπαν
749 260 780 287 τὸ
788 261 857 296 πλῆ-

58 307 118 340 θος,
132 307 183 334 καὶ
197 307 281 342 ἤκουε
297 307 343 333 τοῦ
356 307 486 342 Βαρνά6α
497 307 546 333 καὶ
560 306 607 334 τοῦ
619 307 727 334 Παύλου
742 307 858 342 ἐξηγου-

60 352 166 387 μένων,
182 352 234 379 ὃσα
247 352 261 378 6
281 351 347 384 Θεὸς
367 351 496 387 ἐποίησεν
517 352 619 387 σημεῖα
641 352 675 378 δι’
692 352 792 384 αὐτῶν,
811 353 859 379 καὶ

58 397 167 433 τέρατα
179 398 208 424 ἐν
223 398 280 429 τοῖς
293 396 394 424 ἔθνεσι.
412 406 422 423 ι
439 397 504 429 Θεὸς
518 395 566 424 οὖν
584 397 638 433 ἄρα
653 397 684 424 τὸ
698 397 810 432 Πνεῦμα
829 397 862 424 τὸ

58 443 140 478 ἅγιον
154 452 161 460 ·
176 445 207 471 τὸ
221 444 275 479 γὰρ
289 443 355 470 αὐτὸ
365 442 569 480 θαυματουργεῖ
583 444 618 471 τὰ
641 445 741 480 σημεῖα
765 444 812 470 καὶ
825 443 862 471 τὰ

58 490 175 526 τέρατα.
189 490 235 517 Διὸ
249 491 296 517 καὶ
308 491 322 516 ὀ
336 488 438 524 Κύριος
450 490 480 516 ὲν
493 491 549 522 τοῖς
560 490 736 524 Εὑαγγελίοις
748 490 841 525 ἔλεγεν
851 497 859 504 ·

61 545 71 561 ι
86 535 120 562 Εἰ
132 535 163 563 δὲ
181 537 210 562 ὲν
223 535 363 571 Πνεύματι
379 534 446 562 Θεοῦ
462 535 518 569 ἐγὼ
534 532 659 562 ἐκϐάλλω
673 536 708 561 τὰ
722 535 861 570 δαιμόνια,

59 581 118 618 ἄρα
132 582 250 617 ἔφθασεν
266 583 308 617 ἐφ’
325 583 398 618 ὑμᾶς
414 585 432 619 ἡ
457 581 580 618 βασιλεία
604 573 652 609 τοῦ
675 581 775 608 Θεοῦ.»
806 581 861 608 Καὶ

59 627 147 655 πάλιν
161 629 191 655 ὲν
206 629 265 660 ταῖς
285 629 420 662 Πράξεσιν
439 629 452 655 6
472 629 579 659 Λουκᾶς
596 627 641 654 τὸν
655 626 762 653 Πιῦλόν
779 634 861 662 φησιν

59 675 262 710 ἐπιλεξάμενον
275 675 321 702 τὸν
339 676 419 702 Σίλαν
440 674 558 707 ἐξελθεῖν
570 675 603 709 τῇ
624 674 717 710 χάριτι
730 672 778 700 τοῦ
793 672 860 699 Θεοῦ

61 722 117 748 ὑπὸ
131 721 187 748 τῶν
200 721 322 756 ἀδελφῶν
337 721 540 758 παραδοθέντα·
563 720 629 747 Θεὸν
646 718 725 752 αὖθις
743 718 862 751 καλέσας

61 768 93 795 τὸ
109 767 224 802 Πνεῦμα
239 767 270 794 τὸ
289 767 378 802 ἅγιον,
402 768 433 794 τὸ
447 767 491 794 διὰ
505 766 559 794 τῶν
571 765 694 800 ἀδελφῶν
712 767 742 792 ὲν
761 765 863 792 Ἀντιο-

60 812 126 847 χείᾳ
150 812 285 847 ἀφορίσαν
311 812 393 839 αὑτὸν
415 812 456 844 εἰς
485 812 500 838 ὃ
527 811 750 846 προσεκαλέσατο
781 811 862 838 αὐτὸν

61 858 157 894 ἔργον.
181 858 266 885 Πάλιν
291 858 305 885 ὸ
327 858 463 893 μακάριος
487 857 593 888 Παῦλος
608 858 637 884 ὲν
660 857 709 893 μὲν
731 858 765 893 τῇ
793 857 862 892 πρὸς

61 903 227 939 Κορινθίους
242 903 280 939 (i)
291 903 384 940 φησίν·
404 901 417 930 “‹
433 903 487 936 οὒς
499 903 576 930 ἔθετο
592 902 606 929 6
622 902 688 934 Θεὸς
703 903 732 929 ἐν
744 903 777 938 τῇ
801 903 863 929 Ἐκ-

61 950 177 986 κλησίᾳ,
192 950 254 980 τοὺς
270 950 319 985 μὲν
337 950 481 985 προφήτας
499 948 547 976 καὶ
562 948 738 980 ἀποστόλους,
752 949 815 980 τοὺς
831 948 860 975 δὲ

61 996 199 1031 ποιμένας
218 996 264 1024 καὶ
281 996 461 1028 διδασκάλους
485 997 533 1023 καὶ
561 994 777 1030 εὐαγγελιστάςξ
790 994 860 1030 πρὸς

61 1043 250 1079 καταρτισμὸν
262 1043 315 1069 τῶν
335 1043 437 1077 ἁγίων·
457 1052 466 1069 ι
488 1043 517 1070 ὲν
536 1043 565 1070 δὲ
579 1043 694 1078 Μιλήτῳ
715 1041 859 1069 συνταττό-

63 1098 148 1124 μενος
158 1090 214 1121 τοῖς
227 1088 361 1123 ἀδελφοῖς.
377 1089 424 1116 καὶ¹
440 1088 489 1123 τῆς
508 1088 633 1124 δοθείσης
643 1087 859 1124 ἀναμιμνήσκων

61 1135 186 1170 χάριτος·
205 1143 214 1160 ι
230 1135 380 1170 Προσέχετε
397 1132 444 1162 οὖν
458 1135 577 1167 ἑαυτοῖς,
601 1134 694 1170 φησὶν,
718 1134 768 1160 καὶ
780 1132 861 1160 παντὶ

60 1181 104 1216 τῷ
127 1182 245 1216 ποιμνίῳ
269 1182 298 1207 ἐν
355 1182 427 1217 ὑμᾶς
441 1181 518 1208 ἔθετο
539 1182 570 1208 τὸ
593 1180 705 1215 Πνεῦμα
724 1179 754 1207 τὸ
777 1179 858 1214 ἅγιον

911 262 1037 289 tissimus
1047 261 1134 289 Lucas
1148 266 1259 289 narrat:
1273 271 1283 288 ι
1296 261 1393 289 Tacuit
1402 262 1488 294 enim,
1501 260 1601 295 inquit,
1613 261 1704 288 omnis

913 308 1069 340 multitudo,
1077 312 1105 335 et
1113 308 1259 336 audiebant
1267 307 1418 335 Baruubam
1429 312 1456 335 et
1464 306 1578 334 Paulum
1589 313 1705 333 narran-

910 358 951 381 tes
960 358 1059 388 quanta
1073 353 1144 381 Deus
1155 352 1267 382 iecisset
1275 354 1352 390 signa
1366 359 1394 382 et
1402 354 1524 389 prodigia
1538 354 1565 382 in
1578 354 1706 390 gentibus

909 399 1080 434 peripsos".
1087 409 1097 425 ν
1106 399 1177 427 Deus
1185 406 1250 435 ergo
1257 404 1298 427 est
1306 400 1541 434 Spiritussanctus
1549 409 1555 427 :
1564 402 1621 436 ipse
1631 400 1705 428 enim

910 446 988 481 signa
1001 450 1028 474 et
1045 446 1168 482 prodigia
1186 446 1346 474 mirabiliter
1362 451 1502 482 operatur.
1518 446 1598 475 Unde
1619 447 1704 475 etiam

911 492 1074 520 Dominusiu
1083 491 1237 530 Evangeliis
1245 492 1338 520 aiebat
1349 501 1356 519 :
1370 502 1378 518 ι
1385 492 1462 525 Quod
1470 493 1492 520 si
1502 499 1553 528 ego
1562 493 1588 520 iu
1599 492 1707 527 Spiritu

912 537 960 565 Dei
980 538 1114 565 daemonia
1131 537 1225 573 ejicio,
1236 538 1331 573 utique
1343 539 1502 574 pervenitin
1514 546 1563 566 vos
1590 546 1705 573 regnum

912 584 1005 612 Dei".
1025 593 1035 610 ›
1053 583 1212 619 Rursusque
1228 584 1256 612 in
1271 584 1385 612 Actibus
1402 585 1490 612 Lucas
1506 585 1545 613 ait
1562 585 1587 602 ⁷⁸
1601 605 1610 619 ,
1635 585 1706 613 Ροιιο

912 630 968 656 lum
990 630 1077 657 eiecto
1101 629 1157 657 Sila
1178 629 1330 665 profectum
1357 636 1429 664 esse,
1455 631 1585 658 traditum
1609 631 1706 666 gratiae

912 674 960 702 Dei
974 683 989 701 ιι
1006 674 1146 704 fratribus.
1162 675 1222 708 Quo
1236 675 1299 703 item
1316 676 1375 704 loco
1391 676 1473 704 Deum
1497 676 1615 711 appellat
1641 675 1705 711 Spi‘

914 720 996 748 ritum
1011 725 1136 749 sanctum
1147 739 1154 753 ,
1171 721 1217 756 qui
1244 729 1343 757 nempe
1363 729 1413 757 per
1426 722 1526 750 fratres
1549 722 1706 750 Antiochiae

913 772 1107 804 segregaverat
1128 768 1218 804 ipsum
1248 769 1282 796 ad
1309 769 1474 797 destinatum
1504 777 1584 805 opus.
1609 770 1707 798 Adhuc

913 814 1012 842 beatus
1025 814 1126 842 Paulus
1138 815 1165 842 iu
1186 815 1305 850 Epistola
1318 817 1352 844 ad
1364 816 1523 844 Corinthios
1536 817 1573 844 ait
1585 824 1594 844 :
1606 825 1616 842 ι
1632 815 1706 849 Quos

912 852 987 887 Deus
1007 861 1097 895 posuit
1111 860 1138 888 in
1154 861 1276 889 Ecclesia
1298 863 1396 897 partim
1425 863 1573 898 prophetas
1590 868 1618 891 et
1637 871 1705 899 apo-

881 904 902 932 B
916 904 1010 937 stoios,
1027 905 1126 940 partim
1144 910 1269 940 pastores
1279 911 1308 934 et
1332 907 1460 935 doctores
1483 912 1566 943 atque
1582 916 1704 943 evange-

913 949 1001 983 iistas,
1019 951 1051 978 ad
1065 950 1272 979 aediﬁcationem
1290 957 1448 980 sanctorum
1464 954 1498 981 ".
1523 962 1534 980 ι
1552 954 1634 982 Mileti
1653 962 1706 982 au-

914 999 967 1023 tem
982 990 1113 1024 irati-ibus
1127 997 1186 1025 vale
1204 997 1309 1031 dicens,
1333 1003 1360 1026 et
1379 998 1472 1026 datam
1486 1006 1706 1028 commemorans

914 1042 1049 1076 gratiam:
1069 1051 1080 1069 ι
1102 1042 1243 1072 Attendite
1271 1045 1354 1079 igitur
1368 1045 1586 1081 vobismetipsis,
1604 1047 1705 1082 inquit.

913 1091 941 1114 et
953 1088 1081 1117 universo
1097 1090 1186 1125 gregi,
1199 1090 1226 1117 in
1240 1098 1295 1126 quo
1312 1098 1361 1118 vos
1377 1090 1497 1126 Spiritus
1522 1098 1635 1121 sanctus
1659 1102 1707 1129 po-

913 1133 965 1161 suit
989 1134 1134 1170 episcopos
1152 1143 1248 1172 regere
1272 1137 1381 1173 706m
1402 1137 1551 1166 Ecciesiam
1576 1139 1704 1173 Domini.

904 1186 993 1214 ‘quam
1006 1182 1152 1216 acquisivit
1167 1182 1301 1217 sanguine
1316 1190 1366 1210 suo
1383 1183 1416 1210 ⁸⁸.
1435 1193 1445 1210 ι

61 1227 231 1260 ὲπισκόπους
268 1227 424 1262 ποιμαίνειν
449 1227 499 1263 τὴν
535 1227 698 1263 Ἐκκλησίαν
737 1225 784 1253 τοῦ
823 1224 928 1260 Κυρίου
952 1225 1002 1262 (Ξ),
1032 1227 1065 1263 ῆν
1105 1229 1320 1264 περιεποιήσατο
1343 1229 1387 1257 διὰ
1413 1229 1461 1257 τοῦ
1501 1231 1622 1267 αἵματος
1657 1231 1706 1259 τοῦ

64 1273 145 1301 ἰδίου.
161 1283 170 1300 ι

106 1321 206 1356 Ὁρᾶτε
229 1321 311 1349 πάλιν
332 1321 473 1349 κάνταῦθα
488 1321 537 1357 τὴν
553 1321 694 1356 θεολογίαν
709 1319 757 1347 τοῦ
775 1318 861 1346 Πνεύ-

66 1375 166 1404 ματος.
175 1368 249 1394 Ἐκεῖ
260 1369 314 1403 γὰρ
328 1368 375 1395 τοῦ
389 1368 457 1395 Θεοῦ
471 1367 662 1404 μνημονεύσας
674 1367 711 1398 ὡς
720 1365 861 1401 ποιμένας,

63 1415 114 1441 καὶ
137 1414 324 1447 διδασκάλους,
343 1415 390 1442 καὶ
414 1414 611 1449 εὐαγγελιστὰς
632 1413 861 1450 χειροτονοῦντος,

64 1460 184 1487 ἐνταῦθα
200 1461 263 1496 περὶ
276 1460 322 1488 τοῦ
335 1460 493 1497 Πνεύματός
507 1470 583 1497 φησι·
608 1461 652 1488 Ἐν
665 1457 687 1495 ᾧ
704 1461 775 1496 ὑμᾶς
786 1459 862 1487 ἔθετο

64 1506 97 1533 τὸ
110 1505 226 1542 Πνεῦμα
243 1506 273 1533 τὸ
287 1507 363 1540 ἆγιον
379 1507 546 1539 ἐπισκόπους
565 1507 720 1542 ποιμαίνειν
733 1506 781 1541 τὴν
800 1506 862 1532 Ἐκ-

64 1552 183 1588 κλησίαν
194 1560 200 1567 ·
217 1552 350 1579 διδάσκων
364 1553 402 1585 ὼς
418 1553 483 1585 Θεὸς
497 1553 527 1580 τὸ
538 1553 651 1589 Πνεῦμα
663 1551 693 1579 τὸ
707 1551 795 1587 ἅγιον,
816 1560 863 1578 και

63 1599 108 1625 ὅτι
121 1599 220 1626 ταύτόν
238 1600 312 1626 ἐστιν
334 1600 423 1626 εἰπεῖν
437 1598 514 1632 Θεὸν,
540 1599 587 1626 καὶ
607 1598 731 1634 Πνεῦμα,
752 1597 796 1625 διὰ
812 1597 862 1634 τὴν

64 1645 211 1673 κοινωνίαν
223 1646 271 1681 τῆς
287 1645 394 1680 φύσεως
406 1654 413 1661 ·
427 1646 481 1678 τοῖς
497 1654 526 1672 τε
541 1645 596 1682 γὰρ
606 1645 659 1672 ὑπὸ
670 1644 717 1672 τοῦ
729 1644 797 1671 Θεοῦ
816 1643 863 1671 καὶ

64 1692 174 1728 Πατρὸς
187 1692 340 1728 γινομένοις
357 1692 483 1727 συνεργεῖ
494 1692 508 1718 ό
521 1692 585 1724 Υἱὸς
597 1692 645 1719 καὶ
658 1691 689 1717 τὸ
705 1690 819 1726 Πνεῦμα
832 1690 863 1718 τὸ

66 1737 159 1772 ἅγιον·
178 1738 235 1769 τοῖς
247 1745 277 1763 τε
291 1737 343 1764 ὑπὸ
360 1736 407 1764 τοῦ
430 1736 495 1764 Υἱοῦ
512 1737 552 1772 (5)
575 1737 623 1764 καὶ
637 1736 684 1764 τοῦ
703 1736 863 1772 Πνεύματος

64 1782 240 1819 τελουμένοις
260 1782 415 1809 συνευδοκεῖ
428 1782 559 1815 ὡσαύτως
573 1782 587 1809 ὁ
604 1782 670 1814 Θεὸς
687 1782 734 1808 καὶ
754 1781 860 1818 Πατήρ.

65 1828 123 1855 Καὶ
141 1828 275 1864 ἑτέρωθεν
292 1828 374 1855 πάλιν
401 1829 415 1855 ὁ
441 1828 575 1865 μακάριος
593 1828 698 1861 Παῦλος
713 1828 779 1855 Θεὸν
793 1826 863 1856 εἶναι

65 1874 98 1901 τὸ
113 1874 227 1910 Πνεῦμα
241 1874 380 1910 κηρύττει·
397 1885 406 1901 ι
421 1874 485 1902 Ἐὰν
499 1875 564 1910 γὰρ,
580 1874 658 1910 φησι,
669 1875 862 1911 προφητεύωσι

66 1921 179 1953 πάντες,
191 1920 299 1957 εἰσέλθῃ
313 1920 341 1947 δέ
356 1930 398 1953 τις
414 1921 528 1953 ἄπιστος
543 1921 560 1956 ἢ
583 1920 700 1957 ἰδιώτης,
721 1921 862 1956 ἐλέγχεται

67 1967 121 1994 ὑπὸ
134 1967 255 2000 πάντων,
270 1967 446 2003 ἀνακρίνεται
459 1967 511 1994 ὑπὸ
525 1967 633 1994 πάντων
649 1966 698 2007 (4),
709 1966 743 1993 τὰ
753 1967 862 2002 κρυπτά

67 2014 116 2049 τῆς
132 2014 246 2049 καρδίας
261 2013 344 2041 αὐτοῦ
360 2013 465 2049 φανερά
474 2014 578 2048 γίνεται
589 2021 596 2028 θ
612 2013 660 2040 καὶ
673 2012 759 2045 οὕτως
771 2012 863 2040 πεσὼν

67 2060 114 2086 ἐπὶ
128 2059 277 2096 πρόσωπον
293 2060 477 2095 προσκυνήσει
495 2057 533 2095 τῷ
549 2058 619 2095 Θεῷ,
632 2058 811 2094 ἀπαγγέλλων
822 2059 862 2086 ὅτι

66 2105 151 2136 ὅντως
167 2106 180 2131 6
191 2104 258 2135 Θεὸς
273 2105 302 2131 ὲν
319 2105 383 2140 ὑμῖν
396 2105 480 2132 ἐστιν.
498 2115 508 2131 ι
528 2104 637 2141 Ἐπειδὴ
651 2104 706 2139 γὰρ
720 2103 766 2130 τοῦ
780 2103 864 2131 Πνεῦ-

67 2157 154 2187 ματος
169 2151 186 2186 ἠ
199 2151 353 2186 προφητεία
362 2151 495 2187 χάρισμα,
504 2150 547 2177 διὰ
556 2151 584 2177 δὲ
599 2150 649 2186 τῆς
664 2150 863 2186 ἀποκαλύψεως

950 1315 1046 1344 Videte
1071 1324 1167 1345 rursus
1186 1317 1250 1346 hinc
1268 1317 1362 1359 etiam,
1383 1318 1468 1348 Deum
1489 1319 1618 1350 amt-mari
1642 1321 1705 1359 Spi-

915 1362 996 1390 ritum
1026 1368 1162 1392 sanctum.
1192 1363 1258 1392 Cum
1287 1365 1360 1392 enim
1389 1365 1445 1393 illic
1479 1366 1595 1395 dixisset
1619 1367 1704 1397 Deum

914 1409 1090 1438 constituisse
1118 1414 1240 1445 pastores
1256 1430 1264 1443 ,
1291 1411 1418 1439 doctores
1444 1417 1473 1439 et
1499 1413 1704 1449 evangelistas,

915 1455 960 1483 hic
985 1455 1018 1483 de
1042 1454 1145 1491 Spiritu
1162 1456 1202 1483 ait
1219 1465 1226 1484 :
1257 1465 1266 1482 ι
1281 1455 1341 1489 Quo
1357 1457 1383 1484 in
1400 1464 1482 1492 grege
1499 1464 1548 1486 vos
1562 1459 1706 1488 collocavit

916 1501 1036 1536 Spiritus
1059 1507 1170 1530 sanctus
1195 1501 1338 1537 episcopos
1352 1503 1387 1530 ob
1413 1503 1559 1538 regendam
1574 1506 1705 1540 pastorali

915 1554 979 1574 cura
998 1546 1146 1574 Ecclesium
1161 1555 1168 1574 :
1188 1556 1198 1573 ι
1209 1548 1309 1576 docens
1322 1547 1451 1576 videlicet
1467 1549 1549 1577 Deum
1562 1558 1624 1579 esse
1641 1551 1705 1588 Spi-

913 1593 995 1621 ritum
1008 1598 1144 1628 sanctum,
1154 1594 1321 1630 perindeque
1333 1594 1386 1622 dici
1403 1594 1487 1622 Deunt
1508 1602 1541 1623 ac
1557 1595 1703 1633 Spiritum,

912 1643 1023 1674 propter
1039 1644 1145 1667 natura:
1160 1640 1390 1668 communionem.
1408 1639 1475 1668 Nam
1490 1641 1525 1669 iis
1535 1649 1596 1677 qua
1612 1649 1627 1670 ο
1650 1643 1706 1671 Deo

912 1683 992 1712 Patre
1007 1683 1083 1718 ﬁunt,
1096 1689 1277 1720 cooperantur
1293 1684 1377 1712 Filius
1389 1692 1421 1712 ac
1435 1683 1556 1720 Spiritus
1570 1691 1682 1715 sanctus
1695 1694 1704 1714 ξ

912 1730 1087 1765 vicissimque
1101 1730 1146 1762 iis,
1161 1736 1222 1765 quae
1236 1737 1251 1757 ο
1269 1729 1341 1757 Filio
1353 1734 1380 1757 et
1398 1729 1500 1765 Spiritu
1514 1732 1704 1766 perficiuntur,

912 1777 1049 1805 consentit
1065 1776 1167 1812 pariter
1183 1776 1256 1805 Deus
1270 1775 1363 1804 Pater.
1377 1775 1539 1813 Rursusque
1557 1778 1620 1806 alibi
1638 1779 1705 1807 hea-

914 1826 957 1851 tus
975 1823 1076 1851 Paulus
1099 1823 1184 1851 Deum
1206 1830 1268 1850 esse
1286 1822 1418 1858 Spiritum
1443 1823 1590 1859 prtedicat:
1609 1834 1619 1851 ι
1637 1825 1704 1854 Nam

913 1869 953 1901 si.
974 1868 1074 1903 inquit,
1099 1875 1195 1895 omnes
1218 1868 1392 1904 prophetent,
1420 1868 1504 1896 intret
1529 1875 1621 1898 autem
1644 1870 1706 1906 quis

913 1913 1029 1942 infidelis
1044 1913 1087 1941 vel
1109 1913 1204 1946 idiota,
1228 1913 1399 1941 convincitur
1417 1914 1451 1942 ab
1462 1915 1609 1948 omnibus,
1635 1916 1704 1951 diju-

913 1960 1021 1987 dicatur
1036 1959 1069 1986 ab
1082 1959 1220 1992 omnibus,
1247 1959 1355 1986 occulta
1372 1960 1465 1987 cordis
1481 1959 1541 1994 ejus
1559 1961 1704 1989 manifesta

915 2004 982 2032 tiunt
999 2011 1008 2031 :
1021 2008 1049 2032 et
1064 2004 1100 2031 ita
1115 2003 1218 2031 cadens
1226 2003 1258 2030 in
1275 2002 1375 2030 faciem
1389 2004 1515 2031 adorabit
1530 2005 1625 2037 Deum,
1639 2013 1704 2040 pro-

914 2051 1044 2078 nuntians
1068 2051 1139 2085 quod
1162 2057 1227 2076 vere
1250 2049 1323 2077 Deus
1347 2049 1374 2077 in
1393 2050 1473 2078 vobis
1493 2051 1530 2078 sit
1541 2051 1577 2078 ⁸⁸.
1593 2060 1603 2077 ι
1636 2051 1704 2079 Nam

914 2097 977 2133 quia
991 2096 1132 2132 prophetia
1149 2096 1248 2124 donum
1263 2095 1384 2130 Spiritus
1399 2101 1455 2131 est,
1479 2100 1507 2124 et
1531 2104 1579 2132 per
1596 2093 1704 2126 revela;

916 2143 1016 2171 tionem
1039 2141 1172 2177 Spiritus,
1190 2141 1337 2169 manifesta
1363 2141 1432 2169 iittnt
1459 2143 1551 2170 cordis
1575 2143 1680 2171 occulta
1695 2164 1702 2176 ,

64 2197 113 2224 τοῦ
143 2197 305 2232 Πνεύματος
337 2197 443 2233 φανερὰ
470 2197 504 2224 τὰ
528 2197 578 2233 τῆς
609 2196 722 2234 καρδίας
752 2197 861 2234 κρυπτά

917 2190 962 2217 Dei
974 2196 1036 2216 vero
1047 2188 1184 2223 proprium
1193 2192 1235 2216 est
1247 2192 1364 2215 mentem
1373 2187 1514 2215 hominum
1524 2196 1702 2224 cognoscere.

64 2245 185 2279 γίνεται,
209 2242 277 2270 Θεοῦ
298 2243 326 2271 δὲ
348 2244 413 2271 ῐδιον
435 2244 465 2270 τὸ
485 2244 531 2270 τὸν
554 2243 616 2271 νοῦν
639 2243 691 2271 τῶν
709 2244 861 2281 ἀνθρώπων

64 2288 243 2321 ἐπίστασθαι,
253 2288 409 2323 ἀναγκαίως
419 2289 432 2315 ὁ
445 2289 624 2324 ἐλεγχόμενος
637 2289 682 2316 διὰ
696 2289 745 2325 τῆς
757 2299 862 2326 προφη-

63 2334 152 2368 τείας,
176 2335 391 2371 ἀνακρινόμενος
416 2337 599 2371 προσκυνήσει
618 2334 657 2371 τῷ
678 2335 748 2371 Θεῷ,
770 2337 860 2372 ἀπαγ-

64 2380 173 2415 γέλλων
186 2381 226 2408 ὃτι
237 2379 321 2414 ὅντως
335 2382 349 2409 6
366 2381 431 2414 Θεὸς
444 2382 473 2409 ὲν
487 2381 551 2417 ὑμῖν
569 2382 642 2408 ἐστιν
654 2390 661 2396 ·
677 2379 750 2418 εἶχον
766 2382 794 2409 δὲ
812 2382 861 2418 τὴν

64 2428 150 2463 χάριν
174 2428 273 2454 ἐκεῖνοι
301 2427 348 2454 τοῦ
376 2427 545 2464 Πνεῦματος.
574 2428 604 2454 Ei
631 2427 660 2454 δὲ
686 2427 752 2461 Θεὸς
776 2427 810 2465 ἧν
831 2431 860 2456 ὲν

65 2474 172 2506 αὐτοῖς,
190 2473 285 2508 ἐπειδὴ
300 2473 349 2509 τῆς
360 2473 406 2500 τοῦ
421 2474 578 2509 Πνεῦμα-τος
589 2475 730 2510 ἀπήλαυον
741 2475 861 2511 χάριτος,

64 2519 135 2552 Θεὸς
145 2520 201 2556 ἄρα
215 2521 261 2547 καὶ
278 2519 311 2546 ὲκ
324 2519 391 2547 Θεοῦ
407 2520 438 2547 τὸ
453 2520 566 2556 Πνεῦμα
581 2521 712 2556 τὸᾶγιον.

103 2577 202 2614 Z'_Act.
217 2585 262 2611 xv,
280 2578 324 2606 12.
354 2577 392 2614 ν⁷¹¹
407 2578 499 2607 Matth.
516 2587 566 2611 xtl.
580 2580 626 2608 28.
665 2580 689 2596 ⁷⁸
705 2580 765 2608 Act.
783 2589 828 2614 xv,
844 2583 888 2611 ιο.

65 2613 88 2630 ⁹¹
105 2612 191 2641 lCor.
206 2621 261 2647 xtv,
274 2613 370 2642 25-25.

103 2672 144 2708 (i)
165 2672 232 2708 Pars
245 2673 354 2707 quidem
367 2672 442 2708 prior
458 2672 604 2708 testimonii
620 2672 680 2707 ejus
696 2677 738 2700 est
753 2680 786 2700 ex
799 2672 862 2708 Epi-

65 2707 138 2736 stolu
155 2707 190 2735 ad
203 2707 375 2740 Corinthios;
397 2715 462 2742 pars
478 2707 564 2734 altera
583 2711 672 2736 tamen
687 2708 810 2735 adsuitur
822 2707 860 2736 ει

66 2744 128 2771 ioco
149 2743 278 2777 parallelo
293 2742 420 2778 Epistulae
440 2742 473 2769 ad
495 2742 636 2778 Ephesios.

104 2776 155 2813 (2)7
166 2778 204 2814 ita
213 2780 273 2806 cod.
282 2776 435 2814 Kupiou._ut
447 2777 565 2805 nonnulli
573 2777 619 2814 alii
633 2776 738 2814 codices
745 2778 858 2814 Actutum

66 2819 159 2855 ψει.
175 2813 230 2841 Sed
248 2812 337 2855 tamen
352 2812 437 2840 multo
455 2813 623 2855 communio:
632 2818 674 2855 est
688 2812 768 2840 lectio
778 2813 858 2855 Θεοῦ,

68 2847 130 2881 Dei,
148 2856 231 2884 quam
256 2849 388 2883 interpres
403 2854 511 2882 quoque
524 2847 582 2874 Lat.
603 2847 733 2882 Vulgatus
748 2851 857 2876 retinet.

66 2883 138 2911 Θεοῦ
152 2885 238 2913 habet
263 2884 321 2920 ipse
342 2884 458 2919 Cyriiius
476 2884 501 2911 in
518 2883 659 2918 opusculo,
675 2882 754 2917 Quod
769 2882 857 2912 Maria

916 2233 1071 2261 necessario
1088 2233 1111 2260 is
1139 2232 1185 2267 qui
1208 2232 1382 2260 convincitur
1403 2239 1419 2259 ο
1446 2233 1602 2268 prophetia,
1626 2235 1704 2270 diju—‘

914 2281 1023 2308 dicatus
1047 2277 1173 2306 adorabit
1199 2278 1282 2305 Deum
1299 2297 1308 2310 ,
1340 2279 1519 2313 pronuntians
1546 2280 1618 2314 quod
1639 2287 1704 2308 vere

916 2326 986 2353 Deus
1001 2324 1029 2353 in
1045 2325 1123 2353 vobis
1138 2325 1184 2352 sit.
1196 2323 1281 2352 Porro
1300 2324 1338 2351 illi
1354 2325 1470 2360 gratiam
1489 2325 1608 2359 Spiritus
1624 2326 1703 2354 hahe-

915 2370 990 2397 bant.
1008 2370 1083 2404 Quod
1095 2369 1117 2397 si
1134 2369 1205 2397 Deus
1223 2370 1250 2397 in
1265 2369 1329 2404 ipsis
1348 2375 1418 2403 erat,
1434 2371 1497 2405 quia
1510 2370 1627 2405 Spiritus
1642 2380 1704 2406 gra-

916 2415 952 2442 tia
971 2414 1141 2446 fruebantur,
1158 2419 1283 2450 superest
1304 2418 1333 2442 ut
1352 2413 1425 2442 Deus
1448 2418 1475 2441 et
1493 2422 1527 2442 ex
1545 2414 1601 2442 Deo
1616 2414 1704 2450 Spiri-
1727 2452 1731 2455 _

917 2467 959 2489 tus
978 2465 1090 2489 sanctus
1104 2461 1150 2489 sit.

941 2585 963 2619 1’
977 2584 987 2611 Ι
1007 2584 1072 2612 Cor.
1085 2590 1136 2616 xu,
1149 2581 1185 2609 28
1201 2590 1208 2615 ;
1225 2581 1324 2616 Ephes.
1340 2588 1378 2614 tv,
1394 2581 1441 2609 12.
1477 2579 1499 2596 ⁸⁰
1515 2580 1577 2609 Act.
1590 2588 1636 2616 xx,
1654 2581 1701 2609 98.

914 2676 949 2703 sit
974 2676 1100 2708 Deipara,
1117 2683 1193 2703 num.
1207 2673 1253 2702 92.
1543 2695 1546 2698 .

950 2712 989 2746 (3)
1010 2710 1163 2746 Coit.8506.
1179 2710 1243 2742 Deo.
1252 2709 1300 2737 sed
1309 2708 1450 2736 ridebatur
1460 2709 1570 2736 omnino
1582 2708 1705 2737 scriben-

914 2747 977 2774 dum
996 2745 1073 2778 Υἱοῦ,
1089 2745 1171 2772 Filia.

950 2781 1071 2817 (4)1‘ria
1096 2781 1159 2817 haec
1174 2779 1255 2807 verba
1281 2779 1582 2817 desunl‘mendoseriu
1607 2779 1706 2808 codicis

913 2814 1023 2851 propter
1044 2814 1247 2851 ὀμοιοτέλευτον
1262 2815 1454 2851 praetermissa,
1471 2814 1518 2843 sed
1535 2814 1606 2842 inira
1620 2822 1704 2850 appu-

912 2849 1044 2881 i'et’iecta
1062 2849 1159 2880 revera
1178 2849 1262 2879 fuisse
1281 2856 1296 2877 a
1316 2849 1431 2885 Cyriilo.
