1927 3036
72 182 82 208 l
90 182 148 208 2‘25

71 273 339 309 ἀποκεκρυμμένην,
351 273 384 308 ἢν
402 272 554 308 προώρισεν
565 273 579 299 ό
591 272 657 304 Θεὸς
672 272 725 308 πρὸ
741 273 794 299 τῶν
805 272 870 299 αἰώ-

74 329 130 347 νων
154 321 194 352 εἰς
214 320 290 352 δόξαν
306 319 394 354 ὑμῶν,
417 320 450 354 ἢν
473 318 561 351 οὐδεὶς
578 319 632 354 τῶν
656 319 795 354 ἀρχόντων
819 319 868 346 τοῦ

73 366 177 398 αἰῶνος
189 366 282 393 τούτου
297 366 425 400 ἔγνωκεν.
440 376 449 392 ι
462 366 493 392 Εἰ
506 366 559 402 γὰρ
568 365 699 400 ἔγνωσαν,
710 366 759 392 οὐκ
774 365 807 392 ἂν
823 365 868 393 τὸν

74 413 182 449 Κύριον
197 413 248 449 τῆς
264 413 341 449 δόξης
358 413 544 449 ἐσταύρωσαν.
560 413 614 440 Καὶ
624 413 679 448 μὴν
693 414 739 439 ἐπὶ
753 411 869 444 τούτοις,

78 469 87 486 ι
98 461 147 492 ’ος
159 458 197 486 ὢν
207 459 378 494 ἀπαύγασμα
388 460 438 495 τῆς
446 459 525 494 δόξης
535 459 581 486 καὶ
590 459 733 495 χαρακτὴρ
743 461 792 494 τῆς
803 459 870 485 ὑπο-

76 507 202 538 στάσεως
223 506 315 538 αὑτοῦ,
334 507 424 542 φέρων
438 515 468 532 τε
483 506 518 533 τὰ
532 506 620 532 πάντα
645 505 683 541 τῷ
706 507 807 541 ῥήματι
820 506 870 540 τῆς

75 552 219 589 δυνάμεως
236 553 329 583 αὐτοῦ,
346 552 516 588 καθαρισμὸν
530 552 584 579 τῶν
597 552 738 587 ἁμαρτιῶν
755 552 869 586 ποιησά-

79 608 172 635 μενος,
186 599 311 626 ἐκάθισεν
328 600 356 625 ὲν
372 599 446 634 δεξιᾷ
459 599 508 634 τῆς
531 598 726 634 μεγαλωσύνης
749 599 778 625 ὲν
802 598 871 634 ὑψη-

76 644 146 677 λοῖς,
163 644 281 679 τοσούτῳ
296 644 427 678 κρείττων
440 644 584 679 γενόμενος
603 643 657 670 τῶν
670 643 803 677 ἀγγέλων,
816 644 871 679 ὅσῳ

76 690 280 726 διαφορώτερον
295 691 360 725 παρ’
377 690 475 722 αὐτοὺς
488 689 726 726 κεκληρονόμηκεν
745 690 840 725 ὄνομα.
858 699 867 715 ›

78 737 178 764 Καίτοι
202 736 232 762 τό
255 745 286 770 γε
305 734 373 762 εἷναί
397 744 426 762 τε
452 735 499 762 καὶ
521 735 702 770 ὀνομάζεσθαι
721 735 772 770 τῆς
793 735 871 770 δόξης

78 783 194 819 Κύριον,
204 782 262 814 πῶς
274 782 335 817 οὐχὶ
347 782 406 808 λίαν
419 781 564 817 ὑπερτενὲς
575 782 621 808 καὶ
633 781 733 813 παντὸς
744 781 871 808 ἐπέκεινα

77 829 195 865 γενητοῦ
213 829 259 856 καὶ
275 829 452 863 παρηγμένον
468 827 537 862 πρὸς
549 828 654 862 γένεσιν
664 837 671 861 ;
682 828 737 854 Καὶ
751 827 870 865 παρίημι

80 876 132 911 μὲν
150 875 185 902 τὰ
205 874 371 910 ἀνθρώπινα·
388 873 492 910 σμικρὰ
505 873 559 909 γὰρ
581 873 613 909 δὴ
636 873 707 900 λίανο
723 873 779 909 ἐρῶ
791 873 813 900 δ’
824 871 871 900 οὖν

78 923 120 950 ὃτι
139 922 189 949 κᾶν
209 921 354 956 Ἀγγὲλους
370 921 513 956 ὀνομάσαι,
529 920 575 946 καὶ
589 919 689 956 Ἀρχὰς
700 920 747 946 καὶ
757 919 873 956 Θρόνους

79 969 130 996 καὶ
146 968 317 1004 Κυριότητας
340 966 566 1002 ἀπαριθμήσαιτό
579 975 631 999 τις,
648 967 694 993 καὶ
712 966 765 1002 μὴν
785 967 832 992 καὶ
849 967 873 993 εί

79 1015 135 1042 τῶν
150 1014 281 1042 ἀνωτάτω
294 1014 508 1049 διαμεμνήσεται
523 1013 658 1048 Σεραφὶμ,
669 1012 785 1039 κατόπιν
800 1013 874 1039 ἰόντα

80 1061 131 1096 τῆς
140 1059 227 1092 οὕτως
241 1058 404 1095 ὑπερτενοῦς
415 1058 606 1094 ὁμολογήσειεν
618 1057 650 1085 ἂν
661 1058 796 1090 εὐκλείας,
806 1057 833 1084 εἴ
842 1066 874 1092 γε

81 1107 144 1134 νοῦν
159 1107 215 1142 ἔχοι
230 1106 267 1141 μὴ
283 1101 673 1141 παρεφθαρμένον.Ἕκκριτον
688 1104 741 1140 γὰρ
761 1102 830 1131 εἶναι
843 1104 874 1130 τὸ

81 1153 167 1188 γέρας
187 1152 268 1188 φημὶ,
289 1152 335 1178 καὶ
354 1151 408 1178 δεῖν
424 1150 583 1177 ἀνακεῖσθαι
600 1150 668 1185 μόνῃ
683 1151 716 1185 τῇ
734 1149 788 1176 τῶν
805 1150 874 1176 ὅλων

83 1199 261 1235 παμὸασιλίδι
285 1198 373 1234 φύσει.
392 1197 452 1228 Πῶς
467 1195 513 1224 οὖν
536 1196 569 1223 ἂν
595 1197 699 1231 γένοιτο
725 1197 774 1232 τῆς
795 1196 875 1231 δόξης

83 1245 185 1281 Κύριος
204 1245 219 1271 ό
233 1242 454 1278 ὲσταυρωμένοςς
473 1242 510 1268 Τὸ
526 1242 554 1269 δὲ
569 1241 740 1277 ἀπαύγασμα
754 1241 800 1268 τοῦ
817 1242 874 1268 Πα-

83 1291 156 1326 τρὸς,
172 1290 219 1317 καὶ
234 1290 282 1325 τῆς
295 1288 388 1321 οὐσίας
404 1289 418 1315 ὀ
435 1288 589 1323 χαρακτὴρ,
603 1289 617 1314 ὁ
631 1288 721 1323 φέρων
738 1287 769 1314 τα
786 1287 874 1314 πάντα

83 1337 122 1373 τῷ
146 1337 249 1373 ῥήματι
272 1336 320 1371 τῆς
336 1335 476 1370 δυνάμεως
491 1334 584 1366 αὑτοῦ,
601 1333 732 1369 κρείττων
751 1333 875 1367 ἀγγέλων

83 1381 453 1418 γεγενῆσθαιλέγεται,τάχα
463 1389 513 1407 που
528 1379 558 1407 τὸ
572 1380 690 1411 ἔλαττον,
702 1379 739 1411 ὡς
756 1376 874 1415 ἐγῷμαι,

83 1431 186 1463 λαϐὼν,
203 1431 247 1457 ὅτε
263 1429 382 1465 πέφηνεν
397 1428 549 1464 ἄνθρωπος.
566 1427 722 1463 Γέγραπται
745 1426 809 1463 γὰρ,
833 1427 874 1453 ὅτι

87 1489 96 1505 ‹
112 1478 164 1505 Τὸν
181 1477 208 1504 δὲ
227 1476 313 1514 βραχύ
328 1485 355 1502 τι
368 1476 432 1511 παρ’
448 1474 579 1510 ἀγγέλους
602 1473 792 1509 ἠλαττωμένον
815 1473 875 1508 su.

86 1533 174 1560 πομεν
194 1522 309 1558 Ἰησοῦν,
323 1522 367 1549 διὰ
381 1522 412 1548 τὸ
425 1521 539 1557 πάθημα
553 1520 601 1547 τοῦ
620 1521 734 1548 θανάτου
752 1521 814 1555 δόξῃ
828 1520 875 1546 κῖιί

622 183 666 210 DE
690 179 949 209 INCARNATIONE
971 183 1157 210 UMGENITI.
1347 205 1358 209 ,.

73 230 179 263 μένων,
195 226 264 254 ἀλλὰ
278 226 412 263 λαλοῦμεν
425 227 492 253 Θεοῦ
505 227 601 261 σοφίαν
616 228 645 253 ὲν
663 228 805 263 μυστηρίῳ
819 227 870 264 τὴν
884 252 886 256 ,

930 228 968 255 sed
998 229 1133 264 loquimur
1167 229 1213 256 Dei
1241 230 1401 264 sapientiam
1429 231 1454 258 in
1482 233 1622 268 mysterio,
1649 244 1707 271 qua'

1639 190 1706 218 {2'26

921 275 1077 302 abscondita
1094 280 1152 309 est,
1166 283 1246 311 quam
1268 276 1469 310 praedeSIinnvit
1490 277 1559 306 Deus
1575 284 1637 307 ante
1658 289 1707 309 saa-

920 320 978 347 cnla
995 320 1021 348 in
1043 321 1156 356 gloriam
1184 326 1316 354 nostram.
1344 330 1424 357 quam
1452 330 1533 351 nemo
1557 326 1708 361 principum

920 367 999 401 hujus
1012 367 1104 394 smculi
1121 369 1257 402 cognovit.
1274 368 1302 396 Si
1319 369 1392 396 enim
1410 372 1619 405 cognovissent,
1640 380 1708 399 nun-

920 420 1000 447 quam
1026 413 1169 441 Dominum
1189 414 1281 450 gloria:
1294 415 1536 443 crurilixissent".
1562 427 1571 443 ι
1593 417 1709 446 Praeter-

920 465 950 485 ea
967 467 972 484 :
1004 467 1013 484 ι
1028 457 1078 491 Qui
1103 466 1163 485 cum
1185 459 1221 486 sil.
1241 459 1369 494 splendor
1383 460 1476 494 gloriae
1496 465 1523 488 et
1542 461 1626 496 figura
1646 462 1705 489 sub-

921 504 1028 532 stantia:
1045 504 1114 539 ejus,
1131 510 1298 540 portansque
1311 507 1403 533 omnia
1420 507 1502 535 verbo
1519 508 1627 536 virtutis
1643 517 1709 540 sum.

923 550 1108 586 purgationem
1125 556 1296 586 peccatorum
1308 551 1421 586 faciens,
1433 554 1509 581 sedet
1521 554 1554 581 ad
1569 555 1710 583 dexteram

923 599 1071 634 majestatis
1092 600 1118 627 in
1142 599 1276 634 excelsis;
1304 604 1378 627 tanto
1403 600 1497 628 melior
1519 601 1623 636 angelis
1645 602 1710 630 effo-

922 650 994 676 ctus,
1012 649 1114 679 quanto
1134 645 1301 673 ditl'erentius
1325 654 1381 680 pra:
1407 646 1458 674 illis
1483 655 1579 675 nomen
1601 648 1711 676 haeredi.

923 691 989 717 tavit
1001 691 1033 716 ⁸⁸.
1050 699 1059 716 ι
1076 691 1158 719 Porro
1171 699 1231 718 cum
1250 693 1286 719 sit
1299 696 1326 719 et
1347 692 1495 727 appelletur
1508 693 1636 721 Dominus
1652 694 1712 729 glo-

923 737 980 770 rim,
1005 737 1141 771 quomodo
1166 745 1218 765 non
1242 738 1368 766 omnibus
1395 739 1496 766 creatis
1520 743 1547 766 et
1573 739 1606 766 ad
1622 743 1711 767 ortum

924 783 1054 810 traductis
1066 784 1101 812 sit
1114 783 1404 819 excellentior?Atque
1421 790 1451 811 ut
1463 785 1580 812 humana
1597 790 1712 819 praeter-

923 837 982 857 eam
994 849 1002 861 ,
1023 836 1082 864 qua:
1096 829 1176 856 exilia
1195 830 1312 864 vilinque
1329 834 1402 862 sunt,
1417 830 1439 857 si
1462 831 1522 864 quis
1541 830 1659 866 Angelos
1685 835 1714 857 et

925 874 1105 909 Principatus,
1119 879 1146 902 et
1162 874 1286 902 Thronos
1299 882 1330 902 ac
1342 875 1547 902 Dominationes
1559 881 1712 907 recenseat,

925 920 990 955 quin
1006 924 1033 946 et
1045 927 1178 954 supremis
1195 920 1333 955 dignitatis
1356 919 1510 955 Seraphim,
1528 922 1658 949 immenso
1677 926 1715 948 ta~

924 974 985 993 men
998 966 1154 993 discrimine
1170 974 1184 993 a
1199 974 1304 994 summa
1319 967 1369 994 hac
1385 967 1468 1001 gloria
1485 967 1595 994 differre
1608 967 1715 1001 judica-

925 1013 972 1046 hit,
1002 1013 1023 1040 si
1051 1017 1167 1040 mentem
1193 1017 1350 1046 corruptam
1377 1020 1430 1040 non
1464 1013 1572 1041 habeat.
1591 1013 1715 1041 Eximius
1763 1035 1775 1046 .

924 1059 995 1086 enim
1011 1059 1097 1086 honor
1107 1064 1158 1092 est,
1171 1059 1272 1094 quique
1287 1059 1336 1086 soli
1357 1059 1455 1086 divina:
1468 1065 1573 1086 natura:
1593 1067 1652 1094 qua:
1666 1061 1714 1088 toti

925 1107 1050 1133 universo
1067 1106 1182 1141 imperat
1192 1106 1328 1134 convenit.
1343 1105 1378 1133 At
1389 1113 1444 1140 quo
1457 1111 1535 1140 pacto
1550 1105 1632 1132 fuerit
1654 1106 1694 1133 Dn
1704 1121 1710 1125 ι

926 1151 1015 1178 minus
1027 1151 1129 1186 glorizc,
1147 1152 1168 1179 is
1179 1152 1224 1186 qni
1236 1152 1310 1179 cruci
1325 1151 1418 1183 aﬂixns
1433 1151 1492 1179 est?
1501 1151 1635 1187 Splendor
1648 1160 1713 1180 vero

925 1197 1024 1231 Patris,
1049 1202 1076 1224 et
1102 1197 1244 1225 character
1276 1198 1402 1225 esscntiae
1428 1198 1522 1233 ipsius,
1549 1202 1716 1233 portansqne

923 1244 1016 1272 omnia
1041 1244 1122 1272 verbo
1145 1245 1251 1272 virtutis
1277 1252 1351 1277 suae,
1379 1245 1475 1272 melior
1499 1245 1603 1279 angelis
1628 1245 1716 1272 factus

925 1299 984 1319 esse
998 1291 1106 1324 dicitur,
1121 1291 1210 1319 minor
1227 1291 1364 1325 nimirum,
1382 1295 1411 1318 ut
1431 1291 1559 1325 arbitror,
1572 1291 1612 1318 eis
1627 1291 1715 1318 deela-

927 1343 1012 1370 ratus,
1035 1345 1095 1365 cum
1121 1337 1245 1372 apparuit
1267 1337 1357 1365 homo.
1386 1336 1523 1371 Scriptum
1551 1341 1591 1364 est.
1613 1337 1685 1364 enim
1706 1347 1713 1364 :

930 1393 940 1409 ι
960 1383 1042 1410 Paulo
1059 1383 1146 1410 minus
1161 1382 1195 1410 ab
1210 1383 1313 1418 angelis
1334 1382 1467 1410 minutum
1482 1381 1606 1410 videmus
1621 1382 1713 1410 Jesnm

927 1433 1036 1465 propter
1048 1429 1201 1463 passionem
1219 1429 1314 1456 mortis
1327 1432 1353 1456 et
1367 1428 1467 1456 honore
1483 1433 1643 1456 coronatum
1657 1429 1690 1456 ⁵⁸.
1703 1438 1712 1454 ι

927 1475 996 1509 Quid
1014 1474 1115 1509 igitur?
1137 1473 1344 1502 Privahimusne
1367 1473 1483 1502 Verbum
1510 1475 1581 1508 quod
1605 1482 1639 1502 ex
1660 1474 1717 1502 Dco

927 1530 959 1549 ac
975 1521 1053 1548 l‘atre
1069 1521 1199 1556 processit
1215 1520 1374 1548 excellentia
1393 1520 1434 1547 illa
1451 1520 1536 1556 69s
1549 1528 1609 1556 quae
1622 1528 1718 1548 essen-

84 1572 151 1606 τιμῇ
168 1568 399 1604 ἐστεφανωμένον.
413 1565 488 1602 ι”Αρ“
498 1565 545 1593 οὖν
556 1565 693 1601 ὲξώσομεν
707 1566 751 1592 τὸν
764 1567 796 1593 ἐκ
808 1566 875 1593 Θεοῦ

930 1567 1028 1594 tialiter
1042 1566 1093 1601 ipsi
1111 1566 1192 1598 inest,
1204 1570 1231 1593 et
1246 1573 1260 1592 a
1276 1564 1396 1599 perfecta
1414 1572 1474 1592 cum
1491 1565 1571 1592 Patre
1587 1565 1717 1594 similitu-

85 1616 193 1653 [ἰατρὸς
206 1614 346 1650 πεφηνότα
359 1614 454 1648 Λόγον,
466 1612 515 1648 τῆς
529 1611 603 1647 αὐτῷ
616 1611 770 1647 προσούσης
781 1610 877 1637 οὐσιῶ-

85 1664 147 1695 ἱους
172 1661 318 1697 ὑπεροχῆς,
336 1660 382 1686 καί
397 1659 446 1694 τῆς
461 1658 528 1694 πρὸς
542 1657 622 1684 αὑτὸν
640 1655 771 1692 ἀκριϐοῦς
794 1657 879 1690 ὲμφευ

51 1741 54 1744 ,
87 1710 175 1747 ρείας,
190 1709 238 1735 καὶ
259 1708 306 1743 τῆς
322 1706 446 1741 ἀγγέλων
462 1704 586 1736 εὐκλείας
601 1703 755 1739 ἡττώμενον
769 1701 879 1737 βλέπον-

86 1766 131 1788 τες
145 1755 191 1782 διὰ
202 1754 232 1781 τὸ
247 1754 296 1788 τῆς
308 1751 463 1786 οἰκονομίας
479 1749 700 1784 σμικροπρεπὲςς

122 1803 153 1829 Β,
175 1799 323 1836 Οὗμενοῦν.
339 1795 424 1833 Οἶμαι
440 1796 494 1832 γὰρ
509 1796 574 1827 δεῖν,
589 1794 650 1822 οὔτε
669 1794 723 1821 τῶν
740 1793 878 1829 ἀνθρωπε-

87 1857 141 1876 νων
158 1845 339 1874 ἀπαλλάττειν
362 1841 502 1872 παντελῶς
523 1840 567 1867 τὸν
582 1841 614 1866 ὲκ
628 1839 695 1866 Θεοῦ
710 1839 794 1873 Λόγον
811 1838 878 1874 μετὰ

86 1894 137 1930 τὴν
154 1892 222 1928 πρὸς
234 1891 323 1927 σάρκα
336 1889 455 1920 σύνοδον,
468 1887 531 1914 οὕτε
544 1886 596 1922 μὴν
608 1886 686 1922 δόξης
699 1886 749 1919 τῆς
767 1885 880 1921 θεοπρε-

88 1940 158 1972 ποῦς
173 1938 335 1973 ἀποστερεῖν
348 1936 377 1962 τδ
394 1933 573 1968 ἀνθρώπινον,
589 1933 613 1959 εἰ
627 1934 656 1959 ὲν
672 1931 782 1968 Χριστῷ
795 1934 881 1959 νοοῖτο

88 1987 138 2015 καὶ
152 1986 268 2020 λέγοιτο.
284 1983 357 2018 Πλὴν
372 1982 518 2017 ὲρομένους
546 1980 600 2006 ἴσθι
613 1979 652 2005 τοί
672 1987 747 2010 τινας
758 1987 764 1992 ·
783 1977 829 2010 Τίς
849 1977 881 2013 δὴ

87 2035 145 2070 ἄρα
159 2032 232 2060 ἐστὶν
245 2029 351 2065 ἀληθῶς
371 2028 472 2063 Ἰησοῦς
485 2028 499 2053 ὁ
511 2025 644 2062 Χριστός;
666 2025 695 2057 Ὀ
709 2026 740 2051 ἐκ
753 2024 881 2058 γυναικιπ

89 2079 246 2115 ἄνθρωπος,
263 2077 345 2112 ἤγουν
362 2075 376 2101 ὀ
391 2075 422 2100 ὲκ
436 2071 504 2099 Θεοῦ
518 2071 621 2105 Δόγος;

125 2114 159 2152 Ᾰ.
175 2123 291 2151 Ἦλίθιον
317 2121 366 2156 μὲν
391 2118 490 2154 κομιδῇ
514 2117 544 2143 τὸ
557 2114 735 2143 διατείνεσθαι
756 2114 880 2150 περιττὰ,

91 2171 140 2198 καὶ
161 2168 311 2204 φληνάφοις
327 2163 527 2199 εἰκαιομυοίαις
546 2159 838 2196 ἀνταναφωνεῖν.⁴Ερῶ
859 2160 882 2187 δ’

89 2216 149 2248 οὖν,
164 2217 205 2243 ὅτι
224 2212 357 2249 σφαλερόν
370 2219 399 2238 τε
420 2210 465 2237 καὶ
482 2209 531 2235 οὐκ
547 2207 664 2242 ἀζήμιον
681 2206 710 2233 τὸ
729 2206 882 2241 διατέμνειν

928 1614 1000 1646 dine,
1015 1620 1076 1640 cum
1095 1612 1169 1640 illum
1189 1612 1222 1639 oh
1235 1611 1432 1639 incarnationis
1445 1611 1628 1639 humilitatem
1645 1610 1715 1638 infe.-

930 1659 1029 1686 riorcm
1046 1658 1149 1693 angelis
1163 1657 1262 1685 factum
1282 1656 1423 1684 videmus?

965 1788 995 1815 Β.
1018 1788 1204 1823 Nequaquam.
1221 1788 1353 1816 Existimo
1369 1788 1440 1815 enim
1453 1792 1578 1823 oportere
1592 1795 1680 1822 neque
1693 1787 1719 1815 in

931 1835 1086 1863 universum
1101 1835 1276 1862 humanitatis
1290 1834 1502 1870 proprietatibus
1522 1834 1630 1868 privare
1652 1833 1719 1862 Ver-

932 1881 993 1908 bum
1013 1887 1044 1908 ex
1063 1881 1132 1912 Deo,
1151 1885 1294 1915 postquam
1321 1887 1429 1907 carnem
1449 1880 1616 1914 assumpsit:
1635 1887 1721 1914 neque

932 1933 1026 1953 rursus
1049 1925 1245 1953 humanitatem
1270 1925 1360 1951 divina
1386 1923 1471 1959 gloria
1494 1923 1623 1958 spoliare,
1651 1923 1673 1950 si
1693 1923 1721 1950 in

931 1973 1038 2001 Christo
1053 1972 1218 2007 intelligatur
1233 1976 1260 1998 et
1276 1971 1392 1999 dicatur.
1407 1973 1443 1998 At
1462 1970 1554 1998 dicunt
1572 1969 1695 1997 nonnulli
1709 1980 1717 1996 :

932 2021 1061 2055 Quisnam
1080 2026 1141 2046 vere
1157 2017 1287 2048 ostJesus
1301 2016 1446 2044 Christus?
1466 2015 1587 2043 Homonc
1605 2023 1639 2042 ex
1661 2024 1721 2042 mu-

932 2068 998 2096 liere
1016 2071 1106 2100 natus,
1120 2074 1153 2093 an
1168 2065 1284 2092 Verbum
1300 2071 1330 2091 ex
1355 2063 1430 2090 Deo?

968 2113 1000 2141 Δ.
1023 2112 1127 2141 Stolida
1144 2110 1266 2147 profecto
1287 2118 1331 2137 res
1351 2114 1393 2136 est
1409 2108 1441 2136 de
1456 2108 1536 2136 rebus
1547 2108 1723 2142 supervacuis

933 2161 1033 2188 acriter
1049 2157 1231 2188 contendere,
1251 2155 1454 2190 nugacibusque
1477 2162 1508 2181 ac
1528 2153 1604 2181 vanis
1627 2153 1723 2181 verbo-

936 2213 994 2232 rum
1011 2203 1172 2232 commentis
1193 2201 1364 2233 occiamare,
1391 2200 1455 2234 quin
1476 2200 1566 2234 potius
1589 2199 1724 2233 periculo-

143 2243 193 2288 δύο
206 2243 253 2286 καί
275 2243 410 2291 ἀναμερος
426 2254 501 2289 ἱστᾷν
526 2251 668 2286 ἄνθρωπόν
681 2259 711 2278 τε
725 2251 772 2277 καὶ
785 2250 881 2284 Λόγον,

934 2260 994 2280 sum
1015 2251 1180 2284 noxiumque
1199 2255 1259 2276 esse
1280 2247 1436 2282 judicarint,
1460 2254 1553 2274 secare
1577 2246 1603 2273 in
1625 2246 1678 2273 duo
1698 2251 1726 2272 et

90 2308 142 2334 οὐκ
167 2304 334 2340 ἀνεχομένης
359 2302 408 2336 τῆς
432 2298 597 2334 οἰκονομίας,
622 2297 668 2324 καὶ
693 2296 810 2332 Χριστὸν
834 2296 883 2323 Eva.

93 2350 201 2388 βοὼδης
214 2350 263 2385 τῆς
281 2347 458 2376 θεοπνεύστου
473 2344 595 2380 Γραφῆς.
610 2343 714 2378 Χρῆναι
729 2342 784 2377 γὰρ
796 2341 883 2376 ἔγωγέ

93 2407 177 2435 φημι,
196 2398 265 2433 μήτε
283 2395 329 2422 τὺν
351 2396 383 2421 ἐκ
402 2392 470 2420 Θεοῦ
485 2391 571 2425 Λόγον
587 2388 796 2424 ἀνθρωπότητος
810 2388 883 2435 δίχα,

176 2444 221 2470 τὸν
232 2443 264 2469 ἐκ
274 2440 402 2476 γυναικὸς
413 2437 598 2472 ἀποτεχθέντα
612 2435 742 2469 ναόν,οὺχ
753 2433 887 2462 ἑνωθέντα

142 2490 231 2525 Λόγῳ.
241 2487 358 2524 Χριστὸν
370 2485 474 2522 Ἰησοῦν
484 2483 600 2519 ὀνομάζε
605 2482 676 2510 σθαι.
685 2481 746 2508 ‘Ave
751 2480 889 2516 ρωπάτητι

93 2537 151 2573 γὰρ
162 2535 223 2563 καθ’
232 2535 329 2562 ἕνωσιν
338 2530 512 2566 οἰκονομικὴν
521 2529 685 2566 ἀπορρήτοις
696 2526 890 2573 συνενηνεγμέ-

94 2592 140 2614 νος
160 2583 174 2609 ό
195 2583 228 2608 ὲκ
249 2579 316 2607 Θεοῦ
337 2579 422 2613 Λόγος
436 2578 537 2604 νοεῖται
553 2574 680 2611 Χριστὸς,
696 2572 825 2608 ἀνωτέρω
841 2572 890 2607 μὲν

94 2628 315 2665 ἁνθρωπότητος,
330 2625 367 2657 ὡς
382 2624 462 2660 φύσει
474 2623 541 2654 Θεὸς
555 2622 603 2649 καὶ
617 2621 691 2652 Υἱὸς,
707 2619 847 2665 ὑφιςγάνων
859 2618 888 2645 δέ

94 2684 122 2702 τι
149 2664 236 2710 βραχὺ
261 2671 309 2699 τοῦ
331 2672 361 2698 ὲν
385 2669 450 2705 δόξῃ
471 2666 649 2704 θεοπρεποῦς,
673 2665 711 2697 ὡς
734 2664 887 2700 ἄνθρωπος.

95 2720 254 2756 Τοιγάρτοι,
269 2717 334 2745 ποτὶ
361 2717 409 2752 μὲν
436 2715 556 2750 ἔφασκεν
571 2722 577 2729 ·
592 2713 643 2740 (³0
667 2710 799 2748 ἑωρακὼς
827 2710 888 2745 ἐμὲ,

94 2768 205 2802 ἑώρακε
220 2765 266 2792 τὸν
281 2761 482 2799 Πατέρα.Ὲγὼ
504 2761 550 2788 καὶ
563 2761 578 2787 ό
593 2759 686 2794 Πατὴρ
704 2759 734 2785 ἓν
758 2758 842 2792 ἐσμεν
855 2765 860 2771 -
878 2765 887 2781 ι

95 2814 141 2841 ὁτὲ
157 2815 185 2841 δὲ
201 2811 235 2840 αὖ
253 2811 333 2838 πάλιν
344 2819 350 2826 ·
369 2819 377 2834 ι
390 2809 418 2835 ’0
432 2809 525 2842 Πατήρ
543 2815 591 2842 μου
608 2804 707 2840 μείζων
724 2803 773 2839 μού
788 2804 888 2829 ἐστιν..

135 2903 178 2930 ⁵⁷1
194 2902 257 2929 Cor.
273 2908 303 2931 ιι,
321 2898 377 2926 6-8.
417 2896 439 2913 "
453 2896 534 2923 lluhr.
554 2903 572 2925 ι,
592 2894 618 2925 5,
634 2895 658 2921 ιι,
699 2894 720 2909 "
735 2893 815 2920 llcbr.
835 2900 862 2924 ll,
878 2892 904 2918 9.

262 2947 397 2977 ΡΑτιιυι..
421 2945 480 2974 Gn.
499 2942 545 2972 L.\'
557 2941 621 2972 XV.

936 2298 1080 2333 scparatitn
1103 2300 1224 2324 statuere
1244 2294 1378 2322 hominem
1405 2298 1433 2320 et
1448 2292 1584 2325 Verbum,
1602 2299 1663 2319 cum
1681 2291 1725 2318 in-

937 2343 1104 2372 carnationis
1122 2341 1191 2369 ratio
1214 2341 1240 2367 id
1264 2347 1316 2367 non
1343 2339 1473 2374 patiatur,
1501 2345 1618 2372 cumque
1645 2344 1724 2365 sacra

939 2389 1078 2423 Scriptura
1094 2395 1177 2415 unum
1195 2393 1257 2414 esse
1275 2385 1413 2413 Christum
1428 2384 1566 2419 praedicet.
1581 2383 1638 2418 Ego
1653 2383 1724 2410 enitn

938 2435 974 2462 ita
990 2438 1081 2461 statuo
1095 2437 1239 2466 oportere,
1255 2438 1343 2465 neque
1358 2430 1476 2458 Verbum
1499 2436 1532 2456 ex
1553 2429 1608 2455 Deo
1623 2427 1726 2462 absque

937 2479 1116 2510 humanitate,
1132 2484 1219 2511 neque
1228 2476 1357 2510 templum
1375 2475 1447 2511 quod
1460 2482 1493 2502 ex
1509 2473 1618 2508 Virgine
1632 2477 1724 2500 natum

937 2530 980 2554 est
992 2532 1048 2552 non
1064 2524 1167 2550 unitum
1185 2522 1284 2554 Verbo,
1296 2521 1387 2548 Jesum
1400 2520 1538 2549 Christum
1552 2519 1654 2547 vocari.
1670 2517 1728 2545 Hu-

940 2570 1063 2599 manitati
1078 2569 1150 2597 enim
1168 2567 1317 2595 secundum
1340 2567 1471 2594 unitatem
1492 2573 1541 2602 per
1559 2564 1726 2605 incarnatio-

940 2624 1000 2645 nem
1015 2616 1115 2643 l’actam
1132 2612 1304 2641 ineﬂ'abiliter
1315 2612 1471 2647 copulatum
1485 2611 1603 2640 Verbum
1616 2619 1648 2639 ex
1661 2610 1727 2642 Deo,

941 2663 1040 2691 dicitur
1054 2661 1189 2694 Christus,
1204 2659 1330 2694 superior
1344 2659 1452 2693 quidem
1471 2666 1552 2694 quam
1574 2662 1615 2686 est
1632 2658 1727 2685 huma-

943 2709 1025 2741 nitas,
1041 2712 1071 2735 ut
1088 2711 1185 2735 natura
1199 2705 1271 2733 Deus
1283 2710 1311 2731 et
1321 2704 1406 2731 Filius
1420 2711 1428 2730 :
1442 2703 1556 2731 inferior
1578 2710 1642 2731 vero
1663 2711 1731 2730 non-

943 2755 1010 2783 nihil
1025 2754 1108 2790 gloria
1122 2753 1231 2784 divina,
1249 2755 1276 2778 ut
1297 2745 1388 2778 homo.
1416 2750 1522 2778 Idcirco
1540 2755 1568 2777 et
1587 2750 1644 2784 ipse
1667 2749 1730 2776 alibi

944 2801 1031 2828 dixit:
1053 2810 1061 2825 ε
1077 2799 1128 2832 Qui
1154 2798 1220 2826 vidit
1242 2804 1301 2828 me,
1318 2797 1384 2823 vidit
1405 2800 1432 2823 et
1453 2795 1560 2823 Patrem
1577 2796 1609 2822 °°.
1627 2794 1683 2830 Ego
1706 2799 1732 2821 et

944 2892 966 2907 ε’
978 2890 1055 2917 .loan.
1076 2897 1129 2922 nr,
1146 2889 1174 2916 9.

1528 2930 1565 2961 39
