1927 3036
235 190 305 217 1⁸227

729 187 756 213 S.
778 186 912 214 CYRHJJ
933 187 1166 214 ALEXA'NDRINI
1187 187 1344 215 AllCillliP.

1795 183 1867 213 ιω

236 250 316 275 Pater
337 254 418 274 unttm
447 253 540 272 smnus
552 246 584 271 ".
609 254 617 270 I
635 244 700 272 Cum
726 252 790 273 vero
810 246 876 274 dicit
892 254 898 272 ε
915 255 924 272 t
941 246 1015 274 Patet

1072 247 1110 272 Οὐ
1131 246 1215 281 μείων
1236 247 1291 282 γὰρ
1311 247 1349 273 ὢν
1366 246 1411 273 τοῦ
1430 245 1535 280 Πατρός
1554 245 1623 272 κατὰ
1637 253 1668 279 γε
1686 244 1716 270 τὸ
1737 244 1768 270 iv
1786 243 1867 277 οὐσίᾳ

237 293 324 327 major
339 299 381 319 tne
394 291 464 318 est"
479 299 486 317 :
506 299 514 316 ι
527 298 586 317 cum
600 297 654 317 non
671 289 706 318 sit
718 290 806 318 ntinor
819 290 899 319 Patre
914 292 1018 319 ratione

237 338 386 366 identitatis
412 336 555 369 essentne,
581 339 608 363 et
633 336 796 363 omnimoda
821 337 1016 370 similitudinis,

235 384 366 411 minorem
386 389 415 409 se
431 389 489 409 esse
509 381 574 408 dicit
593 380 698 408 ratione
714 381 899 410 humanitatis.
914 381 1017 410 Praedi-

236 434 313 456 catur
323 435 385 455 vero
395 427 475 455 etiam
489 426 516 454 in
533 426 619 454 sacris
630 425 750 460 Litteris,
761 427 894 455 interdum
909 428 1016 462 quidem

235 479 264 500 ut
277 475 381 508 integre
395 472 529 499 cxsistcns
544 472 634 503 homo,
648 479 701 498 non
713 478 840 506 expressa
853 472 937 507 ipsius
950 472 1018 500 divi-

235 520 333 550 nitate,
361 519 464 544 ratione
491 517 708 544 incarnationis:
736 517 869 544 interdum
895 525 960 545 vero
988 522 1017 544 ut

236 565 314 595 Deus,
331 570 382 590 non
395 569 522 597 expressa
546 562 713 589 humanitate
728 570 734 589 :
749 567 843 589 neutra
865 567 954 589 tamen
975 570 1018 589 ra-

235 610 306 636 tione
323 609 371 644 ipsi
389 608 487 643 injuria
511 607 549 640 ﬁt,
566 612 677 642 propter
698 608 840 642 utriusque
860 607 1018 643 appellatio-

233 655 275 692 nis
289 655 314 682 in
327 662 408 681 unum
421 660 595 681 concursum.

269 701 298 729 Β.
316 702 455 735 Quomodo
471 701 532 728 ais?
550 707 636 735 neque
649 701 720 728 enim
733 701 800 728 satis
812 708 942 736 assequor
954 701 1016 736 quid

233 750 311 777 velis.

268 796 299 822 Ᾱ.
322 794 450 822 Hebraeus
471 801 503 821 ex
524 793 643 821 Hebraeis
664 798 691 821 et
714 793 784 822 tribu
803 793 952 830 Beniamin,
970 801 1018 822 vo-

231 847 309 870 catus
321 841 470 877 apostolus,
485 840 581 869 scribit
596 840 629 868 iis
652 840 698 875 qui
720 847 769 876 per
781 840 860 868 ﬁdem
878 840 1017 875 iustiﬁcati

232 893 310 921 sunt,
329 893 357 915 et
379 888 576 916 mortiﬁcarunt
596 887 715 914 membra
736 886 838 920 carnis,
860 886 1018 914 fornicatio-

1070 291 1178 323 ταυτὸν,
1194 291 1242 318 καὶ
1259 291 1329 318 κατά
1345 293 1399 318 πᾶν
1414 290 1502 318 ὁτιοῦν
1516 291 1546 317 τὸ
1563 289 1732 322 ίσοστατοῦν,
1747 289 1779 315 ἔν
1793 288 1867 314 ἐλάτ-

1071 345 1145 364 τοσιν
1168 334 1237 365 εἷναί
1253 346 1319 373 φησι
1340 337 1384 364 διὰ
1399 337 1429 364 τὸ
1443 336 1621 372 ἀνθρώπινον.
1637 335 1816 372 Κηρὺττεται
1838 333 1867 359 δὲ

1072 382 1118 409 καὶ
1134 381 1177 409 διὰ
1192 382 1245 409 τῶν
1263 382 1343 418 ἱερῶν
1359 382 1544 418 Γραμμάτων,
1559 382 1624 409 ποτὲ
1637 381 1686 416 μὲν
1701 380 1740 411 ὡς
1755 379 1818 411 ὅλος
1829 378 1866 404 ὢν

1071 426 1222 461 ἅνθρωπος,
1241 427 1451 462 σεσιωπημένης
1466 426 1549 454 αὑτοῦ
1571 427 1621 462 τῆς
1643 426 1775 461 θεότητος
1795 424 1868 451 οἰκο-

1071 473 1204 507 νομικῶ;”
1225 473 1291 499 ποτὲ
1315 473 1342 499 δὲ
1366 470 1399 500 αὗ
1427 473 1507 500 πάλιν
1523 473 1568 500 καὶ
1581 473 1658 504 Θεὸς,
1676 470 1867 506 σεσιγημὲνης

1071 518 1153 545 αὑτοῦ
1177 518 1226 552 τῆς
1245 518 1470 554 ἀνθρωπότητος·
1488 519 1620 545 ἀδικεῖται
1642 518 1670 544 δὲ
1692 517 1755 544 κατ’
1770 515 1868 543 οὐδένα

1070 563 1170 598 τρόπον
1187 564 1230 590 διὰ
1246 564 1292 590 καὶ
1310 565 1408 598 ἀμφοῖν
1423 564 1463 596 είς
1481 564 1594 600 ἑνότητα
1609 563 1758 600 σύμϐασιν.

1106 698 1135 724 Β.
1158 697 1218 730 Πῶς
1238 698 1342 733 λέγειςς
1363 699 1473 734 συνίημι
1491 699 1544 734 γὰρ
1561 700 1591 726 οὐ
1609 700 1726 735 σῳόδρα.

1107 787 1138 813 Α.
1154 786 1183 812 ’0
1202 786 1327 822 Ἐὗραῖος
1347 787 1376 819 ἐξ
1391 787 1526 822 Ἐϐραίων
1544 788 1590 815 καὶ
1610 788 1698 823 φυλῆς
1720 788 1864 825 Βενιαμὶν,

1071 833 1084 859 ὸ
1101 832 1198 868 κλητὸς
1211 833 1369 865 ἀπόστολος,
1384 834 1535 860 ἐπιστέλλει
1553 835 1609 866 τοῖς
1621 835 1664 862 διὰ
1681 835 1807 868 πίστεως
1821 836 1863 862 δι-

1070 877 1269 914 δικαιωμένοις,
1288 879 1335 905 καὶ
1351 879 1572 914 κατανεκρὼσασι
1594 881 1627 907 τὰ
1646 881 1715 918 μέλη
1730 881 1783 917 τῆς
1799 890 1863 917 σαρ-

233 941 293 961 nem
323 933 456 966 videlicet,
481 932 694 965 immunditiam,
717 931 869 964 libidinem,
894 932 1015 967 concupi-

1069 923 1126 956 κὸς,
1143 924 1271 959 πορνείαν
1287 925 1319 960 δὴ
1334 924 1406 960 λέγω
1423 926 1470 952 καὶ
1483 926 1578 959 πάθος,
1595 927 1744 962 ἐπιθυμίαν
1764 927 1862 963 κακὴν.

232 979 362 1007 scentiam
390 979 487 1005 malam
509 984 536 1006 et
558 977 719 1005 avaritiam:
739 987 748 1004 ι
765 976 919 1005 Mortillcati
944 973 1016 1005 enim

232 1024 308 1055 estis,
326 1028 353 1051 et
367 1024 420 1051 vita
434 1028 524 1050 vestra
547 1021 704 1050 abscondita
724 1026 765 1049 est
782 1029 842 1049 cum
865 1022 974 1050 Christo
990 1023 1016 1050 in

233 1070 289 1097 Deo
300 1070 333 1097 ".
353 1079 363 1096 ›
379 1069 438 1104 ipse
452 1069 533 1096 etiam
549 1068 582 1095 de
599 1067 736 1102 discipulis
751 1067 807 1095 suis
822 1067 884 1095 alibi
906 1067 993 1103 inquit
1008 1077 1015 1096 :

235 1125 244 1142 ε
263 1115 344 1143 Pater
356 1119 462 1146 sancte,
479 1120 557 1141 serva
574 1120 620 1141 eos
642 1112 668 1139 in
690 1112 798 1140 nomine
819 1116 866 1140 tuo
887 1120 955 1148 quos
971 1113 1017 1142 de-

232 1162 296 1189 disti
313 1160 387 1193 mihi,
401 1159 485 1196 699
499 1163 529 1186 ut
542 1159 598 1185 sint
616 1165 715 1191 unum.
731 1158 800 1186 sicut
815 1155 843 1186 et
862 1166 921 1187 nos.
949 1159 1015 1187 Cum

231 1214 320 1235 essent
337 1213 398 1233 cum
411 1206 462 1238 eis,
476 1211 525 1239 ego
545 1204 686 1231 servabam
710 1210 757 1230 eos
778 1203 805 1230 in
827 1203 935 1231 nomine
958 1208 1014 1231 tuo.

228 1255 305 1287 Quos
319 1252 415 1281 dedisti
429 1251 496 1279 mihi
509 1258 559 1286 ego
568 1250 751 1283 custodivi,'et
766 1257 846 1278 nemo
856 1256 889 1277 ex
905 1249 937 1277 iis
951 1256 1015 1284 per-

229 1300 271 1332 iit,
293 1299 345 1326 uisi
364 1298 435 1325 ﬁlius
456 1297 626 1332 perditionis,
646 1301 676 1323 ut
693 1295 833 1331 Scriptura
857 1294 1014 1331 impleatur.

228 1344 306 1372 Nunc
319 1347 409 1371 autem
426 1342 460 1370 ad
473 1347 499 1370 te
513 1342 602 1373 venio,
618 1346 645 1368 et
665 1341 722 1368 haec
742 1340 839 1375 loquor
855 1340 883 1368 in
905 1341 1014 1374 mundo,

228 1396 260 1418 ut
279 1390 397 1418 habeant
426 1387 554 1424 gaudium
583 1395 671 1415 meum
694 1386 830 1422 impletum
865 1386 892 1414 in
915 1391 1016 1414 semet-

229 1436 298 1471 ipsis
308 1434 342 1462 “.
360 1443 370 1460 I
390 1433 519 1468 lntelligis
533 1432 637 1468 itaque,
656 1438 709 1467 quo
726 1436 804 1466 pacto
816 1431 842 1458 in
858 1431 900 1458 his
911 1438 944 1458 ex
959 1431 1014 1459 sola

228 1479 428 1516 quodammodo
456 1479 624 1506 humanitate
652 1477 729 1504 nobis
753 1476 899 1512 signiﬁcari
925 1477 1016 1504 videa-

226 1532 271 1554 tur
281 1526 293 1554 2

262 1572 294 1600 Β.
315 1571 399 1600 Recte
413 1571 465 1599 ais.

1068 969 1115 996 καὶ
1135 969 1185 1005 τὴν
1209 968 1376 1002 πλεονεξίαν.
1403 970 1586 998 «Ἂπεθάνετε
1611 972 1676 1008 γὰρ,
1691 973 1740 999 καὶ
1766 973 1784 1008 ἡ
1807 972 1862 1008 ζωὴ

1068 1015 1144 1050 ὑμῶν
1158 1015 1310 1051 κέκρυπται
1326 1017 1374 1043 σὺν
1387 1016 1426 1052 τῷ
1440 1017 1550 1053 Χριστῷ
1563 1018 1593 1044 ὲν
1610 1018 1648 1053 τῷ
1659 1019 1731 1054 Θεῷ.
1745 1028 1754 1045 t
1776 1019 1863 1056 Αὐτός

1066 1068 1098 1094 γε
1111 1060 1163 1096 μὴν
1178 1060 1231 1096 ἔφη
1242 1061 1306 1097 περὶ
1321 1061 1376 1088 τῶν
1391 1062 1488 1089 ἑαυτοῦ
1505 1062 1644 1098 μαθητῶν·
1660 1072 1670 1089 ι
1683 1064 1777 1099 Πάτερ
1790 1064 1860 1098 ἅγιε,

1066 1105 1186 1141 τήρησον
1201 1106 1300 1138 αὐτοὺς
1320 1107 1348 1133 ὲν
1363 1106 1402 1142 τῷ
1420 1107 1532 1142 ὀνόματί
1552 1116 1609 1141 σου,
1625 1105 1647 1142 ᾧ
1663 1108 1787 1141 δέδωκάς
1805 1117 1861 1144 μοι,

1067 1151 1111 1178 ῐνα
1125 1148 1193 1178 ὦσιν
1208 1152 1247 1185 ἓν,
1256 1151 1347 1184 καθὼς
1355 1153 1513 1188 ὴμεῖς.”οτε
1527 1154 1601 1190 ἢμην
1617 1154 1677 1190 μετ’
1690 1154 1794 1187 αὐτῶν,
1807 1155 1863 1190 ἐγὼ

1065 1196 1180 1232 ἐτήρουν
1195 1197 1295 1229 αὐτοὺς
1309 1198 1338 1225 ἑν
1350 1197 1389 1233 τῷ
1404 1199 1515 1234 ὀνόματί
1532 1208 1590 1233 σου,
1605 1199 1650 1232 ob;
1664 1200 1786 1233 δέδωκάς
1805 1210 1860 1236 μοι.

1066 1243 1114 1270 καὶ
1133 1243 1254 1278 ἐφύλαξα
1268 1244 1377 1276 αὐτοὺς,
1392 1244 1439 1272 καὶ
1457 1245 1545 1277 οὐδεὶς
1567 1245 1597 1279 ἐξ
1619 1246 1709 1273 αὐτῶν
1725 1247 1861 1279 ἀπώλετο,

1066 1289 1090 1316 si
1111 1289 1150 1326 μὴ
1162 1290 1177 1317 6
1190 1289 1248 1322 υἱὸς
1269 1289 1320 1325 τῆς
1340 1290 1490 1324 ἀπωλείας,
1513 1291 1557 1318 ἴνα
1571 1292 1588 1327 ἡ
1604 1292 1700 1328 Γραφῇ
1718 1293 1860 1329 πληρωῆ.

1065 1334 1123 1362 Νῦν
1149 1335 1178 1362 δὲ
1201 1335 1270 1372 πρὸς
1294 1335 1324 1363 σὲ
1349 1335 1475 1372 ἔρχομαι,
1490 1336 1538 1364 καὶ
1561 1336 1649 1364 ταῦτα
1675 1338 1751 1365 λαλῶ
1773 1339 1802 1365 ὲν
1822 1339 1862 1374 τῷ

1065 1383 1171 1419 κόσμῳ,
1190 1383 1233 1410 ἵνα
1252 1383 1335 1419 ιχωσι
1355 1383 1405 1419 τὴν
1423 1383 1510 1420 χαρὰν
1523 1384 1574 1420 τὴν
1587 1385 1657 1421 ιμὴν
1672 1385 1861 1422 πεπληρωμέ-

1065 1437 1115 1465 νην
1130 1430 1159 1456 tv
1172 1430 1287 1462 ἑαυτοῖς.
1305 1439 1315 1456 ι
1331 1429 1429 1465 Συνίης
1443 1428 1500 1464 οὖν,
1512 1430 1587 1463 ὅπως
1601 1431 1655 1459 ἀπὸ
1671 1431 1757 1468 μόνης
1766 1432 1862 1468 ὥσπερ

1065 1476 1132 1511 ἡμῖν
1147 1475 1198 1512 τῆς
1214 1475 1425 1513 ἀνθρωπότητος
1442 1476 1471 1504 εν
1494 1485 1527 1512 γε
1549 1479 1669 1506 τουτοισὶ
1686 1478 1862 1515 κατασημαεο

1065 1521 1157 1549 νεσθαι
1177 1522 1267 1556 δοκεῖς

1102 1566 1133 1593 Β.
1150 1567 1298 1603 Ὀρθότατα
1317 1567 1396 1603 ἔφης.

261 1621 297 1646 Δ.
317 1618 494 1646 Censebimus
506 1616 578 1644 enim
599 1615 718 1644 nondutn
735 1615 924 1643 absconditum
942 1621 1014 1647 esse,

1101 1615 1133 1640 A.
1154 1602 1308 1649 υἰιισόμεθα
1335 1602 1390 1650 γάρ
1417 1613 1476 1640 οὔτι
1503 1623 1555 1641 που
1579 1615 1733 1651 κεκρύφθαι
1758 1625 1789 1644 τε
1813 1616 1862 1645 καὶ

229 1672 316 1699 neque
347 1671 364 1691 e
384 1662 484 1690 mundo
506 1661 676 1693 excessisse,
698 1667 761 1688 eum
794 1665 888 1695 aperte
911 1659 985 1688 dicat
1005 1667 1013 1686 ε

231 1718 242 1736 e
264 1709 362 1740 Amen,
380 1707 540 1735 amen'dico
552 1705 640 1739 vobis,
654 1705 725 1741 quod
745 1705 790 1732 ubi
809 1705 864 1733 duo
892 1709 939 1732 aut
960 1709 1016 1733 tres

227 1753 385 1789 congregati
405 1751 507 1779 fuerint
535 1752 562 1778 in
585 1751 694 1779 nomine
721 1758 798 1783 meo,
824 1749 879 1778 illic
903 1757 963 1777 sum
988 1750 1015 1778 in

228 1800 320 1828 medio
334 1805 428 1826 eorum
439 1797 472 1824 ⁸⁸.
492 1806 502 1824 ι
521 1796 554 1824 Ει
568 1804 661 1824 rursus
676 1804 684 1823 :
704 1805 713 1822 ι
732 1795 802 1824 Ecce
815 1803 865 1831 ego
878 1795 1015 1823 vobiscum

227 1852 289 1874 sum
310 1843 436 1872 omnibus
462 1842 567 1875 diebus,
591 1849 676 1877 usque
699 1842 733 1869 ad
755 1841 1015 1869 consummationem

227 1890 320 1920 seculi
332 1889 364 1916 “.
380 1898 389 1916 ι
406 1888 474 1923 Quin
485 1893 514 1916 et
527 1888 740 1917 sacratissimum
761 1886 874 1915 Paulum
895 1894 1016 1923 saepenu-

226 1943 304 1965 mero
319 1935 414 1963 videas
432 1938 575 1969 negantem
589 1932 686 1961 debere
701 1928 789 1969 ipsum
808 1932 950 1968 pmdicari
964 1932 1015 1961 ito-

227 1983 326 2009 minem
342 1990 349 2008 :
371 1990 380 2007 ι
399 1980 500 2008 Paulus
516 1980 599 2011 enim.
616 1979 714 2014 inquit,
734 1978 886 2014 apostolus,
907 1986 961 2006 non
980 1979 1015 2007 ab

227 2027 395 2059 hominibus.
420 2033 508 2062 neque
535 2033 583 2061 per
609 2025 744 2059 homines,
772 2025 820 2053 sed
849 2032 897 2060 per
923 2024 1014 2053 .lesum

227 2072 407 2101 Christum".
419 2081 428 2098 ι
439 2072 471 2099 Ει
484 2071 563 2107 paulo
574 2076 635 2106 post
648 2079 654 2097 :
667 2081 676 2097 ‹
689 2071 786 2098 Notum
803 2071 874 2098 enim
887 2071 961 2098 vobis
980 2071 1017 2098 fa-

228 2119 282 2151 cio,
298 2119 406 2151 fratres,
424 2118 599 2153 Evangelium
612 2117 682 2152 quod
705 2117 918 2152 evangelizatum
940 2121 982 2145 est
999 2125 1014 2144 a

227 2171 283 2196 me,
298 2164 361 2198 quia
375 2170 427 2190 non
439 2167 480 2190 est
497 2163 644 2190 secundum
666 2162 811 2189 hominem.
829 2161 920 2197 Neque
942 2162 1014 2190 enim

227 2216 280 2243 ego
291 2208 325 2236 ab
340 2208 451 2236 homine
466 2206 559 2241 accepi
572 2206 645 2237 illud.
670 2213 755 2240 neque
777 2207 856 2234 didici
873 2215 880 2233 :
902 2207 949 2234 sed
968 2214 1015 2241 per

230 2253 423 2281 revelationem
435 2251 498 2279 .lesu
513 2250 614 2278 Christi
629 2250 662 2276 “.
684 2259 693 2277 ι
711 2251 779 2284 Quin
795 2257 822 2279 et
839 2251 893 2279 alio
913 2252 938 2279 in
956 2252 1015 2280 loco

229 2300 290 2326 ait:
319 2307 329 2324 ε
349 2298 378 2325 Si
402 2304 468 2324 vero
493 2296 575 2324 etiam
595 2297 770 2331 cognovimus
791 2298 936 2324 secundum
955 2306 1015 2325 car-

230 2352 292 2372 nem
310 2344 458 2374 Christum,
486 2342 533 2369 sed
559 2349 630 2369 nunc
653 2342 707 2375 iam
734 2350 785 2369 non
812 2343 980 2370 novimus".
1002 2352 1012 2369 ι

229 2390 360 2424 Quisnam
375 2389 457 2422 igitur
479 2393 520 2414 est
536 2387 613 2414 Jcsus
631 2388 768 2420 Christus,
793 2389 837 2423 qui
861 2389 928 2416 adeo
947 2389 1016 2417 inef-

230 2435 339 2462 fabilem
364 2438 521 2469 certamque
544 2439 570 2461 ct
595 2434 711 2460 divinam
738 2435 928 2469 mysteriorum
950 2442 1013 2462 suo-

229 2489 290 2508 rum
304 2479 493 2508 revelationem
507 2480 557 2514 ipsi
570 2479 707 2506 immittit?
719 2487 808 2508 nonne
821 2479 936 2508 Verbum
951 2488 1014 2508 caro

230 2528 343 2557 factum,
362 2524 486 2559 quodque
497 2529 606 2560 propter
626 2531 673 2552 nos
687 2531 719 2552 ex
735 2523 844 2559 Virgine
867 2525 942 2552 nasci
962 2532 1014 2552 non

230 2576 271 2599 est
287 2570 482 2606 dedignatum?

265 2616 295 2644 Β.
316 2616 443 2644 Omnino.
463 2615 569 2643 Memini
587 2615 658 2643 enim
682 2615 753 2643 beati
771 2615 905 2643 Gnhrielis
926 2615 961 2642 ita
982 2616 1015 2642 ad

229 2668 352 2690 sanctam
383 2661 519 2696 Virginem
533 2662 672 2689 dicentis:
693 2670 702 2687 ι
735 2660 772 2688 Ne
795 2662 901 2694 timeas.
916 2661 1015 2694 Maria;

229 2716 292 2737 ecce
311 2708 385 2736 enim
407 2707 544 2741 concipies
560 2707 586 2734 in
611 2712 698 2740 utero,
713 2711 741 2734 et
762 2707 851 2742 paries
870 2706 964 2739 illium,
988 2711 1015 2733 et

226 2754 338 2782 vocabis
355 2760 452 2780 nomen
467 2753 524 2787 ejus
539 2751 631 2780 Jesum
645 2753 678 2779 ⁷⁸.
697 2762 706 2778 ι
732 2751 834 2779 Novum
857 2758 946 2780 autem
965 2753 1014 2780 hoc

263 2856 283 2871 "
295 2855 375 2882 Joan.
389 2862 416 2886 κ,
433 2853 477 2882 50.
516 2854 624 2882 "Joan.
641 2858 696 2886 xlv,
710 2854 756 2882 28.

225 2891 252 2907 “
264 2891 355 2918 Matth.
370 2897 463 2922 nvnt,
476 2889 521 2917 20,
560 2890 581 2905 ³⁷
593 2889 681 2917 Galat.
699 2898 718 2922 ι,
736 2890 760 2916 1.
799 2890 821 2905 ⁵⁸
835 2890 900 2918 ibid.
919 2890 961 2928 ll,
978 2889 1020 2916 12.

809 2855 831 2872 ⁸³
844 2852 948 2882 Coloss.
968 2862 1010 2887 ttt,
1027 2854 1086 2881 5—5.
1138 2854 1161 2869 "
1185 2853 1262 2880 Joztu.

812 2890 821 2903 ⁸
835 2890 900 2916 ibid.
919 2890 961 2916 Η.
978 2889 1020 2916 12.
1061 2890 1082 2904 ⁸³
1094 2889 1113 2916 ΙΙ
1129 2889 1191 2916 Cor.
1213 2897 1237 2916 ν.
1254 2890 1283 2916 Hi

1185 2909 1191 2915 .
1213 2900 1237 2920 ν,
1254 2900 1295 2916 In.

1065 1659 1216 1695 ἀποδημεῖν
1223 1659 1270 1686 τοῦ
1281 1659 1396 1695 κόσμου,
1404 1660 1492 1687 καίτοι
1503 1660 1616 1695 λέγοντα
1625 1661 1730 1696 σαφῶς
1739 1671 1749 1689 ι
1760 1663 1860 1699 Ἀμὴν,

1066 1705 1140 1741 ἀμὴν
1152 1705 1223 1740 λέγω
1234 1706 1310 1741 ὑμῖν,
1321 1706 1362 1732 ὅτι
1376 1706 1443 1733 ὅπου
1465 1706 1512 1733 ἐὰν
1532 1707 1685 1743 συναχθῶσι
1695 1708 1743 1735 δύο
1754 1709 1771 1744 ἢ
1784 1711 1859 1745 τρεῖς

1066 1750 1106 1783 τίς
1125 1750 1155 1778 τὸ
1172 1751 1239 1786 ὲμδν
1258 1751 1355 1786 ὄνομα,
1372 1752 1432 1779 ἐκεῖ
1446 1752 1503 1787 είμι
1523 1753 1552 1780 ὲν
1571 1752 1645 1788 μέσῳ
1660 1754 1761 1781 αὐτῶν.
1777 1763 1787 1780 ι
1804 1755 1859 1782 Καὶ

1066 1795 1158 1823 πάλιν·
1173 1805 1183 1822 ι
1195 1795 1260 1823 Ἰδοὺ
1277 1796 1333 1830 ἐγὼ
1343 1797 1403 1832 μεθ’
1417 1797 1495 1833 ὑμῶν
1508 1799 1565 1833 εἰμι
1578 1799 1667 1831 πάσας
1679 1799 1729 1832 τὰς
1740 1800 1858 1836 ἡμέρας,

1065 1841 1118 1873 ἕως
1131 1841 1182 1877 τῆς
1198 1842 1354 1874 συντελείας
1368 1842 1415 1870 τοῦ
1432 1843 1540 1875 αίῶνος.
1554 1844 1650 1877 »Ἰδοις
1661 1845 1684 1872 δ’
1698 1846 1733 1873 ἂν
1746 1847 1794 1873 καὶ
1809 1847 1860 1873 αὖ·

1065 1885 1112 1912 τὸν
1134 1886 1180 1913 τὸν
1203 1886 1349 1922 ἱερώτατον
1379 1886 1484 1914 Παῦλον
1500 1889 1767 1925 καταρῤᾳθυμοῦντα
1794 1891 1858 1917 πολ-

1065 1932 1146 1964 λάκις
1172 1932 1220 1959 τοῦ
1247 1933 1294 1960 καὶ
1310 1932 1452 1968 ἄνθρωπον
1474 1933 1529 1960 δεῖν
1549 1934 1748 1970 ἀνακηρύττειν
1765 1935 1856 1962 αὐτόν.

1069 1987 1079 2004 ι
1094 1977 1198 2010 Παῦλος
1221 1978 1285 2014 γὰρ,
1300 1979 1393 2014 φησιν,
1410 1979 1424 2004 6
1442 1979 1601 2011 ἀπόστολος,
1617 1979 1666 2006 οὐκ
1688 1981 1737 2007 ἀπ’
1753 1981 1857 2017 ἀνθρώ.

1066 2033 1136 2057 πων,
1153 2024 1213 2051 οὐδὲ
1225 2024 1259 2052 δι’
1273 2023 1436 2060 ἀνθρώπων,
1452 2025 1519 2052 ἀλλά
1532 2025 1577 2052 διὰ
1595 2024 1682 2061 Ἰησοῦ
1697 2026 1828 2062 Χριστοῦ.
1846 2037 1854 2053 ι

1066 2069 1120 2096 Καὶ
1130 2067 1162 2096 αὖ
1174 2069 1219 2096 ἐπὶ
1228 2070 1344 2101 τούτοις·
1357 2080 1366 2096 ι
1379 2070 1507 2106 Γνωρίζω
1520 2070 1547 2097 δὲ
1561 2071 1624 2106 ὑμῖν
1636 2071 1667 2098 τὸ
1679 2071 1856 2106 Εὑαγγέλιον,

1065 2115 1141 2150 φησῖ,
1158 2115 1188 2141 τὸ
1202 2115 1392 2150 εὐαγγελισθὲν
1415 2116 1461 2142 ὑπ’
1473 2116 1551 2150 ἐμοῦ,
1565 2117 1605 2143 ὅτι
1631 2117 1681 2144 οὐκ
1703 2117 1762 2144 ἔστι
1789 2119 1857 2145 κατά

1065 2160 1216 2197 ἄνθρωπον.
1240 2160 1306 2187 Οὒδὲ
1330 2161 1384 2196 γὰρ
1406 2161 1461 2194 ὲγὼ
1478 2161 1554 2194 παρὰ
1569 2161 1714 2197 ἀνθρώπου
1736 2163 1856 2198 παρέλα-

1065 2207 1112 2234 6ον
1136 2207 1219 2238 αὐτὸ,
1246 2206 1306 2233 οὐδὲ
1335 2206 1475 2242 ἐδιδάχθην
1490 2228 1497 2239 ,
1524 2207 1592 2234 ἀλλὰ
1612 2208 1644 2234 δι’
1658 2209 1856 2244 ἀποκαλύψεως

1072 2252 1159 2288 Ἰησοῦ
1175 2253 1302 2288 Χριστοῦ.
1316 2262 1325 2279 t
1344 2253 1400 2279 Καὶ
1415 2253 1468 2288 μὴν
1482 2253 1528 2280 καὶ
1543 2254 1655 2290 ἑτέρωθί
1678 2263 1778 2290 φησιν·
1801 2265 1808 2280 ι
1828 2256 1855 2282 ΕΞ

1067 2297 1095 2324 δὲ
1119 2299 1166 2325 καὶ
1183 2298 1341 2334 ἐγνώκαμεν
1364 2299 1434 2326 κατὰ
1459 2299 1548 2335 σάρκα
1572 2300 1699 2335 Χριστὸν,
1720 2301 1790 2327 ἀλλὰ
1813 2301 1857 2326 νῦν

1068 2344 1116 2371 οὐκ
1129 2345 1169 2371 ἔτι
1188 2344 1367 2380 γινώσκομεν.
1385 2354 1394 2370 ›
1410 2345 1458 2376 Τίς
1472 2343 1518 2372 οὖν
1535 2346 1609 2372 ἐστιν
1631 2346 1735 2380 Ἰησοῦς
1757 2347 1772 2372 6
1792 2347 1856 2381 Χρι-

1068 2390 1140 2421 στὸς,
1156 2390 1170 2416 6
1184 2390 1233 2425 τὴν
1254 2390 1340 2421 οὓτως
1355 2390 1511 2426 ἀπόρρητον
1526 2390 1631 2426 ἀπλανῆ
1657 2400 1686 2418 ἰε
1712 2392 1761 2418 καὶ
1785 2392 1858 2418 θείαν

1068 2435 1239 2469 ἀποκάλυψιν
1272 2435 1326 2461 τῶν
1350 2435 1458 2462 .ὲαυτοῦ
1484 2437 1640 2471 μυστηρίων
1663 2438 1856 2472 ἑναστράπτων

1069 2479 1174 2514 ἐαυτῷ;
1197 2477 1241 2516 ἄρ’
1260 2481 1320 2515 οὐχὶ
1343 2481 1487 2516 γενόμενος
1505 2481 1574 2516 σὰρξ
1591 2482 1606 2507 6
1618 2482 1714 2516 Λόγος,
1742 2483 1790 2509 καὶ
1810 2483 1858 2518 τὴν

1069 2527 1100 2552 ὲκ
1118 2526 1246 2559 γυναικὸς
1261 2526 1293 2552 δι’
1307 2527 1381 2561 ἡμᾶς
1394 2527 1444 2553 οὐκ
1459 2527 1596 2562 ἀτιμάσας
1608 2528 1752 2562 γέννησιν;

1105 2614 1134 2641 Β,
1155 2614 1229 2641 Πάνυ
1253 2614 1303 2649 μὲν
1317 2612 1373 2641 οὖν.
1390 2616 1615 2652 Διαμεμνὴσομαι
1628 2616 1683 2652 γὰρ
1704 2616 1752 2643 τοῦ
1772 2627 1859 2653 μακα-

1071 2660 1128 2694 ρίου
1150 2660 1275 2693 λέγοντος
1299 2660 1418 2697 Γαϐριὴλ
1439 2661 1506 2696 πρὸς
1528 2662 1577 2697 τὴν
1599 2663 1680 2697 ἁγίαν
1705 2664 1857 2699 Παρθένον·

1071 2715 1081 2732 α
1097 2707 1142 2742 Μὴ
1154 2706 1247 2742 φοϐοῦ,
1262 2707 1390 2743 Μαριάμ·
1407 2708 1461 2734 ίδου
1477 2708 1532 2743 γὰρ
1549 2708 1672 2744 συλλήψῃ
1695 2710 1725 2736 ἐν
1749 2710 1856 2744 γαστρὶ,

1068 2753 1114 2778 καὶ
1129 2752 1194 2789 τέξῃ
1206 2753 1276 2785 υἱὸν,
1293 2754 1339 2779 καὶ
1356 2753 1479 2784 καλέσεις
1493 2753 1522 2779 τὸ
1538 2754 1622 2789 ὄνομα
1635 2755 1719 2781 αὑτοῦ
1729 2755 1854 2791 Ἰησοῦν.»

1138 2854 1161 2891 ξ’
1185 2853 1262 2891 Juztn.
1278 2854 1491 2891 ixvnhli-lS.’
1510 2890 1514 2891 γ
1530 2855 1552 2870 ⁸⁸
1579 2854 1674 2883 Matth.
1708 2864 1786 2891 xvnt,
1811 2856 1853 2884 20.

1333 2891 1355 2905 ⁷⁰
1366 2890 1433 2917 Luc.
1453 2898 1471 2922 t,
1486 2890 1532 2922 50,
1549 2890 1592 2917 51.
