1927 3036
66 144 79 171 1
87 144 144 171 255

621 145 664 172 DE
685 143 942 172 |NC\RNAT[0NE
962 143 1150 172 UNIGENITI.

1637 145 1706 173 ιεδι

66 206 142 240 μονῇ
159 205 206 240 τῆς
224 203 392 239 Θεοπρεποῦς
407 204 542 236 εὐκλείας.
559 205 643 232 Ταυτὶ
661 206 821 241 φρονοῦντες
840 207 864 233 οι

920 205 1050 240 integram
1071 210 1151 240 atque
1166 205 1352 232 inconcussam
1369 204 1477 232 retinet.
1498 203 1573 237 Quod
1596 204 1705 239 quidem

66 250 204 286 μαθηταὶ,
217 249 402 286 προσεκύνουν
413 250 546 285 λέγοντες·
564 260 573 276 ι
586 251 704 286 Ἀληθῶς
719 251 787 278 Θεοῦ
801 252 864 283 Υἱὸς

64 294 104 322 εἴ·
123 306 132 322 ι
151 296 240 323 καίτοι
256 296 338 331 βάδην
357 296 429 323 ίόντα
446 295 598 330 βλέποντες,
609 297 655 323 καὶ
668 297 697 322 ἐν
710 298 791 333 σαρκὶ
803 297 863 324 καθ’

64 342 158 376 ἡμᾶς·
176 342 219 367 ἐπ’
232 341 317 376 ἄκρου
334 341 389 377 γὰρ
411 341 443 377 δὴ
462 341 544 368 διέθει
557 341 678 377 κύματος
693 342 863 378 παραδόξως,

64 386 106 419 ὡς
126 387 202 418 Θεός.

109 478 140 503 Β.
161 477 215 504 Καὶ
231 478 272 508 τίς
287 474 320 512 ἦν
334 477 348 502 6
362 477 449 511 λέγων
467 477 536 512 πρὸς
553 477 602 512 τὴν
626 480 653 505 ὲν
666 480 697 513 τῇ
721 479 862 515 Σαμαρείᾳ

67 524 203 556 γυναῖκα·
225 532 233 548 ι
245 523 340 558 Ὑμεῖς
366 525 544 558 προσκυνεῖτε
562 523 576 549 ὃ
598 523 648 550 οὐκ
668 523 768 556 οἴδατε,
785 525 864 559 ἡμεῖς

66 568 279 603 προσκυνοῦμεν
292 568 306 594 ὃ
320 568 447 603 οἴδαμεν;
465 578 474 595 ι
492 567 558 596 Εἶτα
573 570 632 601 πῶς
647 569 722 597 ἕσται
742 579 863 606 προσκυ-

68 614 164 649 νητὸς,
178 615 192 641 ό
205 615 260 646 τοῖς
273 614 456 650 προσκυνοῦσι
471 616 686 651 συντεταγμένος
697 625 704 649 ;

107 660 140 686 Α.
162 660 216 687 Καὶ
229 658 450 696 μὴν,ὦφιλότης,
466 661 496 687 τὸ
511 662 559 694 Τίς
571 662 602 697 δὴ
613 661 693 688 τοῦτο
705 662 865 694 πλειστάκις

69 706 223 740 ἁναφωνεῖς
242 706 271 733 τὸ
286 706 422 739 λεξείδιον,
438 707 487 734 οὐκ
502 705 550 734 οἵδ’
565 709 638 740 ὅπως
653 710 710 740 τοῖς
725 710 864 742 ἀσυνέτοις

69 752 264 789 ἐξευρημένον.
288 753 461 789 Μεμέρισται
478 754 532 790 γὰρ
550 755 675 790 οὐδαμῶς
698 757 712 782 6
735 756 862 792 Χριστός.

76 797 108 824 '0
120 797 148 824 δὲ
158 797 197 833 τῷ
210 798 314 834 γυναίῳ
329 799 498 834 προσλαλῶν,
511 801 525 826 6
542 797 581 832 εἷς
599 809 629 827 τε
645 800 691 827 καὶ
708 801 788 836 μόνος
805 801 863 828 Κῦ-

71 852 130 879 ριος
155 841 189 879 ἦν
206 843 309 879 Ἰησοῦς
325 846 338 871 ὀ
353 845 480 881 Χριστὸς,
497 845 528 872 ἐκ
547 855 575 872 τε
595 847 642 882 τῆς
659 848 864 882 προσκυνοὺσης

70 888 284 924 ἀνθρωπότητος
309 890 356 916 καὶ
374 891 406 917 ὲκ
419 891 468 926 τῆς
484 891 723 928 προσκυνουμένης
739 893 864 929 θεότητος

73 933 253 969 συγκείμενος
267 935 440 971 ὰπορῤήτως,
455 936 581 973 καθάπερ
592 937 688 972 ἀμέλει
700 939 765 972 φαίη
779 947 820 970 τις
831 938 864 965 ἂν

72 980 120 1006 καὶ
136 980 235 1015 ἑτέρως
253 981 315 1016 περὶ
329 978 463 1018 αὐτοῦῘῌ
478 982 527 1017 μὲν
546 983 600 1018 γάρ
621 984 679 1010 ἐστι
694 983 771 1016 Θεὸς,
787 985 864 1011 νοοῖτ“

71 1025 106 1051 ἂν
131 1026 260 1061 ὑπάρχων
276 1027 356 1059 αὐτὸς
369 1029 383 1054 6
402 1027 450 1062 τῆς
472 1028 551 1063 δόξης
570 1029 682 1064 Κύριος·
728 1030 755 1056 δὲ
769 1031 864 1065 γέγονε

72 1071 144 1098 κατᾶ
161 1071 268 1107 μέθεξιν
288 1072 337 1108 τὴν
350 1074 425 1108 παρὰ
439 1073 504 1100 Θεοῦ
520 1074 696 1110 δοξαζόμενος
711 1076 864 1112 ἄνθρωπος,

73 1116 159 1142 ἐδεῖτο
183 1117 230 1144 καὶ
251 1117 339 1152 δόξης,
355 1118 459 1151 λέγων·
486 1128 494 1144 ι
510 1119 611 1154 Πάτερ,
631 1114 742 1153 δόξασόν
758 1129 804 1148 σου
819 1122 865 1149 τὸν

74 1162 148 1189 Υἰόν.
162 1172 172 1188 ι
183 1163 263 1196 Ἀλλ’,
276 1173 284 1188 ι
297 1161 342 1195 Εἷς
354 1163 465 1198 Κύριος,
479 1164 527 1200 μία
539 1165 639 1199 πίστις,
653 1166 681 1192 ἓν
694 1166 861 1203 βάπτισμα,ι

74 1207 145 1234 κατὰ
158 1208 188 1234 τὸ
201 1208 512 1244 γεγραμμένον.Ὤσπερ
526 1207 570 1236 οῦν
588 1211 645 1237 ἐστι
660 1211 707 1246 μία
727 1211 829 1245 πίστις,
849 1213 865 1248 ἡ

73 1255 112 1286 εἰς
128 1255 256 1290 Χριστὸν,
276 1256 322 1281 καὶ
338 1255 366 1281 ἒν
381 1255 489 1290 ἀληθῶς
501 1256 530 1282 τδ
544 1256 696 1292 βάπτισμα,
713 1258 802 1285 καίτοι
820 1257 865 1292 βα-

74 1300 244 1335 πτιζομένων
257 1301 303 1327 καὶ
319 1301 540 1329 πεπιστευκότων
552 1302 631 1338 ἡμῶν
642 1304 681 1334 εἰς
696 1304 805 1338 Πατέρα
819 1305 866 1330 καὶ

75 1347 140 1373 Υῐὸν
153 1347 200 1373 καὶ
212 1347 288 1381 ἅγιον
300 1347 412 1383 Πνεῦμα
420 1357 426 1363 ·
442 1349 513 1375 κατὰ
523 1349 568 1375 τὸν
579 1348 866 1386 αὑτὸν,οἷμαι,τρόπον

75 1401 104 1418 τε
114 1393 161 1419 καὶ
173 1393 251 1427 λόγον
261 1393 309 1428 μία
318 1394 501 1429 προσκύνησις
510 1395 624 1431 Πατρὸς,
634 1396 679 1422 καὶ
688 1396 866 1432 ἐνανορωπή-

77 1447 172 1471 σαντυς
183 1439 259 1472 Υίοῦ,
270 1447 316 1466 και
326 1440 405 1473 ἁγίου
418 1440 586 1476 Πνεῦματος.
603 1442 802 1477 Ἐξωσθήσεται
813 1443 866 1480 γὰρ

76 1484 202 1520 οὐδαμῶς
214 1485 262 1512 τοῦ
276 1486 487 1521 προσκυνεῖσθαι
497 1486 561 1519 δεῖν,
582 1488 650 1522 πρός
671 1496 699 1514 τε
720 1488 798 1523 ἡμῶν
819 1490 867 1516 αὐ-

76 1530 129 1558 τῶν
142 1531 190 1581 καὶἶ
203 1530 257 1581 τῶν
274 1531 359 1581 ἁγίων
374 1531 497 1581 αγγέλων
510 1533 523 1558 5
540 1533 705 1569 Μονογενὴς,
722 1535 768 1561 καὶ
783 1536 806 1561 εί
820 1535 866 1569 γεί-
880 1553 901 1581 c

77 1585 137 1610 γονε
163 1576 241 1612 σὰρξ,
256 1577 302 1603 καὶ
322 1577 477 1612 ἐσκήνωσεν
496 1578 524 1604 ὲν
545 1579 620 1613 ἡμῖν,
635 1580 820 1614 κεχρημάτικὲ
836 1589 865 1606 τε

77 1622 248 1658 πρωτότοκος
263 1624 291 1650 ὲν
305 1624 411 1655 πολλοῖς
425 1624 557 1658 ἀδελφοῖς.
568 1625 643 1652 Ἐπεὶ
658 1626 699 1656 τίς
719 1627 751 1653 ἂν
763 1627 867 1660 γένοιτο

78 1669 170 1695 λοιπὸν
182 1670 197 1695 6
211 1669 260 1704 τῆς
275 1670 317 1695 ἐπ’
331 1669 404 1705 αὐτῷ
417 1670 533 1702 πίστεως
549 1671 636 1704 λόγος,
651 1671 708 1703 πῶς
724 1672 773 1699 οὐκ
792 1673 867 1705 ἄξιον

79 1714 159 1747 tam;
170 1714 237 1741 Οὐδὲ
250 1714 314 1750 γὰρ,
326 1714 412 1751 οἶμαι,
423 1717 501 1750 φαῖεν
512 1716 544 1743 ἂν
557 1717 635 1752 οἵπερ
647 1717 680 1744 ἂν
692 1718 793 1745 ἕλοιντο
805 1728 869 1754 φρο-

80 1761 132 1786 νεῖν
147 1759 245 1795 ὀρθῶς,
259 1760 296 1791 ὡς
312 1760 352 1792 εἰς
373 1760 452 1796 μόνον
464 1761 687 1797 πεπιστεύκαμεν
699 1763 744 1788 τὸν
757 1764 787 1790 ὲκ
798 1764 866 1791 Θεοῦ

79 1805 166 1839 φύντα
180 1806 276 1840 Λόγον,
289 1807 510 1842 ἁπογυμνοῦντες
526 1808 606 1834 αὐτὸν
623 1808 672 1843 τῆς
692 1809 800 1845 σαρκός·
813 1809 867 1836 οὐδ’

79 1848 110 1877 αὖ
132 1852 220 1877 ἐκεῖνο
241 1852 400 1887 παρήσομεν
420 1853 516 1878 εἰπεῖν·
533 1852 670 1886 λελέξεται
691 1854 757 1890 γάρ.

113 1897 144 1923 B.
164 1896 202 1923 Τὸ
220 1897 246 1923 τί
264 1896 295 1932 δὴ
315 1898 384 1933 φής;

113 1943 146 1970 Α.
167 1941 204 1969 Οὐ
225 1942 279 1978 γὰρ
298 1943 336 1974 ὡς
358 1944 397 1975 εἰς
413 1943 461 1970 ἕνα
483 1943 536 1970 τῶν
558 1944 618 1971 καθ’
633 1945 717 1979 ἡμᾶς,
731 1944 792 1972 οὔτε
815 1946 868 1981 μὴν

77 1989 116 2020 ὡς
138 1989 178 2019 είς
199 1988 340 2024 ἄνθρωπον
357 1990 373 2025 ὴ
390 1990 489 2022 πίστις,
505 1990 561 2016 ἀλλ’
575 1992 615 2022 εἰς
636 1991 702 2017 Θεὸν
721 1991 868 2027 πράττεται

77 2035 124 2061 τὸν
144 2034 223 2069 φύσει
244 2035 291 2062 καὶ
313 2035 420 2071 ἀληθῶς
435 2036 464 2062 ἐν
477 2036 617 2072 προσώπῳ
629 2037 758 2072 Χριστοῦ·
772 2038 868 2074 συλλή-

77 2082 159 2116 ψεται
176 2081 205 2107 δὲ
217 2081 256 2116 τῷ
273 2081 344 2117 λόγῳ
361 2082 408 2108 καὶ
424 2083 438 2108 6
452 2082 533 2116 σοφὸς
545 2083 658 2118 γράφων
671 2084 787 2115 Παῦλος·
805 2095 814 2110 ‹
829 2085 867 2111 Οὐ

78 2128 134 2163 γὰρ
157 2127 270 2159 ἑαυτοὺς
295 2128 504 2163 ὲκηρύσσομεν,
535 2128 603 2156 ἀλλὰ
627 2129 742 2163 Χριστὸν
765 2131 869 2165 Ἰησοῦν

79 2173 194 2209 Κύριον·
212 2173 326 2205 ἑαυτοὺς
345 2173 372 2199 δὲ
391 2173 500 2204 δούλους
522 2173 598 2208 ὑμῶν
617 2173 661 2200 διὰ
679 2175 807 2209 Χριστοῦ,
828 2177 869 2202 ὅτι

78 2218 146 2250 Θεὸς
158 2219 171 2245 6
183 2217 267 2245 εἰπὼν
285 2219 317 2245 ὲκ
337 2219 447 2250 σκότους
461 2218 515 2253 φῶς
532 2219 646 2254 λάμψαι,
658 2219 687 2251 ὃς
705 2220 824 2255 ἔλαμψεν
841 2222 869 2248 ἐν

78 2265 141 2296 ταῖς
158 2264 283 2299 καρδίαις
303 2263 381 2299 ἡμῶν
397 2265 464 2299 πρὸς
474 2265 613 2299 φωτισμὸν
625 2265 673 2300 τῆς
683 2265 810 2299 γνώσεως
822 2267 872 2301 τῆς

78 2310 161 2345 δόξης
181 2309 264 2336 αὑτοῦ
285 2311 314 2336 ὲν
339 2309 477 2345 προσώπῳ
495 2309 622 2346 Χριστοῦ.
638 2319 646 2335 ι
658 2310 723 2336 Ἰδοὺ
735 2309 766 2345 δὴ
780 2310 873 2345 σαφῶς

79 2364 110 2382 τε
130 2355 178 2383 καὶ
199 2355 321 2391 ἐναργῶς
344 2355 509 2390 δφωτισμὸς
529 2356 577 2390 τῆς
597 2354 722 2389 γνώσεως
740 2355 786 2382 τοῦ
804 2356 871 2382 Θεοῦ

80 2403 129 2430 καὶ
147 2402 254 2437 Πατρὸς
271 2403 300 2429 ὲν
318 2402 456 2437 προσώπῳ
472 2401 602 2437 διέλαμψε
613 2401 659 2429 τοῦ
671 2402 799 2438 Χριστοῦ.
812 2403 872 2429 Τοι-

80 2449 178 2483 γάρτοι
197 2449 243 2474 καὶ
266 2448 383 2482 ἔφασκεν
397 2456 403 2462 ·
419 2457 428 2473 ‹
439 2448 468 2474 '0
491 2448 621 2483 ἑωρακὼς
633 2447 693 2483 ἐμὲ,
706 2447 812 2483 ἑώρακε
824 2447 869 2474 τὸν

80 2495 201 2530 Πατέρα·
215 2493 270 2527 ἐγὼ
282 2495 329 2521 καὶ
340 2494 353 2519 6
364 2493 457 2529 Πατὴρ
471 2493 500 2519 ἓν
511 2494 604 2528 ἐσμεν.
623 2502 631 2518 ι
655 2493 806 2528 Χαρακτὴρ
817 2493 844 2519 δὲ
856 2493 869 2518 6

80 2542 154 2573 θεῖος
171 2541 201 2567 οὐ
223 2540 387 2576 σωματικὸς,
400 2539 457 2566 ἀλλ’
470 2540 497 2565 ὲν
509 2538 623 2573 δυνάμει
633 2539 678 2565 καὶ
689 2538 752 2576 δόξῃ
762 2541 795 2575 τῇ
810 2539 869 2565 θεο-

81 2588 271 2624 πρεπεστάτῃ,
281 2586 359 2613 τοῦτο
375 2586 402 2613 δὲ
418 2583 452 2621 ἦν
469 2586 618 2621 ἀκραιφνὲς
630 2586 658 2612 ἐν
669 2585 786 2621 Χριστῷ·
801 2593 871 2619 γνω-

83 2632 207 2669 ρίζεσθαι
225 2641 255 2658 τε
277 2632 322 2659 καὶ
342 2631 386 2658 διὰ
403 2631 504 2657 τούτων
525 2630 612 2665 ἠξίου,
626 2631 672 2657 καὶ
687 2630 732 2657 διὰ
750 2631 798 2665 τῆς
817 2630 869 2656 τῶν

81 2679 231 2715 δρωμένων
250 2678 404 2714 ὑπεροχῆς,
428 2678 468 2708 εἰς
494 2677 598 2708 ἐννοίας
618 2676 805 2712 ἀναθρώσκειν
825 2676 872 2707 τὰς

81 2726 127 2752 ἔπ’
142 2724 217 2760 αὐτῷ
228 2725 290 2756 τοὺς
302 2723 491 2759 ἀκροωμένους
502 2722 590 2757 ἤθελε,
598 2721 872 2757 κατασμικρυνοὺςης

83 2771 166 2799 αὑτὸν
177 2771 270 2806 ἠρέμα
285 2770 333 2805 τῆς
346 2768 487 2805 ἐρωμένης
501 2768 611 2803 σαρκός.
628 2776 637 2793 ‹
653 2768 683 2794 Et
695 2767 748 2802 γὰρ
759 2767 788 2793 οὗ
802 2766 870 2793 ποιῶ

123 2859 237 2888 "Joan.
259 2867 295 2893 tv,
314 2859 358 2886 Ἡ..
407 2859 428 2875 ⁷⁵
442 2857 518 2885 Jnan.
535 2864 599 2888 ιιι-ιι,
620 2857 641 2883 l.

681 2856 702 2870 ⁷¹¹
717 2857 813 2891 Ephes.
833 2863 869 2889 Iv,
889 2856 914 2883 ii.

914 251 1062 278 sentientes
1091 250 1231 286 discipuli,
1254 250 1399 277 adorarunt
1422 249 1542 277 dicentes
1563 258 1569 276 :
1596 259 1605 275 ‹
1637 249 1707 277 Vere

916 296 998 323 Filius
1022 295 1069 324 Dei
1096 303 1141 328 es,
1161 306 1170 322 ι
1201 303 1262 323 cum
1283 295 1356 322 illum
1387 295 1597 322 inambulantem
1629 294 1708 329 aquis

915 346 1067 373 cernerent,
1082 340 1187 369 tametsi
1202 341 1227 368 in
1241 348 1322 368 carne
1338 346 1492 368 versaretur
1510 345 1538 367 ut
1552 347 1600 367 IIOS
1614 348 1620 367 Ζ
1633 347 1707 367 sum-

916 395 976 414 tnos
1003 388 1074 415 enim
1106 387 1204 416 ﬂuctus
1233 386 1406 422 percurrebat
1438 385 1653 417 admirabiliter,
1678 390 1707 412 ut

917 433 1000 459 Deus.

951 478 981 506 B.
997 479 1077 514 Atqui
1095 479 1217 514 quisnam
1234 483 1292 506 erat
1307 478 1400 505 dicens
1412 478 1444 505 ad
1457 478 1596 505 mulierem
1613 477 1710 504 Sama-

916 525 1030 552 ritauam
1053 534 1060 553 :
1088 535 1097 552 ι
1125 526 1179 553 Vos
1200 526 1319 554 adoratis
1337 526 1408 560 quod
1430 525 1563 553 nescitis:
1585 531 1634 551 nos
1658 523 1707 551 ad~

916 579 1026 599 oramus
1040 572 1111 606 quod
1132 572 1232 605 scimus
1255 572 1278 587 "
1293 572 1304 598 ?
1322 581 1331 598 ι
1349 572 1482 599 Przeterea
1505 569 1639 606 quomodo
1656 569 1708 596 erit

916 617 1083 649 adorandus,
1098 618 1143 652 qui
1163 623 1204 646 est
1219 619 1245 645 in
1265 626 1378 646 numero
1391 625 1484 645 eorum
1500 617 1544 652 qui
1569 616 1682 644 adorant
1696 616 1708 642 1

950 663 983 690 Α.
1001 663 1183 698 Frequenter,
1203 671 1219 690 ο
1230 664 1331 695 amice,
1345 664 1415 691 hanc
1429 670 1533 694 vocem.
1551 662 1628 696 Quis,
1643 662 1706 689 mihi

916 709 1029 741 oceinis,
1057 710 1147 737 nescio
1166 710 1299 745 quomodo
1332 711 1366 737 ab
1391 709 1523 744 imperitis
1557 708 1706 735 inventam.

915 755 992 782 Nulla
1006 755 1087 790 702
1102 755 1173 782 enim
1189 756 1292 782 ratione
1314 756 1414 783 divisus
1436 759 1477 782 est
1496 753 1630 781 Christus.
1655 751 1707 786 Qui

915 807 979 827 vero
1002 800 1142 827 mulierem
1166 799 1326 835 alloquitur,
1341 807 1411 827 unus
1428 807 1459 827 ac
1483 798 1557 826 solus
1577 797 1706 825 Dominus

916 851 974 874 erat
990 845 1068 874 Iesus
1091 846 1226 880 Christus,
1250 854 1282 874 ex
1299 847 1465 874 humanitate
1481 853 1540 880 qua:
1556 845 1668 876 adorat,
1680 849 1708 871 et

880 882 901 910 Β
917 892 1058 921 divinitate
1073 900 1132 927 qua:
1145 893 1271 919 adoratut‘
1288 892 1414 920 iuellabili
1433 892 1510 918 modo
1527 891 1705 925 compositus.

916 938 1145 972 Quemadmodum
1158 938 1272 966 fortasse
1293 938 1427 972 quispiam
1448 937 1525 964 aliter
1546 943 1651 970 quoque
1675 936 1712 962 de

917 985 974 1019 ipso
992 984 1099 1011 dixerit.
1115 983 1253 1017 Quatenus
1263 983 1334 1010 enim
1350 987 1391 1010 est
1403 983 1482 1014 Deus,
1494 986 1636 1009 censeatur
1648 989 1708 1009 esse

916 1030 1045 1058 Dominus
1067 1029 1158 1064 gloriae
1177 1039 1183 1056 :
1210 1035 1343 1064 quatenus
1365 1036 1430 1056 vero
1453 1028 1539 1055 factus
1563 1032 1604 1055 est
1628 1029 1708 1054 homo

916 1077 1063 1109 secundum
1079 1075 1312 1111 participationem
1329 1082 1344 1101 a
1360 1075 1413 1101 Deo
1429 1073 1604 1108 gloriﬁcatus,
1620 1073 1706 1108 gloria

917 1121 1021 1155 egebat,
1039 1121 1150 1148 dicens:
1168 1130 1177 1146 ι
1193 1119 1283 1151 Pater,
1302 1120 1421 1154 gloriﬁca
1439 1118 1535 1146 Filium
1554 1123 1628 1145 tuum
1641 1117 1675 1144 ⁷⁸.
1695 1126 1705 1143 ι

916 1167 1060 1201 Caeterum,
1079 1176 1088 1192 ι
1109 1166 1183 1194 Unus
1198 1171 1238 1194 est
1255 1165 1393 1196 Dominus.
1407 1172 1458 1192 una
1469 1165 1546 1198 lldes,
1563 1172 1644 1191 unum
1661 1163 1708 1190 ba-

917 1214 1027 1248 ptisma,
1041 1222 1049 1238 ι
1061 1214 1130 1241 sicut
1141 1214 1270 1248 scriptum
1280 1217 1320 1240 est
1334 1213 1367 1240 ⁷⁹.
1380 1212 1609 1246 Quemadmodum
1628 1211 1708 1246 igitur

918 1267 969 1286 una
1000 1263 1041 1286 est
1071 1259 1136 1286 lides
1161 1259 1188 1285 in
1217 1258 1371 1291 Christum,
1390 1263 1470 1292 atque
1499 1265 1580 1284 unum
1613 1263 1706 1284 revera

917 1305 1066 1340 baptisma,
1086 1305 1192 1332 tametsi
1210 1304 1338 1339 baptizati
1357 1304 1441 1331 simus
1462 1307 1490 1330 et
1514 1304 1656 1331 credamus
1679 1302 1706 1329 in

917 1351 1036 1384 Patrem,
1054 1351 1162 1382 Filium,
1176 1355 1202 1377 et
1216 1350 1345 1384 Spiritum
1359 1355 1482 1376 saucttttn
1497 1358 1503 1376 :
1520 1349 1615 1376 endam
1629 1349 1708 1383 plane

918 1397 1023 1425 ratione
1041 1405 1073 1424 ac
1105 1397 1183 1423 modo
1215 1404 1267 1423 una
1287 1400 1329 1423 est
1359 1396 1480 1423 adoratio
1504 1394 1590 1422 Patris
1605 1398 1632 1422 et
1647 1393 1706 1421 Filii

919 1442 1062 1475 incarnati,
1085 1447 1111 1468 et
1127 1441 1244 1477 Spiritus
1258 1441 1356 1468 sancti.
1373 1440 1464 1474 Neque
1478 1440 1548 1468 enim
1564 1439 1617 1466 ullo
1629 1444 1707 1473 pacto

918 1495 932 1514 a
960 1487 1036 1514 nobis
1054 1488 1155 1522 pariter
1179 1492 1207 1514 et
1234 1487 1334 1514 sanctis
1362 1487 1463 1521 angelis
1493 1487 1525 1513 ab
1552 1486 1707 1512 adorationc

918 1533 1099 1561 excludendos
1113 1537 1155 1561 est
1168 1533 1343 1568 Uuigeuitus,
1360 1534 1464 1561 tametsi
1482 1534 1568 1560 factus
1580 1532 1614 1559 sit
1629 1539 1705 1563 caro.

917 1584 944 1607 et
958 1579 1088 1606 habitarit
1105 1580 1130 1606 in
1143 1580 1230 1613 nobis,
1242 1585 1406 1614 vocatusque
1420 1580 1455 1606 sit
1471 1577 1665 1614 primogenitus
1678 1577 1706 1604 in

917 1625 1008 1652 multis
1022 1624 1148 1652 fratribus
1158 1625 1191 1652 °°.
1203 1625 1309 1652 Adhaec
1323 1632 1446 1660 quaenam
1462 1625 1495 1652 sit
1512 1624 1571 1650 ﬁdei
1583 1623 1608 1650 in
1620 1623 1706 1658 ipsqu

917 1671 1002 1703 ratio,
1018 1672 1153 1705 quomodo
1174 1679 1226 1698 non
1247 1671 1281 1698 sit
1295 1678 1384 1705 operae
1405 1670 1520 1705 pretium
1545 1669 1707 1703 inquirere?

916 1715 974 1743 Non
1002 1717 1073 1744 enim
1102 1717 1279 1750 dixerint,ut
1301 1717 1410 1751 opinor.
1438 1716 1482 1751 qui
1510 1721 1582 1742 recte
1608 1714 1708 1742 sentire

917 1761 1000 1788 velint
1011 1781 1018 1793 ,
1038 1768 1087 1788 nos
1104 1761 1130 1788 in
1146 1761 1232 1788 solum
1251 1759 1366 1787 Verbum
1382 1761 1452 1795 quod
1469 1768 1500 1787 ex
1516 1759 1569 1786 Deo
1588 1757 1708 1794 procedit

918 1807 1082 1840 credidisse,
1098 1807 1230 1834 nudantes
1249 1807 1337 1842 ipsum
1357 1814 1449 1834 carne.
1466 1806 1518 1832 Sed
1534 1812 1621 1839 neque
1643 1804 1707 1831 illud

918 1861 1025 1880 rursutn
1040 1853 1129 1880 dicere
1142 1853 1308 1880 omittemus.
1324 1852 1433 1880 Dicetur
1445 1852 1515 1880 enim
1532 1852 1634 1879 statim.

954 1899 984 1926 Β.
999 1899 1132 1931 Quidnam
1147 1899 1231 1926 dicis?

953 1943 986 1969 Α.
1001 1942 1093 1977 Neque
1106 1942 1178 1969 enim
1195 1946 1322 1977 tanquam
1341 1942 1366 1969 in
1379 1950 1460 1969 unum
1475 1949 1508 1969 ex
1523 1941 1611 1974 nobis,
1621 1948 1707 1976 neque

919 1993 948 2016 ιιι
968 1989 993 2016 in
1010 1989 1110 2016 nudum
1134 1988 1270 2016 hominem
1287 1989 1440 2020 credimus.
1456 1988 1503 2015 sed
1520 1987 1547 2014 in
1567 1987 1649 2014 Deum
1661 1987 1706 2021 qui

920 2034 1078 2062 naturaliter
1109 2041 1140 2062 ac
1167 2041 1231 2061 vere
1257 2038 1300 2061 est
1322 2034 1347 2061 in
1372 2040 1485 2069 persona
1517 2033 1616 2060 Christi
1642 2032 1708 2060 ﬂdes

920 2085 1013 2108 nostra
1038 2080 1136 2114 vergit.
1167 2079 1216 2107 Cui
1243 2080 1350 2114 quidem
1378 2079 1518 2106 sententiae
1547 2079 1708 2113 astipulatur

921 2126 1027 2161 sapiens
1040 2125 1083 2153 ille
1096 2125 1195 2152 Paulus
1208 2126 1243 2152 ita
1256 2125 1378 2152 scribens
1394 2134 1420 2152 :1
1430 2124 1487 2152 Non
1502 2126 1575 2152 enim
1587 2130 1707 2152 nosmet~

921 2171 993 2206 ipsos
1007 2170 1218 2205 praedicabamus
1228 2190 1236 2201 ,
1251 2169 1297 2196 sed
1309 2168 1399 2196 Jesutn
1414 2168 1550 2196 Christum
1565 2167 1705 2195 Dominum

921 2219 1066 2245 llOSll‘lllll;
1090 2221 1139 2240 nos
1168 2218 1256 2239 autem
1282 2220 1374 2240 δεῖνος
1399 2218 1501 2240 νοειτοε
1530 2220 1577 2247 per
1603 2211 1704 2239 Jesum.

921 2260 1053 2292 Quoniam
1078 2259 1149 2286 Deus
1166 2259 1210 2294 qni
1235 2259 1302 2286 dixit
1317 2259 1350 2286 de
1375 2258 1496 2286 tenebris
1513 2259 1598 2285 lucem
1615 2258 1707 2292 splen-

923 2305 1042 2337 descere,
1053 2305 1109 2340 ipse
1125 2305 1212 2332 illuxit
1228 2305 1255 2332 in
1266 2305 1391 2332 cordibus
1405 2306 1504 2332 nostris
1522 2305 1554 2331 ad
1573 2303 1707 2330 illumina-

921 2351 1020 2378 tionem
1045 2352 1164 2379 scientiae
1182 2352 1313 2379 claritatis
1326 2351 1389 2385 Dei,
1407 2352 1432 2378 in
1449 2351 1517 2378 facie
1544 2350 1609 2378 Jesu
1629 2350 1707 2377 Chri-

921 2397 954 2424 sti
968 2397 1001 2423 “.
1021 2406 1031 2423 ι
1058 2396 1127 2424 Ecce
1138 2405 1217 2432 quam
1241 2402 1332 2432 aperte
1344 2405 1375 2425 ac
1393 2397 1533 2425 manifeste
1549 2396 1708 2424 illuminatio

922 2443 1045 2470 scientia:
1062 2442 1109 2470 Dei
1126 2451 1157 2470 ac
1181 2443 1269 2471 Patris
1297 2445 1323 2471 in
1348 2452 1462 2479 persona
1486 2443 1584 2471 Christi
1611 2443 1707 2470 illuxit.

924 2489 1025 2517 Idcirco
1037 2491 1117 2517 etiam
1132 2490 1198 2517 dixit
1214 2498 1221 2517 :
1237 2500 1246 2516 ι
1265 2491 1314 2523 Qui
1330 2491 1396 2518 vidit
1407 2498 1459 2525 me,
1473 2491 1539 2518 vidit
1551 2495 1576 2517 et
1590 2490 1706 2516 Patrem.

925 2533 980 2570 Ego
989 2539 1015 2561 et
1027 2534 1105 2560 Pater
1120 2542 1201 2561 unutn
1212 2543 1330 2563 sumus.»
1347 2536 1491 2563 Character
1502 2541 1590 2563 autent
1603 2535 1708 2563 divinus

924 2589 977 2608 non
992 2586 1033 2608 est
1047 2588 1202 2615 corporeus,
1217 2581 1263 2607 sed
1282 2581 1308 2608 iu
1326 2582 1424 2609 virtute
1437 2589 1469 2609 ac
1484 2582 1567 2616 gloria
1582 2589 1642 2616 quae
1653 2581 1707 2608 Deo

925 2627 1040 2654 maxime
1054 2625 1212 2658 conveniat,
1232 2626 1282 2653 hoc
1294 2632 1335 2654 est
1350 2627 1375 2653 in
1395 2627 1503 2654 Christo
1519 2637 1524 2657 ;
1542 2633 1567 2654 ct
1587 2635 1634 2662 per
1652 2627 1708 2654 haec

924 2674 1092 2701 innotescere
1117 2673 1215 2704 voluit,
1242 2677 1270 2700 et
1297 2681 1344 2707 per
1373 2674 1504 2701 factorum
1520 2675 1706 2702 excellentiam

925 2719 1060 2747 auditores
1081 2719 1113 2746 ad
1129 2719 1169 2746 sui
1184 2720 1306 2746 notitiam
1326 2719 1413 2751 CVCiIi,
1428 2727 1487 2746 cum
1505 2720 1601 2754 alioqui
1618 2720 1708 2748 carnis

922 2772 1047 2801 a.pectus
1076 2765 1161 2799 ipsum
1191 2765 1310 2792 nonnihil
1334 2765 1500 2793 obscuraret.
1530 2775 1538 2791 ‹
1569 2766 1595 2792 Si
1623 2767 1706 2798 enim,

954 2855 975 2868 '“
990 2855 1067 2882 liciti.
1087 2863 1144 2887 vui,
1161 2854 1204 2882 “2.9.
1244 2854 1264 2869 “
1278 2854 1298 2882 ll
1314 2853 1377 2882 Cor.
1396 2861 1431 2886 tr,
1448 2854 1475 2886 ὅ,
1493 2855 1519 2880 ti.
