1927 3036
77 154 150 183 {937

632 156 675 183 DE
694 154 950 183 INCABNATIONE
973 157 1160 188 UNIGENITI.

1643 159 1712 188 H58

74 214 127 242 καὶ
154 213 290 252 σώματος,
317 216 362 243 καὶ
386 216 440 243 ἀπὺ
464 217 548 252 μόνης
564 217 648 244 αὐτοῦ
678 218 726 254 τῆς
758 217 868 253 σαρκός.

925 219 986 252 lem,
1007 228 1040 248 ex
1060 222 1162 254 anima,
1177 222 1297 257 inquam,
1312 224 1338 249 et
1355 226 1471 255 corpore
1489 223 1670 252 constantem,
1683 225 1710 247 et

114 305 146 332 Β.
168 305 311 341 Σύμιρημι·
328 306 417 340 λέγεις
430 308 484 343 γὰρ
499 307 597 344 ὀρθῶς.

112 352 147 378 Δ.
169 351 294 387 Γέγραφε
311 353 338 380 δέ
357 362 409 380 που
433 354 479 381 καὶ
505 356 519 382 6
543 355 624 390 σοφὸς
644 357 709 391 ἡμῖν
733 356 869 392 Ἰωάννης,

76 397 120 423 ὅτι
144 407 154 423 ι
174 397 264 425 Πολλὰ
289 399 338 434 μὲν
367 397 413 426 οὖν
436 401 482 427 καὶ
502 400 569 428 ἄλλα
586 403 688 437 σημεῖα
704 403 834 438 ἐποίησεν
856 404 871 430 6

84 442 192 478 Ἰησοῦς
213 443 328 471 ἐνώπιον
353 445 406 472 τῶν
431 446 560 482 μαθητῶν
578 447 671 479 αὑτοῦ,
696 448 714 475 ἃ
738 449 788 475 οὐκ
812 449 871 475 ἔστι

77 489 263 524 γεγραμμένα
281 490 310 516 ἐν
332 491 371 526 τῷ
389 491 484 528 βιὸλίῳ
499 492 596 528 τούτῳ.
613 493 706 520 Ταῦτα
720 494 747 521 δὲ
768 494 871 530 γέγρα-

75 541 157 566 πται,
176 534 218 561 ἵνα
250 535 394 571 πιστεύητε
415 537 456 563 ὅτι
481 536 583 572 Ἰησοῦς
607 537 681 564 ἐστιν
696 539 709 564 6
724 538 841 573 Χριστὸς
857 539 871 566 6

77 579 146 612 Υἱὸς
169 580 215 607 τοῦ
239 580 307 608 Θεοῦ
327 582 374 609 τοῦ
400 583 510 615 ζῶντος,
534 585 581 610 καὶ
605 584 648 610 ἵνα
675 584 870 618 πιστεύσαντες

75 624 152 660 ζωὴν
169 625 249 662 ἔχητε
266 627 296 654 ἐν
309 627 348 662 τῷ
363 627 475 663 ὀνόματι
494 629 589 656 αὑτοῦ.
613 639 622 656 ι
641 630 832 666 Κατατεθήποι
849 631 872 658 δ’

63 670 111 698 Δἄν
128 680 171 703 τις
194 672 224 698 οὑ
257 674 333 707 μεῖον
361 674 409 700 καὶ
433 675 478 701 τὸν
506 675 649 703 θεσπέσιον
674 677 777 713 Πέτρον
808 678 872 704 ’1ου-

75 715 163 748 δαίοις
180 718 432 754 προσπεφωνηκότα
449 720 543 755 σαφῶς
560 721 606 748 καὶ
614 721 777 757 ἀναφανδόν·
789 723 873 758 ("Ap-

76 769 173 797 χοντες
185 762 232 790 τοῦ
247 763 312 791 λαοῦ
332 765 380 792 καὶ
399 766 592 802 πρεσϐύτεροι,
610 768 634 794 εἰ
650 769 731 804 ἡμεῖς
751 769 871 805 σήμερον

76 811 284 847 ἀνακρινόμεθα
310 813 356 840 ἐπὶ
380 814 542 850 εὐεργεσίαν
560 814 706 851 ἀνθρώπου
729 816 869 850 ἀσθενοῦς,

76 858 107 884 ἐν
124 858 180 885 τίνι
203 855 280 891 οὗτος
307 860 451 894 σέσωσται,
467 862 589 896 γνωστὸν
605 863 674 890 ἔστω
696 864 778 891 πᾶσιν
793 864 870 899 ὑμῖν,

77 904 127 930 καὶ
143 905 225 932 παντὶ
238 905 278 941 τῷ
296 906 354 942 λαῷ
376 907 494 944 Ἰσραὴλ,
511 908 552 935 ὅτι
574 909 604 935 ἐν
621 908 660 944 τῷ
674 909 787 945 ὀνόματι
813 898 870 945 γἰη-
886 898 908 930 Β

77 949 128 977 σοῦ
155 951 274 986 Χριστοῦ
299 953 347 980 τοῦ
373 953 546 990 Ναζωραίου,
566 954 597 982 ὃν
625 955 704 991 ὑμεῖς
729 956 870 991 ἐσταυρώ-

77 1004 156 1028 σατε,
172 997 202 1024 ὃν
217 999 232 1024 6
250 997 317 1031 Θεὸς
329 999 441 1036 ἤγειρεν
456 1001 488 1028 ὲκ
508 1002 624 1037 νεκρῶν,
644 1003 674 1029 ὲν
689 1001 778 1038 τούτῳ
792 999 870 1035 οὗτος

77 1043 252 1079 παρέστηκεν
265 1044 380 1073 ἐνώπιον
400 1046 477 1082 ὑμῶν
492 1047 582 1082 ὑγιής.
602 1057 612 1073 ι
631 1048 688 1076 Καὶ
708 1047 769 1083 μεθ’
789 1047 870 1084 ἕτερα

76 1087 160 1116 πάλιν
172 1097 179 1103 ·
198 1098 208 1115 ι
227 1090 283 1117 Καὶ
296 1091 346 1118 οὐκ
364 1091 440 1119 ἔστιν
455 1093 485 1120 ὲν
498 1093 571 1129 ἄλλῳ
585 1094 673 1121 οὐδενὶ
694 1095 712 1130 ἡ
736 1094 868 1130 σωτηρία.

77 1135 149 1162 om
171 1136 226 1172 γὰρ
250 1137 336 1174 ὄνομα
355 1138 451 1175 ἓτερόν
472 1140 547 1167 εστιν
569 1140 621 1167 ὑπὸ
643 1141 689 1167 τὸν
711 1141 827 1177 οὐρανὸν
840 1141 871 1168 τὸ

76 1181 218 1218 δεδομένον
241 1184 270 1211 ἐν
286 1184 450 1221 ἀνθρώποις,
467 1186 496 1213 ὲν
511 1183 534 1221 ᾧ
553 1186 595 1213 δεῖ
617 1187 737 1223 σωθῆναι
753 1188 837 1223 ἡμᾶς.
857 1196 869 1214 θ

77 1228 126 1262 Τίς
142 1227 188 1257 οὖν
209 1230 264 1266 ἄρα
279 1231 364 1266 ἐστὶν,
378 1233 393 1259 6
413 1233 462 1260 καὶ
477 1232 593 1261 θάνατον
610 1234 720 1267 ὑποδὺς,
738 1234 786 1262 καὶ
803 1235 871 1270 ἔγη-

76 1276 211 1312 γερμένος
228 1277 258 1304 ἐν
271 1277 345 1314 δόξῃ,
360 1278 409 1306 καὶ
429 1279 462 1306 ὲκ
486 1278 623 1315 Ναζαρὲτ,
648 1281 672 1307 ει
695 1280 733 1316 μὴ
763 1280 870 1316 Ἰησοῦς

77 1321 206 1358 Χριστὸς,
221 1323 372 1358 τουτέστιν,
397 1325 411 1351 6
437 1325 492 1361 πρὸ
517 1326 620 1358 παντὸς
643 1325 693 1360 μὲν
716 1326 815 1358 αἰῶνος
838 1327 872 1354 ὲκ

77 1367 186 1404 Πατρὸς
198 1369 361 1406 ἀπορρήτοις
379 1372 578 1407 γεγεννημένος
593 1392 600 1404 ,
623 1373 652 1399 ὲν
666 1372 695 1398 δέ
710 1380 741 1407 γε
761 1372 800 1408 τῷ
813 1372 869 1400 λοί-

78 1412 134 1448 σθῳ
150 1413 200 1440 καὶ
222 1414 263 1446 εἰς
286 1414 373 1450 πέρας
393 1415 489 1451 ἥκοντι
509 1415 556 1443 τοῦ
581 1415 679 1447 αἰῶνος
707 1415 806 1451 καιρῷ,
823 1415 871 1443 καὶ

78 1459 243 1495 σωματικῶς
260 1461 293 1488 ὲκ
306 1461 447 1496 γυναικός
467 1462 496 1489 '0
516 1461 608 1488 πίστιν
627 1460 674 1489 οὖν
694 1461 748 1497 ἄρα
763 1463 813 1498 τὴν
829 1462 870 1494 εἰς

77 1505 159 1533 αὐτὸν
173 1506 364 1543 προσιέμενος,
387 1508 471 1544 γέρας
494 1508 638 1536 ἀποίσεται
665 1509 696 1536 τὸ
717 1509 869 1544 ἐξαίρετον·

76 1551 286 1589 διαηκλὴσεται
307 1553 362 1590 γὰρ
383 1554 440 1587 υἱὸς
462 1554 550 1581 Θεοῦο
575 1564 585 1580 ι
602 1554 678 1581 Ὅσοι
698 1554 752 1591 γὰρ
774 1553 870 1582 Ελαδον

76 1598 170 1630 αὑτὸν,
189 1598 289 1627 ἔδωκεν
304 1600 396 1632 αὐτοῖς
409 1600 545 1634 ἐξουσίαν,
562 1601 640 1637 φησι,
651 1602 733 1628 τέκνα
743 1601 812 1628 Θεοῦ
824 1609 871 1635 γε-

77 1645 182 1679 νέσθαι,
199 1647 224 1673 οἶ
238 1646 288 1673 οὐκ
303 1647 332 1681 ἐξ
348 1647 483 1683 αἱμάτων,
503 1648 565 1675 οὐδὲ
583 1649 616 1675 ὲκ
638 1648 789 1684 θελήματος
806 1656 871 1683 σαρ-

78 1693 136 1726 κὸς,
157 1693 218 1720 οὐδὲ
240 1694 273 1721 ὲκ
293 1694 446 1730 θελήματος
464 1694 569 1730 ἀνδρὸς,
584 1694 642 1722 ἀλλ’
661 1696 693 1722 ἐκ
707 1693 775 1722 Θεοῦ
795 1696 872 1730 εγεν-

77 1739 212 1775 γήθησαν.
241 1749 250 1767 ι
280 1741 339 1767 Ἵνα
357 1740 412 1778 γὰρ
433 1741 545 1777 γένηται
566 1741 715 1776 πρωτεύων
740 1742 770 1769 ὲν
788 1742 871 1768 πᾶσιν

77 1786 171 1819 αὐτὸς,
187 1786 261 1813 καθὰ
276 1786 442 1822 γέγραπται,
459 1787 622 1823 γεγέννηται
649 1787 698 1823 μὲν
718 1787 763 1814 διὰ
776 1796 872 1822 γυναι-

78 1831 138 1864 κός.
159 1832 268 1868 Ἐπειδὴ
283 1833 312 1859 δέ
326 1833 400 1860 ἐστιν
424 1833 608 1869 ἀπαρχὴ-τῆς
625 1834 873 1870 ἀναμορφουμένης

78 1878 197 1910 κτίσεως
210 1879 244 1905 δι’
257 1879 394 1914 ἀγιασμοῦ
410 1879 477 1916 πρὸς
490 1879 567 1912 Θεὸν,
577 1880 625 1907 καὶ
642 1881 694 1916 πρό
709 1889 740 1914 γε
758 1880 812 1907 τῶν
824 1880 870 1908 ἁλ-

78 1924 134 1951 λων
158 1924 240 1957 αὐτὸς
256 1925 368 1960 γενητὸς
385 1925 492 1961 ἐδείχθη
516 1925 686 1961 Πνεύματος,
704 1926 753 1962 τὴν
776 1925 873 1961 ἀνδρός

78 1979 109 1997 τε
125 1971 175 1998 καὶ
187 1971 317 2005 γυναικὸς
338 1971 542 2007 ὑπερθρώσκων
559 1971 676 2005 σύνοδον,
692 1972 739 1999 καὶ
753 1972 803 1999 οὐκ
815 1972 873 1999 ἀτι-

81 2018 133 2054 μίᾳ
147 2018 194 2044 καὶ
211 2019 299 2054 μὼμῳ
321 2018 511 2050 καταδικάζων
525 2018 574 2052 τὴν
596 2018 677 2053 φύσιν
701 2018 800 2053 (τίμιος
819 2018 874 2054 γὰρ

79 2063 94 2088 6
110 2062 209 2097 γάμος,
226 2063 273 2089 καὶ
289 2063 303 2089 6
320 2063 426 2095 πλάσας
443 2063 580 2099 ἀπαρχῆς,
597 2063 680 2099 ἄρσεν
692 2063 739 2089 καὶ
747 2063 813 2098 θῆλυ
827 2072 874 2091 πε-

81 2109 198 2144 ποίηκεν
221 2109 342 2142 αὐτοὺς),
361 2110 429 2137 ἀλλὰ
444 2110 482 2145 τῷ
508 2110 611 2145 μείζονι
631 2110 678 2136 καὶ
701 2109 875 2146 ἀσυγκρίτως

81 2155 275 2191 ὑπερκειμένη)
304 2157 464 2191 προσνέμων
489 2157 539 2192 ἤδη
567 2165 624 2188 πως
647 2156 681 2183 τὰ
704 2155 874 2190 ἀνθρώπινα.
897 2163 899 2165 ‘

80 2202 233 2237 Γεννητοὺς
259 2203 312 2237 γὰρ
334 2202 505 2237 Πνεῦματος,
532 2204 581 2230 οὐκ
608 2201 723 2238 ἀνδρῶν,
749 2202 822 2237 ἡμᾶς
835 2201 874 2228 έτι

923 274 955 293 ex
970 266 1027 294 sola
1047 267 1134 301 ipsius
1155 274 1248 302 carne.

958 312 987 339 Β.
1010 313 1160 341 Assentior.
1177 314 1261 341 Recte
1276 313 1348 341 enim
1365 313 1444 341 dicis.

956 359 990 385 A.
1004 358 1105 387 Scribit
1120 367 1186 387 vero
1201 360 1283 387 etiam
1299 359 1363 387 alibi
1377 359 1487 393 sapiens
1504 358 1549 385 ille
1569 357 1688 385 Joannes
1701 366 1710 385 :

924 414 934 432 ι
951 405 1033 432 Multa
1052 406 1160 440 quidem
1183 410 1211 434 et
1232 406 1284 433 alia
1305 405 1382 441 signa
1405 405 1469 433 fecit
1488 404 1566 433 Iesus
1594 405 1620 431 in
1645 411 1711 432 con-

922 457 1016 487 spectu
1032 452 1224 488 discipulorum
1241 460 1366 485 suorum,
1380 460 1440 487 quae
1458 459 1512 479 non
1529 455 1592 479 sunt
1608 451 1710 485 scripta

923 498 950 526 in
967 498 1036 526 libro
1050 499 1111 526 hoc.
1130 498 1192 526 Haec
1208 502 1299 526 autem
1322 497 1422 532 scripta
1449 502 1523 529 sunt,
1539 502 1567 524 ιιι
1590 496 1709 524 credatis

923 542 987 576 quia
1003 542 1082 570 Jews
1093 547 1135 570 est
1146 542 1231 570 Filius
1244 541 1290 570 Dei
1304 543 1369 576 vivi,
1384 547 1411 570 et
1425 547 1454 569 nt
1466 542 1610 570 credentes
1626 542 1708 568 vitam

924 588 1045 616 habeatis
1063 589 1088 615 in
1106 589 1216 616 nomine
1232 589 1317 623 ipsius
1331 589 1363 616 ³⁷.
1386 599 1395 615 ι
1411 588 1569 615 Admiretnr
1586 595 1648 614 vero
1666 588 1713 614 ali-

923 634 984 668 quis
1004 641 1056 661 non
1070 634 1160 662 minus
1178 634 1299 661 divinum
1317 633 1437 666 Petrum,
1453 634 1486 661 ad
1505 633 1613 661 Judzeos
1630 641 1710 667 aper-

924 685 950 708 te
970 681 1006 708 ita
1025 681 1197 716 loquentem:
1214 691 1223 708 ι
1243 681 1384 717 Principes
1400 681 1504 716 populi,
1523 685 1550 708 et
1566 680 1687 708 seniores
1702 702 1710 713 ,

923 727 945 753 si
966 734 1015 753 nos
1044 726 1124 754 hodie
1147 726 1303 762 iudicamur
1326 727 1352 754 in
1372 727 1515 754 benciacto
1532 726 1650 753 hominis
1670 725 1713 753 iu-

924 772 1007 805 lirmi,
1032 773 1058 800 in
1076 780 1130 807 quo
1148 773 1200 800 iste
1213 773 1305 801 salvus
1325 772 1412 800 factus
1424 777 1476 806 est,
1493 778 1586 799 notum
1603 772 1638 799 sit
1653 779 1713 800 om-

923 817 1006 847 nibus
1021 819 1109 852 vobis,
1131 824 1158 847 et
1172 819 1246 848 omni
1263 819 1335 855 plebi
1355 819 1450 852 Israel,
1472 820 1536 854 quia
1559 819 1585 845 in
1603 818 1713 846 nomine

923 864 1032 892 Domini
1054 866 1142 893 nostri
1168 865 1231 893 Jesu
1256 865 1360 893 Christi
1391 865 1535 898 Nazareni,
1558 871 1638 900 quem
1664 872 1713 892 vos

922 910 1114 944 cruciﬁxistis,
1129 917 1210 945 quem
1234 910 1306 938 Deus
1328 911 1472 938 suscitavit
1494 917 1510 937 ιι
1534 909 1659 942 mortuis,
1683 909 1711 937 in

923 956 974 985 hoc
985 956 1037 984 iste
1048 961 1119 984 astat
1137 955 1214 984 vobis
1229 963 1312 984 sanus
1328 955 1362 983 ".
1381 965 1390 982 ι
1407 955 1441 983 Ει
1457 955 1537 990 paulo
1550 960 1611 990 post
1626 964 1633 982 :
1652 964 1661 982 ι
1678 954 1711 984 Et

922 1009 975 1030 non
989 1006 1034 1030 est
1046 1002 1073 1029 in
1091 1001 1145 1030 alio
1157 1002 1249 1037 aliquo
1271 1001 1357 1030 salus.
1379 1000 1473 1037 Neque
1488 1001 1561 1029 enim
1578 1006 1621 1029 est
1637 1001 1712 1029 aliud

921 1056 1020 1076 nomen
1036 1048 1086 1076 sub
1100 1049 1172 1076 coelo
1187 1048 1281 1076 datum
1297 1047 1470 1081 hominibus,
1483 1048 1510 1075 in
1519 1055 1572 1083 quo
1587 1051 1713 1082 oporteat

922 1101 972 1123 nos
992 1094 1084 1123 salvos
1106 1094 1164 1123 ﬁeri
1187 1094 1221 1123 ".
1249 1104 1258 1121 ι
1277 1094 1409 1128 Quisnam
1435 1094 1518 1129 igitur
1539 1098 1591 1127 est,
1614 1094 1659 1128 qui
1684 1096 1713 1121 et

922 1145 1037 1168 mortem
1060 1140 1128 1168 obiit
1146 1145 1173 1168 et
1189 1140 1339 1168 resurrexit.
1355 1140 1383 1167 in
1399 1139 1496 1174 gloria,
1511 1143 1594 1174 atque
1610 1147 1644 1166 ex
1658 1137 1713 1166 Na-

925 1186 1032 1219 zareth,
1045 1186 1096 1214 nisi
1112 1185 1193 1214 Jesus
1206 1185 1342 1219 Christus.
1356 1185 1407 1213 hoc
1419 1191 1470 1219 est,
1486 1187 1532 1220 qui
1547 1191 1610 1213 ante
1622 1187 1711 1213 omnia

922 1232 1019 1260 saecula
1047 1240 1080 1261 ex
1104 1232 1186 1260 Patre
1206 1231 1379 1260 ineﬂ‘abiliter
1406 1233 1515 1266 genitus
1530 1233 1589 1260 est?
1611 1232 1713 1260 Ultimo

921 1285 986 1306 vero
1007 1283 1035 1307 et
1060 1280 1095 1307 ad
1120 1280 1223 1307 exitum
1248 1284 1378 1314 vergente
1393 1279 1553 1307 saeculorum
1580 1284 1711 1314 tempore,

922 1325 1102 1360 corporaliter
1123 1326 1205 1354 etiam
1231 1333 1263 1354 ex
1290 1325 1400 1361 Virgine
1421 1330 1502 1353 natus
1518 1331 1570 1353 est.
1596 1325 1714 1353 Proinde

922 1372 967 1407 qui
984 1372 1010 1399 in
1024 1371 1112 1407 ipsutn
1126 1372 1223 1405 credit,
1236 1371 1366 1400 eximium
1377 1372 1518 1407 praemium
1534 1371 1649 1404 auferet;
1664 1379 1712 1398 vu-

922 1417 1027 1444 cabitur
1051 1418 1124 1445 enim
1154 1417 1225 1445 ﬁlius
1245 1418 1303 1445 Dei.
1319 1427 1328 1444 ι
1346 1417 1483 1452 Quotquot.
1503 1417 1576 1445 enim
1599 1424 1713 1451 accepe-

922 1467 985 1490 runt
1003 1470 1077 1495 eum,
1093 1463 1168 1491 dedit
1189 1464 1231 1492 eis
1253 1468 1426 1498 potestatem,
1453 1463 1552 1498 inquit,
1577 1463 1646 1491 ﬁlios
1664 1463 1711 1490 Dei

922 1508 1044 1544 ﬁeri,qui
1053 1517 1106 1537 non
1115 1517 1148 1538 ex
1157 1510 1346 1545 sanguinibus,
1359 1517 1447 1545 neque
1459 1517 1491 1537 ex
1505 1510 1643 1537 voluntate
1652 1516 1713 1537 car-

923 1554 975 1587 nis,
990 1562 1077 1590 neque
1086 1562 1120 1582 ex
1129 1555 1267 1584 voluntate
1275 1555 1337 1589 viri,
1349 1555 1397 1584 sed
1408 1563 1441 1584 ex
1451 1556 1506 1583 Deo
1518 1556 1572 1583 Itali
1584 1560 1648 1583 sunt
1658 1554 1692 1581 ".
1699 1563 1710 1581 ι

921 1600 988 1628 Nam
1026 1606 1056 1629 ut
1093 1601 1141 1630 ﬂat
1178 1602 1325 1637 primatum
1363 1606 1461 1631 tenens
1505 1602 1532 1629 in
1565 1602 1712 1634 omnibus,

921 1647 989 1675 sicut
1005 1647 1136 1683 scriptum
1149 1647 1232 1680 est“,
1242 1652 1322 1675 natus
1333 1648 1441 1682 quidem
1456 1653 1498 1675 est
1509 1655 1542 1675 ex
1555 1647 1668 1675 muliere
1677 1648 1712 1675 ".

921 1694 989 1722 Cum
1005 1702 1071 1722 vero
1096 1694 1132 1722 sit
1159 1694 1284 1728 primitiae
1299 1694 1325 1711 ”
1341 1699 1473 1722 creaturae
1498 1693 1651 1721 reformata:
1679 1687 1723 1720 ad

922 1740 1005 1767 Deum
1022 1747 1072 1775 per
1094 1739 1352 1772 sanctiﬁcationem,
1371 1740 1431 1774 ipse
1453 1740 1535 1767 etiam
1560 1743 1624 1766 ante
1645 1739 1714 1766 alios

923 1791 1002 1813 natus
1020 1793 1054 1813 ex
1084 1786 1187 1821 Spiritu
1211 1785 1366 1814 declaratus
1390 1791 1443 1818 est,
1468 1786 1517 1812 viri
1543 1789 1570 1812 et
1593 1784 1714 1811 mulieris

923 1838 1097 1867 congressum
1113 1832 1271 1865 excedens;
1287 1839 1340 1859 nun
1365 1831 1438 1866 quod
1455 1838 1580 1858 naturam
1597 1831 1714 1865 alicujus

924 1877 1064 1905 dedecoris
1078 1881 1125 1904 aut
1138 1877 1205 1905 labis
1218 1882 1324 1904 notaret
1341 1885 1372 1904 ac
1387 1877 1528 1904 danmaret
1541 1874 1711 1911 (honoranda

924 1923 997 1950 enim
1032 1930 1075 1950 res
1094 1927 1139 1950 est
1162 1922 1328 1958 eonjugium,
1352 1927 1380 1949 et
1404 1922 1449 1957 qui
1477 1923 1612 1949 hominem
1639 1922 1715 1949 initio

924 1969 1037 2002 creavit,
1051 1968 1201 1996 masculum
1226 1973 1253 1996 et
1274 1968 1401 1996 feminam
1417 1968 1481 1996 fecit
1496 1967 1555 1995 illos
1566 1968 1612 2003 “),
1632 1967 1713 2003 705

925 2014 972 2042 sed
988 2015 1059 2049 quod
1070 2014 1126 2049 jam
1144 2014 1261 2042 humana
1284 2014 1413 2048 majorem
1439 2019 1521 2049 atque
1543 2015 1715 2050 incornpara-

925 2062 1016 2091 biliter
1028 2061 1249 2089 excellentiorem
1262 2061 1286 2088 ei
1308 2060 1450 2088 tribueret.
1470 2060 1554 2089 Natos
1569 2062 1641 2088 enim
1667 2068 1716 2088 nos

926 2116 958 2136 ex
975 2109 1084 2143 spiritu,
1103 2115 1157 2135 non
1170 2114 1203 2134 ex
1219 2107 1285 2134 viris
1295 2114 1452 2142 nuncupare
1465 2106 1558 2134 voluit.
1577 2115 1585 2132 ι
1599 2106 1714 2138 Idcirco,

927 2154 1045 2188 Patrem,
1065 2154 1164 2190 inquit,
1181 2153 1264 2180 nolite
1279 2160 1378 2180 vocare
1399 2152 1475 2180 vobis
1496 2159 1579 2188 super
1594 2157 1714 2180 terram:

926 2208 996 2228 unus
1016 2205 1058 2228 est
1081 2199 1152 2228 enim
1176 2199 1258 2227 Pater
1278 2204 1380 2231 vester,
1405 2199 1451 2232 qui
1471 2199 1498 2225 in
1522 2198 1599 2225 caelis
1616 2202 1659 2225 est
1679 2198 1713 2225 ".

82 2249 263 2285 χρηματίζειν
283 2249 372 2284 ἤθελε.
397 2259 405 2274 ι
434 2249 489 2275 Καὶ
505 2248 581 2283 γοῦν,
599 2249 718 2284 Πατέρα,
737 2250 813 2284 φησι,
837 2250 872 2284 μὴ

927 2247 1029 2275 Omnes
1043 2251 1134 2274 autem
1154 2253 1202 2273 vos
1228 2245 1328 2272 fratres
1343 2244 1410 2272 estis
1433 2244 1467 2272 ν.
1486 2253 1495 2270 ι
1516 2243 1716 2278 lrreprehensi-

83 2295 218 2330 καλέσητε
234 2295 311 2330 ὑμῶν
333 2295 379 2321 ἐπὶ
391 2295 438 2330 τῆς
452 2294 503 2330 γῆς
514 2303 520 2310 ·
539 2292 580 2326 εἷς
595 2295 649 2331 γάρ
664 2296 737 2321 ἐστιν
751 2297 764 2322 6
781 2295 876 2331 Πατὴρ

84 2342 150 2377 ὑμῖν
167 2343 180 2368 6
204 2341 347 2377 οὐράνιοςε
366 2342 467 2373 πάντες
491 2341 519 2368 δὲ
542 2342 620 2377 ὑμεῖς
647 2341 754 2376 ἀδελφοί
772 2343 843 2368 ἐστε.
866 2352 874 2368 ι

84 2387 191 2414 Οὐκοῦν
205 2387 355 2422 ἀμώμητον
373 2384 511 2418 παντελῶς
532 2387 563 2413 τὸ
577 2387 716 2414 πιστεύειν
731 2389 770 2420 είς
784 2388 876 2420 αὐτὸν,

87 2434 188 2469 μᾶλλον
203 2434 232 2461 δὲ
245 2434 292 2461 καὶ
307 2435 340 2470 τῇ
353 2434 408 2461 τῶν
425 2434 670 2470 πλημμελημάτων
683 2435 821 2471 ἀμνηστίᾳ
835 2443 878 2461 τε-

84 2481 210 2516 τίμηται.
233 2481 338 2516 Γράφει
352 2481 406 2516 γὰρ
421 2479 471 2508 ὦδε
492 2481 572 2507 πάλιν
587 2482 600 2507 ὁ
614 2480 739 2516 ἔκκριτος
755 2480 859 2512 Παῦλος
869 2488 875 2495 ·

89 2537 98 2553 ι
120 2527 229 2559 Εξδότες
251 2528 279 2554 δὲ
293 2528 334 2554 ὅτι
351 2528 380 2554 ού
397 2526 546 2554 δικαιοῦται
573 2527 715 2563 ἄνθρωπος
737 2527 766 2559 ἐξ
790 2527 878 2563 ἔργων

86 2575 180 2611 νόμου,
192 2575 239 2602 ἐὰν
253 2575 289 2611 μὴ
304 2575 347 2601 διὰ
363 2575 480 2606 πίστεως
496 2574 583 2610 Ίησοῦ
598 2573 726 2609 Χριστοῦ,
739 2575 786 2600 καὶ
800 2574 880 2609 ἡμεῖς

87 2623 127 2654 εἰς
147 2622 265 2657 Χριστὸν
286 2620 388 2657 Ἰησοῦν
408 2620 618 2655 ἐπιστεύσαμεν.
639 2630 647 2645 ι
669 2619 837 2655 Κατοκνήσω
851 2618 879 2645 δὲ

88 2668 225 2703 οὐδαμῶς,
239 2668 309 2703 ὅπερ
329 2667 379 2702 ἤδη
403 2666 508 2701 φθάσας
528 2666 606 2702 ἔφην,
627 2666 819 2700 ἀνακυκλήσας
841 2666 879 2692 εί-

89 2713 161 2747 πεῖν,
177 2715 217 2741 ὅτι
231 2713 347 2749 Χριστὸς
370 2713 473 2748 Ἰησοῦς
486 2713 515 2739 οὗ
531 2712 634 2747 γυμνὸς
649 2713 696 2738 καὶ
711 2711 771 2738 καθ’
785 2712 880 2738 ἑαυτὸν

90 2760 149 2788 ὁὲκ
164 2759 231 2787 Θεοῦ
247 2760 348 2787 νοεῖται
370 2759 465 2792 Λόγος,
482 2758 538 2784 ἀλλ’
559 2759 602 2785 ὅτε
620 2757 770 2793 προσέλαῦε
785 2757 814 2784 τὸ
833 2759 880 2784 ἀν-

131 2863 152 2878 “⁷
167 2861 245 2890 Joan.
264 2869 309 2892 xx.
322 2861 366 2890 50.
385 2860 429 2886 5|.
468 2859 490 2875 “
505 2860 562 2885 Act.
582 2866 615 2887 ιν.
633 2859 706 2885 8-[0.

91 2905 127 2933 ιν,
145 2899 162 2927 ι.
207 2897 250 2924 ⁵⁵³1
269 2897 331 2923 Cor.
349 2904 393 2928 xv,
409 2895 452 2922 ευ.
493 2894 513 2910 9‘
527 2894 592 2922 Gen.
612 2902 629 2927 I,
648 2893 690 2919 ΞΤ.

748 2858 768 2873 ⁸⁵
783 2856 848 2883 Ηιίιι.
866 2856 906 2887 li,
929 2856 969 2883 l2.

731 2893 752 2906 "‘
764 2893 858 2920 Mitti].
879 2900 953 2926 XM”,
970 2892 996 2919 ν.
1035 2890 1057 2905 ’⁸
1071 2887 1137 2917 ibid.
1151 2887 1177 2916 8.

928 2293 981 2320 bile
998 2293 1089 2326 itaque
1104 2299 1216 2326 prorsus
1233 2297 1276 2318 est
1291 2292 1317 2317 in
1334 2291 1421 2324 ipsum
1435 2290 1560 2318 credere.
1587 2289 1643 2317 lmo
1665 2297 1715 2324 po-

928 2339 980 2365 tius
997 2342 1170 2373 peccatorum
1187 2336 1325 2364 oblivione
1353 2335 1420 2363 ﬁdes
1444 2335 1471 2362 in
1497 2335 1584 2369 ipsum
1602 2335 1716 2361 decora-

928 2388 971 2410 tur
985 2388 1066 2417 atque
1090 2383 1259 2418 rependitur.
1274 2382 1312 2409 lla
1336 2382 1409 2417 enim
1433 2381 1512 2409 nobis
1535 2380 1652 2408 eximius
1673 2380 1717 2408 ille

929 2429 1028 2457 Paulus
1042 2429 1156 2455 scribit:
1173 2437 1182 2453 ι
1202 2427 1326 2455 Seientes
1338 2428 1409 2462 quod
1425 2435 1478 2454 non
1490 2426 1655 2462 iustificetur
1670 2427 1719 2455 ho-

931 2483 975 2502 mo
994 2482 1026 2502 ex
1041 2474 1169 2509 operibus
1191 2473 1269 2508 legis,
1291 2474 1342 2501 nisi
1363 2481 1411 2508 per
1429 2473 1510 2501 tidem
1526 2472 1589 2500 Jesu
1603 2472 1718 2505 Christi.

930 2528 956 2550 et
977 2529 1027 2549 nos
1046 2521 1072 2547 in
1090 2520 1199 2547 Christo
1218 2519 1282 2546 Jesu
1300 2519 1464 2547 credidimus
1484 2518 1529 2546 “‘.
1550 2528 1558 2544 ι
1583 2519 1716 2546 (ἔπιθι-ωτι

931 2575 1102 2604 nequaquam
1116 2567 1248 2602 gravabor
1263 2573 1294 2593 ea
1307 2573 1367 2599 quae
1384 2566 1470 2594 fusius
1484 2573 1500 2593 a
1515 2574 1557 2593 me
1575 2565 1648 2593 dicta
1657 2569 1721 2593 sunt

932 2615 958 2642 in
972 2621 1106 2642 summam
1120 2613 1247 2647 colligere
1265 2620 1272 2638 :
1290 2611 1418 2639 nimirum
1436 2613 1507 2647 Quod
1528 2613 1653 2640 Christus
1668 2619 1720 2638 non

932 2661 967 2688 sit
986 2661 1088 2688 nudum
1107 2667 1139 2686 ac
1152 2666 1199 2693 per
1220 2665 1250 2685 se
1263 2665 1297 2685 ex
1317 2657 1396 2685 Patre
1415 2658 1565 2692 procedens
1582 2657 1697 2686 Verbum
1713 2666 1719 2683 :

934 2707 981 2736 sed
994 2705 1142 2740 aSStunpsit
1160 2703 1356 2731 humanitatem
1383 2706 1410 2729 et
1433 2709 1516 2729 carne
1530 2702 1653 2730 indutum
1669 2708 1720 2734 est,

934 2759 1018 2788 atque
1030 2751 1066 2778 ita
1080 2759 1109 2778 se
1124 2750 1266 2778 habentem
1281 2753 1362 2782 atque
1383 2752 1568 2781 apparentem,
1593 2747 1723 2774 formam-

1009 2855 1031 2870 “
1043 2853 1119 2881 Joau.
1138 2859 1156 2880 I.
1176 2851 1217 2883 1‘2,
1235 2849 1275 2876 13.
1315 2847 1335 2863 "
1350 2844 1453 2883 Colossi
1472 2852 1489 2877 ι,
1512 2845 1552 2874 ιε.
1599 2847 1622 2862 ³³
1634 2844 1722 2874 Calai.

1225 2885 1257 2901 "‘
1273 2883 1360 2912 Calai.
1376 2888 1404 2915 tt,
1424 2879 1464 2907 l6.
