1927 3036
231 160 300 189 1259

692 200 697 206 ⁸
720 163 748 190 S.
769 163 906 191 CYRILLI
922 164 1156 193 ΑιΕΧΑΝῡιιιΝι
1174 167 1332 196 ARCIIIEP.

1791 178 1859 206 1210

230 226 284 254 que
311 222 432 247 nostram
456 223 618 254 gestantem.
648 219 728 247 Pater
755 222 860 250 sanctis
885 222 1010 256 apostolis

1067 223 1213 258 θρώπινον,
1235 226 1370 262 ἑνεπλάκη
1384 227 1475 263 σαρκί·
1497 229 1583 261 οὕτως
1608 230 1702 266 ἔχοντα
1721 233 1771 260 καὶ
1787 234 1862 269 ὁρώ-

231 265 366 299 ostendit,
391 265 573 300 hujuscemodi
596 273 660 293 voce
685 266 792 293 caelitus
806 267 877 294 edita
905 277 911 294 :
935 277 943 294 ε
966 267 1015 295 llic

232 315 271 338 est
287 310 372 338 Filius
388 319 464 339 meus
482 312 607 344 dilectus,
623 312 649 339 in
665 320 719 347 quo
735 313 801 341 mihi
816 313 884 342 bene
896 315 1015 349 compla-

232 357 294 385 cui:
312 357 399 392 ipsum
421 357 512 385 audite
526 359 561 385 '7.
580 368 589 384 ι
609 357 741 394 lntelligis
759 361 860 396 itaque,
880 363 1014 396 quomodo

231 411 285 430 non
304 403 375 431 dicat
388 415 393 431 ;
410 404 438 430 ln
450 405 501 431 hoc
514 408 556 431 est
571 404 655 432 Filius
670 413 756 438 meus,
773 415 807 434 ne
822 407 939 435 vicissim
956 413 1015 435 tan-

230 455 311 482 quam
327 449 396 476 alter
419 449 445 475 in
460 449 546 476 altero
558 457 619 478 esse
631 456 801 484 censeretur,
821 453 867 480 sed
887 461 957 481 unus
971 459 1014 481 at-

228 502 283 528 que
306 494 378 521 idem
400 494 549 522 secundum
565 496 694 524 unitatem
717 498 920 526 incarnationis.
937 499 1014 532 Quod

230 547 294 566 vero
307 539 489 574 periculosum
513 540 726 577 damnosumque
746 544 879 578 imprimis
893 544 929 572 sit
952 545 1014 573 huic

230 585 372 612 sententia:
389 585 528 619 reluctari,
548 585 667 615 Joannes
684 587 764 616 facile
779 591 955 623 persuaserit,
976 591 1013 618 ita

229 631 333 662 dicens,
349 631 421 664 quod
437 631 507 658 idem
522 631 557 658 sit
574 633 762 660 testimonium
786 634 832 661 Dei
845 635 918 669 quod
934 640 1014 663 testa-

229 683 272 704 tus
289 682 332 704 est
349 677 382 705 de
405 677 474 705 Filio
495 686 587 706 suozt
604 677 655 712 Qui
683 679 769 706 credit
790 679 815 706 in
838 680 934 707 Filium
955 681 1012 714 Dei,

226 726 311 754 habet
333 727 515 754 testimonium
532 726 577 754 Dei
595 728 620 753 in
648 734 686 754 se.
710 727 760 760 Qui
777 735 829 755 non
846 729 931 756 credit
948 728 1012 762 Deo,

229 773 388 800 mendacem
403 772 469 799 facit
488 780 549 799 eum
563 781 570 805 ;
589 772 653 807 quia
673 780 725 800 non
747 774 834 800 credit
850 773 876 800 in
893 774 1013 801 testimo-

226 818 302 845 nium
312 818 383 852 quod
393 818 551 845 testiﬁcatus
557 823 599 846 est
608 819 677 846 Dens
685 819 717 845 de
726 818 794 846 Filio
801 826 859 847 suo.
868 829 877 844 ι
887 819 1012 848 Testatus

225 869 317 890 autem
337 867 379 891 est
399 863 469 898 quod
483 863 533 892 llic
545 865 591 898 qui
617 864 643 891 in
659 871 742 892 carne
761 870 788 892 et
812 866 838 892 in
855 865 939 892 l'orma
955 874 1012 893 ser-

227 910 254 936 vi
267 909 445 944 conspicitur,
462 913 504 936 est
519 909 694 944 singulariter
705 916 737 937 ac
751 910 923 944 peculiariter
934 917 1013 938 verus

227 961 303 982 meus
319 954 413 982 Filius.
431 955 499 987 Quid
513 955 595 982 vero?
610 962 700 983 nonne
718 959 746 982 et
762 956 876 990 gratiam
891 964 949 990 quae
965 964 1013 991 per

225 1008 334 1028 sacrum
347 1001 507 1036 baptismum
531 1001 678 1034 cortlertur,
691 1006 718 1029 et
735 1002 941 1030 vivillcationem
954 1010 1014 1036 qua:

228 1048 254 1074 iu
273 1047 332 1082 ipso
354 1053 407 1079 est,
426 1050 454 1074 et
478 1047 712 1082 participationem
731 1046 777 1074 Dei
794 1055 841 1082 per
859 1048 1014 1074 sanctiﬁca-

228 1094 328 1120 tionem
348 1093 375 1120 iu
393 1093 507 1127 Spiritu,
524 1100 572 1127 per
592 1092 684 1120 Jesum
708 1094 843 1121 Christum
867 1095 936 1120 facta
952 1101 1013 1121 esse

226 1140 367 1167 dicemus?

658 1179 666 1193 Ι

263 1230 293 1259 Β.
303 1230 432 1258 Omnino.
447 1229 558 1257 Memini
576 1229 648 1257 enim
661 1228 773 1257 Joannis
785 1229 898 1258 dicentis
912 1239 918 1256 ε
936 1238 945 1256 ι
961 1230 1011 1263 Qui

227 1282 289 1311 post
303 1284 345 1304 me
363 1277 445 1310 venit,
463 1278 559 1305 fortior
583 1284 625 1304 me
644 1281 705 1308 est,
728 1277 805 1312 cujus
827 1284 879 1303 non
897 1284 956 1303 sum
972 1278 1012 1303 di-

227 1331 295 1357 gnus
312 1323 497 1351 calceamenta
521 1329 629 1358 portare
650 1332 656 1350 :
680 1322 737 1356 ipse
760 1329 806 1349 vos
822 1321 969 1356 baptizahit
984 1323 1010 1348 lu

227 1369 328 1402 Spiritu
346 1374 440 1397 sancto
455 1373 481 1396 et
500 1369 561 1404 igne
577 1368 610 1394 ".
629 1377 638 1394 ›

262 1459 296 1489 Α.
314 1459 531 1488 Ilumanitatisne
552 1459 634 1495 igitur
653 1465 752 1487 nostra:
779 1466 848 1493 opus
866 1465 926 1485 esse
947 1465 1011 1485 ceu-

225 1508 371 1540 scbimus,
401 1507 429 1534 in
469 1506 573 1542 Spiritu
601 1511 697 1533 sancto
731 1510 756 1532 et
784 1506 844 1539 igne
873 1505 1011 1539 baptizare

225 1560 302 1588 posse
310 1552 321 1578 ’ἶ

262 1600 292 1626 Β.
307 1599 366 1632 Quo
378 1602 455 1633 pacto
472 1598 496 1625 id
512 1597 570 1625 ﬁeri
583 1596 683 1631 possit?

260 1646 381 1682 706A.
393 1646 472 1680 Atqui
491 1646 576 1672 virum
588 1643 698 1678 jnmjam
713 1649 854 1671 venturum
869 1649 948 1678 atque
963 1652 1010 1678 ap-

224 1694 373 1728 pariturum
401 1692 504 1724 dit-ens,
522 1692 607 1724 ipsum
634 1692 661 1717 in
679 1690 739 1725 igne
756 1695 783 1717 et
801 1690 902 1724 Spiritu
918 1696 1011 1717 sancto

225 1739 365 1774 baptizare
380 1738 602 1770 allirmat.neque
622 1737 738 1764 alienqu
763 1737 905 1772 baptizatis
924 1736 1011 1771 Spiri-

226 1793 282 1814 tum
299 1785 446 1813 immittere
458 1783 547 1812 servili
559 1791 590 1810 ac
599 1783 796 1811 ministratorio
813 1782 903 1813 modo.
922 1783 969 1809 sed
983 1786 1011 1808 ut

228 1832 310 1858 Deum
337 1829 484 1857 secundum
515 1834 638 1856 naturam
661 1836 722 1855 cum
742 1835 846 1855 summa
867 1832 1008 1862 potestate,

226 1876 357 1911 Spiritum
371 1882 404 1903 ex
418 1882 447 1902 se
461 1875 566 1909 sihiqne
585 1873 724 1908 proprium
745 1873 848 1908 largiri.
861 1880 910 1908 per
928 1881 1009 1908 quem

224 1921 305 1948 etiam
327 1920 434 1948 divinus
453 1919 597 1947 character
621 1919 698 1947 nobis
721 1919 892 1953 in‘siguiatur.
911 1918 1008 1947 Refor-

225 1974 330 1993 mamur
351 1966 424 1993 enim
448 1966 480 1992 ad
505 1965 650 2001 imaginem
673 1965 790 1992 divinam
815 1965 841 1992 in
871 1965 1009 1992 Christum

223 2011 328 2043 Jesum.
349 2017 403 2038 non
427 2010 593 2045 corporalem
621 2009 841 2038 reformationem
864 2010 1010 2038 subeuntes

225 2057 298 2092 (nam
327 2057 353 2084 id
381 2056 555 2084 vehementer
577 2055 722 2083 absurdum
744 2056 816 2083 dictu
836 2056 939 2091 fuerit),
962 2056 1009 2084 sed

225 2111 272 2137 per
287 2102 523 2138 participationem
540 2102 626 2130 sancti
640 2102 757 2137 Spiritus
782 2103 867 2136 ipsum
885 2103 910 2130 in
933 2103 1010 2131 nobis

224 2150 290 2184 ipsis
315 2150 473 2178 habentes:
500 2150 567 2177 adeo
591 2153 621 2176 ut
634 2148 757 2176 halantes
771 2148 835 2175 illud
856 2149 1009 2177 exclamare

223 2196 359 2230 possimus
383 2204 391 2223 :
417 2205 425 2221 ι
454 2194 606 2222 Exsultabit
632 2194 722 2221 anima
745 2204 802 2222 mea
831 2195 856 2222 in
883 2195 1007 2229 Domino,

1067 277 1157 303 μενον.
1172 272 1218 298 καὶ
1235 272 1264 298 ὲν
1281 272 1346 299 εἴδει
1369 273 1408 308 τῷ
1429 274 1490 301 καθ’
1503 276 1576 310 ἡμᾶς
1591 279 1779 312 τυγχάνοντα,
1800 281 1858 310 τοῖς

1065 315 1153 349 ἁγίοις
1165 317 1324 350 ἀποστόλοις
1335 319 1492 355 παρέδειξεν
1503 321 1517 346 6
1529 322 1634 357 Πατὴρ,
1649 324 1742 358 φωνῆς
1753 324 1860 351 ἄνωθεν

1065 361 1285 398 ὲκπεποιημένης
1308 365 1413 391 τοιᾶσδε
1425 373 1432 380 ·
1451 375 1460 391 ‹
1481 363 1564 398 Οὗτός
1578 368 1653 394 ἐστιν
1665 369 1680 394 6
1697 369 1762 401 Υἱός
1779 371 1854 404 μουζ

1064 407 1215 444 ἀγαπητὸς,
1231 409 1260 436 ὲν
1274 406 1295 443 ᾧ
1319 411 1467 446 ηὐδόκησα,
1489 412 1569 439 αὑτοῦ
1592 414 1716 441 ἀκούετε.
1744 425 1754 442 ι
1773 416 1855 448 Σύνες

1064 452 1111 480 οὖν
1138 455 1211 486 ὅπως
1225 455 1275 482 οὐκ
1299 456 1327 482 ὲν
1341 457 1439 492 τούτῳ,
1455 458 1546 493 φησὶν,
1571 459 1646 486 ἐστὶν
1661 461 1676 486 6
1702 461 1767 492 Υἱός
1793 470 1855 495 μου,

1065 499 1108 526 ἵνα
1124 499 1161 534 μὴ
1179 500 1315 536 ἀναμέρος
1338 501 1375 532 ὡς
1389 501 1482 537 ἕτερος
1494 503 1523 530 ὲν
1538 504 1624 539 ἑτέρῳ
1639 505 1729 540 τυχὸν,
1744 506 1807 536 ἀλλ’
1818 505 1856 539 εἷς

1064 545 1157 580 νοῆται
1177 546 1223 572 καὶ
1238 547 1251 572 6
1271 547 1350 578 αὐτὸς
1371 548 1432 574 καθ’
1447 549 1542 575 ἕνωσιν
1559 551 1743 586 οἰκονομικήν.
1761 552 1854 587 Πλημ-

1066 592 1144 626 me;
1156 592 1185 619 δὲ
1204 593 1285 620 ὅτιτὸ
1300 595 1456 621 ἀντιτείνειν
1472 596 1540 628 ἐστὶ,
1555 596 1601 622 καὶ
1615 597 1670 623 τῶν
1680 597 1720 624 ὃτι
1737 598 1856 633 μάλιστα

1064 638 1298 673 σφαλερωτάτων,
1325 639 1468 666 ἀναπείσει
1491 641 1605 676 γράφων
1640 642 1768 677 Ἰωάννης
1796 643 1854 674 ὼᾶ,

1063 683 1104 710 ὃτι
1121 684 1189 719 αὕτη
1207 684 1311 719 ἐστὶ.νὴ
1333 685 1467 721 μαρτυρία
1484 686 1530 713 τοῦ
1554 686 1632 718 Θεοῦ,
1651 688 1693 714 ὅτι
1717 688 1860 722 μεμαρτύ-

1065 737 1131 764 ρηκε
1146 729 1210 765 περὶ
1226 730 1272 756 τοῦ
1284 730 1348 757 Υῑοῦ
1359 731 1451 758 αὑτοῦι
1465 741 1474 758 ε
1487 733 1516 758 '0
1526 732 1660 759 πιστεύων
1676 735 1715 765 si;
1732 734 1780 760 τὸν
1794 734 1856 760 Tib?

1063 775 1111 805 τοι]
1131 775 1210 807 Θεοῦ,
1228 775 1284 811 ἔχει
1304 776 1353 812 τὴν
1379 778 1531 813 μαρτυρίαν
1551 778 1598 804 τοῦ
1614 778 1681 805 Θεοῦ
1703 779 1734 804 ὲν
1753 779 1853 814 ἐαυτῷ.

1069 820 1098 846 'O
1121 819 1158 855 μὴ
1184 820 1320 847 πιστεύων
1338 821 1378 856 τῷ
1394 821 1462 857 Θεῷ,
1487 821 1607 857 ψεύστην
1630 824 1784 858 πεποίηκεν
1807 825 1855 850 αὐ-

1063 865 1118 897 τὸν,
1138 866 1178 892 ὅτι
1200 867 1249 894 οὐκ
1267 866 1427 894 ἐπίστευσεν
1442 868 1482 898 εἰς
1502 867 1552 903 τὴν
1571 869 1734 902 μαρτυρίαν,
1758 869 1792 904 ἣν
1812 878 1855 904 με-

1066 911 1241 947 μαρτύρηκεν
1259 913 1273 939 6
1289 913 1354 945 Θεὸς
1369 914 1432 948 περὶ
1447 913 1494 940 τοῦ
1511 914 1573 940 Υῑοῦ
1589 914 1681 941 αὑτοῦ.
1703 924 1712 940 ι
1736 915 1855 950 Μεμαρσ

1063 957 1166 992 τύρηκε
1185 958 1224 990 δὲ,
1243 958 1284 985 ὅτι
1301 955 1394 990 Οὗτος.
1410 960 1424 985 6
1439 959 1508 994 μετὰ
1531 959 1632 993 σαρκὸς
1646 959 1693 985 καὶ
1714 960 1744 985 ὲν
1757 960 1790 994 τῇ
1807 960 1853 986 τοῦ

1062 1003 1156 1030 δούλου
1171 1006 1274 1040 μορφῇ,
1289 1005 1437 1039 μοναδικῶς
1452 1013 1480 1031 τε
1497 1005 1543 1031 καὶ
1560 1005 1650 1036 tame;
1661 1005 1726 1040 ἐμὸς
1745 1005 1854 1040 ἀληθῶς

1063 1048 1137 1080 Υἱός.
1154 1049 1186 1075 Ύί
1202 1049 1247 1081 δέ;
1265 1050 1324 1084 οὐχὶ
1334 1050 1379 1076 καὶ
1388 1049 1438 1085 τὴν
1453 1049 1496 1076 διὰ
1509 1049 1556 1075 τοῦ
1571 1049 1648 1083 ἁγίου
1664 1049 1854 1084 βαπτίσματος

1063 1094 1163 1121 εὐκλεᾶ
1180 1095 1270 1130 χάριν,
1287 1095 1334 1121 καὶ
1348 1094 1397 1130 τὴν
1410 1095 1438 1121 ὲν
1449 1094 1523 1128 αὐτῷ
1544 1094 1718 1129 ζωοποίηοιν,
1740 1095 1789 1120 καὶ
1804 1096 1853 1130 τὴν

1062 1141 1131 1168 Θεοῦ
1148 1141 1254 1175 μέθεξιν
1274 1140 1306 1167 δι’
1322 1141 1460 1175 ἁγιασμοῦ
1480 1140 1509 1167 ἐν
1531 1139 1680 1174 Πνεύματι,
1695 1139 1740 1166 διὰ
1764 1139 1852 1175 Ἰησοῦ

1062 1187 1181 1222 Χριστοῦ
1198 1187 1355 1222 πεπράχθαι
1375 1186 1514 1221 δώτομεν;

1098 1233 1128 1259 Β.
1159 1233 1343 1266 Ἀναγκαίως·
1371 1233 1547 1268 μεμνήσομαι
1571 1233 1626 1267 γὰρ
1653 1233 1778 1259 Ἰωάννου
1806 1233 1851 1259 λέ-

1062 1287 1172 1313 γοντος·
1195 1288 1204 1304 ι
1229 1279 1257 1304 '0
1280 1279 1308 1304 δὲ
1326 1278 1412 1305 ὀπίσω
1429 1287 1480 1314 μου
1505 1279 1660 1314 ἐρχόμενος,
1678 1279 1852 1315 ἰσχυρότερός

1063 1323 1113 1359 μού
1131 1325 1213 1354 ἐστιν,
1231 1320 1261 1350 οὗ
1272 1324 1322 1350 οὐκ
1338 1323 1396 1359 εἰμὶ
1414 1324 1504 1355 ἱκανὸς
1519 1324 1552 1351 τὰ
1565 1324 1727 1359 ὑποδήματα
1749 1324 1852 1359 βαστά-

1063 1379 1123 1396 σαι·
1145 1371 1247 1402 ἐκεῖνος
1264 1371 1335 1406 ὑμᾶς
1355 1370 1480 1408 βαπτίσει
1503 1372 1532 1396 ἐν
1556 1370 1694 1406 "vetitum
1715 1371 1787 1406 ἁγίῳ
1806 1371 1853 1397 καὶ

1062 1416 1138 1452 πυρί.
1161 1425 1170 1442 ι

1096 1463 1128 1488 Λ.
1138 1460 1200 1497 'Ap‘
1215 1459 1271 1494 οὖν,
1281 1459 1303 1488 ὦ
1316 1462 1416 1498 ἑταῖρε,
1426 1464 1473 1495 τῆς
1489 1462 1548 1489 καθ’
1560 1463 1632 1497 ἡμᾶς
1642 1462 1853 1498 ἁνθρωπότητος

1061 1507 1140 1542 ἔργον
1161 1505 1230 1532 εἶναι
1250 1506 1356 1541 φῶμεν,
1374 1507 1404 1532 τὸ
1421 1507 1450 1532 ὲν
1470 1506 1609 1541 Πνεύματι
1623 1507 1695 1542 ἁγίῳ
1710 1507 1853 1542 βαπτίζειν

1063 1553 1192 1580 δύνασθαι
1208 1553 1254 1579 καὶ
1278 1552 1360 1587 πυρί;

1098 1599 1128 1625 Β.
1149 1599 1204 1625 Καὶ
1220 1598 1276 1630 πῶς
1291 1597 1324 1624 ἂν
1342 1598 1385 1633 εἴη
1405 1598 1482 1624 τοῦτό
1499 1607 1549 1633 γες

1097 1646 1130 1672 Δ.
1151 1645 1206 1672 Καὶ
1220 1645 1272 1680 μὴν
1285 1645 1368 1680 ἄνδρα
1383 1645 1478 1679 λέγων,
1499 1645 1544 1672 τὸν
1559 1646 1621 1672 ὅσον
1649 1645 1757 1672 οὐδέπω
1786 1654 1854 1680 παρ-

1063 1691 1189 1727 εσόμενόν
1210 1692 1297 1718 τεκαὶ
1319 1691 1514 1727 ὀφθησόμενον,
1530 1692 1611 1718 αὑτὸν
1634 1692 1686 1727 ἔφη
1711 1692 1852 1726 βαπτίζειν

1062 1739 1090 1764 ὲν
1117 1738 1183 1773 πυρὶ
1209 1738 1256 1765 καὶ
1276 1737 1346 1773 ἁγίῳ
1370 1738 1518 1773 Πνεύματι,
1543 1737 1604 1764 οὔτε
1627 1738 1770 1774 ἀλλότριον
1793 1740 1852 1769 τοῖς

1061 1784 1271 1818 βαπτιζομένοις
1301 1785 1406 1811 ἐνιέντιι
1434 1784 1546 1820 Πνεῦμα
1572 1784 1766 1820 δουλοπρεπῶς
1803 1785 1853 1811 καὶ

1062 1829 1246 1865 ὑπουργικῶς,
1262 1830 1318 1857 ἀλλ’
1333 1830 1369 1862 ὡς
1389 1830 1454 1857 Θεὸν
1470 1830 1539 1857 κατὰ
1555 1830 1635 1864 φύσιν
1653 1831 1712 1865 μετ’
1726 1831 1852 1864 ἐξουσέας

1061 1875 1110 1909 τῆς
1124 1876 1263 1908 ἀνωτάτω,
1280 1876 1309 1902 τὸ
1327 1876 1355 1909 ἐξ
1375 1876 1456 1903 αὐτοῦ
1473 1885 1501 1903 τε
1523 1877 1568 1903 καὶ
1584 1877 1648 1903 ἴδιον
1664 1876 1759 1908 αὑτοῦ,
1773 1877 1806 1903 δι’
1821 1875 1852 1904 οὗ

1061 1921 1108 1947 καὶ
1126 1922 1140 1947 ὁ
1157 1921 1228 1952 θεῖος
1248 1922 1313 1957 ἡμῖν
1334 1923 1526 1957 ἐνσημαίνεται
1541 1923 1694 1958 χαρακτήρ.
1719 1923 1851 1957 ’Δναμορ-

1062 1966 1185 2002 φούμεθα
1201 1967 1254 2003 γὰρ
1272 1967 1309 1999 ὡς
1331 1968 1370 2000 εἰς
1387 1969 1478 1995 εἰκόνα
1500 1968 1548 2004 τὴν
1568 1968 1653 2001 θείαν,
1674 1970 1714 2000 είς
1733 1969 1850 2004 Χριστὸν

1068 2013 1181 2048 Ἰησοῦν,
1193 2014 1223 2040 οὐ
1237 2014 1392 2048 σωματικὸν
1413 2015 1594 2050 ὑπομένοντες
1615 2015 1660 2041 τὸν
1670 2015 1850 2050 ἀναπλασμὺν

1063 2058 1171 2094 (κομιδῇ
1185 2059 1239 2094 γὰρ
1251 2059 1348 2095 εὓηθες
1366 2059 1468 2086 οἴεσθαι
1487 2060 1638 2095 τουτὶ),διὰ
1654 2061 1682 2087 δὲ
1698 2061 1746 2088 τοῦ
1766 2070 1849 2096 μετα-

1061 2104 1153 2140 λαχεῖν
1165 2105 1243 2139 ἁγίου
1257 2106 1424 2141 Ιινεύματος,
1440 2107 1520 2133 αὑτὸν
1536 2107 1564 2133 ὲν
1579 2107 1685 2138 ἑαυτοῖς
1701 2107 1849 2134 πλουτοῦν-

1060 2160 1105 2182 τες
1133 2152 1266 2187 Χριστὸν,
1294 2152 1331 2184 ὡς
1359 2152 1410 2187 ήδη
1440 2153 1583 2188 χαίροντας
1612 2154 1700 2179 ἐκεῖνο
1733 2155 1847 2189 φωνεῖν·

1063 2208 1072 2224 t
1102 2198 1287 2232 ’Ᾱγαλλιάσοω
1307 2198 1324 2233 ἡ
1338 2197 1410 2232 ψυχή
1432 2207 1481 2233 μου
1497 2199 1542 2224 ἐπὶ
1557 2198 1595 2233 τῷ
1618 2198 1723 2234 Κυρίῳ·
1742 2199 1848 2226 ἐνέδυσε

223 2244 287 2278 quia
307 2243 394 2270 induit
414 2249 457 2268 me
481 2240 652 2268 vestimentis
674 2241 779 2273 salutis,
803 2247 831 2269 et
851 2242 1008 2269 indumento

1065 2245 1116 2280 γάρ
1131 2253 1164 2280 με
1182 2245 1289 2280 ἱμάτιον
1303 2245 1448 2279 σωτηρίου,
1465 2245 1511 2271 καὶ
1526 2244 1626 2281 χιτῶνα
1639 2245 1819 2281 εὐερροτᾶνης.
1837 2255 1844 2270 ι

220 2287 332 2322 justitia:
345 2286 524 2314 circumdedit
539 2293 582 2312 me
595 2285 614 2312 ί.
633 2294 642 2311 ι
656 2285 792 2320 Quotquot
807 2287 877 2314 enim
892 2287 917 2314 iu
929 2287 1006 2314 Chri-

223 2339 294 2362 stum
309 2331 437 2367 baptizati
451 2331 529 2364 estis,
544 2330 681 2358 Christum
696 2332 820 2360 induistis
837 2333 857 2359 '.

258 2380 289 2406 Β.
304 2379 331 2406 1η
349 2378 484 2406 hominem
499 2385 562 2413 ergo
585 2378 714 2412 haptizati
727 2386 836 2411 sumus,
857 2380 937 2414 idque
962 2387 1006 2407 te-

223 2434 280 2454 rum
299 2432 360 2452 esse
374 2423 516 2452 dicemus?

256 2472 290 2500 A.
307 2470 380 2497 Bona
408 2470 508 2504 verba,
541 2471 637 2499 amice.
662 2471 731 2504 Quid
753 2471 832 2506 agis?
862 2471 1006 2499 Transfers

222 2518 294 2545 enim
310 2521 428 2545 nostram
450 2524 524 2552 spem
539 2517 565 2544 in
588 2522 698 2545 terram.
719 2516 853 2552 Baptizati
874 2517 1006 2552 siquidem

222 2570 325 2596 sumus,
342 2563 437 2591 nonin
456 2563 592 2591 hominem
616 2562 785 2597 simpliciter,
806 2564 853 2590 sed
873 2563 899 2590 in
923 2564 1006 2591 Deum

224 2610 410 2640 incarnatum.
440 2613 468 2636 et
489 2610 671 2636 remittentem
699 2616 805 2643 poenam
835 2615 1006 2644 veteremque

222 2653 327 2687 culpam
342 2653 375 2680 iis
390 2654 435 2688 qui
456 2654 481 2681 in
497 2653 584 2688 ipsunt
601 2653 783 2680 crediderunt.
802 2653 880 2682 Unde
895 2659 922 2681 et
938 2655 1006 2681 divi-

223 2706 272 2726 nus
285 2698 330 2725 ille
345 2698 440 2729 Petrus
453 2698 561 2725 Iudaeos
575 2698 715 2733 alloquens
730 2698 818 2737 dixit;
838 2708 847 2724 ι
867 2699 1005 2726 Ρωιιὶιυη-

222 2744 288 2772 tiam
310 2744 392 2779 agite,
412 2748 441 2771 et
459 2743 610 2778 baptizctur
626 2744 812 2779 unusquisque
831 2749 950 2771 vestrum
978 2745 1003 2771 in

222 2791 330 2818 nomine
350 2789 412 2818 Jesu
435 2790 535 2818 Christi
564 2791 591 2818 in
617 2791 803 2818 remissionem
832 2796 1003 2826 peccatorum

257 2879 279 2897 ’⁷
293 2879 387 2908 Matth.
406 2888 470 2912 λιιι.

557 2883 578 2898 ~“
592 2881 600 2908 l
615 2881 690 2910 Joan.
710 2891 735 2914 ν,
754 2882 778 2915 9,
801 2883 840 2909 10.
879 2883 901 2898 ’⁷
913 2881 1006 2910 Matth.
1026 2890 1066 2912 ιιι.
1086 2883 1124 2910 ll.

1063 2291 1139 2317 Ὂσοι
1163 2290 1216 2325 γὰρ
1241 2290 1280 2320 ei;
1304 2290 1420 2324 Χριστὸν
1454 2290 1645 2325 ἐϐαπτίσθητε,
1670 2291 1789 2325 Χριστὸν
1812 2292 1848 2317 ἐν·

1061 2337 1203 2369 εδύσισθε,
1227 2336 1318 2371 φησίν.

1095 2383 1126 2410 Β.
1147 2381 1209 2418 Ἆρ’
1237 2380 1283 2408 οὗν
1313 2383 1351 2413 εἰς
1379 2381 1522 2416 ἄνθρωπον
1550 2381 1775 2417 βεσαπτίσμεθα,
1803 2382 1846 2408 καὶ

1060 2428 1137 2455 τοῦτο
1153 2425 1222 2454 εἶναι
1235 2429 1356 2462 φήσομεν
1375 2427 1491 2462 ἀληθές;

1094 2475 1125 2500 Δ.
1147 2473 1282 2507 Eia-mm,
1301 2472 1436 2507 ἄνθρωπε.
1457 2472 1489 2498 Τί
1506 2471 1581 2507 δρᾷς,
1595 2468 1617 2498 ὦ
1639 2469 1733 2505 οὗτος
1759 2473 1845 2499 Κατα-

1059 2517 1182 2552 κομίζεις
1203 2517 1280 2552 ἡμῶν
1307 2517 1346 2548 εἰς
1369 2518 1418 2552 γῆν
1442 2517 1490 2552 τὴν
1512 2516 1616 2543 ἐλπίδα.
1637 2515 1845 2550 Βεόαπτίσμεθσ

1059 2564 1114 2600 γὰρ
1129 2564 1178 2590 οὐκ
1189 2565 1228 2595 εἰς
1243 2563 1385 2599 ἄνθρωπον
1399 2562 1502 2595 ἁπλῶς,
1515 2563 1571 2589 ἀλλ’
1583 2564 1623 2593 εἰς
1637 2562 1704 2588 Θεὸν
1717 2562 1845 2597 ἐνηνθρω·

1058 2608 1175 2643 πηκότα,
1192 2608 1238 2634 καὶ
1252 2608 1362 2634 ἀνιέντα
1377 2608 1471 2642 ποινῆς
1492 2608 1539 2634 καὶ
1559 2607 1613 2634 τῶν
1628 2607 1751 2642 ἀρχαίων
1763 2607 1844 2634 αἰτια-

1060 2654 1152 2689 μάτων
1181 2654 1244 2685 τοὺς
1264 2654 1313 2689 τὴν
1333 2655 1374 2685 εἰς
1396 2654 1476 2680 αὐτὸν
1497 2653 1588 2680 πίστιν
1612 2653 1842 2688 εἰσδεὸεγμένους.

1057 2700 1112 2725 Καὶ
1134 2699 1198 2734 γοῦν
1223 2700 1236 2725 6
1256 2699 1397 2730 θεσπέσιος
1416 2699 1516 2734 Πέτρος
1537 2698 1674 2730 Ἰουδαίοις
1697 2698 1750 2734 ἔφη
1770 2706 1843 2734 προσι

1057 2747 1144 2774 λαλῶν
1156 2756 1162 2762 ”
1181 2757 1190 2773 ι
1208 2748 1399 2782 Μετανοήσατε
1413 2744 1469 2778 οὖν,
1486 2747 1531 2773 καὶ
1545 2746 1721 2781 βαπτισθήτω
1732 2744 1842 2776 ἕκαστος

1057 2793 1135 2828 ὑμῶν
1156 2793 1201 2819 ἐπὶ
1223 2793 1262 2828 τῷ
1280 2793 1392 2827 ὀνόματι
1414 2792 1498 2828 Ἰησοῦ
1522 2791 1651 2826 Χριστοῦ,
1677 2791 1718 2822 εἰς
1750 2790 1841 2824 ἄξεσιν

1166 2882 1235 2910 'lsa.
1250 2890 1304 2915 ut,
1327 2882 1368 2910 l0.
1408 2883 1416 2898 ’
1428 2881 1514 2909 Gniat.
1534 2881 1630 2914 "1,27.
