  <div class='ocr_page' id='page_1' title='image "/cluster/home/n/w/nwhite01/storage/ocr_20150623/75/njp.32101077772786/720.png"; bbox 0 0 1927 3036; ppageno 0'>
   <div class='ocr_carea' id='block_1_1' title="bbox 112 162 177 188">
    <p class='ocr_par' dir='ltr' id='par_1_1' title="bbox 112 162 177 188">
     <span class='ocr_line' id='line_1_1' title="bbox 112 162 177 188; baseline -0.015 0"><span class='ocrx_word' id='word_1_1' title='bbox 112 162 177 188; x_wconf 76' lang='lat' dir='ltr'><strong>tan</strong></span> 
     </span>
    </p>
   </div>
   <div class='ocr_carea' id='block_1_2' title="bbox 653 156 1174 190">
    <p class='ocr_par' dir='ltr' id='par_1_2' title="bbox 653 156 1174 190">
     <span class='ocr_line' id='line_1_2' title="bbox 653 156 1174 190; baseline 0.002 -6"><span class='ocrx_word' id='word_1_2' title='bbox 653 159 697 187; x_wconf 74' lang='lat' dir='ltr'><strong>DE</strong></span> <span class='ocrx_word' id='word_1_3' title='bbox 716 156 793 186; x_wconf 74' lang='lat' dir='ltr'><strong>INCA</strong></span> <span class='ocrx_word' id='word_1_4' title='bbox 799 156 967 184; x_wconf 66' lang='lat' dir='ltr'><strong>lttVATIONE</strong></span> <span class='ocrx_word' id='word_1_5' title='bbox 993 159 1011 185; x_wconf 85' lang='lat' dir='ltr'>U</span> <span class='ocrx_word' id='word_1_6' title='bbox 1017 159 1069 185; x_wconf 70' lang='lat' dir='ltr'><em>NG</em></span> <span class='ocrx_word' id='word_1_7' title='bbox 1075 159 1174 190; x_wconf 62' lang='lat' dir='ltr'><strong>luM&#39;l&#39;t.</strong></span> 
     </span>
    </p>
   </div>
   <div class='ocr_carea' id='block_1_3' title="bbox 1662 163 1730 191">
    <p class='ocr_par' dir='ltr' id='par_1_3' title="bbox 1662 163 1730 191">
     <span class='ocr_line' id='line_1_3' title="bbox 1662 163 1730 191; baseline 0.015 -1"><span class='ocrx_word' id='word_1_8' title='bbox 1662 163 1730 191; x_wconf 63' lang='lat' dir='ltr'><strong>iis,</strong></span> 
     </span>
    </p>
   </div>
   <div class='ocr_carea' id='block_1_4' title="bbox 107 216 892 255">
    <p class='ocr_par' dir='ltr' id='par_1_4' title="bbox 107 216 892 255">
     <span class='ocr_line' id='line_1_4' title="bbox 107 216 892 255; baseline -0.003 -9"><span class='ocrx_word' id='word_1_9' title='bbox 107 221 165 247; x_wconf 79' lang='grc' dir='ltr'>τῶν</span> <span class='ocrx_word' id='word_1_10' title='bbox 187 219 328 255; x_wconf 80' lang='grc' dir='ltr'>ἁμαρτιῶν</span> <span class='ocrx_word' id='word_1_11' title='bbox 351 218 438 254; x_wconf 77' lang='grc' dir='ltr'>ὑμῶν,</span> <span class='ocrx_word' id='word_1_12' title='bbox 462 219 509 245; x_wconf 80' lang='grc' dir='ltr'>καὶ</span> <span class='ocrx_word' id='word_1_13' title='bbox 524 217 642 252; x_wconf 68' lang='grc' dir='ltr'>λήψεσθε</span> <span class='ocrx_word' id='word_1_14' title='bbox 663 217 712 252; x_wconf 80' lang='grc' dir='ltr'><strong>τὴν</strong></span> <span class='ocrx_word' id='word_1_15' title='bbox 726 216 829 252; x_wconf 60' lang='grc' dir='ltr'>δωρεῶν</span> <span class='ocrx_word' id='word_1_16' title='bbox 848 217 892 244; x_wconf 67' lang='grc' dir='ltr'><strong>τοῦ</strong></span> 
     </span>
    </p>
   </div>
   <div class='ocr_carea' id='block_1_5' title="bbox 950 216 1727 255">
    <p class='ocr_par' dir='ltr' id='par_1_5' title="bbox 950 217 1727 253">
     <span class='ocr_line' id='line_1_5' title="bbox 950 217 1727 253; baseline 0.004 -10"><span class='ocrx_word' id='word_1_17' title='bbox 950 221 1112 249; x_wconf 75' lang='lat' dir='ltr'><strong>vestrorum,</strong></span> <span class='ocrx_word' id='word_1_18' title='bbox 1133 222 1159 245; x_wconf 86' lang='lat' dir='ltr'><strong>et</strong></span> <span class='ocrx_word' id='word_1_19' title='bbox 1177 217 1316 252; x_wconf 69' lang='lat' dir='ltr'><strong>accipietis</strong></span> <span class='ocrx_word' id='word_1_20' title='bbox 1330 218 1429 245; x_wconf 84' lang='lat' dir='ltr'><strong>denum</strong></span> <span class='ocrx_word' id='word_1_21' title='bbox 1450 218 1567 253; x_wconf 81' lang='lat' dir='ltr'><strong>Spiritus</strong></span> <span class='ocrx_word' id='word_1_22' title='bbox 1580 220 1666 247; x_wconf 86' lang='lat' dir='ltr'><strong>sancti</strong></span> <span class='ocrx_word' id='word_1_23' title='bbox 1680 221 1700 248; x_wconf 83' lang='grc'><em>⁸.</em></span> <span class='ocrx_word' id='word_1_24' title='bbox 1717 230 1727 246; x_wconf 80' lang='grc' dir='ltr'><strong>ι</strong></span> 
     </span>
    </p>
   </div>
   <div class='ocr_carea' id='block_1_6' title="bbox 108 262 895 300">
    <p class='ocr_par' dir='ltr' id='par_1_6' title="bbox 108 262 895 300">
     <span class='ocr_line' id='line_1_6' title="bbox 108 262 895 300; baseline -0.006 -7"><span class='ocrx_word' id='word_1_25' title='bbox 108 266 189 300; x_wconf 81' lang='grc' dir='ltr'><strong>ἁγίου</strong></span> <span class='ocrx_word' id='word_1_26' title='bbox 216 264 381 300; x_wconf 74' lang='grc' dir='ltr'>Πνιύματος.</span> <span class='ocrx_word' id='word_1_27' title='bbox 411 273 421 291; x_wconf 74' lang='grc' dir='ltr'><strong>ι</strong></span> <span class='ocrx_word' id='word_1_28' title='bbox 453 263 592 291; x_wconf 81' lang='grc' dir='ltr'>Ἀπολύων</span> <span class='ocrx_word' id='word_1_29' title='bbox 615 262 669 298; x_wconf 84' lang='grc' dir='ltr'><strong>γὰρ</strong></span> <span class='ocrx_word' id='word_1_30' title='bbox 693 262 829 298; x_wconf 70' lang='grc' dir='ltr'>ἁμαρτίας</span> <span class='ocrx_word' id='word_1_31' title='bbox 850 262 895 288; x_wconf 81' lang='grc' dir='ltr'><strong>τὸν</strong></span> 
     </span>
    </p>
   </div>
   <div class='ocr_carea' id='block_1_7' title="bbox 107 307 895 346">
    <p class='ocr_par' dir='ltr' id='par_1_7' title="bbox 107 307 895 346">
     <span class='ocr_line' id='line_1_7' title="bbox 107 307 895 346; baseline -0.006 -8"><span class='ocrx_word' id='word_1_32' title='bbox 107 311 185 346; x_wconf 75' lang='grc' dir='ltr'>αὐτῷ</span> <span class='ocrx_word' id='word_1_33' title='bbox 203 311 410 346; x_wconf 81' lang='grc' dir='ltr'>προσκείμενον,</span> <span class='ocrx_word' id='word_1_34' title='bbox 432 310 470 345; x_wconf 87' lang='grc' dir='ltr'>τῷ</span> <span class='ocrx_word' id='word_1_35' title='bbox 486 310 541 345; x_wconf 74' lang='grc' dir='ltr'><strong>ἰδίῳ</strong></span> <span class='ocrx_word' id='word_1_36' title='bbox 555 309 647 336; x_wconf 77' lang='grc' dir='ltr'>λοιπὸν</span> <span class='ocrx_word' id='word_1_37' title='bbox 662 308 802 344; x_wconf 84' lang='grc' dir='ltr'>καταχρίει</span> <span class='ocrx_word' id='word_1_38' title='bbox 814 307 895 334; x_wconf 71' lang='lat' dir='ltr'><strong>Ilvati-</strong></span> 
     </span>
    </p>
   </div>
   <div class='ocr_carea' id='block_1_8' title="bbox 109 353 894 392">
    <p class='ocr_par' dir='ltr' id='par_1_8' title="bbox 109 353 894 392">
     <span class='ocr_line' id='line_1_8' title="bbox 109 353 894 392; baseline -0.005 -8"><span class='ocrx_word' id='word_1_39' title='bbox 109 367 187 392; x_wconf 84' lang='grc' dir='ltr'>ματι,</span> <span class='ocrx_word' id='word_1_40' title='bbox 204 357 274 392; x_wconf 74' lang='grc' dir='ltr'>ὅπερ</span> <span class='ocrx_word' id='word_1_41' title='bbox 296 357 385 392; x_wconf 72' lang='grc' dir='ltr'>ἐνίησι</span> <span class='ocrx_word' id='word_1_42' title='bbox 408 357 457 392; x_wconf 76' lang='grc' dir='ltr'>μὲν</span> <span class='ocrx_word' id='word_1_43' title='bbox 478 356 569 388; x_wconf 77' lang='grc' dir='ltr'>αὐτὸς,</span> <span class='ocrx_word' id='word_1_44' title='bbox 590 355 627 387; x_wconf 82' lang='grc' dir='ltr'><strong>ὡς</strong></span> <span class='ocrx_word' id='word_1_45' title='bbox 651 355 682 382; x_wconf 78' lang='grc' dir='ltr'>ὲκ</span> <span class='ocrx_word' id='word_1_46' title='bbox 698 354 767 381; x_wconf 80' lang='grc' dir='ltr'>Θεοῦ</span> <span class='ocrx_word' id='word_1_47' title='bbox 790 353 894 389; x_wconf 73' lang='grc' dir='ltr'>Πατρδς</span> 
     </span>
    </p>
   </div>
   <div class='ocr_carea' id='block_1_9' title="bbox 108 400 894 438">
    <p class='ocr_par' dir='ltr' id='par_1_9' title="bbox 108 400 894 438">
     <span class='ocr_line' id='line_1_9' title="bbox 108 400 894 438; baseline -0.005 -9"><span class='ocrx_word' id='word_1_48' title='bbox 108 403 207 436; x_wconf 82' lang='grc' dir='ltr'><strong>Λόγος,</strong></span> <span class='ocrx_word' id='word_1_49' title='bbox 221 402 268 429; x_wconf 81' lang='grc' dir='ltr'>καὶ</span> <span class='ocrx_word' id='word_1_50' title='bbox 280 403 309 436; x_wconf 79' lang='grc' dir='ltr'>ἐξ</span> <span class='ocrx_word' id='word_1_51' title='bbox 324 403 391 434; x_wconf 83' lang='grc' dir='ltr'>ἰδίας</span> <span class='ocrx_word' id='word_1_52' title='bbox 406 403 471 438; x_wconf 83' lang='grc' dir='ltr'>ἡμῖν</span> <span class='ocrx_word' id='word_1_53' title='bbox 489 401 659 436; x_wconf 79' lang='grc' dir='ltr'>ἀναπηγάζει</span> <span class='ocrx_word' id='word_1_54' title='bbox 673 400 789 435; x_wconf 83' lang='grc' dir='ltr'>φύσεως·</span> <span class='ocrx_word' id='word_1_55' title='bbox 805 400 894 426; x_wconf 76' lang='grc' dir='ltr'>κοινὸν</span> 
     </span>
    </p>
   </div>
   <div class='ocr_carea' id='block_1_10' title="bbox 108 445 893 483">
    <p class='ocr_par' dir='ltr' id='par_1_10' title="bbox 108 445 893 483">
     <span class='ocr_line' id='line_1_10' title="bbox 108 445 893 483; baseline -0.004 -9"><span class='ocrx_word' id='word_1_56' title='bbox 108 448 140 474; x_wconf 76' lang='grc' dir='ltr'><strong>δὲ</strong></span> <span class='ocrx_word' id='word_1_57' title='bbox 158 448 252 483; x_wconf 82' lang='grc' dir='ltr'>ὥσπερ</span> <span class='ocrx_word' id='word_1_58' title='bbox 271 448 301 474; x_wconf 83' lang='grc' dir='ltr'>τὸ</span> <span class='ocrx_word' id='word_1_59' title='bbox 313 448 407 483; x_wconf 80' lang='grc' dir='ltr'>χρῆμα</span> <span class='ocrx_word' id='word_1_60' title='bbox 425 448 510 480; x_wconf 73' lang='grc' dir='ltr'>τιθεὶς</span> <span class='ocrx_word' id='word_1_61' title='bbox 533 449 566 483; x_wconf 83' lang='grc' dir='ltr'>τῇ</span> <span class='ocrx_word' id='word_1_62' title='bbox 588 447 656 482; x_wconf 73' lang='grc' dir='ltr'>μετὰ</span> <span class='ocrx_word' id='word_1_63' title='bbox 676 445 775 481; x_wconf 79' lang='grc' dir='ltr'>σαρκὸς</span> <span class='ocrx_word' id='word_1_64' title='bbox 791 447 893 472; x_wconf 82' lang='grc' dir='ltr'>οικονο-</span> 
     </span>
    </p>
   </div>
   <div class='ocr_carea' id='block_1_11' title="bbox 110 492 895 529">
    <p class='ocr_par' dir='ltr' id='par_1_11' title="bbox 110 492 895 529">
     <span class='ocr_line' id='line_1_11' title="bbox 110 492 895 529; baseline -0.001 -11"><span class='ocrx_word' id='word_1_65' title='bbox 110 493 163 528; x_wconf 80' lang='grc' dir='ltr'><strong>μίᾳ</strong></span> <span class='ocrx_word' id='word_1_66' title='bbox 183 493 227 520; x_wconf 84' lang='grc' dir='ltr'>διὰ</span> <span class='ocrx_word' id='word_1_67' title='bbox 241 494 290 529; x_wconf 82' lang='grc' dir='ltr'>τὴν</span> <span class='ocrx_word' id='word_1_68' title='bbox 313 493 419 524; x_wconf 67' lang='grc' dir='ltr'>ἕνωσιν,</span> <span class='ocrx_word' id='word_1_69' title='bbox 435 493 482 519; x_wconf 72' lang='grc' dir='ltr'>καὶ</span> <span class='ocrx_word' id='word_1_70' title='bbox 504 494 542 524; x_wconf 81' lang='grc' dir='ltr'>ὡς</span> <span class='ocrx_word' id='word_1_71' title='bbox 556 493 698 526; x_wconf 77' lang='grc' dir='ltr'>ἄνθρωπος</span> <span class='ocrx_word' id='word_1_72' title='bbox 718 492 823 518; x_wconf 79' lang='grc' dir='ltr'>ὲνέπνει</span> <span class='ocrx_word' id='word_1_73' title='bbox 846 500 895 517; x_wconf 90' lang='grc' dir='ltr'>σω-</span> 
     </span>
    </p>
   </div>
   <div class='ocr_carea' id='block_1_12' title="bbox 110 535 892 574">
    <p class='ocr_par' dir='ltr' id='par_1_12' title="bbox 110 535 892 574">
     <span class='ocr_line' id='line_1_12' title="bbox 110 535 892 574; baseline -0.004 -10"><span class='ocrx_word' id='word_1_74' title='bbox 110 538 243 573; x_wconf 80' lang='grc' dir='ltr'>ματικῶς.</span> <span class='ocrx_word' id='word_1_75' title='bbox 275 538 441 574; x_wconf 74' lang='grc' dir='ltr'>Ἐνεερύσησε</span> <span class='ocrx_word' id='word_1_76' title='bbox 453 538 508 574; x_wconf 84' lang='grc' dir='ltr'><strong>γὰρ</strong></span> <span class='ocrx_word' id='word_1_77' title='bbox 524 538 580 569; x_wconf 87' lang='grc' dir='ltr'>τοῖς</span> <span class='ocrx_word' id='word_1_78' title='bbox 604 537 779 569; x_wconf 77' lang='grc' dir='ltr'><strong>ἀποστόλοις,</strong></span> <span class='ocrx_word' id='word_1_79' title='bbox 798 535 892 562; x_wconf 84' lang='grc' dir='ltr'>εἰπών·</span> 
     </span>
    </p>
   </div>
   <div class='ocr_carea' id='block_1_13' title="bbox 109 582 894 619">
    <p class='ocr_par' dir='ltr' id='par_1_13' title="bbox 109 582 894 619">
     <span class='ocr_line' id='line_1_13' title="bbox 109 582 894 619; baseline -0.003 -10"><span class='ocrx_word' id='word_1_80' title='bbox 109 593 119 609; x_wconf 74' lang='grc' dir='ltr'><strong>ι</strong></span> <span class='ocrx_word' id='word_1_81' title='bbox 132 583 236 610; x_wconf 75' lang='grc' dir='ltr'>Λάϐετε</span> <span class='ocrx_word' id='word_1_82' title='bbox 253 584 365 619; x_wconf 79' lang='grc' dir='ltr'>Πνεῦμα</span> <span class='ocrx_word' id='word_1_83' title='bbox 378 584 455 618; x_wconf 85' lang='grc' dir='ltr'>ἃγιον</span> <span class='ocrx_word' id='word_1_84' title='bbox 465 593 472 599; x_wconf 89' lang='grc'>·</span> <span class='ocrx_word' id='word_1_85' title='bbox 491 593 500 610; x_wconf 74' lang='grc' dir='ltr'><strong>ι</strong></span> <span class='ocrx_word' id='word_1_86' title='bbox 517 584 564 610; x_wconf 77' lang='grc' dir='ltr'>καὶ</span> <span class='ocrx_word' id='word_1_87' title='bbox 575 583 624 610; x_wconf 74' lang='grc' dir='ltr'>οὐκ</span> <span class='ocrx_word' id='word_1_88' title='bbox 639 583 670 609; x_wconf 81' lang='grc' dir='ltr'>ἐκ</span> <span class='ocrx_word' id='word_1_89' title='bbox 689 582 788 617; x_wconf 76' lang='grc' dir='ltr'>μέτρου</span> <span class='ocrx_word' id='word_1_90' title='bbox 803 582 894 608; x_wconf 82' lang='grc' dir='ltr'>δίδωσι</span> 
     </span>
    </p>
   </div>
   <div class='ocr_carea' id='block_1_14' title="bbox 105 626 895 663">
    <p class='ocr_par' dir='ltr' id='par_1_14' title="bbox 105 626 895 663">
     <span class='ocr_line' id='line_1_14' title="bbox 105 626 895 663; baseline -0.001 -10"><span class='ocrx_word' id='word_1_91' title='bbox 105 628 139 654; x_wconf 73' lang='grc' dir='ltr'><strong>τὸ</strong></span> <span class='ocrx_word' id='word_1_92' title='bbox 160 628 282 663; x_wconf 75' lang='grc' dir='ltr'>Πνεῦμα,</span> <span class='ocrx_word' id='word_1_93' title='bbox 303 629 374 655; x_wconf 72' lang='grc' dir='ltr'>κατὰ</span> <span class='ocrx_word' id='word_1_94' title='bbox 393 629 443 663; x_wconf 77' lang='grc' dir='ltr'>τὴν</span> <span class='ocrx_word' id='word_1_95' title='bbox 467 629 589 655; x_wconf 73' lang='grc' dir='ltr'>Ἰωάννου</span> <span class='ocrx_word' id='word_1_96' title='bbox 611 628 713 662; x_wconf 75' lang='grc' dir='ltr'>φωνὴν,</span> <span class='ocrx_word' id='word_1_97' title='bbox 738 626 795 653; x_wconf 58' lang='lat' dir='ltr'><strong>am</strong></span> <span class='ocrx_word' id='word_1_98' title='bbox 815 626 895 658; x_wconf 77' lang='grc' dir='ltr'>αὐτὸς</span> 
     </span>
    </p>
   </div>
   <div class='ocr_carea' id='block_1_15' title="bbox 106 672 892 709">
    <p class='ocr_par' dir='ltr' id='par_1_15' title="bbox 106 672 892 709">
     <span class='ocr_line' id='line_1_15' title="bbox 106 672 892 709; baseline -0.001 -11"><span class='ocrx_word' id='word_1_99' title='bbox 106 674 211 709; x_wconf 78' lang='grc' dir='ltr'><strong>ἐνίησιν</strong></span> <span class='ocrx_word' id='word_1_100' title='bbox 233 673 263 706; x_wconf 78' lang='grc' dir='ltr'><strong>ἐξ</strong></span> <span class='ocrx_word' id='word_1_101' title='bbox 287 673 393 703; x_wconf 79' lang='grc' dir='ltr'>ἑαυτοῦ,</span> <span class='ocrx_word' id='word_1_102' title='bbox 417 673 542 708; x_wconf 76' lang='grc' dir='ltr'>καθάπερ</span> <span class='ocrx_word' id='word_1_103' title='bbox 566 672 664 708; x_wconf 82' lang='grc' dir='ltr'>ἀμέλει</span> <span class='ocrx_word' id='word_1_104' title='bbox 685 672 733 699; x_wconf 71' lang='grc' dir='ltr'>καὶ</span> <span class='ocrx_word' id='word_1_105' title='bbox 754 673 768 698; x_wconf 88' lang='grc' dir='ltr'><strong>ό</strong></span> <span class='ocrx_word' id='word_1_106' title='bbox 788 672 892 706; x_wconf 83' lang='grc' dir='ltr'>Πατήρ.</span> 
     </span>
    </p>
   </div>
   <div class='ocr_carea' id='block_1_16' title="bbox 106 717 894 754">
    <p class='ocr_par' dir='ltr' id='par_1_16' title="bbox 106 717 894 754">
     <span class='ocr_line' id='line_1_16' title="bbox 106 717 894 754; baseline -0.001 -10"><span class='ocrx_word' id='word_1_107' title='bbox 106 719 164 745; x_wconf 71' lang='grc' dir='ltr'><strong>Καὶ</strong></span> <span class='ocrx_word' id='word_1_108' title='bbox 178 718 243 753; x_wconf 80' lang='grc' dir='ltr'>γοῦν</span> <span class='ocrx_word' id='word_1_109' title='bbox 261 719 275 745; x_wconf 74' lang='grc' dir='ltr'><strong>ό</strong></span> <span class='ocrx_word' id='word_1_110' title='bbox 288 719 429 751; x_wconf 77' lang='grc' dir='ltr'>θεσπέσιος</span> <span class='ocrx_word' id='word_1_111' title='bbox 450 719 566 751; x_wconf 80' lang='grc' dir='ltr'><strong>Παῦλος,</strong></span> <span class='ocrx_word' id='word_1_112' title='bbox 580 719 734 753; x_wconf 78' lang='grc' dir='ltr'><strong>ἀποστήσας</strong></span> <span class='ocrx_word' id='word_1_113' title='bbox 751 718 800 754; x_wconf 80' lang='grc' dir='ltr'>τήν</span> <span class='ocrx_word' id='word_1_114' title='bbox 815 717 842 744; x_wconf 73' lang='grc' dir='ltr'>ἐν</span> <span class='ocrx_word' id='word_1_115' title='bbox 863 725 894 751; x_wconf 85' lang='grc' dir='ltr'><strong>γε</strong></span> 
     </span>
    </p>
   </div>
   <div class='ocr_carea' id='block_1_17' title="bbox 106 764 894 801">
    <p class='ocr_par' dir='ltr' id='par_1_17' title="bbox 106 764 894 801">
     <span class='ocr_line' id='line_1_17' title="bbox 106 764 894 801; baseline 0 -10"><span class='ocrx_word' id='word_1_116' title='bbox 106 764 195 800; x_wconf 84' lang='grc' dir='ltr'>τούτῳ</span> <span class='ocrx_word' id='word_1_117' title='bbox 208 765 350 801; x_wconf 70' lang='grc' dir='ltr'>διαφορὰν,</span> <span class='ocrx_word' id='word_1_118' title='bbox 366 766 430 792; x_wconf 79' lang='grc' dir='ltr'>ποτὲ</span> <span class='ocrx_word' id='word_1_119' title='bbox 449 766 498 800; x_wconf 81' lang='grc' dir='ltr'>μὲν</span> <span class='ocrx_word' id='word_1_120' title='bbox 516 765 589 800; x_wconf 78' lang='grc' dir='ltr'>αὑτῴ</span> <span class='ocrx_word' id='word_1_121' title='bbox 606 765 645 800; x_wconf 86' lang='grc' dir='ltr'>τῷ</span> <span class='ocrx_word' id='word_1_122' title='bbox 668 765 726 800; x_wconf 84' lang='grc' dir='ltr'><strong>Θεῷ</strong></span> <span class='ocrx_word' id='word_1_123' title='bbox 739 765 784 792; x_wconf 71' lang='grc' dir='ltr'><strong>καὶ</strong></span> <span class='ocrx_word' id='word_1_124' title='bbox 807 764 894 800; x_wconf 76' lang='grc' dir='ltr'>Πατρὶ</span> 
     </span>
    </p>
   </div>
   <div class='ocr_carea' id='block_1_18' title="bbox 107 811 893 848">
    <p class='ocr_par' dir='ltr' id='par_1_18' title="bbox 107 811 893 848">
     <span class='ocr_line' id='line_1_18' title="bbox 107 811 893 848; baseline 0 -10"><span class='ocrx_word' id='word_1_125' title='bbox 107 812 269 847; x_wconf 78' lang='grc' dir='ltr'>προσνέμων</span> <span class='ocrx_word' id='word_1_126' title='bbox 281 813 387 847; x_wconf 74' lang='grc' dir='ltr'>ὁρᾶται,</span> <span class='ocrx_word' id='word_1_127' title='bbox 404 813 468 839; x_wconf 78' lang='grc' dir='ltr'>ποτὲ</span> <span class='ocrx_word' id='word_1_128' title='bbox 484 812 512 839; x_wconf 83' lang='grc' dir='ltr'>δὲ</span> <span class='ocrx_word' id='word_1_129' title='bbox 535 811 570 839; x_wconf 80' lang='grc' dir='ltr'>αὖ</span> <span class='ocrx_word' id='word_1_130' title='bbox 590 812 628 847; x_wconf 81' lang='grc' dir='ltr'>τῷ</span> <span class='ocrx_word' id='word_1_131' title='bbox 641 812 708 848; x_wconf 82' lang='grc' dir='ltr'><strong>Υἱῷ.</strong></span> <span class='ocrx_word' id='word_1_132' title='bbox 726 812 827 847; x_wconf 77' lang='grc' dir='ltr'>Γράφει</span> <span class='ocrx_word' id='word_1_133' title='bbox 839 811 893 847; x_wconf 81' lang='grc' dir='ltr'><strong>γὰρ</strong></span> 
     </span>
    </p>
   </div>
   <div class='ocr_carea' id='block_1_19' title="bbox 105 854 894 894">
    <p class='ocr_par' dir='ltr' id='par_1_19' title="bbox 105 854 894 894">
     <span class='ocr_line' id='line_1_19' title="bbox 105 854 894 894; baseline -0.001 -9"><span class='ocrx_word' id='word_1_134' title='bbox 105 854 159 885; x_wconf 81' lang='grc' dir='ltr'>ὦδε</span> <span class='ocrx_word' id='word_1_135' title='bbox 171 866 178 873; x_wconf 93' lang='grc'><strong>·</strong></span> <span class='ocrx_word' id='word_1_136' title='bbox 196 867 205 883; x_wconf 81' lang='grc' dir='ltr'><strong>ι</strong></span> <span class='ocrx_word' id='word_1_137' title='bbox 230 858 326 894; x_wconf 79' lang='grc' dir='ltr'>Ὑμεῖς</span> <span class='ocrx_word' id='word_1_138' title='bbox 341 858 369 885; x_wconf 81' lang='grc' dir='ltr'><strong>δὲ</strong></span> <span class='ocrx_word' id='word_1_139' title='bbox 391 858 440 885; x_wconf 76' lang='grc' dir='ltr'>οὐκ</span> <span class='ocrx_word' id='word_1_140' title='bbox 459 859 521 885; x_wconf 84' lang='grc' dir='ltr'>ὲστὲ</span> <span class='ocrx_word' id='word_1_141' title='bbox 542 859 570 885; x_wconf 81' lang='grc' dir='ltr'>ὲν</span> <span class='ocrx_word' id='word_1_142' title='bbox 586 859 678 894; x_wconf 72' lang='grc' dir='ltr'>σαρκὶ,</span> <span class='ocrx_word' id='word_1_143' title='bbox 698 857 755 884; x_wconf 77' lang='grc' dir='ltr'>ἀλλ’</span> <span class='ocrx_word' id='word_1_144' title='bbox 770 859 798 884; x_wconf 76' lang='grc' dir='ltr'>ἐν</span> <span class='ocrx_word' id='word_1_145' title='bbox 813 857 894 884; x_wconf 81' lang='grc' dir='ltr'>πνεύ-</span> 
     </span>
    </p>
   </div>
   <div class='ocr_carea' id='block_1_20' title="bbox 947 262 1730 300">
    <p class='ocr_par' dir='ltr' id='par_1_20' title="bbox 947 262 1730 300">
     <span class='ocr_line' id='line_1_20' title="bbox 947 262 1730 300; baseline 0.004 -11"><span class='ocrx_word' id='word_1_146' title='bbox 947 262 1102 291; x_wconf 74' lang='lat' dir='ltr'><strong>Dissolvens</strong></span> <span class='ocrx_word' id='word_1_147' title='bbox 1132 264 1205 291; x_wconf 92' lang='lat' dir='ltr'><strong>enim</strong></span> <span class='ocrx_word' id='word_1_148' title='bbox 1230 269 1341 298; x_wconf 79' lang='lat' dir='ltr'><strong>peccata</strong></span> <span class='ocrx_word' id='word_1_149' title='bbox 1369 264 1430 300; x_wconf 80' lang='lat' dir='ltr'><strong>ejus</strong></span> <span class='ocrx_word' id='word_1_150' title='bbox 1451 265 1497 300; x_wconf 88' lang='lat' dir='ltr'><strong>qui</strong></span> <span class='ocrx_word' id='word_1_151' title='bbox 1525 265 1574 299; x_wconf 81' lang='lat' dir='ltr'><strong>ipsi</strong></span> <span class='ocrx_word' id='word_1_152' title='bbox 1600 265 1730 299; x_wconf 73' lang='lat' dir='ltr'><strong>adlmret,</strong></span> 
     </span>
    </p>
   </div>
   <div class='ocr_carea' id='block_1_21' title="bbox 946 309 1730 345">
    <p class='ocr_par' dir='ltr' id='par_1_21' title="bbox 946 309 1730 345">
     <span class='ocr_line' id='line_1_21' title="bbox 946 309 1730 345; baseline 0.004 -10"><span class='ocrx_word' id='word_1_153' title='bbox 946 309 1056 344; x_wconf 84' lang='lat' dir='ltr'><strong>proprio</strong></span> <span class='ocrx_word' id='word_1_154' title='bbox 1069 316 1118 337; x_wconf 84' lang='lat' dir='ltr'><strong>suo</strong></span> <span class='ocrx_word' id='word_1_155' title='bbox 1134 310 1235 344; x_wconf 91' lang='lat' dir='ltr'><strong>Spirittt</strong></span> <span class='ocrx_word' id='word_1_156' title='bbox 1249 309 1366 345; x_wconf 74' lang='lat' dir='ltr'><strong>iniungit,</strong></span> <span class='ocrx_word' id='word_1_157' title='bbox 1381 318 1460 345; x_wconf 82' lang='lat' dir='ltr'><strong>quem</strong></span> <span class='ocrx_word' id='word_1_158' title='bbox 1484 311 1591 345; x_wconf 77' lang='lat' dir='ltr'><strong>quidem</strong></span> <span class='ocrx_word' id='word_1_159' title='bbox 1611 311 1730 338; x_wconf 85' lang='lat' dir='ltr'><strong>immittit</strong></span> 
     </span>
    </p>
   </div>
   <div class='ocr_carea' id='block_1_22' title="bbox 948 354 1734 390">
    <p class='ocr_par' dir='ltr' id='par_1_22' title="bbox 948 354 1734 390">
     <span class='ocr_line' id='line_1_22' title="bbox 948 354 1734 390; baseline 0.001 -9"><span class='ocrx_word' id='word_1_160' title='bbox 948 354 1014 388; x_wconf 86' lang='lat' dir='ltr'><strong>ipse,</strong></span> <span class='ocrx_word' id='word_1_161' title='bbox 1032 359 1060 381; x_wconf 92' lang='lat' dir='ltr'><strong>ut</strong></span> <span class='ocrx_word' id='word_1_162' title='bbox 1073 354 1190 382; x_wconf 87' lang='lat' dir='ltr'><strong>Verbum</strong></span> <span class='ocrx_word' id='word_1_163' title='bbox 1208 361 1240 382; x_wconf 86' lang='lat' dir='ltr'><strong>ex</strong></span> <span class='ocrx_word' id='word_1_164' title='bbox 1262 354 1318 382; x_wconf 88' lang='lat' dir='ltr'><strong>Deo</strong></span> <span class='ocrx_word' id='word_1_165' title='bbox 1341 355 1431 387; x_wconf 86' lang='lat' dir='ltr'><strong>Patre,</strong></span> <span class='ocrx_word' id='word_1_166' title='bbox 1456 360 1483 383; x_wconf 89' lang='lat' dir='ltr'><strong>et</strong></span> <span class='ocrx_word' id='word_1_167' title='bbox 1503 363 1536 383; x_wconf 78' lang='lat' dir='ltr'><strong>ex</strong></span> <span class='ocrx_word' id='word_1_168' title='bbox 1561 355 1667 390; x_wconf 84' lang='lat' dir='ltr'><strong>propria</strong></span> <span class='ocrx_word' id='word_1_169' title='bbox 1682 363 1734 382; x_wconf 78' lang='lat' dir='ltr'><strong>sua.</strong></span> 
     </span>
    </p>
   </div>
   <div class='ocr_carea' id='block_1_23' title="bbox 949 401 1732 435">
    <p class='ocr_par' dir='ltr' id='par_1_23' title="bbox 949 401 1732 435">
     <span class='ocr_line' id='line_1_23' title="bbox 949 401 1732 435; baseline 0.003 -9"><span class='ocrx_word' id='word_1_170' title='bbox 949 406 1043 427; x_wconf 86' lang='lat' dir='ltr'><strong>natura</strong></span> <span class='ocrx_word' id='word_1_171' title='bbox 1067 401 1092 428; x_wconf 91' lang='lat' dir='ltr'><strong>in</strong></span> <span class='ocrx_word' id='word_1_172' title='bbox 1114 408 1162 429; x_wconf 86' lang='lat' dir='ltr'><strong>nos</strong></span> <span class='ocrx_word' id='word_1_173' title='bbox 1179 401 1352 430; x_wconf 69' lang='lat' dir='ltr'><strong>transiundit.</strong></span> <span class='ocrx_word' id='word_1_174' title='bbox 1369 401 1546 429; x_wconf 85' lang='lat' dir='ltr'><strong>Communem</strong></span> <span class='ocrx_word' id='word_1_175' title='bbox 1574 409 1638 428; x_wconf 75' lang='lat' dir='ltr'><strong>vero</strong></span> <span class='ocrx_word' id='word_1_176' title='bbox 1664 409 1732 435; x_wconf 85' lang='lat' dir='ltr'><strong>quo-</strong></span> 
     </span>
    </p>
   </div>
   <div class='ocr_carea' id='block_1_24' title="bbox 947 443 1730 473">
    <p class='ocr_par' dir='ltr' id='par_1_24' title="bbox 947 443 1730 473">
     <span class='ocr_line' id='line_1_24' title="bbox 947 443 1730 473; baseline 0.004 -3"><span class='ocrx_word' id='word_1_177' title='bbox 947 443 1090 471; x_wconf 77' lang='lat' dir='ltr'><strong>dummodo</strong></span> <span class='ocrx_word' id='word_1_178' title='bbox 1101 445 1170 472; x_wconf 85' lang='lat' dir='ltr'><strong>hanc</strong></span> <span class='ocrx_word' id='word_1_179' title='bbox 1186 453 1242 472; x_wconf 90' lang='lat' dir='ltr'><strong>rem</strong></span> <span class='ocrx_word' id='word_1_180' title='bbox 1259 445 1360 473; x_wconf 79' lang='lat' dir='ltr'><strong>faciens</strong></span> <span class='ocrx_word' id='word_1_181' title='bbox 1373 454 1434 473; x_wconf 85' lang='lat' dir='ltr'><strong>cum</strong></span> <span class='ocrx_word' id='word_1_182' title='bbox 1452 446 1687 473; x_wconf 68' lang='lat' dir='ltr'><strong>administratione</strong></span> <span class='ocrx_word' id='word_1_183' title='bbox 1703 447 1730 473; x_wconf 89' lang='lat' dir='ltr'><strong>in</strong></span> 
     </span>
    </p>
   </div>
   <div class='ocr_carea' id='block_1_25' title="bbox 946 490 1731 526">
    <p class='ocr_par' dir='ltr' id='par_1_25' title="bbox 946 490 1731 526">
     <span class='ocr_line' id='line_1_25' title="bbox 946 490 1731 526; baseline 0.003 -10"><span class='ocrx_word' id='word_1_184' title='bbox 946 496 1028 516; x_wconf 83' lang='lat' dir='ltr'><strong>carne</strong></span> <span class='ocrx_word' id='word_1_185' title='bbox 1047 494 1156 524; x_wconf 85' lang='lat' dir='ltr'><strong>propter</strong></span> <span class='ocrx_word' id='word_1_186' title='bbox 1171 490 1315 523; x_wconf 83' lang='lat' dir='ltr'><strong>unitatem,</strong></span> <span class='ocrx_word' id='word_1_187' title='bbox 1331 491 1413 518; x_wconf 84' lang='lat' dir='ltr'><strong>etiam</strong></span> <span class='ocrx_word' id='word_1_188' title='bbox 1430 495 1459 518; x_wconf 90' lang='lat' dir='ltr'><strong>ut</strong></span> <span class='ocrx_word' id='word_1_189' title='bbox 1481 491 1562 518; x_wconf 89' lang='lat' dir='ltr'><strong>homo</strong></span> <span class='ocrx_word' id='word_1_190' title='bbox 1587 491 1731 526; x_wconf 81' lang='lat' dir='ltr'><strong>inspiravit</strong></span> 
     </span>
    </p>
   </div>
   <div class='ocr_carea' id='block_1_26' title="bbox 946 535 1728 572">
    <p class='ocr_par' dir='ltr' id='par_1_26' title="bbox 946 535 1728 572">
     <span class='ocr_line' id='line_1_26' title="bbox 946 535 1728 572; baseline 0.001 -10"><span class='ocrx_word' id='word_1_191' title='bbox 946 535 1130 569; x_wconf 81' lang='lat' dir='ltr'><strong>corporaliter.</strong></span> <span class='ocrx_word' id='word_1_192' title='bbox 1156 536 1296 570; x_wconf 89' lang='lat' dir='ltr'><strong>inspiravit</strong></span> <span class='ocrx_word' id='word_1_193' title='bbox 1335 537 1407 564; x_wconf 87' lang='lat' dir='ltr'><strong>enittt</strong></span> <span class='ocrx_word' id='word_1_194' title='bbox 1440 536 1591 572; x_wconf 89' lang='lat' dir='ltr'><strong>apostolis,</strong></span> <span class='ocrx_word' id='word_1_195' title='bbox 1620 537 1728 563; x_wconf 76' lang='lat' dir='ltr'><strong>dicens-</strong></span> 
     </span>
    </p>
   </div>
   <div class='ocr_carea' id='block_1_27' title="bbox 949 581 1731 617">
    <p class='ocr_par' dir='ltr' id='par_1_27' title="bbox 949 581 1731 617">
     <span class='ocr_line' id='line_1_27' title="bbox 949 581 1731 617; baseline 0.004 -11"><span class='ocrx_word' id='word_1_196' title='bbox 949 590 958 606; x_wconf 79' lang='grc' dir='ltr'><strong>ι</strong></span> <span class='ocrx_word' id='word_1_197' title='bbox 985 581 1106 616; x_wconf 82' lang='lat' dir='ltr'><strong>Accipite</strong></span> <span class='ocrx_word' id='word_1_198' title='bbox 1127 581 1258 616; x_wconf 82' lang='lat' dir='ltr'><strong>Spiritum</strong></span> <span class='ocrx_word' id='word_1_199' title='bbox 1281 583 1444 609; x_wconf 81' lang='lat' dir='ltr'><strong>sanctum&quot;.</strong></span> <span class='ocrx_word' id='word_1_200' title='bbox 1466 593 1474 609; x_wconf 80' lang='grc' dir='ltr'><strong>ι</strong></span> <span class='ocrx_word' id='word_1_201' title='bbox 1492 581 1584 617; x_wconf 84' lang='lat' dir='ltr'><strong>Neque</strong></span> <span class='ocrx_word' id='word_1_202' title='bbox 1603 590 1636 610; x_wconf 84' lang='lat' dir='ltr'><strong>ex</strong></span> <span class='ocrx_word' id='word_1_203' title='bbox 1657 590 1731 609; x_wconf 80' lang='lat' dir='ltr'><strong>mcu-</strong></span> 
     </span>
    </p>
   </div>
   <div class='ocr_carea' id='block_1_28' title="bbox 947 627 1729 663">
    <p class='ocr_par' dir='ltr' id='par_1_28' title="bbox 947 627 1729 663">
     <span class='ocr_line' id='line_1_28' title="bbox 947 627 1729 663; baseline 0.003 -10"><span class='ocrx_word' id='word_1_204' title='bbox 947 635 1008 654; x_wconf 87' lang='lat' dir='ltr'><strong>sura</strong></span> <span class='ocrx_word' id='word_1_205' title='bbox 1023 627 1069 654; x_wconf 82' lang='lat' dir='ltr'><strong>dat</strong></span> <span class='ocrx_word' id='word_1_206' title='bbox 1084 628 1227 662; x_wconf 86' lang='lat' dir='ltr'><strong>Spiritum,</strong></span> <span class='ocrx_word' id='word_1_207' title='bbox 1245 634 1273 655; x_wconf 90' lang='lat' dir='ltr'><strong>ut</strong></span> <span class='ocrx_word' id='word_1_208' title='bbox 1292 629 1379 663; x_wconf 85' lang='lat' dir='ltr'><strong>inquit</strong></span> <span class='ocrx_word' id='word_1_209' title='bbox 1392 629 1520 661; x_wconf 83' lang='lat' dir='ltr'><strong>Joannes,</strong></span> <span class='ocrx_word' id='word_1_210' title='bbox 1537 629 1582 656; x_wconf 87' lang='lat' dir='ltr'><strong>sed</strong></span> <span class='ocrx_word' id='word_1_211' title='bbox 1599 629 1655 662; x_wconf 88' lang='lat' dir='ltr'><strong>ipse</strong></span> <span class='ocrx_word' id='word_1_212' title='bbox 1669 636 1729 655; x_wconf 85' lang='lat' dir='ltr'><strong>eum</strong></span> 
     </span>
    </p>
   </div>
   <div class='ocr_carea' id='block_1_29' title="bbox 947 674 1731 709">
    <p class='ocr_par' dir='ltr' id='par_1_29' title="bbox 947 674 1731 709">
     <span class='ocr_line' id='line_1_29' title="bbox 947 674 1731 709; baseline 0.004 -9"><span class='ocrx_word' id='word_1_213' title='bbox 947 674 1068 702; x_wconf 84' lang='lat' dir='ltr'><strong>immittit</strong></span> <span class='ocrx_word' id='word_1_214' title='bbox 1081 682 1115 701; x_wconf 76' lang='lat' dir='ltr'><strong>ex</strong></span> <span class='ocrx_word' id='word_1_215' title='bbox 1131 676 1232 709; x_wconf 86' lang='lat' dir='ltr'><strong>seipso,</strong></span> <span class='ocrx_word' id='word_1_216' title='bbox 1250 675 1318 702; x_wconf 87' lang='lat' dir='ltr'><strong>sicut</strong></span> <span class='ocrx_word' id='word_1_217' title='bbox 1335 680 1363 702; x_wconf 88' lang='lat' dir='ltr'><strong>et</strong></span> <span class='ocrx_word' id='word_1_218' title='bbox 1382 675 1472 702; x_wconf 88' lang='lat' dir='ltr'><strong>Pater.</strong></span> <span class='ocrx_word' id='word_1_219' title='bbox 1493 676 1596 703; x_wconf 91' lang='lat' dir='ltr'><strong>Idcirco</strong></span> <span class='ocrx_word' id='word_1_220' title='bbox 1611 681 1637 702; x_wconf 92' lang='lat' dir='ltr'><strong>et</strong></span> <span class='ocrx_word' id='word_1_221' title='bbox 1661 677 1731 703; x_wconf 87' lang='lat' dir='ltr'><strong>divi-</strong></span> 
     </span>
    </p>
   </div>
   <div class='ocr_carea' id='block_1_30' title="bbox 946 720 1729 755">
    <p class='ocr_par' dir='ltr' id='par_1_30' title="bbox 946 720 1729 755">
     <span class='ocr_line' id='line_1_30' title="bbox 946 720 1729 755; baseline 0 -7"><span class='ocrx_word' id='word_1_222' title='bbox 946 727 997 748; x_wconf 89' lang='lat' dir='ltr'><strong>nus</strong></span> <span class='ocrx_word' id='word_1_223' title='bbox 1024 720 1121 748; x_wconf 87' lang='lat' dir='ltr'><strong>Paulus</strong></span> <span class='ocrx_word' id='word_1_224' title='bbox 1143 721 1239 748; x_wconf 89' lang='lat' dir='ltr'><strong>tollens</strong></span> <span class='ocrx_word' id='word_1_225' title='bbox 1253 729 1360 748; x_wconf 80' lang='lat' dir='ltr'><strong>onmem</strong></span> <span class='ocrx_word' id='word_1_226' title='bbox 1384 721 1434 748; x_wconf 89' lang='lat' dir='ltr'><strong>hac</strong></span> <span class='ocrx_word' id='word_1_227' title='bbox 1451 721 1476 748; x_wconf 93' lang='lat' dir='ltr'><strong>in</strong></span> <span class='ocrx_word' id='word_1_228' title='bbox 1495 730 1523 748; x_wconf 85' lang='lat' dir='ltr'><strong>rc</strong></span> <span class='ocrx_word' id='word_1_229' title='bbox 1540 721 1729 755; x_wconf 77' lang='lat' dir='ltr'><strong>differentiam,</strong></span> 
     </span>
    </p>
   </div>
   <div class='ocr_carea' id='block_1_31' title="bbox 947 765 1731 801">
    <p class='ocr_par' dir='ltr' id='par_1_31' title="bbox 947 765 1731 801">
     <span class='ocr_line' id='line_1_31' title="bbox 947 765 1731 801; baseline 0.001 -9"><span class='ocrx_word' id='word_1_230' title='bbox 947 765 1080 793; x_wconf 88' lang='lat' dir='ltr'><strong>interdum</strong></span> <span class='ocrx_word' id='word_1_231' title='bbox 1093 766 1144 801; x_wconf 89' lang='lat' dir='ltr'><strong>ipsi</strong></span> <span class='ocrx_word' id='word_1_232' title='bbox 1160 767 1214 793; x_wconf 88' lang='lat' dir='ltr'><strong>Deo</strong></span> <span class='ocrx_word' id='word_1_233' title='bbox 1227 773 1258 793; x_wconf 90' lang='lat' dir='ltr'><strong>ac</strong></span> <span class='ocrx_word' id='word_1_234' title='bbox 1276 765 1349 793; x_wconf 82' lang='lat' dir='ltr'><strong>Patri</strong></span> <span class='ocrx_word' id='word_1_235' title='bbox 1365 766 1390 792; x_wconf 87' lang='lat' dir='ltr'><strong>id</strong></span> <span class='ocrx_word' id='word_1_236' title='bbox 1412 766 1530 793; x_wconf 91' lang='lat' dir='ltr'><strong>tribuere</strong></span> <span class='ocrx_word' id='word_1_237' title='bbox 1546 766 1675 798; x_wconf 84' lang='lat' dir='ltr'><strong>cernitur,</strong></span> <span class='ocrx_word' id='word_1_238' title='bbox 1690 766 1731 793; x_wconf 85' lang='lat' dir='ltr'><strong>in-</strong></span> 
     </span>
    </p>
   </div>
   <div class='ocr_carea' id='block_1_32' title="bbox 947 812 1729 846">
    <p class='ocr_par' dir='ltr' id='par_1_32' title="bbox 947 812 1729 846">
     <span class='ocr_line' id='line_1_32' title="bbox 947 812 1729 846; baseline 0 -7"><span class='ocrx_word' id='word_1_239' title='bbox 947 814 1052 840; x_wconf 83' lang='lat' dir='ltr'><strong>terdum</strong></span> <span class='ocrx_word' id='word_1_240' title='bbox 1065 818 1166 846; x_wconf 86' lang='lat' dir='ltr'><strong>autem,</strong></span> <span class='ocrx_word' id='word_1_241' title='bbox 1181 813 1260 840; x_wconf 86' lang='lat' dir='ltr'><strong>Filio.</strong></span> <span class='ocrx_word' id='word_1_242' title='bbox 1277 813 1314 839; x_wconf 76' lang='lat' dir='ltr'><strong>Ita</strong></span> <span class='ocrx_word' id='word_1_243' title='bbox 1328 813 1400 841; x_wconf 89' lang='lat' dir='ltr'><strong>enim</strong></span> <span class='ocrx_word' id='word_1_244' title='bbox 1414 813 1508 840; x_wconf 84' lang='lat' dir='ltr'><strong>scribit</strong></span> <span class='ocrx_word' id='word_1_245' title='bbox 1521 822 1527 840; x_wconf 89' lang='lat'><strong>:</strong></span> <span class='ocrx_word' id='word_1_246' title='bbox 1547 822 1556 838; x_wconf 81' lang='grc' dir='ltr'><strong>ι</strong></span> <span class='ocrx_word' id='word_1_247' title='bbox 1574 812 1627 839; x_wconf 84' lang='lat' dir='ltr'><strong>Vos</strong></span> <span class='ocrx_word' id='word_1_248' title='bbox 1640 818 1729 840; x_wconf 87' lang='lat' dir='ltr'><strong>autent</strong></span> 
     </span>
    </p>
   </div>
   <div class='ocr_carea' id='block_1_33' title="bbox 947 858 1730 893">
    <p class='ocr_par' dir='ltr' id='par_1_33' title="bbox 947 858 1730 893">
     <span class='ocr_line' id='line_1_33' title="bbox 947 858 1730 893; baseline -0.003 -7"><span class='ocrx_word' id='word_1_249' title='bbox 947 867 1000 887; x_wconf 90' lang='lat' dir='ltr'><strong>non</strong></span> <span class='ocrx_word' id='word_1_250' title='bbox 1012 860 1077 887; x_wconf 84' lang='lat' dir='ltr'><strong>estis</strong></span> <span class='ocrx_word' id='word_1_251' title='bbox 1088 859 1114 886; x_wconf 94' lang='lat' dir='ltr'><strong>in</strong></span> <span class='ocrx_word' id='word_1_252' title='bbox 1128 867 1219 892; x_wconf 82' lang='lat' dir='ltr'><strong>carne,</strong></span> <span class='ocrx_word' id='word_1_253' title='bbox 1235 859 1281 886; x_wconf 82' lang='lat' dir='ltr'><strong>sed</strong></span> <span class='ocrx_word' id='word_1_254' title='bbox 1295 859 1320 886; x_wconf 90' lang='lat' dir='ltr'><strong>in</strong></span> <span class='ocrx_word' id='word_1_255' title='bbox 1337 858 1432 893; x_wconf 81' lang='lat' dir='ltr'><strong>spiritu</strong></span> <span class='ocrx_word' id='word_1_256' title='bbox 1444 879 1451 890; x_wconf 80' lang='lat'><strong><em>.</em></strong></span> <span class='ocrx_word' id='word_1_257' title='bbox 1467 859 1597 893; x_wconf 84' lang='lat' dir='ltr'><strong>siquidem</strong></span> <span class='ocrx_word' id='word_1_258' title='bbox 1614 859 1730 892; x_wconf 83' lang='lat' dir='ltr'><strong>Spiritus</strong></span> 
     </span>
    </p>
   </div>
   <div class='ocr_carea' id='block_1_34' title="bbox 107 895 892 939">
    <p class='ocr_par' dir='ltr' id='par_1_34' title="bbox 107 903 892 939">
     <span class='ocr_line' id='line_1_34' title="bbox 107 903 892 939; baseline 0 -9"><span class='ocrx_word' id='word_1_259' title='bbox 107 912 186 938; x_wconf 78' lang='grc' dir='ltr'>ματι,</span> <span class='ocrx_word' id='word_1_260' title='bbox 202 903 280 939; x_wconf 81' lang='grc' dir='ltr'>εἴπερ</span> <span class='ocrx_word' id='word_1_261' title='bbox 295 904 403 939; x_wconf 75' lang='grc' dir='ltr'>πνεῦμα</span> <span class='ocrx_word' id='word_1_262' title='bbox 418 903 486 931; x_wconf 86' lang='grc' dir='ltr'><strong>Θεοῦ</strong></span> <span class='ocrx_word' id='word_1_263' title='bbox 511 905 580 930; x_wconf 82' lang='grc' dir='ltr'>οἰκεῖ</span> <span class='ocrx_word' id='word_1_264' title='bbox 601 905 630 930; x_wconf 82' lang='grc' dir='ltr'>ὲν</span> <span class='ocrx_word' id='word_1_265' title='bbox 654 904 734 938; x_wconf 82' lang='grc' dir='ltr'>ὑμῖν·</span> <span class='ocrx_word' id='word_1_266' title='bbox 757 904 781 930; x_wconf 88' lang='grc' dir='ltr'>εἰ</span> <span class='ocrx_word' id='word_1_267' title='bbox 802 903 830 930; x_wconf 74' lang='grc' dir='ltr'><strong>δέ</strong></span> <span class='ocrx_word' id='word_1_268' title='bbox 850 912 892 935; x_wconf 82' lang='grc' dir='ltr'>τις</span> 
     </span>
    </p>
   </div>
   <div class='ocr_carea' id='block_1_35' title="bbox 950 895 1729 939">
    <p class='ocr_par' dir='ltr' id='par_1_35' title="bbox 950 903 1729 939">
     <span class='ocr_line' id='line_1_35' title="bbox 950 903 1729 939; baseline -0.004 -7"><span class='ocrx_word' id='word_1_269' title='bbox 950 906 995 933; x_wconf 83' lang='lat' dir='ltr'><strong>Dei</strong></span> <span class='ocrx_word' id='word_1_270' title='bbox 1014 905 1118 932; x_wconf 84' lang='lat' dir='ltr'><strong>habitat</strong></span> <span class='ocrx_word' id='word_1_271' title='bbox 1134 906 1159 932; x_wconf 93' lang='lat' dir='ltr'><strong>in</strong></span> <span class='ocrx_word' id='word_1_272' title='bbox 1185 905 1271 932; x_wconf 75' lang='lat' dir='ltr'><strong>vobis.</strong></span> <span class='ocrx_word' id='word_1_273' title='bbox 1288 905 1316 932; x_wconf 82' lang='lat' dir='ltr'><strong>Si</strong></span> <span class='ocrx_word' id='word_1_274' title='bbox 1333 912 1396 931; x_wconf 83' lang='lat' dir='ltr'><strong>vero</strong></span> <span class='ocrx_word' id='word_1_275' title='bbox 1408 904 1468 939; x_wconf 86' lang='lat' dir='ltr'><strong>quis</strong></span> <span class='ocrx_word' id='word_1_276' title='bbox 1491 903 1619 938; x_wconf 91' lang='lat' dir='ltr'><strong>Spiritum</strong></span> <span class='ocrx_word' id='word_1_277' title='bbox 1631 903 1729 930; x_wconf 85' lang='lat' dir='ltr'><strong>Christi</strong></span> 
     </span>
    </p>
   </div>
   <div class='ocr_carea' id='block_1_36' title="bbox 105 945 892 984">
    <p class='ocr_par' dir='ltr' id='par_1_36' title="bbox 105 945 892 984">
     <span class='ocr_line' id='line_1_36' title="bbox 105 945 892 984; baseline 0.003 -10"><span class='ocrx_word' id='word_1_278' title='bbox 105 948 220 983; x_wconf 76' lang='grc' dir='ltr'>Πνεῦμα</span> <span class='ocrx_word' id='word_1_279' title='bbox 234 949 352 984; x_wconf 76' lang='grc' dir='ltr'>Χριστοῦ</span> <span class='ocrx_word' id='word_1_280' title='bbox 364 949 413 976; x_wconf 74' lang='grc' dir='ltr'>οὐκ</span> <span class='ocrx_word' id='word_1_281' title='bbox 429 949 497 984; x_wconf 74' lang='grc' dir='ltr'>ἔχει,</span> <span class='ocrx_word' id='word_1_282' title='bbox 510 945 586 981; x_wconf 69' lang='grc' dir='ltr'>οὗτος</span> <span class='ocrx_word' id='word_1_283' title='bbox 598 949 648 976; x_wconf 84' lang='grc' dir='ltr'>οὐκ</span> <span class='ocrx_word' id='word_1_284' title='bbox 661 949 734 975; x_wconf 76' lang='grc' dir='ltr'>ἐστιν</span> <span class='ocrx_word' id='word_1_285' title='bbox 748 948 839 976; x_wconf 76' lang='grc' dir='ltr'>αὐτοῦ.</span> <span class='ocrx_word' id='word_1_286' title='bbox 860 949 892 976; x_wconf 83' lang='grc' dir='ltr'><strong>Εἰ</strong></span> 
     </span>
    </p>
   </div>
   <div class='ocr_carea' id='block_1_37' title="bbox 103 993 892 1030">
    <p class='ocr_par' dir='ltr' id='par_1_37' title="bbox 103 993 892 1030">
     <span class='ocr_line' id='line_1_37' title="bbox 103 993 892 1030; baseline 0.001 -10"><span class='ocrx_word' id='word_1_287' title='bbox 103 993 135 1020; x_wconf 78' lang='grc' dir='ltr'><strong>δὲ</strong></span> <span class='ocrx_word' id='word_1_288' title='bbox 153 995 270 1029; x_wconf 79' lang='grc' dir='ltr'>Χριστὸς</span> <span class='ocrx_word' id='word_1_289' title='bbox 293 996 321 1021; x_wconf 82' lang='grc' dir='ltr'>ἐν</span> <span class='ocrx_word' id='word_1_290' title='bbox 341 996 414 1030; x_wconf 83' lang='grc' dir='ltr'>ὑμῖν,</span> <span class='ocrx_word' id='word_1_291' title='bbox 436 995 467 1022; x_wconf 72' lang='grc' dir='ltr'><strong>τὸ</strong></span> <span class='ocrx_word' id='word_1_292' title='bbox 491 995 539 1030; x_wconf 82' lang='grc' dir='ltr'>μὲν</span> <span class='ocrx_word' id='word_1_293' title='bbox 565 995 643 1030; x_wconf 77' lang='grc' dir='ltr'>σῶμα</span> <span class='ocrx_word' id='word_1_294' title='bbox 665 995 760 1029; x_wconf 86' lang='grc' dir='ltr'>νεκρὸν</span> <span class='ocrx_word' id='word_1_295' title='bbox 780 994 824 1022; x_wconf 81' lang='grc' dir='ltr'><strong>διὰ</strong></span> <span class='ocrx_word' id='word_1_296' title='bbox 843 994 892 1030; x_wconf 80' lang='grc' dir='ltr'>τὴν</span> 
     </span>
    </p>
   </div>
   <div class='ocr_carea' id='block_1_38' title="bbox 104 1040 837 1076">
    <p class='ocr_par' dir='ltr' id='par_1_38' title="bbox 104 1040 837 1076">
     <span class='ocr_line' id='line_1_38' title="bbox 104 1040 837 1076; baseline 0 -10"><span class='ocrx_word' id='word_1_297' title='bbox 104 1040 255 1075; x_wconf 74' lang='grc' dir='ltr'><strong>ἁμαρτίαν,</strong></span> <span class='ocrx_word' id='word_1_298' title='bbox 271 1041 300 1067; x_wconf 83' lang='grc' dir='ltr'>τὸ</span> <span class='ocrx_word' id='word_1_299' title='bbox 311 1041 339 1068; x_wconf 79' lang='grc' dir='ltr'><strong>δὲ</strong></span> <span class='ocrx_word' id='word_1_300' title='bbox 356 1041 478 1076; x_wconf 85' lang='grc' dir='ltr'>Πνεῦμα,</span> <span class='ocrx_word' id='word_1_301' title='bbox 498 1041 554 1076; x_wconf 80' lang='grc' dir='ltr'><strong>ζωὴ</strong></span> <span class='ocrx_word' id='word_1_302' title='bbox 567 1041 611 1067; x_wconf 84' lang='grc' dir='ltr'><strong>διὰ</strong></span> <span class='ocrx_word' id='word_1_303' title='bbox 627 1041 809 1076; x_wconf 75' lang='grc' dir='ltr'>δικαιοσύνην.</span> <span class='ocrx_word' id='word_1_304' title='bbox 827 1050 837 1066; x_wconf 70' lang='lat' dir='ltr'><strong>i</strong></span> 
     </span>
    </p>
   </div>
   <div class='ocr_carea' id='block_1_39' title="bbox 142 1083 891 1121">
    <p class='ocr_par' dir='ltr' id='par_1_39' title="bbox 142 1083 891 1121">
     <span class='ocr_line' id='line_1_39' title="bbox 142 1083 891 1121; baseline -0.003 -9"><span class='ocrx_word' id='word_1_305' title='bbox 142 1085 172 1112; x_wconf 84' lang='lat' dir='ltr'><strong>B.</strong></span> <span class='ocrx_word' id='word_1_306' title='bbox 195 1086 313 1121; x_wconf 83' lang='grc' dir='ltr'>Ἀραρεν</span> <span class='ocrx_word' id='word_1_307' title='bbox 333 1083 397 1119; x_wconf 83' lang='grc' dir='ltr'>οὖν,</span> <span class='ocrx_word' id='word_1_308' title='bbox 422 1086 462 1112; x_wconf 78' lang='grc' dir='ltr'>ὅτι</span> <span class='ocrx_word' id='word_1_309' title='bbox 485 1085 551 1112; x_wconf 72' lang='grc' dir='ltr'>ἴδιόν</span> <span class='ocrx_word' id='word_1_310' title='bbox 574 1086 632 1111; x_wconf 70' lang='grc' dir='ltr'>ἐστι</span> <span class='ocrx_word' id='word_1_311' title='bbox 658 1085 688 1111; x_wconf 80' lang='grc' dir='ltr'>τὸ</span> <span class='ocrx_word' id='word_1_312' title='bbox 712 1085 824 1120; x_wconf 82' lang='grc' dir='ltr'><strong>Πνεῦμα</strong></span> <span class='ocrx_word' id='word_1_313' title='bbox 845 1084 891 1111; x_wconf 84' lang='grc' dir='ltr'><strong>τοῦ</strong></span> 
     </span>
    </p>
   </div>
   <div class='ocr_carea' id='block_1_40' title="bbox 105 1128 892 1167">
    <p class='ocr_par' dir='ltr' id='par_1_40' title="bbox 105 1128 892 1167">
     <span class='ocr_line' id='line_1_40' title="bbox 105 1128 892 1167; baseline 0.003 -11"><span class='ocrx_word' id='word_1_314' title='bbox 105 1130 184 1159; x_wconf 81' lang='grc' dir='ltr'>Υἱοῦ,</span> <span class='ocrx_word' id='word_1_315' title='bbox 197 1131 243 1157; x_wconf 73' lang='grc' dir='ltr'><strong>καὶ</strong></span> <span class='ocrx_word' id='word_1_316' title='bbox 264 1130 323 1157; x_wconf 76' lang='grc' dir='ltr'>οὔτι</span> <span class='ocrx_word' id='word_1_317' title='bbox 341 1139 391 1157; x_wconf 81' lang='grc' dir='ltr'><strong>που</strong></span> <span class='ocrx_word' id='word_1_318' title='bbox 406 1131 496 1166; x_wconf 84' lang='grc' dir='ltr'>μόνον,</span> <span class='ocrx_word' id='word_1_319' title='bbox 544 1131 628 1165; x_wconf 79' lang='grc' dir='ltr'>Λόγος</span> <span class='ocrx_word' id='word_1_320' title='bbox 646 1131 704 1157; x_wconf 74' lang='grc' dir='ltr'>ἐστὶ</span> <span class='ocrx_word' id='word_1_321' title='bbox 717 1129 843 1165; x_wconf 74' lang='grc' dir='ltr'>πεφηνὼς</span> <span class='ocrx_word' id='word_1_322' title='bbox 860 1131 892 1158; x_wconf 81' lang='grc' dir='ltr'>ἐκ</span> 
     </span>
    </p>
   </div>
   <div class='ocr_carea' id='block_1_41' title="bbox 105 1173 893 1213">
    <p class='ocr_par' dir='ltr' id='par_1_41' title="bbox 105 1173 893 1213">
     <span class='ocr_line' id='line_1_41' title="bbox 105 1173 893 1213; baseline -0.001 -10"><span class='ocrx_word' id='word_1_323' title='bbox 105 1176 224 1208; x_wconf 77' lang='grc' dir='ltr'>Πατρὸς,</span> <span class='ocrx_word' id='word_1_324' title='bbox 240 1175 306 1202; x_wconf 79' lang='grc' dir='ltr'>ἀλλὰ</span> <span class='ocrx_word' id='word_1_325' title='bbox 319 1177 365 1203; x_wconf 76' lang='grc' dir='ltr'><strong>καὶ</strong></span> <span class='ocrx_word' id='word_1_326' title='bbox 404 1178 489 1203; x_wconf 82' lang='grc' dir='ltr'>νοοῖτο</span> <span class='ocrx_word' id='word_1_327' title='bbox 505 1176 566 1202; x_wconf 76' lang='grc' dir='ltr'>καθ’</span> <span class='ocrx_word' id='word_1_328' title='bbox 578 1177 650 1212; x_wconf 77' lang='grc' dir='ltr'>ἡμᾶς</span> <span class='ocrx_word' id='word_1_329' title='bbox 662 1176 806 1211; x_wconf 73' lang='grc' dir='ltr'>ἄνθρωπος</span> <span class='ocrx_word' id='word_1_330' title='bbox 820 1175 893 1210; x_wconf 81' lang='grc' dir='ltr'>γενό·</span> 
     </span>
    </p>
   </div>
   <div class='ocr_carea' id='block_1_42' title="bbox 105 1230 197 1257">
    <p class='ocr_par' dir='ltr' id='par_1_42' title="bbox 105 1230 197 1257">
     <span class='ocr_line' id='line_1_42' title="bbox 105 1230 197 1257; baseline 0.011 -9"><span class='ocrx_word' id='word_1_331' title='bbox 105 1230 197 1257; x_wconf 80' lang='grc' dir='ltr'>μενος.</span> 
     </span>
    </p>
   </div>
   <div class='ocr_carea' id='block_1_43' title="bbox 141 1268 892 1306">
    <p class='ocr_par' dir='ltr' id='par_1_43' title="bbox 141 1268 892 1306">
     <span class='ocr_line' id='line_1_43' title="bbox 141 1268 892 1306; baseline 0.001 -12"><span class='ocrx_word' id='word_1_332' title='bbox 141 1269 174 1294; x_wconf 84' lang='grc' dir='ltr'><strong>Α.</strong></span> <span class='ocrx_word' id='word_1_333' title='bbox 197 1268 275 1295; x_wconf 85' lang='grc' dir='ltr'>Ἴδιον</span> <span class='ocrx_word' id='word_1_334' title='bbox 286 1268 323 1300; x_wconf 82' lang='grc' dir='ltr'><strong>ὡς</strong></span> <span class='ocrx_word' id='word_1_335' title='bbox 336 1269 368 1295; x_wconf 81' lang='grc' dir='ltr'>ὲκ</span> <span class='ocrx_word' id='word_1_336' title='bbox 383 1268 499 1306; x_wconf 76' lang='grc' dir='ltr'>Πατρδς,</span> <span class='ocrx_word' id='word_1_337' title='bbox 509 1269 537 1295; x_wconf 77' lang='grc' dir='ltr'>ἐν</span> <span class='ocrx_word' id='word_1_338' title='bbox 547 1269 683 1304; x_wconf 80' lang='grc' dir='ltr'>όμοουσίῳ</span> <span class='ocrx_word' id='word_1_339' title='bbox 694 1269 842 1303; x_wconf 82' lang='grc' dir='ltr'>γεννήματι</span> <span class='ocrx_word' id='word_1_340' title='bbox 855 1268 892 1304; x_wconf 89' lang='grc' dir='ltr'>τῷ</span> 
     </span>
    </p>
   </div>
   <div class='ocr_carea' id='block_1_44' title="bbox 104 1313 892 1350">
    <p class='ocr_par' dir='ltr' id='par_1_44' title="bbox 104 1313 892 1350">
     <span class='ocr_line' id='line_1_44' title="bbox 104 1313 892 1350; baseline -0.001 -9"><span class='ocrx_word' id='word_1_341' title='bbox 104 1313 137 1348; x_wconf 78' lang='grc' dir='ltr'>ιξ</span> <span class='ocrx_word' id='word_1_342' title='bbox 154 1314 236 1341; x_wconf 80' lang='grc' dir='ltr'>αὑτοῦ</span> <span class='ocrx_word' id='word_1_343' title='bbox 251 1314 328 1349; x_wconf 80' lang='grc' dir='ltr'>φύντι</span> <span class='ocrx_word' id='word_1_344' title='bbox 344 1315 433 1350; x_wconf 84' lang='grc' dir='ltr'>Λόγῳ,</span> <span class='ocrx_word' id='word_1_345' title='bbox 448 1316 495 1341; x_wconf 82' lang='grc' dir='ltr'>καὶ</span> <span class='ocrx_word' id='word_1_346' title='bbox 512 1316 536 1340; x_wconf 74' lang='grc' dir='ltr'><strong>ει</strong></span> <span class='ocrx_word' id='word_1_347' title='bbox 550 1315 655 1348; x_wconf 75' lang='grc' dir='ltr'>λέγοιτο</span> <span class='ocrx_word' id='word_1_348' title='bbox 670 1315 772 1346; x_wconf 72' lang='grc' dir='ltr'>λαϐεῖν,</span> <span class='ocrx_word' id='word_1_349' title='bbox 788 1315 832 1341; x_wconf 74' lang='grc' dir='ltr'>ὅτε</span> <span class='ocrx_word' id='word_1_350' title='bbox 847 1314 892 1349; x_wconf 78' lang='grc' dir='ltr'><strong>γέ-</strong></span> 
     </span>
    </p>
   </div>
   <div class='ocr_carea' id='block_1_45' title="bbox 104 1360 892 1396">
    <p class='ocr_par' dir='ltr' id='par_1_45' title="bbox 104 1360 892 1396">
     <span class='ocr_line' id='line_1_45' title="bbox 104 1360 892 1396; baseline 0.004 -11"><span class='ocrx_word' id='word_1_351' title='bbox 104 1367 184 1392; x_wconf 78' lang='grc' dir='ltr'>γονεν</span> <span class='ocrx_word' id='word_1_352' title='bbox 196 1360 338 1395; x_wconf 78' lang='grc' dir='ltr'>ἄνθρωπος</span> <span class='ocrx_word' id='word_1_353' title='bbox 359 1361 372 1388; x_wconf 74' lang='grc' dir='ltr'><strong><em>ὁ</em></strong></span> <span class='ocrx_word' id='word_1_354' title='bbox 384 1360 437 1387; x_wconf 80' lang='grc' dir='ltr'>τῶν</span> <span class='ocrx_word' id='word_1_355' title='bbox 448 1360 498 1395; x_wconf 80' lang='grc' dir='ltr'><strong>τῆς</strong></span> <span class='ocrx_word' id='word_1_356' title='bbox 511 1360 637 1395; x_wconf 79' lang='grc' dir='ltr'><strong>θεότητος</strong></span> <span class='ocrx_word' id='word_1_357' title='bbox 658 1361 809 1396; x_wconf 64' lang='grc' dir='ltr'>ἰδιωμάτων</span> <span class='ocrx_word' id='word_1_358' title='bbox 819 1361 856 1392; x_wconf 73' lang='grc' dir='ltr'><strong>ὡς</strong></span> <span class='ocrx_word' id='word_1_359' title='bbox 865 1363 892 1388; x_wconf 79' lang='grc' dir='ltr'>ὲν</span> 
     </span>
    </p>
   </div>
   <div class='ocr_carea' id='block_1_46' title="bbox 106 1404 890 1441">
    <p class='ocr_par' dir='ltr' id='par_1_46' title="bbox 106 1404 890 1441">
     <span class='ocr_line' id='line_1_46' title="bbox 106 1404 890 1441; baseline 0.003 -11"><span class='ocrx_word' id='word_1_360' title='bbox 106 1405 162 1440; x_wconf 73' lang='grc' dir='ltr'><strong>ἰδίᾳ</strong></span> <span class='ocrx_word' id='word_1_361' title='bbox 182 1404 261 1438; x_wconf 71' lang='grc' dir='ltr'>φύσει</span> <span class='ocrx_word' id='word_1_362' title='bbox 278 1404 440 1440; x_wconf 77' lang='grc' dir='ltr'>τητώμενος.</span> <span class='ocrx_word' id='word_1_363' title='bbox 460 1406 514 1431; x_wconf 74' lang='grc' dir='ltr'><strong>Καὶ</strong></span> <span class='ocrx_word' id='word_1_364' title='bbox 534 1405 599 1439; x_wconf 80' lang='grc' dir='ltr'>γοῦν</span> <span class='ocrx_word' id='word_1_365' title='bbox 622 1405 703 1438; x_wconf 77' lang='grc' dir='ltr'>αὐτὸς</span> <span class='ocrx_word' id='word_1_366' title='bbox 726 1405 856 1440; x_wconf 80' lang='grc' dir='ltr'><strong>ὑπάρχων</strong></span> <span class='ocrx_word' id='word_1_367' title='bbox 875 1406 890 1441; x_wconf 82' lang='grc' dir='ltr'><strong>ἡ</strong></span> 
     </span>
    </p>
   </div>
   <div class='ocr_carea' id='block_1_47' title="bbox 105 1450 893 1487">
    <p class='ocr_par' dir='ltr' id='par_1_47' title="bbox 105 1450 893 1487">
     <span class='ocr_line' id='line_1_47' title="bbox 105 1450 893 1487; baseline 0.003 -10"><span class='ocrx_word' id='word_1_368' title='bbox 105 1451 216 1478; x_wconf 76' lang='grc' dir='ltr'>πάντων</span> <span class='ocrx_word' id='word_1_369' title='bbox 228 1450 294 1487; x_wconf 79' lang='grc' dir='ltr'><strong>ζωὴ,</strong></span> <span class='ocrx_word' id='word_1_370' title='bbox 305 1451 348 1478; x_wconf 67' lang='grc' dir='ltr'><strong>διὰ</strong></span> <span class='ocrx_word' id='word_1_371' title='bbox 363 1452 413 1486; x_wconf 84' lang='grc' dir='ltr'>τὴν</span> <span class='ocrx_word' id='word_1_372' title='bbox 426 1452 457 1478; x_wconf 81' lang='grc' dir='ltr'>ἐκ</span> <span class='ocrx_word' id='word_1_373' title='bbox 469 1451 568 1483; x_wconf 77' lang='grc' dir='ltr'>ζῶντος</span> <span class='ocrx_word' id='word_1_374' title='bbox 584 1452 688 1486; x_wconf 68' lang='grc' dir='ltr'>Πατρὸς</span> <span class='ocrx_word' id='word_1_375' title='bbox 703 1451 820 1487; x_wconf 65' lang='grc' dir='ltr'>ἄρρητον</span> <span class='ocrx_word' id='word_1_376' title='bbox 835 1452 893 1485; x_wconf 80' lang='grc' dir='ltr'>γέν-</span> 
     </span>
    </p>
   </div>
   <div class='ocr_carea' id='block_1_48' title="bbox 105 1496 892 1534">
    <p class='ocr_par' dir='ltr' id='par_1_48' title="bbox 105 1496 892 1534">
     <span class='ocr_line' id='line_1_48' title="bbox 105 1496 892 1534; baseline 0.001 -11"><span class='ocrx_word' id='word_1_377' title='bbox 105 1505 193 1532; x_wconf 82' lang='grc' dir='ltr'>νησιν,</span> <span class='ocrx_word' id='word_1_378' title='bbox 209 1497 397 1530; x_wconf 72' lang='grc' dir='ltr'>ζωοποιεῖσθειι</span> <span class='ocrx_word' id='word_1_379' title='bbox 413 1497 521 1532; x_wconf 81' lang='grc' dir='ltr'>λέγεται</span> <span class='ocrx_word' id='word_1_380' title='bbox 539 1497 597 1532; x_wconf 81' lang='grc' dir='ltr'>μεθ’</span> <span class='ocrx_word' id='word_1_381' title='bbox 613 1497 700 1533; x_wconf 79' lang='grc' dir='ltr'>ἡμῶν.</span> <span class='ocrx_word' id='word_1_382' title='bbox 719 1499 797 1534; x_wconf 66' lang='lat' dir='ltr'><strong>Ilipa</strong></span> <span class='ocrx_word' id='word_1_383' title='bbox 811 1498 832 1524; x_wconf 73' lang='grc' dir='ltr'><strong>δ’</strong></span> <span class='ocrx_word' id='word_1_384' title='bbox 845 1496 892 1525; x_wconf 81' lang='grc' dir='ltr'><strong>οῦν</strong></span> 
     </span>
    </p>
   </div>
   <div class='ocr_carea' id='block_1_49' title="bbox 105 1543 892 1580">
    <p class='ocr_par' dir='ltr' id='par_1_49' title="bbox 105 1543 892 1580">
     <span class='ocr_line' id='line_1_49' title="bbox 105 1543 892 1580; baseline -0.001 -10"><span class='ocrx_word' id='word_1_385' title='bbox 105 1543 181 1578; x_wconf 80' lang='grc' dir='ltr'>ὅμως</span> <span class='ocrx_word' id='word_1_386' title='bbox 202 1544 275 1576; x_wconf 70' lang='grc' dir='ltr'>ἰδεῖν,</span> <span class='ocrx_word' id='word_1_387' title='bbox 292 1543 469 1579; x_wconf 75' lang='grc' dir='ltr'>χαριζόμενον</span> <span class='ocrx_word' id='word_1_388' title='bbox 486 1544 533 1578; x_wconf 83' lang='grc' dir='ltr'>μὲν</span> <span class='ocrx_word' id='word_1_389' title='bbox 547 1545 580 1578; x_wconf 84' lang='grc' dir='ltr'><strong>τῇ</strong></span> <span class='ocrx_word' id='word_1_390' title='bbox 609 1544 660 1579; x_wconf 70' lang='grc' dir='ltr'><strong>ἰδίᾳ</strong></span> <span class='ocrx_word' id='word_1_391' title='bbox 677 1544 756 1580; x_wconf 64' lang='grc' dir='ltr'>σαρκὶ</span> <span class='ocrx_word' id='word_1_392' title='bbox 771 1544 819 1579; x_wconf 77' lang='grc' dir='ltr'><strong>τῆς</strong></span> <span class='ocrx_word' id='word_1_393' title='bbox 835 1545 892 1570; x_wconf 80' lang='grc' dir='ltr'>Θεο-</span> 
     </span>
    </p>
   </div>
   <div class='ocr_carea' id='block_1_50' title="bbox 106 1574 928 1625">
    <p class='ocr_par' dir='ltr' id='par_1_50' title="bbox 106 1574 928 1625">
     <span class='ocr_line' id='line_1_50' title="bbox 106 1574 928 1625; baseline 0.002 -11"><span class='ocrx_word' id='word_1_394' title='bbox 106 1588 228 1624; x_wconf 83' lang='grc' dir='ltr'>πρεποῦς</span> <span class='ocrx_word' id='word_1_395' title='bbox 244 1589 384 1623; x_wconf 71' lang='grc' dir='ltr'>ἐνεργείας</span> <span class='ocrx_word' id='word_1_396' title='bbox 399 1589 448 1624; x_wconf 81' lang='grc' dir='ltr'>τὴν</span> <span class='ocrx_word' id='word_1_397' title='bbox 462 1589 551 1621; x_wconf 76' lang='grc' dir='ltr'>δόξαν,</span> <span class='ocrx_word' id='word_1_398' title='bbox 565 1589 750 1625; x_wconf 72' lang='grc' dir='ltr'>οἰκειούμενον</span> <span class='ocrx_word' id='word_1_399' title='bbox 765 1589 793 1615; x_wconf 81' lang='grc' dir='ltr'><strong>δὲ</strong></span> <span class='ocrx_word' id='word_1_400' title='bbox 812 1587 844 1615; x_wconf 73' lang='grc' dir='ltr'><strong>αὖ</strong></span> <span class='ocrx_word' id='word_1_401' title='bbox 858 1590 892 1616; x_wconf 77' lang='grc' dir='ltr'><strong>τὰ</strong></span> <span class='ocrx_word' id='word_1_402' title='bbox 908 1574 928 1601; x_wconf 74' lang='lat' dir='ltr'>C</span> 
     </span>
    </p>
   </div>
   <div class='ocr_carea' id='block_1_51' title="bbox 107 1634 892 1670">
    <p class='ocr_par' dir='ltr' id='par_1_51' title="bbox 107 1634 892 1670">
     <span class='ocr_line' id='line_1_51' title="bbox 107 1634 892 1670; baseline 0.001 -10"><span class='ocrx_word' id='word_1_403' title='bbox 107 1634 219 1669; x_wconf 69' lang='grc' dir='ltr'>σαρκὸς,</span> <span class='ocrx_word' id='word_1_404' title='bbox 234 1635 280 1660; x_wconf 64' lang='grc' dir='ltr'>καὶ</span> <span class='ocrx_word' id='word_1_405' title='bbox 294 1634 375 1660; x_wconf 81' lang='grc' dir='ltr'>οἱονεί</span> <span class='ocrx_word' id='word_1_406' title='bbox 389 1643 446 1666; x_wconf 81' lang='grc' dir='ltr'>πως</span> <span class='ocrx_word' id='word_1_407' title='bbox 461 1635 522 1660; x_wconf 76' lang='grc' dir='ltr'>καθ’</span> <span class='ocrx_word' id='word_1_408' title='bbox 540 1634 635 1661; x_wconf 66' lang='grc' dir='ltr'>ἕνωσιν</span> <span class='ocrx_word' id='word_1_409' title='bbox 649 1634 832 1670; x_wconf 78' lang='grc' dir='ltr'>οἰκονομικὴν,</span> <span class='ocrx_word' id='word_1_410' title='bbox 845 1634 892 1661; x_wconf 78' lang='grc' dir='ltr'>καὶ</span> 
     </span>
    </p>
   </div>
   <div class='ocr_carea' id='block_1_52' title="bbox 105 1679 503 1716">
    <p class='ocr_par' dir='ltr' id='par_1_52' title="bbox 105 1679 503 1716">
     <span class='ocr_line' id='line_1_52' title="bbox 105 1679 503 1716; baseline 0.005 -11"><span class='ocrx_word' id='word_1_411' title='bbox 105 1681 140 1716; x_wconf 77' lang='grc' dir='ltr'><strong>τῇ</strong></span> <span class='ocrx_word' id='word_1_412' title='bbox 159 1679 210 1715; x_wconf 60' lang='lat' dir='ltr'><strong>itii;</strong></span> <span class='ocrx_word' id='word_1_413' title='bbox 224 1679 397 1716; x_wconf 73' lang='grc' dir='ltr'>περιτιθέντα.</span> <span class='ocrx_word' id='word_1_414' title='bbox 415 1679 503 1716; x_wconf 76' lang='grc' dir='ltr'>φύσει.</span> 
     </span>
    </p>
   </div>
   <div class='ocr_carea' id='block_1_53' title="bbox 142 1767 460 1803">
    <p class='ocr_par' dir='ltr' id='par_1_53' title="bbox 142 1767 460 1803">
     <span class='ocr_line' id='line_1_53' title="bbox 142 1767 460 1803; baseline -0.003 -9"><span class='ocrx_word' id='word_1_415' title='bbox 142 1768 174 1795; x_wconf 83' lang='grc' dir='ltr'><strong>Β.</strong></span> <span class='ocrx_word' id='word_1_416' title='bbox 195 1767 262 1794; x_wconf 85' lang='grc' dir='ltr'>Τίνα</span> <span class='ocrx_word' id='word_1_417' title='bbox 277 1768 330 1803; x_wconf 77' lang='grc' dir='ltr'><strong>φὴς</strong></span> <span class='ocrx_word' id='word_1_418' title='bbox 344 1767 460 1803; x_wconf 85' lang='grc' dir='ltr'>τρόπον;</span> 
     </span>
    </p>
   </div>
   <div class='ocr_carea' id='block_1_54' title="bbox 143 1812 894 1850">
    <p class='ocr_par' dir='ltr' id='par_1_54' title="bbox 143 1812 894 1850">
     <span class='ocr_line' id='line_1_54' title="bbox 143 1812 894 1850; baseline -0.003 -9"><span class='ocrx_word' id='word_1_419' title='bbox 143 1816 176 1841; x_wconf 81' lang='grc' dir='ltr'><strong>Α.</strong></span> <span class='ocrx_word' id='word_1_420' title='bbox 196 1812 235 1840; x_wconf 86' lang='grc' dir='ltr'>Ἶι</span> <span class='ocrx_word' id='word_1_421' title='bbox 251 1814 310 1850; x_wconf 69' lang='grc' dir='ltr'>οὐχὶ</span> <span class='ocrx_word' id='word_1_422' title='bbox 325 1814 356 1849; x_wconf 88' lang='grc' dir='ltr'>δὴ</span> <span class='ocrx_word' id='word_1_423' title='bbox 376 1814 492 1849; x_wconf 69' lang='grc' dir='ltr'>μάλιστα</span> <span class='ocrx_word' id='word_1_424' title='bbox 509 1813 624 1849; x_wconf 79' lang='grc' dir='ltr'>πρέπειν</span> <span class='ocrx_word' id='word_1_425' title='bbox 645 1813 716 1848; x_wconf 74' lang='grc' dir='ltr'>ἐρεῖς</span> <span class='ocrx_word' id='word_1_426' title='bbox 736 1813 774 1848; x_wconf 82' lang='grc' dir='ltr'>τῷ</span> <span class='ocrx_word' id='word_1_427' title='bbox 790 1822 821 1847; x_wconf 85' lang='grc' dir='ltr'><strong>γε</strong></span> <span class='ocrx_word' id='word_1_428' title='bbox 838 1813 894 1840; x_wconf 81' lang='grc' dir='ltr'>δντι</span> 
     </span>
    </p>
   </div>
   <div class='ocr_carea' id='block_1_55' title="bbox 109 1859 894 1895">
    <p class='ocr_par' dir='ltr' id='par_1_55' title="bbox 109 1859 894 1895">
     <span class='ocr_line' id='line_1_55' title="bbox 109 1859 894 1895; baseline -0.003 -8"><span class='ocrx_word' id='word_1_429' title='bbox 109 1861 180 1887; x_wconf 72' lang='grc' dir='ltr'>κατὰ</span> <span class='ocrx_word' id='word_1_430' title='bbox 197 1859 277 1894; x_wconf 79' lang='grc' dir='ltr'>φύσιν</span> <span class='ocrx_word' id='word_1_431' title='bbox 293 1861 324 1886; x_wconf 76' lang='grc' dir='ltr'>ὲκ</span> <span class='ocrx_word' id='word_1_432' title='bbox 338 1859 404 1886; x_wconf 81' lang='grc' dir='ltr'>Θεοῦ</span> <span class='ocrx_word' id='word_1_433' title='bbox 422 1859 528 1894; x_wconf 64' lang='grc' dir='ltr'>Πατρὶς</span> <span class='ocrx_word' id='word_1_434' title='bbox 552 1859 640 1894; x_wconf 80' lang='grc' dir='ltr'>Λόγῳ,</span> <span class='ocrx_word' id='word_1_435' title='bbox 655 1859 684 1884; x_wconf 75' lang='grc' dir='ltr'><strong>τὸ</strong></span> <span class='ocrx_word' id='word_1_436' title='bbox 701 1859 803 1886; x_wconf 82' lang='grc' dir='ltr'>ἄνωθεν</span> <span class='ocrx_word' id='word_1_437' title='bbox 817 1860 894 1895; x_wconf 77' lang='grc' dir='ltr'>ἣκειν</span> 
     </span>
    </p>
   </div>
   <div class='ocr_carea' id='block_1_56' title="bbox 109 1903 895 1941">
    <p class='ocr_par' dir='ltr' id='par_1_56' title="bbox 109 1903 895 1941">
     <span class='ocr_line' id='line_1_56' title="bbox 109 1903 895 1941; baseline -0.003 -8"><span class='ocrx_word' id='word_1_438' title='bbox 109 1907 156 1933; x_wconf 69' lang='grc' dir='ltr'>καὶ</span> <span class='ocrx_word' id='word_1_439' title='bbox 173 1907 202 1939; x_wconf 75' lang='grc' dir='ltr'><strong>ἐξ</strong></span> <span class='ocrx_word' id='word_1_440' title='bbox 222 1905 351 1941; x_wconf 76' lang='grc' dir='ltr'>οὐρανοῦ,</span> <span class='ocrx_word' id='word_1_441' title='bbox 370 1906 417 1932; x_wconf 71' lang='grc' dir='ltr'><strong>καὶ</strong></span> <span class='ocrx_word' id='word_1_442' title='bbox 434 1905 464 1931; x_wconf 75' lang='grc' dir='ltr'>τὸ</span> <span class='ocrx_word' id='word_1_443' title='bbox 485 1905 625 1939; x_wconf 74' lang='grc' dir='ltr'>ζωογονεῖν</span> <span class='ocrx_word' id='word_1_444' title='bbox 649 1904 777 1931; x_wconf 74' lang='grc' dir='ltr'>δύνασθαι</span> <span class='ocrx_word' id='word_1_445' title='bbox 792 1905 841 1938; x_wconf 75' lang='grc' dir='ltr'>τὰ,</span> <span class='ocrx_word' id='word_1_446' title='bbox 855 1903 895 1937; x_wconf 70' lang='grc' dir='ltr'><strong>οἷς</strong></span> 
     </span>
    </p>
   </div>
   <div class='ocr_carea' id='block_1_57' title="bbox 110 1950 572 1988">
    <p class='ocr_par' dir='ltr' id='par_1_57' title="bbox 110 1950 572 1988">
     <span class='ocr_line' id='line_1_57' title="bbox 110 1950 572 1988; baseline -0.009 -8"><span class='ocrx_word' id='word_1_447' title='bbox 110 1954 143 1980; x_wconf 84' lang='grc' dir='ltr'>ἂν</span> <span class='ocrx_word' id='word_1_448' title='bbox 163 1953 264 1980; x_wconf 74' lang='grc' dir='ltr'>ἐνιέναι</span> <span class='ocrx_word' id='word_1_449' title='bbox 281 1951 401 1988; x_wconf 78' lang='grc' dir='ltr'>βούλοιτο</span> <span class='ocrx_word' id='word_1_450' title='bbox 416 1950 464 1986; x_wconf 79' lang='grc' dir='ltr'>τὴν</span> <span class='ocrx_word' id='word_1_451' title='bbox 481 1951 572 1985; x_wconf 71' lang='grc' dir='ltr'>ζωήν;</span> 
     </span>
    </p>
   </div>
   <div class='ocr_carea' id='block_1_58' title="bbox 145 1998 280 2034">
    <p class='ocr_par' dir='ltr' id='par_1_58' title="bbox 145 1998 280 2034">
     <span class='ocr_line' id='line_1_58' title="bbox 145 1998 280 2034; baseline 0 -10"><span class='ocrx_word' id='word_1_452' title='bbox 145 1999 177 2026; x_wconf 88' lang='grc' dir='ltr'><strong>Β.</strong></span> <span class='ocrx_word' id='word_1_453' title='bbox 197 1998 280 2034; x_wconf 78' lang='grc' dir='ltr'>Φημί.</span> 
     </span>
    </p>
   </div>
   <div class='ocr_carea' id='block_1_59' title="bbox 146 2040 896 2079">
    <p class='ocr_par' dir='ltr' id='par_1_59' title="bbox 146 2040 896 2079">
     <span class='ocr_line' id='line_1_59' title="bbox 146 2040 896 2079; baseline -0.007 -7"><span class='ocrx_word' id='word_1_454' title='bbox 146 2046 178 2072; x_wconf 79' lang='grc' dir='ltr'><strong>Α.</strong></span> <span class='ocrx_word' id='word_1_455' title='bbox 200 2044 232 2071; x_wconf 84' lang='grc' dir='ltr'><strong>Τί</strong></span> <span class='ocrx_word' id='word_1_456' title='bbox 244 2045 290 2077; x_wconf 62' lang='lat' dir='ltr'><strong>se;</strong></span> <span class='ocrx_word' id='word_1_457' title='bbox 307 2044 337 2071; x_wconf 72' lang='grc' dir='ltr'>τὸ</span> <span class='ocrx_word' id='word_1_458' title='bbox 350 2043 536 2079; x_wconf 79' lang='grc' dir='ltr'>δημιουργεῖν,</span> <span class='ocrx_word' id='word_1_459' title='bbox 553 2041 614 2068; x_wconf 81' lang='grc' dir='ltr'>εἰπέ</span> <span class='ocrx_word' id='word_1_460' title='bbox 627 2049 681 2076; x_wconf 81' lang='grc' dir='ltr'>μοι,</span> <span class='ocrx_word' id='word_1_461' title='bbox 695 2040 804 2074; x_wconf 78' lang='grc' dir='ltr'><strong>θεῖκῶς,</strong></span> <span class='ocrx_word' id='word_1_462' title='bbox 822 2041 896 2078; x_wconf 75' lang='grc' dir='ltr'>δοίης</span> 
     </span>
    </p>
   </div>
   <div class='ocr_carea' id='block_1_60' title="bbox 109 2090 559 2126">
    <p class='ocr_par' dir='ltr' id='par_1_60' title="bbox 109 2090 559 2126">
     <span class='ocr_line' id='line_1_60' title="bbox 109 2090 559 2126; baseline -0.007 -8"><span class='ocrx_word' id='word_1_463' title='bbox 109 2091 143 2118; x_wconf 77' lang='grc' dir='ltr'>ἂν</span> <span class='ocrx_word' id='word_1_464' title='bbox 162 2090 232 2117; x_wconf 76' lang='grc' dir='ltr'>εἶναι</span> <span class='ocrx_word' id='word_1_465' title='bbox 251 2099 276 2117; x_wconf 89' lang='grc' dir='ltr'><strong>τι</strong></span> <span class='ocrx_word' id='word_1_466' title='bbox 289 2090 343 2117; x_wconf 82' lang='grc' dir='ltr'>τῶν</span> <span class='ocrx_word' id='word_1_467' title='bbox 365 2090 559 2126; x_wconf 80' lang='grc' dir='ltr'>ἀνθρωπίνων;</span> 
     </span>
    </p>
   </div>
   <div class='ocr_carea' id='block_1_61' title="bbox 145 2137 370 2171">
    <p class='ocr_par' dir='ltr' id='par_1_61' title="bbox 145 2137 370 2171">
     <span class='ocr_line' id='line_1_61' title="bbox 145 2137 370 2171; baseline 0.004 -8"><span class='ocrx_word' id='word_1_468' title='bbox 145 2137 176 2165; x_wconf 83' lang='grc' dir='ltr'><strong>Β.</strong></span> <span class='ocrx_word' id='word_1_469' title='bbox 198 2137 254 2164; x_wconf 72' lang='grc' dir='ltr'>Οὐκ</span> <span class='ocrx_word' id='word_1_470' title='bbox 272 2137 370 2171; x_wconf 72' lang='grc' dir='ltr'>ἔγωγε.</span> 
     </span>
    </p>
   </div>
   <div class='ocr_carea' id='block_1_62' title="bbox 144 2182 896 2219">
    <p class='ocr_par' dir='ltr' id='par_1_62' title="bbox 144 2182 896 2219">
     <span class='ocr_line' id='line_1_62' title="bbox 144 2182 896 2219; baseline -0.001 -10"><span class='ocrx_word' id='word_1_471' title='bbox 144 2184 177 2209; x_wconf 78' lang='grc' dir='ltr'><strong>Α.</strong></span> <span class='ocrx_word' id='word_1_472' title='bbox 198 2183 230 2209; x_wconf 78' lang='grc' dir='ltr'><strong>Τί</strong></span> <span class='ocrx_word' id='word_1_473' title='bbox 251 2182 340 2209; x_wconf 82' lang='grc' dir='ltr'>τοίνυν</span> <span class='ocrx_word' id='word_1_474' title='bbox 365 2183 438 2217; x_wconf 81' lang='grc' dir='ltr'>ἡμᾶς</span> <span class='ocrx_word' id='word_1_475' title='bbox 460 2182 587 2214; x_wconf 80' lang='grc' dir='ltr'>ζωοποιεῖ</span> <span class='ocrx_word' id='word_1_476' title='bbox 603 2184 651 2219; x_wconf 78' lang='grc' dir='ltr'>μὲν</span> <span class='ocrx_word' id='word_1_477' title='bbox 681 2184 719 2216; x_wconf 81' lang='grc' dir='ltr'><strong>ὡς</strong></span> <span class='ocrx_word' id='word_1_478' title='bbox 732 2183 809 2216; x_wconf 78' lang='grc' dir='ltr'>Θεὸς,</span> <span class='ocrx_word' id='word_1_479' title='bbox 827 2182 896 2218; x_wconf 78' lang='grc' dir='ltr'>πλὴν</span> 
     </span>
    </p>
   </div>
   <div class='ocr_carea' id='block_1_63' title="bbox 947 948 1732 984">
    <p class='ocr_par' dir='ltr' id='par_1_63' title="bbox 947 948 1732 984">
     <span class='ocr_line' id='line_1_63' title="bbox 947 948 1732 984; baseline -0.004 -6"><span class='ocrx_word' id='word_1_480' title='bbox 947 959 999 978; x_wconf 88' lang='lat' dir='ltr'><strong>non</strong></span> <span class='ocrx_word' id='word_1_481' title='bbox 1019 951 1109 984; x_wconf 85' lang='lat' dir='ltr'><strong>habet,</strong></span> <span class='ocrx_word' id='word_1_482' title='bbox 1120 951 1163 978; x_wconf 89' lang='lat' dir='ltr'><strong>hic</strong></span> <span class='ocrx_word' id='word_1_483' title='bbox 1176 958 1228 977; x_wconf 92' lang='lat' dir='ltr'><strong>non</strong></span> <span class='ocrx_word' id='word_1_484' title='bbox 1247 955 1288 978; x_wconf 88' lang='lat' dir='ltr'><strong>est</strong></span> <span class='ocrx_word' id='word_1_485' title='bbox 1299 950 1393 984; x_wconf 83' lang='lat' dir='ltr'><strong>ipsius.</strong></span> <span class='ocrx_word' id='word_1_486' title='bbox 1407 949 1435 976; x_wconf 84' lang='lat' dir='ltr'><strong>Si</strong></span> <span class='ocrx_word' id='word_1_487' title='bbox 1450 953 1538 977; x_wconf 79' lang='lat' dir='ltr'><strong>autem</strong></span> <span class='ocrx_word' id='word_1_488' title='bbox 1552 948 1676 976; x_wconf 85' lang='lat' dir='ltr'><strong>Christus</strong></span> <span class='ocrx_word' id='word_1_489' title='bbox 1689 953 1732 976; x_wconf 83' lang='lat' dir='ltr'><strong>est</strong></span> 
     </span>
    </p>
   </div>
   <div class='ocr_carea' id='block_1_64' title="bbox 947 996 1731 1030">
    <p class='ocr_par' dir='ltr' id='par_1_64' title="bbox 947 996 1731 1030">
     <span class='ocr_line' id='line_1_64' title="bbox 947 996 1731 1030; baseline -0.005 -6"><span class='ocrx_word' id='word_1_490' title='bbox 947 997 973 1024; x_wconf 91' lang='lat' dir='ltr'><strong>in</strong></span> <span class='ocrx_word' id='word_1_491' title='bbox 991 997 1077 1030; x_wconf 84' lang='lat' dir='ltr'><strong>vobis,</strong></span> <span class='ocrx_word' id='word_1_492' title='bbox 1090 1004 1188 1030; x_wconf 80' lang='lat' dir='ltr'><strong>corpus</strong></span> <span class='ocrx_word' id='word_1_493' title='bbox 1206 996 1315 1030; x_wconf 86' lang='lat' dir='ltr'><strong>quidem</strong></span> <span class='ocrx_word' id='word_1_494' title='bbox 1336 999 1470 1023; x_wconf 85' lang='lat' dir='ltr'><strong>mortuum</strong></span> <span class='ocrx_word' id='word_1_495' title='bbox 1485 999 1527 1021; x_wconf 89' lang='lat' dir='ltr'><strong>est</strong></span> <span class='ocrx_word' id='word_1_496' title='bbox 1545 999 1654 1029; x_wconf 82' lang='lat' dir='ltr'><strong>propter</strong></span> <span class='ocrx_word' id='word_1_497' title='bbox 1668 1001 1731 1028; x_wconf 84' lang='lat' dir='ltr'><strong>pec-</strong></span> 
     </span>
    </p>
   </div>
   <div class='ocr_carea' id='block_1_65' title="bbox 947 1039 1727 1077">
    <p class='ocr_par' dir='ltr' id='par_1_65' title="bbox 947 1039 1727 1077">
     <span class='ocr_line' id='line_1_65' title="bbox 947 1039 1727 1077; baseline -0.004 -7"><span class='ocrx_word' id='word_1_498' title='bbox 947 1049 1052 1075; x_wconf 82' lang='lat' dir='ltr'><strong>catum,</strong></span> <span class='ocrx_word' id='word_1_499' title='bbox 1067 1043 1180 1077; x_wconf 86' lang='lat' dir='ltr'><strong>spiritus</strong></span> <span class='ocrx_word' id='word_1_500' title='bbox 1191 1049 1255 1069; x_wconf 69' lang='lat' dir='ltr'><strong>vero</strong></span> <span class='ocrx_word' id='word_1_501' title='bbox 1268 1042 1322 1069; x_wconf 86' lang='lat' dir='ltr'><strong>vita</strong></span> <span class='ocrx_word' id='word_1_502' title='bbox 1334 1040 1673 1076; x_wconf 76' lang='lat' dir='ltr'><strong>propterjustiiicationcnt</strong></span> <span class='ocrx_word' id='word_1_503' title='bbox 1683 1039 1727 1076; x_wconf 60' lang='grc' dir='ltr'><strong>’.ρ</strong></span> 
     </span>
    </p>
   </div>
   <div class='ocr_carea' id='block_1_66' title="bbox 983 1086 1731 1122">
    <p class='ocr_par' dir='ltr' id='par_1_66' title="bbox 983 1086 1731 1122">
     <span class='ocr_line' id='line_1_66' title="bbox 983 1086 1731 1122; baseline -0.005 -6"><span class='ocrx_word' id='word_1_504' title='bbox 983 1088 1013 1116; x_wconf 85' lang='grc' dir='ltr'><strong>Β.</strong></span> <span class='ocrx_word' id='word_1_505' title='bbox 1029 1088 1149 1122; x_wconf 85' lang='lat' dir='ltr'><strong>Spiritus</strong></span> <span class='ocrx_word' id='word_1_506' title='bbox 1166 1088 1256 1122; x_wconf 80' lang='lat' dir='ltr'><strong>itaque</strong></span> <span class='ocrx_word' id='word_1_507' title='bbox 1280 1087 1360 1122; x_wconf 80' lang='lat'><strong>707</strong></span> <span class='ocrx_word' id='word_1_508' title='bbox 1379 1087 1502 1121; x_wconf 90' lang='lat' dir='ltr'><strong>proprius</strong></span> <span class='ocrx_word' id='word_1_509' title='bbox 1520 1091 1561 1113; x_wconf 87' lang='lat' dir='ltr'><strong>est</strong></span> <span class='ocrx_word' id='word_1_510' title='bbox 1583 1086 1655 1118; x_wconf 84' lang='lat' dir='ltr'><strong>Filii,</strong></span> <span class='ocrx_word' id='word_1_511' title='bbox 1677 1093 1731 1112; x_wconf 76' lang='lat' dir='ltr'><strong>non</strong></span> 
     </span>
    </p>
   </div>
   <div class='ocr_carea' id='block_1_67' title="bbox 946 1129 1729 1168">
    <p class='ocr_par' dir='ltr' id='par_1_67' title="bbox 946 1129 1729 1168">
     <span class='ocr_line' id='line_1_67' title="bbox 946 1129 1729 1168; baseline -0.006 -7"><span class='ocrx_word' id='word_1_512' title='bbox 946 1135 1033 1164; x_wconf 85' lang='lat' dir='ltr'><strong>solum</strong></span> <span class='ocrx_word' id='word_1_513' title='bbox 1051 1138 1185 1168; x_wconf 86' lang='lat' dir='ltr'><strong>quatenus</strong></span> <span class='ocrx_word' id='word_1_514' title='bbox 1207 1137 1249 1160; x_wconf 88' lang='lat' dir='ltr'><strong>est</strong></span> <span class='ocrx_word' id='word_1_515' title='bbox 1273 1131 1390 1159; x_wconf 79' lang='lat' dir='ltr'><strong>Verbum</strong></span> <span class='ocrx_word' id='word_1_516' title='bbox 1412 1139 1445 1158; x_wconf 83' lang='lat' dir='ltr'><strong>cx</strong></span> <span class='ocrx_word' id='word_1_517' title='bbox 1468 1129 1550 1157; x_wconf 83' lang='lat' dir='ltr'><strong>Patre</strong></span> <span class='ocrx_word' id='word_1_518' title='bbox 1570 1130 1729 1164; x_wconf 86' lang='lat' dir='ltr'><strong>procedens,</strong></span> 
     </span>
    </p>
   </div>
   <div class='ocr_carea' id='block_1_68' title="bbox 946 1175 1730 1213">
    <p class='ocr_par' dir='ltr' id='par_1_68' title="bbox 946 1175 1730 1213">
     <span class='ocr_line' id='line_1_68' title="bbox 946 1175 1730 1213; baseline -0.005 -6"><span class='ocrx_word' id='word_1_519' title='bbox 946 1187 1039 1207; x_wconf 90' lang='lat' dir='ltr'><strong>verum</strong></span> <span class='ocrx_word' id='word_1_520' title='bbox 1067 1179 1148 1207; x_wconf 78' lang='lat' dir='ltr'><strong>etiarn</strong></span> <span class='ocrx_word' id='word_1_521' title='bbox 1181 1183 1316 1213; x_wconf 75' lang='lat' dir='ltr'><strong>quatenus</strong></span> <span class='ocrx_word' id='word_1_522' title='bbox 1340 1182 1382 1205; x_wconf 89' lang='lat' dir='ltr'><strong>est</strong></span> <span class='ocrx_word' id='word_1_523' title='bbox 1412 1177 1492 1204; x_wconf 82' lang='lat' dir='ltr'><strong>homo</strong></span> <span class='ocrx_word' id='word_1_524' title='bbox 1520 1175 1606 1203; x_wconf 86' lang='lat' dir='ltr'><strong>nostri</strong></span> <span class='ocrx_word' id='word_1_525' title='bbox 1633 1175 1730 1204; x_wconf 82' lang='lat' dir='ltr'><strong>similis</strong></span> 
     </span>
    </p>
   </div>
   <div class='ocr_carea' id='block_1_69' title="bbox 945 1226 1045 1254">
    <p class='ocr_par' dir='ltr' id='par_1_69' title="bbox 945 1226 1045 1254">
     <span class='ocr_line' id='line_1_69' title="bbox 945 1226 1045 1254; baseline 0.01 -1"><span class='ocrx_word' id='word_1_526' title='bbox 945 1226 1045 1254; x_wconf 80' lang='lat' dir='ltr'><strong>factus.</strong></span> 
     </span>
    </p>
   </div>
   <div class='ocr_carea' id='block_1_70' title="bbox 981 1267 1729 1306">
    <p class='ocr_par' dir='ltr' id='par_1_70' title="bbox 981 1267 1729 1306">
     <span class='ocr_line' id='line_1_70' title="bbox 981 1267 1729 1306; baseline -0.008 -6"><span class='ocrx_word' id='word_1_527' title='bbox 981 1273 1014 1300; x_wconf 78' lang='grc' dir='ltr'>Λ.</span> <span class='ocrx_word' id='word_1_528' title='bbox 1046 1271 1173 1306; x_wconf 82' lang='lat' dir='ltr'><strong>Proprias</strong></span> <span class='ocrx_word' id='word_1_529' title='bbox 1193 1270 1300 1305; x_wconf 78' lang='lat' dir='ltr'><strong>quidem</strong></span> <span class='ocrx_word' id='word_1_530' title='bbox 1317 1274 1346 1296; x_wconf 91' lang='lat' dir='ltr'><strong>ut</strong></span> <span class='ocrx_word' id='word_1_531' title='bbox 1358 1277 1390 1296; x_wconf 76' lang='lat' dir='ltr'><strong>ex</strong></span> <span class='ocrx_word' id='word_1_532' title='bbox 1403 1269 1484 1296; x_wconf 80' lang='lat' dir='ltr'><strong>Patre</strong></span> <span class='ocrx_word' id='word_1_533' title='bbox 1504 1269 1530 1296; x_wconf 91' lang='lat' dir='ltr'><strong>in</strong></span> <span class='ocrx_word' id='word_1_534' title='bbox 1547 1267 1729 1296; x_wconf 83' lang='lat' dir='ltr'><strong>consubstan-</strong></span> 
     </span>
    </p>
   </div>
   <div class='ocr_carea' id='block_1_71' title="bbox 947 1313 1729 1352">
    <p class='ocr_par' dir='ltr' id='par_1_71' title="bbox 947 1313 1729 1352">
     <span class='ocr_line' id='line_1_71' title="bbox 947 1313 1729 1352; baseline -0.009 -6"><span class='ocrx_word' id='word_1_535' title='bbox 947 1319 1004 1346; x_wconf 87' lang='lat' dir='ltr'><strong>tiali</strong></span> <span class='ocrx_word' id='word_1_536' title='bbox 1022 1318 1090 1346; x_wconf 81' lang='lat' dir='ltr'><strong>Filio</strong></span> <span class='ocrx_word' id='word_1_537' title='bbox 1106 1325 1138 1344; x_wconf 85' lang='lat' dir='ltr'><strong>ex</strong></span> <span class='ocrx_word' id='word_1_538' title='bbox 1167 1324 1229 1344; x_wconf 78' lang='lat' dir='ltr'><strong>sese</strong></span> <span class='ocrx_word' id='word_1_539' title='bbox 1250 1317 1341 1352; x_wconf 72' lang='lat' dir='ltr'><strong>genito</strong></span> <span class='ocrx_word' id='word_1_540' title='bbox 1373 1315 1468 1348; x_wconf 81' lang='lat' dir='ltr'><strong>Verbo,</strong></span> <span class='ocrx_word' id='word_1_541' title='bbox 1484 1314 1590 1342; x_wconf 86' lang='lat' dir='ltr'><strong>tametsi</strong></span> <span class='ocrx_word' id='word_1_542' title='bbox 1621 1313 1729 1341; x_wconf 80' lang='lat' dir='ltr'><strong>dicatur</strong></span> 
     </span>
    </p>
   </div>
   <div class='ocr_carea' id='block_1_72' title="bbox 945 1359 1728 1398">
    <p class='ocr_par' dir='ltr' id='par_1_72' title="bbox 945 1359 1728 1398">
     <span class='ocr_line' id='line_1_72' title="bbox 945 1359 1728 1398; baseline -0.008 -7"><span class='ocrx_word' id='word_1_543' title='bbox 945 1371 1006 1392; x_wconf 90' lang='lat' dir='ltr'><strong>eum</strong></span> <span class='ocrx_word' id='word_1_544' title='bbox 1034 1363 1158 1398; x_wconf 84' lang='lat' dir='ltr'><strong>accipere</strong></span> <span class='ocrx_word' id='word_1_545' title='bbox 1174 1363 1281 1397; x_wconf 85' lang='lat' dir='ltr'><strong>quando</strong></span> <span class='ocrx_word' id='word_1_546' title='bbox 1298 1362 1386 1389; x_wconf 78' lang='lat' dir='ltr'><strong>factus</strong></span> <span class='ocrx_word' id='word_1_547' title='bbox 1413 1365 1456 1388; x_wconf 88' lang='lat' dir='ltr'><strong>est</strong></span> <span class='ocrx_word' id='word_1_548' title='bbox 1478 1361 1569 1393; x_wconf 89' lang='lat' dir='ltr'><strong>homo,</strong></span> <span class='ocrx_word' id='word_1_549' title='bbox 1604 1359 1648 1394; x_wconf 88' lang='lat' dir='ltr'><strong>qui</strong></span> <span class='ocrx_word' id='word_1_550' title='bbox 1665 1366 1728 1394; x_wconf 57' lang='lat' dir='ltr'><strong>pro-</strong></span> 
     </span>
    </p>
   </div>
   <div class='ocr_carea' id='block_1_73' title="bbox 927 1406 1730 1445">
    <p class='ocr_par' dir='ltr' id='par_1_73' title="bbox 927 1406 1730 1445">
     <span class='ocr_line' id='line_1_73' title="bbox 927 1406 1730 1445; baseline -0.002 -10"><span class='ocrx_word' id='word_1_551' title='bbox 927 1434 930 1435; x_wconf 65' lang='lat'>,</span> <span class='ocrx_word' id='word_1_552' title='bbox 946 1410 1110 1445; x_wconf 85' lang='lat' dir='ltr'><strong>prietatibus</strong></span> <span class='ocrx_word' id='word_1_553' title='bbox 1128 1409 1280 1436; x_wconf 86' lang='lat' dir='ltr'><strong>divinitatis</strong></span> <span class='ocrx_word' id='word_1_554' title='bbox 1305 1409 1332 1435; x_wconf 91' lang='lat' dir='ltr'><strong>in</strong></span> <span class='ocrx_word' id='word_1_555' title='bbox 1359 1415 1405 1434; x_wconf 88' lang='lat' dir='ltr'><strong>sua</strong></span> <span class='ocrx_word' id='word_1_556' title='bbox 1423 1411 1518 1434; x_wconf 86' lang='lat' dir='ltr'><strong>natura</strong></span> <span class='ocrx_word' id='word_1_557' title='bbox 1531 1410 1616 1433; x_wconf 83' lang='lat' dir='ltr'><strong>caret.</strong></span> <span class='ocrx_word' id='word_1_558' title='bbox 1641 1406 1730 1440; x_wconf 82' lang='lat' dir='ltr'><strong>Atque</strong></span> 
     </span>
    </p>
   </div>
   <div class='ocr_carea' id='block_1_74' title="bbox 946 1450 1729 1490">
    <p class='ocr_par' dir='ltr' id='par_1_74' title="bbox 946 1450 1729 1490">
     <span class='ocr_line' id='line_1_74' title="bbox 946 1450 1729 1490; baseline -0.006 -8"><span class='ocrx_word' id='word_1_559' title='bbox 946 1455 1046 1482; x_wconf 80' lang='lat' dir='ltr'><strong>idrirco</strong></span> <span class='ocrx_word' id='word_1_560' title='bbox 1069 1455 1126 1490; x_wconf 90' lang='lat' dir='ltr'><strong>ipse</strong></span> <span class='ocrx_word' id='word_1_561' title='bbox 1147 1462 1207 1481; x_wconf 92' lang='lat' dir='ltr'><strong>cutn</strong></span> <span class='ocrx_word' id='word_1_562' title='bbox 1225 1454 1260 1481; x_wconf 88' lang='lat' dir='ltr'><strong>sit</strong></span> <span class='ocrx_word' id='word_1_563' title='bbox 1288 1453 1408 1480; x_wconf 88' lang='lat' dir='ltr'><strong>omnium</strong></span> <span class='ocrx_word' id='word_1_564' title='bbox 1432 1452 1496 1485; x_wconf 86' lang='lat' dir='ltr'><strong>vita,</strong></span> <span class='ocrx_word' id='word_1_565' title='bbox 1514 1451 1576 1486; x_wconf 87' lang='lat' dir='ltr'><strong>quia</strong></span> <span class='ocrx_word' id='word_1_566' title='bbox 1603 1450 1729 1478; x_wconf 76' lang='lat' dir='ltr'><strong>inclTabili</strong></span> 
     </span>
    </p>
   </div>
   <div class='ocr_carea' id='block_1_75' title="bbox 947 1496 1730 1534">
    <p class='ocr_par' dir='ltr' id='par_1_75' title="bbox 947 1496 1730 1534">
     <span class='ocr_line' id='line_1_75' title="bbox 947 1496 1730 1534; baseline -0.008 -6"><span class='ocrx_word' id='word_1_567' title='bbox 947 1502 1025 1528; x_wconf 87' lang='lat' dir='ltr'><strong>tnodo</strong></span> <span class='ocrx_word' id='word_1_568' title='bbox 1051 1508 1084 1528; x_wconf 78' lang='lat' dir='ltr'><strong>ex</strong></span> <span class='ocrx_word' id='word_1_569' title='bbox 1116 1501 1176 1528; x_wconf 84' lang='lat' dir='ltr'><strong>vivo</strong></span> <span class='ocrx_word' id='word_1_570' title='bbox 1204 1499 1283 1526; x_wconf 89' lang='lat' dir='ltr'><strong>Patre</strong></span> <span class='ocrx_word' id='word_1_571' title='bbox 1309 1499 1414 1534; x_wconf 74' lang='lat' dir='ltr'><strong>genitus</strong></span> <span class='ocrx_word' id='word_1_572' title='bbox 1433 1503 1484 1530; x_wconf 83' lang='lat' dir='ltr'><strong>est,</strong></span> <span class='ocrx_word' id='word_1_573' title='bbox 1514 1505 1565 1524; x_wconf 85' lang='lat' dir='ltr'><strong>una</strong></span> <span class='ocrx_word' id='word_1_574' title='bbox 1591 1496 1730 1524; x_wconf 79' lang='lat' dir='ltr'><strong>nobiscum</strong></span> 
     </span>
    </p>
   </div>
   <div class='ocr_carea' id='block_1_76' title="bbox 946 1543 1729 1578">
    <p class='ocr_par' dir='ltr' id='par_1_76' title="bbox 946 1543 1729 1578">
     <span class='ocr_line' id='line_1_76' title="bbox 946 1543 1729 1578; baseline -0.008 -4"><span class='ocrx_word' id='word_1_575' title='bbox 946 1547 1094 1574; x_wconf 83' lang='lat' dir='ltr'><strong>viviﬁcalus</strong></span> <span class='ocrx_word' id='word_1_576' title='bbox 1107 1553 1167 1573; x_wconf 87' lang='lat' dir='ltr'><strong>esse</strong></span> <span class='ocrx_word' id='word_1_577' title='bbox 1188 1546 1296 1573; x_wconf 84' lang='lat' dir='ltr'><strong>dicitur.</strong></span> <span class='ocrx_word' id='word_1_578' title='bbox 1321 1543 1417 1572; x_wconf 81' lang='lat' dir='ltr'><strong>Videre</strong></span> <span class='ocrx_word' id='word_1_579' title='bbox 1445 1549 1534 1571; x_wconf 86' lang='lat' dir='ltr'><strong>tamen</strong></span> <span class='ocrx_word' id='word_1_580' title='bbox 1558 1548 1615 1575; x_wconf 87' lang='lat' dir='ltr'><strong>est,</strong></span> <span class='ocrx_word' id='word_1_581' title='bbox 1642 1544 1729 1578; x_wconf 81' lang='lat' dir='ltr'><strong>ipsum</strong></span> 
     </span>
    </p>
   </div>
   <div class='ocr_carea' id='block_1_77' title="bbox 947 1589 1731 1625">
    <p class='ocr_par' dir='ltr' id='par_1_77' title="bbox 947 1589 1731 1625">
     <span class='ocr_line' id='line_1_77' title="bbox 947 1589 1731 1625; baseline -0.005 -6"><span class='ocrx_word' id='word_1_582' title='bbox 947 1592 1020 1619; x_wconf 86' lang='lat' dir='ltr'><strong>carni</strong></span> <span class='ocrx_word' id='word_1_583' title='bbox 1034 1599 1089 1619; x_wconf 66' lang='lat' dir='ltr'><strong>suae</strong></span> <span class='ocrx_word' id='word_1_584' title='bbox 1115 1592 1213 1618; x_wconf 70' lang='lat' dir='ltr'><strong>divinat</strong></span> <span class='ocrx_word' id='word_1_585' title='bbox 1237 1591 1401 1625; x_wconf 84' lang='lat' dir='ltr'><strong>operationis</strong></span> <span class='ocrx_word' id='word_1_586' title='bbox 1417 1590 1530 1624; x_wconf 79' lang='lat' dir='ltr'><strong>gloriam</strong></span> <span class='ocrx_word' id='word_1_587' title='bbox 1551 1589 1690 1620; x_wconf 83' lang='lat' dir='ltr'><strong>tribuisse,</strong></span> <span class='ocrx_word' id='word_1_588' title='bbox 1703 1593 1731 1615; x_wconf 80' lang='lat' dir='ltr'><strong>et</strong></span> 
     </span>
    </p>
   </div>
   <div class='ocr_carea' id='block_1_78' title="bbox 946 1635 1732 1672">
    <p class='ocr_par' dir='ltr' id='par_1_78' title="bbox 946 1635 1732 1672">
     <span class='ocr_line' id='line_1_78' title="bbox 946 1635 1732 1672; baseline -0.008 -6"><span class='ocrx_word' id='word_1_589' title='bbox 946 1639 1064 1666; x_wconf 88' lang='lat' dir='ltr'><strong>vicissim</strong></span> <span class='ocrx_word' id='word_1_590' title='bbox 1078 1638 1353 1672; x_wconf 84' lang='lat' dir='ltr'><strong>carnis‘proprietatcs</strong></span> <span class='ocrx_word' id='word_1_591' title='bbox 1367 1644 1414 1671; x_wconf 89' lang='lat' dir='ltr'><strong>per</strong></span> <span class='ocrx_word' id='word_1_592' title='bbox 1434 1636 1562 1663; x_wconf 85' lang='lat' dir='ltr'><strong>unitatem</strong></span> <span class='ocrx_word' id='word_1_593' title='bbox 1587 1635 1656 1662; x_wconf 86' lang='lat' dir='ltr'><strong>illam</strong></span> <span class='ocrx_word' id='word_1_594' title='bbox 1671 1642 1732 1670; x_wconf 79' lang='lat' dir='ltr'><strong>quae</strong></span> 
     </span>
    </p>
   </div>
   <div class='ocr_carea' id='block_1_79' title="bbox 945 1682 1733 1717">
    <p class='ocr_par' dir='ltr' id='par_1_79' title="bbox 945 1682 1733 1717">
     <span class='ocr_line' id='line_1_79' title="bbox 945 1682 1733 1717; baseline -0.005 -6"><span class='ocrx_word' id='word_1_595' title='bbox 945 1692 977 1712; x_wconf 82' lang='lat' dir='ltr'><strong>ex</strong></span> <span class='ocrx_word' id='word_1_596' title='bbox 1005 1684 1192 1711; x_wconf 83' lang='lat' dir='ltr'><strong>incarnatione</strong></span> <span class='ocrx_word' id='word_1_597' title='bbox 1219 1684 1290 1711; x_wconf 81' lang='lat' dir='ltr'><strong>facta</strong></span> <span class='ocrx_word' id='word_1_598' title='bbox 1315 1687 1357 1710; x_wconf 75' lang='lat' dir='ltr'><strong>est.</strong></span> <span class='ocrx_word' id='word_1_599' title='bbox 1378 1683 1411 1710; x_wconf 80' lang='lat' dir='ltr'><strong>ad</strong></span> <span class='ocrx_word' id='word_1_600' title='bbox 1435 1682 1570 1717; x_wconf 88' lang='lat' dir='ltr'><strong>propriam</strong></span> <span class='ocrx_word' id='word_1_601' title='bbox 1592 1688 1733 1708; x_wconf 84' lang='lat' dir='ltr'><strong>suamna-</strong></span> 
     </span>
    </p>
   </div>
   <div class='ocr_carea' id='block_1_80' title="bbox 946 1730 1194 1757">
    <p class='ocr_par' dir='ltr' id='par_1_80' title="bbox 946 1730 1194 1757">
     <span class='ocr_line' id='line_1_80' title="bbox 946 1730 1194 1757; baseline 0 0"><span class='ocrx_word' id='word_1_602' title='bbox 946 1735 1032 1757; x_wconf 86' lang='lat' dir='ltr'><strong>turam</strong></span> <span class='ocrx_word' id='word_1_603' title='bbox 1054 1730 1194 1757; x_wconf 84' lang='lat' dir='ltr'><strong>ascivisse.</strong></span> 
     </span>
    </p>
   </div>
   <div class='ocr_carea' id='block_1_81' title="bbox 980 1774 1249 1810">
    <p class='ocr_par' dir='ltr' id='par_1_81' title="bbox 980 1774 1249 1810">
     <span class='ocr_line' id='line_1_81' title="bbox 980 1774 1249 1810; baseline -0.004 -8"><span class='ocrx_word' id='word_1_604' title='bbox 980 1775 1010 1802; x_wconf 84' lang='grc' dir='ltr'><strong>Β.</strong></span> <span class='ocrx_word' id='word_1_605' title='bbox 1025 1775 1083 1808; x_wconf 76' lang='lat' dir='ltr'><strong>Quo</strong></span> <span class='ocrx_word' id='word_1_606' title='bbox 1094 1780 1172 1810; x_wconf 86' lang='lat' dir='ltr'><strong>pacto</strong></span> <span class='ocrx_word' id='word_1_607' title='bbox 1183 1775 1223 1802; x_wconf 87' lang='lat' dir='ltr'><strong>ais</strong></span> <span class='ocrx_word' id='word_1_608' title='bbox 1238 1774 1249 1801; x_wconf 88' lang='lat'><strong>?</strong></span> 
     </span>
    </p>
   </div>
   <div class='ocr_carea' id='block_1_82' title="bbox 980 1817 1731 1852">
    <p class='ocr_par' dir='ltr' id='par_1_82' title="bbox 980 1817 1731 1852">
     <span class='ocr_line' id='line_1_82' title="bbox 980 1817 1731 1852; baseline -0.007 -4"><span class='ocrx_word' id='word_1_609' title='bbox 980 1822 1013 1848; x_wconf 85' lang='lat' dir='ltr'><strong>A.</strong></span> <span class='ocrx_word' id='word_1_610' title='bbox 1033 1821 1128 1848; x_wconf 83' lang='lat' dir='ltr'><strong>Nonne</strong></span> <span class='ocrx_word' id='word_1_611' title='bbox 1150 1821 1267 1848; x_wconf 75' lang='lat' dir='ltr'><strong>maxime</strong></span> <span class='ocrx_word' id='word_1_612' title='bbox 1294 1819 1441 1848; x_wconf 80' lang='lat' dir='ltr'><strong>convenire</strong></span> <span class='ocrx_word' id='word_1_613' title='bbox 1460 1818 1534 1846; x_wconf 90' lang='lat' dir='ltr'><strong>dices</strong></span> <span class='ocrx_word' id='word_1_614' title='bbox 1552 1817 1639 1845; x_wconf 86' lang='lat' dir='ltr'><strong>Verbo</strong></span> <span class='ocrx_word' id='word_1_615' title='bbox 1659 1817 1731 1852; x_wconf 87' lang='lat' dir='ltr'><strong>quod</strong></span> 
     </span>
    </p>
   </div>
   <div class='ocr_carea' id='block_1_83' title="bbox 945 1863 1734 1898">
    <p class='ocr_par' dir='ltr' id='par_1_83' title="bbox 945 1863 1734 1898">
     <span class='ocr_line' id='line_1_83' title="bbox 945 1863 1734 1898; baseline -0.006 -4"><span class='ocrx_word' id='word_1_616' title='bbox 945 1871 988 1895; x_wconf 83' lang='lat' dir='ltr'><strong>est</strong></span> <span class='ocrx_word' id='word_1_617' title='bbox 1002 1866 1151 1893; x_wconf 85' lang='lat' dir='ltr'><strong>secundum</strong></span> <span class='ocrx_word' id='word_1_618' title='bbox 1164 1869 1288 1892; x_wconf 86' lang='lat' dir='ltr'><strong>naturam</strong></span> <span class='ocrx_word' id='word_1_619' title='bbox 1302 1872 1334 1891; x_wconf 87' lang='lat' dir='ltr'><strong>ex</strong></span> <span class='ocrx_word' id='word_1_620' title='bbox 1352 1865 1415 1896; x_wconf 86' lang='lat' dir='ltr'><strong>Deo,</strong></span> <span class='ocrx_word' id='word_1_621' title='bbox 1439 1871 1556 1898; x_wconf 87' lang='lat' dir='ltr'><strong>superne</strong></span> <span class='ocrx_word' id='word_1_622' title='bbox 1571 1867 1598 1890; x_wconf 85' lang='lat' dir='ltr'><strong>et</strong></span> <span class='ocrx_word' id='word_1_623' title='bbox 1617 1869 1649 1890; x_wconf 82' lang='lat' dir='ltr'><strong>ex</strong></span> <span class='ocrx_word' id='word_1_624' title='bbox 1663 1863 1734 1889; x_wconf 77' lang='lat' dir='ltr'><strong>cmlo</strong></span> 
     </span>
    </p>
   </div>
   <div class='ocr_carea' id='block_1_84' title="bbox 945 1907 1735 1946">
    <p class='ocr_par' dir='ltr' id='par_1_84' title="bbox 945 1907 1735 1946">
     <span class='ocr_line' id='line_1_84' title="bbox 945 1907 1735 1946; baseline -0.011 -4"><span class='ocrx_word' id='word_1_625' title='bbox 945 1914 1048 1946; x_wconf 86' lang='lat' dir='ltr'><strong>venire,</strong></span> <span class='ocrx_word' id='word_1_626' title='bbox 1075 1916 1101 1938; x_wconf 82' lang='lat' dir='ltr'><strong>et</strong></span> <span class='ocrx_word' id='word_1_627' title='bbox 1125 1910 1264 1936; x_wconf 79' lang='lat' dir='ltr'><strong>viviticare</strong></span> <span class='ocrx_word' id='word_1_628' title='bbox 1295 1915 1372 1943; x_wconf 80' lang='lat' dir='ltr'><strong>posse</strong></span> <span class='ocrx_word' id='word_1_629' title='bbox 1400 1915 1430 1935; x_wconf 86' lang='lat' dir='ltr'><strong>ea</strong></span> <span class='ocrx_word' id='word_1_630' title='bbox 1458 1908 1556 1942; x_wconf 89' lang='lat' dir='ltr'><strong>quibus</strong></span> <span class='ocrx_word' id='word_1_631' title='bbox 1576 1907 1659 1934; x_wconf 89' lang='lat' dir='ltr'><strong>vitam</strong></span> <span class='ocrx_word' id='word_1_632' title='bbox 1684 1907 1735 1934; x_wconf 83' lang='lat' dir='ltr'><strong>int—</strong></span> 
     </span>
    </p>
   </div>
   <div class='ocr_carea' id='block_1_85' title="bbox 946 1955 1216 1987">
    <p class='ocr_par' dir='ltr' id='par_1_85' title="bbox 946 1955 1216 1987">
     <span class='ocr_line' id='line_1_85' title="bbox 946 1955 1216 1987; baseline -0.022 0"><span class='ocrx_word' id='word_1_633' title='bbox 946 1959 1053 1987; x_wconf 89' lang='lat' dir='ltr'><strong>mittere</strong></span> <span class='ocrx_word' id='word_1_634' title='bbox 1075 1955 1190 1983; x_wconf 86' lang='lat' dir='ltr'><strong>voluerit</strong></span> <span class='ocrx_word' id='word_1_635' title='bbox 1204 1955 1216 1982; x_wconf 84' lang='lat'><strong>?</strong></span> 
     </span>
    </p>
   </div>
   <div class='ocr_carea' id='block_1_86' title="bbox 981 2001 1155 2032">
    <p class='ocr_par' dir='ltr' id='par_1_86' title="bbox 981 2001 1155 2032">
     <span class='ocr_line' id='line_1_86' title="bbox 981 2001 1155 2032; baseline -0.023 0"><span class='ocrx_word' id='word_1_636' title='bbox 981 2004 1012 2032; x_wconf 88' lang='lat' dir='ltr'><strong>B.</strong></span> <span class='ocrx_word' id='word_1_637' title='bbox 1029 2001 1155 2030; x_wconf 88' lang='lat' dir='ltr'><strong>Omnino.</strong></span> 
     </span>
    </p>
   </div>
   <div class='ocr_carea' id='block_1_87' title="bbox 981 2044 1732 2082">
    <p class='ocr_par' dir='ltr' id='par_1_87' title="bbox 981 2044 1732 2082">
     <span class='ocr_line' id='line_1_87' title="bbox 981 2044 1732 2082; baseline -0.007 -4"><span class='ocrx_word' id='word_1_638' title='bbox 981 2051 1013 2078; x_wconf 82' lang='grc' dir='ltr'>Λ.</span> <span class='ocrx_word' id='word_1_639' title='bbox 1045 2049 1112 2082; x_wconf 81' lang='lat' dir='ltr'><strong>Quid</strong></span> <span class='ocrx_word' id='word_1_640' title='bbox 1137 2046 1338 2076; x_wconf 83' lang='lat' dir='ltr'><strong>vero?Creare</strong></span> <span class='ocrx_word' id='word_1_641' title='bbox 1367 2045 1458 2073; x_wconf 90' lang='lat' dir='ltr'><strong>divino</strong></span> <span class='ocrx_word' id='word_1_642' title='bbox 1488 2052 1573 2078; x_wconf 86' lang='lat' dir='ltr'><strong>more,</strong></span> <span class='ocrx_word' id='word_1_643' title='bbox 1596 2044 1732 2073; x_wconf 82' lang='lat' dir='ltr'><strong>dixerisne</strong></span> 
     </span>
    </p>
   </div>
   <div class='ocr_carea' id='block_1_88' title="bbox 947 2091 1453 2129">
    <p class='ocr_par' dir='ltr' id='par_1_88' title="bbox 947 2091 1453 2129">
     <span class='ocr_line' id='line_1_88' title="bbox 947 2091 1453 2129; baseline -0.012 -5"><span class='ocrx_word' id='word_1_644' title='bbox 947 2097 1026 2125; x_wconf 84' lang='lat' dir='ltr'><strong>etiam</strong></span> <span class='ocrx_word' id='word_1_645' title='bbox 1040 2103 1071 2122; x_wconf 77' lang='lat' dir='ltr'><strong>ex</strong></span> <span class='ocrx_word' id='word_1_646' title='bbox 1089 2095 1214 2122; x_wconf 85' lang='lat' dir='ltr'><strong>humanis</strong></span> <span class='ocrx_word' id='word_1_647' title='bbox 1229 2093 1355 2129; x_wconf 84' lang='lat' dir='ltr'><strong>operibus</strong></span> <span class='ocrx_word' id='word_1_648' title='bbox 1367 2099 1428 2118; x_wconf 81' lang='lat' dir='ltr'><strong>esse</strong></span> <span class='ocrx_word' id='word_1_649' title='bbox 1442 2091 1453 2118; x_wconf 87' lang='lat'><strong>?</strong></span> 
     </span>
    </p>
   </div>
   <div class='ocr_carea' id='block_1_89' title="bbox 982 2143 1374 2176">
    <p class='ocr_par' dir='ltr' id='par_1_89' title="bbox 982 2143 1374 2176">
     <span class='ocr_line' id='line_1_89' title="bbox 982 2143 1374 2176; baseline -0.01 -6"><span class='ocrx_word' id='word_1_650' title='bbox 982 2143 1013 2169; x_wconf 86' lang='grc' dir='ltr'><strong>Β.</strong></span> <span class='ocrx_word' id='word_1_651' title='bbox 1035 2143 1090 2176; x_wconf 74' lang='lat' dir='ltr'><strong>Ego</strong></span> <span class='ocrx_word' id='word_1_652' title='bbox 1105 2146 1178 2169; x_wconf 86' lang='lat' dir='ltr'><strong>certe</strong></span> <span class='ocrx_word' id='word_1_653' title='bbox 1195 2146 1374 2174; x_wconf 82' lang='lat' dir='ltr'><strong>nequaquam.</strong></span> 
     </span>
    </p>
   </div>
   <div class='ocr_carea' id='block_1_90' title="bbox 982 2184 1732 2221">
    <p class='ocr_par' dir='ltr' id='par_1_90' title="bbox 982 2184 1732 2221">
     <span class='ocr_line' id='line_1_90' title="bbox 982 2184 1732 2221; baseline -0.008 -6"><span class='ocrx_word' id='word_1_654' title='bbox 982 2187 1015 2215; x_wconf 82' lang='lat' dir='ltr'><strong>A.</strong></span> <span class='ocrx_word' id='word_1_655' title='bbox 1033 2188 1101 2221; x_wconf 88' lang='lat' dir='ltr'><strong>Quid</strong></span> <span class='ocrx_word' id='word_1_656' title='bbox 1127 2186 1219 2220; x_wconf 81' lang='lat' dir='ltr'><strong>igitur,</strong></span> <span class='ocrx_word' id='word_1_657' title='bbox 1243 2184 1361 2212; x_wconf 76' lang='lat' dir='ltr'><strong>viviﬁcat</strong></span> <span class='ocrx_word' id='word_1_658' title='bbox 1386 2184 1493 2217; x_wconf 86' lang='lat' dir='ltr'><strong>quidem</strong></span> <span class='ocrx_word' id='word_1_659' title='bbox 1518 2191 1566 2211; x_wconf 91' lang='lat' dir='ltr'><strong>nos</strong></span> <span class='ocrx_word' id='word_1_660' title='bbox 1589 2188 1617 2210; x_wconf 86' lang='grc' dir='ltr'><strong>ιιι</strong></span> <span class='ocrx_word' id='word_1_661' title='bbox 1650 2184 1732 2216; x_wconf 80' lang='lat' dir='ltr'><strong>Deus,</strong></span> 
     </span>
    </p>
   </div>
   <div class='ocr_carea' id='block_1_91' title="bbox 108 2227 892 2268">
    <p class='ocr_par' dir='ltr' id='par_1_91' title="bbox 108 2227 892 2265">
     <span class='ocr_line' id='line_1_91' title="bbox 108 2227 892 2265; baseline 0 -11"><span class='ocrx_word' id='word_1_662' title='bbox 108 2229 140 2255; x_wconf 68' lang='grc' dir='ltr'>οὐ</span> <span class='ocrx_word' id='word_1_663' title='bbox 171 2228 250 2263; x_wconf 83' lang='grc' dir='ltr'>μόνον</span> <span class='ocrx_word' id='word_1_664' title='bbox 274 2227 313 2263; x_wconf 80' lang='grc' dir='ltr'>τῷ</span> <span class='ocrx_word' id='word_1_665' title='bbox 338 2228 499 2264; x_wconf 83' lang='grc' dir='ltr'>μεταλαχετν</span> <span class='ocrx_word' id='word_1_666' title='bbox 531 2229 607 2263; x_wconf 84' lang='grc' dir='ltr'>ἁγίου</span> <span class='ocrx_word' id='word_1_667' title='bbox 640 2230 812 2265; x_wconf 56' lang='grc' dir='ltr'>Πηλεὺματος,</span> <span class='ocrx_word' id='word_1_668' title='bbox 838 2228 892 2255; x_wconf 72' lang='grc' dir='ltr'>ἀλλ¹</span> 
     </span>
    </p>
   </div>
   <div class='ocr_carea' id='block_1_92' title="bbox 950 2227 1733 2268">
    <p class='ocr_par' dir='ltr' id='par_1_92' title="bbox 950 2230 1733 2266">
     <span class='ocr_line' id='line_1_92' title="bbox 950 2230 1733 2266; baseline -0.008 -4"><span class='ocrx_word' id='word_1_669' title='bbox 950 2240 1075 2262; x_wconf 70' lang='lat' dir='ltr'><strong>caeterum</strong></span> <span class='ocrx_word' id='word_1_670' title='bbox 1100 2242 1151 2261; x_wconf 90' lang='lat' dir='ltr'><strong>non</strong></span> <span class='ocrx_word' id='word_1_671' title='bbox 1179 2233 1233 2260; x_wconf 82' lang='lat' dir='ltr'><strong>sola</strong></span> <span class='ocrx_word' id='word_1_672' title='bbox 1259 2231 1462 2266; x_wconf 83' lang='lat' dir='ltr'><strong>participatione</strong></span> <span class='ocrx_word' id='word_1_673' title='bbox 1486 2230 1601 2265; x_wconf 87' lang='lat' dir='ltr'><strong>Spiritus</strong></span> <span class='ocrx_word' id='word_1_674' title='bbox 1623 2230 1733 2262; x_wconf 74' lang='lat' dir='ltr'><strong>sancti;</strong></span> 
     </span>
    </p>
   </div>
   <div class='ocr_carea' id='block_1_93' title="bbox 109 2274 894 2311">
    <p class='ocr_par' dir='ltr' id='par_1_93' title="bbox 109 2274 894 2311">
     <span class='ocr_line' id='line_1_93' title="bbox 109 2274 894 2311; baseline 0.003 -11"><span class='ocrx_word' id='word_1_675' title='bbox 109 2274 221 2310; x_wconf 76' lang='grc' dir='ltr'>ἐδεστὴν</span> <span class='ocrx_word' id='word_1_676' title='bbox 247 2274 379 2310; x_wconf 73' lang='grc' dir='ltr'>παραθεὶς</span> <span class='ocrx_word' id='word_1_677' title='bbox 411 2275 457 2301; x_wconf 78' lang='grc' dir='ltr'><strong>καὶ</strong></span> <span class='ocrx_word' id='word_1_678' title='bbox 485 2276 534 2310; x_wconf 86' lang='grc' dir='ltr'>τὴν</span> <span class='ocrx_word' id='word_1_679' title='bbox 562 2275 761 2310; x_wconf 74' lang='grc' dir='ltr'>ἀναληφθεῖσαν</span> <span class='ocrx_word' id='word_1_680' title='bbox 789 2276 894 2311; x_wconf 70' lang='grc' dir='ltr'>σάρκας</span> 
     </span>
    </p>
   </div>
   <div class='ocr_carea' id='block_1_94' title="bbox 112 2319 894 2356">
    <p class='ocr_par' dir='ltr' id='par_1_94' title="bbox 112 2319 894 2356">
     <span class='ocr_line' id='line_1_94' title="bbox 112 2319 894 2356; baseline 0.009 -20"><span class='ocrx_word' id='word_1_681' title='bbox 112 2319 186 2354; x_wconf 41' lang='grc' dir='ltr'><strong>ἐἲ-η</strong></span> <span class='ocrx_word' id='word_1_682' title='bbox 205 2319 269 2354; x_wconf 81' lang='grc' dir='ltr'>γὰρ,</span> <span class='ocrx_word' id='word_1_683' title='bbox 287 2320 327 2345; x_wconf 82' lang='grc' dir='ltr'>ὅτι</span> <span class='ocrx_word' id='word_1_684' title='bbox 354 2328 363 2344; x_wconf 78' lang='grc' dir='ltr'><strong>ι</strong></span> <span class='ocrx_word' id='word_1_685' title='bbox 395 2319 489 2354; x_wconf 81' lang='grc' dir='ltr'>Ἀμὴν,</span> <span class='ocrx_word' id='word_1_686' title='bbox 513 2319 587 2356; x_wconf 83' lang='grc' dir='ltr'>ἀμὴν</span> <span class='ocrx_word' id='word_1_687' title='bbox 608 2320 679 2355; x_wconf 82' lang='grc' dir='ltr'>λέγω</span> <span class='ocrx_word' id='word_1_688' title='bbox 696 2321 770 2355; x_wconf 77' lang='grc' dir='ltr'>ὑμῖν,</span> <span class='ocrx_word' id='word_1_689' title='bbox 788 2321 834 2347; x_wconf 71' lang='grc' dir='ltr'><strong>ἐὰν</strong></span> <span class='ocrx_word' id='word_1_690' title='bbox 857 2321 894 2356; x_wconf 80' lang='grc' dir='ltr'>μὴ</span> 
     </span>
    </p>
   </div>
   <div class='ocr_carea' id='block_1_95' title="bbox 109 2365 894 2401">
    <p class='ocr_par' dir='ltr' id='par_1_95' title="bbox 109 2365 894 2401">
     <span class='ocr_line' id='line_1_95' title="bbox 109 2365 894 2401; baseline 0 -9"><span class='ocrx_word' id='word_1_691' title='bbox 109 2366 215 2400; x_wconf 79' lang='grc' dir='ltr'>φάγητε</span> <span class='ocrx_word' id='word_1_692' title='bbox 228 2365 276 2400; x_wconf 89' lang='grc' dir='ltr'>τὴν</span> <span class='ocrx_word' id='word_1_693' title='bbox 289 2365 377 2400; x_wconf 83' lang='grc' dir='ltr'>σάρκα</span> <span class='ocrx_word' id='word_1_694' title='bbox 388 2365 435 2391; x_wconf 80' lang='grc' dir='ltr'><strong>τοῦ</strong></span> <span class='ocrx_word' id='word_1_695' title='bbox 448 2365 512 2391; x_wconf 62' lang='lat' dir='ltr'><strong>rio-3</strong></span> <span class='ocrx_word' id='word_1_696' title='bbox 526 2366 571 2391; x_wconf 89' lang='grc' dir='ltr'><strong>τοῦ</strong></span> <span class='ocrx_word' id='word_1_697' title='bbox 586 2365 739 2401; x_wconf 77' lang='grc' dir='ltr'>ἀνθρώπου,</span> <span class='ocrx_word' id='word_1_698' title='bbox 755 2366 801 2392; x_wconf 70' lang='grc' dir='ltr'><strong>καὶ</strong></span> <span class='ocrx_word' id='word_1_699' title='bbox 815 2366 894 2400; x_wconf 79' lang='grc' dir='ltr'>πίητε</span> 
     </span>
    </p>
   </div>
   <div class='ocr_carea' id='block_1_96' title="bbox 108 2408 894 2446">
    <p class='ocr_par' dir='ltr' id='par_1_96' title="bbox 108 2408 894 2446">
     <span class='ocr_line' id='line_1_96' title="bbox 108 2408 894 2446; baseline -0.001 -8"><span class='ocrx_word' id='word_1_700' title='bbox 108 2411 192 2438; x_wconf 75' lang='grc' dir='ltr'>αὐτοῦ</span> <span class='ocrx_word' id='word_1_701' title='bbox 212 2412 242 2438; x_wconf 74' lang='grc' dir='ltr'>τὸ</span> <span class='ocrx_word' id='word_1_702' title='bbox 256 2408 335 2446; x_wconf 70' lang='grc' dir='ltr'>αἷμα,</span> <span class='ocrx_word' id='word_1_703' title='bbox 352 2411 402 2438; x_wconf 64' lang='grc' dir='ltr'>οὐκ</span> <span class='ocrx_word' id='word_1_704' title='bbox 415 2410 491 2446; x_wconf 78' lang='grc' dir='ltr'>ἔχετε</span> <span class='ocrx_word' id='word_1_705' title='bbox 508 2410 580 2446; x_wconf 76' lang='grc' dir='ltr'>ζωὴν</span> <span class='ocrx_word' id='word_1_706' title='bbox 596 2412 625 2437; x_wconf 84' lang='grc' dir='ltr'>ὲν</span> <span class='ocrx_word' id='word_1_707' title='bbox 640 2412 754 2442; x_wconf 74' lang='grc' dir='ltr'>ἑαυτοῖς.</span> <span class='ocrx_word' id='word_1_708' title='bbox 775 2420 784 2436; x_wconf 77' lang='grc' dir='ltr'><strong>ι</strong></span> <span class='ocrx_word' id='word_1_709' title='bbox 804 2412 894 2438; x_wconf 77' lang='grc' dir='ltr'>Κατα-</span> 
     </span>
    </p>
   </div>
   <div class='ocr_carea' id='block_1_97' title="bbox 108 2457 893 2495">
    <p class='ocr_par' dir='ltr' id='par_1_97' title="bbox 108 2457 893 2495">
     <span class='ocr_line' id='line_1_97' title="bbox 108 2457 893 2495; baseline -0.001 -10"><span class='ocrx_word' id='word_1_710' title='bbox 108 2458 316 2495; x_wconf 84' lang='grc' dir='ltr'>κερτομούντων</span> <span class='ocrx_word' id='word_1_711' title='bbox 331 2457 359 2484; x_wconf 75' lang='grc' dir='ltr'><strong>δὲ</strong></span> <span class='ocrx_word' id='word_1_712' title='bbox 377 2459 456 2485; x_wconf 73' lang='grc' dir='ltr'>αὑτὸν</span> <span class='ocrx_word' id='word_1_713' title='bbox 469 2458 522 2485; x_wconf 81' lang='grc' dir='ltr'><strong>τῶν</strong></span> <span class='ocrx_word' id='word_1_714' title='bbox 545 2458 678 2485; x_wconf 76' lang='grc' dir='ltr'>Ἰουδαίων</span> <span class='ocrx_word' id='word_1_715' title='bbox 696 2458 770 2487; x_wconf 74' lang='grc' dir='ltr'>ποτὲ,</span> <span class='ocrx_word' id='word_1_716' title='bbox 785 2459 830 2484; x_wconf 68' lang='grc' dir='ltr'><strong>καὶ</strong></span> <span class='ocrx_word' id='word_1_717' title='bbox 845 2457 893 2493; x_wconf 83' lang='grc' dir='ltr'>τὴν</span> 
     </span>
    </p>
   </div>
   <div class='ocr_carea' id='block_1_98' title="bbox 108 2501 894 2539">
    <p class='ocr_par' dir='ltr' id='par_1_98' title="bbox 108 2501 894 2539">
     <span class='ocr_line' id='line_1_98' title="bbox 108 2501 894 2539; baseline -0.001 -9"><span class='ocrx_word' id='word_1_718' title='bbox 108 2505 157 2531; x_wconf 75' lang='grc' dir='ltr'><strong>ἐπὶ</strong></span> <span class='ocrx_word' id='word_1_719' title='bbox 183 2506 238 2536; x_wconf 80' lang='grc' dir='ltr'>τοῖς</span> <span class='ocrx_word' id='word_1_720' title='bbox 265 2504 388 2539; x_wconf 74' lang='grc' dir='ltr'>ἀμείνοσι</span> <span class='ocrx_word' id='word_1_721' title='bbox 403 2504 491 2539; x_wconf 60' lang='grc' dir='ltr'>ψῆφον</span> <span class='ocrx_word' id='word_1_722' title='bbox 515 2504 655 2536; x_wconf 76' lang='grc' dir='ltr'>ἀνάπτειν,</span> <span class='ocrx_word' id='word_1_723' title='bbox 678 2504 728 2530; x_wconf 67' lang='grc' dir='ltr'>οὐκ</span> <span class='ocrx_word' id='word_1_724' title='bbox 741 2501 788 2530; x_wconf 79' lang='grc' dir='ltr'>οἷδ’</span> <span class='ocrx_word' id='word_1_725' title='bbox 807 2504 894 2537; x_wconf 79' lang='grc' dir='ltr'>ὅπως,</span> 
     </span>
    </p>
   </div>
   <div class='ocr_carea' id='block_1_99' title="bbox 109 2549 898 2585">
    <p class='ocr_par' dir='ltr' id='par_1_99' title="bbox 109 2549 898 2585">
     <span class='ocr_line' id='line_1_99' title="bbox 109 2549 898 2585; baseline 0 -9"><span class='ocrx_word' id='word_1_726' title='bbox 109 2551 359 2585; x_wconf 72' lang='grc' dir='ltr'>ἐπικεχειρηκότων</span> <span class='ocrx_word' id='word_1_727' title='bbox 383 2549 421 2584; x_wconf 85' lang='grc' dir='ltr'>τῷ</span> <span class='ocrx_word' id='word_1_728' title='bbox 440 2550 566 2585; x_wconf 83' lang='grc' dir='ltr'>μακαρίῳ</span> <span class='ocrx_word' id='word_1_729' title='bbox 584 2551 688 2582; x_wconf 71' lang='grc' dir='ltr'>Μωσεῖ,</span> <span class='ocrx_word' id='word_1_730' title='bbox 706 2550 855 2585; x_wconf 73' lang='grc' dir='ltr'>εἰρηκότων</span> <span class='ocrx_word' id='word_1_731' title='bbox 870 2549 898 2576; x_wconf 78' lang='grc' dir='ltr'><strong>δὲ</strong></span> 
     </span>
    </p>
   </div>
   <div class='ocr_carea' id='block_1_100' title="bbox 109 2583 896 2631">
    <p class='ocr_par' dir='ltr' id='par_1_100' title="bbox 109 2583 896 2631">
     <span class='ocr_line' id='line_1_100' title="bbox 109 2583 896 2631; baseline -0.001 -9"><span class='ocrx_word' id='word_1_732' title='bbox 109 2595 272 2629; x_wconf 72' lang='grc' dir='ltr'>ἀναφανδόν·</span> <span class='ocrx_word' id='word_1_733' title='bbox 293 2604 303 2620; x_wconf 72' lang='grc' dir='ltr'><strong>ι</strong></span> <span class='ocrx_word' id='word_1_734' title='bbox 325 2597 356 2622; x_wconf 89' lang='grc' dir='ltr'><strong>Οἱ</strong></span> <span class='ocrx_word' id='word_1_735' title='bbox 379 2595 494 2630; x_wconf 76' lang='grc' dir='ltr'>πατέρες</span> <span class='ocrx_word' id='word_1_736' title='bbox 509 2595 586 2631; x_wconf 80' lang='grc' dir='ltr'>ἡμῶν</span> <span class='ocrx_word' id='word_1_737' title='bbox 601 2595 700 2630; x_wconf 72' lang='grc' dir='ltr'>ἔφαγον</span> <span class='ocrx_word' id='word_1_738' title='bbox 715 2595 746 2622; x_wconf 75' lang='grc' dir='ltr'>τὸ</span> <span class='ocrx_word' id='word_1_739' title='bbox 763 2583 849 2630; x_wconf 62' lang='grc' dir='ltr'>μάννα</span> <span class='ocrx_word' id='word_1_740' title='bbox 867 2596 896 2622; x_wconf 83' lang='grc' dir='ltr'>ὲν</span> 
     </span>
    </p>
   </div>
   <div class='ocr_carea' id='block_1_101' title="bbox 109 2640 894 2677">
    <p class='ocr_par' dir='ltr' id='par_1_101' title="bbox 109 2640 894 2677">
     <span class='ocr_line' id='line_1_101' title="bbox 109 2640 894 2677; baseline 0.001 -11"><span class='ocrx_word' id='word_1_741' title='bbox 109 2642 143 2677; x_wconf 83' lang='grc' dir='ltr'>τῇ</span> <span class='ocrx_word' id='word_1_742' title='bbox 163 2641 271 2676; x_wconf 81' lang='grc' dir='ltr'>ἐρήμῳ,</span> <span class='ocrx_word' id='word_1_743' title='bbox 291 2641 381 2674; x_wconf 81' lang='grc' dir='ltr'>καθώς</span> <span class='ocrx_word' id='word_1_744' title='bbox 393 2643 449 2668; x_wconf 81' lang='grc' dir='ltr'>ἐστι</span> <span class='ocrx_word' id='word_1_745' title='bbox 467 2641 673 2677; x_wconf 72' lang='grc' dir='ltr'><strong>γεγραμμι-Ξνον⁴</strong></span> <span class='ocrx_word' id='word_1_746' title='bbox 691 2642 790 2676; x_wconf 79' lang='grc' dir='ltr'>Ἀρτον</span> <span class='ocrx_word' id='word_1_747' title='bbox 802 2642 834 2668; x_wconf 80' lang='grc' dir='ltr'>ὲκ</span> <span class='ocrx_word' id='word_1_748' title='bbox 848 2640 894 2667; x_wconf 86' lang='grc' dir='ltr'><strong>τοῦ</strong></span> 
     </span>
    </p>
   </div>
   <div class='ocr_carea' id='block_1_102' title="bbox 109 2687 894 2723">
    <p class='ocr_par' dir='ltr' id='par_1_102' title="bbox 109 2687 894 2723">
     <span class='ocr_line' id='line_1_102' title="bbox 109 2687 894 2723; baseline -0.001 -9"><span class='ocrx_word' id='word_1_749' title='bbox 109 2688 226 2723; x_wconf 73' lang='grc' dir='ltr'>οὐρανοῦ</span> <span class='ocrx_word' id='word_1_750' title='bbox 243 2688 343 2715; x_wconf 75' lang='grc' dir='ltr'>ἔδωκεν</span> <span class='ocrx_word' id='word_1_751' title='bbox 357 2688 445 2720; x_wconf 74' lang='grc' dir='ltr'>αὐτοῖς</span> <span class='ocrx_word' id='word_1_752' title='bbox 457 2690 553 2723; x_wconf 71' lang='grc' dir='ltr'>φαγεῖν</span> <span class='ocrx_word' id='word_1_753' title='bbox 563 2697 570 2704; x_wconf 92' lang='grc'><strong>·</strong></span> <span class='ocrx_word' id='word_1_754' title='bbox 586 2688 611 2714; x_wconf 89' lang='grc' dir='ltr'>τί</span> <span class='ocrx_word' id='word_1_755' title='bbox 627 2689 712 2720; x_wconf 78' lang='grc' dir='ltr'>ποιεῖς</span> <span class='ocrx_word' id='word_1_756' title='bbox 730 2687 761 2714; x_wconf 81' lang='grc' dir='ltr'><strong>σὺ</strong></span> <span class='ocrx_word' id='word_1_757' title='bbox 773 2689 894 2723; x_wconf 83' lang='grc' dir='ltr'>σημεῖον,</span> 
     </span>
    </p>
   </div>
   <div class='ocr_carea' id='block_1_103' title="bbox 110 2732 895 2770">
    <p class='ocr_par' dir='ltr' id='par_1_103' title="bbox 110 2732 895 2770">
     <span class='ocr_line' id='line_1_103' title="bbox 110 2732 895 2770; baseline 0 -10"><span class='ocrx_word' id='word_1_758' title='bbox 110 2734 154 2760; x_wconf 82' lang='grc' dir='ltr'><strong>ἴνα</strong></span> <span class='ocrx_word' id='word_1_759' title='bbox 174 2734 363 2770; x_wconf 79' lang='grc' dir='ltr'>πιστεύσωμέν</span> <span class='ocrx_word' id='word_1_760' title='bbox 390 2742 448 2767; x_wconf 84' lang='grc' dir='ltr'>σοι;</span> <span class='ocrx_word' id='word_1_761' title='bbox 470 2734 496 2761; x_wconf 83' lang='grc' dir='ltr'><strong>τί</strong></span> <span class='ocrx_word' id='word_1_762' title='bbox 521 2732 636 2770; x_wconf 76' lang='grc' dir='ltr'><strong>ἐργάζῃ,</strong></span> <span class='ocrx_word' id='word_1_763' title='bbox 651 2733 688 2765; x_wconf 80' lang='grc' dir='ltr'><strong>ὡς</strong></span> <span class='ocrx_word' id='word_1_764' title='bbox 706 2733 807 2760; x_wconf 81' lang='grc' dir='ltr'>ἄνωθεν</span> <span class='ocrx_word' id='word_1_765' title='bbox 831 2735 895 2768; x_wconf 83' lang='grc' dir='ltr'>ἡμῖν</span> 
     </span>
    </p>
   </div>
   <div class='ocr_carea' id='block_1_104' title="bbox 110 2779 894 2815">
    <p class='ocr_par' dir='ltr' id='par_1_104' title="bbox 110 2779 894 2815">
     <span class='ocr_line' id='line_1_104' title="bbox 110 2779 894 2815; baseline -0.001 -8"><span class='ocrx_word' id='word_1_766' title='bbox 110 2781 158 2807; x_wconf 78' lang='grc' dir='ltr'>καὶ</span> <span class='ocrx_word' id='word_1_767' title='bbox 179 2781 208 2813; x_wconf 79' lang='grc' dir='ltr'><strong>ἐξ</strong></span> <span class='ocrx_word' id='word_1_768' title='bbox 233 2781 348 2815; x_wconf 77' lang='grc' dir='ltr'>οὐρανοῦ</span> <span class='ocrx_word' id='word_1_769' title='bbox 367 2780 552 2815; x_wconf 80' lang='grc' dir='ltr'>κατακομίσας</span> <span class='ocrx_word' id='word_1_770' title='bbox 576 2781 606 2806; x_wconf 76' lang='grc' dir='ltr'>τὸ</span> <span class='ocrx_word' id='word_1_771' title='bbox 632 2780 728 2814; x_wconf 59' lang='lat' dir='ltr'><strong>aditu;</strong></span> <span class='ocrx_word' id='word_1_772' title='bbox 757 2790 766 2805; x_wconf 75' lang='grc' dir='ltr'><strong>ι</strong></span> <span class='ocrx_word' id='word_1_773' title='bbox 796 2779 894 2814; x_wconf 63' lang='grc' dir='ltr'><strong>φης-ἶν’</strong></span> 
     </span>
    </p>
   </div>
   <div class='ocr_carea' id='block_1_105' title="bbox 146 2868 907 2902">
    <p class='ocr_par' dir='ltr' id='par_1_105' title="bbox 146 2868 907 2902">
     <span class='ocr_line' id='line_1_105' title="bbox 146 2868 907 2902; baseline 0 -6"><span class='ocrx_word' id='word_1_774' title='bbox 146 2869 226 2896; x_wconf 73' lang='lat' dir='ltr'><strong>&#39;At-t.</strong></span> <span class='ocrx_word' id='word_1_775' title='bbox 241 2875 269 2901; x_wconf 86' lang='lat' dir='ltr'><strong>tt,</strong></span> <span class='ocrx_word' id='word_1_776' title='bbox 285 2869 330 2895; x_wconf 74' lang='lat'><strong>38.</strong></span> <span class='ocrx_word' id='word_1_777' title='bbox 370 2868 467 2896; x_wconf 69' lang='lat' dir='ltr'><strong>‘Joan.</strong></span> <span class='ocrx_word' id='word_1_778' title='bbox 485 2876 529 2901; x_wconf 76' lang='lat' dir='ltr'><strong>xx,</strong></span> <span class='ocrx_word' id='word_1_779' title='bbox 547 2869 592 2896; x_wconf 58' lang='grc' dir='ltr'><strong>θ’),</strong></span> <span class='ocrx_word' id='word_1_780' title='bbox 628 2869 727 2897; x_wconf 78' lang='lat' dir='ltr'><strong>&#39;lium.</strong></span> <span class='ocrx_word' id='word_1_781' title='bbox 747 2878 803 2900; x_wconf 66' lang='lat' dir='ltr'><strong>vim</strong></span> <span class='ocrx_word' id='word_1_782' title='bbox 819 2870 845 2902; x_wconf 84' lang='lat'><strong>9,</strong></span> <span class='ocrx_word' id='word_1_783' title='bbox 868 2870 907 2896; x_wconf 85' lang='lat' dir='ltr'><strong>l0.</strong></span> 
     </span>
    </p>
   </div>
   <div class='ocr_carea' id='block_1_106' title="bbox 949 2277 1731 2313">
    <p class='ocr_par' dir='ltr' id='par_1_106' title="bbox 949 2277 1731 2313">
     <span class='ocr_line' id='line_1_106' title="bbox 949 2277 1731 2313; baseline -0.01 -4"><span class='ocrx_word' id='word_1_784' title='bbox 949 2283 995 2309; x_wconf 86' lang='lat' dir='ltr'><strong>sed</strong></span> <span class='ocrx_word' id='word_1_785' title='bbox 1023 2279 1217 2308; x_wconf 87' lang='lat' dir='ltr'><strong>cutnestibilcm</strong></span> <span class='ocrx_word' id='word_1_786' title='bbox 1251 2277 1373 2313; x_wconf 65' lang='lat' dir='ltr'><strong>praebens</strong></span> <span class='ocrx_word' id='word_1_787' title='bbox 1400 2277 1481 2304; x_wconf 82' lang='lat' dir='ltr'><strong>etiam</strong></span> <span class='ocrx_word' id='word_1_788' title='bbox 1511 2283 1617 2303; x_wconf 82' lang='lat' dir='ltr'><strong>carnem</strong></span> <span class='ocrx_word' id='word_1_789' title='bbox 1651 2283 1731 2310; x_wconf 78' lang='lat' dir='ltr'><strong>quam</strong></span> 
     </span>
    </p>
   </div>
   <div class='ocr_carea' id='block_1_107' title="bbox 948 2321 1735 2361">
    <p class='ocr_par' dir='ltr' id='par_1_107' title="bbox 948 2321 1735 2361">
     <span class='ocr_line' id='line_1_107' title="bbox 948 2321 1735 2361; baseline -0.008 -7"><span class='ocrx_word' id='word_1_790' title='bbox 948 2327 1103 2361; x_wconf 85' lang='lat' dir='ltr'><strong>assumpsit.</strong></span> <span class='ocrx_word' id='word_1_791' title='bbox 1119 2326 1193 2352; x_wconf 80' lang='lat' dir='ltr'><strong>Dixit</strong></span> <span class='ocrx_word' id='word_1_792' title='bbox 1224 2325 1294 2352; x_wconf 91' lang='lat' dir='ltr'><strong>enim</strong></span> <span class='ocrx_word' id='word_1_793' title='bbox 1320 2325 1400 2358; x_wconf 86' lang='lat' dir='ltr'><strong>ipse:</strong></span> <span class='ocrx_word' id='word_1_794' title='bbox 1420 2333 1428 2349; x_wconf 83' lang='grc' dir='ltr'><strong>ι</strong></span> <span class='ocrx_word' id='word_1_795' title='bbox 1447 2323 1542 2354; x_wconf 83' lang='lat' dir='ltr'><strong>Amen,</strong></span> <span class='ocrx_word' id='word_1_796' title='bbox 1568 2329 1645 2350; x_wconf 89' lang='lat' dir='ltr'><strong>amen</strong></span> <span class='ocrx_word' id='word_1_797' title='bbox 1671 2321 1735 2348; x_wconf 83' lang='lat' dir='ltr'><strong>dico</strong></span> 
     </span>
    </p>
   </div>
   <div class='ocr_carea' id='block_1_108' title="bbox 947 2367 1733 2405">
    <p class='ocr_par' dir='ltr' id='par_1_108' title="bbox 947 2367 1733 2405">
     <span class='ocr_line' id='line_1_108' title="bbox 947 2367 1733 2405; baseline -0.009 -5"><span class='ocrx_word' id='word_1_798' title='bbox 947 2373 1034 2405; x_wconf 76' lang='lat' dir='ltr'><strong>vobis,</strong></span> <span class='ocrx_word' id='word_1_799' title='bbox 1061 2372 1112 2399; x_wconf 92' lang='lat' dir='ltr'><strong>nisi</strong></span> <span class='ocrx_word' id='word_1_800' title='bbox 1137 2370 1309 2399; x_wconf 79' lang='lat' dir='ltr'><strong>comederitis</strong></span> <span class='ocrx_word' id='word_1_801' title='bbox 1334 2376 1443 2397; x_wconf 83' lang='lat' dir='ltr'><strong>carnem</strong></span> <span class='ocrx_word' id='word_1_802' title='bbox 1470 2367 1529 2394; x_wconf 79' lang='lat' dir='ltr'><strong>Filii</strong></span> <span class='ocrx_word' id='word_1_803' title='bbox 1549 2367 1677 2400; x_wconf 78' lang='lat' dir='ltr'><strong>hominis,</strong></span> <span class='ocrx_word' id='word_1_804' title='bbox 1705 2371 1733 2393; x_wconf 89' lang='lat' dir='ltr'><strong>et</strong></span> 
     </span>
    </p>
   </div>
   <div class='ocr_carea' id='block_1_109' title="bbox 947 2412 1731 2451">
    <p class='ocr_par' dir='ltr' id='par_1_109' title="bbox 947 2412 1731 2451">
     <span class='ocr_line' id='line_1_109' title="bbox 947 2412 1731 2451; baseline -0.009 -6"><span class='ocrx_word' id='word_1_805' title='bbox 947 2418 1071 2446; x_wconf 87' lang='lat' dir='ltr'><strong>bibcritis</strong></span> <span class='ocrx_word' id='word_1_806' title='bbox 1085 2417 1143 2451; x_wconf 78' lang='lat' dir='ltr'><strong>eius</strong></span> <span class='ocrx_word' id='word_1_807' title='bbox 1157 2417 1327 2450; x_wconf 81' lang='lat' dir='ltr'><strong>sanguinem,</strong></span> <span class='ocrx_word' id='word_1_808' title='bbox 1359 2422 1412 2441; x_wconf 91' lang='lat' dir='ltr'><strong>non</strong></span> <span class='ocrx_word' id='word_1_809' title='bbox 1439 2414 1571 2441; x_wconf 86' lang='lat' dir='ltr'><strong>habebitis</strong></span> <span class='ocrx_word' id='word_1_810' title='bbox 1595 2413 1676 2439; x_wconf 79' lang='lat' dir='ltr'><strong>vitam</strong></span> <span class='ocrx_word' id='word_1_811' title='bbox 1705 2412 1731 2438; x_wconf 92' lang='lat' dir='ltr'><strong>in</strong></span> 
     </span>
    </p>
   </div>
   <div class='ocr_carea' id='block_1_110' title="bbox 946 2457 1732 2490">
    <p class='ocr_par' dir='ltr' id='par_1_110' title="bbox 946 2457 1732 2490">
     <span class='ocr_line' id='line_1_110' title="bbox 946 2457 1732 2490; baseline -0.006 -1"><span class='ocrx_word' id='word_1_812' title='bbox 946 2463 1022 2490; x_wconf 86' lang='lat' dir='ltr'><strong>vobis</strong></span> <span class='ocrx_word' id='word_1_813' title='bbox 1039 2462 1058 2489; x_wconf 85' lang='grc'><strong>⁸.</strong></span> <span class='ocrx_word' id='word_1_814' title='bbox 1079 2471 1087 2487; x_wconf 77' lang='grc' dir='ltr'><strong>ι</strong></span> <span class='ocrx_word' id='word_1_815' title='bbox 1111 2462 1177 2488; x_wconf 88' lang='lat' dir='ltr'><strong>Cum</strong></span> <span class='ocrx_word' id='word_1_816' title='bbox 1193 2469 1255 2487; x_wconf 86' lang='lat' dir='ltr'><strong>vero</strong></span> <span class='ocrx_word' id='word_1_817' title='bbox 1272 2460 1355 2487; x_wconf 58' lang='lat' dir='ltr'><strong>Judagi</strong></span> <span class='ocrx_word' id='word_1_818' title='bbox 1382 2468 1443 2486; x_wconf 88' lang='lat' dir='ltr'><strong>euttt</strong></span> <span class='ocrx_word' id='word_1_819' title='bbox 1469 2459 1596 2487; x_wconf 85' lang='lat' dir='ltr'><strong>conviciis</strong></span> <span class='ocrx_word' id='word_1_820' title='bbox 1620 2457 1732 2484; x_wconf 83' lang='lat' dir='ltr'><strong>lacesse-</strong></span> 
     </span>
    </p>
   </div>
   <div class='ocr_carea' id='block_1_111' title="bbox 947 2504 1730 2545">
    <p class='ocr_par' dir='ltr' id='par_1_111' title="bbox 947 2504 1730 2545">
     <span class='ocr_line' id='line_1_111' title="bbox 947 2504 1730 2545; baseline -0.009 -9"><span class='ocrx_word' id='word_1_821' title='bbox 947 2514 1017 2545; x_wconf 62' lang='lat' dir='ltr'><strong>rent,</strong></span> <span class='ocrx_word' id='word_1_822' title='bbox 1040 2512 1067 2534; x_wconf 86' lang='lat' dir='ltr'><strong>et</strong></span> <span class='ocrx_word' id='word_1_823' title='bbox 1087 2507 1154 2534; x_wconf 83' lang='lat' dir='ltr'><strong>Mosi</strong></span> <span class='ocrx_word' id='word_1_824' title='bbox 1184 2507 1312 2533; x_wconf 80' lang='lat' dir='ltr'><strong>doetrimu</strong></span> <span class='ocrx_word' id='word_1_825' title='bbox 1342 2506 1485 2540; x_wconf 89' lang='lat' dir='ltr'><strong>plurimum</strong></span> <span class='ocrx_word' id='word_1_826' title='bbox 1511 2504 1730 2535; x_wconf 82' lang='lat' dir='ltr'><strong>iideidcl&#39;errcnt,</strong></span> 
     </span>
    </p>
   </div>
   <div class='ocr_carea' id='block_1_112' title="bbox 947 2549 1732 2590">
    <p class='ocr_par' dir='ltr' id='par_1_112' title="bbox 947 2549 1732 2590">
     <span class='ocr_line' id='line_1_112' title="bbox 947 2549 1732 2590; baseline -0.009 -8"><span class='ocrx_word' id='word_1_827' title='bbox 947 2559 1092 2590; x_wconf 85' lang='lat' dir='ltr'><strong>aperteque</strong></span> <span class='ocrx_word' id='word_1_828' title='bbox 1123 2552 1301 2579; x_wconf 75' lang='lat' dir='ltr'><strong>clamarent:</strong></span> <span class='ocrx_word' id='word_1_829' title='bbox 1339 2561 1348 2577; x_wconf 78' lang='grc' dir='ltr'><strong>ι</strong></span> <span class='ocrx_word' id='word_1_830' title='bbox 1378 2551 1473 2579; x_wconf 77' lang='lat' dir='ltr'><strong>Patres</strong></span> <span class='ocrx_word' id='word_1_831' title='bbox 1505 2551 1586 2578; x_wconf 87' lang='lat' dir='ltr'><strong>nostri</strong></span> <span class='ocrx_word' id='word_1_832' title='bbox 1620 2549 1732 2576; x_wconf 82' lang='lat' dir='ltr'><strong>mandu-</strong></span> 
     </span>
    </p>
   </div>
   <div class='ocr_carea' id='block_1_113' title="bbox 949 2597 1729 2632">
    <p class='ocr_par' dir='ltr' id='par_1_113' title="bbox 949 2597 1729 2632">
     <span class='ocr_line' id='line_1_113' title="bbox 949 2597 1729 2632; baseline -0.005 -6"><span class='ocrx_word' id='word_1_833' title='bbox 949 2603 1078 2627; x_wconf 82' lang='lat' dir='ltr'><strong>cavcrunt</strong></span> <span class='ocrx_word' id='word_1_834' title='bbox 1095 2605 1193 2624; x_wconf 86' lang='lat' dir='ltr'><strong>manna</strong></span> <span class='ocrx_word' id='word_1_835' title='bbox 1221 2597 1246 2623; x_wconf 90' lang='lat' dir='ltr'><strong>in</strong></span> <span class='ocrx_word' id='word_1_836' title='bbox 1276 2598 1393 2630; x_wconf 84' lang='lat' dir='ltr'><strong>deserto,</strong></span> <span class='ocrx_word' id='word_1_837' title='bbox 1410 2598 1480 2624; x_wconf 81' lang='lat' dir='ltr'><strong>sicut</strong></span> <span class='ocrx_word' id='word_1_838' title='bbox 1507 2597 1634 2632; x_wconf 88' lang='lat' dir='ltr'><strong>scriptum</strong></span> <span class='ocrx_word' id='word_1_839' title='bbox 1661 2599 1729 2622; x_wconf 87' lang='lat' dir='ltr'><strong>est:</strong></span> 
     </span>
    </p>
   </div>
   <div class='ocr_carea' id='block_1_114' title="bbox 949 2641 1730 2676">
    <p class='ocr_par' dir='ltr' id='par_1_114' title="bbox 949 2641 1730 2676">
     <span class='ocr_line' id='line_1_114' title="bbox 949 2641 1730 2676; baseline -0.003 -6"><span class='ocrx_word' id='word_1_840' title='bbox 949 2643 1047 2671; x_wconf 85' lang='lat' dir='ltr'><strong>Panem</strong></span> <span class='ocrx_word' id='word_1_841' title='bbox 1074 2643 1107 2669; x_wconf 90' lang='lat' dir='ltr'><strong>de</strong></span> <span class='ocrx_word' id='word_1_842' title='bbox 1129 2643 1198 2669; x_wconf 73' lang='lat' dir='ltr'><strong>caelo</strong></span> <span class='ocrx_word' id='word_1_843' title='bbox 1224 2641 1295 2669; x_wconf 81' lang='lat' dir='ltr'><strong>dedit</strong></span> <span class='ocrx_word' id='word_1_844' title='bbox 1322 2642 1362 2668; x_wconf 87' lang='lat' dir='ltr'><strong>eis</strong></span> <span class='ocrx_word' id='word_1_845' title='bbox 1383 2642 1546 2669; x_wconf 83' lang='lat' dir='ltr'><strong>manducare</strong></span> <span class='ocrx_word' id='word_1_846' title='bbox 1571 2647 1626 2669; x_wconf 87' lang='lat' dir='ltr'><strong>:tu</strong></span> <span class='ocrx_word' id='word_1_847' title='bbox 1660 2641 1730 2676; x_wconf 87' lang='lat' dir='ltr'><strong>quod</strong></span> 
     </span>
    </p>
   </div>
   <div class='ocr_carea' id='block_1_115' title="bbox 948 2687 1732 2723">
    <p class='ocr_par' dir='ltr' id='par_1_115' title="bbox 948 2687 1732 2723">
     <span class='ocr_line' id='line_1_115' title="bbox 948 2687 1732 2723; baseline -0.006 -7"><span class='ocrx_word' id='word_1_848' title='bbox 948 2690 1052 2723; x_wconf 77' lang='lat' dir='ltr'><strong>signum</strong></span> <span class='ocrx_word' id='word_1_849' title='bbox 1069 2688 1146 2719; x_wconf 81' lang='lat' dir='ltr'><strong>facis,</strong></span> <span class='ocrx_word' id='word_1_850' title='bbox 1166 2692 1194 2714; x_wconf 91' lang='lat' dir='ltr'><strong>ut</strong></span> <span class='ocrx_word' id='word_1_851' title='bbox 1208 2687 1350 2714; x_wconf 85' lang='lat' dir='ltr'><strong>credamus</strong></span> <span class='ocrx_word' id='word_1_852' title='bbox 1367 2687 1437 2714; x_wconf 86' lang='lat' dir='ltr'><strong>tibi?</strong></span> <span class='ocrx_word' id='word_1_853' title='bbox 1462 2687 1525 2721; x_wconf 88' lang='lat' dir='ltr'><strong>quid</strong></span> <span class='ocrx_word' id='word_1_854' title='bbox 1553 2687 1684 2720; x_wconf 82' lang='lat' dir='ltr'><strong>operaris,</strong></span> <span class='ocrx_word' id='word_1_855' title='bbox 1702 2691 1732 2713; x_wconf 91' lang='lat' dir='ltr'><strong>ut</strong></span> 
     </span>
    </p>
   </div>
   <div class='ocr_carea' id='block_1_116' title="bbox 948 2731 1728 2770">
    <p class='ocr_par' dir='ltr' id='par_1_116' title="bbox 948 2731 1728 2770">
     <span class='ocr_line' id='line_1_116' title="bbox 948 2731 1728 2770; baseline -0.003 -11"><span class='ocrx_word' id='word_1_856' title='bbox 948 2742 1064 2770; x_wconf 74' lang='lat' dir='ltr'><strong>superne</strong></span> <span class='ocrx_word' id='word_1_857' title='bbox 1089 2733 1168 2761; x_wconf 89' lang='lat' dir='ltr'><strong>nobis</strong></span> <span class='ocrx_word' id='word_1_858' title='bbox 1199 2737 1227 2760; x_wconf 90' lang='lat' dir='ltr'><strong>et</strong></span> <span class='ocrx_word' id='word_1_859' title='bbox 1259 2739 1292 2759; x_wconf 84' lang='lat' dir='ltr'><strong>ex</strong></span> <span class='ocrx_word' id='word_1_860' title='bbox 1318 2731 1387 2759; x_wconf 63' lang='lat' dir='ltr'><strong>caelo</strong></span> <span class='ocrx_word' id='word_1_861' title='bbox 1413 2731 1528 2758; x_wconf 80' lang='lat' dir='ltr'><strong>aﬂ&#39;erens</strong></span> <span class='ocrx_word' id='word_1_862' title='bbox 1551 2731 1696 2767; x_wconf 78' lang='lat' dir='ltr'><strong>corpus&quot;?</strong></span> <span class='ocrx_word' id='word_1_863' title='bbox 1719 2740 1728 2757; x_wconf 74' lang='grc' dir='ltr'><strong>ι</strong></span> 
     </span>
    </p>
   </div>
   <div class='ocr_carea' id='block_1_117' title="bbox 951 2778 1728 2816">
    <p class='ocr_par' dir='ltr' id='par_1_117' title="bbox 951 2778 1728 2816">
     <span class='ocr_line' id='line_1_117' title="bbox 951 2778 1728 2816; baseline -0.005 -9"><span class='ocrx_word' id='word_1_864' title='bbox 951 2780 1087 2816; x_wconf 80' lang='lat' dir='ltr'><strong>respondit</strong></span> <span class='ocrx_word' id='word_1_865' title='bbox 1105 2779 1203 2807; x_wconf 85' lang='lat' dir='ltr'><strong>Jcsus:</strong></span> <span class='ocrx_word' id='word_1_866' title='bbox 1223 2787 1232 2804; x_wconf 72' lang='grc' dir='ltr'><strong>ι</strong></span> <span class='ocrx_word' id='word_1_867' title='bbox 1253 2778 1350 2810; x_wconf 83' lang='lat' dir='ltr'><strong>Amen,</strong></span> <span class='ocrx_word' id='word_1_868' title='bbox 1374 2785 1451 2804; x_wconf 78' lang='lat' dir='ltr'><strong>amen</strong></span> <span class='ocrx_word' id='word_1_869' title='bbox 1478 2778 1537 2804; x_wconf 81' lang='lat' dir='ltr'><strong>dico</strong></span> <span class='ocrx_word' id='word_1_870' title='bbox 1564 2778 1658 2809; x_wconf 84' lang='lat' dir='ltr'><strong>vobis;</strong></span> <span class='ocrx_word' id='word_1_871' title='bbox 1676 2785 1728 2803; x_wconf 87' lang='lat' dir='ltr'><strong>non</strong></span> 
     </span>
    </p>
   </div>
   <div class='ocr_carea' id='block_1_118' title="bbox 948 2867 1414 2902">
    <p class='ocr_par' dir='ltr' id='par_1_118' title="bbox 948 2867 1414 2902">
     <span class='ocr_line' id='line_1_118' title="bbox 948 2867 1414 2902; baseline -0.009 -5"><span class='ocrx_word' id='word_1_872' title='bbox 948 2870 956 2885; x_wconf 81' lang='grc'>“</span> <span class='ocrx_word' id='word_1_873' title='bbox 971 2869 1048 2897; x_wconf 83' lang='lat' dir='ltr'><strong>Joau.</strong></span> <span class='ocrx_word' id='word_1_874' title='bbox 1068 2877 1103 2902; x_wconf 76' lang='lat' dir='ltr'><strong>vt,</strong></span> <span class='ocrx_word' id='word_1_875' title='bbox 1121 2869 1164 2896; x_wconf 69' lang='lat' dir='ltr'><strong>5i.</strong></span> <span class='ocrx_word' id='word_1_876' title='bbox 1213 2869 1222 2883; x_wconf 92' lang='grc'><strong>⁷</strong></span> <span class='ocrx_word' id='word_1_877' title='bbox 1234 2868 1297 2896; x_wconf 87' lang='lat' dir='ltr'><strong>ibid.</strong></span> <span class='ocrx_word' id='word_1_878' title='bbox 1313 2867 1356 2901; x_wconf 81' lang='lat'><strong>50,</strong></span> <span class='ocrx_word' id='word_1_879' title='bbox 1371 2867 1414 2894; x_wconf 75' lang='lat'><strong>5|.</strong></span> 
     </span>
    </p>
   </div>
  </div>
