1927 3036
206 167 275 198 1245

718 165 746 193 S.
767 163 902 193 CYRILLI
921 164 1156 192 ALEXANDRINI
1175 160 1336 194 ARCIIIEP.

1771 167 1851 195 12“

204 225 279 253 dedit
307 223 382 252 vobis
405 223 511 260 Moyses
535 229 633 258 panem
651 229 684 250 ex
699 223 769 251 ccelo
793 230 899 251 verum.
924 222 991 250 Nam

1049 232 1055 249 ι
1080 223 1175 259 Ἀμὴν,
1192 223 1266 260 άμὴν
1281 224 1353 259 λέγω
1373 224 1447 260 ὑμῖν,
1471 223 1503 250 οὐ
1518 223 1621 259 Μωσῆς
1634 223 1752 250 δέδωκεν
1777 224 1848 258 ὑμῖν

203 273 283 308 panis
300 272 344 299 Dei
366 277 409 300 est
422 272 467 307 φιί
485 271 517 299 de
534 270 604 299 coelo
620 270 770 303 descendit,
789 276 816 298 et
842 272 887 299 dat
910 271 993 299 vitam

205 319 307 346 mundo
321 319 343 345 ⁸.
363 327 372 344 ι
393 318 426 345 Et
440 318 518 352 paulo
543 321 603 351 post
618 321 723 344 tantum
738 324 790 344 non
806 317 902 352 digito,
920 317 993 352 quod

206 366 294 398 aiunt,
321 367 539 392 commonstrans
552 362 668 396 seipsqu
695 363 865 390 iucarnatum
879 372 885 390 :
901 373 910 390 ι
927 363 993 398 Ego,

207 410 306 445 inquit,
320 417 378 437 sum
392 409 470 443 panis
482 408 568 440 vivus.
582 409 627 444 qui
652 408 686 436 de
714 408 783 436 coan
799 408 936 436 descendi.
963 407 994 436 Si

205 457 267 490 quis
281 455 485 484 manducaverit
499 462 533 482 ex
550 455 601 482 hoc
619 462 698 490 pane,
716 455 786 482 vivet
803 455 829 482 in
844 458 992 483 aeternum:

205 508 230 530 et
242 502 324 536 panis
345 509 424 536 quem
438 508 489 536 ego
509 501 588 533 dabo,
603 509 668 529 caro
687 508 745 528 mea
765 505 806 528 est
829 509 878 536 pro
902 501 994 528 mundi

205 548 258 575 vita
271 548 293 575 ’.
316 546 366 580 Qui
388 547 533 574 manducet
545 553 631 574 meam
648 553 768 579 carnem,
786 551 813 574 et
826 546 892 574 bibit
905 554 993 574 meum

204 593 374 628 sanguinem,
395 593 421 620 in
443 599 487 620 me
503 597 606 625 manet,
636 598 664 620 et
680 600 730 628 ego
747 593 774 620 in
787 592 841 620 illo.
871 593 903 620 Et
924 593 994 621 sicut

205 639 278 666 misit
293 645 335 666 me
355 639 448 666 vivens
457 638 549 672 Pater,
564 642 648 673 etego
661 638 723 666 vivo
746 643 855 673 propter
874 637 992 666 Patrem.

204 685 238 713 Et
252 685 297 720 qui
315 685 464 713 manducat
485 692 538 716 me,
564 689 591 712 et
615 685 671 720 ipse
693 685 765 712 vivet
787 689 898 720 propter
912 684 995 719 708

205 731 293 759 me".
315 740 325 757 ι
355 730 437 765 Atqui
452 729 589 765 quomodo
615 738 669 758 non
701 737 764 758 vere
789 730 896 758 dicatur
922 729 994 765 quod

204 783 258 804 non
283 775 453 804 descenderit
476 783 491 803 e
515 775 585 803 eteio
617 783 691 808 caro,
716 775 764 803 sed
785 776 856 810 quod
874 780 933 803 erat
959 783 994 803 ex

205 822 326 857 Virgine,
343 821 415 850 sicut
427 821 557 856 scriptum
569 825 612 849 est
627 821 675 848 “.?
703 821 780 855 Quod
793 828 856 850 vero
869 829 922 849 non
939 821 995 849 sint

204 872 346 903 separatae,
379 868 425 896 sed
449 867 476 895 in
507 875 592 896 unum
607 872 714 902 coeant,
741 872 769 896 et
794 868 994 903 quodammodo

204 915 277 942 inter
301 921 331 942 se
355 913 584 942 commisceantur
613 919 773 942 naturarum
799 903 1031 950 proprietates,B

202 967 220 987 e
235 958 442 994 quamplurimis
460 958 529 986 iocis
551 962 668 988 constet.
691 958 837 987 Nicodemo
852 959 924 987 enim
940 967 994 987 non

204 1004 366 1038 lnteliigenti
392 1004 564 1041 mysterium,
590 1005 637 1033 sed
661 1006 787 1040 imperite
809 1004 994 1033 reclamanti:

205 1059 217 1078 α
235 1051 376 1085 Quomodo
396 1054 509 1086 possunt
523 1050 583 1080 ﬂeri
606 1051 663 1078 hac
676 1051 688 1077 9
702 1050 732 1078 Si
750 1055 869 1084 terrens,
896 1050 995 1086 inquit,

203 1096 260 1124 dixi
276 1097 363 1129 vobis,
381 1100 410 1124 et
429 1104 481 1124 nou
505 1096 642 1125 creditis:
660 1104 714 1133 quo
737 1101 817 1132 pacto
845 1097 868 1124 si
898 1097 995 1124 dixero

203 1142 282 1171 vobis
311 1141 442 1176 caelestis,
464 1141 616 1170 credetis?
644 1141 678 1170 Et
706 1149 787 1170 nemo
812 1141 935 1170 ascendit
965 1143 993 1170 in

201 1189 313 1222 celum,
337 1187 390 1217 nisi
405 1188 451 1223 qui
471 1195 488 1216 e
506 1187 575 1216 calo
594 1187 737 1216 descendit
758 1187 843 1216 Filius
859 1188 907 1216 Dei
926 1188 960 1216 ".
980 1197 991 1216 ›

201 1233 301 1262 Iudaeis
319 1241 383 1262 vero
405 1241 481 1270 aque
503 1239 583 1269 atque
607 1233 651 1262 ille
675 1234 818 1269 imperitis,
851 1234 994 1271 ipsumque

203 1279 379 1309 irridentibus
405 1288 413 1308 :
434 1280 456 1308 si
487 1280 628 1308 vividcens
663 1284 744 1316 atque
770 1287 804 1307 es
832 1279 902 1308 celo
926 1287 991 1315 pro-

202 1326 290 1362 prium
304 1333 413 1361 corpus,
426 1335 435 1353 α
451 1325 506 1354 Hoc
520 1333 569 1354 vos
576 1326 754 1358 scandalizet,
767 1326 865 1361 inquit,
893 1325 915 1354 si
927 1333 992 1362 ergo

202 1371 326 1400 videritis
352 1371 449 1400 Filium
486 1371 604 1400 hominis
641 1372 832 1400 ascendentem
860 1372 905 1400 ubi
933 1376 994 1400 erat

202 1417 277 1452 prius
292 1417 340 1445 “2
374 1426 383 1444 ι
413 1417 512 1450 Annon
549 1421 643 1445 ustum
670 1425 704 1446 ex
733 1417 846 1445 muliere
871 1418 993 1446 dicemus

202 1463 402 1493 Emmanuelem
416 1464 428 1491 .7

1044 269 1090 296 τὸν
1104 270 1185 305 ἄρτον
1199 272 1231 297 ἐκ
1244 270 1291 297 τοῦ
1309 269 1425 306 οὐρανοῦ
1445 269 1492 296 τὸν
1506 268 1644 305 ἀληθινόν.
1667 269 1698 295 '0
1717 268 1776 304 γὰρ
1795 269 1848 304 ἄρ-

1044 325 1090 348 τος
1105 316 1152 344 τοῦ
1173 316 1240 343 Θεοῦ
1256 317 1329 343 ἐστιν
1355 317 1369 343 ὁ
1395 315 1567 343 καταϐαίνων
1583 316 1616 342 ὲκ
1638 315 1686 342 τοῦ
1711 315 1845 351 οὐρανοῦ,

1045 364 1094 390 καὶ
1113 363 1186 397 ζωὴν
1201 362 1292 394 διδοὺς
1305 362 1345 398 τῷ
1360 363 1466 397 κόσμῳ.
1493 371 1503 387 ι
1521 361 1575 388 Καὶ
1590 361 1658 396 πρός
1676 369 1708 395 γε
1721 359 1846 386 τουτοισὶ

1045 408 1137 441 πάλιν,
1161 409 1301 444 μονονουχὶ
1324 408 1370 435 καὶ
1389 407 1514 442 δακτύλῳ
1536 407 1718 438 καταδεικνὺς
1743 405 1847 432 ἑαυτὸν

1045 455 1219 490 ἑνσώματον,
1237 463 1247 480 t
1273 454 1344 488 Ἐγώ
1367 454 1435 489 ειμι,
1460 453 1554 489 φησιν,
1578 453 1592 479 ὁ
1608 453 1691 488 ἄρτος
1709 453 1724 479 ὸ
1747 451 1818 484 ζῶν,
1833 453 1848 478 ὁ

1045 500 1078 527 ὲκ
1094 500 1141 527 τοῦ
1154 500 1267 536 ούρανοῦ
1290 500 1423 531 καταϐάς.
1446 499 1510 526 Ἐάν
1523 508 1564 530 τις
1579 498 1654 534 φάγῃ
1669 499 1702 524 ὲκ
1723 496 1773 524 τοῦ
1795 497 1847 531 ἆρ-

1045 555 1092 574 του
1107 547 1212 579 τούτου,
1229 547 1341 582 ζήσεται
1363 547 1403 578 είς
1421 546 1468 573 τὸν
1484 545 1586 572 αἰῶνα·
1603 544 1651 572 καὶ
1674 545 1688 570 ό
1703 544 1789 579 ἄρτος
1803 543 1845 575 δὲ,

1046 592 1075 619 ὃν
1087 591 1142 626 ἐγὼ
1154 592 1241 625 δώσω,
1258 593 1275 627 ἠ
1290 592 1359 627 σάρξ
1376 591 1426 626 μού
1443 593 1518 618 ἐστιν
1531 591 1600 626 ὑπὲρ
1613 591 1663 626 τῆς
1674 589 1724 616 τοῦ
1737 589 1845 624 κόσμου

1046 638 1118 674 ζωῆς
1128 647 1135 653 ·
1155 639 1170 665 ὁ
1183 637 1297 674 τρώγων
1317 647 1369 673 μου
1384 637 1433 673 τὴν
1452 637 1553 673 σάρκα,
1568 636 1613 663 καὶ
1636 636 1722 662 πίνων
1743 643 1798 670 μου
1813 634 1846 661 τὸ

1045 681 1124 718 αἷμα,
1147 684 1176 710 ἐν
1201 683 1264 718 ἐμοὶ
1288 683 1376 718 μένει,
1401 682 1480 716 κάγὼ
1501 683 1530 708 ὲν
1555 681 1639 716 αὐτῷ.
1666 681 1720 707 Καὶ
1747 679 1844 711 καθὼς

1045 728 1188 756 ἀπέστειλέ
1206 737 1239 764 tu
1261 729 1276 755 ό
1290 727 1345 760 ζῶν
1369 728 1473 763 Πατὴρ,
1490 726 1567 762 κάγὼ
1589 725 1627 759 ζῶ
1648 725 1692 754 διὰ
1716 725 1764 752 τὸν
1787 725 1845 752 Πα-

1044 775 1127 811 τέρα·
1152 773 1352 810 καὶότρὼγων
1365 782 1410 810 με,
1436 774 1561 805 κάκεῖνος
1585 772 1663 808 ζήσει
1687 772 1722 798 δι’
1739 771 1804 807 ἐμέ.
1833 781 1843 797 s

1044 822 1142 850 Καίτοι
1155 821 1214 854 πῶς
1226 822 1276 848 οὐκ
1291 821 1408 857 ἀτρεκὲς
1421 821 1519 853 εἰπεῖν,
1534 820 1572 852 ὡς
1591 819 1622 846 οὗ
1637 818 1846 854 καταπεφοετη-

1044 877 1093 896 κεν
1105 868 1136 901 ἑξ
1152 867 1275 904 οὐρανῶν
1293 868 1310 903 ἠ
1326 867 1406 903 σὰρξ,
1421 867 1480 894 ἀλλ’
1498 865 1533 903 ἦν
1547 867 1579 894 ὲκ
1593 866 1746 902 Παρθένου,
1771 865 1845 892 κατὰ

1043 914 1094 946 τὰς
1110 914 1238 949 Γραφάς;
1259 914 1337 941 Ἔστι
1351 913 1380 941 de
1395 914 1436 940 ὅτι
1458 913 1490 940 οὐ
1502 912 1617 944 «διιστὰς
1637 913 1651 939 ὁ
1666 912 1766 946 Λόγος.

1045 961 1086 993 είς
1099 960 1129 988 ιν
1144 959 1228 996 ἄμφω
1244 959 1394 995 συλλέγων,
1411 960 1459 986 καὶ⁴
1476 959 1572 996 ὥσπερ
1586 958 1714 994 ἀλλήλοις
1731 958 1845 992 ἀνακιρ-

1045 1005 1094 1038 νὰς
1112 1005 1147 1032 τὰ
1162 1005 1217 1032 τῶν
1233 1005 1341 1040 φύσεων
1358 1004 1502 1041 ίδιώματα,
1515 1005 1559 1032 διὰ
1572 1004 1678 1041 μυρίων
1692 1004 1765 1031 ὅσων
1776 1003 1844 1039 ἡμῖν

1045 1051 1142 1088 ὁρᾶται
1156 1051 1254 1086 λόγων.
1275 1051 1423 1088 Νικοδήμῳ
1449 1051 1499 1087 μὲν
1522 1051 1588 1087 γὰρ,
1612 1051 1643 1078 οὐ
1670 1050 1791 1077 συνιέντι
1812 1049 1845 1076 τὸ

1046 1098 1208 1134 μυστήριον,
1222 1098 1422 1134 άνακεκραγότι
1435 1097 1464 1124 δὲ
1478 1097 1602 1132 ἀμαθῶς
1622 1106 1631 1122 ι
1652 1096 1716 1128 Πῶς
1729 1095 1843 1122 δύναται

1045 1143 1131 1171 ταῦτα
1151 1144 1298 1179 revisent;
1319 1143 1351 1172 Ei
1365 1143 1400 1171 τὰ
1413 1143 1533 1178 ιπίγεια,
1561 1143 1655 1178 φησὶν,
1671 1139 1750 1168 εἷπον
1764 1141 1842 1176 ὑμῖν,

1045 1190 1092 1217 καὶ
1110 1190 1140 1217 οὐ
1155 1189 1309 1223 πιστεύετε,
1325 1189 1385 1222 πῶς
1399 1189 1447 1217 ἰὰν
1463 1190 1532 1217 εἴπω
1549 1189 1614 1224 ὑμῖν
1628 1189 1664 1215 τὰ
1678 1187 1842 1223 ἐπουράνια,

1045 1234 1206 1269 πιστεύεττς
1228 1234 1284 1262 Καὶ
1306 1235 1395 1267 οὐδεὶς
1411 1234 1582 1270 ἀναϐέϐηκεν
1597 1234 1638 1265 είς
1653 1233 1699 1260 τδν
1713 1231 1842 1268 οὐρανὸν,

1045 1282 1069 1308 si
1083 1281 1121 1317 μὴ
1140 1282 1154 1309 6
1167 1281 1199 1308 ὲκ
1211 1281 1260 1308 τοῦ
1275 1280 1392 1318 οὐρανοῦ
1407 1280 1542 1314 καταϐὰς,
1555 1281 1570 1308 6
1585 1280 1650 1313 mg
1673 1279 1722 1306 τοῦ
1735 1278 1815 1306 Θεοῦ.
1829 1287 1840 1305 s

1051 1326 1189 1359 Ἰουδαίοις
1202 1326 1232 1354 δὲ
1252 1326 1345 1361 πάλιν,
1361 1326 1410 1363 τὴν
1425 1327 1487 1363 ῐσην
1501 1327 1598 1362 ἐκείνῳ
1611 1325 1739 1353 νοσοῦσιν
1757 1325 1842 1352 ἀπαι-

1044 1373 1164 1406 δευσίαν,
1188 1374 1236 1402 καὶ
1255 1374 1392 1411 διαγιλᾷν,
1408 1374 1458 1402 οὐκ
1472 1372 1520 1401 οἶδ’
1532 1375 1618 1408 ὅπος,
1639 1373 1781 1408 ιλομένοις
1791 1372 1843 1399 αὖ·

1043 1419 1106 1452 τὸν,
1132 1420 1247 1458 essetisto
1284 1421 1335 1457 ἔφη
1370 1421 1502 1454 {marroth
1537 1421 1586 1448 καὶ
1606 1419 1636 1453 ιε
1659 1418 1779 1456 οὐρανοῦ
1811 1418 1843 1444 τὸ

1046 1465 1113 1493 [διον
1127 1466 1218 1502 σῶμα,
1230 1476 1240 1493 t
1249 1467 1334 1495 Τοῦτο
1342 1468 1414 1503 ὑμᾶς
1428 1467 1611 1500 σκανδαλίζει,
1627 1466 1723 1502 φησιν,
1732 1466 1781 1493 ἐὰν
1794 1462 1842 1492 οὖν

201 1510 322 1547 θεωρῆτι
340 1510 386 1539 τδν
410 1511 473 1539 Υίδν
487 1511 534 1539 τοῦ
557 1510 702 1548 ἀνθρώπου
734 1511 916 1540 ἀναϐαίνοντα
939 1513 1006 1541 ὅπου
1025 1511 1059 1550 ἦν
1073 1515 1104 1541 τὸ
1119 1514 1270 1552 πρότερον;
1293 1525 1302 1541 ι
1318 1512 1357 1542 Ἦ
1372 1515 1433 1552 οὐχὶ
1461 1515 1590 1551 τετάχθαι
1605 1515 1731 1551 φήσομεν
1746 1514 1779 1542 ἐκ
1791 1521 1843 1547 γυο

200 1558 294 1591 ναικὸς
309 1559 355 1586 τὸν
379 1558 554 1595 Ἐμμανουήλ
562 1567 569 1593 ς

235 1604 266 1632 Β.
287 1604 414 1633 Omnino.

236 1651 270 1678 Α.
295 1649 411 1678 Ubinam
439 1651 521 1686 igitur
546 1653 623 1687 prius
652 1654 736 1681 erat?
759 1659 806 1682 ant
836 1661 890 1689 quo
915 1659 996 1690 pacto

201 1696 323 1723 ascendit
338 1717 347 1730 ,
368 1703 429 1724 cum
452 1704 482 1725 se
507 1697 543 1725 ibi
571 1705 630 1726 esse
655 1699 738 1731 dicat,
761 1699 842 1726 etiam
873 1705 936 1728 nato
962 1707 995 1728 ex

201 1746 296 1769 sancta
319 1742 430 1777 Virgine
451 1750 565 1778 corpore
583 1744 634 1772 sibi
660 1745 760 1772 uuito?
778 1744 873 1773 Nonne
904 1750 994 1774 autem

201 1795 312 1816 carnem
325 1796 385 1824 qua:
405 1796 438 1817 ex
458 1793 530 1817 terra
547 1795 665 1824 constat,
679 1790 820 1818 viviﬁcarc
833 1798 885 1818 non
904 1799 994 1826 posse,

202 1839 337 1869 quatenus
373 1836 407 1863 ad
444 1835 580 1871 propriam
603 1844 680 1864 suam
716 1841 840 1864 naturam
886 1837 993 1871 attinet,

202 1881 345 1909 dicemus?

235 1925 266 1953 Β.
285 1924 333 1953 Ita.

235 1973 269 1998 A.
299 1971 441 2004 Quomodo
472 1972 554 2007 igitur
581 1977 623 2000 est
651 1973 814 2001 viviﬁcatrix
842 1974 995 2002 caro?aut

200 2017 335 2052 quomodo
371 2023 515 2046 censeatur
553 2026 588 2047 ex
620 2021 690 2048 caelo
720 2027 790 2053 esse,
817 2027 879 2047 cum
900 2021 936 2048 sit
961 2028 994 2049 ex

201 2069 271 2090 terra
284 2063 296 2090 ?

239 2108 269 2136 Β.
285 2108 400 2138 Ratione
425 2111 548 2144 unitatis.
577 2117 606 2139 ut
629 2112 758 2147 arbitror,
786 2121 847 2141 cum
876 2115 938 2143 vivo
966 2118 994 2143 et

199 2154 308 2183 coalitus
320 2156 437 2184 demisso
454 2155 553 2184 Verbo.

238 2203 271 2229 A.
293 2202 377 2231 Recte
387 2203 532 2231 admodum
547 2204 645 2235 scutis,
657 2208 684 2231 et
701 2205 894 2233 convenienter
906 2207 992 2234 sacris

199 2248 359 2283 Scripturis.
388 2248 480 2283 Neque
505 2249 578 2276 enim
603 2249 684 2277 aliter
709 2250 802 2283 fuerit,
833 2255 860 2278 et
885 2256 992 2279 creator

1008 1609 1030 1639 ο
1083 1607 1112 1634 Β.
1135 1607 1198 1640 Πῶς
1214 1607 1268 1644 γὰρ
1284 1607 1333 1640 οὓς

1082 1654 1114 1680 Δ.
1135 1653 1190 1680 Ποῦ
1206 1653 1349 1691 τοιγαροῦν
1363 1653 1394 1681 τὸ
1410 1653 1543 1690 πρότερον
1559 1651 1605 1690 ἦν;
1622 1653 1639 1688 ἢ
1663 1653 1724 1685 πῶς
1741 1654 1842 1682 ἀναϐέ-

1047 1700 1130 1735 ϐηκεν
1153 1699 1272 1735 ἔνθαπερ
1285 1697 1355 1726 εἷναί
1379 1707 1461 1735 φησιν
1475 1700 1567 1732 αὐτὸς,
1583 1699 1673 1726 καίτοι
1697 1700 1841 1735 τεχθέντος

1046 1745 1089 1772 διὰ
1103 1745 1153 1780 τῆς
1168 1745 1248 1780 ἁγίας
1265 1745 1403 1782 Παρθένου
1420 1746 1468 1772 τοῦ
1489 1745 1635 1778 ἐνωθέντος
1651 1745 1727 1782 αὖτῷ
1747 1746 1841 1782 σώμα-

1045 1800 1108 1825 το;;
1129 1792 1196 1826 Οὐχὶ
1212 1791 1240 1818 δὲ
1265 1792 1312 1818 καὶ
1336 1793 1487 1827 ἀπρακτεῖν
1505 1792 1726 1828 ὁμολογήσαιμεν
1742 1792 1775 1820 ἂν
1791 1792 1840 1828 τὴν

1046 1837 1100 1864 ἀπὸ
1119 1837 1171 1872 γῆς
1195 1837 1285 1873 σάρκα
1313 1837 1382 1872 πρὸς
1402 1837 1433 1864 τὸ
1457 1837 1587 1865 δύνασθαι
1609 1838 1762 1871 ζωοποιεῖν,
1779 1839 1840 1865 ὅσον

1045 1882 1112 1921 ἧκεν
1129 1885 1168 1916 είς
1187 1884 1256 1910 ίδίαν
1277 1883 1378 1918 φύσιν;

1082 1930 1113 1957 Β.
1140 1930 1261 1965 Ἀληθές.

1082 1978 1114 2004 Α.
1137 1977 1198 2008 Πῶς
1212 1975 1269 2010 οὖν,
1287 1977 1348 2004 εἰπέ
1370 1986 1424 2013 μοι,
1440 1976 1569 2009 ξωοποιὺς
1585 1978 1600 2012 ἡ
1620 1968 1763 2012 σάρξ;”Ὴ
1782 1976 1838 2009 πῶς

1044 2022 1078 2051 ἄν
1091 2025 1176 2051 νοοῖτο
1191 2023 1239 2050 καὶ
1260 2023 1289 2056 ἐξ
1303 2023 1417 2060 οὐρανοῦ
1431 2024 1461 2050 τὸ
1472 2023 1526 2050 ἀπὺ
1540 2023 1589 2058 τῆς
1608 2023 1678 2058 γῆς;

1080 2114 1110 2141 Β.
1131 2114 1198 2141 Καθ’
1209 2114 1315 2146 ἕνωσιν,
1330 2111 1416 2149 οἶμαι,
1427 2114 1476 2149 τὴν
1492 2112 1558 2149 προς
1575 2113 1620 2139 τὸν
1637 2112 1728 2145 ζῶντά
1746 2122 1776 2140 τε
1794 2114 1838 2141 καὶ

1043 2160 1189 2197 οὐρανόθεν
1211 2161 1307 2195 Λόγον.

1079 2207 1111 2235 Δ.
1130 2206 1315 2242 Πεφρονηκὼς
1339 2205 1394 2232 ῖσθι
1409 2206 1443 2233 τὰ
1461 2205 1520 2232 λίαν
1531 2205 1609 2242 ὀρθὰ,
1625 2205 1742 2237 καὶτοῖς
1758 2205 1837 2240 ἱεροῖς

1044 2253 1227 2288 συμϐαίνοντα
1249 2252 1348 2286 λόγοις.
1373 2251 1423 2286 Ετη
1451 2250 1506 2286 γὰρ
1531 2251 1564 2278 ἂν
1589 2251 1637 2286 οὐχ
1662 2251 1774 2287 ἑτέρως,
1793 2252 1838 2278 καὶ

199 2294 306 2322 ratione
325 2294 486 2328 divinitatis,
501 2299 529 2322 et
547 2303 608 2322 cum
633 2304 685 2323 non
712 2297 815 2332 absque
841 2305 924 2325 carne
950 2298 990 2325 in-

1049 2298 1209 2334 Βημιουργὸς
1228 2297 1336 2330 θεῖκῶς,
1355 2297 1402 2324 καὶ
1418 2298 1462 2324 ὅτε
1479 2297 1516 2332 μὴ
1532 2297 1593 2332 δίχα
1617 2298 1703 2324 νοοῖτο
1728 2297 1837 2332 σαρκός.

200 2340 338 2375 telligilur.
355 2340 421 2367 Nam
433 2345 459 2368 et
480 2340 586 2368 divinus
604 2341 700 2370 Paulus
717 2351 764 2377 pro
787 2344 837 2371 hac
855 2344 989 2372 sententia

199 2385 276 2418 facit,
302 2385 339 2412 ita
366 2386 514 2414 scribens:
553 2396 562 2413 s
597 2386 704 2415 Gratias
737 2394 848 2424 agentes
879 2390 933 2417 Deo
958 2397 990 2417 ac

199 2432 285 2462 Patri,
306 2432 350 2466 qui
364 2431 458 2466 dignos
482 2441 530 2461 nos
543 2433 606 2462 fecit
622 2435 648 2462 in
664 2440 768 2470 partem
783 2436 864 2464 sortis
883 2441 991 2464 sancto-

199 2485 273 2508 rum,
289 2476 315 2504 iu
332 2477 442 2505 lumine.
458 2477 508 2512 Qui
524 2480 623 2514 eripuit
638 2489 687 2508 nos
704 2481 737 2508 de
759 2487 896 2516 potestate
914 2486 990 2510 tene-

199 2524 322 2557 brarum,
355 2528 383 2551 et
409 2517 547 2553 transtulit
562 2527 587 2553 in
611 2534 723 2561 regnum
751 2527 812 2555 Filii
838 2528 992 2556 dilectionis

198 2577 264 2596 sum.
293 2569 322 2597 lu
340 2578 393 2606 quo
413 2571 542 2599 habemus
558 2573 782 2608 redemptionem,
805 2578 832 2601 et
854 2574 992 2601 remissio-

199 2623 259 2642 ucm
286 2622 460 2651 peccatorum
482 2627 489 2645 :
508 2619 554 2654 qui
580 2624 623 2646 est
643 2620 732 2655 imago
762 2619 809 2647 Dei
835 2620 990 2653 invisibilis,

198 2662 393 2698 priniogeuitus
417 2665 504 2693 omnis
534 2671 676 2694 creatura}.
705 2666 840 2700 Quoniam
868 2667 894 2693 in
933 2666 991 2700 ipso

197 2708 306 2736 condita
321 2714 383 2737 sunt
400 2711 536 2744 universa,
552 2712 578 2739 iu
595 2713 671 2740 cmlis
681 2717 708 2739 et
726 2713 752 2739 iu
769 2717 852 2745 terra,
871 2712 988 2740 visibilia

197 2758 225 2781 et
243 2754 399 2788 invisibilia,
420 2757 476 2784 sive
490 2756 602 2790 'l‘liroui,
623 2759 680 2786 sive
697 2758 913 2791 Domiuatioues,
931 2758 990 2786 sive

233 2852 244 2869 ι
255 2853 384 2891 sparum,
396 2856 439 2889 52,
456 2857 499 2884 εδ.
539 2858 548 2873 ν
563 2858 626 2886 una.
644 2859 687 2891 ru,
704 2859 746 2884 res.

202 2897 238 2922 τι,
255 2889 298 2922 6'2,
311 2890 355 2917 65.

789 2859 808 2874 ¹⁰
826 2858 890 2886 ibid.
910 2859 953 2887 57.
970 2859 1013 2885 58.
1054 2859 1072 2875 “
1088 2857 1151 2886 Luc.
1171 2865 1187 2888 I,
1203 2857 1247 2883 31.

1045 2345 1222 2380 Συλλὴπτορα
1236 2344 1265 2370 δὲ
1283 2343 1331 2370 τοῦ
1353 2343 1433 2377 λόγον
1452 2343 1599 2378 ποιήσομαι
1617 2343 1698 2370 πάλιν
1722 2343 1771 2369 ὡδὶ
1794 2352 1838 2378 γε.

1044 2392 1169 2427 γραφὸτα
1193 2391 1240 2417 τὸν
1263 2390 1406 2417 θεσπέσιον
1423 2389 1547 2416 Παῦλον·
1569 2399 1578 2415 t
1606 2390 1837 2425 Εὐχαριστοῦντες

1043 2438 1083 2473 τῷ
1099 2438 1158 2473 Θεῴ
1177 2438 1224 2464 καὶ
1238 2437 1338 2472 Πατρὶ.
1353 2437 1392 2471 τῷ
1409 2436 1572 2463 ἱκανώσαντι
1589 2437 1662 2471 ἡμᾶς
1677 2438 1717 2468 είς
1729 2437 1778 2472 τὴν
1793 2445 1836 2472 με‹

1045 2484 1105 2520 ρίδα
1119 2484 1167 2510 τοῦ
1183 2483 1284 2519 κλήρου
1298 2482 1352 2509 τῶν
1368 2482 1452 2516 ἁγίων
1467 2483 1496 2508 ὲν
1510 2482 1548 2517 τῷ
1562 2483 1642 2517 φωτὶ.
1657 2483 1686 2513 ὃς
1702 2483 1835 2518 ἐρρύσατο

1043 2531 1118 2566 ἡμᾶς
1135 2530 1166 2556 ὲκ
1184 2530 1232 2564 τῆς
1254 2528 1379 2561 ἐξουσίας
1394 2527 1442 2555 τοῦ
1464 2528 1588 2560 σκότους,
1606 2529 1654 2554 καὶ
1671 2529 1834 2563 μετέστησεν

1043 2576 1084 2607 εἰς
1097 2575 1146 2610 τὴν
1162 2573 1301 2610 βασιλείαν
1317 2573 1364 2600 τοῦ
1387 2572 1453 2599 Υίοῦ
1469 2573 1518 2608 τῆς
1535 2573 1645 2608 ἀγάπης
1663 2574 1758 2604 αὑτοῦ.
1774 2575 1802 2600 ἐν
1815 2570 1835 2607 ᾧ

1043 2621 1141 2656 ἔχομεν
1155 2620 1204 2655 τὴν
1219 2619 1418 2654 ἀπολύτρωσιν,
1433 2618 1480 2654 τὴν
1495 2618 1592 2652 ἇρεσιν
1607 2619 1661 2645 τῶν
1682 2620 1833 2655 ἁμαρτιῶν,

1043 2667 1072 2698 ὅς
1089 2667 1162 2693 ἐστιν
1179 2665 1260 2692 εἰκὼν
1283 2664 1332 2691 τοῦ
1347 2663 1416 2691 Θεοῦ
1438 2664 1484 2690 τοῦ
1509 2664 1637 2700 ἀοράτου,
1666 2659 1834 2700 πρωτότοκος

1044 2713 1134 2746 πάσης
1156 2711 1282 2742 κτίσεως,
1300 2711 1341 2737 ὅτι
1359 2711 1387 2737 ἐν
1404 2710 1478 2746 αὐτῷ
1501 2711 1611 2745 ἐκτίσθη
1634 2710 1669 2737 τὰ
1687 2711 1787 2740 πάντα,
1804 2711 1833 2738 τά

1042 2766 1071 2784 τε
1095 2758 1124 2784 ἐν
1143 2759 1198 2788 τοῖς
1215 2757 1338 2791 οὐρανοῖς
1353 2757 1400 2784 καὶ
1416 2757 1449 2783 τὰ
1467 2756 1512 2782 ἐπὶ
1538 2757 1587 2791 τῆς
1611 2757 1674 2791 γῆς,
1692 2756 1727 2783 τὰ
1752 2757 1832 2792 ὑρατὲι

1307 2855 1414 2884 “Juan.
1440 2863 1479 2889 tu,
1498 2857 1524 2888 9,
1547 2855 1589 2890 1‘2,
1619 2857 1659 2884 15.
1722 2856 1829 2885 “Joau.
