1927 3036
114 158 183 185 1253

665 163 709 191 DE
729 164 984 194 INCARNATIONE
1003 165 1189 195 UNIGENITL

1676 168 1748 197 ἔξω

110 219 160 245 καὶ
183 219 216 245 τὰ
240 218 352 254 ἀόρατα,
368 221 421 248 εἴτε
439 222 545 258 Θρόνοι,
565 223 618 250 εἴτε
645 225 824 262 Κυριότητες,
850 228 889 254 εῖτ

956 227 1138 262 Principatus,
1157 227 1214 255 sive
1242 226 1406 258 Potestatcs,
1431 224 1522 252 omnia
1542 232 1590 261 per
1618 226 1746 261 ipsumet

108 264 218 300 Ἀρχαὶ,
229 266 434 301 εἴτεἘξουσίαι,
448 269 481 295 τὰ
497 269 586 297 πάντα
598 271 631 297 δι’
648 272 730 298 αὑτοῦ
743 274 789 299 καὶ
802 274 842 305 εἰς
854 274 903 300 αὐ-

105 310 156 337 τὸν
169 311 301 344 ἔκτισται,
320 313 366 340 καὶ
392 314 473 347 αὑτός
493 315 551 342 ἐστι
576 317 629 352 πρὸ
652 318 772 352 πάντων,
798 319 845 346 καὶ
866 319 902 346 τὰ
921 350 923 352 _

108 356 200 383 πάντα
214 358 242 383 ὲν
257 358 330 394 αὐτῷ
345 360 502 396 συνέστηκε,
518 362 566 388 καὶ
580 362 661 394 αὑτός
675 364 749 390 ἐστιν
762 365 778 400 ὴ
796 364 900 400 κεφαλὴ

105 403 156 428 τοῦ
175 403 300 439 σώματος
329 406 378 440 τῆς
398 406 572 442 Ἐκκλησίας,
589 409 618 439 ὃς
635 409 708 435 ἐστιν
725 410 808 446 ἁρχὴ,
822 419 899 445 πρω-

103 448 218 480 τότοκος
234 450 266 476 ὲκ
280 451 334 478 τῶν
351 452 467 486 νεκρῶν,
485 453 528 479 ῐνα
544 453 656 489 γένηται
676 455 704 481 ἐν
722 456 804 482 πᾶσιν
819 456 900 488 αὐτὸς

105 495 268 529 πρωτεύων,
292 497 333 522 ὅτι
349 497 377 524 ὲν
394 498 468 533 αὐτῷ
485 499 620 534 ηὑδόκησε
644 501 697 526 πᾶν
710 500 741 527 τὸ
761 501 898 536 πλήρωμα

103 540 140 566 δι’
159 541 240 568 αὑτοῦ
265 544 437 578 κατοικῆσαι,
462 545 509 571 καὶ
526 545 558 571 δι’
573 545 655 572 αὑτοῦ
677 547 898 579 ἀποκαταλλάξαι

103 586 140 612 τὰ
157 587 243 613 πάντα
261 589 300 619 εἰς
322 589 413 621 αὑτὸν,
431 591 640 626 εἰρηνοποιήσας
656 591 699 618 διὰ
719 591 766 618 τοῦ
782 592 897 627 αἵματος

103 632 155 658 τοῦ
173 633 287 668 σταυροῦ
304 634 397 667 αὑτοῦ,
415 635 469 662 εἴτε
482 635 516 663 τὰ
533 637 578 663 ἐπὶ
591 637 641 672 τῆς
660 637 722 672 γῆς.
745 637 799 663 εἴτε
815 637 849 664 τὰ
867 638 896 664 ἐν

102 679 162 709 τοῖς
177 678 309 713 οὐρανοῖς.
328 689 337 705 ι
362 680 426 707 Ἰδοὺ
442 680 474 715 δὴ
489 681 569 708 πάλιν
596 682 746 716 ἀναφανδὸν
761 682 794 709 δι’
812 682 894 709 αὐτοῦ

103 732 174 758 φησι
200 725 245 750 καὶ
261 725 301 757 είς
314 725 394 752 αὐτὸν
409 726 530 753 ἐκτίσθαι
545 727 577 753 τὰ
593 727 698 754 πάντα⁸
714 728 761 754 καὶ
779 727 841 763 μὴν,
855 728 895 754 ὅτι

101 769 159 802 πρὸ
181 769 288 795 πάντων
304 770 373 803 ἐστὶ,
395 771 442 797 καὶ
465 771 506 798 ὅτι
520 771 554 798 τὰ
571 773 658 799 πάντα
679 773 843 808 συνέστηκεν
866 774 895 800 ὲν

101 812 193 848 αὐτῷ·
211 814 258 840 καὶ
272 815 353 841 αὐτὸν
366 813 434 843 εἶναι
457 825 523 851 φησι
546 817 717 852 πρωτότοκον
733 817 765 844 ὲκ
779 817 893 853 νεκρῶν,

101 858 349 895 εἰρηνοποιήσαντα
373 861 418 888 διὰ
441 862 486 888 τοῦ
513 863 629 898 αἵματος
655 863 749 896 αὑτοῦ,
761 863 796 890 τά
810 871 841 890 τε
864 864 893 890 ὲν

957 275 984 301 in
997 274 1056 309 ipso
1068 278 1159 302 creata
1176 278 1249 301 sunt.
1265 273 1298 301 Et
1312 272 1368 307 ipse
1386 278 1428 300 est
1445 277 1507 300 ante
1529 279 1633 304 omnes,
1645 277 1672 300 et
1685 281 1746 300 om-

954 320 998 347 nia
1028 321 1054 347 in
1083 320 1146 355 ipso
1161 323 1299 347 constant.
1315 318 1347 346 Et
1365 319 1421 353 ipse
1447 323 1489 346 est
1514 322 1594 353 caput
1621 318 1745 352 corporis

952 364 1090 397 Ecclesiae,
1103 363 1148 399 qui
1162 368 1204 391 est
1216 363 1391 398 principium,
1404 363 1599 398 primogenitus
1616 362 1698 397 709
1707 370 1741 389 ex

953 410 1079 441 mortuis.
1102 410 1180 437 utsit
1204 411 1231 436 in
1251 409 1377 437 omnibus
1397 411 1454 444 ipse
1471 409 1616 444 prituatum
1633 413 1742 435 tenens.

951 455 1018 489 Quia
1032 456 1058 483 in
1074 457 1131 491 ipso
1142 456 1304 491 complacuit
1316 463 1422 483 omnem
1439 455 1630 490 plenitudinem
1649 454 1743 481 divini-

950 502 1014 529 tatis
1031 501 1192 533 inhabitare,
1215 507 1243 529 et
1266 509 1313 536 per
1326 509 1386 528 eum
1413 500 1580 528 reconciliari
1600 499 1742 526 omnia-in

950 547 1018 581 ipso,
1035 547 1224 582 paciﬁcantem
1250 553 1299 582 per
1326 547 1484 581 sanguinem
1501 546 1588 573 crucis
1609 545 1668 579 ejus
1685 544 1742 571 sive

949 599 1009 627 qua:
1029 592 1055 619 in
1081 592 1172 625 terris,
1202 592 1259 619 sive
1289 599 1349 626 qua:
1372 591 1488 619 incmlis
1513 596 1577 618 sunt
1592 590 1624 617 η.
1645 600 1654 615 ι
1672 589 1742 618 Ecce

948 645 1028 672 quam
1045 641 1138 671 aperte
1153 638 1233 667 dicat.
1248 645 1297 673 per
1311 638 1398 672 ipsum
1413 641 1440 664 et
1458 637 1483 664 in
1500 637 1558 671 ipso
1574 641 1663 664 creata
1681 643 1742 663 esse

947 684 1036 711 omnia
1053 692 1060 710 :
1073 683 1198 718 quodque
1209 689 1271 711 ante
1285 690 1380 711 omnes
1391 683 1436 715 sit,
1449 687 1476 710 et
1490 683 1560 716 quod
1570 682 1659 709 omnia
1677 689 1740 708 cott-

946 732 1020 756 smut
1037 728 1064 755 in
1079 728 1146 763 ipso.
1163 728 1299 756 Prmterea
1321 729 1387 756 dicit
1401 728 1486 763 ipsum
1504 734 1564 755 esse
1575 727 1740 762 primogeni-

947 779 1001 802 tum
1018 782 1051 802 ex
1073 775 1197 806 mortuis,
1216 775 1339 809 quodque
1357 773 1509 809 paciﬁcarit
1525 781 1572 808 per
1581 773 1738 807 sanguinem

947 827 1025 847 suum
1049 820 1256 855 qumcunquein
1271 819 1348 847 uelis
1367 823 1441 851 sunt,
1467 823 1495 846 et
1519 825 1685 853 quaecunque
1711 818 1739 845 in

946 865 1038 893 terris.
1068 866 1149 900 Atqui
1173 866 1235 901 quis
1262 869 1306 893 est
1333 865 1528 900 primogenitus
1555 871 1589 892 ex
1611 864 1737 895 mortuis,

99 906 159 936 τοῖς
172 905 306 941 οὐρανοῖς,
323 907 370 934 καὶ
385 907 421 934 τὰ
434 909 480 935 ἐπὶ
492 909 541 944 τῆς
556 909 617 944 γῆς.
635 908 701 937 Εἶτα
714 910 755 942 τις
770 910 784 937 ὁ
803 911 835 937 ὲκ
849 917 891 937 νε-

947 911 1000 939 nisi
1025 911 1149 939 Christus
1163 911 1252 944 Jesus,
1271 911 1323 939 hoc
1345 915 1396 944 est,
1427 910 1544 938 Verbum
1569 910 1597 938 in
1613 917 1695 938 carne
1710 915 1740 937 et

100 949 178 986 κρῶν
191 951 374 986 πρωτότοκος,
388 954 413 980 ει
427 954 464 989 μὴ
479 954 596 990 Χριστὸς
615 954 729 990 Ἰησοῦς,
743 955 892 988 τουτέστιν,

99 995 133 1021 ὲν
150 995 234 1031 σαρκὶ
249 997 297 1023 καὶ
321 997 390 1032 μετὰ
414 999 516 1034 σαρκὸς
539 999 554 1026 ὀ
569 999 673 1034 Λόγος;
701 1000 817 1036 Τεθναιη
839 999 894 1037 γὰρ

97 1040 136 1068 ἂν
149 1040 208 1069 οὗτι
222 1050 273 1069 που
285 1042 352 1075 Θεὸς
366 1043 403 1070 ὣν
416 1045 430 1071 ό
444 1044 539 1079 Λόγος,
555 1045 609 1072 οὐδ’
621 1045 654 1073 ἂν
665 1047 751 1073 νοοῖτο
761 1046 816 1073 τῶν
826 1046 894 1073 ὅλων

97 1086 269 1123 δημιουργὸς
287 1088 349 1116 καθ’
373 1090 447 1125 ἡμᾶς
467 1089 506 1117 ὢν
531 1091 685 1127 ἄνθρωπος.
708 1092 733 1118 εἰ
757 1091 795 1128 μὴ
818 1091 895 1128 δεδη-

99 1133 255 1170 μιούργηκε
281 1135 332 1170 μὲν
354 1135 393 1168 ὡς
415 1136 491 1168 Θεὸς.
514 1137 562 1164 καὶ
588 1138 612 1164 sl
640 1137 678 1173 μὴ
701 1137 763 1172 δίχα.
790 1138 895 1174 σαρκὸς

96 1179 188 1206 νοοῖτο
205 1179 276 1215 μετὰ
291 1180 340 1216 τὴν
357 1180 464 1209 ινωσιν.
481 1182 656 1219 Πρωτότοκος
679 1183 708 1211 δὲ
729 1184 776 1211 καὶ
796 1185 829 1212 ὲκ
849 1193 894 1212 νι-

97 1223 186 1258 κρῶν,
212 1225 280 1252 καθὸ
299 1226 420 1263 πέφηνεν
444 1227 597 1264 ἄνθρωπος,
624 1229 675 1256 οὐκ
700 1229 845 1257 ἀποϐαλὼν
863 1230 894 1257 τὸ

95 1267 170 1296 εἶναι
192 1269 269 1304 Θεὸς,
293 1272 337 1299 διὰ
351 1271 402 1308 τὴν
424 1273 640 1310 ινανθρώπησιν.
663 1275 720 1302 Olet
743 1283 770 1302 τι
795 1276 894 1311 χρῆναι

97 1314 205 1348 τούτοις
220 1317 349 1353 ἐπιτιμᾷν
361 1327 369 1351 ;

134 1373 166 1401 Β.
187 1373 249 1401 Οὐδ’
266 1375 427 1403 ὁπωστιοῦν.

132 1431 166 1458 Α.
189 1430 267 1463 Ἰδοις
286 1431 310 1458 δ’
323 1431 356 1459 ἂν
371 1432 418 1459 καὶ
432 1432 547 1469 ἑτέρωθι
563 1434 607 1461 διὰ
628 1435 682 1462 τῶν
698 1435 788 1463 αὐτῶν
805 1436 895 1469 ἰόντας

95 1476 186 1512 λόγων
200 1477 262 1510 τοὺς
276 1479 523 1515 πνευματοφόρονς.
546 1481 671 1516 Ἰωάννης
688 1481 736 1517 μὲν
749 1483 814 1518 γὰρ,
829 1492 838 1509 ι
851 1483 894 1510 Ἐν

95 1523 290 1559 ἀρχῇ,·φησὶν,
306 1525 321 1550 ό
341 1524 427 1559 Λόγος
442 1522 485 1561 ἦν,
505 1526 552 1553 καὶ
572 1527 586 1552 ὁ
606 1527 692 1561 Λόγος
715 1525 748 1564 ἦν
765 1528 834 1563 πρὸς
848 1528 894 1555 τὸν

944 965 1006 985 cum
1019 965 1102 985 carne
1112 957 1125 984 2
1135 956 1229 992 Neque
1242 957 1315 985 enim
1339 957 1409 984 mori
1423 961 1506 991 queat
1520 956 1591 984 Deus
1604 955 1739 985 exsistens

946 1002 1063 1031 Verbum
1082 1012 1089 1031 :
1107 1010 1195 1038 neque
1215 1006 1323 1030 creator
1336 1002 1419 1030 totius
1438 1001 1558 1029 universi
1573 1000 1625 1028 diei
1652 1000 1739 1034 possit

945 1047 1027 1075 homo
1041 1048 1124 1076 nostri
1140 1047 1248 1080 similis,
1264 1047 1316 1075 nisi
1327 1046 1462 1076 creaverit
1478 1045 1598 1082 quidem,
1613 1049 1642 1072 ut
1655 1044 1736 1079 Deus,

945 1093 1054 1122 tametsi
1067 1102 1120 1122 non
1144 1093 1248 1129 absque
1258 1096 1340 1121 carne
1363 1092 1476 1128 intelligi
1491 1095 1588 1127 potest.
1601 1095 1662 1127 post
1674 1090 1738 1118 uni-

945 1144 1039 1168 tatem.
1056 1139 1254 1175 Primogenitus
1265 1147 1331 1167 vero
1348 1147 1381 1168 ex
1407 1138 1522 1166 mortuis
1532 1142 1585 1170 est,
1602 1141 1738 1174 quatenus

945 1185 1070 1220 apparuit
1080 1185 1172 1216 homo.
1188 1184 1294 1212 tametsi
1305 1188 1416 1220 propter
1439 1182 1655 1211 incamationem
1682 1188 1738 1210 non

944 1229 1055 1257 desierit
1072 1236 1134 1257 esse
1157 1228 1239 1258 Deus.
1269 1229 1417 1257 Videturne
1444 1227 1492 1256 tibi
1516 1226 1618 1262 aliquid
1642 1226 1668 1253 in
1691 1225 1736 1254 his

945 1273 1196 1308 reprehendendum
1209 1273 1221 1301 ’ἐ

981 1376 1010 1404 Β.
1027 1375 1212 1411 Nequaquam.

979 1433 1014 1460 Α.
1033 1432 1087 1460 Sed
1102 1437 1131 1461 et
1146 1432 1209 1460 alibi
1221 1432 1273 1460 hoc
1288 1431 1375 1467 ipsum
1393 1435 1545 1459 asserentes
1569 1429 1661 1458 videas
1687 1436 1736 1458 eos

945 1479 991 1514 qui
1006 1479 1097 1507 divino
1121 1478 1224 1514 Spiritu
1246 1477 1328 1506 aﬂlati
1354 1477 1474 1506 fuerunt.
1499 1476 1617 1505 Joannes
1640 1476 1733 1504 enim:

948 1533 957 1550 ι
979 1524 1006 1551 In
1018 1523 1159 1559 principio,
1178 1523 1274 1559 inquit,
1286 1528 1345 1551 erat
1356 1521 1485 1554 Verbum,
1502 1527 1528 1549 et
1543 1521 1660 1550 Verbum
1676 1526 1736 1549 erat

95 1569 174 1602 Θεὸν,
198 1570 245 1597 καὶ
262 1570 328 1602 Θεὸς
342 1569 375 1605 ἦν
391 1571 405 1597 ό
422 1571 517 1606 Λόγος.
541 1570 625 1605 Οὗτος
640 1573 674 1609 ἦν
692 1574 721 1600 ὲν
742 1575 812 1610 ἀρχῇ
827 1575 891 1610 πρὸς

946 1570 1016 1604 apud
1034 1569 1127 1602 Deum,
1157 1574 1185 1597 et
1206 1569 1277 1597 Deus
1299 1574 1358 1596 erat
1386 1567 1511 1596 Verbum.
1540 1567 1597 1595 lloc
1624 1571 1683 1595 erat
1707 1567 1734 1595 iu

95 1615 143 1641 τον
161 1615 238 1642 Θεόν.
253 1616 344 1642 Πάντα
366 1615 399 1642 δι’
418 1617 499 1643 αὑτοῦ
515 1618 632 1651 ἐγένετο,
649 1619 696 1645 καὶ
709 1620 794 1654 χωρὶς
811 1619 893 1646 αὐτοῦ

97 1660 206 1694 ἐγένετο
234 1661 293 1687 οὐδὲ
307 1660 345 1687 ἕν.
362 1671 372 1687 ι
390 1661 494 1693 Παῦλος
505 1661 533 1688 δὲ
547 1660 593 1690 αὖ”
611 1660 672 1694 (Εἷς
684 1663 748 1695 Θεὸς
760 1664 773 1690 ὁ
788 1664 893 1699 Πατὴρ,

95 1706 126 1738 ἐξ
142 1703 172 1732 οὗ
189 1706 222 1732 τὰ
240 1701 344 1733 πάντα·
361 1705 401 1738 εἷς
420 1706 522 1742 Κύριος
544 1708 646 1743 Ἰησοῦς
664 1709 790 1743 Χριστὸς,
808 1709 843 1736 δι’
863 1705 894 1736 οὗ

95 1754 131 1780 τὰ
150 1753 248 1780 πάντα.
263 1762 272 1778 ι
297 1753 367 1779 Ἀλλ’
381 1754 459 1789 εἴπερ
479 1752 513 1789 ἦν
534 1755 564 1781 τὸ
587 1755 753 1789 μεσολαϐοῦν
778 1755 846 1791 μετὰ
863 1755 894 1782 τὸ

96 1798 218 1835 ἡνῶσθαι
235 1800 316 1835 σαρκὶ
335 1800 379 1826 τὸν
402 1800 495 1835 Λόγον,
518 1801 564 1827 καὶ
580 1802 619 1832 εις
636 1802 783 1837 ἑτερότητα
806 1810 892 1829 κατα-

96 1845 230 1881 διαιροῦν,
239 1845 287 1881 τὴν
300 1845 337 1878 ὡς
346 1846 411 1873 υἱῶν
424 1847 506 1873 δυάδα
518 1847 598 1882 φημὶ,
612 1847 682 1874 κατὰ
693 1847 723 1874 τὸ
735 1848 776 1874 σοι⁷
785 1848 890 1880 δοκοῦν,

98 1892 158 1924 πῶς
176 1892 207 1918 ἂν
223 1892 333 1927 ἐκτίσθη
348 1892 381 1919 τὰ
395 1893 482 1919 πάντα
493 1892 537 1920 διὰ
557 1893 643 1928 Ἰησοῦ
654 1893 771 1928 Χριστοῦ
784 1903 792 1926 ;
812 1894 891 1921 Ἀλλὰ

99 1938 154 1972 μὴν
170 1937 280 1974 ἐκτίσθη
297 1938 330 1965 δι’
353 1939 434 1965 αὑτοῦ
450 1939 483 1965 τὰ
507 1939 606 1966 πάντα,
625 1940 761 1975 Πρόδηλον
789 1938 836 1967 οὖν
850 1941 890 1967 ὅτι.

95 1983 130 2009 τὰ
149 1983 227 2018 φύσει
243 1992 271 2010 τε
286 1984 331 2010 καὶ
347 1983 436 2015 ῑδικὼς
460 1984 646 2020 ἐνυπάρχοντα
669 1985 707 2020 τῷ
728 1986 760 2011 ὲκ
784 1986 891 2022 Πατρδς

95 2029 154 2055 Evn
178 2030 268 2064 Λόγῳ,
292 2030 439 2065 τετήρηται
469 2030 549 2057 πάλιν
571 2030 644 2066 αὐτῷ
666 2032 712 2058 καί
732 2031 776 2058 ὅτε
795 2033 890 2066 γέγονε

96 2075 178 2111 σὰρξ.
197 2075 360 2110 Ἐπισφαλὲς
373 2073 418 2102 οὖν
432 2076 498 2111 ἄρα,
511 2076 542 2102 τὸ
556 2076 710 2112 διατέμνειν
721 2078 887 2113 ἀποτολμᾷν.

96 2119 144 2153 Εἷς
157 2121 211 2157 γὰρ
227 2121 328 2157 Κύριος
358 2121 460 2156 Ἰησοῦς
480 2122 606 2157 Χριστὸς,
631 2123 678 2150 καὶ
699 2123 732 2150 δι’
749 2124 830 2151 αὐτοῦ
854 2124 889 2151 τὰ

96 2167 185 2195 πάντα
202 2168 437 2204 δεδημιούργηκεν
450 2169 464 2195 ό
480 2169 585 2204 Πατήρ.

129 2315 160 2342 B.
185 2314 305 2350 Ἀληθές.

128 2372 161 2398 Δ.
177 2371 257 2398 Ἐστι
280 2370 422 2406 τοιγαροῦν
447 2370 495 2397 καὶ
517 2369 695 2406 δημιουργὸς,
716 2370 824 2404 θεῖκῶς,
840 2372 886 2398 καὶ

92 2417 235 2450 ζωοποιὸς,
258 2417 295 2448 ὡς
316 2417 383 2452 ζωὴ,
405 2417 614 2453 ὲνανθρωπίνως
640 2417 667 2443 δὲ
703 2415 736 2444 αὖ
760 2418 807 2443 καὶ
830 2419 888 2448 τοῖς

90 2465 162 2500 ὑπὲρ
190 2464 333 2499 ἄνθρωπον
365 2463 507 2498 ἰδιώμασιν
539 2464 579 2495 εἰς
604 2464 633 2490 ’ἐν
664 2473 690 2490 τι
722 2464 752 2490 τὸ
782 2463 882 2499 μεταξὺ

94 2510 280 2545 συγκείμενος.
294 2510 416 2545 Μεσὶτης
430 2510 483 2545 γάρ
498 2510 554 2536 ἐστι
573 2509 640 2536 Θεοῦ
654 2510 701 2537 καὶ
722 2510 882 2546 ἀνθρώπων,

90 2556 162 2583 κατὰ
174 2555 224 2586 τὰς
244 2555 366 2590 Γραφᾶς,
390 2555 470 2590 φύσει
492 2555 542 2590 μὲν
556 2555 775 2592 ὑπάρχωνθεὸς,
792 2556 837 2583 καὶ
853 2556 883 2582 οὑ

89 2603 152 2637 δὲχα
170 2602 282 2638 σαρκὸς,
317 2601 461 2637 ἄνθρωπος
489 2602 516 2628 δὲ
540 2602 657 2637 ἀληθῶς,
682 2603 728 2629 καὶ
752 2603 782 2629 οὗ
807 2602 884 2637 ψιλὸς

90 2648 152 2675 καθ’
169 2649 253 2683 ἡμᾶς,
284 2647 341 2674 ἀλλ’
371 2648 408 2674 ὢν
422 2649 492 2683 ὅπερ
512 2646 555 2683 ἦν,
575 2649 622 2675 καὶ
635 2649 660 2675 εἰ
684 2649 782 2682 γέγονε
805 2648 883 2683 σὰρξ.

92 2695 250 2730 Γέγραπται
282 2693 345 2729 γὰρ,
372 2693 412 2720 ὅτι
433 2703 442 2719 ι
473 2693 574 2728 Ἰησοῦς
608 2694 725 2730 Χριστος
751 2694 813 2729 χθὲς
840 2695 885 2720 καὶ

90 2741 221 2772 σήμερον,
242 2737 349 2769 eam;
374 2738 420 2764 καὶ
451 2739 490 2770 εἰς
519 2739 581 2770 τοὺς
609 2739 720 2770 αἰῶνας.
739 2749 746 2764 ι
763 2737 799 2766 ἹΙ
831 2740 884 2774 γὰρ

87 2784 147 2819 οὐχὶ
172 2784 217 2811 διὰ
242 2784 291 2819 τῆς
320 2784 400 2818 ἁγίας
414 2784 552 2820 Παρθένου
572 2785 696 2820 τετέχθαι
719 2785 883 2820 πιστεύομεν

137 2885 263 2914 ‘Culuss.
282 2894 300 2915 ι.
323 2886 414 2913 ld-QU.
457 2886 564 2914 “Juau.
583 2896 600 2916 ι.
622 2887 677 2914 1-5.
720 2889 739 2903 '"'
754 2888 759 2915 l
776 2888 836 2916 Cor.
854 2896 911 2918 \‘ttl.
927 2890 952 2916 (5.

947 1615 1079 1649 principio
1091 1615 1160 1650 apud
1176 1616 1270 1643 Deum.
1283 1615 1379 1643 Omnia
1393 1622 1442 1649 per
1458 1614 1546 1650 ipsum
1563 1613 1633 1641 facta
1659 1618 1733 1645 sunt,

946 1665 973 1688 et
995 1661 1055 1689 sine
1080 1661 1138 1696 ipso
1153 1661 1253 1689 factum
1281 1666 1324 1689 est
1349 1661 1416 1688 nihil
1430 1660 1462 1687 “.
1485 1669 1494 1686 )
1517 1659 1615 1687 Paulus
1641 1666 1706 1686 vero
1725 1667 1732 1686 :

948 1715 957 1732 ι
979 1706 1068 1740 Unus,
1097 1708 1196 1742 inquit,
1215 1708 1287 1736 Deus
1308 1708 1398 1740 Pater,
1419 1714 1452 1734 ex
1470 1713 1523 1741 quo
1535 1705 1646 1738 omnia;
1663 1711 1734 1732 unus

946 1752 1074 1781 Dominus
1100 1753 1180 1782 Jesus
1208 1754 1345 1786 Christus,
1375 1761 1423 1789 per
1457 1760 1537 1787 quem
1566 1751 1656 1779 omnia
1668 1751 1701 1779 ¹⁸.
1719 1760 1732 1778 ο

943 1800 1026 1834 Atqui
1037 1801 1059 1828 si
1075 1806 1135 1828 erat
1150 1800 1251 1835 aliquid
1262 1801 1437 1833 discriminis,
1453 1804 1594 1835 postquam
1611 1798 1728 1826 Verbum

944 1847 1047 1873 unitum
1063 1851 1104 1874 est
1129 1848 1216 1879 carui,
1243 1846 1368 1882 quodque
1397 1846 1470 1873 illum
1496 1845 1522 1872 in
1547 1845 1731 1873 diversitatem

943 1893 1087 1928 quamdam
1104 1893 1213 1924 dividat,
1226 1892 1264 1919 ita
1282 1897 1310 1919 ut
1324 1891 1480 1919 dualitatem
1497 1891 1641 1926 quamdam
1661 1890 1731 1917 tilio-

943 1947 1000 1966 rum
1013 1939 1170 1971 constituat,
1194 1939 1263 1965 sicut
1275 1937 1323 1965 tibi
1340 1938 1444 1965 videtur
1461 1945 1467 1963 :
1487 1938 1621 1970 quomodo
1640 1936 1731 1963 omnia

941 1990 1032 2013 creata
1047 1990 1108 2012 sunt
1130 1991 1178 2020 per
1201 1983 1292 2012 Jesum
1308 1983 1445 2011 Christum
1460 1982 1564 2017 ?Atqui
1581 1981 1670 2009 omnia
1683 1988 1731 2015 per

941 2031 1029 2067 ipsum
1044 2035 1134 2058 creata
1150 2035 1221 2057 sunt.
1235 2029 1405 2057 Manifestum
1423 2028 1503 2063 igitur
1518 2033 1559 2055 est
1575 2027 1646 2061 quod
1667 2033 1729 2060 quae

940 2082 1036 2105 natura
1052 2081 1078 2104 et
1094 2076 1267 2111 peculiariter
1294 2075 1385 2102 insunt
1413 2074 1500 2101 Verbo
1515 2073 1586 2108 quod
1600 2080 1633 2100 ex
1648 2071 1730 2099 Patre

940 2124 1071 2159 procedit,
1086 2129 1195 2150 manent
1207 2122 1287 2150 etiam
1303 2122 1328 2149 in
1341 2122 1399 2156 ipso
1416 2128 1478 2148 cutn
1488 2120 1588 2147 factum
1601 2123 1643 2146 est
1655 2127 1729 2147 caro.

939 2170 1124 2198 Periculosum
1153 2171 1243 2205 itaque
1272 2173 1314 2196 est
1341 2168 1398 2196 lucc
1415 2167 1509 2203 partiri
1532 2174 1564 2194 ac
1590 2173 1727 2201 separare.

904 2239 909 2245 .
939 2216 1016 2246 Unus
1027 2217 1099 2244 enim
1116 2217 1246 2244 Dominus
1260 2214 1339 2243 Jesus
1357 2213 1490 2246 Christus,
1519 2218 1545 2240 et
1565 2219 1612 2248 per
1639 2211 1727 2246 ipsum

903 2250 927 2280 θ
939 2263 1030 2291 omnia
1045 2263 1148 2291 creavit
1161 2262 1251 2290 Pater.

975 2321 1005 2348 Β.
1021 2320 1057 2348 lla
1071 2325 1123 2348 est.

974 2377 1008 2404 Α.
1029 2376 1078 2404 Est
1104 2376 1186 2411 igitur
1206 2381 1233 2403 et
1255 2380 1372 2407 creator,
1391 2374 1540 2402 divinitatis
1569 2373 1728 2406 ratione;et

940 2420 1090 2453 viviticans,
1116 2419 1208 2456 utpote
1235 2422 1311 2448 vita:
1340 2421 1457 2447 humana
1489 2425 1578 2447 autem
1608 2418 1727 2446 vicissim

940 2466 1055 2498 ratione,
1078 2473 1110 2492 ex
1126 2466 1336 2501 proprietatibus
1363 2473 1423 2500 quae
1440 2465 1574 2493 hominem
1591 2463 1726 2491 excedunt

939 2511 965 2538 in
985 2518 1067 2537 unum
1085 2511 1148 2544 quid
1169 2510 1357 2537 intermedium
1380 2510 1554 2544 compositus.
1595 2508 1726 2536 lllediator

938 2555 1010 2581 enim
1028 2558 1070 2582 est
1083 2554 1128 2581 Dei
1146 2558 1173 2581 et
1185 2555 1335 2586 hominum,
1356 2555 1502 2582 secundum
1519 2554 1674 2588 Scripturas
1691 2553 1725 2586 ",

938 2605 1032 2628 natura
1049 2600 1157 2635 quidem
1174 2599 1310 2626 exsisteus
1323 2599 1402 2631 Deus,
1415 2604 1442 2627 et
1455 2607 1507 2627 non
1519 2600 1621 2634 absque
1632 2606 1724 2630 carne,

937 2647 1017 2674 homo
1035 2651 1123 2673 autem
1141 2653 1215 2679 vere,
1233 2653 1285 2673 non
1306 2645 1378 2672 unde
1402 2650 1483 2680 atque
1508 2645 1676 2679 simpliciter,
1695 2650 1726 2672 ut

936 2699 995 2724 nos,
1010 2692 1056 2719 sed
1070 2691 1204 2719 exsistens
1227 2691 1252 2718 id
1268 2691 1339 2724 quod
1357 2695 1425 2723 erat,
1452 2690 1558 2717 etiamsi
1583 2690 1671 2717 l'a'ctus
1691 2691 1725 2717 sit

935 2746 1010 2766 caro.
1037 2738 1174 2773 Scriptum
1197 2741 1238 2765 est
1261 2738 1344 2769 enim,
1372 2736 1443 2771 quod
1465 2744 1475 2761 ι
1501 2734 1579 2762 Jesus
1599 2736 1725 2763 Christus

936 2785 992 2812 lteri
1011 2789 1038 2812 ct
1054 2784 1156 2817 hodie;
1171 2783 1241 2811 idem
1264 2782 1321 2818 ipse
1345 2786 1371 2809 et
1397 2781 1478 2816 710
1501 2781 1528 2809 in
1547 2782 1644 2809 sa‘cula
1661 2782 1693 2810 ".
1709 2789 1722 2809 ν

1002 2888 1041 2915 ’ῖΙ
1059 2887 1128 2915 'l'itu.
1147 2895 1175 2918 ιι,
1191 2887 1216 2913 .3.
1259 2886 1278 2901 "
1293 2885 1373 2913 llcivr.
1391 2891 1449 2917 xm,
1466 2883 1490 2913 8.
