1927 3036
207 146 274 173 193⁸1

700 144 728 172 S.
748 143 886 172 CYRlLLl
905 140 1137 172 ALEXANDRINI
1156 140 1318 169 ARCHIEP.

1763 133 1835 161 1248

205 208 300 234 Annon
327 205 398 233 enim
414 211 444 231 ex
460 208 551 232 sancta
569 204 676 240 Virgine
691 209 782 231 natum
807 205 942 232 credimus
963 203 987 231 in

1050 212 1071 230 tv
1099 202 1223 238 ἐσχάτοις
1247 200 1294 228 τοῦ
1322 199 1418 231 αἰῶνος
1448 197 1553 233 καιροῖς
1577 196 1621 223 τὶν
1642 193 1834 230 Ἑμμανουήλς

207 251 308 280 ultimis
334 250 425 279 seculi
448 251 614 284 temporibus
626 250 849 278 Emmanuelem?

241 297 271 325 Β.
301 297 427 324 Omnino.
452 296 546 331 Neque
563 296 635 323 enim
660 296 745 324 sacris
770 296 920 332 Scripturis
947 304 990 324 re-

206 349 364 377 pugnamus.

239 387 273 414 A.
287 387 320 414 At
333 394 406 418 vero,
419 386 461 413 die
475 386 550 419 mihi,
561 386 656 419 amice,
674 386 738 413 illud
753 395 762 412 ι
779 387 836 414 heri
846 391 872 414 el
884 386 964 414 hodie
979 395 988 412 ι

207 437 295 458 nonne
322 437 439 464 praesens
462 434 490 457 et
513 431 569 465 jam
588 431 753 465 praeteritum
780 436 885 467 tempus
909 431 992 467 signi-

207 476 268 502 ﬁcat
278 475 289 501 ?
797 480 802 484 ·

239 521 270 548 Β.
285 521 332 548 Ita.

239 567 272 594 A.
297 567 437 600 Quomodo
464 567 546 603 igitur
575 567 645 595 idem
674 568 728 596 erit
756 576 816 596 cum
843 569 992 603 praeterito,

205 612 310 639 tametsi
322 613 440 640 nondutn
456 614 602 640 secundum
622 621 730 642 carnem
746 619 825 641 natus
841 614 897 642 sit?

239 654 270 684 Β,
286 654 353 688 Quia
365 661 423 683 erat
439 655 556 697 Verbum
577 657 656 684 etiant
678 658 704 685 in
719 658 862 693 principio,
882 663 913 686 et
931 663 991 686 tan-

204 707 285 734 qualt
314 707 347 728 ex
368 706 469 729 aeterno
496 707 579 736 atque
604 703 765 731 immutabili
786 703 841 732 Deo
857 712 889 731 ac
913 703 992 733 Patre

203 746 362 780 procedens,
390 748 569 776 aeternitatem
593 756 700 784 quoque
715 755 795 785 atque
811 751 988 778 immutabili-

204 795 285 819 tatem
305 791 331 818 in
346 800 375 820 se
389 793 480 820 habet.

238 838 271 865 A.
305 837 397 866 Laudo
428 843 500 867 tuam
528 841 716 875 sententiam;
740 843 889 870 rectissima
918 843 989 870 enim

203 888 255 911 est.
271 882 404 912 Caeterum
418 885 469 912 hoc
483 885 564 913 etiatn
580 886 644 914 mihi
663 887 748 916 dicas.

238 972 271 1000 Β.
288 973 445 1006 Quidnam?

239 1020 274 1046 A.
299 1018 393 1048 Nonne
421 1028 516 1049 recens
539 1023 682 1050 admodum
709 1029 750 1051 est
782 1032 878 1052 nomen
912 1025 989 1053 Jesus

204 1065 338 1098 Christus,
364 1071 444 1101 atque
470 1069 528 1102 ipso
552 1068 746 1097 incarnationis
767 1075 885 1106 tempore
902 1071 989 1099 Verbo

205 1110 317 1138 inditum
332 1111 344 1138 ?

237 1155 268 1183 Β.
299 1157 355 1184 lloc
383 1163 457 1186 certe
481 1160 687 1195 quamplurimis
712 1164 880 1197 argumentis
912 1165 990 1192 nobis

203 1207 340 1230 ostensum
361 1209 413 1230 est.

238 1259 272 1286 A.
297 1258 427 1295 lntclligis
459 1261 550 1296 itaque
578 1263 647 1297 quod
672 1263 810 1291 Christum
836 1265 939 1299 Jesum,
962 1273 991 1294 et

202 1312 255 1331 non
273 1305 432 1340 simpliciter
444 1306 560 1335 Verbum
574 1309 631 1336 heri
656 1314 682 1337 et
702 1310 781 1337 ltodie
793 1312 916 1339 euntdem
930 1320 990 1341 esse

202 1349 284 1382 dicat,
302 1355 328 1378 et
344 1351 369 1378 itt
387 1352 495 1381 saecula.
515 1352 573 1386 Quo
590 1358 668 1388 pacto
684 1361 772 1383 autem
802 1357 838 1384 sit
864 1357 990 1385 immuta-

202 1394 276 1428 bilis,
294 1401 320 1424 et
334 1396 362 1424 in
380 1398 474 1425 eodem
486 1406 592 1434 semper
608 1404 679 1427 stattt
704 1408 860 1436 permaneat
875 1404 990 1432 hominis

203 1439 311 1474 natura,
344 1449 404 1469 cutn
427 1443 528 1478 alioqui
553 1450 653 1472 motum
672 1448 815 1482 sustineat,
842 1450 989 1484 etquidem

202 1493 257 1520 prm
277 1486 337 1514 aliis
350 1494 410 1514 eum
425 1488 470 1523 qtti
487 1488 517 1515 lit
529 1497 543 1515 a
559 1497 610 1516 non
625 1497 685 1518 esse
706 1494 738 1518 ad
756 1501 816 1520 esse
830 1502 861 1521 ac
874 1495 965 1523 vivere
979 1494 990 1521 ?

1078 291 1108 316 Β.
1125 289 1188 316 Ναί.
1204 289 1269 320 Ταῖς
1287 288 1339 323 γάρ
1357 295 1396 313 τοι
1412 285 1500 317 θείαις
1519 284 1569 311 οὐκ
1587 281 1754 318 ἁντεροῦμεν
1765 281 1830 316 Γρα-

1064 343 1114 366 αις.

1043 343 1160 406 φαῖίΤὺ
1174 380 1202 406 δὲ
1217 380 1248 416 δὴ
1266 380 1339 414 χθὲς,
1362 379 1422 405 εἰπέ
1439 386 1494 413 μοι.
1517 376 1566 404 καὶ
1587 376 1717 411 τήμερον,
1740 373 1834 408 καιρὸν

1041 428 1117 462 ἡμῖν,
1136 423 1158 452 ὦ
1174 426 1296 462 φιλότης,
1310 426 1370 460 οὐχὶ
1391 425 1436 451 τὸν
1455 423 1619 458 ὲνεστήκοτα
1641 421 1688 448 καὶ
1712 420 1760 446 τδν
1785 419 1837 454 ἤδη

1043 472 1226 508 παρῳχηκότα
1241 472 1462 507 κατασημήνειαν
1477 469 1526 501 iv;

1077 519 1107 546 Β.
1125 518 1208 553 Φημί,

1077 564 1110 591 Α.
1129 564 1190 595 Πῶς
1201 562 1248 590 οὖν
1262 564 1275 590 ό
1287 562 1366 594 αὐτὸς
1377 562 1420 597 εἴη
1436 561 1468 588 ἂν
1483 560 1522 592 εἷς
1538 567 1569 594 γε
1583 559 1627 586 τὸν
1636 558 1834 594 παρῳχηκότα,

1042 610 1132 637 καίτοι
1144 610 1249 644 γένεσιν
1263 609 1338 636 οὔπω
1356 608 1404 643 τὴν
1424 606 1494 634 κατὰ
1513 606 1602 640 σάρκα
1618 605 1728 638 λα6ών;

1077 655 1108 682 Β,
1123 655 1183 681 ὀτι
1196 652 1229 690 ἦν
1240 655 1253 681 ὁ
1266 654 1351 688 Λόγος
1364 646 1411 680 καὶ
1434 654 1463 678 ὲν
1484 653 1566 687 ἀρχῇ,
1585 651 1630 678 καὶ
1647 651 1685 683 ὡς
1703 650 1733 683 ἐξ
1748 649 1834 677 ἀϊδίου

1043 701 1089 728 καὶ
1101 701 1236 736 ἀτρέπτου
1249 699 1376 735 πεφηνὼς
1392 697 1438 725 τοῦ
1450 697 1517 724 Θεοῦ
1527 697 1573 724 καὶ
1583 697 1699 732 Πατρὸς,
1715 696 1773 731 ἔχει
1789 695 1835 722 καὶ

1044 746 1124 778 αὐτὸς
1138 746 1175 777 ὡς
1187 746 1214 772 ὲν
1231 745 1284 780 ἰδίᾳ
1297 744 1376 780 φύσει
1392 743 1421 770 τὸ
1430 743 1514 770 ἀΐδιόν
1527 751 1557 769 τε
1575 742 1623 769 καὶ
1634 743 1784 778 ἄτρεπτον.

1077 846 1110 871 Δ.
1133 843 1251 872 Ἐπαινῶ
1272 843 1322 878 τὴν
1344 841 1432 875 δόξαν·
1459 841 1516 877 ἔχει
1540 842 1594 877 γὰρ
1610 839 1674 873 ὧδε,
1700 842 1749 869 καὶ
1775 842 1836 869 λίαν

1041 891 1139 928 ὀρῦὦς’
1158 888 1380 926 φιλοπευςτοῦντι
1400 888 1422 915 δ’
1439 886 1484 915 οὖν
1504 888 1578 924 ὅμως
1607 889 1726 924 φράσαις
1743 889 1788 921 ἂν,
1814 887 1836 916 ὦ

1042 937 1139 972 ἀγαθέ.

1078 982 1108 1008 Β.
1125 981 1160 1008 ἰδ
1174 983 1200 1009 τί
1208 995 1218 1018 ,-

1078 1028 1110 1055 A.
1123 1025 1161 1054 ἿΙ
1179 1027 1239 1063 οὐχὶ
1259 1027 1391 1054 νεώτατον
1411 1028 1518 1063 κομιδῇ,
1542 1027 1588 1054 καὶ
1606 1028 1663 1059 τοῖς
1686 1026 1737 1062 τῆς
1756 1027 1834 1053 ἐναν-

1043 1073 1212 1110 θρωπήσεως
1227 1074 1331 1109 χρόνοις
1345 1073 1563 1110 συνδεδραμηκδς
1586 1073 1671 1108 ὖνομα
1689 1072 1728 1108 τῷ
1744 1072 1834 1107 Λόγῳ,

1042 1120 1083 1151 τὸ,
1106 1119 1207 1155 Ἰησοῦς
1227 1120 1343 1155 Χριστός
1353 1128 1360 1153 ;

1080 1166 1108 1192 Β.
1138 1165 1193 1192 Καὶ
1225 1165 1277 1200 μὴν
1319 1165 1398 1192 τοῦτο
1430 1165 1496 1200 ἡμῖν
1521 1163 1566 1190 διὰ
1599 1163 1733 1190 πλείστων
1765 1163 1836 1190 ὅσων

1043 1211 1162 1246 ἐδείχθη.

1079 1268 1112 1295 Δ.
1128 1268 1210 1300 Σύνες
1225 1267 1282 1301 ὢν,
1297 1269 1343 1298 ὅτι,
1354 1268 1470 1303 Χριστὸν
1492 1267 1596 1304 Ἰησοῦν
1611 1267 1658 1294 καὶ
1674 1267 1703 1294 οὐ
1729 1275 1835 1301 μονοει-

1043 1313 1096 1346 δῶς
1107 1313 1152 1341 τὸν
1166 1314 1252 1348 Λόγον
1268 1314 1331 1350 χθές
1357 1322 1387 1340 τε
1406 1313 1454 1344 καὶ
1473 1314 1593 1349 σήμερον
1612 1313 1656 1340 τὸν
1671 1312 1754 1340 αὑτὸν
1766 1310 1836 1339 εἴναί

1044 1370 1120 1398 φησι,
1135 1362 1181 1388 καὶ
1195 1362 1235 1394 εἰς
1251 1362 1313 1394 τοὺς
1325 1361 1436 1393 αἰῶνας.
1458 1361 1519 1393 Πῶς
1534 1360 1556 1387 δ’
1571 1360 1604 1387 ἂν
1625 1360 1681 1395 ἔχοι
1703 1359 1735 1386 τὸ
1755 1358 1834 1394 ἄτρε-

1044 1408 1111 1434 πτόν
1124 1416 1154 1435 τε
1169 1409 1216 1435 καὶ
1228 1408 1276 1444 τὴν
1291 1409 1321 1433 ἐν
1337 1408 1480 1443 ταυτότητι
1495 1406 1626 1442 διαμονὴν
1651 1407 1667 1441 ἠ
1687 1404 1835 1441 ἀνθρώπου

1045 1454 1125 1489 φύσις
1140 1475 1147 1488 ,
1169 1453 1258 1480 καίτοι
1277 1453 1383 1487 κίνησιν
1401 1451 1584 1487 ὑπομένουσα,
1606 1451 1652 1477 καὶ
1671 1451 1724 1486 πρό
1735 1459 1768 1485 γε
1782 1450 1835 1477 τῶν

1045 1500 1160 1532 enim,
1174 1499 1223 1535 τὴν
1237 1498 1266 1531 ἐξ
1282 1499 1332 1525 οὺχ
1346 1499 1430 1525 ὄντων
1445 1499 1485 1530 εις
1496 1498 1526 1524 τὸ
1536 1495 1606 1524 εἶναι
1621 1497 1668 1523 καὶ
1679 1497 1729 1532 ζῇν
1743 1505 1751 1530 ;

238 1540 268 1568 Β.
297 1541 440 1570 Aberravit
460 1543 550 1578 itaque
565 1552 579 1571 a
599 1553 662 1573 vero
686 1554 764 1574 sacra
786 1547 939 1585 Scriptura,
962 1556 987 1579 et

1077 1557 1107 1583 Β.
1123 1555 1314 1591 Διημάρτηκεν
1328 1551 1375 1582 οὖν
1386 1554 1439 1588 ἄρα
1448 1552 1581 1587 τάληθοῦς
1590 1553 1656 1588 ἡμῖν
1671 1552 1702 1579 τὸ
1716 1551 1834 1588 Γράμμσ

202 1586 248 1621 qui
267 1587 346 1614 hodie
362 1596 412 1615 non
424 1593 475 1620 est,
492 1590 568 1624 prius
584 1592 721 1620 exstitisse
737 1594 801 1621 dicit
815 1594 826 1620 ’ἓ

235 1631 268 1659 Α.
286 1631 417 1666 Equidem
438 1634 464 1661 id
481 1642 648 1669 nequaquam
661 1637 786 1665 dixerim.
810 1638 901 1675 Longe
917 1642 988 1668 enim

201 1678 288 1705 abest.
308 1677 371 1704 Heri
388 1682 413 1705 et
437 1680 514 1706 hodie
533 1680 614 1712 idem,
647 1683 711 1709 etin
736 1685 833 1711 satcula
865 1685 990 1717 Christus

202 1722 289 1750 Iesus.
325 1722 407 1751 Verbi
420 1729 509 1752 autent
539 1727 726 1761 antiquitatem
763 1734 789 1756 et
818 1731 990 1759 imumtubili-

203 1771 284 1794 tatem
307 1775 476 1802 nequaquam
505 1771 672 1805 negaverint,
701 1773 808 1800 tatnetsi
828 1774 927 1802 factum
954 1776 989 1804 sit

202 1820 267 1840 caro
284 1822 290 1840 :
305 1816 332 1840 at
362 1814 454 1848 potius
484 1817 635 1843 censuerint
659 1818 762 1846 ratione
792 1821 902 1848 unitatis
927 1830 988 1849 cutn

201 1859 310 1893 propria
336 1867 382 1887 sua
413 1867 504 1894 carne,
533 1863 655 1897 eumqui
685 1864 742 1891 heri
762 1871 831 1897 erat,
856 1871 989 1902 anteaque

201 1905 361 1939 eusistebat,
391 1914 484 1934 rursus
508 1907 639 1936 declarari
674 1915 754 1944 atque
779 1913 882 1939 ostendi
909 1921 989 1941 eum-

201 1951 273 1978 dem.
300 1951 405 1980 Idcirco
431 1954 545 1981 oderant
572 1955 645 1982 illum
672 1961 698 1984 et
718 1957 850 1991 lapidibus
871 1959 989 1988 obruere

201 1997 325 2024 volebant
337 1998 474 2026 dementes
484 1999 581 2032 Judaei,
596 2002 673 2029 [idem
689 2003 737 2036 ipsi
754 2012 805 2030 non
817 2005 988 2036 adhibentes.

201 2041 259 2070 lloc
274 2044 346 2070 enim
363 2044 422 2072 illos
439 2046 567 2074 attonitos
593 2048 710 2080 tenebat,
727 2051 797 2084 quod
823 2059 881 2077 cum
906 2060 987 2087 appa-

202 2094 276 2116 reret
292 2090 374 2118 homo
397 2092 481 2119 nostri
503 2093 610 2125 similis,
632 2094 818 2128 antiquitatem
835 2097 886 2123 sibi
905 2097 987 2132 majo-

203 2142 259 2162 rem
277 2143 357 2170 quatn
370 2143 429 2171 quae
445 2138 470 2164 in
483 2138 619 2165 hominem
641 2139 713 2166 cadit
730 2147 879 2175 arrogaret,
896 2143 988 2172 dicens

201 2185 231 2208 ut
258 2181 349 2209 Deus:
370 2192 378 2208 ι
410 2183 507 2214 Amen,
531 2191 608 2210 amen
644 2185 703 2211 dico
730 2187 816 2218 vobis,
840 2192 985 2224 antequam

201 2227 335 2254 Abraham
354 2228 440 2260 ﬁeret,
457 2236 506 2262 ego
518 2237 576 2255 sum
598 2230 630 2256 η.
650 2239 659 2256 ›
678 2231 718 2258 Ad
733 2234 804 2266 quod
825 2234 861 2260 illi
875 2241 985 2269 respou-

200 2274 296 2300 dernnt
315 2282 322 2300 :
340 2283 348 2299 t
373 2274 574 2308 Quinquaginta
598 2283 683 2303 annos
710 2279 828 2306 nonduut
850 2279 942 2313 habes,
959 2285 986 2308 et

199 2319 336 2345 Abraham
365 2319 453 2345 vidisti
469 2319 492 2334 ¹⁰
512 2319 524 2345 ?
551 2329 560 2345 ι
585 2320 654 2353 Quin
684 2327 710 2350 et
729 2322 847 2351 Joannes
860 2325 895 2352 ita
923 2326 983 2353 ait:

203 2373 212 2390 ι
229 2364 278 2397 Qui
291 2368 349 2398 post
361 2371 403 2390 me
417 2370 546 2392 venturus
557 2370 608 2397 est,
623 2372 685 2394 ante
698 2376 740 2396 me
756 2369 844 2397 factus
856 2376 906 2403 est,
920 2371 983 2406 quia

200 2411 274 2445 prior
290 2417 332 2437 me
346 2411 448 2438 erat“.
467 2420 476 2437 ι
499 2412 577 2446 Atqtti
596 2416 729 2448 quomodo
743 2424 821 2450 quem
848 2417 983 2445 hominem

199 2462 259 2482 esse
287 2460 364 2482 norat
391 2461 418 2483 et
440 2458 552 2484 vocabat
583 2457 797 2494 Emmanuelem,
823 2467 886 2489 ante
906 2470 934 2490 se
956 2467 982 2490 et

199 2502 314 2535 priorem
332 2501 428 2529 factum
447 2511 508 2530 esse
530 2505 605 2538 dicit,
628 2513 690 2533 cum
718 2512 778 2541 post
802 2508 889 2543 ipsum
905 2514 983 2537 natus

199 2548 302 2575 fuerit?

233 2607 263 2634 Β.
277 2607 346 2636 Ante
365 2609 450 2644 ipsum
478 2609 578 2637 factum
604 2618 665 2638 esse
679 2611 745 2639 dicit.
761 2612 865 2640 ratione
879 2613 980 2649 gloriae,

199 2659 226 2681 ut
244 2661 293 2689 ego
309 2655 414 2689 quidem
440 2656 518 2691 711
536 2656 665 2692 intelligo.

231 2711 263 2738 A.
286 2711 369 2739 Porro
393 2711 488 2739 falsum
513 2712 714 2748 absurdumque
737 2722 798 2742 esse
822 2716 857 2743 ita
882 2717 984 2745 sentire

198 2757 292 2791 paucis
307 2757 450 2791 intelliges.
467 2757 532 2784 Nam
548 2758 570 2785 si
588 2759 666 2792 illud,
682 2765 759 2792 ante,
774 2761 984 2796 interpretentur

516 2846 538 2860 "‘
553 2846 614 2873 ibid.
635 2847 677 2872 ΞΠ.

235 2844 343 2871 ".loan.
362 2853 418 2877 \'ttt,
434 2846 478 2877 58,
516 2846 538 2860 ’⁸
553 2846 614 2873 ibid.
635 2847 677 2872 ΞΠ.
718 2847 737 2861 ’ί
754 2846 830 2873 .Ι‹›πιι.
851 2856 868 2878 ι,
882 2849 926 2875 ‘27.

1040 1604 1071 1631 τὸ
1087 1604 1168 1639 ἱερὸν,
1184 1604 1229 1630 καὶ
1247 1603 1292 1629 τὸν
1307 1602 1370 1638 χθὲς
1381 1602 1431 1628 οὐκ
1442 1601 1506 1628 ὅντα
1521 1600 1645 1637 προεῖναι
1660 1608 1762 1636 (Nam;

1076 1653 1108 1677 Δ.
1122 1650 1207 1685 Φαίην
1224 1649 1256 1676 ἂν
1276 1649 1336 1684 οὐχὶ
1354 1648 1434 1675 τοῦτο
1454 1647 1521 1682 ὲγώ.
1544 1646 1645 1674 Πολλοῦ
1663 1654 1696 1680 γε
1717 1646 1766 1672 καὶ
1783 1645 1833 1673 δεῖ.

1041 1696 1112 1728 Χῡὲς
1136 1696 1183 1722 καὶ
1209 1696 1329 1730 σήμερον
1353 1695 1368 1720 ὁ
1389 1693 1469 1724 αὐτὸς
1492 1694 1538 1720 καὶ
1559 1694 1598 1724 είς
1624 1693 1689 1724 τοὺς
1717 1692 1832 1725 αὶῶνας,

1041 1740 1156 1776 Χριστὸς
1178 1739 1291 1775 Ἰησοῦς.
1313 1739 1349 1766 Τδ
1364 1739 1392 1765 δὲ
1410 1738 1456 1765 τοῦ
1473 1739 1559 1772 Λόγου
1582 1738 1771 1774 πρεσϐύτατον
1785 1738 1830 1764 καὶ

1041 1787 1160 1819 ἁκλινὲς,
1176 1787 1275 1821 ἥκιστα
1292 1785 1341 1820 μὲν
1361 1785 1526 1820 ἀρνήσομαι,
1542 1785 1590 1811 καὶ,
1605 1785 1629 1810 εἰ
1643 1783 1739 1818 γέγονε
1752 1783 1831 1818 σάρξ’

1040 1833 1168 1867 οἰήσομαι
1185 1831 1213 1858 δὲ
1228 1831 1288 1858 καθ’
1308 1831 1405 1857 ἕνωσιν
1423 1830 1491 1865 μετὰ
1508 1830 1557 1865 τῆς
1578 1830 1647 1861 ιδίας
1662 1830 1774 1865 σαρκὸς,
1793 1830 1830 1861 ὡς

1040 1876 1105 1914 χθὲς
1121 1877 1185 1904 ὄντα
1201 1877 1248 1904 καὶ
1265 1876 1485 1912 προϋπάρχοντα,
1511 1875 1729 1910 καταδηλοῦσθαι
1749 1876 1831 1902 πάλιν

1035 1924 1131 1951 ιιὺτόν.
1147 1923 1201 1950 Καὶ
1215 1922 1280 1957 γοῦν
1307 1922 1474 1957 ἐμυσάττετο
1492 1922 1541 1955 μὲν
1559 1921 1574 1947 ὁ
1589 1922 1743 1957 παράφρων
1764 1922 1830 1948 ‘lou-

1039 1970 1112 2001 δαῐος
1130 1969 1177 1996 καὶ
1189 1968 1350 1996 καταλιθοῦν
1364 1968 1510 2003 ἐπεχείρει,
1530 1968 1580 2002 τὴν
1597 1968 1689 2002 πίστιν
1697 1969 1727 1994 οὐ
1746 1976 1829 2003 προσ-

1041 2017 1155 2052 ιέμενος.
1188 2015 1379 2050 Κατατεθήπει
1401 2015 1470 2049 γὰρ,
1499 2015 1540 2041 ὅτι
1562 2014 1651 2041 καίτοι
1673 2013 1734 2040 καθ’
1757 2015 1830 2048 ἡμᾶς

1039 2061 1177 2097 ὁρώμενος
1188 2061 1235 2088 ἅνο
1241 2069 1340 2096 ρωπος,
1354 2060 1403 2095 τῆς
1415 2060 1484 2096 ὑπὲρ
1494 2059 1636 2095 ἄνθρωπον
1649 2059 1830 2095 ἀρχαιότητος

1040 2107 1128 2142 ἑαυτῷ
1143 2107 1173 2133 τὸ
1188 2106 1369 2142 πρεσσύτερον
1383 2105 1580 2141 ἐπεμαρτύρει,
1600 2104 1686 2139 λέγων
1703 2104 1741 2136 ὡς
1753 2104 1828 2137 Θεός·

1042 2163 1050 2178 α
1070 2153 1165 2188 Ἀμὴν,
1183 2153 1266 2188 ἀμὴν,
1281 2152 1352 2186 λέγω
1366 2152 1440 2186 ὑμῖν,
1457 2152 1521 2186 πρὶν
1544 2151 1669 2186 Ἀϐραὰμ
1689 2151 1828 2185 γενέσῦαι,

1040 2199 1094 2234 ἐγώ
1111 2199 1178 2234 εἰμι.
1192 2208 1201 2224 ι
1229 2199 1293 2225 Ὀτε
1313 2198 1359 2224 καὶ
1381 2197 1448 2233 πρὺς
1469 2197 1548 2223 τοῦτο
1573 2196 1692 2231 ἔφασκον
1719 2197 1827 2223 ἐκεῖνοι·

1041 2245 1232 2279 «Πεντήκοντα
1252 2243 1298 2277 ἐτη
1316 2242 1392 2269 οὔπω
1415 2243 1497 2277 ἔχεις,
1521 2243 1567 2269 καὶ
1596 2241 1722 2276 ’Λὸραὰμ
1743 2241 1830 2277 ἑώρα-

1039 2299 1121 2322 κας;›
1139 2291 1211 2325 Ἔφη
1226 2290 1254 2316 δὲ
1271 2289 1317 2316 καὶ
1339 2289 1476 2323 Ἰωάννης·
1505 2298 1513 2314 ι
1534 2289 1563 2314 '0
1580 2288 1668 2314 ὀπίσω
1683 2296 1735 2322 μου
1752 2288 1829 2323 ἐρχό-

1040 2345 1130 2372 μενος,
1147 2335 1301 2372 ἔμπροσθέν
1318 2344 1368 2370 μου
1379 2335 1500 2369 γέγονεν,
1513 2335 1554 2360 ὅτι
1571 2334 1679 2369 πρῶτός
1694 2343 1745 2369 μου
1760 2332 1805 2370 ἦν.
1816 2343 1824 2359 ι

1036 2382 1134 2409 Καίτοι
1150 2381 1208 2413 πῶς
1222 2380 1305 2416 ἄνδρα
1315 2389 1344 2407 τε
1357 2379 1434 2411 εἰδὼς
1445 2381 1492 2406 καὶ
1505 2379 1646 2414 ὀνομάζων
1657 2379 1703 2405 τὸν
1724 2379 1829 2414 Ἐμμα-

1038 2428 1128 2463 νουὴλ,
1152 2427 1305 2462 ἔμπροσθέν
1333 2435 1360 2453 τε
1395 2426 1474 2454 αὐτοῦ
1503 2426 1549 2452 καὶ
1571 2426 1678 2460 πρῶτον
1701 2426 1828 2460 γενέσθαι

1038 2474 1104 2508 φησὶ
1119 2474 1164 2500 τὸν
1178 2473 1289 2509 ὀψιγενῆ
1303 2482 1330 2499 τε
1346 2473 1392 2498 καὶ
1408 2473 1465 2507 μετ’
1477 2471 1574 2505 αὐτόν;

1074 2617 1102 2642 Β.
1124 2616 1296 2651 Ἕμπροςοεν
1316 2615 1396 2642 αὑτὸν
1418 2614 1464 2641 καὶ
1479 2613 1586 2649 πρῶτον
1600 2612 1727 2647 γενέσθαι
1750 2614 1826 2648 φησῖ,

1038 2662 1108 2688 κατά
1124 2669 1155 2695 γε
1172 2660 1221 2696 τὴν
1235 2660 1324 2694 δόξαν,
1337 2660 1430 2694 ὥσπερ
1445 2656 1492 2685 οὖν
1509 2657 1598 2684 ἔπεισί
1612 2665 1656 2692 μοι
1673 2658 1756 2684 νοεῖν.

1074 2719 1104 2744 Λ.
1121 2717 1175 2744 Καὶ
1197 2717 1249 2752 μὴν
1279 2717 1319 2744 ὅτι
1338 2716 1462 2752 κίϐδηλόν
1485 2723 1514 2741 τε
1533 2714 1580 2741 καὶ
1598 2713 1702 2748 ἀμαθὲς
1716 2713 1748 2739 τδ
1766 2712 1826 2747 τῇδε

1037 2764 1116 2796 νοεῖν,
1132 2763 1180 2790 οὐκ
1192 2764 1222 2790 ὲκ
1236 2762 1348 2799 μακρῶν
1359 2762 1418 2798 εἴσῃ
1427 2761 1523 2795 λόγων.
1536 2758 1761 2794 Παρπδεξάμενοι
1774 2758 1826 2792 γὰρ
