1927 3036
104 210 179 238 r259

657 215 698 241 DE
720 215 795 242 INCA
802 214 980 242 RNATIONE
1000 215 1078 242 UNIC
1085 215 1184 242 ENlTl.

1670 219 1737 246 123:0

101 270 134 296 τὸ
149 269 305 305 {tn-.9030“
321 271 360 302 εἰς
377 271 406 297 τὸ
420 270 530 306 ἄμεινον
550 272 578 298 ὲν
602 272 675 309 δόξῃ,
692 274 761 300 κατὰ.
781 274 825 300 τὸν
839 275 896 300 ἴσον

952 274 984 301 de
1000 275 1153 308 przestaulia
1171 274 1263 309 gloria:
1280 284 1285 301 :
1302 274 1396 302 eadem
1412 281 1519 309 quoque
1537 275 1641 302 ratione
1655 276 1737 303 etiam

102 324 158 342 που
172 315 252 350 λόγον
266 316 313 341 καὶ
330 316 359 342 τὸ
376 316 464 343 ὀπίσω
483 317 617 353 φήσομεν,
636 319 666 345 τὸ
683 319 721 351 ὼς
738 320 765 345 ἐν
778 319 892 354 εὐκλείᾳ

102 361 232 396 δεύτερον
248 359 278 388 εὖ
295 362 367 397 μάλα
382 363 560 398 καταδηλοῦν,

139 407 171 434 Β.
188 407 321 443 Περιέστη
333 407 364 443 δὴ
375 405 439 441 οὖν,
455 408 492 440 ὡς
511 408 594 443 ἔοικε,
609 409 659 444 τῆς
681 410 803 438 Ἰωάννου
819 411 899 447 δόξης

101 453 238 488 ἡττᾶσθαι
268 454 394 489 Χριστὸν,
426 455 473 481 καὶ
507 454 593 481 ὀπίσω
620 455 734 491 δραμεῖν
761 456 900 488 ἀσυνέτως

103 500 240 527 ὑπονοεϊνυ
254 499 305 535 ἔφη
317 501 382 536 γὰρ,
394 501 435 527 ὅτι
455 500 557 527 Ὀπίσω
572 509 621 536 μου
639 501 747 537 ἔρχεται
764 503 845 537 ἀνήρ.

140 547 173 573 Δ.
197 544 250 573 Φεῦ
275 546 325 581 τῆς
351 545 476 577 ὰτοπίαςῐ
506 547 661 582 Οιησόμεθα
690 547 744 583 γὰρ
774 548 822 583 οὐχ
848 544 899 575 ὧδε

102 591 190 628 ἔχειν,
204 593 392 628 ὲννενοηκότες
408 592 496 629 ὀρθῶς
520 593 549 620 τὸ
574 595 602 620 ὲν
624 594 752 630 Ψαλμοῖς
775 603 898 631 γεγραμ-

104 638 199 672 μένον,
219 638 259 665 ὃτι
277 647 286 663 ι
299 638 347 670 Τίς
360 639 389 664 ὲν
403 638 528 673 νεφέλαις
554 639 719 674 ἱσωθήσεται
734 639 773 675 τῷ
786 640 898 676 Κυρίῳ;

102 685 153 711 καὶ
166 684 207 715 τις
222 684 422 719 ὁμοιωθήσεται
436 684 474 720 τῷ
489 684 548 720 Θεῷ
565 686 594 712 ὲν
609 686 680 718 υἱοῖς
692 686 758 712 Θεοῦ
771 695 777 719 ;
791 696 799 712 ι
821 687 898 714 Ἀνα-

102 729 197 757 θετέον
217 727 264 756 οὖν
283 729 336 765 ἄρα
357 730 403 756 καὶ
422 730 491 765 μετὰ
516 731 616 766 σαρκὸς
640 731 716 767 αὑτῴ
734 731 765 758 τὸ
781 732 900 768 πρεσϐύ-

102 783 199 807 τατον,
220 774 258 806 ὡς
277 775 336 810 Θεῷ
359 775 429 802 κατὰ
448 775 528 810 φύσιν
543 775 671 802 ἑνωθέντι
687 776 779 812 σαρκὶ,
801 777 847 803 καὶ
866 777 899 803 τὰ

102 820 156 856 τῆς
170 820 238 851 ἰδίας
253 820 361 855 φύσεως
387 821 478 855 ἀγαθὰ
492 823 656 849 κοινοποῖειν
671 821 776 848 εἰωθότι
787 822 826 858 τῷ
842 822 899 858 ἰδίῳ

103 865 225 902 σώματι.

141 912 172 939 Β,
187 912 302 948 ’Λριστα
319 912 370 948 ἔφη
376 922 398 944 ς.

141 958 174 984 Α.
190 958 275 984 Τοῦτο
288 958 309 984 δ’
329 958 361 985 ἂν
381 958 486 994 μάθοις,
503 955 553 986 ὧδέ
568 967 599 985 τε
617 958 677 994 ἕχον
695 959 743 986 καὶ
755 959 899 995 εἰρημένον

101 1003 204 1039 ὀρθῶς,
221 1004 266 1030 καὶ
280 1003 309 1036 ἐξ
323 1005 432 1040 ἑτέρων,
442 1002 464 1031 ὢ
476 1005 536 1038 τᾶν,
547 1005 628 1040 εῐττερ
637 1005 717 1037 ἕλοιο,
731 1004 898 1042 μαρτυριῶν.

105 1049 181 1085 Ἔφη
210 1050 260 1084 μὲν
280 1050 334 1085 γάρ
359 1059 411 1076 που
437 1051 503 1082 Θεὸς
527 1052 594 1086 περὶ
619 1050 666 1077 τοῦ
691 1052 722 1078 ὲκ
743 1051 900 1087 σπέρματος

103 1094 199 1126 Δαδὶδ,
219 1095 250 1122 τδ
263 1096 333 1122 κατὰ
350 1096 439 1131 σάρκα
456 1097 588 1132 Χριστοῦ,
611 1097 645 1123 δι’
662 1097 720 1128 ἑνὸς
742 1098 796 1124 τῶν
814 1098 899 1132 ἁγίων

105 1141 265 1178 προφητῶν·
285 1151 294 1166 ι
306 1143 361 1168 Καὶ
378 1143 421 1175 σὺ,
439 1143 572 1178 Βηθλεὲμ,
596 1140 671 1174 οἶκος
691 1143 737 1170 τοῦ
765 1144 896 1180 Ἐφραθᾶ,

102 1187 244 1222 ὸλιγοττδς
268 1187 292 1214 εἷ
316 1187 362 1214 τοῦ
384 1186 453 1215 εἶναι
478 1189 507 1215 ὲν
533 1189 654 1224 χιλιάσιν
681 1190 775 1216 Ἰούδα’
799 1191 831 1217 ὲκ
850 1190 897 1217 σοῦ

106 1241 154 1268 μοι
168 1233 337 1266 ἐξελεύσεται
348 1233 394 1260 τοῦ
410 1231 479 1261 εἶναι
494 1235 534 1267 εἰς
547 1235 668 1270 ἄρχοντα
683 1236 711 1262 ὲν
726 1235 763 1271 τῷ
780 1236 896 1272 Ἰσραὴλ,

105 1280 154 1306 καὶ
173 1280 201 1306 αι
221 1279 302 1312 ἔξοδοι
326 1280 408 1307 αὐτοῦ
430 1281 556 1316 ἀπαρχῆς
578 1281 609 1313 ἐξ
634 1281 745 1317 ἡμερῶν
765 1282 872 1313 αἰῶνος.
886 1292 895 1309 ι

105 1327 176 1362 Περὶ
189 1327 218 1354 δέ
233 1335 264 1360 γε
288 1327 341 1354 τῶν
361 1327 426 1353 υἱῶν
449 1326 567 1363 Ἰσραὴλ,
585 1328 601 1354 ὁ
621 1326 764 1363 ἱερώτατος
783 1328 896 1359 Παῦλος·

105 1382 118 1399 4
134 1374 195 1400 Ὀτι
221 1374 320 1405 πάντες
341 1374 380 1405 εἰς
406 1374 450 1400 τὸν
474 1374 579 1408 Μωσῆν
601 1373 805 1408 ὲὸαπτίσθησαν
822 1375 850 1400 ἐν
864 1375 898 1410 τῇ

106 1419 206 1455 νεφέλῃ
227 1419 276 1446 καὶ
299 1421 327 1446 ὲν
350 1421 383 1454 τῇ
404 1419 536 1455 θαλάσσῃ,
558 1419 605 1446 καὶ
628 1419 728 1450 πάντες
745 1419 842 1455 βρῶμα
868 1420 899 1446 τὸ

106 1465 293 1499 πνευματικδν
318 1464 430 1498 ἔφαγον,
456 1465 503 1491 καὶ
528 1466 630 1495 πάντες
650 1463 680 1490 τὸ
696 1463 761 1490 αὐτὸ
778 1473 899 1500 πνευμα-

105 1510 182 1537 τικὸν
201 1510 276 1536 ἐπιοι
292 1511 378 1546 πόμα.
399 1511 511 1537 Ἔπινον
524 1511 577 1546 γὰρ
589 1511 622 1537 ἐκ
632 1511 819 1545 πνευματικῆς
832 1511 897 1537 ἀκο-

105 1555 256 1589 λουθούσης
284 1556 396 1591 πέτρας.
429 1556 461 1582 Ἡ
487 1557 573 1592 πέτρα
597 1555 626 1582 δὲ
651 1553 686 1592 ἦν
706 1556 720 1582 6
743 1556 869 1592 Χριστός.
886 1566 894 1582 ι

109 1600 206 1637 Ἀθρει
221 1601 253 1636 δὴ
271 1599 316 1627 οὖν
328 1602 355 1627 ἐν
369 1601 479 1637 Χριστῷ
497 1600 584 1636 Ἰησοῦ
603 1599 664 1627 καθ’
682 1601 778 1628 ἕνωσιν
795 1602 898 1629 οἰκονο-
913 1613 933 1641 C

109 1647 194 1683 μικὴν
215 1647 245 1673 τδ
271 1647 362 1679 ῑδικῶς
381 1647 428 1673 τοῦ
451 1647 537 1683 Λόγου
565 1646 760 1682 πρεσϐύτατον.
788 1644 826 1674 Ἦ
850 1648 900 1674 οὐκ

107 1695 227 1730 ἐναργὴς
257 1695 271 1720 ὁ
295 1694 392 1728 λόγοςς
419 1693 469 1720 Τὸν
495 1694 548 1729 γάρ
574 1702 615 1720 τοι
646 1693 834 1730 Βηθλεεμίτην
862 1694 900 1726 ὡς

107 1739 251 1775 ἄνθρωπον
267 1740 314 1766 καὶ
329 1741 361 1766 ἐκ
375 1739 516 1774 γυναικὸς,
533 1738 660 1774 deum;
684 1740 779 1770 αἰῶνος
791 1740 840 1772 τὰς
855 1740 900 1773 ἑξ-

106 1786 184 1818 όδους
199 1785 269 1821 ἔχειν
285 1784 313 1812 εὖ
327 1786 399 1822 μάλα
414 1786 559 1820 φησίν.Ἐν
573 1787 644 1822 ἀρχῇ
659 1785 712 1821 γὰρ
727 1784 770 1822 ἦν,
789 1787 835 1813 καὶ
848 1787 900 1822 πρὸ

108 1832 211 1864 παντὸς
227 1832 334 1865 αἰῶνος,
353 1833 366 1859 ὁ
380 1832 592 1868 ἐνανθρωπήσας
608 1833 703 1866 Λόγος,
713 1833 759 1860 καὶ
773 1833 853 1865 αὐτὸς
866 1831 900 1869 ἦν

107 1878 126 1912 ἡ
145 1877 248 1912 πέτρα,
269 1876 430 1912 δεδιψηκότα
449 1877 496 1903 τὸν
518 1877 625 1912 Ἰσραὴλ
649 1879 706 1909 τοῖς
721 1877 786 1913 παρ’
806 1877 900 1904 ἐλπίδα

109 1924 157 1951 καὶ
171 1923 311 1959 ἀδοκήτοις
324 1923 501 1959 ὲκμεθύσκων
520 1923 633 1958 νάμασι,
649 1923 738 1950 καίτοι
759 1924 900 1959 γεννηθεὶς

108 1968 181 1996 κατά
200 1977 231 2004 γε
248 1969 297 2005 τὴν
313 1969 402 2005 σάρκα
422 1969 468 1995 καὶ
490 1968 519 1995 τὸ
534 1969 703 2004 ἀνθρώπινον
725 1970 754 1996 ἐν
775 1970 900 2005 ἐσχάτοις

108 2016 224 2050 καιροῖς,
241 2015 286 2041 καὶ
301 2014 479 2050 κεχρισμένος
494 2015 533 2044 εἰς
549 2014 598 2049 τὴν
613 2015 652 2046 εἰς
669 2014 771 2049 κόσμον
784 2016 900 2043 ἀποστο-

107 2060 157 2096 λὴν
172 2061 247 2096 παρὰ
263 2060 309 2087 τοῦ
322 2060 389 2087 Θεοῦ
405 2061 452 2088 καὶ
468 2059 583 2095 Πατρός.
608 2059 825 2093 Κατωνόμασται
845 2062 899 2097 γὰρ

105 2108 158 2143 οὐχ
183 2108 276 2143 ἐτέρου
302 2116 349 2134 του
374 2107 464 2143 χάριν,
489 2105 546 2133 ἀλλ’
566 2106 582 2141 ἢ
608 2106 652 2133 διὰ
676 2108 755 2134 τοῦτο
771 2109 897 2143 Χριστός·

109 2153 226 2189 Χριστὸς
258 2153 285 2180 δὲ
305 2151 338 2188 ἦν
362 2153 379 2188 ὴ
404 2153 502 2188 πέτρα,
516 2152 586 2178 κατὰ
605 2152 650 2179 τὸν
669 2146 784 2181 Παῦλον.
798 2152 836 2180 Ἦ
854 2154 899 2180 ὲν-

106 2199 230 2226 δοιαστὸν
242 2200 272 2226 τὸ
288 2200 382 2235 χρῆμα
394 2200 466 2236 ἐρεῖς
477 2208 484 2231 ;

143 2246 174 2272 Β.
191 2245 334 2280 Οὐδαμῶς.

952 319 1025 352 illud,
1040 326 1109 355 post,
1126 321 1244 348 dicemus
1258 321 1410 355 signiﬁcare
1425 320 1581 348 inferiorem
1596 321 1692 356 gloria.

987 420 1016 446 Β.
1039 420 1215 447 Statucndum
1230 421 1320 454 itaque
1332 420 1394 452 erit,
1407 427 1466 448 meo
1476 420 1588 454 judicio,
1601 420 1737 449 Christum

950 465 1053 493 Joanne
1066 465 1221 494 inferiorem
1235 467 1319 502 gloria
1334 474 1404 494 esse.
1422 467 1495 494 Dixit
1508 468 1579 494 enim
1595 476 1601 494 2
1618 468 1681 495 Post
1696 477 1738 497 me

950 513 1039 540 veniet
1053 513 1103 540 vir.
1148 504 1151 508 l

986 558 1019 586 Δ.
1039 558 1116 584 Absit
1135 562 1207 585 tanta
1225 558 1395 586 absurdilas!
1411 559 1500 586 Facile
1516 560 1587 586 enim
1605 560 1737 595 iudicabi-

951 611 1011 630 mus
1026 611 1080 630 rem
1096 604 1130 630 ita
1145 611 1174 631 se
1190 612 1241 631 non
1257 605 1366 636 habere.
1380 606 1401 632 si
1418 606 1481 632 illud
1489 607 1522 632 -in
1538 606 1652 634 Psalmis
1667 607 1736 634 scri-

951 652 1024 682 ptum
1043 653 1115 675 recte
1133 649 1313 684 intelligamus
1330 659 1335 676 :
1356 659 1365 675 ι
1385 650 1517 683 Quoniam
1535 653 1595 685 quis
1612 652 1637 678 in
1656 652 1736 678 nuhl-

951 695 1000 721 bus
1016 695 1168 728 aequabitur
1184 694 1319 722 Domino?
1335 700 1361 722 ct
1378 696 1439 730 quis
1456 696 1553 723 similis
1569 697 1620 724 erit
1639 697 1693 724 Deo
1710 698 1735 724 in

951 739 1012 767 ﬁliis
1028 740 1072 768 Dei
1082 740 1124 767 ἠ
1142 750 1151 766 ι
1170 741 1323 768 Trihueuda
1341 741 1429 775 itaque
1444 747 1486 768 est
1502 741 1562 775 ipsi,
1579 744 1659 768 etiam
1676 750 1737 770 cum

951 793 1044 819 carne,
1061 787 1230 821 antiquitatis
1239 787 1430 822 praerogativa,
1445 788 1571 814 nimirum
1583 794 1611 815 ut
1623 789 1676 816 Deo
1692 796 1738 816 na-

952 832 1073 859 turaliter
1094 834 1171 859 nnito
1193 834 1280 863 carni,
1300 834 1400 869 quique
1425 834 1539 869 propriae
1560 842 1614 861 sum
1639 839 1739 866 natura!

951 877 1020 904 hona
1035 878 1140 912 corpori
1157 879 1237 905 etiam
1254 887 1302 906 suo
1317 880 1518 906 communicare
1532 880 1685 908 consuevit.
1727 903 1730 906 .

987 922 1016 949 Β.
1038 922 1144 957 Optime
1159 924 1237 950 dicis.

987 969 1019 996 Α.
1041 967 1097 995 Hoc
1109 976 1172 995 vero
1187 970 1221 995 ita
1236 977 1264 996 se
1278 969 1387 1003 habere,
1404 975 1529 1004 recteque
1543 971 1594 998 dici
1609 972 1690 998 etiam
1705 979 1738 999 ex

951 1013 1010 1040 aliis
1026 1014 1186 1041 testimoniis
1200 1014 1306 1041 discere
1321 1015 1429 1048 poteris.
1444 1015 1481 1041 lla
1496 1016 1568 1042 enim
1585 1016 1654 1042 Deus
1671 1015 1736 1043 alibi

951 1066 998 1092 per
1014 1059 1157 1093 quemdam
1182 1061 1374 1094 prophetarum
1396 1060 1429 1086 de
1449 1060 1557 1087 Christo
1579 1068 1612 1088 ex
1636 1061 1740 1088 semine

950 1103 1033 1130 David
1052 1103 1198 1130 secundum
1218 1111 1328 1130 curneut
1349 1104 1466 1137 loquitur
1483 1113 1488 1131 :
1511 1113 1519 1130 t
1542 1104 1574 1131 Et
1595 1109 1638 1138 tu,
1658 1105 1739 1133 Beth-

950 1147 1047 1180 lehrm,
1059 1148 1153 1175 domus
1164 1147 1313 1182 Epitratha,
1324 1149 1434 1176 minima
1447 1156 1475 1177 es
1488 1149 1514 1176 in
1529 1150 1644 1177 millibu~
1654 1149 1738 1184 Juda;

949 1201 981 1220 ex
1002 1199 1026 1220 te
1044 1194 1108 1220 mihi
1126 1195 1280 1228 egredietur
1297 1195 1341 1228 qui
1361 1195 1396 1221 sit
1415 1195 1568 1222 dominator
1586 1196 1611 1222 in
1630 1195 1712 1224 Israel
1730 1204 1737 1223 :

950 1243 975 1266 et
993 1246 1118 1273 egressus
1135 1240 1192 1273 ejus
1210 1240 1243 1266 ah
1262 1240 1338 1267 initio
1355 1247 1368 1266 a
1388 1241 1483 1269 diebus
1500 1241 1705 1269 aeternitatis".
1725 1251 1735 1268 ι

951 1284 987 1311 De
1006 1285 1067 1311 ﬁliis
1087 1291 1175 1311 autem
1196 1284 1276 1312 Israel
1297 1285 1480 1312 divinissimus
1500 1285 1599 1314 Paulus
1617 1286 1653 1313 ita
1672 1287 1711 1314 ait
1728 1297 1736 1314 -.

953 1339 961 1355 ι
980 1329 1046 1362 Quia
1062 1337 1155 1357 omnes
1172 1331 1197 1357 iu
1214 1330 1304 1366 Moyse
1320 1331 1447 1366 baptizari
1462 1337 1525 1358 sunt
1542 1332 1567 1358 in
1586 1332 1656 1359 nube
1669 1337 1694 1359 et
1709 1332 1736 1361 in

950 1375 1030 1407 Inarl,
1046 1380 1072 1402 et
1087 1382 1181 1402 omnes
1195 1377 1317 1402 eamdem
1333 1383 1423 1402 esuam
1440 1375 1607 1409 spiritualth
1625 1376 1737 1403 mandu-

950 1425 1092 1452 caverunt,
1110 1425 1136 1447 et
1152 1429 1246 1447 omnes
1264 1421 1388 1447 eumdem
1406 1427 1498 1455 potum
1516 1421 1680 1455 spirituaiem
1697 1421 1737 1448 bi-

950 1465 1056 1492 berunt.
1081 1465 1210 1492 Bibcbant
1236 1466 1309 1492 enim
1333 1465 1368 1493 de
1392 1466 1524 1500 spirituali
1552 1473 1738 1500 consequente

950 1516 996 1536 eos
1013 1514 1098 1544 petra.
1116 1507 1194 1535 Petra
1212 1512 1300 1536 autent
1316 1514 1374 1536 erat
1389 1509 1512 1538 Christus
1524 1510 1558 1537 “.
1580 1520 1589 1536 ι
1607 1511 1737 1538 Animad-

950 1559 1024 1582 verte
1039 1555 1130 1589 itaque
1144 1555 1171 1581 in
1185 1555 1295 1582 Christo
1309 1554 1372 1582 Jesu
1389 1555 1493 1582 ratione
1507 1556 1618 1582 unitatis
1633 1563 1683 1590 per
1697 1557 1738 1583 in-

951 1602 1133 1627 carnationem
1157 1601 1233 1627 faclae
1255 1601 1417 1635 peculiarem
1436 1601 1515 1628 Verhi
1538 1602 1737 1636 antiquitatem.

950 1645 1046 1673 Nonne
1069 1646 1115 1673 tihi
1138 1646 1203 1673 satis
1225 1651 1318 1680 aperte
1340 1646 1397 1674 haec
1420 1647 1489 1674 dicta
1508 1647 1649 1675 videntur?
1670 1646 1736 1675 Nam

949 1692 1185 1723 Bethh-hemilam,
1195 1698 1223 1718 ut
1233 1693 1367 1719 hominem
1382 1697 1408 1719 et
1422 1700 1454 1719 ex
1468 1693 1579 1720 muliere
1593 1699 1693 1724 natum,
1703 1694 1739 1721 ab

950 1739 1028 1766 initio
1052 1738 1141 1765 smruli
1167 1745 1292 1773 egressus
1319 1737 1417 1765 habere
1445 1738 1520 1765 dicit.
1548 1739 1576 1765 In
1604 1739 1739 1774 principio

950 1785 1021 1812 enim
1041 1789 1112 1817 erat,
1129 1790 1156 1812 et
1177 1789 1239 1810 ante
1257 1784 1346 1810 omnia
1367 1783 1464 1811 secula
1488 1783 1656 1811 incarnalum
1673 1785 1738 1812 Ver-

949 1831 1024 1863 bum,
1044 1835 1071 1857 et
1094 1832 1180 1865 ipsum
1201 1835 1260 1857 erat
1283 1835 1369 1863 petra,
1390 1831 1516 1858 lsraelem
1541 1832 1586 1858 siti
1610 1831 1735 1858 aﬂectum

950 1877 1090 1912 repentina
1109 1881 1191 1910 atque
1208 1876 1344 1911 inopinata
1363 1884 1493 1911 aquanun
1510 1878 1675 1912 scaturigine
1692 1885 1738 1905 εει

949 1924 1030 1955 tinus.
1046 1923 1150 1950 tametsi
1167 1927 1257 1949 natum
1272 1922 1305 1949 sit
1320 1922 1466 1949 secundum
1481 1929 1587 1950 carnem
1602 1928 1628 1949 et
1642 1924 1736 1950 huma-

950 1967 1060 1997 nitatem
1086 1969 1111 1995 in
1135 1968 1290 1996 novissimis
1313 1968 1478 2002 temporibus
1501 1977 1507 1995 :
1534 1973 1684 2003 unctusque
1708 1969 1734 1996 in

950 2014 1129 2050 apostolatum
1150 2015 1175 2041 in
1195 2015 1323 2040 mundum
1344 2021 1359 2041 ιι
1376 2013 1431 2040 Deo
1453 2021 1485 2041 ac
1503 2014 1591 2041 Patro.
1610 2015 1676 2041 Nam
1697 2015 1736 2042 id-

951 2063 1033 2093 circo,
1049 2067 1138 2094 neque
1153 2060 1234 2087 aliam
1250 2061 1284 2087 ob
1298 2067 1406 2087 causam
1423 2065 1531 2087 voratus
1544 2065 1583 2087 est
1598 2061 1734 2092 Christus.

948 2109 1006 2136 sive
1024 2113 1131 2134 unctus.
1148 2106 1271 2134 Christus
1287 2111 1375 2133 autem
1391 2112 1449 2133 erat
1465 2111 1554 2140 petra,
1570 2107 1646 2141 juxta
1666 2107 1734 2134 Pau-

950 2154 1015 2182 lum.
1037 2154 1113 2181 Anne
1138 2153 1313 2180 dubitandum
1336 2153 1386 2180 hac
1409 2153 1434 2180 in
1457 2160 1486 2180 re
1508 2154 1654 2188 quidquam
1675 2161 1735 2181 esse

950 2199 1064 2227 censes?

988 2245 1018 2272 B.
1040 2244 1224 2279 Nequaquam.

144 2292 176 2318 Δ.
200 2291 408 2326 Ἐπα-ίωνιείται
422 2292 450 2319 δὲ
469 2293 514 2319 καὶ
537 2291 698 2328 συναθλήσει
713 2291 834 2328 τῷλόγῳ
852 2293 897 2319 καὶ

988 2292 1020 2317 Α.
1040 2291 1190 2318 Conﬁrmat
1213 2297 1276 2316 vero
1300 2289 1370 2316 hanc
1394 2290 1573 2323 sententiam,
1595 2295 1622 2317 et
1646 2295 1735 2318 tuetur

108 2337 123 2363 ὁ
151 2337 231 2371 σοφὸς
258 2337 404 2372 Ἰωάννης,
429 2338 571 2373 μονονουχὶ
592 2339 637 2364 καὶ
660 2338 827 2373 συναγείρων
849 2339 898 2370 τὰς

108 2382 215 2417 φύσεις,
233 2383 278 2409 καὶ
297 2384 335 2414 εἰς
351 2384 531 2418 μισγάγκειαν
544 2384 618 2418 ἄγων
630 2383 682 2410 τῶν
699 2384 816 2420 ἑκατέρᾳ
830 2393 898 2420 πρε-

109 2427 215 2454 πόντων
229 2428 381 2463 ἰδιωμάτων
405 2429 455 2464 τὴν
469 2429 595 2464 δύναμιν.
622 2429 675 2455 Θέα
690 2429 743 2465 γὰρ
763 2430 777 2455 ὃ
796 2437 878 2464 φησιν
889 2438 895 2445 ’

111 2482 121 2498 t
134 2474 167 2499 Ὃ
188 2471 222 2509 ἦν
242 2474 379 2510 ἀπαρχῆς,
396 2474 410 2500 ὅ
433 2475 603 2510 ἀκηκόαμεν,
623 2475 638 2501 ὂ
659 2476 822 2510 ἑωράκαμεν
841 2477 897 2507 τοῖς

107 2518 260 2554 ὀφθαλμοῖς
272 2519 361 2554 mea”,
376 2519 389 2546 ὃ
404 2519 585 2555 ἐθεασάμεθα,
606 2520 652 2546 καὶ
665 2521 693 2546 αι
714 2522 805 2555 χεῖρες
817 2520 896 2555 ἡμῶν

109 2564 290 2599 ἐψηλάφησαν
310 2565 374 2600 περὶ
395 2565 442 2591 τοῦ
460 2566 547 2599 Λόγου
566 2567 616 2600 τῆς
636 2565 719 2600 ζωῆς,
744 2566 822 2601 καὶὴ
840 2566 896 2601 ζωὴ

109 2609 281 2644 ἐφανερώθη,
293 2609 340 2636 καὶ
351 2610 458 2645 ὲωρᾴκα
463 2619 522 2645 μεν,
532 2611 578 2636 καὶ
592 2610 794 2647 μαρτυροῦμεν,
809 2611 898 2644 ἀπαγο

110 2655 242 2690 γέλλομεν
258 2656 322 2690 ὑμῖν
335 2655 385 2691 τὴν
408 2655 480 2690 ζωὴν
494 2656 543 2690 τὴν
558 2655 676 2689 αἰώνιον,
694 2656 753 2691 ἥτις
774 2653 808 2690 ἦν
829 2655 897 2691 πρὸς

109 2701 156 2727 τὸν
175 2701 294 2737 Πατέρα,
316 2702 364 2728 καὶ
382 2701 542 2737 ἐφανερώθη
563 2703 638 2737 ἡμῖν.
653 2711 662 2727 ι
685 2701 752 2728 Ἰδοὺ
772 2701 817 2728 τὸν
835 2702 899 2728 ὄντα

109 2746 250 2781 ἀπαρχῆς,
272 2743 363 2781 ὧφοαί
380 2749 412 2782 τέ
441 2756 522 2782 φησιν
547 2747 678 2782 ἐναργῶς,
701 2747 845 2782 ὑπομεῖναί
871 2756 899 2774 τε

110 2793 158 2819 καὶ
171 2792 252 2828 ἁφήν.
277 2793 470 2829 ’Λνεκεκράγει
484 2793 538 2828 γὰρ
558 2794 572 2819 ό
597 2793 707 2828 Θωμᾶς·
723 2803 731 2819 ι
747 2794 776 2820 ’0
797 2793 899 2828 Κύριός

113 2847 179 2871 nou,
205 2839 251 2865 καὶ
263 2840 277 2865 ὁ
288 2839 354 2870 Θεός
369 2848 429 2874 μου,
443 2849 452 2866 ›
469 2840 662 2875 ἁναμετρήσας
677 2839 801 2875 δακτύλῳ
819 2841 900 2866 πλευ-

149 2926 172 2942 ²¹
183 2925 256 2954 Psal.
273 2935 402 2959 Luxvut,
418 2927 442 2955 7.

951 2337 1078 2369 Joannes,
1091 2337 1172 2372 712
1187 2341 1292 2363 tantum
1309 2344 1360 2362 non
1374 2343 1539 2371 congregatis
1552 2337 1576 2363 in
1591 2344 1671 2364 unum
1687 2345 1734 2364 na-

952 2388 1042 2414 turas,
1058 2387 1085 2409 et
1101 2383 1293 2418 proprietatum
1311 2388 1368 2415 quae
1385 2382 1489 2416 utrique
1503 2382 1666 2409 conveniunt
1681 2384 1733 2409 vim

952 2435 983 2454 ac
996 2428 1120 2454 virtutem
1136 2428 1161 2454 in
1177 2435 1257 2455 unam
1272 2427 1449 2455 conﬂuentem
1464 2428 1574 2454 ducens.
1586 2427 1650 2454 Vide
1663 2427 1734 2455 enim

948 2473 1016 2508 quid
1039 2473 1110 2500 dicat
1128 2481 1135 2500 :
1162 2481 1170 2497 ι
1192 2474 1268 2505 Quod
1288 2479 1348 2500 erat
1370 2473 1404 2500 ah
1427 2472 1518 2505 initio;
1540 2473 1610 2507 quod
1633 2473 1734 2499 audivi-

952 2527 1021 2552 mus,
1039 2519 1111 2554 quod
1131 2519 1247 2546 vidimus
1266 2518 1352 2546 oculis
1374 2519 1490 2552 nostris;
1509 2522 1578 2554 quod
1598 2518 1734 2553 perspexi-

951 2572 1028 2596 mus,
1049 2569 1076 2591 et
1097 2571 1193 2591 manus
1215 2568 1313 2590 nostrae
1335 2568 1573 2591 contrectaveruut
1595 2565 1628 2590 de
1646 2563 1734 2589 Verbo

950 2611 1023 2637 vitae.
1038 2609 1070 2636 Et
1085 2610 1138 2636 vita
1156 2609 1327 2637 manifestata
1346 2615 1401 2642 est,
1419 2615 1447 2636 et
1462 2611 1594 2642 vidimus,
1610 2614 1637 2636 et
1654 2614 1735 2636 testa-

951 2663 1022 2688 mur,
1044 2655 1234 2682 annuntiamus
1255 2655 1331 2682 vobis
1350 2655 1431 2682 vitam
1452 2660 1579 2682 arternam
1601 2663 1659 2690 qua:
1678 2659 1734 2682 erat

951 2702 1019 2736 apud
1037 2702 1154 2734 Patrem,
1170 2707 1198 2728 et
1212 2701 1334 2736 apparuit
1351 2693 1426 2728 nobis
1437 2701 1470 2729 ".
1491 2711 1500 2727 ι
1519 2701 1598 2729 Vides
1614 2709 1673 2729 eum
1689 2702 1733 2735 qui

951 2747 1002 2774 fuit
1014 2747 1048 2774 ab
1061 2746 1149 2779 initio,
1164 2746 1306 2773 manifeste
1319 2746 1405 2773 visum
1419 2746 1513 2779 fuisse,
1528 2752 1555 2773 et
1569 2747 1639 2781 tangi
1654 2747 1735 2773 susti-

953 2793 1052 2820 nuisse.
1066 2792 1230 2819 Exclamavit
1243 2792 1313 2818 enim
1325 2791 1442 2818 Thomas
1457 2800 1463 2817 :
1480 2801 1489 2816 ε
1507 2791 1634 2818 Dominus
1649 2798 1734 2822 meus,

951 2844 979 2865 ct
1000 2838 1071 2866 Dens
1093 2845 1168 2865 meus
1181 2839 1215 2870 “,
1242 2847 1250 2864 ι
1275 2845 1334 2864 cum
1361 2841 1538 2872 perteutasset
1559 2837 1641 2871 digito
1664 2836 1733 2863 latus

492 2928 514 2944 ’³
531 2927 610 2954 Μί‹·Ιι.
628 2935 655 2960 v,
674 2927 701 2955 2.
739 2928 761 2943 ’⁸
776 2927 782 2954 Ι
797 2928 859 2954 Cor.
877 2935 890 2953 κ

955 2928 980 2955 4.
1020 2928 1042 2943 ’⁸
1058 2928 1064 2955 1
1081 2928 1157 2955 .Ioan.
1175 2937 1192 2962 I,
1211 2929 1236 2960 l,
1254 2928 1280 2955 Ξ.
1319 2928 1341 2943 ’⁸
1357 2926 1434 2954 Joan.
1452 2933 1496 2958 xx,
1510 2926 1555 2953 ‘38.
