1927 3036
193 195 258 222 1251

688 190 716 217 s.
738 174 875 215 CVltlLLl
897 184 1134 212 arumnam
1155 183 1311 211 ARClllEP.

1760 178 1838 208 1252

193 253 328 289 corporis,
350 257 376 280 et
400 250 573 287 pertuslones
594 250 651 278 sive
676 248 808 277 foramina
833 246 980 274 clavorum.

1045 243 1084 270 ιάν
1096 252 1125 269 τε
1143 243 1191 278 τὴν
1219 242 1344 278 σώματος
1365 241 1412 269 καὶ
1429 242 1479 272 τὰς
1497 241 1653 278 διατρήσεις
1670 240 1724 267 τῶν
1743 241 1834 276 ἥλων.

192 299 262 333 Quin
278 306 306 327 et
323 299 428 327 divinus
444 297 530 324 Lucas
546 296 585 323 ait
600 299 708 324 sanctos
722 294 860 329 apostolos
876 297 983 328 specta-

194 351 267 374 tores
285 349 312 372 et
333 345 472 372 ministros
485 342 563 370 Verbi
583 341 666 369 fuisse
677 341 711 367 ¹⁷.
730 340 830 368 Factus
849 344 891 366 est
909 338 982 366 enim

193 399 356 427 conspicuus
379 390 424 425 qui
449 394 491 417 est
513 389 706 423 incorporeus,
728 391 757 414 et
779 384 983 414 contrectabilis

193 438 239 471 qui
257 437 328 472 tangi
345 435 454 470 nequit,
470 441 582 462 carnem
597 441 677 468 quam
694 432 783 460 induit
799 439 851 459 non
867 430 983 458 alienam

194 491 210 510 ι
227 490 255 510 se
271 481 389 514 habens,
408 480 455 508 sed
472 479 611 514 proprium
629 478 680 506 sibi
699 477 828 513 templum
844 476 982 508 eiIiciens;

194 533 221 555 ct
245 535 305 555 cum
329 534 361 554 ca
386 526 510 561 cognitus
536 530 566 553 ut
591 525 662 552 Deus
687 528 715 551 et
741 523 880 564 Dominus.
907 521 983 549 Nosti

194 574 275 601 etiam
289 573 351 608 quid
365 572 555 600 sanctissimus
567 571 612 599 ille
624 570 723 598 Paulus
735 570 850 597 scribit:
864 578 873 594 ι
888 567 983 602 Nemo,

197 620 294 655 inquit,
315 624 436 647 nostrum
457 618 510 646 sibi
529 618 608 650 vivit,
630 621 657 644 et
678 623 758 644 nemo
782 615 834 643 sibi
857 615 982 642 moritur.

197 667 259 694 Sive
272 665 344 693 enim
357 665 484 696 vivimus,
499 663 611 691 Domino
623 662 754 695 vivimus;
768 661 825 688 sive
839 661 981 692 morimur,

198 710 311 738 Domino
323 710 463 738 morimur.
478 709 541 736 Sive
553 715 617 743 ergo
631 707 757 739 vivimus,
771 707 828 733 sive
842 705 983 738 morimur,

195 755 300 784 Domini
319 763 424 784 sumus.
442 755 470 782 ln
489 755 540 782 hoc
558 755 630 782 enim
647 753 773 781 Christus
790 757 913 779 mortuus
931 755 982 784 est,

194 807 222 830 ct
236 802 397 834 resurrexit,
411 805 440 828 ut
455 805 483 829 et
497 801 620 827 vivorum
637 803 663 827 ct
677 803 846 826 mortuorum
862 796 984 824 domine—

194 854 239 876 tur
255 848 288 876 ’⁸.
309 857 317 874 ι
336 847 448 876 Constat
465 847 555 882 itaque
574 846 644 881 quod
663 852 757 872 revera
773 844 927 872 dominatus
950 841 985 870 sit

196 899 365 922 mortuorum
381 899 407 921 et
423 894 584 925 viventium.
599 892 644 926 qui
660 898 713 919 non
729 890 763 918 ob
778 890 858 918 aliam
874 896 983 917 causam

196 949 276 977 quam
290 942 325 969 ob
340 941 410 968 hanc
425 940 510 968 solam
527 945 651 967 mortuus
665 943 707 966 est
723 942 750 966 et
765 937 925 965 resurrexit.

231 1029 263 1058 B.
284 1029 410 1058 Omnino.

230 1077 264 1103 A.
286 1076 435 1110 Quemnam
463 1074 544 1110 igitur
565 1073 687 1101 dicemus
711 1071 826 1100 subiisse
853 1075 986 1104 mortem,

196 1129 360 1156 rursumque
375 1119 573 1149 resurrexisse‘!

231 1167 262 1194 Β.
284 1166 381 1194 Filium
396 1166 528 1201 profecto.

232 1213 265 1240 Α.
285 1212 383 1240 Filium
400 1212 509 1247 quidem
528 1216 602 1240 recte
619 1211 700 1244 dicis,
715 1215 797 1246 atque
813 1218 863 1246 ego
882 1211 908 1238 id
925 1218 988 1246 pro-

197 1259 295 1286 barim.
314 1257 449 1286 Caeterum
469 1258 522 1286 hoc
543 1265 576 1285 ex
600 1262 625 1286 te
647 1257 726 1285 velim
749 1263 931 1292 cogtmscere,
953 1263 986 1282 an

198 1303 316 1331 Verbum
330 1311 364 1332 ex
378 1304 432 1332 Deo
446 1302 528 1331 Patre
542 1303 579 1331 sit
595 1302 709 1331 mortale
721 1307 749 1330 et
762 1302 927 1337 corruptioni
941 1301 989 1329 ob-

197 1350 324 1381 noxium;
343 1357 378 1378 an
397 1350 487 1385 potius
506 1354 593 1378 morte
612 1353 640 1378 et
658 1348 832 1384 corruptimie
851 1348 986 1384 superius,

198 1400 227 1422 ut
239 1395 306 1423 vita.

232 1442 264 1470 B.
284 1441 423 1470 Posterius
435 1442 452 1469 h
462 1450 488 1471 ie
502 1442 702 1472 adﬁrmaverim.

233 1487 265 1516 Α.
286 1487 426 1521 Quomodo
439 1488 522 1523 igitur
535 1489 649 1516 mortuis
663 1491 857 1516 annumeratus
869 1492 926 1522 est,
941 1489 986 1524 qui

197 1532 267 1562 liber
277 1538 319 1561 est
332 1534 480 1561 secundum
494 1533 668 1569 Scriptura?
680 1532 772 1568 Neque
784 1532 857 1560 enim
868 1531 986 1561 Verbum

198 1587 246 1615 per
257 1585 287 1608 se
299 1579 367 1607 mori
382 1584 475 1615 queat.

231 1624 264 1653 Β.
284 1624 353 1659 Quia
374 1629 480 1652 mortua
502 1624 586 1660 ipsius
605 1632 698 1660 carne,
716 1625 775 1661 ipse
794 1626 846 1653 hoc
868 1625 922 1661 plli
944 1624 986 1653 di-

197 1669 278 1699 citur.

233 1717 268 1744 Α.
288 1715 449 1745 Rectissime
461 1717 557 1746 sentis.
570 1717 699 1749 Proinde.
713 1725 767 1745 non
779 1717 882 1753 absque
893 1724 986 1751 came.

197 1762 246 1790 sed
259 1762 349 1798 potius
362 1763 443 1791 simul
456 1771 516 1791 cum
531 1763 576 1791 illa
589 1764 784 1792 dominationis
795 1763 909 1800 gloriam
922 1770 987 1792 con-

198 1813 309 1837 secutus
321 1813 379 1842 est,
393 1810 439 1845 qui
455 1808 512 1844 lege
526 1810 619 1838 carnis
634 1814 662 1838 et
676 1816 773 1838 natura
789 1811 870 1838 simili
886 1814 987 1839 nostra

198 1859 322 1884 mortuus
339 1860 382 1884 est
400 1860 428 1884 et
446 1856 604 1884 resurrexit.
624 1856 747 1884 Humana
765 1856 876 1892 quidem
896 1857 987 1893 passio

197 1904 241 1929 est
257 1901 343 1932 mori;
361 1900 441 1937 713
459 1901 578 1929 divinam
597 1909 660 1929 vero
678 1902 833 1936 vimatque
848 1903 988 1937 operatio-

199 1953 261 1974 nem
277 1949 441 1982 resurgendo
455 1947 575 1975 ostendit
591 1957 598 1975 :
614 1953 644 1974 ut
658 1955 705 1983 per
719 1952 864 1983 utrumque
879 1948 928 1976 hoc
942 1955 988 1976 co-

197 1996 355 2026 gnoscatur,
376 1997 403 2020 et
424 1992 521 2020 similis
541 1992 634 2025 nobis.
655 1997 683 2020 et
705 1993 783 2020 nobis
805 1994 938 2028 superior,
959 1998 989 2022 ut

200 2039 271 2067 Deus
297 2040 494 2071 universorum.
517 2043 543 2066 et
572 2039 716 2066 nobiscum
742 2039 839 2071 factus,
862 2044 989 2067 cernatur

198 2093 260 2113 cum
277 2085 364 2113 Patre.
380 2085 436 2113 Hoc
450 2090 528 2120 pacto
544 2085 631 2120 ipsum
646 2092 812 2120 cognoscens
826 2084 986 2119 Natlianael,

198 2130 267 2156 dixit
295 2138 302 2156 :
330 2139 339 2154 ι
371 2129 508 2164 Magister,
540 2134 567 2157 tu
589 2138 618 2158 es
637 2130 722 2158 Filius
743 2131 805 2164 Dei;
839 2136 866 2158 tu
889 2139 918 2159 es
941 2140 988 2159 rex

199 2174 323 2202 Israel".
341 2185 350 2200 ι
367 2175 426 2210 Ipse
454 2183 518 2202 vero
540 2175 597 2203 suis
624 2176 766 2210 discipulis
787 2177 894 2211 inquit:
911 2187 920 2203 ι
934 2177 988 2205 Vos

199 2225 289 2247 autem
303 2221 404 2247 vocatis
420 2228 461 2247 me
476 2219 620 2246 Dominum
636 2224 664 2247 et
679 2221 854 2255 magistrum;
873 2228 900 2250 et
916 2229 990 2250 recte

1035 289 1200 324 Γεγενῆσθαι
1224 289 1253 316 δέ
1270 297 1336 324 φησι
1356 289 1419 320 τοὺς
1437 287 1532 323 ἁγίους
1554 287 1723 319 ἀποστόλους
1745 286 1798 314 καὶ
1820 286 1837 314 6

1034 335 1105 366 θεῖος
1119 336 1186 370 ἡμῖν
1203 335 1313 366 Λουκᾶς
1340 334 1477 366 αὐτόπτας
1501 342 1531 360 τε
1553 332 1602 360 καὶ
1621 332 1765 368 ὑπηρέτας
1785 333 1834 359 τοῦ

1034 381 1132 415 Λόγου.
1145 382 1244 415 Γέγονε
1259 380 1446 417 γὰρὲμφανὴς
1460 382 1474 407 6
1485 379 1641 415 ἀσώματος,
1660 379 1709 406 καὶ
1723 379 1812 411 ἁπτὸς
1821 380 1836 405 6

1034 427 1151 463 ἀναφὴς,
1165 428 1214 454 οὐκ
1229 427 1332 453 ὀθνεῖον
1343 427 1412 462 ἔχων
1426 427 1467 453 ἔτι
1480 424 1637 462 περίὸλημα
1653 425 1702 460 τὴν
1713 424 1770 452 ἀπὸ
1781 424 1838 460 γῆς

1035 474 1134 509 σάρκα,
1149 473 1206 500 ἀλλ’
1225 473 1289 499 ἴδιον
1306 473 1392 507 αὐτὴν
1407 473 1592 508 ποιησάμενος
1616 471 1689 505 ναὸν,
1712 471 1761 498 καὶ
1786 471 1837 498 σὺν

1034 519 1102 555 αὐτῇ
1120 519 1331 555 γνωριζόμενος,
1347 519 1385 550 ὡς
1399 519 1467 550 Θεὸς
1480 518 1527 544 καὶ
1541 518 1652 553 Κύριος.
1669 517 1839 552 Γεγραφότα

1012 565 1063 592 ›δὲ
1081 564 1161 592 οἶσθά
1184 574 1235 592 που
1261 565 1306 591 τὸν
1329 565 1476 600 ἱερώτατον
1501 564 1618 591 Παῦλον
1644 563 1762 595 (Οὐδεὶς
1780 563 1838 598 γὰρ

1035 611 1115 647 ἡμῶν
1129 611 1220 647 ἑαυτῷ
1235 611 1280 647 ζῇ,
1295 612 1342 638 καὶ
1360 612 1447 643 οὐδεὶς
1464 610 1552 646 ἑαυτῷ
1570 610 1748 645 ἀποθνήσκει.
1771 609 1837 636 Ἐάν

1036 667 1065 685 τε
1081 658 1136 693 γὰρ
1151 657 1251 693 ζῶμεν,
1263 657 1301 692 τῷ
1317 657 1412 693 Κυρίῳ
1427 657 1531 692 ζῶμεν
1548 656 1594 683 ὲάν
1609 665 1637 682 τε
1654 655 1839 690 ἀποθνήσκω·-

1037 712 1096 739 μεν,
1117 703 1156 738 τῷ
1179 703 1275 739 Κυρίῳ
1295 703 1515 738 ἀποθνήσκομεν.
1535 702 1597 729 Ἐάν
1615 710 1644 727 τε
1664 699 1712 728 οὖν
1730 700 1838 735 ζῶμεν,

1036 749 1084 776 ἐὰν
1100 758 1129 776 τε
1145 749 1376 784 ἀποθνήσκωμεν,
1398 749 1445 775 τοῦ
1460 749 1563 783 Κυρίου
1581 748 1675 784 ἐσμέν.
1695 748 1744 780 Εἰς
1756 747 1839 774 τοῦτο

1035 795 1090 831 γὰρ
1105 794 1222 830 Χριστὸς
1237 794 1368 826 ἀπέθανε,
1393 794 1439 821 καὶ
1463 794 1571 830 ἔζησεν,
1596 794 1638 820 ἴνα
1662 793 1710 820 καὶ
1729 791 1838 828 νεκρῶν

1036 841 1084 868 καὶ
1099 840 1208 872 ζώντων
1224 840 1366 876 κυριεύσῃ.
1384 850 1392 865 ι
1417 840 1535 875 Ἀραρεν
1550 836 1606 872 οὖν,
1626 839 1667 866 ὅτι
1689 838 1838 874 κεκυρίευ-

1038 897 1086 916 κεν
1099 888 1207 923 ἀληθῶς
1222 888 1330 924 νεκρῶν
1345 896 1374 914 τε
1391 887 1439 914 καὶ
1459 887 1569 920 ζώντων
1582 887 1596 912 ὁ
1622 886 1660 922 μὴ
1675 886 1773 922 ἐτέρου
1789 893 1837 912 του

1003 923 1024 950 Β
1039 936 1129 972 χάριν,
1147 935 1163 970 ἢ
1180 936 1221 962 ὅτι
1235 935 1311 961 τοῦδε
1340 935 1388 962 καὶ
1406 934 1490 970 μόνου
1507 932 1622 965 τεθνεὼς
1645 933 1693 960 καὶ
1716 933 1839 968 ὲγηγερ·

1040 982 1130 1018 μένος.

1075 1028 1106 1055 Β.
1125 1028 1255 1063 Ἀραρεν.

1074 1073 1106 1099 Α.
1123 1073 1190 1099 Τίνα
1204 1073 1236 1107 δὴ
1253 1070 1308 1104 οὖν,
1332 1069 1354 1099 ὦ
1373 1073 1492 1106 γενναῖε,
1507 1071 1608 1107 φαμὲν,
1621 1071 1658 1102 ὡς
1678 1070 1767 1097 ὑπέδυ
1788 1069 1836 1104 μὶν

1039 1119 1165 1152 θάνατον,
1181 1119 1282 1146 ἀνεϐίω
1296 1119 1325 1146 δὲ
1340 1117 1390 1152 αὖς

1074 1166 1104 1193 Β.
1121 1166 1172 1192 Τὸν
1186 1165 1251 1192 Υἱὺν
1264 1165 1394 1201 δηλονότι.

1069 1214 1102 1239 Α.
1128 1211 1197 1238 Ἀλλ’
1211 1212 1253 1238 ὅτι
1270 1211 1319 1247 μὲν
1335 1212 1380 1238 τὸν
1401 1210 1475 1242 Υἱὸν,
1493 1207 1522 1237 εὖ
1537 1210 1636 1243 λέγεις·
1653 1209 1837 1244 ἐπαινέσομαι

1038 1257 1091 1293 γὰρ
1104 1255 1161 1285 οὖν.
1178 1257 1316 1292 Ἑθέλοιμι
1330 1257 1392 1284 δ’ἇν
1408 1266 1454 1283 σου
1467 1256 1622 1292 διαμαθεῖν,
1639 1256 1757 1291 πότερον
1774 1255 1837 1290 θνη-

1037 1304 1083 1335 τὸς
1115 1304 1162 1331 καὶ
1180 1304 1269 1340 φθορᾷ
1289 1304 1405 1339 κάτοχος
1419 1304 1433 1329 6
1454 1304 1486 1329 ἐκ
1499 1302 1567 1329 Θεοῦ
1582 1302 1688 1337 [Ia-:96:
1707 1302 1805 1335 Λόγος,
1819 1301 1836 1336 ἢ

1038 1350 1110 1385 πέρα
1127 1349 1242 1377 θανάτου
1256 1350 1303 1377 καὶ
1319 1349 1421 1385 φθορᾶς
1436 1348 1566 1383 ἀμείνων,
1584 1347 1621 1380 ὡς
1634 1347 1701 1383 ζωή.

1074 1439 1104 1466 Β.
1123 1438 1202 1466 Οὕτω
1215 1439 1296 1475 φημί.

1072 1486 1104 1512 Δ.
1122 1483 1190 1512 Εἶτα
1211 1485 1270 1517 πῶς
1293 1485 1405 1520 γέγονεν
1433 1485 1462 1511 ἐν
1481 1486 1598 1520 νεκροῖς,
1620 1484 1667 1512 καὶ
1691 1484 1837 1520 ἐλεύθερος

1038 1530 1086 1566 ὢν,
1107 1531 1179 1558 κατὰ
1201 1530 1251 1562 τὰς
1276 1530 1405 1566 Γραφὰς,
1431 1529 1549 1565 Τεθναίη
1569 1530 1622 1566 γὰρ
1642 1530 1676 1557 ἂν
1699 1529 1760 1557 ob“
1784 1539 1836 1556 που

1000 1592 1022 1621 c
1039 1576 1099 1605 καθ’
1112 1577 1208 1604 ἑαυτὸν
1222 1578 1236 1603 6
1251 1577 1347 1612 Λόγος.

1074 1627 1106 1655 Β.
1123 1626 1347 1662 Ὅτιτεθνεὼσης
1363 1625 1445 1654 αὐτοῦ
1459 1625 1509 1662 τῆς
1531 1625 1643 1662 σαρκὸς,
1659 1625 1741 1657 αὐτὸς
1757 1625 1836 1652 τοῦτο

1037 1671 1146 1705 λέγεται
1161 1670 1268 1698 παθεῖν.

1072 1718 1105 1746 Δ.
1124 1716 1275 1754 Ὀρθότατά
1296 1726 1328 1752 γε
1352 1717 1398 1744 καὶ
1415 1716 1553 1749 ἀπλανῶς.
1580 1717 1697 1750 Οὐκοῦν,
1719 1717 1750 1744 οὺ
1773 1716 1834 1752 δίχα

1037 1763 1149 1799 σαρκὸς.
1164 1764 1212 1790 σὺν
1226 1763 1295 1799 αὐτῇ
1310 1764 1338 1790 δὲ
1355 1763 1456 1799 μᾶλλον
1468 1764 1520 1791 καὶ·
1534 1763 1593 1799 μετ’
1607 1763 1704 1799 αὐτῆς,
1722 1763 1773 1798 τὴν
1786 1764 1834 1798 τῆς

1037 1808 1198 1844 κυριότητος
1222 1808 1373 1844 ἀνεδήσατο
1400 1808 1491 1841 δόξαν,
1517 1811 1531 1837 ὁ
1560 1809 1636 1844 νόμῳ
1664 1799 1768 1844 capio:
1787 1808 1834 1835 καὶ

1038 1854 1118 1890 φύσει
1134 1856 1167 1890 τῇ
1184 1854 1246 1882 καθ’
1262 1855 1335 1890 ἡμᾶς
1351 1854 1467 1887 τεθνεὼς
1490 1855 1537 1882 καὶ
1552 1854 1750 1891 ἐγηγερμένος.
1773 1853 1832 1880 Ἀν-

1037 1901 1174 1938 θρώπινον
1187 1901 1235 1936 μὲν
1245 1900 1275 1928 τὸ
1285 1901 1411 1928 τεθνάναι
1427 1901 1523 1934 πάθος,
1548 1901 1690 1937 ἐνέργημα
1702 1901 1731 1928 δὲ
1743 1899 1832 1928 θεῖκὺν

1037 1948 1068 1974 τὺ
1089 1947 1240 1975 ἀναϐιῶναι
1265 1947 1383 1980 δεικνὺς,
1413 1947 1455 1975 ἶνα
1470 1947 1505 1975 δι’
1529 1948 1630 1983 ἀμφοῖν
1653 1947 1831 1983 γνωρίζηται,

1039 1993 1100 2021 καθ’
1118 1994 1194 2029 ἡμᾶς
1207 2001 1238 2020 τε
1251 1993 1310 2028 ἅμα
1323 1994 1371 2020 καὶ
1385 1994 1456 2029 ὑπὲρ
1469 1994 1543 2029 ἡμᾶς
1558 1994 1595 2026 ὡς
1608 1994 1676 2026 Θεὸς
1687 1995 1742 2020 τῶν
1754 1994 1830 2026 ὅλων,

1039 2040 1086 2067 καὶ
1099 2040 1159 2073 μεθ’
1174 2040 1255 2075 ἡμῶν
1269 2041 1400 2075 γεγονὼς,
1416 2041 1502 2076 ὁρῷτο
1519 2040 1589 2076 μετὰ
1607 2041 1725 2076 Πατρός.
1740 2041 1832 2073 Οὖτως

1038 2085 1119 2112 αὑτὸν
1133 2087 1147 2112 6
1164 2085 1313 2122 Ναθαναὴλ
1334 2087 1536 2120 ἐπιγινώσκων,
1554 2087 1668 2122 ἔφασκε·
1696 2098 1705 2113 ι
1727 2088 1830 2119 Ῥαϐϐὶ,

1039 2133 1072 2159 σὺ
1102 2131 1128 2158 εἶ
1157 2133 1171 2159 ὁ
1205 2133 1268 2164 Υἱδς
1298 2132 1345 2159 τοῦ
1375 2132 1459 2166 Θεοῦ,
1492 2134 1524 2160 σὺ
1549 2132 1575 2160 εἴ
1597 2135 1611 2160 6
1633 2134 1761 2168 βασιλεὺς
1786 2134 1830 2160 τοῦ

1039 2179 1158 2214 Ἰσραήλ.
1175 2189 1183 2204 ι
1195 2179 1280 2210 Αὐτὸς
1292 2180 1320 2206 δὲ
1333 2180 1495 2212 τοῖξέαυτοῦ
1508 2179 1654 2216 μαθηταῖς
1669 2190 1677 2206 ι
1695 2181 1789 2215 Ὑμεῖς
1805 2181 1830 2207 δὲ

1039 2225 1146 2252 καλεῖτέ
1168 2233 1212 2259 με,
1236 2226 1328 2261 φησὶν,
1352 2226 1365 2250 6
1391 2226 1491 2261 Κύριος
1515 2227 1562 2253 καὶ
1586 2226 1764 2259 διδάσκαλος,
1787 2228 1830 2253 7.2!

199 2266 304 2299 dicitis,
323 2273 381 2293 sum
401 2266 473 2292 enim
488 2265 521 2291 ³ο.
545 2274 554 2290 ›
574 2265 613 2292 Re
630 2272 720 2293 autem
739 2266 796 2301 ipsa
815 2268 842 2296 id
860 2276 984 2304 compro-

1045 2271 1129 2303 καλῶς
1145 2271 1249 2306 λέγετεσ
1267 2272 1324 2307 εἰμὶ
1339 2272 1400 2307 γάρ.
1418 2282 1426 2297 ι
1447 2272 1575 2307 “Ep-{(952
1589 2273 1654 2298 αἰοτό
1670 2273 1831 2308 πιστευόμε-

199 2314 276 2344 bans,
292 2313 405 2340 remittit
420 2316 540 2346 peccata,
554 2316 581 2339 et
595 2317 755 2346 potestatem
771 2315 844 2341 dedit
858 2315 986 2343 adversus

199 2359 311 2393 spiritus
326 2357 489 2389 immundos,
504 2357 540 2384 ila
557 2363 585 2385 ut
600 2359 702 2392 possint
718 2360 817 2393 ejicere
831 2369 888 2394 eos,
903 2367 930 2389 et
943 2370 987 2390 sa-

200 2411 266 2429 nare
279 2409 358 2429 omne
371 2409 456 2436 genus
472 2403 555 2430 morbi
572 2404 708 2438 popularis
718 2405 751 2433 “.
765 2405 859 2434 Nonne
874 2408 944 2434 enim
960 2409 986 2436 in

200 2448 307 2475 nomine
327 2447 389 2475 Jesu
411 2449 510 2476 Christi
532 2449 664 2478 Nazareni
687 2458 801 2479 sanatur
820 2453 932 2480 claudus
953 2462 986 2482 ex

200 2500 314 2529 utroque
335 2495 409 2528 pede,
430 2496 525 2523 sedens
545 2497 578 2523 ad
599 2503 704 2532 portam
724 2506 783 2532 qua:
804 2499 902 2527 dicitur
921 2499 988 2534 Spe-

199 2541 271 2566 ciosa
282 2539 323 2567 "'1
337 2540 372 2567 Ita
389 2542 469 2568 etiam
486 2550 500 2568 ιι
517 2543 645 2570 diuturno
660 2545 874 2580 gravissimoque
892 2547 986 2573 morbo

199 2586 328 2614 liberatus
344 2592 383 2614 cst
397 2587 509 2620 1Eneas,
523 2589 628 2616 dicente
644 2589 676 2616 ad
693 2594 753 2616 eum
770 2591 860 2618 divino
876 2591 958 2618 Paulo
978 2601 984 2618 :

202 2642 210 2658 ι
228 2632 325 2667 Αἳιιιειι,
341 2639 421 2661 sanat
437 2639 463 2661 te
478 2634 557 2662 Jesus
573 2635 699 2663 Christus
707 2635 740 2662 ".
759 2645 769 2661 ›

233 2723 264 2750 Β.
285 2723 320 2750 lta
336 2729 386 2751 est.

234 2771 265 2796 Λ.
286 2767 365 2796 Ouini
381 2770 461 2805 igitur
474 2777 505 2797 cx
521 2776 597 2806 parte
611 2772 741 2807 compulsi
756 2773 789 2800 ad
805 2775 943 2802 veritatem
958 2780 986 2803 et

1038 2326 1092 2350 vo;,
1111 2319 1202 2353 ἀνίησι
1227 2318 1275 2353 μὲν
1297 2318 1445 2353 ἁμαρτίας,
1462 2318 1586 2351 ἐξουσίαν
1607 2319 1635 2345 δὲ
1659 2318 1743 2345 ἔδωκε
1764 2318 1829 2345 κατὰ

1039 2365 1202 2400 πνευμάτων
1226 2365 1401 2400 ἀκαθάρτων,
1428 2364 1496 2390 ὥστε
1517 2364 1659 2391 ἐκϐάλλειν
1680 2365 1762 2396 αὐτὰ,
1787 2365 1828 2391 καὶ

1037 2410 1202 2447 θεραπεύειν
1219 2412 1308 2437 πᾶσαν
1328 2411 1404 2437 νόσον
1421 2411 1467 2436 καὶ
1484 2411 1573 2437 πᾶσαν
1594 2411 1730 2445 μαλακίαν
1749 2411 1777 2437 ὲν
1794 2410 1828 2444 τῷ

1038 2455 1106 2490 λαῷ.
1120 2453 1157 2481 τΗ
1174 2456 1224 2481 οὐκ
1237 2456 1264 2481 ὲν
1279 2455 1391 2489 ὀνόματι
1416 2455 1501 2490 Ἰησοῦ
1520 2455 1638 2490 Χριστοῦ
1657 2456 1826 2491 Ναζωραίου,

1038 2501 1236 2534 τεθεράπευται
1262 2501 1310 2536 μὲν
1331 2501 1344 2526 ὀ
1363 2500 1401 2526 τὼ
1423 2502 1487 2528 πόδε
1505 2501 1706 2536 λελωϐημένος,
1731 2502 1780 2528 καὶ
1798 2503 1826 2537 τῇ

1037 2548 1126 2583 ὡραίῃ
1146 2548 1319 2583 προσιζάνων
1343 2548 1436 2584 «vim;
1461 2548 1616 2583 ἀρρωστίαν
1638 2547 1665 2574 δὲ
1696 2548 1745 2583 τὴν
1763 2547 1828 2574 οὕτω

1038 2592 1146 2627 μακρὰν
1162 2593 1338 2625 ἀπεσείσατο,
1352 2592 1399 2618 καὶ
1421 2593 1519 2628 κομιδῇ
1534 2592 1730 2625 δυσδιάερυκτον
1742 2592 1829 2628 διέδρα

1036 2639 1113 2665 νόσον
1140 2639 1250 2669 Αἰνέας,
1281 2639 1349 2674 πρὸς
1372 2639 1401 2664 ὃν
1428 2639 1442 2664 ὁ
1464 2638 1607 2670 θεσπέσιος
1633 2638 1685 2674 ἔφη
1715 2639 1828 2671 Παῦλος·

1039 2693 1048 2709 ι
1060 2684 1152 2717 Αἰνέα,
1167 2685 1238 2711 ἱᾶταὶ
1252 2693 1280 2711 σε
1300 2685 1405 2720 Ἰησοῦς
1415 2686 1429 2712 6
1441 2685 1570 2721 Χριστός.
1590 2695 1599 2711 ι

1075 2731 1104 2756 ιι.
1126 2730 1247 2765 Ἀληθές.

1075 2778 1106 2804 Λ,
1129 2777 1301 2813 Πανταχόθεν
1319 2775 1365 2804 οὖν
1388 2777 1441 2813 ἄρα
1464 2777 1664 2813 συνωθούμενοι
1679 2778 1750 2814 πρὸς
1770 2778 1831 2814 ἁλί]-

247 2871 345 2916 "_Luc.
361 2873 425 2916 1:12.
461 2874 483 2889 ³³
495 2873 573 2901 Rom.
590 2882 645 2904 xxv.
656 2874 715 2901 7-9.
755 2875 777 2891 ¹⁹
789 2874 866 2903 .Ioan.
885 2884 902 2909 l,
919 2877 961 2905 19.

1045 2877 1114 2906 loan.
1135 2887 1194 2912 rm,
1213 2879 1257 2907 13.
1298 2880 1319 2895 ³¹
1333 2879 1428 2908 Matth.
1445 2887 1472 2912 ιι,
1487 2880 1511 2906 8.
1552 2881 1573 2896 ³¹
1586 2880 1646 2907 Act.
1662 2889 1705 2914 ιιι,
1723 2881 1740 2908 9
1757 2888 1830 2916 seqq.

200 2909 222 2925 "
234 2909 292 2935 Act.
314 2915 350 2940 ix,
367 2908 411 2934 51.
