1927 3036
85 196 156 224 1235

652 197 744 232 QUOD
766 198 860 227 UNUS
879 197 934 226 ξιτ
953 197 1138 225 CHRISTUS.

1631 197 1708 227 ’1954

83 256 172 288 οειαν,
191 256 238 283 καὶ
253 256 283 282 τὸ
303 257 358 287 τοῖς
378 257 459 292 ἱεροῖς
476 256 623 293 Γράμμασι
641 258 737 286 δοκοῦν
760 259 870 294 ἰχνηλα-

929 264 1060 284 sacrarum
1080 256 1282 292 Scripturarum
1300 255 1454 284 auctoritati
1472 254 1646 290 acquiescere
1661 263 1709 283 vo-

81 303 142 328 τείν
162 298 190 328 εὗ
217 300 290 335 μάλα
310 301 516 336 σπουδάζοντες,
534 303 581 329 καὶ
601 304 661 335 ταῖς
683 303 737 330 τῶν
761 304 873 339 πατρῶν

82 348 214 383 ἑπόμενοι
233 348 333 379 δόξαις,
346 348 391 374 τὸν
403 349 435 374 ὲκ
447 347 526 384 ῥίζης
546 349 656 382 Ἰεσσαὶ,
675 349 720 376 τὸν
739 351 771 376 ὲκ
787 350 873 386 σπέρ-

84 402 171 428 ματος
186 393 279 425 Δαϐὶδ,
292 393 339 420 τὸν
353 394 385 420 ἐκ
403 394 531 427 γυναικὸς
548 394 620 421 κατὰ
636 394 735 430 σάρκα,
752 395 798 422 τὸν
814 395 873 430 μεθ’

82 440 164 474 ἡμῶν
179 439 231 466 ὑπὸ
250 439 332 474 νόμον
351 439 389 471 ὡς
402 439 556 475 ἄνθρωπον,
574 440 621 467 καὶ
637 441 706 476 ὑπὲρ
720 441 792 476 ἡμᾶς
804 441 873 476 ὑπὲρ

81 485 167 520 νόμον
182 486 218 516 ὡς
232 485 307 517 Θεὸν,
331 485 376 511 τὸν
388 485 421 511 δι’
445 486 519 520 ἡμᾶς
544 494 574 513 τε
595 486 643 513 καὶ
659 487 725 521 μεθ’
750 487 829 522 ἡμῶν
846 488 874 514 ὲν

60 552 65 556 .
82 531 201 566 νεκροῖς,
215 530 260 556 τὸν
275 529 344 565 ὑπὲρ
354 530 428 565 ἡμᾶς
435 529 467 556 δι’
479 530 575 557 ἑαυτὸν
587 530 717 562 ζωοποιὸν
728 532 775 558 καὶ
790 531 867 567 ζωὴν,

82 575 149 602 Υῑὸν
167 573 237 602 εἶναι
251 575 298 602 τοῦ
312 575 379 602 Θεοῦ
395 575 467 602 κατὰ
482 575 611 612 ἀλήθειαν
626 577 800 612 πιστεύομεν,
812 577 871 604 οὕτε

81 622 226 656 ψιλοῦντες
243 621 368 657 Θεότητος
380 621 410 648 τὸ
424 621 606 658 ἀνθρώπινον,
620 622 682 650 οὔτε
697 624 750 659 μὴν
767 623 873 659 ἀνθρω-

82 666 202 701 πότητος
217 666 453 701 ἀπαμφιεννύντες
468 667 515 693 τὸν
527 667 613 702 Λόγον
636 668 704 703 μετὰ
720 669 769 703 τὴν
787 668 875 703 ἄφρα-

83 721 148 738 στον
163 712 333 748 συμπλοκὴν,
347 712 404 739 ἀλλ’
418 712 467 739 ἕνα
478 713 525 740 καὶ
535 712 581 740 τὸν
590 713 670 741 αὐτὸν
680 714 874 750 ὁμολογοῦντες

83 759 160 792 Υἱδν,
176 759 208 785 ὲκ
222 759 295 785 δυοῖν
322 758 506 794 πραγμάτοιν,
524 759 564 791 εἰς
585 759 614 786 ἓν
631 768 658 786 τι
676 760 707 787 τὺ
725 760 756 793 ἐξ
772 761 874 796 ἀμφοῖν

82 805 250 840 ἁπορρήτως
280 804 461 840 ὲκπεφηνότα,
486 805 547 832 καθ’
571 805 667 833 ἕνωσιν
688 806 808 841 δηλονότι
825 806 874 842 τὴν

83 849 233 880 ἀνωτάτω,
258 849 305 876 καὶ
328 849 358 876 οὐ
381 849 488 883 φύσεως
508 852 698 888 παρατροπήν.
717 852 799 879 ὀσον
819 851 874 887 γὰρ

83 893 156 920 οὕτω
174 893 316 926 δοξάζουσι
327 894 469 930 περιέσται
483 894 513 921 τὸ
525 895 629 932 κέρδος,
647 897 774 932 σαφηνιεῖ
787 896 874 931 λέγων

83 938 98 964 δ
110 937 229 974 Χριστοῦ
251 938 386 973 μαθητής·
404 948 413 964 t
426 939 474 970 Ὃς
491 939 523 966 ἂν
539 939 704 977 ὁμολογήσῃ,
713 942 754 968 ὅτι
770 940 874 977 Ἰησοῦς

83 984 161 1010 ἐστιν
175 984 189 1010 ὁ
212 983 275 1012 Υἱὸς
291 983 336 1010 τοῦ
352 983 431 1017 Θεοῦ,
457 985 471 1011 ὁ
495 984 561 1016 Θεὸς
578 986 606 1011 ὲν
628 986 703 1021 αὐτῷ
721 986 807 1022 μένει,
826 986 873 1015 καὶ

84 1029 169 1061 αὐτὸς
189 1029 218 1055 ἐν
237 1029 276 1064 τῷ
294 1028 363 1064 Θεῷ.
378 1038 387 1055 ι
415 1030 476 1057 Ὂτι
496 1030 525 1057 δὲ
548 1030 650 1066 Ἰησοῦς
663 1032 780 1067 Χριστὸς
800 1033 815 1059 ὁ
841 1034 873 1060 ἑκ

84 1074 170 1101 Δασὶδ
183 1075 253 1101 κατὰ
270 1075 370 1111 σάρκα,
386 1075 458 1102 κατὰ
473 1075 554 1110 φύσιν
567 1077 613 1104 καὶ
623 1077 731 1113 ἀληθῶς
741 1078 804 1111 Υἱός
816 1079 873 1106 ἐστι

84 1120 134 1147 τοῦ
149 1120 228 1153 Θεοῦ,
239 1119 307 1147 καθὸ
317 1121 413 1155 γέγονε
430 1121 499 1158 σὰρξ
524 1123 539 1148 ὁ
549 1122 645 1156 Λόγος,
660 1123 707 1149 καὶ
721 1124 874 1160 ἐσκήνωσεν

86 1168 117 1194 ιν
139 1167 225 1202 ἡμῖν,
258 1169 459 1203 κατασφραγιεϊ
479 1167 566 1202 λέγων
588 1169 602 1194 ὸ
627 1169 707 1204 σοφὸς
738 1170 876 1206 Ἰωάννης

88 1222 100 1239 ι
112 1212 169 1240 Καὶ
185 1212 296 1248 οῖδαμεν
313 1213 353 1240 δτι
370 1214 385 1240 ὸ
403 1213 466 1246 Υἱὸς
483 1214 529 1241 τοῦ
545 1214 613 1241 Θεοῦ
627 1216 700 1251 ἥκει,
715 1216 761 1243 καὶ
778 1216 878 1244 ιδωκιν

84 1259 156 1293 ἡμῖν
175 1257 305 1290 διάνοιαν,
323 1258 367 1285 ἵνα
388 1257 569 1294 γινώσκωμεν
588 1259 634 1286 τὸν
652 1259 779 1296 ἀληθινὸν
801 1260 878 1293 Θεὸν,

87 1304 137 1330 καὶ
155 1302 239 1338 ἐσμὲν
253 1303 283 1329 ιν
304 1302 343 1338 τῷ
358 1302 489 1338 ἀληθινῷ,
513 1303 542 1330 ιν
559 1303 598 1338 τῷ
613 1303 670 1339 Υἱῷ
686 1303 768 1331 αὐτοῦ
789 1303 876 1340 Ἰησοῦ

87 1347 211 1384 Χρισῑῷ.
224 1345 309 1380 οὗτός
332 1348 407 1375 ἔστιν
419 1349 434 1375 ὁ
446 1348 573 1384 ἀληθινὸς
587 1348 653 1381 Θεὸς
671 1349 718 1376 καὶ
732 1348 789 1385 ζωὴ
811 1349 877 1376 αῑώ-

76 1397 156 1426 ’νιος,
171 1402 181 1420 ι
199 1394 245 1420 καὶ
260 1393 294 1420 δι’
311 1394 394 1421 αὑτοῦ
408 1402 450 1427 τε,
471 1394 518 1421 καὶ
533 1394 582 1421 σὺν
596 1394 680 1429 αὑτῷ,
698 1393 737 1429 τῷ
753 1393 813 1430 Θεῷ
830 1394 879 1422 καὶ

85 1439 179 1474 πατρὶ
197 1439 214 1475 ἡ
231 1439 294 1471 δόξα
316 1439 365 1466 σὺν
387 1438 457 1475 ἁγίῳ
477 1439 627 1475 “vatius-rt,
642 1439 682 1472 εις
696 1439 760 1471 τοὺς
777 1438 879 1471 αἰῶνας

86 1484 145 1511 τῶν
162 1484 277 1512 αἰώνων.
304 1484 400 1521 Ἀμήν.

124 1552 150 1569 ⁸⁸
161 1552 171 1581 l
182 1552 260 1581 Joau.
275 1560 313 1587 tv,
326 1553 370 1583 l5.
407 1553 517 1582 “Joau.
533 1562 554 1588 ι,
570 1554 615 1582 η.
651 1554 675 1571 ³⁸
685 1553 696 1582 l
708 1553 787 1583 Joau.
798 1561 828 1588 τ,
843 1553 890 1582 20.

923 302 1024 335 lentes,
1042 307 1070 330 et
1085 303 1194 330 Patrum
1215 302 1375 330 sententiam
1395 306 1554 336 sequentes,
1574 301 1710 328 credimus

921 356 984 376 eum
1000 349 1046 383 qui
1061 356 1094 376 ex
1110 349 1201 376 radice
1215 347 1310 380 lessus,
1325 347 1369 383 qui
1385 355 1418 375 ex
1434 347 1536 374 semine
1551 346 1646 377 David,
1661 346 1708 381 qui

923 402 955 422 ex
977 395 1085 430 Virgine
1107 395 1254 423 secundum
1278 401 1404 425 carnem,
1428 393 1473 428 qui
1496 393 1635 421 nobiscum
1660 392 1710 420 sub

924 439 982 475 lege
1002 444 1044 468 est
1063 445 1092 466 ut
1114 441 1204 473 homo,
1224 445 1252 467 et
1273 447 1354 474 supra
1377 447 1435 470 nos,
1457 445 1537 474 supra
1563 438 1660 473 legem,
1681 442 1712 465 ιιι

924 485 1006 518 Deus,
1022 486 1066 520 qui
1082 491 1192 520 propter
1206 492 1254 513 nos
1271 485 1408 513 nobiscum
1423 488 1465 512 est
1483 485 1554 511 inter
1569 488 1710 516 mortuos;

923 532 968 566 qui
983 539 1063 566 supra
1079 539 1126 558 nos
1140 530 1188 566 per
1200 531 1316 566 seipsum
1331 535 1373 558 est
1386 530 1524 557 viviﬁcans
1539 535 1565 556 et
1579 530 1649 563 vita;
1667 536 1713 557 re-

924 585 988 605 vera
1008 584 1068 605 esse
1088 577 1185 604 Filium
1207 578 1264 605 Dei.
1282 576 1374 611 Neque
1394 575 1590 602 humanitatem
1612 574 1709 602 divini-

926 627 980 650 tate
1002 623 1144 655 nudantes.
1167 629 1254 658 neque
1275 629 1368 649 rursus
1388 625 1518 649 ementes
1540 621 1712 648 humanitate

925 667 1054 701 Verbum,
1071 673 1132 703 post
1147 668 1218 695 illam
1235 667 1396 695 iuellabilem
1412 666 1547 702 copulam,
1565 666 1611 694 sed
1627 675 1711 694 unum

925 718 1003 748 atque
1017 716 1140 741 eumdem
1156 714 1312 748 proﬁtentes
1327 721 1388 741 esse
1405 712 1514 744 Filium,
1531 712 1575 746 qui
1593 719 1627 740 ex
1645 713 1715 740 dua-

923 760 975 787 bus
993 759 1074 787 rebus
1095 760 1122 786 in
1143 767 1225 787 unum
1248 759 1311 794 quid
1333 765 1367 786 ex
1390 758 1521 786 ambobus
1541 757 1715 785 inelfabiliter

924 805 1089 841 apparuerit,
1109 805 1256 832 secundum
1276 805 1401 832 unionem
1421 803 1547 831 nimirum
1568 811 1711 835 summam,

924 858 978 878 non
992 854 1081 878 autem
1094 850 1243 878 secundum
1255 854 1359 878 natura;
1373 849 1563 876 mutationem.
1574 848 1712 881 Quantum

924 897 997 929 enim
1019 896 1064 932 qui
1088 896 1124 924 ita
1146 896 1268 924 sentiunt
1289 895 1455 923 lucrifacturi
1477 895 1546 927 sint,
1567 894 1712 922 manifeste

890 931 911 959 Β
925 931 1044 970 declarat
1060 940 1161 968 Christi
1178 940 1325 975 discipulus
1341 940 1434 967 dicens
1449 948 1456 966 :
1474 949 1483 964 ι
1500 938 1630 973 Quisquis
1645 947 1712 966 con—

926 987 1015 1016 l'essus
1031 987 1111 1015 fuerit
1127 988 1253 1023 quoniam
1269 986 1347 1014 Jesus
1362 990 1404 1013 est
1419 985 1503 1013 Filius
1521 985 1582 1016 Dei;
1604 985 1672 1011 Deus
1687 984 1714 1011 in

927 1041 959 1062 eo
979 1039 1091 1066 manet,
1112 1037 1140 1061 et
1162 1033 1219 1068 ipse
1242 1032 1268 1060 in
1292 1032 1347 1060 Deo
1360 1032 1392 1059 “.
1419 1041 1429 1059 ›
1454 1031 1531 1066 Quod
1554 1039 1616 1059 vero
1637 1031 1716 1058 Jesus

927 1080 1053 1107 Christus
1065 1079 1110 1114 qui
1126 1083 1167 1106 est
1180 1087 1213 1106 ex
1229 1079 1311 1106 David
1326 1078 1473 1106 secundum
1485 1085 1607 1110 carnem,
1620 1077 1654 1104 sit
1669 1085 1715 1104 na-

929 1125 1052 1152 turaliter
1066 1131 1097 1152 ac
1111 1123 1276 1153 vereFilius
1293 1124 1352 1157 Dei,
1369 1128 1502 1159 quatenus
1515 1123 1631 1151 Verbum
1651 1130 1716 1151 caro

928 1169 1028 1198 factum
1046 1173 1103 1201 est,
1122 1174 1149 1197 et
1168 1170 1300 1197 habitavit
1320 1170 1347 1197 iu
1369 1169 1490 1201 nobis”,
1509 1169 1650 1197 conﬁrmat
1671 1176 1716 1196 sa-

926 1215 1003 1250 piens
1024 1214 1069 1242 ille
1092 1214 1209 1242 Joannes
1231 1215 1324 1242 dicens
1344 1223 1352 1241 ί
1376 1223 1386 1240 ‹
1412 1214 1444 1241 Ει
1465 1214 1568 1241 scimus
1587 1213 1716 1249 quoniam

932 1260 1016 1288 Filius
1030 1259 1076 1288 Dei
1090 1260 1176 1293 venit,
1188 1264 1216 1287 et
1227 1259 1302 1287 dedit
1315 1258 1393 1287 nobis
1405 1266 1516 1287 sensum
1529 1265 1559 1286 ut
1571 1266 1717 1294 cognosca-

928 1313 990 1334 mus
1015 1313 1108 1334 verum
1136 1304 1241 1339 Deum,
1267 1310 1294 1332 et
1314 1304 1400 1333 simus
1422 1305 1449 1333 in
1475 1311 1538 1332 vero
1558 1303 1617 1339 ejus
1638 1303 1716 1331 Filio.

930 1350 1013 1387 71‘.
1025 1350 1075 1379 llic
1086 1355 1128 1379 est
1140 1357 1220 1378 verus
1234 1350 1314 1384 Deus,
1327 1354 1355 1378 et
1368 1350 1421 1378 vita
1434 1353 1535 1378 aeterna
1545 1350 1585 1383 ³⁶;
1603 1358 1612 1375 ι
1629 1354 1656 1377 et
1671 1356 1718 1383 per

929 1396 1016 1432 ipsum
1026 1417 1033 1429 .
1049 1401 1076 1424 et
1091 1403 1152 1424 cum
1170 1396 1228 1431 ipso
1244 1395 1298 1423 Deo
1312 1403 1344 1423 ac
1358 1394 1433 1423 Patri
1448 1395 1531 1431 gloria
1546 1402 1607 1423 cum
1624 1399 1719 1422 sancto

931 1441 1044 1478 Spiritu,
1061 1441 1088 1469 in
1104 1441 1201 1470 saecula
1217 1441 1388 1470 seculorum.
1402 1442 1497 1469 Amen.

686 1731 836 1790 ΤΟΥ
876 1731 1121 1790 ΑΥΤΟΥ

447 1857 596 1926 ΟΤΙ
643 1860 774 1924 ΕΙΣ
817 1858 876 1925 Ο
921 1857 1287 1925 ΧΡΙΣΤΟΣ
1321 1856 1361 1918 ⁸.

745 2063 1061 2121 EJUSDEM

487 2180 652 2235 QUOD
692 2182 847 2227 UNUS
882 2182 978 2226 SIT
1014 2182 1324 2227 CHRISTUS.

879 2293 916 2300 υ..

131 2351 164 2377 Δ.
185 2349 364 2386 Μαθημάτων
385 2349 436 2386 μὲν
453 2349 509 2376 τῶν
521 2349 603 2386 ξερῶν
620 2350 701 2387 κόρος
726 2351 759 2378 ἃν
780 2352 876 2386 γένοιτ(

971 2353 1115 2381 Sacrarum
1145 2354 1347 2388 disciplinarum
1376 2357 1456 2388 atque
1485 2351 1615 2380 doctrinm
1644 2351 1717 2379 nulla

47 2412 53 2415 ι
94 2395 235 2428 παντελῶς
257 2396 344 2428 οὐδεὶς
369 2397 426 2428 τοῖς
452 2405 483 2430 γε
508 2397 615 2432 ἀληθῶς
646 2399 807 2434 ἁρτίφροσι,
836 2400 883 2426 καὶ

94 2442 195 2476 γνῶσιν
212 2442 251 2473 εις
264 2442 326 2469 νοῦν
341 2443 389 2478 τὴν
403 2442 534 2474 ζωοποιδν
547 2444 768 2480 συνεγηγερκόσι.
781 2444 883 2480 Γέγρα-

95 2497 162 2514 πται
173 2487 238 2522 γάρ·
263 2497 271 2513 t
287 2488 348 2514 Ὅτι
358 2488 409 2515 οὐκ
419 2489 461 2515 ἐπ’
477 2489 552 2524 ἄρτῳ
566 2489 638 2525 μόνῳ
653 2489 765 2524 ζήσεται
780 2490 886 2525 ἄνθρω-

98 2543 158 2566 πος,
179 2534 238 2561 ἀλλ’
254 2534 300 2561 ἐπὶ
328 2535 409 2561 παντὶ
423 2535 527 2570 ῥήματι
539 2535 747 2570 ἐκπορευομένῳ
765 2536 809 2562 διὰ
824 2535 886 2561 στό-

98 2578 275 2617 ματοςβεοῦ.
291 2589 300 2604 ι
317 2579 410 2614 Τροφὴ
423 2579 478 2615 γὰρ
491 2579 550 2611 νοῦ,
569 2580 583 2606 ὁ
595 2579 673 2613 λόγος
689 2580 703 2606 ὁ
718 2580 793 2615 παρὰ
807 2579 886 2613 Θεοῦ,

96 2623 144 2649 καὶ
156 2622 239 2658 ἄρτος
251 2623 445 2658 πνευματικὸς,
460 2624 594 2659 στηρίζων
604 2623 746 2660 ἀνθρώπου
761 2624 885 2660 καρδίαν,

96 2667 168 2694 κατὰ
182 2667 213 2694 τὸ
226 2669 255 2694 ὲν
270 2668 352 2704 βίϐλῳ
367 2668 491 2704 Ψαλμῶν
511 2669 687 2705 ὑμνούμενον.

132 2714 162 2741 Β.
181 2711 217 2740 Εὖ
231 2714 332 2748 λέγεις.

132 2760 166 2786 Δ.
192 2759 326 2795 Ἑλλήνων
339 2761 388 2795 μὲν
411 2759 457 2788 οὗν
472 2762 496 2788 οἱ
508 2761 584 2796 σοφοὶ
598 2762 645 2788 καὶ
664 2761 774 2796 λογάδες
787 2761 883 2789 τεθαυ-

142 2839 163 2854 ²⁷
178 2838 272 2866 Matth.
287 2847 322 2871 tv,
334 2839 360 2866 4.
403 2839 425 2855 ³⁸
437 2839 507 2866 Psal.
524 2847 583 2870 ctu,
601 2839 644 2867 l5.

936 2399 1014 2434 plane
1028 2405 1069 2426 est
1085 2400 1213 2432 satietas,
1231 2400 1264 2427 iis
1279 2399 1324 2435 qui
1342 2406 1437 2426 revera
1455 2403 1528 2426 recte
1544 2397 1678 2427 sentiunt.
1693 2389 1727 2424 et.

936 2444 1116 2471 viviﬁcantem
1140 2445 1262 2472 notitiam
1287 2450 1377 2472 mente
1403 2445 1561 2472 hauserunt.
1584 2443 1719 2476 Scriptum

937 2494 979 2516 est
993 2490 1065 2516 enim
1082 2499 1088 2516 :
1107 2499 1116 2515 ι
1135 2490 1201 2523 Quia
1218 2498 1269 2519 non
1288 2491 1312 2517 in
1330 2490 1387 2517 solo
1401 2497 1470 2525 pane
1485 2489 1556 2516 vivet
1572 2489 1662 2521 homo,
1676 2488 1722 2515 sed

938 2534 964 2561 in
980 2535 1052 2561 omni
1069 2535 1150 2562 verbo
1165 2536 1235 2568 quod
1253 2536 1372 2569 procedit
1387 2543 1418 2562 ex
1433 2542 1480 2562 ore
1498 2534 1543 2561 Dei
1555 2534 1587 2560 ".
1607 2543 1616 2560 ι
1631 2532 1724 2560 Nutri-

938 2585 1058 2607 meutum
1072 2580 1143 2607 enim
1160 2580 1258 2607 mentis
1274 2585 1314 2606 est
1329 2580 1439 2607 verbum
1458 2580 1516 2613 Dei,
1532 2585 1558 2608 et
1574 2580 1651 2614 panis
1667 2579 1723 2614 spi-

938 2626 1044 2653 ritualis
1056 2626 1222 2653 conﬁrmans
1234 2633 1267 2652 ac
1281 2626 1413 2659 roborans
1425 2633 1471 2652 cor
1483 2625 1616 2657 horninis;
1630 2631 1725 2659 quem-

937 2673 1082 2700 admodum
1097 2673 1122 2700 in
1136 2671 1253 2699 Psalmis
1267 2672 1375 2699 canitur
1383 2671 1416 2698 ³⁸.

975 2717 1004 2745 Β.
1025 2717 1108 2746 Recte
1124 2718 1172 2744 ais.

973 2763 1006 2790 Α.
1026 2761 1171 2790 Gentilium
1198 2760 1305 2797 quidem
1331 2763 1466 2795 sapientes
1490 2764 1657 2787 venustatem
1686 2759 1725 2786 di-

137 2930 145 2940 ‘
163 2930 289 2968 Dialogus
305 2930 347 2958 hic
367 2931 391 2958 iu
404 2931 521 2959 editione
534 2930 647 2959 Auherti
667 2937 806 2962 perperam
820 2935 978 2959 numeratur
992 2937 1077 2958 nonus
1091 2937 1122 2957 ex
1138 2929 1182 2957 his
1200 2929 1244 2964 qui
1261 2936 1319 2956 cum
1332 2927 1439 2956 Hermia
1457 2927 1542 2955 habili
1559 2931 1629 2956 sunt.
1643 2925 1721 2953 Eni'r.
