1927 3036
213 190 283 218 £255

684 166 689 170 I
709 188 736 216 S.
758 187 894 215 CYRlLLl
914 185 1146 214 ALEXANDRlNl
1167 186 1327 214 ARCHll-Il‘.

1778 184 1852 210 Ιῗῖῑϐ

211 246 290 274 cendi
303 245 427 274 admirati
441 246 563 279 fuerunt,
577 245 812 280 eloquentiamque
824 253 929 273 summo
941 250 994 272 stu-

1063 245 1156 272 ιάκασι
1176 245 1211 279 το.
1230 243 1385 275 καλλιεπὲς,
1417 243 1462 270 καὶ
1482 244 1536 270 τῶν
1557 243 1597 270 ὅτι
1625 241 1744 277 μάλιστα
1782 249 1852 266 κατ-

180 304 182 306 ·
210 293 256 321 dio
269 292 406 326 aﬂ‘ectant,
418 297 446 320 et
458 292 549 319 subtili
564 292 706 319 verborum
722 296 819 318 ornatu
833 290 996 326 gloriantur,

211 339 397 373 orationisque
413 345 508 373 pompa
522 345 554 364 ac
570 337 639 365 fastu
655 337 835 364 delectantur.
852 337 890 364 Ac
904 341 996 371 poeta~

211 393 270 412 rum
287 384 394 419 quidem
410 384 536 411 materies
551 389 593 410 est
610 383 791 415 mendacium,
806 383 848 409 cui
866 383 998 417 rhythmis

211 431 267 462 suis
284 438 315 457 ac.
332 430 451 456 numeris
467 430 582 464 gratiam
600 435 627 457 et
643 434 809 456 venustatem
826 427 1000 455 addunt.Ve-

212 475 303 510 sitatis
321 479 410 500 autem
427 482 556 509 perquam
571 475 667 509 exigua
684 474 717 501 ab
733 474 772 501 eis
790 474 857 500 ratio
875 473 999 505 habetur,

211 521 275 553 quin
298 524 387 554 potius
408 527 513 547 summa
532 520 656 548 laborant
673 519 762 554 inopia
781 527 852 547 verte
873 519 1002 552 utilisque

193 590 196 594 ,
212 566 364 597 sententiae,
379 566 413 592 de
430 565 494 595 Deo.
512 566 632 600 inquam.
651 565 815 593 naturaliter
828 572 860 592 ac
874 572 938 591 vere
952 572 1001 591 ex-

211 611 334 644 sistente,
350 616 377 638 et
394 616 423 638 ttt
439 610 540 639 Paulus
558 612 645 646 inquit
663 620 670 638 :
689 620 698 637 ε
720 611 896 638 Evanuerunt
912 610 939 637 itt
956 617 1003 637 co-

212 657 386 692 gitationibus
408 657 480 689 suis,
500 661 527 685 et
546 657 720 685 obscuratum
742 661 784 684 est
804 656 937 690 insipiens
955 663 1004 682 cor

212 710 317 730 eorum.
333 703 459 730 Dicentes
474 704 546 731 euim
562 712 592 731 se
606 712 667 730 esse
682 705 830 738 sapientes,
845 703 920 730 stulti
939 703 1002 730 facti

213 754 293 780 sunt.
310 754 335 776 et
354 753 527 776 mutaverunt
546 749 660 784 gloriam
678 749 893 783 incorrttptibilis
911 747 958 774 Dei
977 748 1003 775 in

213 794 415 822 similitmliueut
431 794 557 830 imaginis
571 794 756 829 corruptibilis
772 794 902 826 hominis,
916 797 943 820 et.
958 800 1005 820 vo-

215 839 328 871 lucrum,
345 844 371 867 et
387 839 603 875 quadrupedum,
619 844 646 867 et
661 839 829 875 serpentium
841 839 874 866 ‘°.
897 849 905 865 ι

252 947 284 975 Β.
305 948 342 976 lta
358 953 410 976 est.

249 1015 282 1042 A.
305 1015 341 1042 De
355 1015 387 1042 iis
401 1015 491 1050 itaque
504 1023 553 1050 per
562 1024 655 1044 vocem
669 1016 743 1045 Isaia:
759 1017 828 1045 Deus
843 1018 880 1045 ita
895 1019 982 1053 inquit
996 1028 1003 1047 :

216 1063 317 1090 Scitote
331 1063 393 1098 quia
406 1063 475 1090 cinis
487 1068 527 1090 est
539 1071 586 1091 cor
596 1071 701 1098 eorum,
713 1070 737 1092 et
751 1070 853 1092 errant.
866 1065 946 1101 715
957 1066 1006 1093 At-

216 1117 269 1144 que
285 1109 310 1136 lti
329 1109 436 1143 quidem
454 1109 489 1136 ita
507 1109 594 1136 allecti
616 1115 688 1137 sunt.
708 1110 758 1143 Qui
777 1118 841 1138 vero
861 1112 1004 1146 impiarum

216 1155 360 1182 lmresium
382 1159 507 1182 auctores
524 1155 704 1187 exsﬁternnt,
725 1157 821 1192 impuri
840 1162 922 1192 atque
941 1165 1006 1192 apo-

217 1205 313 1231 stalat,
338 1199 439 1234 quique
466 1201 598 1227 adversus
623 1201 740 1228 divinam
767 1201 880 1236 gloriam
907 1203 1006 1229 buccas

217 1255 281 1274 suas
303 1247 433 1280 dilatant,
457 1254 584 1282 perversa
611 1248 771 1283 nel’ariaque
797 1249 956 1284 loquentes,
979 1249 1005 1276 iu

218 1293 302 1320 nihilo
316 1294 460 1326 minorem,
475 1296 529 1321 imo
544 1294 673 1329 majorem
688 1302 767 1329 quam
783 1295 909 1330 gentiles,
923 1294 1007 1330 impe—

217 1338 309 1365 ritiam
324 1338 442 1373 prolapsi
467 1346 527 1366 esse
551 1346 708 1367 cernuntur.
732 1339 825 1375 Longe
837 1341 908 1368 enim
923 1342 1006 1368 satius

216 1383 313 1413 luisset
329 1391 377 1412 eos
391 1385 461 1412 viam
477 1386 600 1413 veritatis
616 1394 668 1413 non
683 1387 843 1422 cognovisse
855 1408 862 1421 ,
876 1396 958 1422 quam
975 1395 1005 1415 ea

217 1431 343 1465 cognita,
367 1435 515 1458 retrorsum
544 1432 687 1460 deﬂectere
711 1441 727 1459 a
754 1438 848 1460 sancto
873 1438 1007 1468 praecepto

218 1477 291 1511 quod
309 1477 375 1511 ipsis
390 1478 480 1504 datum
497 1482 549 1506 est.
561 1478 667 1506 Accidit
683 1479 754 1506 enim
773 1480 825 1507 illis
837 1479 914 1513 juxta
927 1481 1009 1507 veris-

219 1523 317 1550 simum
335 1524 506 1557 proverbium
525 1532 532 1550 :
551 1533 560 1549 σ
579 1524 662 1551 Cattis
681 1532 805 1552 reversus
821 1526 854 1552 ad
872 1534 948 1553 suunt
965 1534 1008 1553 vo-

221 1569 328 1602 mitum,
344 1574 427 1597 elSIls
450 1569 503 1596 lota
515 1570 540 1597 in
552 1570 805 1605 volutabrumjcoeui
819 1572 937 1599 revoluta
947 1571 979 1599 “.
996 1582 1005 1597 ι

1049 289 1277 325 εσπουδασμένων
1293 289 1358 324 παρ’
1370 288 1462 321 αὐτοῖς
1482 289 1541 315 ἐστι
1563 288 1594 315 τὸ
1608 287 1784 322 ἀλληγορείν,
1801 287 1852 312 καὶ

1048 336 1141 372 ψιλαῖς
1163 336 1294 371 ῥημάτων
1316 335 1465 370 ὲπαυχοῦσι
1493 334 1647 369 κομψεῐαις,
1669 333 1718 359 καὶ
1741 332 1784 367 τῷ
1800 332 1852 366 τῆς

1049 382 1149 415 λέξεως
1163 381 1359 416 ὲναὸρύνονται
1373 381 1481 416 κόμπῳ.
1511 380 1565 406 Καὶ
1577 379 1626 414 ὕλη
1644 379 1692 414 μὲν
1708 379 1852 413 ποιηταῖς,

1049 427 1080 454 τὺ
1095 426 1203 462 ψεῦδος,
1217 426 1332 462 ῥυθμοῖς
1347 427 1394 452 καὶ
1410 425 1519 460 μέτροις
1533 426 1573 456 εἰς
1588 424 1618 451 τὸ
1629 423 1742 459 ἐπίχαρί
1756 431 1788 449 τε
1803 424 1854 450 καὶ

1051 473 1169 508 ἐμμελὲς
1194 471 1431 508 ὲκτετορευμένον,
1464 471 1541 506 ὀλίγη
1571 471 1599 497 δὲ
1626 469 1770 501 παντελῶς
1800 469 1854 503 τῆς

1052 518 1181 554 ἀληθείας
1194 519 1314 555 φροντὶς,
1327 518 1521 554 ἠρρωστήκασι
1535 517 1563 543 δὲ
1578 517 1623 543 καὶ
1647 517 1747 543 σπάνιν
1761 515 1854 550 ὀρθῆς

1052 565 1100 592 καὶ
1123 565 1285 600 ὀνησιφόρον
1309 564 1398 598 δόξης,
1425 563 1474 598 τῆς
1497 562 1542 590 ὲπί
1559 571 1602 596 γε,
1625 561 1707 597 φημὶ,
1723 561 1764 596 τῷ
1778 560 1854 588 κατὰ

1053 610 1135 646 φύσιν
1151 610 1198 638 καὶ
1213 610 1322 645 ἀληθῶς
1336 610 1392 636 ὄντι
1406 609 1475 644 Θεῷ,
1493 609 1594 643 μᾶλλον
1606 608 1634 634 δὲ
1650 608 1724 634 καθά
1737 616 1826 642 φησιν
1839 607 1854 632 ὁ

1055 656 1199 692 ἱερώτατος
1226 656 1346 686 Παῦλος⁸
1380 665 1389 681 α
1406 654 1632 690 Ἑματαιὼθησαν
1657 655 1686 680 ὲν
1707 654 1766 685 τοῖς
1790 653 1854 679 δια-

1054 702 1194 736 λογισμοῖς
1213 701 1314 733 αὺτῶν,
1336 702 1383 728 καὶ
1404 701 1548 736 ἐσκοτίσθη
1568 700 1585 735 ἡ
1604 700 1735 731 ἀσύνετος
1758 698 1853 726 αὐτῶν

1055 747 1163 782 καρδία.
1183 747 1335 779 Φάσκοντες
1357 745 1425 774 εἶναι
1446 747 1533 781 σοφοὶ.
1561 746 1775 782 ἐμωράνθησαν.
1805 746 1854 773 καὶ

1055 793 1174 829 ἡλλαξαν
1187 794 1237 828 τὴν
1248 793 1327 826 δόξαν
1345 793 1392 820 τοῦ
1409 792 1548 828 ἀφθάρτου
1568 792 1636 819 Θεοῦ
1650 793 1680 818 ἐν
1693 791 1853 827 ὁμοιώματι

1056 840 1160 871 εἰκόνος
1175 839 1294 875 φθαρτοῦ
1306 839 1461 875 ἀνθρώπου,
1474 839 1521 866 καὶ
1532 839 1676 872 πετεινῶν,
1691 839 1741 866 καὶ
1754 847 1854 874 τετρα-

1057 886 1156 917 πόδων,
1171 887 1218 912 καὶ
1233 885 1366 921 ἑρπετῶν.
1378 894 1387 911 ι

1095 953 1124 980 B.
1152 951 1274 988 Ἀληθές,

1093 1019 1124 1045 Δ.
1151 1019 1224 1054 Ἔφη
1251 1018 1316 1052 γοῦν
1338 1018 1402 1053 περὶ
1424 1017 1514 1045 αὑτῶν
1537 1017 1582 1044 διὰ
1602 1017 1695 1053 φωνῆς
1721 1017 1839 1044 Ἡσαΐου

1058 1064 1140 1096 Θεός·
1160 1064 1250 1091 Γνῶτε
1272 1064 1313 1090 ὅτι
1331 1063 1427 1095 σποδὸς
1444 1065 1460 1098 ὴ
1481 1063 1580 1099 καρδία
1595 1063 1696 1095 αὐτῶν,
1714 1064 1763 1090 καὶ
1781 1063 1851 1089 πλα-

1060 1111 1169 1138 νῶνται.
1190 1110 1259 1136 Ἀλλ’
1281 1107 1332 1136 ὧδε
1351 1109 1401 1144 μὲν
1415 1109 1448 1136 τὰ
1464 1109 1585 1137 ἐκείνων.
1610 1110 1646 1135 Ol
1666 1117 1697 1143 γε
1724 1109 1780 1144 μὴν
1797 1109 1853 1135 τῶν

1059 1156 1173 1184 ἀνοσίων
1189 1156 1322 1192 αἱρέσεων
1338 1156 1449 1190 εὑρεταὶ
1468 1155 1621 1189 γεγονότες.
1645 1155 1671 1181 οἱ
1691 1153 1802 1189 βέϐηλοι
1823 1162 1853 1180 τε

1061 1203 1107 1230 καὶ
1132 1202 1294 1235 ἀποστάται,
1320 1202 1368 1228 καὶ
1396 1202 1445 1235 τῆς
1474 1201 1548 1233 θείας
1575 1201 1653 1236 δόξης
1673 1200 1704 1227 τὸ
1732 1200 1852 1236 ἀκρατὲς

1061 1250 1164 1277 ἑαυτῶν
1190 1249 1402 1283 κατευρύνοντες
1433 1249 1540 1284 στόμα,
1572 1248 1619 1275 καὶ
1651 1248 1796 1279 λαλοῦντες
1820 1247 1854 1274 τὰ

1059 1296 1283 1331 διεστραμμένα,
1320 1295 1544 1330 καταφωραθείεν
1574 1294 1608 1320 ἂν
1632 1294 1682 1320 οὐκ
1705 1295 1734 1320 ὲν
1761 1293 1852 1328 μείοσι

1060 1343 1179 1377 γραεξαῇ
1195 1341 1246 1376 τῆς
1271 1341 1404 1376 Ἑλλήνων
1417 1340 1591 1376 ἀΰελτηρίας,
1607 1339 1635 1372 ἐξ
1646 1339 1776 1370 ἀπονοίας
1788 1338 1854 1365 ὼλι-

1061 1388 1203 1424 σθηκότες,
1216 1387 1232 1422 ἢ
1245 1387 1315 1422 τάχα
1327 1395 1378 1413 που
1397 1387 1445 1413 καὶ
1470 1387 1499 1413 ὲν
1515 1387 1572 1418 τοῖς
1589 1386 1728 1412 ἐπέκεινα.
1756 1385 1854 1419 Κρείτ-

1060 1443 1106 1460 τον
1118 1433 1171 1469 γὰρ
1186 1431 1219 1467 ἦν
1236 1433 1327 1464 αὐτοῖς
1344 1432 1380 1468 μὴ
1393 1432 1579 1466 ἐπεγνωκέναι
1593 1431 1642 1467 τὴν
1655 1431 1714 1458 ὁδὸν
1723 1430 1774 1464 τῆς
1788 1430 1854 1464 ἁλη-

1062 1480 1148 1512 θείας,
1165 1479 1180 1514 ἢ
1196 1478 1391 1513 ἐπεγνωκόσιν,
1409 1478 1448 1510 εἱς
1465 1478 1499 1504 τὰ
1522 1478 1610 1505 ὀπίσω
1622 1477 1784 1512 ἀνακάμψαι
1799 1476 1854 1503 ἀπὸ

1061 1526 1110 1561 ’τῆς
1122 1525 1244 1560 δοθείσης
1257 1526 1347 1556 αὐτοῖς
1361 1524 1441 1558 ἁγίας
1456 1524 1574 1559 ἐντολῆς.
1587 1523 1683 1558 Γέγονε
1695 1523 1750 1559 γὰρ
1762 1523 1853 1554 αὐτοῖς

1062 1570 1092 1597 τὸ
1104 1569 1153 1605 τῆς
1166 1569 1281 1605 ἀληθοῦς
1291 1570 1448 1605 παροιμίας,
1461 1578 1471 1595 ί
1483 1569 1564 1596 Κύων
1576 1569 1745 1604 ἐπιστρέψας
1762 1569 1809 1595 ἐπὶ
1825 1568 1853 1594 τὸ

220 1615 397 1661 Dlasphetuia
409 1617 480 1643 enim
495 1617 519 1643 in
531 1617 669 1644 Christum
682 1618 806 1651 obnoxii,
821 1619 900 1645 veluti
916 1623 1006 1645 truces

1063 1616 1124 1643 ἴδιον
1145 1615 1278 1652 ἐξέραμα,
1304 1617 1350 1643 καὶ
1368 1613 1398 1647 τις
1416 1615 1571 1652 λουσαμένη
1589 1616 1628 1647 εἰς
1646 1615 1769 1650 κὺλισμα
1793 1615 1854 1650 βορ⁴

221 1661 329 1694 quidam
342 1666 421 1696 atque
433 1661 562 1689 immanes
576 1663 641 1696 lupi,
651 1663 791 1690 devaslaut
803 1671 897 1698 greges
909 1664 1009 1697 ovium,

221 1713 271 1739 pro
287 1707 386 1740 quibus
404 1707 528 1734 Christus
546 1713 670 1735 mortuus
688 1713 745 1741 est,
762 1713 789 1735 ct
805 1709 937 1744 diripiunt
952 1717 1011 1744 qua:

223 1751 307 1785 ipsius
328 1756 407 1784 sunt,
430 1759 621 1781 coacervautes
637 1754 688 1781 sibi
712 1755 777 1788 ipsis
792 1763 852 1790 qua:
871 1763 927 1782 non
950 1762 1012 1783 sunt

223 1797 359 1832 ipsorum,
380 1798 450 1825 sicttt
473 1799 602 1833 scriptum
627 1804 684 1832 est;
709 1806 735 1827 et
757 1806 901 1835 gravantes
919 1803 1011 1837 jngum

223 1843 344 1877 ipsorum
358 1843 473 1877 fortiter,
486 1845 518 1871 de
533 1845 629 1879 quibus
644 1847 741 1874 merito
756 1848 809 1874 dici
824 1849 909 1882 possit
923 1858 930 1876 :
947 1858 955 1874 ι
973 1849 1012 1876 Εἰ

224 1887 301 1915 nobis
317 1888 449 1920 exierunt,
462 1889 508 1916 sed
518 1897 569 1916 neu
579 1895 659 1917 erant
673 1898 706 1918 ex
724 1892 818 1928 nobis,
839 1902 850 1919 ι
862 1899 1013 1928 opportune

223 1932 294 1959 enim
313 1934 363 1959 hoc
379 1932 410 1959 de
428 1933 591 1967 ejuscemodi
608 1935 762 1963 hominibus
777 1945 792 1964 a
810 1939 886 1966 nobis
903 1939 1011 1966 dicitur.

224 1977 293 2005 Sunt
312 1978 382 2005 enim
405 1980 525 2007 nounulli
546 1981 591 2015 qui
614 1981 738 2015 imperite
759 1984 901 2011 admodum
921 1986 1014 2020 unige-

225 2024 309 2051 nitum
324 2025 370 2050 Dei
384 2025 499 2052 Verbum
513 2034 639 2060 suprema
653 2027 697 2054 illa
709 2029 870 2056 excellentia
884 2030 1011 2064 spoliare,

223 2074 251 2095 et
269 2069 303 2096 ab
325 2070 477 2104 aequalitate
498 2079 558 2099 cum
581 2072 635 2100 Deo
656 2081 688 2100 ac
708 2073 786 2101 Patre
806 2075 949 2103 excludere
969 2083 1014 2103 co-

224 2118 333 2147 nantur,
353 2116 611 2144 consubstantialem
636 2119 722 2153 ipsum
745 2126 805 2146 esse
829 2126 967 2155 negantes.
987 2126 1014 2148 et

226 2160 375 2187 naturalem
398 2161 636 2197 oumitnodamque
659 2163 827 2192 identitatem
849 2166 872 2192 ci
897 2166 1014 2193 tribuere

226 2212 393 2233 recusantes.
414 2207 465 2234 Alii
486 2215 550 2234 vero
572 2208 694 2236 eamdem
716 2208 774 2237 fere
797 2215 878 2244 atque
899 2211 925 2238 lii
947 2219 1014 2246 quos

226 2252 343 2279 diximus
361 2253 431 2279 viam
450 2253 622 2286 insistentes,
641 2259 722 2288 atque
742 2255 768 2282 in
789 2257 855 2283 retia
874 2257 969 2284 mortis
987 2263 1013 2284 et

225 2297 350 2332 laqueum
373 2297 471 2324 inferni
493 2297 621 2333 prolapsi,
641 2298 775 2334 Unigenlti
798 2302 956 2336 mysterium
978 2303 1012 2330 ab

225 2343 462 2370 athninistratione
485 2343 511 2370 in
536 2351 618 2371 carne
640 2346 697 2372 sive
719 2346 904 2375 incarnatione
924 2347 1012 2376 seclu-

219 2389 293 2415 -dunt
306 2395 337 2414 ac
352 2393 488 2421 separant,
500 2393 527 2416 et
540 2390 622 2417 simili
639 2392 832 2426 propemodum
847 2398 927 2426 atque
941 2394 1011 2421 alllui

227 2442 288 2461 cum
304 2433 438 2468 prioribus
454 2435 506 2462 illis
520 2437 637 2464 arncntia
653 2437 788 2467 laborant.
808 2439 845 2467 llli
863 2441 934 2467 enim
946 2440 1013 2468 Ver-

227 2479 292 2506 bum
310 2487 343 2506 ex
364 2480 417 2507 Deo
436 2480 516 2509 Patre
534 2483 653 2517 genitum
671 2484 752 2511 etiam
770 2491 832 2513 ante
849 2486 1013 2514 incarnatio-

228 2533 300 2556 nem.
323 2526 471 2554 divinitatis
494 2529 654 2555 excellentia
678 2534 809 2564 quantum
834 2531 860 2558 iu
886 2532 951 2567 ipsis
973 2536 1015 2560 est

227 2572 343 2606 spoliant
367 2581 374 2599 :
401 2573 426 2600 hi
449 2581 514 2602 vero
539 2576 621 2602 etiam
646 2578 788 2604 Incaruato
810 2577 901 2605 Verbo
925 2579 1013 2606 infesti

228 2622 304 2650 sunt,
326 2622 353 2645 et
374 2617 522 2647 beneﬁcam
547 2620 633 2655 ipsius
657 2621 772 2656 gratiam
795 2629 847 2657 qua
868 2623 1013 2651 humanam

228 2668 350 2690 naturam
368 2665 523 2699 complexus
541 2671 594 2698 est,
611 2671 714 2693 tantum
732 2675 784 2695 non
803 2668 957 2703 improbant
973 2674 1015 2696 at-

227 2717 279 2744 que
296 2710 420 2737 incusant
436 2720 443 2738 :
461 2719 513 2738 non
531 2717 604 2739 recte
619 2711 669 2739 sibi
685 2713 854 2741 consuluisse
868 2721 930 2742 eum
946 2723 1013 2742 con-

227 2755 368 2783 tendentes
380 2757 451 2790 quod
465 2764 574 2784 carnem
589 2759 781 2793 assumpserit,
794 2767 877 2795 seque
891 2761 1014 2788 exinani-

227 2801 310 2833 verit;
327 2801 384 2828 sive
401 2801 471 2836 quod
490 2801 579 2830 factus
595 2804 631 2830 sit
648 2804 738 2837 homo,
755 2805 880 2839 quodque
897 2807 921 2832 iu
941 2811 1012 2835 terra

265 2889 285 2904 "
297 2888 374 2915 Rom.
394 2897 411 2924 ι,
427 2890 456 2916 2|
476 2890 520 2918 23.
559 2891 610 2918 “ll
626 2891 697 2919 Petr.
716 2899 744 2923 tt,
763 2892 806 2923 ΞΙ,
822 2893 867 2920 ἐξ.

1062 1662 1153 1697 ϐάρου,
1167 1672 1176 1687 ›
1194 1662 1387 1698 Διεμερίσαντο
1402 1662 1455 1698 γὰρ
1469 1662 1517 1696 τῆς
1535 1661 1606 1688 κατὰ
1619 1661 1739 1697 Χριστοῦ
1753 1661 1853 1694 δυσφη-

1063 1708 1126 1743 μίας
1138 1708 1172 1734 τὰ
1186 1708 1357 1743 ἐγκλήματα,
1376 1708 1424 1734 καὶ
1436 1705 1480 1735 οἷά
1495 1716 1567 1739 τινες
1584 1707 1662 1733 λύκοι
1685 1707 1796 1742 δριμεῖς
1809 1705 1854 1732 καὶ

1062 1753 1166 1789 πικροὶ,
1180 1753 1395 1788 διαλυμαενονται
1409 1755 1465 1785 τοῖς
1478 1754 1624 1788 ποιμνέοις,
1651 1754 1720 1788 ὑπὲρ
1737 1750 1775 1779 ὧν
1788 1753 1852 1789 Χρι-

1063 1799 1124 1831 στὸς
1143 1799 1273 1832 ἀπέθανε,
1291 1800 1337 1826 καὶ
1360 1800 1542 1835 διαρπάζουσι
1565 1799 1600 1826 τὰ
1634 1799 1728 1832 αὐτοῦ,
1751 1797 1855 1833 πληθύι

1062 1853 1157 1876 νοντες
1170 1846 1280 1878 ἑαυτοῖς
1298 1846 1332 1872 τὰ
1343 1846 1393 1873 οὐκ
1405 1846 1469 1872 δντα
1484 1845 1586 1879 αὐτῶν,
1601 1845 1672 1872 καθὰ.
1689 1845 1854 1880 γέγραπται,

1063 1892 1111 1918 καὶ
1128 1892 1291 1927 βαρύνοντος
1303 1893 1349 1919 τὸν
1363 1892 1450 1918 κλοιον
1465 1892 1554 1919 αὐτῶν
1575 1891 1721 1927 στιϐαρῶς,
1743 1891 1807 1926 περὶ
1819 1888 1854 1916 ὧν

1063 1938 1096 1965 ἂν
1118 1938 1223 1972 λέγοιτο
1241 1939 1288 1965 καὶ
1304 1938 1377 1973 μάλα
1395 1939 1517 1970 εἰκότως·
1545 1947 1554 1964 r
1571 1938 1616 1970 Ἐξ
1636 1937 1715 1972 ἡμῶν
1734 1936 1854 1971 ἐξῆλθον,

1064 1984 1121 2010 ἀλλ’
1149 1984 1200 2010 οὐκ
1231 1982 1301 2019 ἦσαν
1328 1984 1358 2016 ἐξ
1388 1985 1476 2020 ἡμῶν.
1495 1994 1504 2010 ι
1537 1983 1690 2019 Ουγαροῧν.
1721 1982 1793 2009 Ἀλλ’
1817 1982 1854 2012 εἰς

1064 2029 1158 2065 καιρὸν
1173 2030 1239 2064 ἡμῖν
1253 2031 1267 2056 ὀ
1284 2030 1346 2065 περί
1363 2039 1394 2064 γε
1409 2030 1462 2056 τῶν
1477 2029 1606 2056 τοιούτων
1621 2029 1744 2064 κρίνεται
1768 2027 1851 2062 λόγος.

1065 2075 1288 2109 Κατακομὶζουσι
1306 2076 1356 2110 μὲν
1377 2075 1430 2111 γὰρ
1448 2076 1585 2107 ἀσυνέτως
1607 2075 1680 2106 τινὲς
1706 2074 1753 2100 τὸν
1776 2082 1852 2108 μονο-

1064 2120 1129 2155 γενῆ
1143 2119 1188 2146 τοῦ
1218 2120 1284 2147 Θεοῦ
1305 2121 1391 2154 Λόγον
1407 2121 1457 2156 τῆς
1478 2121 1633 2156 ὐπερτάτης
1649 2119 1798 2154 ὑπεροχῆς,
1811 2119 1854 2145 καὶ

1065 2165 1260 2198 ὑποϐιὸάζουσι
1273 2166 1322 2200 τῆς
1339 2167 1460 2202 ἰσότητος
1471 2168 1521 2202 τῆς
1540 2167 1607 2202 πρὸς
1621 2167 1667 2192 τὸν
1684 2166 1797 2201 Πατέρα
1811 2165 1854 2191 καὶ

1064 2211 1140 2243 Θεὸν,
1161 2212 1210 2246 οὺχ
1224 2212 1365 2246 όμοούσιον
1383 2210 1452 2238 εἶναι
1469 2213 1594 2247 λέγοντες
1608 2212 1700 2243 αὑτὸν,
1723 2210 1787 2238 οὔτε
1802 2210 1852 2246 μὴν

1065 2258 1167 2292 φυσικῇ
1202 2258 1249 2284 καὶ
1287 2258 1490 2293 ἁπαραλλόικτῳ
1527 2259 1672 2292 ταυτότητι
1707 2257 1854 2292 στεφανοῦν

1065 2302 1213 2333 ἐθέλοντες.
1234 2303 1344 2338 Ἕτεροι
1363 2303 1392 2330 δὲ
1413 2305 1471 2336 τοῖς
1488 2303 1693 2339 ὼνομασμένοις
1708 2303 1759 2338 τὴν
1775 2303 1853 2337 αὐτὴν

1066 2347 1160 2383 ὥσπερ
1187 2348 1328 2383 ἐρχόμενοι
1349 2348 1452 2384 τρίϐον,
1477 2351 1523 2376 καὶ
1539 2351 1580 2381 εἰς
1604 2349 1704 2382 παγίδα
1730 2348 1852 2377 Θανάτου.

1067 2393 1113 2420 καὶ
1136 2394 1175 2424 εἰς
1194 2393 1329 2429 πέταυρον
1351 2393 1416 2428 ᾆδον
1438 2395 1701 2426 κατολισθαίνοντες,
1719 2393 1771 2428 τῆς
1791 2393 1854 2429 μετὰ

1067 2440 1168 2475 σαρκὸς
1182 2440 1338 2475 οἰκονομίας
1361 2441 1408 2467 τοῦ
1425 2441 1594 2475 Μονογενοῦς
1611 2440 1811 2476 παρευθύνουσι
1827 2440 1855 2465 τὸ

1069 2485 1229 2521 μυστήριον,
1245 2486 1293 2512 καὶ
1308 2486 1427 2522 ἀδελφὴν
1440 2486 1534 2522 ὥσπερ
1551 2488 1608 2519 τοῖς
1623 2486 1745 2522 πρώτοις
1766 2487 1854 2520 sum;

1067 2531 1174 2558 δεύουσι
1195 2532 1244 2568 τὴν
1263 2533 1402 2560 ἀπόνοιαν.
1426 2535 1458 2560 οε
1476 2535 1524 2570 μὲν
1541 2535 1606 2570 γὰρ,
1624 2534 1701 2561 οὔπω
1719 2543 1854 2570 σεσαριιω-

1069 2575 1150 2610 μένον
1173 2576 1220 2603 τὸν
1243 2578 1276 2604 ἐκ
1297 2577 1366 2604 Θεοῦ
1387 2578 1493 2614 Πατρὺς
1511 2579 1597 2613 φύντα
1613 2579 1710 2611 Λόγον,
1737 2579 1790 2611 τῶν
1811 2579 1854 2613 τῆς

1068 2620 1195 2656 θεότητος
1212 2622 1368 2658 ὑῲωμάτων
1391 2625 1531 2660 μονονουχὶ
1552 2625 1766 2660 κατασύροντες,
1782 2624 1809 2650 τό
1826 2633 1854 2657 γε

1067 2665 1134 2702 ἧκον
1149 2669 1192 2694 ἐπ’
1208 2669 1311 2701 αὐτοῖς,
1327 2669 1418 2696 ἁλοῖεν
1432 2670 1464 2697 ἄν
1475 2678 1482 2685 ·
1500 2671 1524 2697 οἱ
1537 2670 1577 2704 δὲ,
1596 2671 1644 2697 καὶ
1657 2671 1854 2706 σεσαρκωμένῳ

1068 2715 1197 2750 πολεμεῖν
1220 2715 1369 2750 ἐγνώκασι,
1393 2717 1533 2752 μονονουχὶ
1557 2717 1603 2742 καὶ
1618 2716 1810 2752 ,ἐπιτιμῶντες
1833 2717 1855 2741 οἱ

1068 2759 1177 2795 θρασεῖς
1199 2762 1232 2796 τῇ
1260 2761 1444 2797 φιλανθρώπῳ
1475 2762 1576 2797 χάριτι,
1603 2763 1653 2788 οὐκ
1678 2762 1749 2796 ὀρθὰ
1771 2761 1856 2796 βεϐου-

1067 2805 1178 2833 λεῦσθαι
1197 2807 1266 2842 τάχα
1287 2815 1337 2834 που
1362 2807 1566 2843 διατεινόμενοι,
1587 2808 1630 2835 διὰ
1648 2807 1678 2835 τὸ
1699 2807 1857 2843 ἀνασχέσθαι
