1927 3036
93 175 167 204 125⁵1

679 170 772 204 QUOD
793 170 888 199 UNUS
908 170 961 198 SIT
981 169 1165 198 CHRISTUS.

977 58 988 74 ἱ

1664 170 1732 197 1258

93 233 211 269 σαρκὸς,
232 232 279 258 καὶ
299 233 353 258 τῶν
371 230 420 266 τῆς
438 230 578 261 κενώσεως
603 229 722 265 μέτρων,
747 231 829 265 ἤγουν
851 230 890 256 ὅτι

954 230 1110 264 ll’lparllcrII.
1122 234 1221 257 etcum
1234 228 1390 256 hominibus
1399 231 1524 256 versatus
1535 227 1582 259 sit,
1593 234 1654 255 eum
1667 227 1733 255 alio—

93 279 207 313 γέγονεν
229 277 383 313 ἄνθρωπος,
402 277 449 304 καὶ
467 277 514 303 ἐπὶ
534 277 583 312 τῆς
598 277 649 311 γῆς
664 277 753 311 ὤφθη,
776 277 891 307 καὶτοῖς

92 324 252 360 ἀνθρώποις
269 322 488 357 συνανεστράφη,
505 321 593 348 καίτοι
609 321 674 353 Θεὸς
684 321 722 348 ὢν
738 321 828 355 φύσει,
846 321 892 347 καὶ

94 370 224 405 σύνεδρος
238 369 277 404 τῷ
294 368 391 403 Πατρί.

131 417 162 442 Β.
181 415 269 450 Ἐφης
292 414 341 449 μὲν
361 414 459 449 ὀρθῶς.

129 463 162 489 Λ.
174 455 425 495 ’Κατακεκράξεται
438 461 460 487 δ’
473 458 520 488 οὖν
533 461 584 496 τῆς
601 461 629 488 ὲν
645 461 748 496 ἀμφοῖν
771 460 891 495 ἀμαθίας

91 509 109 543 ἡ
132 508 311 540 θεόπνευστος
337 508 445 543 Γραφὴ,
471 508 661 543 πρεσϐεύουσα
686 506 821 542 τάληθὲς,
844 506 891 533 καὶ

93 554 141 580 τὸν
159 554 208 588 μὲν
230 553 285 588 γὰρ
316 553 431 584 ἐκείνοις
452 552 530 586 λόγον
554 552 659 588 ἀδρανῆ
684 553 731 579 καὶ
752 551 892 586 ἀσύφηλον

92 599 296 633 ἀποφαίνουσα,
309 599 443 632 ἐφιστᾶσα
457 598 485 625 δὲ
496 600 556 630 ταῖς
569 599 620 633 τῆς
635 598 761 634 θεότητος
775 597 890 633 τρίϐοις,

93 645 158 676 τοὺς
181 644 264 680 ίσχνῷ
288 653 317 670 τε
343 644 390 671 καὶ
420 644 531 679 ἀκριδεί
549 644 670 676 διανοίας
693 644 797 680 ὄμματι
824 651 891 670 κατ-

93 688 191 724 αθρεῖν
205 689 334 720 εἰωθότας
349 689 379 715 τὺ
392 689 435 715 ἐπ’
447 689 523 724 αὐτῷ
537 690 698 726 μυστήριον.

131 734 161 762 Β.
182 733 258 765 Τίνες
273 733 295 760 δ’
308 733 341 760 ἂν
355 732 421 766 εἷεν,
435 735 459 761 οἱ
474 735 524 769 τὴν
537 734 609 761 οὕτω
623 735 727 770 σεπτὴν
744 734 791 761 καὶ
804 734 890 770 ἀπόρ-

95 779 179 814 ρητον
192 779 239 805 τοῦ
255 779 381 815 Σωτῆρος
395 780 562 815 οἰκονομίαν,
585 780 701 812 ἀνοσίως
714 779 892 815 κεκιϐδηλευ-

95 823 174 855 κότες
191 823 293 859 (ἔοικας
316 823 371 859 γὰρ
395 823 425 850 οὺ
445 825 564 860 μετρίως
588 827 631 852 ἐπ’
651 825 728 861 αὐτῷ
750 825 782 861 δὴ
804 825 891 860 τούτῳ

95 870 263 905 δυσφορεῖν),
281 869 399 905 ἐθέλοιμ’
413 869 446 897 ἂν
458 870 639 899 διαπυθέσθαι
656 881 714 899 σου.

130 917 163 942 A.
182 916 369 952 Διατεκμαίρῃ
397 916 499 948 καλῶς.
527 917 621 952 Ζηλῶν
643 918 698 953 γὰρ
713 919 837 955 ἐζήλωσα
853 919 892 955 τῷ

94 962 202 997 Κυρίῳ,
220 963 268 988 καὶ
283 963 352 998 πρός
363 971 394 997 γε
411 963 486 990 τουτὶ
502 965 740 1000 κατατεοηγμένος
754 965 829 992 ἀλύω
845 966 892 992 καὶ

95 1008 210 1044 σφόδρα.
233 1007 269 1034 Τὸ
291 1008 319 1034 δὲ
344 1009 406 1034 ὅποι
429 1010 494 1035 ποτὲ
522 1011 756 1046 καταστρέψωσιν
781 1012 805 1038 οἱ
827 1012 892 1047 παρ’

94 1054 209 1081 ἐκείνων
229 1055 320 1088 λόγοι,
340 1055 413 1081 δέδια
438 1055 574 1091 καθορῶν.
592 1056 647 1091 Τὴν
670 1057 724 1092 γάρ
739 1066 781 1084 τοι
801 1067 891 1094 παρα-

94 1100 220 1127 δοθεῖσαν
235 1102 302 1136 ἡμῖν
325 1101 466 1128 νοθεύουσι
491 1103 594 1134 πίστιν,
609 1103 756 1138 δράκοντος
774 1104 892 1139 ἁρτιφα-

95 1146 160 1177 νοῦς
176 1145 313 1182 εὑρήμασι
332 1146 509 1182 κεχρημένοι,
526 1149 574 1174 καὶ
594 1148 655 1178 ταῖς
672 1147 726 1175 τῶν
745 1148 892 1175 ἁπλουστέ-

97 1200 153 1226 ρων
176 1191 276 1227 ψ’ἀχαῖς
300 1192 340 1219 ἰοῦ
358 1193 435 1228 δίκην
460 1194 620 1228 ἐγχέοντες,
644 1193 738 1230 ψυχρά
762 1203 822 1221 τινα
847 1195 893 1221 καὶ

95 1237 301 1273 διεστραμμένα
314 1240 360 1265 καὶ
375 1238 541 1274 ἁὸελτηρῑας
556 1239 667 1274 ἕμπλεω
677 1259 684 1266 .

134 1283 165 1310 Β.
188 1283 257 1311 Εἶτα
278 1285 318 1316 τίς
335 1286 348 1310 6
371 1285 524 1320 ἁρτιφανὴς
544 1286 602 1312 ἐστι
621 1285 739 1320 δράκων,
764 1286 844 1312 ὁποῖα
866 1286 894 1312 δὲ

96 1329 169 1358 ἄττα
185 1331 218 1357 τὰ
242 1332 308 1367 παρ’
329 1332 411 1358 αὑτοῦ
434 1332 649 1368 πεφλυαρημένα
675 1332 746 1359 κατὰ
765 1332 818 1359 τῶν
845 1334 894 1368 τῆς

96 1377 229 1412 ἀληθείας
244 1377 398 1413 δογμάτων,
417 1379 538 1414 ἐρομένῳ
553 1379 669 1415 φράσον.

135 1425 168 1451 Α.
194 1424 359 1460 Ἀρτιφανὴς
376 1425 425 1460 μὲν
437 1425 557 1460 δράκων,
573 1426 586 1451 6
603 1425 710 1457 σκολιὸς
729 1426 831 1458 οὑτοσὶ,
848 1426 895 1452 καὶ

99 1470 132 1506 ιῷ
148 1470 301 1505 μεθύουσαν
313 1471 382 1505 ἔχων
395 1470 444 1506 τὴν
458 1470 593 1505 γλῶτταν,
604 1472 618 1498 6
631 1473 663 1507 τῇ
680 1472 827 1509 παραδόσει
840 1473 895 1499 τῶν

97 1517 151 1552 τῆς
173 1517 336 1552 οἰκουμένης
356 1517 558 1551 μυσταγωγῶν,
579 1517 679 1553 μᾶλλον
702 1518 730 1544 δὲ
753 1519 800 1546 καὶ
820 1518 895 1556 πάσῃ

99 1564 133 1598 τῇ
149 1562 322 1598 θεοπνεύστῳ
337 1563 432 1599 Γραφῇ
448 1564 590 1599 μονονουχὶ
603 1564 710 1600 χαίρειν
721 1565 816 1597 εἰπὼν,
834 1574 896 1592 και-

98 1610 255 1645 νοτομήσας
267 1609 296 1636 δὲ
309 1609 339 1635 τὸ
355 1610 430 1645 αὐτῷ
445 1610 550 1643 δοκοῦν,
573 1610 619 1637 καὶ
632 1611 763 1637 Θεοτόκον
780 1611 829 1646 μὲν
845 1611 895 1638 οὐκ

99 1653 170 1681 εἶναι
193 1654 281 1689 λέγων
307 1655 357 1690 τὴν
377 1656 458 1690 ἁγίαν
485 1656 635 1692 Παρθένον,
659 1656 843 1692 Χριστοτόκον
867 1657 895 1683 δὲ

101 1701 204 1736 μᾶλλον
226 1703 273 1729 καὶ
287 1701 495 1738 ἀνθρωποτόκον
510 1711 518 1719 ο
542 1703 625 1738 ἕτερα
645 1703 674 1729 δὲ
699 1703 767 1739 πρὸς
789 1703 895 1735 τούτοις

99 1749 196 1784 ἁπηχῆ
222 1749 268 1775 καὶ
291 1749 468 1783 ἀπόπληκτα,
485 1750 540 1780 τοῖς
557 1749 648 1785 ὀρθοῖς
663 1750 710 1777 καὶ
734 1750 895 1786 εἰλικρινέσι

99 1795 151 1830 τῆς
168 1795 313 1830 καθολικῆς
332 1795 496 1830 Ἐκκλησίας
508 1796 697 1832 ὲπεισφρήσας
713 1796 840 1832 δόγμασι.

139 1878 170 1912 B.
188 1884 345 1921 Νεστόριον,
357 1883 444 1920 οἶμαι,
462 1886 525 1921 φής.
547 1886 662 1921 Συνίημι
677 1887 730 1922 γὰρ
752 1887 801 1923 ἤδη
819 1896 892 1920 πως,

101 1930 172 1957 ἀλλὰ
191 1931 219 1956 τί
235 1931 264 1957 τὸ
279 1932 383 1966 χρῆμα,
397 1928 420 1957 ὦ
433 1932 490 1962 τᾶν,
515 1931 569 1958 τῶν
592 1932 698 1958 ἐκείνου
726 1932 822 1967 λόγων,
845 1934 896 1960 οὐκ

101 1977 158 2013 ἔχω
172 1979 253 2004 νοεῖψ
266 1978 397 2004 Θεοτόκον
411 1978 440 2004 δὲ
455 1977 513 2010 πῶς
526 1978 576 2004 οὒκ
589 1976 660 2005 εἷναί
673 1987 739 2014 φησι
752 1979 801 2015 τὴν
814 1980 896 2014 ἁγίαν

102 2023 258 2060 Παρθένονς

139 2071 172 2096 Δ.
191 2070 227 2096 Οὐ
245 2070 300 2105 γάρ
315 2079 367 2104 τοι,
383 2070 461 2105 φησι,
483 2069 551 2097 Θεὸν
567 2070 722 2098 ὲκτέτοκεν.
736 2069 790 2098 Ἦν
813 2072 867 2108 γὰρ
881 2074 895 2100 ὀ

102 2116 190 2150 Λόγος
208 2117 254 2143 καὶ
279 2117 332 2152 πρὸ
357 2117 453 2152 αὐτῆς,
482 2117 583 2152 μᾶλλον
610 2116 638 2143 δὲ
655 2117 703 2143 καὶ
721 2117 775 2152 πρὸ
793 2118 896 2150 παντὸς

103 2162 201 2194 αἰῶνος
217 2163 264 2189 καὶ
282 2163 389 2199 χρόνου,
411 2163 545 2195 συναῖδιος
561 2162 598 2189 ὢν
611 2163 649 2198 τῷ
664 2163 724 2198 Θεῷ
736 2164 784 2190 καὶ
797 2165 895 2200 Πατρί.

103 2210 330 2245 Καταρνήσονται
343 2209 375 2244 δὴ
392 2207 438 2236 οὖν
454 2210 500 2236 καὶ
513 2209 593 2236 τοῦτο
607 2209 768 2244 ἀναφανδὸν,
785 2209 822 2241 ὡς
839 2210 896 2236 ἔστι

944 276 988 310 qtti
1003 275 1039 303 sit
1054 281 1149 302 natura
1163 274 1248 306 Deus,
1263 280 1289 301 et
1304 274 1390 302 I‘atris
1404 281 1537 302 assessor.

980 411 1008 437 Β.
1030 410 1113 438 Recte
1128 409 1237 445 quidem
1254 409 1330 438 dicis.

980 458 1011 483 A.
1033 455 1172 484 Occlamat
1187 463 1253 483 vero
1271 455 1412 482 amborum
1432 454 1573 490 imperitia:
1594 455 1735 491 Scriptura

944 501 1074 529 divinitus
1098 501 1250 536 inspirata,-
1278 501 1421 528 veritatem
1454 501 1533 528 nobis
1558 501 1734 534 edisserens,

944 553 1026 583 atque
1043 548 1149 575 illorum
1162 547 1271 582 quidem
1288 547 1407 575 rationes
1421 554 1504 575 vanas
1517 555 1548 575 ac
1559 547 1672 575 stolidas
1687 549 1735 575 de-

944 594 1051 621 clarans
1068 614 1075 626 ,
1087 594 1170 631 716
1183 601 1230 621 eos
1246 601 1310 620 vero
1328 594 1373 628 qui
1390 593 1482 621 subtili
1505 598 1587 628 atque
1604 602 1736 622 accurato

944 641 1043 668 tnetttis
1055 640 1134 668 oculo
1150 641 1309 676 mysterium
1325 639 1396 675 quod
1415 640 1441 667 in
1458 641 1509 668 hoc
1527 641 1593 668 latet
1608 646 1734 670 contem-

943 688 1010 723 pluri
1030 688 1128 720 solent,
1142 689 1176 716 ad
1195 689 1319 717 semitam
1337 688 1487 716 divinitatis
1503 688 1649 716 deducens.

979 734 1008 762 Β.
1029 734 1144 768 Quinam
1171 741 1236 762 vero
1262 734 1317 762 sint
1338 733 1356 760 ii
1382 734 1429 769 qui
1454 735 1521 762 adeo
1552 736 1735 763 venerandam

943 787 1024 817 atque
1045 780 1211 808 ineﬂ’abilem
1227 780 1383 808 Servatoris
1403 781 1488 808 nostri
1506 781 1735 816 dispensationem

943 827 1130 855 adulterarum
1147 827 1260 863 (videris
1274 827 1346 854 enim
1365 827 1430 854 mihi
1453 835 1505 854 non
1523 834 1619 862 parum
1638 828 1689 856 hac
1703 829 1736 856 de

943 882 1025 902 causa
1039 879 1192 902 commotus
1208 874 1290 909 esse),
1305 874 1385 901 velim
1398 881 1431 901 ex
1446 878 1472 901 te
1486 881 1663 909 cognoscere.

908 913 929 941 Β
982 922 1015 947 Δ.
1038 920 1122 948 Recte
1135 920 1253 955 judicas.
1269 920 1334 948 Zelo
1350 921 1422 948 enim
1445 921 1549 949 zelatus
1567 929 1627 949 sum
1645 922 1737 949 Domi-

944 975 1019 994 num.
1037 967 1119 1001 Angit
1136 974 1199 994 vero
1220 975 1261 994 me
1285 972 1313 994 et
1336 967 1444 1001 quidem
1468 967 1654 999 vehementer,
1675 976 1735 996 cttm

944 1020 1051 1040 mecum
1065 1020 1118 1040 non
1133 1013 1234 1047 absque
1255 1013 1350 1039 timore
1377 1012 1465 1047 cogito
1483 1020 1601 1047 quonam
1629 1013 1736 1041 illorum

944 1066 1084 1087 sermones
1100 1060 1156 1087 sint
1171 1059 1292 1087 evasuri.
1309 1058 1401 1087 Fidem
1417 1059 1489 1087 enim
1514 1060 1592 1089 nobis
1608 1060 1737 1088 traditam

944 1111 1133 1141 corrumpunt,
1148 1106 1275 1134 draconis
1289 1113 1383 1133 recens
1399 1106 1463 1134 editi
1484 1106 1601 1134 inventis
1619 1111 1737 1139 utentes,

945 1157 972 1179 ct
988 1153 1078 1179 inania
1093 1152 1216 1187 quzedam
1230 1160 1262 1180 ac
1274 1160 1354 1184 vana,
1366 1152 1565 1187 dementiteque
1582 1155 1661 1188 plena
1673 1154 1739 1188 dog-

947 1204 1019 1226 mata
1033 1199 1229 1234 simpliciorum
1249 1198 1347 1226 animis
1359 1197 1541 1226 infundentes.

982 1288 1012 1316 Β.
1034 1288 1164 1321 Quisnam
1187 1295 1269 1323 porro
1295 1289 1330 1316 sit
1353 1289 1436 1316 draco
1460 1289 1510 1316 iste
1528 1296 1623 1317 recens
1639 1290 1738 1322 editus,

946 1338 971 1360 ct
984 1334 1073 1369 qualia
1088 1335 1195 1362 tandem
1213 1335 1267 1362 sint
1282 1342 1312 1362 ea
1325 1342 1384 1369 qua:
1393 1336 1523 1364 adversus
1537 1336 1660 1364 veritatis
1674 1338 1740 1373 dog-

947 1387 1019 1408 mata
1035 1381 1195 1412 deblaterat,
1210 1381 1326 1416 explica,
1342 1382 1466 1410 obsecro.

979 1427 1011 1454 A.
1031 1427 1136 1455 Recens
1156 1427 1265 1462 qnidetn
1284 1428 1365 1455 draco
1385 1432 1426 1455 est
1449 1435 1566 1463 nequam
1588 1429 1633 1457 ille
1651 1435 1679 1458 et
1695 1438 1739 1457 ves

946 1481 1016 1501 neno
1029 1475 1202 1500 temulentam
1214 1474 1316 1502 habens
1329 1474 1457 1509 linguam,
1468 1475 1577 1510 quique,
1585 1481 1738 1511 contempta

948 1519 1092 1546 traditione
1114 1526 1209 1546 eorum
1233 1519 1278 1554 qui
1307 1519 1403 1547 orbem
1423 1525 1556 1548 terrarum
1577 1528 1656 1549 sacra
1680 1530 1739 1558 my-

947 1564 1030 1592 steria
1047 1565 1207 1597 docuerunt,
1233 1564 1289 1592 imo
1311 1564 1402 1598 potius
1425 1565 1551 1593 universa
1569 1573 1647 1594 saera
1665 1566 1740 1594 Scri—

946 1615 1026 1646 ptura
1040 1611 1130 1638 valere
1142 1612 1229 1645 iussa,
1250 1610 1386 1646 rebusque
1401 1611 1477 1638 novis
1495 1619 1544 1646 pro
1566 1619 1614 1639 sua
1629 1612 1739 1640 libidine

946 1655 1126 1687 introductis,
1146 1660 1268 1682 sanctam
1291 1654 1427 1690 Virginem
1451 1655 1593 1690 Deiparam
1609 1663 1671 1684 esse
1693 1665 1740 1684 ne-

947 1707 1002 1738 gat,
1021 1703 1067 1730 sed
1084 1702 1174 1737 potius
1188 1701 1329 1728 Christum
1351 1702 1409 1728 sive
1427 1702 1564 1729 hominem
1583 1703 1736 1736 peperisse,

946 1749 1053 1784 aliaque
1071 1748 1113 1776 Itis
1127 1747 1216 1775 aﬂiuia
1233 1755 1362 1782 perquam
1388 1748 1504 1774 absurda
1528 1753 1611 1783 atque
1631 1750 1739 1784 stupida

947 1796 1031 1824 rectis
1049 1803 1081 1823 ac
1094 1795 1170 1830 puris
1186 1794 1347 1822 universalis
1364 1793 1492 1821 Ecclesia:
1506 1793 1676 1830 dogmatibus
1691 1802 1738 1822 su-

947 1841 1125 1876 perinferens.

984 1887 1013 1914 Β.
1035 1886 1201 1919 Nestorium,
1220 1890 1250 1913 ut
1264 1885 1392 1916 arbitror,
1419 1884 1568 1919 signiﬁcas.
1589 1884 1649 1912 Jam
1667 1885 1737 1914 cnint

948 1934 1078 1968 intelligo.
1105 1932 1248 1967 Opinionis
1271 1939 1337 1958 vero
1358 1930 1417 1965 eius
1443 1931 1513 1957 ratio
1540 1931 1606 1958 mihi
1629 1932 1737 1966 Cognita

947 1989 1000 2009 non
1021 1986 1072 2008 est.
1091 1977 1214 2013 Quonam
1237 1982 1329 2006 autem
1354 1981 1434 2012 pacto
1451 1982 1572 2005 sanctam
1601 1977 1738 2013 Virginem

948 2027 1089 2062 Deiparam
1104 2033 1164 2054 esse
1180 2025 1280 2060 negat?

983 2073 1017 2099 A.
1038 2071 1130 2106 Neque
1143 2071 1224 2104 enim,
1239 2071 1335 2105 inquit,
1351 2071 1433 2098 Deum
1451 2078 1483 2097 ex
1496 2078 1526 2098 se
1540 2071 1654 2105 peperit.
1672 2070 1738 2098 Nam

949 2119 1068 2147 Verbum
1090 2123 1152 2146 ante
1175 2118 1260 2153 ipsam
1281 2122 1349 2151 erat,
1366 2123 1449 2152 atque
1475 2118 1540 2145 adeo
1562 2122 1625 2144 ante
1647 2118 1739 2144 omnia

948 2166 1045 2194 saecula
1058 2169 1085 2193 et
1099 2169 1230 2200 tempora,
1248 2169 1340 2199 utpote
1357 2169 1521 2192 coaeternum
1542 2163 1596 2191 Deo
1607 2171 1639 2191 ac
1653 2163 1736 2191 Patri.

948 2214 1112 2249 Ncgaverint
1127 2214 1218 2248 itaque
1235 2213 1317 2240 etiam
1332 2212 1384 2239 hoc
1406 2216 1509 2246 aperte,
1535 2212 1605 2246 quod
1626 2212 1739 2238 Etmna-

103 2256 171 2287 Θεὸς
190 2257 204 2282 6
222 2257 410 2292 Ἐμμανουὴλ,
433 2257 495 2292 είκῆ
517 2257 545 2283 δὲ
565 2257 603 2288 ὡς
626 2257 698 2283 ἔοικε
721 2257 892 2293 διερμηνεύει

954 2261 1012 2288 nuel
1029 2260 1065 2286 sit
1080 2259 1162 2288 Deus.
1183 2259 1274 2294 Inepte
1288 2259 1370 2293 igitur
1388 2258 1453 2286 illud
1473 2258 1668 2293 interpretatus
1681 2259 1738 2285 fue-

102 2301 233 2336 τοῦνομα,
257 2302 344 2337 λέγων
361 2304 376 2329 6
401 2303 613 2338 εὑαγγελιστής¹
631 2312 641 2328 ι
658 2303 692 2329 "0
715 2304 773 2330 ἐστι
797 2303 895 2339 μεθερ-

105 2348 302 2383 μηνευόμενον,
319 2348 386 2374 Μεθ’
400 2347 480 2383 ἡμῶν
492 2349 506 2374 6
522 2348 614 2380 Θεός.»
633 2347 711 2375 Οὕτω
728 2349 782 2384 γὰρ
795 2350 896 2385 χρῆναι

103 2393 341 2430 κατονομάζεσθαι
367 2394 552 2421 διεϐεϐαιοῦτο
579 2394 672 2430 σαφῶς
696 2395 741 2421 διὰ
766 2396 816 2429 τῆς
848 2395 896 2422 τοῦ

103 2441 248 2476 προφήτου
263 2440 357 2475 φωνῆς
369 2441 382 2467 6
396 2440 462 2472 Θεὸς
475 2440 522 2467 καὶ
534 2440 640 2476 Πατὴρ,
652 2441 697 2468 τὸν
708 2442 740 2467 ὲκ
754 2442 803 2477 τῆς
816 2442 896 2476 ἁγίας

101 2487 243 2523 Παρθένου
257 2487 328 2514 κατὰ
342 2487 432 2522 σάρκα
445 2489 653 2522 γεγεννημένον,
670 2488 707 2519 ὡς
723 2488 899 2525 ὲνανθρωπή-

102 2543 190 2561 σαντα
204 2533 283 2561 Θεόν.

138 2579 169 2606 Β.
187 2579 284 2605 Καίτοι
299 2578 372 2606 δοκεῖ
396 2579 445 2614 μὲν
460 2579 574 2611 ἐκείνοις
589 2579 638 2614 οὐχ
653 2575 704 2606 ὦδε
721 2578 798 2605 ταῦτ’
814 2579 895 2614 ἔχειν,

104 2626 164 2661 μεθ’
176 2625 256 2661 ἡμῶν
271 2624 299 2651 δὲ
314 2626 393 2659 φαῖεν
409 2625 535 2659 γενέσθαι
551 2625 625 2658 Θεὸν,
643 2626 703 2661 ἦτοι
719 2625 765 2652 τὸν
779 2626 811 2652 ἐκ
827 2625 896 2652 Θεοῦ

101 2672 199 2706 Λόγον,
217 2671 288 2698 χατὰ
312 2679 345 2705 γε
363 2671 427 2703 τοὺς
442 2671 492 2708 τῆς
515 2672 676 2708 ἐπικουρίας
699 2672 828 2708 τρόπους.
851 2672 899 2698 Σέ-

103 2719 177 2746 omne
196 2719 251 2755 γὰρ
268 2718 316 2754 τὴν
333 2719 379 2745 ὑπ’
393 2719 507 2754 οὐρανὸν
527 2719 571 2746 διὰ
594 2720 643 2746 τοῦ
666 2720 843 2755 γεννηθέντος
866 2720 899 2747 ὲκ

103 2765 246 2800 γυναικός.

138 2812 172 2838 Δ.
189 2812 226 2838 Οὐ
244 2812 298 2847 γὰρ
313 2809 356 2848 ἦν,
382 2813 443 2840 εἰπέ
463 2822 518 2848 μοι,
542 2814 589 2840 καὶ
615 2813 685 2848 μετὰ
704 2814 827 2845 Μωσέως
846 2814 895 2849 τῆς

138 2900 160 2917 ⁸¹
173 2900 268 2929 Matth.
285 2909 305 2934 I,
320 2901 366 2928 2'5.

264 2948 399 2980 PATROL.
422 2950 480 2979 Gn.
505 2950 615 2981 LXXV.

951 2307 986 2334 rit
1004 2307 1168 2340 evangelista
1181 2325 1190 2338 ,
1208 2305 1301 2333 dicens
1316 2312 1324 2331 :
1342 2314 1351 2330 ι
1367 2305 1443 2338 Quod
1467 2304 1675 2338 interpretatur,
1691 2304 1740 2331 Νυ-

951 2352 1054 2379 biscum
1071 2351 1141 2379 Deus
1153 2351 1186 2379 “.
1203 2361 1212 2377 ι
1230 2351 1268 2378 Ita
1286 2351 1358 2379 enittt
1373 2350 1516 2379 manifeste
1531 2351 1600 2379 Deus
1614 2359 1645 2378 ac
1661 2350 1741 2378 Pater

951 2405 999 2432 per
1017 2405 1109 2426 vocem
1125 2398 1317 2433 prophetarum
1341 2398 1486 2425 alIirmavit
1502 2402 1628 2432 oportere
1649 2398 1740 2424 vocari

951 2449 1013 2470 eum
1029 2443 1074 2477 qui
1092 2450 1124 2470 ex
1139 2448 1233 2470 sancta
1245 2442 1357 2478 Virgine
1370 2442 1520 2471 secundum
1534 2450 1646 2471 carnem
1662 2447 1742 2471 natus

953 2493 1034 2521 esset,
1050 2494 1078 2516 ut
1093 2489 1178 2516 Deum
1192 2489 1373 2516 incarnatutn.

988 2580 1018 2607 Β.
1039 2579 1118 2613 Atqui
1132 2579 1183 2606 illis
1199 2586 1243 2606 res
1261 2587 1313 2606 non
1330 2580 1366 2607 ita
1383 2587 1413 2608 se
1431 2580 1532 2608 habere
1546 2581 1673 2608 videtur:
1690 2587 1740 2608 no-

950 2627 1053 2654 hiscum
1079 2633 1142 2653 vero
1169 2626 1268 2652 factum
1293 2633 1353 2654 esse
1382 2627 1465 2654 Deum
1492 2628 1661 2655 contendunt
1683 2627 1741 2654 sivo

954 2672 1069 2700 Verbum
1089 2679 1121 2699 ex
1138 2671 1202 2705 Deo,
1225 2670 1330 2698 ratione
1341 2672 1448 2699 auxilii.
1468 2671 1589 2701 Salvavit
1603 2674 1675 2701 cnitn
1695 2681 1741 2699 or-

950 2719 1010 2747 bem
1032 2724 1167 2747 terrarum
1184 2726 1231 2753 per
1248 2725 1310 2745 eum
1331 2718 1377 2752 qui
1400 2726 1434 2757 ex
1451 2719 1564 2746 muliere
1592 2724 1673 2747 natus
1688 2725 1740 2747 est.

985 2813 1018 2840 Α.
1039 2812 1127 2845 Anne,
1152 2811 1276 2844 obsecro,
1301 2813 1328 2837 et
1345 2817 1406 2838 cum
1430 2808 1521 2844 Moyse
1542 2813 1619 2841 erat,
1636 2816 1650 2837 e
1668 2813 1740 2836 terra

1545 2948 1583 2979 40
