1927 3036
195 133 260 160 1239

687 137 714 164 S.
735 137 872 166 CYRIILI
894 138 1129 167 ALEXANDRINI
1149 140 1309 169 ARCIIIEP.

1760 145 1771 172 1
1778 145 1832 172 Ξϐο

192 191 381 227 A'lgyptiorum
407 195 488 230 717
506 199 531 222 et
549 194 679 222 servitute
694 203 745 230 qua
760 197 858 224 Ibidem
876 205 968 232 preme

1035 197 1194 232 Λξγυπτιων
1218 199 1309 234 χώρας
1327 200 1372 226 καὶ
1387 200 1436 234 τῆς
1451 200 1544 226 αὐτόθι
1567 200 1726 234 πλεονεξίας
1735 201 1830 227 ,ἀπαλ-

192 240 289 266 bantur
306 240 439 269 lsraelitas
461 242 578 269 liberans
594 243 619 268 in
638 250 717 269 manu
740 242 801 270 forti
825 249 852 270 et
867 245 979 271 brachio

191 286 320 319 t‘Xt‘ClSO,
356 287 425 315 sicut
451 289 580 321 scriptum
607 293 648 314 est
662 288 785 316 “‘Panne
811 297 874 317 vero
896 290 978 317 etiam

191 333 319 366 deinceps
327 332 417 360 Jesum
432 333 574 365 manifeste
587 333 720 361 dicentem
734 335 914 369 reperiemus:
930 345 938 361 ι
948 337 979 363 Et

189 379 260 404 sicut
271 385 345 405 eram
360 385 420 405 eutn
436 377 536 413 Moyse,
549 378 585 406 ita
597 387 644 407 ero
662 380 743 407 etiam
760 381 974 408 vobiscutttw?»

225 433 255 460 Β.
278 432 405 460 Omnino.

180 498 182 503 ,
224 480 257 507 Α.
278 478 362 511 Quam
379 478 460 512 igitur
473 479 507 506 ob
523 486 632 507 causam
649 487 728 508 nemo
744 481 851 515 quidem
870 482 976 511 illorum

189 523 347 550 Emmanuel
363 528 475 552 vocatus
489 529 540 556 est,
555 525 601 552 sed
617 525 653 552 illi
667 526 716 553 soli
735 527 784 554 hoc
799 534 895 554 nomen
912 535 977 555 con-

189 569 259 595 venit
276 569 321 602 qui
339 569 495 596 novissimis
517 570 606 597 seaculi
623 571 792 605 temporibus
815 579 847 599 ex
865 572 978 600 muliere

188 615 335 641 secundum
349 621 458 642 carnem
476 620 556 643 natus
569 616 629 643 est?

224 660 255 686 Β.
277 660 399 694 Quonam
418 662 497 688 modo
511 662 601 697 itaque
618 663 788 690 censebimus
803 663 904 691 factum
916 671 976 692 esse

190 705 272 732 Deum
292 712 324 732 ex
347 705 481 732 muliere?
494 706 534 733 An
547 711 675 741 tanquam
693 708 852 735 substantia:
871 715 931 742 qua:
946 709 975 736 in

187 752 244 786 ipsa
264 755 290 778 et
305 758 336 777 ex
357 751 412 785 ipsa
426 755 467 777 est
479 751 614 786 particeps
632 751 731 779 factum
745 752 826 779 fuerit
841 751 976 780 Verbum?

220 799 253 825 A.
272 797 350 825 Absit
367 802 396 824 ut
411 797 479 824 adeo
499 804 594 824 vanam
610 803 692 832 atque
706 798 849 826 absurdam
871 799 975 834 opinio-

187 850 247 870 nem
273 842 365 870 animo
392 842 588 876 concipiamus.
617 842 766 870 Erroneum
788 843 860 871 enim
881 843 974 877 fuerit,

1031 244 1134 271 λάττων
1149 245 1194 271 τὸν
1211 245 1328 280 Ἰσραὴλ,
1350 246 1378 272 ἐν
1398 247 1469 281 χειρὶ
1491 248 1608 282 κραταιᾷ
1628 247 1675 273 καὶ
1701 247 1731 273 ἐν
1758 247 1829 282 βρα-

1029 290 1098 324 χίονι
1122 289 1230 325 ὑψηλῷ,
1258 291 1329 317 καθὰ
1348 291 1526 326 γέγραπται;
1552 292 1613 326 οὐχὶ
1634 291 1663 318 δὲ
1686 293 1735 318 καὶ
1757 291 1831 326 μετὰ

1029 334 1122 367 ταῦτα,
1147 336 1250 370 Ἰησοῦν
1267 336 1380 370 λέγοντα
1396 336 1490 371 σαφῶς
1504 337 1667 372 εὑρήσομεν,
1689 347 1698 363 ι
1717 336 1775 363 Καὶ
1788 337 1829 370 ὡς

1029 380 1103 416 ἥμην
1122 381 1192 416 μετὰ
1207 382 1303 417 Mani},
1320 382 1406 414 οὕτως
1420 382 1518 418 ἔσομαι
1532 383 1578 409 κιὶ
1595 383 1665 417 μετὰ
1681 382 1747 415 σοῦς
1762 391 1770 407 ι

1064 426 1238 462 Β.Ἀληοέᾳ

1062 472 1094 498 Α.
1112 472 1185 507 ’Λρα
1205 472 1236 508 δὴ
1261 470 1315 504 οὖν,
1336 473 1423 505 οὐδεὶς
1444 473 1493 508 μὲν
1516 473 1626 500 ἐκείνων
1649 472 1828 508 Ἐμμανουὴλ

1027 517 1195 553 ὠνόμασται,
1208 519 1312 554 ἥρμοσε
1325 519 1353 545 δὲ
1368 519 1440 554 μόνῳ
1454 519 1583 555 τοῦνομα,
1597 519 1636 554 τῷ
1650 519 1722 545 κατὰ
1735 519 1827 554 σάρκα

1027 564 1060 590 ὲκ
1078 565 1207 598 γυναικὸς
1225 566 1254 592 ἐν
1272 566 1395 601 ἐσχάτοις
1412 566 1459 592 τοῦ
1481 567 1578 597 αἰῶνος
1605 567 1713 602 καιροῖς
1734 573 1826 601 παρα-

1031 610 1114 644 δόξως
1134 612 1326 647 γεγεννημένῳ
1338 621 1344 644 ;

1064 656 1093 684 Β.
1111 657 1269 693 Οἰησόμεοα
1280 658 1312 694 δὴ
1320 657 1367 685 οὖν
1379 659 1440 686 τινα
1453 659 1554 694 τρόπον
1565 657 1748 694 γεγεννῆσθαι
1757 657 1827 684 Θεὸν

1027 704 1059 729 ὲκ
1078 704 1217 737 γυναικὸς,
1234 701 1278 739 ἆρ’
1292 704 1330 736 ὡς
1349 705 1397 740 τῆς
1414 704 1557 740 ὑπάρξεως
1582 705 1630 739 τῆς
1654 705 1684 731 ὲν
1701 704 1771 738 αὐτῇ
1796 711 1826 729 τε

1027 749 1073 774 καὶ
1089 749 1118 782 ἐξ
1134 749 1220 784 αὐτῆς
1237 750 1435 785 μετεσχηκότος
1449 750 1496 776 τοῦ
1513 751 1616 784 Λόγου;

1061 794 1093 819 Λ.
1112 794 1220 828 Ι’Λποιγε
1236 794 1284 829 τῆς
1305 794 1375 821 οὕτω
1386 795 1492 830 ψυχρᾶς
1505 795 1714 826 εἰκαιοὸουλίις.
1731 794 1827 828 Παρα-

1026 838 1153 870 πιίοντος
1170 839 1224 874 γὰρ
1241 840 1265 866 οἱ
1285 840 1377 874 λόγοι,
1402 841 1449 867 καὶ
1465 841 1512 868 νοῦ
1529 841 1779 876 κατηρῥωσηκότος
1795 839 1825 865 τὶ)

186 889 340 922 mentisque
352 888 431 922 plane
449 894 464 914 a
476 894 542 915 vero
553 895 668 920 aversae,
684 888 840 915 existitttare
854 888 969 916 ineffabi-

1027 884 1068 918 ἐφ’
1088 884 1105 910 δι
1125 885 1161 920 μὴ
1188 885 1326 920 προσῆκεν
1348 885 1580 921 ἐκτετραμμένον,
1602 887 1632 912 τὸ
1650 885 1755 921 σαρκὸς
1770 885 1824 911 οἴε-

186 936 238 961 lem
256 933 392 969 Unigeniti
406 934 552 961 essentiam
565 934 655 961 carnis
686 934 803 961 fructum
819 935 877 962 sive
893 935 975 962 fetum

185 988 255 1008 esse.
270 980 405 1007 Caeterum
427 985 496 1012 eral,
516 985 545 1006 ιιι
570 980 652 1012 Deus,
666 985 816 1007 con-tertius
839 981 911 1007 Patri
929 982 974 1016 qui

185 1027 272 1061 ipsum
288 1026 389 1061 genuit,
410 1029 436 1052 et
450 1033 481 1052 ex
503 1026 560 1059 ipso
573 1025 721 1052 secundum
741 1031 865 1053 naturam
879 1027 973 1054 inell'a-

184 1073 231 1101 bili
261 1074 340 1100 modo
365 1072 472 1107 genitus
497 1076 549 1098 est.
580 1070 736 1099 Volentibtts
765 1078 853 1099 autem
882 1078 974 1108 aperte

184 1126 349 1154 cognoscere
380 1117 513 1152 quomodo
529 1122 554 1144 et
569 1124 620 1150 qua
640 1117 745 1144 ratione
763 1117 788 1144 in
804 1124 894 1145 nostra
911 1126 972 1153 spe-

183 1166 224 1193 cie
237 1165 393 1200 apparuerit
409 1169 435 1191 et
463 1163 550 1190 factus
570 1163 606 1190 sit
621 1165 712 1197 homo,
734 1164 841 1192 divinus
859 1172 974 1200 erange~

183 1212 245 1238 lisla
270 1210 388 1238 Joannes
410 1209 541 1242 declarat,
559 1209 652 1236 dicens
668 1218 674 1236 :
695 1218 702 1234 t
720 1210 752 1236 Et
769 1209 885 1238 Verbum
909 1219 972 1239 caro

181 1258 283 1285 factum
305 1261 355 1288 est,
378 1261 404 1283 et
420 1255 552 1282 habitavit
573 1256 599 1282 itt
623 1255 709 1288 nobis,
732 1260 759 1283 et
781 1257 897 1284 vidimus
916 1257 972 1292 glo-

182 1304 249 1331 riam
275 1303 351 1337 ejus,
377 1302 489 1338 gloriam
517 1306 646 1335 tanquam
672 1301 807 1336 Unigeuiti
831 1310 845 1329 a
873 1302 970 1335 Patre,

181 1351 288 1385 plenum
303 1349 397 1384 gratia:
410 1352 437 1375 et
452 1347 571 1374 veritatis
584 1347 616 1374 ⁸³.
633 1356 642 1372 ι

216 1395 247 1422 Β.
269 1395 305 1422 At
319 1395 339 1422 si
357 1394 484 1426 Verbum,
504 1393 639 1428 inquiunt,
658 1393 757 1420 factum
775 1399 816 1422 est
828 1402 901 1427 caro,
914 1395 969 1430 jam

181 1449 234 1468 non
253 1440 368 1475 antplius
384 1439 483 1466 mansit
500 1437 629 1472 Verbum,
648 1439 693 1466 sed
707 1439 797 1474 potius
818 1440 897 1468 desiit
910 1449 971 1469 esse

181 1487 206 1514 id
222 1487 292 1521 quod
305 1490 375 1513 erat.

215 1535 248 1560 A.
267 1532 348 1567 Atqui
367 1532 418 1559 hoc
438 1538 540 1558 merttm
563 1530 687 1558 delirium
712 1536 739 1558 et
758 1531 892 1560 dementia
916 1538 967 1566 est,
983 1550 1004 1578 ο

180 1579 302 1614 nihilque
316 1577 389 1605 aliud
403 1585 483 1612 quam
505 1578 603 1604 mentis
618 1582 713 1604 οηιοιω
728 1578 883 1605 ludibrium.
899 1579 969 1606 Cen-

180 1630 238 1654 sent
254 1625 338 1657 enim,
354 1628 383 1650 ut
398 1623 513 1655 videtur,
526 1630 574 1657 per
589 1623 640 1650 hoc
658 1622 776 1650 «factum
795 1630 861 1656 est,»
873 1632 968 1652 neces-

178 1672 251 1699 saria
272 1670 387 1705 quadam
409 1669 516 1696 ratione
533 1669 707 1696 mutationem
726 1669 969 1705 alterationemque

178 1717 338 1752 signiﬁcari.

216 1765 244 1791 Β.
267 1763 305 1791 Ita
322 1763 374 1791 sibi
393 1762 556 1797 persuadent
572 1766 599 1788 et
618 1761 772 1796 opinionem
790 1769 866 1789 suam
881 1770 967 1790 sacrae

178 1811 328 1846 Scriptura:
344 1809 506 1837 auctoritate
523 1808 674 1836 stabiliuttt.
697 1808 806 1835 Dictum
817 1809 888 1836 enim
913 1815 966 1842 est,

178 1858 314 1893 inquiunt,
342 1856 405 1883 alibi
426 1855 459 1882 de
483 1862 567 1882 uxore
587 1854 648 1887 Lot,
673 1855 743 1888 qttod
762 1855 831 1882 facta
859 1856 894 1882 sit
918 1863 965 1884 e0-

177 1905 267 1932 lutnna
283 1903 348 1931 salis
359 1902 399 1935 “;
413 1901 481 1929 etde
495 1902 570 1936 virga
582 1900 678 1935 Moysi,
696 1901 766 1935 quod
781 1901 892 1936 prujecil
904 1910 965 1930 eam

176 1953 203 1978 in
219 1956 330 1982 terram,
345 1954 372 1976 et
387 1948 458 1976 facta
472 1952 514 1975 est
528 1953 640 1981 serpens
651 1946 684 1974 ⁵⁸.
699 1947 836 1975 Naturalis
848 1949 919 1975 enim
937 1949 964 1976 in

176 1998 250 2025 hisce
266 1995 378 2023 mutatio
395 1994 464 2021 facta
480 1998 531 2021 est.

212 2046 245 2071 Α.
266 2043 337 2078 Ergo
364 2049 424 2069 cum
451 2040 568 2076 psallunt
586 2039 695 2074 quidam
714 2049 720 2066 :
738 2049 747 2066 ι
762 2040 794 2067 lit
814 2040 898 2068 factus
923 2047 964 2069 est

175 2090 242 2118 mihi
263 2089 392 2117 Dominus
416 2087 443 2114 in
468 2087 602 2121 refugium
612 2085 658 2118 “;
675 2096 684 2112 ›
702 2090 728 2113 et
747 2094 861 2113 rursus:
888 2095 897 2112 t
912 2088 962 2114 Do-

175 2137 260 2169 mine,
279 2135 412 2170 refugium
433 2133 523 2170 factus
545 2140 574 2160 es
601 2132 679 2159 nobis
701 2132 728 2159 in
745 2133 917 2167 generatione
936 2137 964 2160 et

174 2181 350 2217 generatione
359 2180 393 2212 ⁸⁷,
412 2188 422 2205 ι
437 2178 501 2213 quid
518 2177 739 2212 respondebunt?
751 2185 821 2205 anne
832 2177 903 2205 Deus
916 2179 961 2213 qui

1028 930 1089 957 σοαι
1112 930 1239 965 γενέσθαι
1265 932 1391 967 καρπὸν,
1416 932 1465 967 τὴν
1486 932 1606 968 ἄρρητον
1631 931 1753 966 ὕπαρξιν
1776 931 1824 958 τοῦ

1026 977 1206 1011 Μονογενοῦς.
1224 978 1294 1004 Ἀλλ’
1313 975 1356 1013 ἦν,
1376 978 1415 1009 ὡς
1429 977 1506 1011 Θεὸς,
1524 978 1656 1010 συναῖδιος
1669 978 1709 1012 τῷ
1724 979 1824 1013 γεννή-

1027 1031 1104 1049 σαντι
1120 1024 1216 1060 Ιῐατρὶ,
1230 1024 1278 1051 καὶ
1301 1024 1331 1056 ἐξ
1346 1024 1428 1050 αὐτοῦ
1449 1024 1520 1051 κατὰ
1546 1024 1626 1060 φύσιν
1654 1025 1824 1060 ἀπορρήτως

1025 1070 1236 1105 γεγεννημένος.
1250 1070 1386 1098 Ἐθέλυυσί
1399 1079 1431 1105 γε
1450 1071 1502 1106 μὴν
1513 1071 1611 1098 εἰδέναι
1622 1070 1727 1105 σαφῶς,
1748 1071 1822 1102 ὅπως

1024 1123 1052 1140 τε
1069 1115 1116 1141 καὶ
1135 1115 1194 1142 τινα
1214 1115 1313 1151 τρόπον
1329 1117 1357 1143 ὲν
1375 1117 1441 1143 εῖδει
1465 1116 1568 1150 πέφηνε
1587 1116 1627 1150 τῷ
1643 1116 1705 1142 καθ’
1728 1116 1820 1151 ἡμᾶς,

1025 1161 1072 1187 καὶ
1090 1161 1200 1196 γέγονεν
1218 1162 1376 1196 ἄνθρωπος,
1400 1163 1526 1197 σαφηνιεῖ
1542 1162 1628 1196 λέγων
1643 1163 1657 1188 ὁ
1674 1162 1821 1193 Θεσπέσιος

1024 1207 1219 1244 εὐαγγελιστὴς
1236 1209 1373 1244 Ἰωάννης·
1391 1218 1400 1234 t
1414 1210 1470 1235 Καὶ
1482 1210 1496 1235 ὁ
1511 1209 1596 1243 Λόγος
1612 1209 1682 1245 σὰρξ
1700 1209 1821 1244 ἐγένετο,

1024 1255 1070 1280 καὶ
1090 1254 1244 1290 ἐσκήνωσεν
1262 1255 1290 1281 ὲν
1309 1256 1384 1290 ἡμῖν,
1406 1255 1453 1282 καὶ
1474 1254 1648 1290 ἐθεασάμεθα
1667 1255 1719 1291 τὴν
1741 1255 1821 1288 δόξαν

1024 1299 1115 1332 αὑτοῦ,
1131 1300 1208 1333 δόξαν
1224 1301 1261 1332 ὡς
1276 1301 1445 1335 Μονογενοῦς
1467 1301 1543 1337 παρὰ
1563 1302 1684 1337 Πατρὸς,
1712 1301 1820 1337 πλήρης

1003 1359 1006 1361 λ
1023 1346 1134 1382 χάριτος
1154 1348 1201 1374 καὶ
1219 1348 1359 1382 ἀληθείας,
1377 1358 1385 1374 ι

1057 1393 1087 1419 Β.
1112 1393 1182 1419 Ἀλλ’
1195 1395 1219 1420 εἰ
1238 1394 1344 1428 γέγονε,
1365 1395 1446 1428 φασὶ,
1467 1394 1552 1430 σὰρξ,
1569 1396 1582 1421 ὁ
1598 1396 1696 1429 Λόγος,
1711 1382 1762 1422 οὐχ
1779 1394 1818 1421 ἔτι

1024 1439 1162 1474 μεμένηκε
1179 1439 1275 1473 Λόγος,
1291 1440 1496 1475 ἁποπεφοίτηκε
1515 1440 1543 1467 δὲ
1562 1440 1662 1475 μᾶλλον
1677 1441 1725 1467 τοῦ
1749 1439 1819 1468 εἶναι

1021 1494 1034 1511 ο
1050 1495 1094 1521 ην.

1057 1532 1088 1557 Α.
1109 1532 1163 1558 Καὶ
1182 1532 1235 1567 μὴν
1261 1531 1339 1558 τοῦτό
1367 1532 1399 1567 γέ
1426 1533 1485 1559 ἐστι
1506 1532 1634 1568 τερθρεία
1659 1535 1706 1559 καὶ
1722 1532 1816 1568 λῆρος,

1024 1577 1071 1604 καὶ⁸
1099 1577 1276 1613 ἐξεστηκότος
1296 1578 1436 1614 εὑρέματα
1458 1578 1515 1610 νοῦ,
1539 1579 1586 1605 καὶ
1609 1578 1704 1614 ἕτερον
1726 1579 1818 1606 οὐδέν.

1024 1625 1132 1651 Οῗονται
1147 1624 1212 1660 γὰρ,
1227 1625 1264 1657 ὼς
1284 1625 1382 1656 ἔοικεν,
1396 1626 1433 1657 ὡς
1442 1625 1600 1659 ὲξάφύκτου
1619 1633 1649 1651 τε
1665 1625 1712 1652 καὶ
1731 1625 1818 1660 dwarf.

1023 1671 1100 1698 καῖον
1116 1671 1206 1705 λόγου,
1227 1671 1331 1707 τροπῆς
1351 1680 1381 1698 τε
1402 1672 1450 1698 καὶ
1464 1671 1633 1703 ἀλλοιώσεως
1647 1670 1818 1706 σημαντικὸν

1022 1715 1091 1744 εἶναι
1107 1717 1146 1749 τὸ,
1165 1727 1173 1743 t
1195 1718 1312 1752 ἐγένετο.
1333 1728 1342 1744 ι

1057 1762 1078 1788 Β
1105 1763 1168 1796 Ναὶ,
1184 1763 1261 1797 φασὶ,
1276 1764 1323 1790 καὶ
1338 1764 1370 1799 δὴ
1388 1764 1434 1791 τὸν
1449 1765 1548 1791 οἰκεῖον
1563 1764 1712 1800 ἐμπεδοῦσι
1724 1765 1813 1800 λόγον,

1021 1808 1050 1842 ὲξ
1066 1808 1150 1843 αὐτῆς
1167 1809 1273 1841 ἑλόντες
1288 1809 1337 1845 τῆς
1361 1809 1539 1836 θεοπνεύστου
1561 1811 1683 1845 rga-eis.
1700 1811 1814 1846 Εἴρηται

1021 1854 1075 1889 γάρ
1091 1863 1156 1887 που,
1173 1856 1264 1890 φασὶν,
1279 1857 1325 1883 ἐπὶ
1341 1856 1391 1891 μὲν
1407 1856 1456 1891 τῆς
1473 1856 1519 1883 τοῦ
1534 1856 1595 1883 Λὼτ
1613 1858 1756 1891 γυναικὸς,
1774 1859 1813 1884 ὅτι

1020 1901 1127 1935 ἐγένετο
1148 1903 1231 1938 στήλη
1250 1902 1322 1935 ἁλός.
1343 1903 1399 1930 Καὶ
1419 1903 1472 1939 μὴν
1493 1904 1541 1930 καὶ
1560 1904 1606 1930 ἐπὶ
1622 1904 1672 1939 τῆς
1689 1905 1812 1936 Μωσέως

1020 1947 1129 1982 ῥάϐδου,
1142 1949 1183 1974 ὃτι
1198 1949 1310 1984 ἔρριψεν
1329 1949 1415 1985 αὐτὴν
1429 1950 1475 1976 ἐπὶ
1488 1950 1537 1985 τὴν
1553 1950 1614 1985 γῆν,
1632 1950 1679 1977 καὶ
1701 1951 1811 1985 ἐγένετο

976 2028 979 2030 ῠ
1018 1992 1089 2026 ὄφις.
1104 1993 1207 2028 Φυσικὴ
1223 1993 1275 2029 γὰρ
1290 1995 1318 2020 ὲν
1334 1995 1439 2026 τούτοις
1456 1994 1567 2029 γέγονεν
1584 1996 1600 2030 ἡ
1618 1996 1719 2032 τροπή.

1054 2039 1086 2065 Δ.
1103 2039 1216 2071 Οὐκοῦν,
1238 2040 1282 2067 ὅτε
1297 2040 1427 2075 ψάλλουσι
1440 2050 1523 2074 τινες,
1542 2051 1552 2067 ι
1567 2043 1623 2069 Καὶ
1637 2042 1750 2076 ἐγένετό
1764 2052 1808 2079 μοι

1017 2084 1119 2120 Κύριος
1138 2087 1177 2118 εἰς
1195 2087 1364 2122 καταφυγήν·
1381 2097 1391 2114 ›
1414 2088 1461 2114 καὶ
1475 2088 1566 2121 πάλιν,
1584 2098 1593 2115 t
1607 2089 1705 2124 Κύριε,
1721 2098 1807 2117 κατα-

1017 2131 1090 2166 φυγὴ
1116 2131 1249 2168 ἐγενήοης
1271 2133 1348 2168 ἡμῖν,
1373 2133 1401 2159 ὲν
1416 2134 1498 2169 γενεᾷ
1521 2134 1568 2160 καὶ
1587 2135 1700 2169 γενεᾷ,ι
1723 2135 1751 2161 τί
1776 2136 1808 2171 δὴ

1017 2179 1095 2212 φαῖεν
1108 2178 1140 2205 ἂν
1150 2187 1157 2212 ;
1168 2176 1222 2213 ἆρα
1237 2178 1267 2205 τὸ
1283 2177 1352 2205 εἶναι
1363 2179 1428 2211 Θεὸς
1443 2180 1523 2214 ἀφεὶς
1537 2181 1551 2206 ὁ
1562 2180 1747 2215 ὑμνούμενος,
1759 2190 1807 2216 με-

175 2229 219 2255 hic
235 2227 407 2258 decantatur,
425 2225 552 2252 desinens
575 2230 636 2251 esse
646 2223 727 2255 Deus,
745 2228 863 2251 mutatus
879 2229 920 2252 est
937 2225 962 2251 in

1026 2222 1208 2258 ῑακεχώρηκεν
1232 2224 1264 2250 ἐκ
1285 2224 1436 2260 μεταϐολῆς
1457 2225 1496 2256 εἰς
1512 2225 1542 2251 τὸ
1560 2223 1629 2251 εἶναι
1648 2226 1806 2261 καταφυγὴ,

173 2273 328 2308 refugium,
355 2276 383 2298 et
411 2269 560 2296 translatus
582 2274 625 2296 est
647 2269 806 2297 naturaliter
838 2270 864 2297 itt
891 2270 963 2297 aliud

174 2318 247 2354 quod
262 2318 339 2344 initio
351 2324 404 2343 non
416 2315 496 2342 erat?
512 2315 546 2341 At
559 2322 623 2342 vero
633 2315 766 2350 quomodo
781 2323 833 2343 non
848 2316 873 2343 id
884 2317 963 2350 plane

173 2365 291 2392 alienum
306 2364 341 2389 sit
361 2369 374 2388 a
387 2361 470 2396 718
481 2360 538 2388 Deo
552 2361 716 2389 naturaliter
727 2361 893 2388 exsislente?
908 2361 962 2389 lm-

175 2408 314 2438 tnutabilis
329 2407 401 2434 enim
422 2407 569 2434 secundum
590 2410 713 2433 naturam
729 2414 790 2433 cum
809 2406 853 2438 sit,
873 2412 964 2434 manet

173 2456 296 2491 profecto
311 2453 336 2481 id
351 2453 422 2487 quod
437 2457 507 2485 erat,
528 2457 556 2480 et
569 2457 610 2481 est
625 2460 743 2488 semper,
760 2453 866 2480 tametsi
885 2453 960 2480 dica-

173 2509 219 2530 tur
231 2501 319 2528 factus
331 2507 390 2528 esse
407 2499 552 2534 refugium.

152 2546 157 2601 ξ
206 2548 237 2575 Β.
259 2546 365 2582 Optime
380 2550 454 2573 certe
467 2545 672 2580 reetissimeque
686 2545 789 2573 dixistt.

205 2597 237 2622 A.
261 2594 326 2622 Cum
344 2594 435 2628 itaque
455 2593 502 2620 Dei
517 2593 619 2620 mentio
637 2592 676 2624 ﬁt,
689 2591 712 2619 si
727 2591 762 2618 ab
780 2590 871 2625 aliquo
883 2591 957 2618 diea-

170 2643 214 2668 tur
229 2640 304 2672 illud,
325 2639 426 2666 Factus
439 2643 481 2666 est
496 2659 504 2671 ,
521 2645 574 2673 quo
587 2642 666 2672 pacto
680 2644 732 2664 non
750 2637 785 2664 sit
799 2636 956 2668 absurdum,

169 2692 250 2721 atque
265 2686 332 2713 adeo
351 2686 527 2712 vehementer
548 2684 705 2713 absurdum.
718 2683 875 2710 existimare
895 2690 955 2709 tnu-

170 2735 297 2761 tatiouem
320 2732 436 2766 aliquam
453 2739 499 2766 per
524 2731 549 2757 id
567 2729 726 2764 significari,
744 2733 770 2756 et
793 2736 846 2756 tton
867 2728 956 2762 potius

169 2780 260 2806 conari
283 2779 308 2805 id
324 2778 375 2805 alia
394 2778 498 2806 ratione
521 2777 683 2812 intelligere,
700 2775 901 2811 prudenterque
922 2776 954 2802 ad

203 2836 225 2852 ¹²
241 2835 318 2862 Deut.
333 2836 364 2866 'v,
381 2835 423 2860 l5.
471 2834 504 2849 “‘
516 2833 573 2861 los.
587 2841 606 2866 t,
620 2833 646 2860 5.
696 2832 807 2860 "Joan.
824 2840 843 2866 t,
860 2833 902 2860 Μ.

169 2871 190 2887 ⁵⁷
204 2870 274 2899 Psal.
291 2877 400 2903 eum,
417 2869 441 2897 l.

945 2832 972 2852 v“
986 2832 1054 2862 Gen.
1072 2841 1127 2867 nx,
1143 2834 1186 2862 26.

1015 2269 1062 2295 καὶ
1079 2270 1196 2306 μετέστη
1212 2270 1334 2305 φυσικῶς
1352 2271 1420 2306 πρὸς
1437 2271 1530 2307 ἕτερόν
1543 2280 1569 2298 τι
1590 2271 1655 2306 παρ’
1673 2272 1742 2307 ὅπερ
1758 2273 1807 2299 οὐκ

1013 2313 1048 2351 ἦν
1061 2316 1090 2342 ὲν
1102 2316 1214 2352 ἀρχαῖς;
1230 2317 1286 2344 Καὶ
1300 2316 1359 2348 πῶς
1372 2317 1422 2343 οὐκ
1434 2317 1561 2349 ἀπεοικὸς
1576 2318 1623 2343 καὶ
1635 2318 1807 2353 ἀνάρμοστον

1013 2362 1052 2397 τῷ
1067 2371 1098 2397 γε
1114 2363 1170 2390 bim
1185 2363 1256 2390 κατὰ
1275 2363 1356 2398 φύσιν
1371 2363 1430 2398 Θεῷ
1448 2363 1478 2390 τὸ
1495 2363 1591 2399 χρῆμά
1605 2364 1678 2390 ἐστιν
1689 2373 1697 2397 ;
1710 2365 1808 2399 Ἀτρε-

1013 2416 1079 2440 πτος
1101 2409 1156 2444 γὰρ
1171 2408 1209 2436 ὢν
1231 2409 1303 2436 κατὰ
1326 2409 1418 2444 φύσιν,
1441 2409 1517 2444 μένει
1539 2418 1591 2436 που
1610 2409 1720 2441 πάντως
1739 2410 1806 2445 ὅπερ

1013 2451 1058 2489 ἦν,
1074 2455 1121 2481 καὶ
1134 2455 1206 2482 ἐστιν
1222 2455 1276 2488 ἀεὶ,
1289 2455 1342 2482 κᾶν
1356 2456 1380 2482 εἰ
1396 2455 1501 2489 λέγοιτο
1509 2456 1564 2482 τισὶ
1578 2455 1707 2490 γενέσθαι
1721 2465 1807 2482 κατα·

1013 2500 1098 2535 φυγήο

1049 2546 1079 2572 Β.
1101 2545 1220 2581 ’Λριστά
1238 2555 1268 2581 γε
1289 2546 1336 2573 καὶ
1352 2547 1424 2582 μάλα
1442 2546 1528 2582 ὀρθῶς
1547 2548 1622 2582 ἔφης.

1046 2593 1080 2618 Λ.
1099 2592 1203 2618 Οὐκοῦν
1230 2585 1473 2628 παρενηνεγμένης
1497 2592 1536 2624 εἰς
1561 2593 1643 2628 μέσον
1666 2593 1716 2628 τῆς
1738 2594 1805 2624 Θεοῖἱ

1012 2637 1138 2672 μνήμηε,
1158 2639 1182 2665 εἰ
1200 2639 1251 2664 ὑπό
1273 2647 1320 2665 του
1343 2638 1448 2672 λέγοιτο
1463 2638 1503 2670 τὸ,
1525 2638 1658 2672 Ἐγένετο,
1677 2640 1738 2671 πῶς
1756 2641 1804 2669 οὐκ

1011 2683 1116 2719 ἀμαθὲς
1131 2686 1178 2711 καὶ
1198 2686 1304 2712 ἀνόσιον
1320 2685 1436 2721 κομιδῇ,
1458 2684 1562 2721 τροπὴν
1581 2684 1685 2712 οἴεσθαι
1703 2687 1804 2721 σημαί-

1010 2738 1065 2756 νειν
1082 2730 1157 2764 αὐτὸ,
1177 2732 1224 2757 καὶ
1239 2731 1300 2766 οὐχὶ
1316 2731 1348 2766 δὴ
1367 2731 1466 2766 μᾶλλον
1481 2731 1543 2758 καθ’
1554 2731 1648 2766 ἕτερόν
1664 2740 1727 2758 τινα
1744 2733 1804 2767 τρό-

1011 2783 1060 2802 πον
1077 2776 1222 2810 πειρᾶσοαι
1238 2778 1318 2809 νοεῖν,
1334 2777 1380 2803 καὶ
1398 2776 1573 2812 περιτρέπειν
1596 2776 1744 2811 ἐμφρόνως
1764 2777 1804 2808 εἰς

1237 2835 1259 2851 ⁸⁸
1274 2835 1358 2862 Exod.
1374 2843 1409 2868 tv,
1427 2835 1454 2867 5,
1471 2835 1497 2862 4.
1537 2834 1558 2849 ⁵⁵
1571 2833 1642 2861 l’sal.
1661 2841 1739 2862 xcut,
1756 2832 1804 2862 2’2.
