1927 3036
122 179 188 206 1261

658 153 661 155 -
686 172 778 206 QUOD
800 171 892 200 UNUS
911 170 963 199 SIT
983 170 1167 199 CHRISTUS.

1416 125 1439 138 ,μ

1680 170 1688 195 i
1695 170 1745 196 "262

116 236 149 263 τὸ
171 237 211 262 ὅτι
229 235 346 270 μάλιστα
370 233 473 270 πρέπον
492 242 521 259 τε
545 234 591 259 καὶ
609 232 694 263 ἐοικὸς
719 232 756 267 τῷ
782 231 908 267 ἀτρέπτῳ

972 231 986 258 d
1006 231 1075 265 quod
1099 231 1153 257 Deo
1171 229 1330 256 immutabili
1357 229 1474 256 maxime
1497 227 1624 256 convenit
1640 236 1748 256 accum-

115 282 194 317 Θεῷ;
209 281 270 312 Πῶς
282 282 316 317 δὴ
329 279 375 307 οὖν
389 280 443 315 ἄρα
457 280 496 310 εἰς
513 279 602 314 σάρκα
617 279 706 313 φαμὲν
721 277 848 311 γενέσθαι
864 276 909 302 τὸν

116 328 214 361 Λόγον,
234 327 264 353 τὴ
280 326 413 361 ἄτρεπτόν
429 334 457 352 τε
481 325 528 352 καὶ
543 324 719 351 ἀναλλοίωτον
738 324 775 354 ὠς
800 323 864 349 ἴδιόν
880 331 909 348 τε

116 374 165 400 καὶ
179 372 305 404 οὐσιῶδες
319 372 367 398 καὶ
389 370 548 406 ἐμπεφυκὸς
568 369 643 405 αὐτῷ
666 369 811 404 τηροῦντες
828 368 881 399 ἀεὶ,
896 368 910 393 ὁ

115 420 254 454 πάνσοφος
269 418 384 451 Παῦλος,
398 418 412 444 ὁ
428 417 481 445 τῶν
495 415 578 443 αὑτοῦ
597 414 753 450 μυστηρίων
768 414 879 448 ταμίας,
896 414 910 439 ὁ

116 466 171 493 τῶν
188 464 375 499 εὐαγγελικῶν
401 462 589 499 κηρυγμάτων
614 460 765 496 ίερονργὺς,
785 460 911 494 σαφηνιεῖ

115 512 214 547 λέγων·
235 521 244 537 ι
258 511 344 538 Τοῦτο
365 511 488 545 φρονεῖτε
517 508 632 539 ἕκαστος
646 508 675 534 ὲν
693 507 758 542 ὑμῖν
777 506 878 537 αὐτοῖς,
896 504 910 530 ὃ

115 559 164 585 καὶ
180 559 207 584 ὲν
227 556 338 591 Χριστῷ
357 555 456 591 Ἰησοῦ,
477 555 507 586 ὂς
529 555 557 581 ὲν
574 555 664 589 μορφῇ
685 552 752 579 Θεοῦ
768 551 909 586 ὑπάρχων,

115 602 167 637 οὐχ
182 601 329 638 ἁρπαγμὸν
343 601 463 636 ἡγήσατο
479 600 509 626 τὸ
522 597 591 626 εἶναι
608 599 653 625 ῐσα
663 597 733 632 Θεῷ,
747 597 803 623 ἀλλ’
816 596 910 622 ἑαυτὸν

115 647 246 680 ὲκένωσε,
273 646 380 682 μορφὴν
405 645 499 671 δούλου
521 644 620 677 λαϐὼν,
644 644 672 669 ὲν
694 642 846 678 ὁμοιώματι
861 642 911 667 ἀν-

116 693 235 728 θρώπων
251 693 408 728 γενόμενος,
423 692 470 718 καὶ
488 692 607 727 σχήματι
621 689 743 726 εὑρεθεὶς
758 689 795 720 ὡς
807 688 911 723 ἄνθρω-

117 747 179 770 πος,
200 738 382 764 ἐταπείνωσεν
397 736 504 769 ἑαυτὸν,
528 735 672 771 γενόμενος
693 734 814 770 ὑπήκοος
830 733 910 768 μέχρι

117 785 245 816 Θανάτου,
261 784 375 810 θανάτου
391 783 418 811 δὲ
435 782 562 818 σταυροῦ.
577 791 586 807 ι
606 780 703 807 Καίτοι
725 780 779 814 γὰρ
792 779 858 810 Θεός
880 787 910 804 τε

118 832 168 858 καὶ
180 833 212 857 ὲκ
227 831 293 857 Θεοῦ
311 831 381 857 κατὰ
405 831 484 864 φύσιν
498 829 627 863 ὑπάρχων
640 828 653 854 ό
668 825 813 862 μονογενὴς
828 824 910 851 αὐτοῦ

119 878 219 912 Λόγος,
241 878 272 904 τὸ
290 877 461 911 ἀπαύγασμα
482 876 532 910 τῆς
549 875 639 910 δόξης,
664 873 711 902 καὶ
734 873 748 899 ὀ
767 871 910 907 χαρακτὴρ

119 924 169 959 τῆς
185 923 359 954 ὑποστάσεως
372 922 419 948 τοῦ
433 922 622 956 γεννήσαντος,
634 919 745 954 γέγονεν
757 918 908 953 ἄνθρωπος,

119 971 167 997 καὶ.
183 970 232 996 οὑκ
247 970 286 1000 εἰς
306 969 399 1005 σάρκα·
413 967 543 1003 τραπεὶς,
563 967 580 1001 ἢ
598 964 714 1001 φυρμὸν,
733 964 750 1000 ἢ
766 964 874 999 κρᾶσιν,
893 963 909 998 ἦ

119 1026 146 1044 τι
163 1017 216 1044 τῶν
230 1016 357 1043 τοιούτων
377 1015 469 1050 ἕτερον
486 1013 645 1048 ὑπομείνας,
660 1011 754 1043 καθεὶς
767 1011 795 1037 δὲ
811 1010 910 1046 μᾶλλον

121 1064 216 1090 ἑαυτὸν
234 1064 272 1094 εἱς
287 1062 412 1093 κένωσιν,
429 1060 475 1087 καὶ
494 1060 554 1087 ἀντὶ
569 1060 617 1095 τῆς
636 1057 820 1094 προκειμένης
836 1056 911 1091 αὑτῷ

121 1111 219 1146 χαρᾶς,
232 1109 361 1144 αἰσχύνης
374 1106 594 1142 καταφρονήσας,
610 1105 657 1131 καὶ
671 1105 720 1139 τὴν
739 1104 788 1138 τῆς
803 1103 909 1138 ἁνθρω‹

121 1158 238 1192 πότητος
257 1155 394 1190 πτωχείαν
416 1154 465 1180 οὑκ
481 1152 627 1188 ἀτιμάσας.
643 1151 773 1186 Ἠθέλησε
790 1150 856 1186 γὰρ,
873 1150 911 1182 ὡς

121 1204 199 1236 Θεὸς,
219 1204 267 1238 τὴν
287 1202 394 1237 θανάτῳ
413 1202 460 1228 καὶ
483 1200 604 1236 ἁμαρτίᾳ
626 1198 790 1234 ὲνεχομένην
811 1197 910 1233 σάρκα,

120 1251 170 1278 καὶ
189 1250 304 1277 Θανάτου
327 1249 373 1275 καὶ
398 1248 513 1283 αἵματος
535 1246 672 1281 ἀποφῆναι
696 1245 850 1280 κρείττονα,
865 1243 912 1269 καὶ

121 1297 287 1332 ἀνακομίσαι
303 1295 372 1331 πρῆς
393 1294 423 1320 τὸ
441 1294 470 1321 ὲν
485 1293 593 1329 ἀρχαῖς,
610 1292 678 1318 ἰδίαν
695 1290 780 1325 αὑτὴν
796 1290 912 1324 ποιησάο

123 1351 218 1378 μενος,
241 1341 288 1368 καὶ
308 1341 357 1367 οὑκ
373 1339 475 1375 ἄψυχόν
492 1347 524 1373 γε
540 1337 610 1364 κατά
626 1345 712 1369 τινας,
732 1335 912 1371 ὲψυχωμένην

120 1389 151 1416 δὲ
171 1388 270 1424 μᾶλλον
286 1387 357 1422 ψυχῇ
375 1385 468 1420 νοερᾷ·
492 1384 560 1411 ἰέναι
583 1392 614 1418 γε
633 1383 685 1418 μὴν
709 1383 758 1418 τὴν
778 1381 816 1417 τῷ
839 1382 912 1416 πράη

121 1444 209 1470 γματι
232 1433 388 1470 πρέπουσαν
412 1432 463 1458 οὐκ
485 1428 645 1462 ἀπαξιώσας
667 1428 770 1464 τρίϐον,
785 1428 834 1464 τὴν
852 1427 912 1454 καθ’

121 1481 197 1517 ἡμᾶς
219 1479 344 1514 γέννησιν
361 1477 505 1511 ὑπομεῖναι
526 1475 646 1510 λέγεται,
664 1473 827 1509 μεμενηκὼς
844 1473 913 1508 ὅπερ

120 1525 167 1562 ἦν.
192 1525 353 1560 Γεγέννηται
370 1523 424 1558 γὰρ
444 1522 603 1557 παραδόξως
629 1520 699 1548 κατὰ
723 1520 834 1555 σάρκα”,
852 1519 868 1555 ἢ
885 1521 913 1546 ἐν

123 1572 189 1598 εῖδει
205 1570 257 1605 τῷν
271 1569 331 1596 καθ’
344 1568 419 1603 ἡμᾶς
432 1567 546 1602 ὀφθῆναι
559 1567 615 1597 τοῖς
628 1566 675 1592 ἐπὶ
689 1565 751 1600 γῆς,
765 1565 810 1592 τὸν
823 1565 912 1598 ἁναφῆ

122 1617 172 1644 καὶ
187 1615 351 1650 ἀσώματονῆ
361 1613 433 1648 Πλὴν
449 1611 659 1647 ὲνανθρωπῆσαι
674 1611 817 1646 κρίναντα,
831 1610 879 1637 καὶ
887 1611 915 1636 ἐν

122 1661 213 1697 ἑαυτῷ
234 1662 281 1688 καὶ
303 1660 375 1695 μόνῳ
398 1660 454 1690 τοῖς
474 1658 524 1693 τῆς
547 1657 673 1693 οεότητος
696 1655 848 1689 ἀξιώμασιν
867 1656 914 1682 ὲκ-

123 1708 219 1744 πρεπῆ
233 1706 281 1742 τὴν
299 1705 377 1741 ἡμῶν
392 1704 530 1739 ἀποφῆναι
551 1703 648 1738 φύσιν·
666 1700 699 1738 ἦν
720 1702 773 1738 γὰρ
788 1702 802 1728 ὁ
822 1701 914 1733 αὐτὸς,

123 1756 191 1786 Θεός
206 1763 238 1789 γε
261 1752 327 1788 ὁμοῦ
349 1753 397 1778 καὶ
411 1751 553 1786 ἄνθρωπος
563 1769 570 1782 ,
585 1750 632 1776 καὶ
654 1750 682 1776 ὲν
698 1747 849 1784 ὁμοιώματι
866 1747 915 1782 μὲν

123 1799 280 1835 ἀνθρώπου,
295 1797 362 1825 καθὸ
380 1796 450 1832 μετὰ
469 1795 563 1822 τούτου
579 1795 626 1822 καὶ
648 1794 714 1826 Θεὸς
735 1792 779 1829 ἦν,
795 1794 915 1829 σχήματι

124 1847 154 1873 δὲ
166 1847 203 1878 ὡς
217 1845 367 1881 ἄνθρωπος.
381 1843 447 1874 Θεὸς
461 1842 515 1877 γὰρ
533 1839 566 1876 ἦν
579 1842 606 1868 ὲν
622 1840 686 1867 εἴδει
701 1839 740 1875 τῷ
755 1839 815 1866 καθ’
830 1839 915 1874 ἡμᾶς,

125 1893 173 1920 καὶ
200 1892 230 1918 ὲν
252 1890 345 1917 δούλου
367 1890 475 1924 μορφῇ,
497 1887 646 1922 Δεσπότης.
661 1886 756 1922 Σάρκα
775 1885 830 1920 γὰρ
845 1884 916 1911 οὕτω

126 1939 217 1975 φαμὲν
231 1937 369 1973 γενέσθαι.
385 1936 518 1972 Ταύτῃτοι
537 1935 583 1962 καὶ
597 1935 726 1961 Θεοτόκον
743 1932 814 1962 εἶναι
827 1932 917 1960 διαὸεν

127 1985 278 2021 ϐαιούμεθα
292 1985 339 2020 τὴν
354 1983 435 2018 ἁγίαν
450 1981 597 2018 Παρθένον.

962 276 1090 303 modare?
1120 275 1241 308 Quonam
1266 275 1347 309 igitur
1373 279 1450 310 pacto
1479 274 1506 302 in
1532 281 1614 301 carne
1645 274 1746 302 factum

962 321 1045 348 fuisse
1058 321 1174 348 Verbum
1194 321 1326 352 dicamus,
1349 319 1595 347 immulabilitatem
1620 327 1681 354 qua:
1697 320 1747 354 ipsi

961 368 1069 402 propria
1092 373 1173 402 atque
1198 366 1349 395 essentialls
1381 371 1409 393 et
1427 367 1524 399 insita,
1549 371 1590 393 est
1617 370 1747 400 perpetuo

961 419 1167 446 conservantes,
1192 413 1409 447 sapientissimus
1431 412 1541 445 Paulus,
1559 412 1750 447 mysteriorum

962 459 1046 493 ipsius
1095 459 1265 494 dispensator
1303 459 1519 493 evangelicaeque
1551 459 1764 493 praedicationum

964 506 1099 539 minister,
1113 505 1242 538 declarat,
1262 505 1372 534 dicens:
1391 514 1399 530 ι
1419 505 1475 532 Hoc
1493 506 1592 532 sentite
1604 506 1749 540 unusquis-

962 558 1014 586 que
1030 551 1055 578 in
1073 552 1148 578 vobis
1161 553 1230 586 quod
1256 556 1284 578 et
1306 552 1332 578 in
1348 551 1458 579 Christo
1473 551 1547 585 Jesu,
1563 551 1620 586 qui,
1641 559 1702 579 cum
1722 553 1748 578 in

963 596 1049 622 forma
1075 595 1119 623 Dei
1145 600 1228 628 esset,
1254 603 1306 623 non
1334 596 1455 631 rapinam
1479 593 1629 624 arbitratus
1654 601 1696 623 est
1719 605 1749 624 se

961 649 1022 670 esse
1046 642 1175 676 aequalem
1200 642 1255 669 Deo
1276 651 1283 668 :
1304 642 1350 669 sed
1375 633 1550 677 semetipsum
1580 643 1747 674 exinanivit.

962 687 1075 715 formam
1090 687 1160 715 servi
1180 687 1325 722 accipiens,
1342 687 1368 714 in
1385 687 1587 714 similitudinem
1609 688 1747 715 hominum

962 733 1060 766 factus,
1083 738 1110 760 et
1127 733 1219 760 habitu
1237 733 1362 767 inventus
1384 737 1413 759 ut
1427 733 1518 765 homo,
1534 733 1688 760 humiliavit
1704 741 1748 761 sc-

962 778 1060 812 ipsum,
1077 777 1163 805 factus
1179 777 1308 804 obediens
1326 784 1410 812 usque
1429 777 1462 804 ad
1479 782 1592 804 mortem
1609 797 1617 809 ,
1634 783 1748 806 mortem

961 828 1051 850 autem
1074 823 1164 850 crucis
1174 822 1205 849 ‘5.
1222 831 1232 848 ι
1251 823 1320 849 Deus
1338 822 1410 848 cnim
1428 826 1455 849 et
1476 829 1507 849 es
1527 821 1583 849 Deo
1601 823 1749 850 secundum

962 874 1086 896 naturam
1110 869 1244 896 exsistcns
1266 868 1432 902 unigenitum
1463 868 1548 902 ipsius
1567 867 1698 901 Verbum,
1722 875 1750 897 ει

963 915 1088 951 splendor
1115 915 1223 950 glorize,
1247 919 1274 941 et
1297 913 1439 940 character
1463 914 1620 942 substantia:
1638 914 1750 943 Genito-

964 961 1002 988 ris
1012 960 1047 993 ",
1065 960 1164 986 factum
1178 964 1218 987 est
1232 959 1325 991 homo,
1336 963 1363 985 et
1378 966 1431 985 non
1446 958 1472 985 in
1487 967 1596 987 carnem
1607 965 1749 993 mutatum,

964 1014 1051 1042 neque
1066 1007 1147 1034 ullam
1174 1011 1221 1033 aut
1241 1006 1396 1038 misturam,
1417 1009 1465 1033 aut
1482 1010 1690 1040 temperaturam
1705 1012 1751 1033 aut

965 1052 1036 1080 aliud
1054 1052 1191 1087 quidpiam
1212 1051 1397 1086 hujuscemodi
1421 1050 1514 1083 subiit,
1537 1051 1583 1077 sed
1598 1051 1687 1085 potius
1702 1051 1750 1078 de-

965 1100 1075 1126 mittens
1101 1105 1131 1125 se
1148 1097 1181 1124 ad
1205 1096 1416 1124 exinanitionem
1429 1115 1437 1128 ,
1455 1101 1483 1123 et
1509 1103 1558 1130 pro
1584 1097 1682 1131 gaudio
1700 1097 1751 1124 sibi

965 1144 1120 1180 proposito,
1151 1143 1267 1171 dedecus
1296 1147 1492 1174 contemnens,
1519 1142 1752 1177 humanitatisque

966 1191 1101 1218 miseriam
1127 1194 1209 1224 atque
1231 1189 1405 1223 indigentiam
1427 1196 1479 1216 non
1505 1193 1675 1224 aspernatus.
1698 1189 1751 1217 Vo-

965 1237 1015 1265 luit
1038 1237 1110 1265 euim
1135 1241 1165 1264 ut
1187 1235 1257 1264 Deus
1274 1243 1382 1263 carnem
1412 1235 1493 1263 morti
1519 1241 1545 1262 et
1568 1241 1680 1270 peccato
1705 1237 1751 1264 ob-

967 1283 1088 1316 noxiam,
1111 1287 1198 1310 morte
1223 1289 1254 1309 ac
1276 1286 1388 1316 peccato
1409 1282 1577 1316 superiorem
1601 1282 1751 1315 declarare,

967 1330 1141 1366 pristinzeque
1167 1327 1315 1363 integritati
1346 1328 1501 1361 restituere,
1530 1328 1666 1363 propriam
1692 1337 1752 1356 eam

967 1376 1017 1403 sibi
1032 1375 1144 1406 faciens,
1160 1378 1186 1401 et
1204 1373 1311 1408 quidem
1329 1373 1401 1399 illam
1423 1380 1474 1399 non
1495 1373 1585 1410 anima
1603 1380 1751 1408 carentem,
1787 1369 1790 1372 ’

967 1426 994 1447 ut
1009 1419 1118 1455 quidam
1136 1419 1293 1453 opinantur,
1307 1418 1361 1444 imo
1377 1418 1466 1452 potius
1483 1418 1572 1445 anima
1585 1419 1753 1456 intelligente

967 1466 1124 1493 animatam.
1153 1464 1237 1491 Porro
1266 1463 1307 1490 via
1334 1470 1394 1498 qua:
1422 1464 1485 1491 huic
1506 1465 1612 1500 negotio
1636 1467 1754 1501 gerendo

968 1511 1125 1539 conveniret
1152 1510 1279 1537 incedere
1304 1516 1357 1537 non
1388 1509 1558 1544 dedignatus,
1583 1512 1754 1541 nativitatem

968 1558 1048 1585 nobis
1064 1556 1178 1585 similem
1198 1556 1314 1583 subiisse
1337 1555 1446 1588 dicitur,
1463 1564 1627 1590 permanens
1643 1565 1708 1585 vero
1729 1559 1756 1586 id

968 1605 1039 1640 quod
1064 1608 1133 1631 crat.
1152 1602 1237 1630 Natus
1251 1602 1323 1630 enim
1347 1606 1389 1629 est
1404 1601 1558 1630 admirabili
1585 1604 1691 1632 ratione
1710 1612 1754 1633 se-

969 1652 1086 1680 cundum
1108 1657 1217 1678 carnem
1233 1657 1266 1677 ex
1289 1649 1423 1676 muliere:
1441 1656 1528 1683 neque
1551 1650 1624 1677 enim
1648 1656 1757 1686 poterat

969 1699 1058 1730 aliter,
1073 1697 1144 1724 Deus
1164 1695 1312 1723 secundum
1329 1699 1453 1722 naturam
1467 1696 1613 1728 exsistens,
1631 1704 1711 1731 quam
1728 1699 1755 1725 in

969 1744 1059 1780 specie
1079 1750 1138 1778 quae
1158 1746 1258 1769 nostrae
1281 1740 1378 1768 similis
1404 1745 1475 1768 esset
1496 1741 1655 1770 mortalibus
1670 1750 1756 1778 appa-

970 1798 1041 1822 rere,
1064 1789 1111 1824 qui
1129 1789 1307 1822 incorporeus
1332 1792 1374 1814 est
1393 1791 1421 1814 et
1439 1787 1510 1823 tangi
1536 1790 1639 1823 nequit.
1664 1788 1757 1824 Neque

967 1836 1039 1864 enim
1058 1839 1164 1869 poterat
1180 1833 1258 1860 aliter
1271 1840 1350 1867 quam
1367 1840 1416 1866 per
1433 1833 1658 1867 incarnationem,
1673 1840 1755 1870 atque
1772 1844 1775 1846 ·

969 1883 995 1909 in
1012 1881 1101 1915 seipso
1118 1884 1144 1906 et
1159 1879 1268 1914 quidem
1294 1878 1352 1906 solo
1367 1884 1487 1906 nostram
1503 1885 1627 1907 naturam
1647 1881 1756 1909 deitalis

969 1926 1145 1963 dignitatibus
1168 1926 1306 1952 decorare.
1331 1923 1396 1951 Erat
1416 1925 1488 1951 enim
1505 1924 1562 1959 ipse
1582 1925 1653 1954 Deus
1674 1928 1756 1955 simul

970 1982 998 2005 et
1012 1976 1105 2005 homo,
1122 1971 1205 2007 719
1217 1970 1282 1998 etin
1296 1970 1474 1998 snnilitudine
1495 1972 1605 2006 quidem
1626 1973 1754 2007 hominis,

127 2039 261 2068 quatenus
284 2039 336 2059 una
353 2039 415 2059 cum
444 2031 494 2057 hac
518 2030 599 2057 etiam
627 2029 698 2056 Deus
727 2034 802 2062 erat;
839 2029 934 2057 habitu
953 2033 1027 2059 vero,
1051 2027 1081 2051 ul
1106 2022 1199 2049 homo-
1218 2019 1288 2046 Deus
1320 2018 1392 2045 enim
1414 2023 1472 2046 erat
1498 2019 1524 2046 in
1549 2020 1640 2054 specie
1658 2027 1757 2048 nostra:

129 2067 222 2111 simili,
243 2083 270 2106 et
284 2079 310 2105 in
325 2078 410 2105 forma
423 2077 505 2110 servi,
520 2076 661 2104 Dominus.
678 2075 734 2102 Hoc
747 2076 820 2103 enim
838 2076 918 2103 modo
937 2079 1046 2104 carnem
1060 2070 1160 2098 factum
1176 2074 1237 2097 esse
1257 2067 1372 2094 dicimus
1386 2074 1391 2092 :
1408 2073 1439 2094 ac
1469 2067 1580 2102 proinde
1613 2067 1755 2104 Dcipuram

127 2135 236 2163 quoque
247 2126 385 2154 exstitisse
397 2129 597 2152 sacrosanctam
608 2123 746 2158 Virginem
757 2123 914 2151 asserimus.

164 2173 194 2199 B.
215 2172 326 2204 Βούλει,
340 2172 395 2202 τοῖς
417 2171 474 2202 σοῖς
495 2169 758 2205 ἀντιπαρεξάγοντες
771 2169 862 2204 λόγοις
881 2169 915 2197 τὰ

1007 2165 1037 2192 Β.
1053 2164 1180 2191 Placetne
1193 2166 1234 2194 ut,
1250 2161 1354 2189 illorum
1366 2160 1533 2195 obiectiones
1548 2161 1600 2189 tuis
1614 2162 1693 2191 dictis
1705 2171 1754 2198 op-

130 2220 196 2254 παρ⁹
213 2219 336 2251 ἐκείνων,
355 2217 511 2252 ἰσχνοτέραν
535 2216 714 2252 ἀποτελῶμεν
738 2216 792 2243 τῶν
809 2215 913 2243 ἐννοιῶν

970 2215 1111 2247 ponentes,
1127 2207 1320 2236 accuratiorem
1337 2211 1364 2234 ct
1377 2206 1546 2234 subtiliorem
1563 2207 1755 2242 reiproposita:

129 2266 178 2302 τὴν
202 2266 329 2301 βάσανον,
351 2264 367 2299 ἢ
386 2262 597 2301 παραχωρῶμεν
614 2263 708 2294 ἁπλῶς
732 2262 838 2297 λέγοντί
864 2270 916 2294 σοι,

128 2312 161 2340 τὸ
173 2309 201 2338 εὗ
216 2311 289 2346 ἔχειν
308 2309 526 2345 ὑπειλημμένον;

164 2401 198 2427 Α.
225 2398 438 2433 Ἀνεπίπληκτον
457 2396 518 2432 μὲν,
533 2396 570 2428 ὥς
581 2404 613 2430 γε
630 2393 718 2431 οἶμαι,
733 2395 787 2421 πᾶν
801 2394 869 2429 ὅπερ
885 2393 918 2420 ἂν

130 2446 237 2481 λέγοιτο
255 2445 323 2480 πρὸς
346 2443 424 2479 ἡμῶν
439 2443 528 2478 σοφῶς
545 2451 574 2469 τε
590 2442 636 2469 καὶ
653 2441 858 2476 ἐπιστημόνως,
873 2439 920 2466 καὶ

130 2494 180 2520 οὑκ
203 2491 362 2527 ἀπᾳδόντως
387 2490 448 2525 ἔχον
481 2490 542 2521 ταῖς
575 2488 763 2519 θεοπνεύστοις
786 2487 917 2522 Γραφαῖς.

129 2535 221 2572 Φράζε
239 2535 268 2561 δὲ
284 2534 331 2561 καὶ¹
348 2534 428 2565 αὐτὸς
453 2534 484 2560 τὸ
500 2533 606 2561 δοκοῦν.
623 2533 746 2560 Ἐκτέκοι
766 2532 821 2567 γάρ
845 2531 878 2557 ἂν
892 2539 918 2557 τι

135 2581 184 2610 θεὸν
197 2581 367 2618 ὀνησιφόρων
382 2582 399 2616 ἡ
411 2580 577 2612 ἀντίστασις.

167 2675 198 2701 Β.
226 2674 256 2700 '0
272 2672 416 2704 θεσπέσιος
437 2672 547 2707 γράφει,
564 2671 641 2706 φασὶ.
669 2669 774 2701 Παῦλος
796 2668 920 2705 περὶτοῦ

132 2721 199 2748 Υίοῦ
213 2741 219 2752 ,
237 2721 284 2747 ἆτε
296 2719 332 2756 ¹δὴ
356 2718 498 2754 γεγονότος
517 2718 639 2753 κατάρας
664 2725 693 2743 τε
710 2716 757 2742 καὶ
774 2714 920 2751 ἁμαρτίας.

133 2768 206 2801 Ἔφη
229 2766 299 2802 γὰρ,
329 2766 370 2791 ὅτι
400 2774 408 2790 ι
426 2764 477 2790 Τὸν
502 2763 538 2798 μὴ
561 2761 659 2797 γνόντα
686 2761 834 2796 ἁμαρτίαν,
852 2760 922 2794 ὑπὲρ

132 2813 212 2849 ἡμῶν
235 2811 373 2848 ἁμαρτίαν
395 2810 516 2845 ἐποίησε.
535 2818 544 2834 ι
578 2808 630 2835 Καὶ
653 2807 748 2834 πάλιν·
776 2816 785 2832 ‹
805 2806 922 2841 Χριστὸς

171 2902 195 2919 ⁸⁸
209 2901 325 2936 Philipp.
345 2909 374 2930 tt.
391 2900 449 2927 5-8.
494 2898 514 2914 η
528 2896 609 2925 Hebr.
623 2905 642 2930 ι,
662 2897 687 2923 5.

971 2257 1210 2292 investigationem
1228 2254 1402 2282 instituamus
1415 2272 1423 2285 ,
1436 2261 1469 2280 an
1487 2253 1576 2288 potius
1590 2255 1753 2289 simpliciter

972 2303 1087 2332 orationi
1107 2307 1160 2329 tuae
1181 2301 1259 2329 ﬁdem
1272 2300 1442 2332 adhibentes,
1456 2299 1492 2326 ita
1507 2307 1568 2328 sese
1583 2308 1639 2328 rem
1653 2301 1755 2329 habere

971 2348 1138 2377 statuamus?
1344 2346 1346 2348 '

1008 2393 1041 2419 Α.
1058 2393 1139 2419 Extra
1153 2391 1391 2426 reprehensionem
1406 2398 1514 2418 omnem
1528 2391 1647 2426 positum
1664 2396 1715 2424 est,
1727 2398 1756 2419 ut

973 2439 1100 2471 arbitror,
1115 2438 1186 2472 quod
1207 2445 1222 2464 a
1238 2437 1316 2464 nobis
1341 2437 1409 2464 scite
1433 2437 1625 2472 sapienterque
1652 2437 1754 2465 dictum

973 2491 1026 2519 est,
1040 2491 1125 2519 neque
1146 2491 1198 2510 una
1214 2483 1321 2510 ratione
1337 2491 1351 2510 a
1375 2483 1460 2510 sacris
1476 2482 1623 2518 Scripturis
1647 2484 1754 2511 dissen-

973 2531 1014 2559 tit.
1031 2530 1077 2556 Dic
1102 2536 1165 2556 vero
1187 2528 1269 2555 etiam
1290 2533 1317 2555 tu
1338 2529 1410 2564 quod
1437 2528 1485 2555 tibi
1506 2529 1612 2556 videtur
1633 2537 1640 2556 :
1662 2528 1756 2557 aderat

973 2577 1045 2604 enim
1063 2575 1187 2603 nonnihil
1204 2574 1326 2602 utilitatis
1342 2576 1485 2603 contrarias
1501 2576 1642 2604 sententiae
1672 2584 1757 2611 oppo—

971 2623 1043 2650 sitio.

970 2687 972 2689 ›
1007 2669 1038 2696 Β.
1055 2668 1166 2695 Divinus
1177 2667 1285 2699 Paulus,
1311 2668 1397 2700 aiunt,
1429 2668 1524 2694 scribit
1541 2669 1574 2696 de
1593 2668 1674 2701 Filio,
1703 2673 1762 2696 lana

973 2722 1054 2750 quain
1082 2713 1125 2748 qui
1144 2713 1231 2740 factus
1243 2712 1279 2739 sit
1310 2712 1463 2739 maledictio
1476 2717 1503 2739 et
1531 2719 1681 2747 peccatum.
1715 2714 1757 2741 lu-

973 2761 1032 2796 quit
1046 2760 1209 2794 enim,quod
1229 2769 1237 2784 ι
1256 2759 1321 2786 Etim
1336 2759 1381 2792 qni
1396 2766 1448 2786 non
1461 2759 1534 2786 novit
1547 2765 1698 2794 peccatum,
1709 2767 1758 2795 pro

976 2808 1053 2836 nobis
1071 2811 1210 2843 peccatum
1239 2805 1302 2833 fecit
1319 2805 1351 2832 '5“.
1374 2814 1382 2830 ι
1402 2805 1434 2832 Ει
1459 2812 1575 2832 rursus:
1599 2815 1609 2831 ι
1635 2806 1760 2836 Christus

727 2896 749 2911 ⁸ο
768 2894 788 2922 ll
803 2894 865 2922 Cor.
889 2902 914 2927 ν,
933 2894 978 2921 21.
