1927 3036
120 156 188 183 ηϋδ

153 214 183 242 Β.
213 216 266 243 Ὠδὶ
282 218 327 244 καὶ
343 219 421 246 αὐτοί
436 229 527 254 φασιν.

152 262 186 288 Δ.
207 262 311 290 οὐκοῦν
329 265 408 301 εἴπερ
421 266 494 293 ἐστὶν
508 267 607 303 ἀληθὲς
617 290 623 301 ,
641 271 711 298 κατά
726 280 757 306 γε
771 273 800 300 τὸ
813 274 904 307 αὐτοῖς

114 304 144 333 εὗ
172 306 245 342 ἔχειν
268 309 485 345 ὑπειλημμένον,
510 313 551 339 ὃτι
579 314 690 348 γέγονεν
713 304 784 344 οθτω
802 319 871 354 σὰρξ

117 352 213 386 Λόγος,
230 353 301 381 καθά
316 356 362 382 καὶ
383 357 492 393 κατάρα
503 359 550 385 καὶ
564 359 695 396 ἁμαρτία,
711 363 755 389 ἐπ’
768 352 904 400 ἀναιρέσει

117 399 231 433 σαρκὸς,
246 397 305 426 εἶτα
319 401 378 433 πῶς
390 401 528 438 ἄφθαρτόν
540 413 571 431 τε
585 407 632 432 καὶ
646 407 799 444 ἀνώλεθρον
819 397 904 447 αὐτὴν

116 443 282 479 ἀποῳαίνει,
296 447 334 479 ὡς
358 447 387 474 ἐν
408 457 439 483 γε
464 450 559 487 πρώτῃ
585 443 762 488 κατορθώσαξ
775 456 855 484 τοῦτο

118 489 173 522 ἰδίᾳ
188 491 271 527 σαρκί
279 500 286 525 ;
302 493 332 519 οὐ
358 494 412 529 γάρ
428 503 470 522 τοι
494 495 594 532 θνητὴν
615 499 761 534 ἀπομεῐναι
782 502 830 528 καὶ
852 489 905 529 ὑπο

117 536 221 571 φθορὰν
235 538 340 574 ἀφῆκεν
353 540 438 576 αὐτὴν
459 542 701 579 (παραπέμποντος
717 547 757 578 εἰς
768 548 843 582 ἡμᾶς
856 549 904 576 τοῦ

122 583 210 619 Ἀδὰμ
227 585 275 621 τὴν
291 586 337 612 ἐπὶ
355 588 389 622 τῇ
413 589 567 623 παραϐάσει
591 590 698 627 δίκην),
712 592 750 624 ὡς
767 594 857 629 σάρκα
876 595 904 622 δὲ

117 630 217 664 μᾶλλον
242 632 380 668 ἀφθάρτου
405 635 490 668 Θεοῦ,
517 637 670 671 τουτέστιν,
701 639 787 673 ιδίαν,
820 641 904 677 ἤγουν

115 676 214 704 ἑαυτοῦ
227 677 274 704 καὶ
286 678 401 706 θανάτου
414 681 460 708 καὶ
472 682 575 717 φθορᾶς
590 684 719 713 ἐπέκεινα
734 685 788 718 θείς
801 695 808 719 ς

151 767 180 794 Β.
202 767 238 795 Εὖ
258 768 337 804 ἔφης.

149 814 181 840 Α.
205 814 276 851 Ἔφη
299 816 327 842 δέ
351 825 402 844 που
426 818 456 845 τὸ
478 819 598 856 Γράμμα
622 822 653 849 τὸ
677 823 759 860 ἱερὸν,
782 825 827 851 τὸν
854 826 902 861 μὲν

116 859 222 895 πρῶτον
243 861 387 905 ἄνθρωπον
399 883 407 895 ,
424 865 562 893 τουτέστιν
580 868 681 904 ’Δδὰμ,
698 871 738 902 είς
754 870 842 906 ψυχὴν
854 859 903 906 ’γε-

685 165 779 198 QUOD
799 166 892 195 UNUS
913 169 966 199 SIT
984 170 1167 202 CHRISTUS.

919 232 942 260 Α
992 231 1022 259 Β.
1038 231 1074 258 Ita
1091 233 1172 259 etiam
1190 233 1241 268 ipsi
1255 235 1358 262 dlcunl.

1680 182 1746 210 ἰξοῦ

991 276 1023 304 Λ.
1038 277 1170 310 Quocirca
1186 279 1208 306 si
1227 287 1270 306 res
1290 281 1325 306 ita
1342 288 1372 307 se
1387 281 1476 314 habet,
1508 287 1586 316 prout
1604 284 1667 318 ipsis
1690 287 1746 320 pla-

956 327 1008 353 cet,
1018 323 1089 356 quod
1103 323 1218 350 Verbum
1232 325 1324 352 cadent
1339 326 1444 353 ratione
1452 327 1488 354 sit
1503 327 1602 355 factum
1616 337 1680 357 caro
1693 340 1744 365 qn..

956 366 1107 395 maledictio
1123 374 1150 396 et
1164 375 1316 403 peccatum,
1331 372 1363 398 ad
1378 372 1557 400 sublationem
1568 376 1668 409 carnis,
1680 385 1746 411 ψιθ-

956 414 1034 440 modo
1053 413 1284 449 incorruptibilcm
1300 421 1383 451 atque
1397 418 1522 446 interitus
1548 425 1686 454 expertem
1713 423 1744 449 il-

955 457 1008 484 lam
1023 458 1120 491 elfecit,
1138 461 1236 495 quippe
1251 461 1295 495 qui
1312 462 1337 488 in
1357 463 1444 496 prima
1459 465 1566 498 propria
1592 474 1640 493 sua
1660 475 1745 496 carne

955 502 1006 529 hoc
1024 504 1198 536 praestiterit?
1210 505 1301 541 Neque
1313 508 1385 534 enim
1398 509 1538 537 mortalem
1555 511 1628 538 illam
1645 521 1743 540 corru-

956 548 1094 582 ptionique
1117 551 1262 578 obnoxiam
1304 560 1413 580 manere
1439 555 1558 588 permisit
1588 557 1745 591 (transmit-

956 596 1028 619 tente
1042 593 1067 620 in
1085 601 1133 622 nos
1165 595 1268 623 Adamo
1287 599 1511 631 transgressionis
1538 602 1676 638 poenam):
1698 605 1745 631 sed

955 638 1044 672 potius
1058 642 1184 674 tanquam
1201 649 1312 670 carnem
1326 643 1539 679 incorruptibilis
1559 646 1616 681 Dei,
1626 648 1676 676 hoc
1691 655 1744 682 est,

955 685 1102 719 propriam,
1122 685 1179 714 sive
1198 695 1274 715 suam
1300 696 1388 718 morte
1413 693 1641 728 corruptioneque
1664 702 1744 730 snpe-

955 729 1053 756 riorem
1070 730 1169 758 ellecit.

992 775 1019 802 Β.
1039 775 1120 804 Recte
1130 779 1180 806 ais.

990 823 1022 849 Α.
1045 823 1125 858 Atqui
1157 833 1233 853 sacra
1258 827 1397 862 Scriptura
1412 829 1509 857 alicubi
1530 831 1605 865 dicit,
1621 833 1737 866 primum

955 867 1101 900 hominem,
1114 870 1165 898 hoc
1177 876 1229 904 est,
1239 872 1382 906 Adamum,
1395 874 1493 902 laetum
1508 884 1569 904 esse
1584 877 1609 904 iu
1625 879 1742 905 animam

114 905 208 932 νέσθαι
234 902 335 941 ζῶσαν,
357 908 403 936 τὸν
426 909 455 936 δὲ
476 910 600 947 ὕστερον.
628 902 700 950 φημὶ
722 902 848 952 Χριστέν,
863 902 897 949 είς

955 914 1089 942 viventem
1105 925 1113 949 ς
1130 916 1243 944 alterum
1264 926 1329 945 vero
1345 920 1536 954 posteriorem,
1553 922 1688 950 Christum
1701 924 1743 950 in-

115 952 225 987 πνεῦμα
250 952 469 991 ξωοποιόν.τΔρ’
496 955 552 991 οὖν,
574 958 668 995 ὥσπερ
695 962 738 988 ἐπ’
763 962 902 998 ἀναιρέσει

114 998 236 1033 κατάρας
253 1000 300 1026 καὶ
313 1000 450 1036 ἁμαρτίας
459 1022 465 1034 ,
477 1003 572 1037 γέγονε
590 1005 697 1042 κατάρα
711 1009 757 1034 καὶ
769 1009 902 1044 ἁμαρτία,

110 1042 201 1075 οὕτως
225 1045 269 1071 ἐπ’
292 1046 432 1082 ἀνατροπῇ
455 1048 502 1074 τοῦ
526 1047 595 1076 εἶναι
621 1051 662 1083 είς
683 1052 773 1089 ψυχὴν
791 1042 899 1086 Ἲζῶσαν.

110 1090 239 1123 γενέσθαι
262 1092 353 1127 φαμὲν
379 1093 461 1121 αὑτὸν
485 1096 526 1126 εἰς
553 1095 662 1132 πνεῦμα
685 1098 826 1130 ζωοποιόν.
847 1101 902 1138 Τὴν

112 1135 166 1170 γάρ
186 1144 227 1162 τοι
241 1136 287 1163 τοῦ
310 1137 435 1171 γενέσθαι
456 1139 571 1176 δύναμιν
585 1143 625 1173 εὶς
640 1142 671 1169 τὺ
693 1143 799 1179 ἀπηχὲς
820 1135 899 1182 περί-

110 1181 267 1215 τρέποντες,
280 1182 351 1210 οὕτω
363 1185 503 1219 γενέσθαι
520 1187 609 1222 σάρκα
621 1189 703 1223 φασὶν
717 1191 808 1223 αὑτὸν,
828 1181 901 1219 καθά

109 1227 159 1253 καὶ
171 1227 241 1263 ἀράν
255 1237 284 1254 τε
301 1229 347 1256 καὶ
362 1231 511 1266 ἁμαρτίαν.
532 1233 700 1270 Ἀναιρετέον
715 1235 761 1263 οὖν
777 1238 831 1273 ἀρα
852 1239 898 1265 τοῦ

109 1272 200 1306 Λόγου
212 1273 262 1309 τὴν
275 1275 424 1311 σάρκωσιν,
438 1278 522 1313 ἤγουν
536 1280 751 1318 ὲνανθρώπησιν·
764 1272 800 1310 οὖν
808 1293 899 1320 παρα-

108 1318 251 1353 δεχθέντος
267 1321 306 1352 εἰς
322 1322 462 1358 ἀλήθειαν,
480 1319 583 1360 οἴχεται
600 1327 651 1360 μὲν
663 1328 735 1360 ἅπας
749 1331 814 1364 ήμίν
826 1332 840 1357 ὁ
849 1318 898 1358 τοῦ

111 1367 264 1400 μυστηρίου
288 1368 384 1402 λόγος’
407 1369 470 1396 οὗτε
492 1371 520 1398 δὲ
542 1373 674 1409 ἐγεννήθη
689 1375 820 1411 Χριστὸς,
836 1377 898 1404 οὔτε

109 1411 256 1446 ἀπέθανεν,
280 1413 342 1441 οὔτε
356 1416 515 1453 ἐγήγερται,
544 1419 614 1446 κατά
630 1420 679 1452 τὰς
701 1421 821 1457 Γραφάς.
843 1423 897 1450 ΙΙοῦ

109 1459 286 1496 τοιγαροῦνή
305 1461 404 1496 πίστις,
431 1464 490 1499 ἦτοι
513 1465 543 1491 τὸ
564 1466 638 1501 ρῆμα
660 1468 709 1502 τῆς
730 1468 864 1501 πίστεως,
884 1470 898 1496 ὃ

110 1504 305 1541 κηρύσσομεν;
332 1507 395 1540 Πῶς
417 1509 470 1545 γὰρ
493 1511 603 1546 ἦγειρεν
626 1513 707 1539 αὐτὸν
730 1515 744 1539 ὁ
772 1514 839 1546 Θεὸς
865 1516 898 1541 ἐκ

955 968 1046 995 quant,
1060 960 1163 989 factum
1180 971 1242 991 esse
1256 965 1282 991 in
1294 966 1418 999 spiritum
1432 967 1623 995 vivilicantem.
1638 969 1737 997 Proin-

954 1006 997 1038 de,
1013 1008 1238 1041 quemadmodum
1249 1009 1282 1036 ad
1304 1010 1448 1038 tollendam
1474 1012 1688 1042 maledictlonetn
1717 1020 1743 1043 ct

953 1057 1106 1086 peccatum,
1124 1054 1212 1083 laetus
1229 1060 1271 1083 cst
1292 1058 1445 1086 maledictio
1460 1064 1487 1086 et
1515 1065 1655 1095 peccatum
1672 1070 1680 1088 :
1706 1062 1742 1090 ita

953 1099 985 1125 ad
1000 1100 1202 1128 soliversionem
1227 1103 1374 1130 cxsislcndi
1397 1104 1422 1131 in
1454 1106 1571 1132 anitnam
1594 1107 1740 1141 viventem,

952 1144 1052 1172 factum
1070 1147 1156 1181 ipsum
1166 1155 1225 1175 esse
1242 1149 1356 1177 dicimus
1371 1150 1396 1177 in
1406 1151 1530 1185 spirituum
1546 1153 1738 1182 viviﬁcantem.

951 1191 1117 1220 Facultatem
1132 1194 1204 1221 enim
1220 1202 1252 1223 ac
1268 1197 1320 1222 vim
1333 1197 1419 1229 verbi,
1441 1197 1539 1232 factum
1566 1208 1631 1232 esse,
1645 1201 1678 1227 ad
1691 1201 1740 1228 ab-

950 1238 1061 1265 surdum
1075 1245 1275 1273 eonvertentes,
1288 1242 1322 1268 ita
1338 1244 1425 1277 ipsum
1435 1251 1543 1271 carnem
1564 1245 1662 1272 laetum
1680 1254 1741 1274 esse

950 1283 1036 1316 aiunt,
1051 1285 1121 1312 sicut
1136 1291 1164 1313 et
1189 1288 1405 1315 exsecrationem
1436 1294 1463 1316 et
1494 1295 1645 1324 peccatum.
1677 1291 1738 1319 Tol<

950 1328 1027 1356 lenda
1042 1330 1133 1364 itaque
1148 1332 1200 1359 erit
1211 1331 1290 1360 Verbi
1310 1334 1472 1368 incarnatio,
1501 1336 1557 1362 sive
1571 1337 1738 1365 lmmanatio.

949 1374 1025 1409 Quod
1044 1376 1066 1403 si
1082 1380 1111 1403 ut
1128 1385 1221 1404 verum
1241 1378 1413 1412 admittatur,
1429 1381 1553 1408 universa
1585 1382 1663 1410 nobis
1680 1391 1739 1419 my-

948 1421 1023 1447 sterii
1041 1422 1110 1448 ratio
1128 1428 1246 1451 corruet.
1266 1424 1357 1460 Neque
1372 1431 1450 1452 natus
1468 1430 1510 1453 est
1529 1427 1664 1460 Christus,
1688 1437 1736 1458 ne-

948 1473 1001 1501 que
1013 1472 1134 1495 mortuus
1150 1472 1203 1501 est,
1212 1477 1299 1503 neque
1313 1471 1471 1505 resurrexit,
1492 1473 1640 1500 secundum
1666 1473 1741 1501 Scri-

949 1515 1052 1546 pturas.
1066 1511 1195 1544 Qumnam
1210 1514 1291 1548 igitur
1302 1516 1354 1542 erit
1368 1516 1433 1544 lides
1445 1522 1548 1548 nostra,
1561 1518 1618 1545 sive
1628 1519 1738 1547 verbum

109 1551 228 1586 νεκρῶν,
240 1554 263 1580 εί
278 1554 315 1590 μὴ
328 1555 376 1582 καὶ
387 1557 521 1590 ἀπέθανες
534 1558 592 1590 πῶς
607 1559 629 1585 δ’
646 1559 679 1586 ἂν
692 1561 739 1587 καὶ
749 1561 895 1596 ἀπέθανεν,

953 1556 1011 1583 lidei
1026 1557 1096 1590 quod
1113 1557 1311 1591 praedicamus?
1339 1560 1479 1593 Quomodo
1504 1562 1576 1588 enim
1601 1563 1740 1591 suscitavit

109 1598 134 1623 εἰ
158 1598 195 1633 μὴ
212 1599 372 1635 γεγέννηται
392 1602 463 1629 κατά
478 1604 584 1638 σάρκα;
608 1605 658 1631 ποῦ
680 1605 709 1632 δὲ
734 1607 782 1633 καὶ
804 1609 820 1642 ἡ
843 1609 897 1635 τῶν

109 1645 217 1679 νεκρῶν
243 1646 407 1681 ἀναόίωσις,
428 1649 522 1677 ἐλπίδα
542 1652 599 1682 τοῖς
623 1651 711 1686 ἁγίοις
734 1654 897 1689 εἰσφέρουσα

107 1693 161 1727 τῆς
182 1693 361 1730 ἀτελευτήτου
384 1695 476 1732 ζωῆς,
501 1698 526 1724 ει
544 1698 580 1734 μὴ
601 1700 747 1735 ἐγήγερται
764 1702 895 1737 Χριστός;

108 1738 164 1765 ποῦ
183 1739 212 1766 δὲ
227 1741 274 1767 καὶ
288 1742 304 1776 ὴ
320 1742 373 1769 τῶν
385 1743 565 1778 ἀνθρωπίνων
579 1746 711 1780 σωμάτων
723 1747 894 1783 ζωοποίησις,

108 1785 126 1819 ἡ
145 1785 215 1812 κατὰ
232 1786 339 1821 μέθεξιν
353 1789 501 1826 τελουμένη
522 1791 572 1826 τῆς
588 1793 671 1826 ἁγίας
687 1793 769 1821 αὑτοῦ
795 1795 896 1830 σαρκὸς

109 1831 158 1857 καὶ
173 1831 291 1868 αἵματος
302 1842 309 1867 ;

146 1964 176 1992 Β.
197 1965 289 2000 Σάρκα
303 1965 335 2001 δὴ
349 1964 396 1994 οὖν
413 1976 503 2003 φαμεν
517 1970 643 2003 γενέσθαι
656 1971 701 1997 τὸν
718 1972 815 2007 Λόγον,
825 1976 896 2001 κατά

107 2018 141 2043 γε
158 2009 206 2045 τὴν
231 2011 264 2038 ὲκ
283 2013 410 2045 γυναικὸς
433 2015 504 2041 κατὰ
528 2015 618 2050 σάρκα
646 2017 782 2053 γέννησιν,
810 2020 843 2054 ἣν
868 2021 896 2047 ὲν

107 2056 234 2091 ἐσχάτοις
258 2058 306 2084 τοῦ
333 2059 430 2092 αἰῶνος
460 2063 566 2096 καιροῖς
595 2063 740 2098 ὑπομεῖναι
768 2065 894 2100 λέγεται’

107 2105 198 2130 καίτοι
211 2105 264 2141 πρὸ
279 2106 377 2139 παντὸς
390 2106 437 2134 τοῦ
457 2108 554 2140 αἰῶνος
570 2109 700 2145 ὑπάρχων
714 2112 751 2143 ὡς
765 2113 841 2145 Θεὸς,

143 2192 176 2218 Δ.
198 2192 272 2219 Πάνυ
287 2193 336 2228 μὲν
351 2191 407 2221 οὖν.
424 2195 502 2222 Οὕτω
517 2195 570 2231 γὰρ
584 2197 695 2231 γέγονεν
717 2199 746 2225 ἐν
767 2201 895 2235 ὁμοιώσει

948 1608 1009 1628 eum
1025 1601 1096 1630 Deus
1109 1610 1125 1630 ο
1141 1604 1265 1636 tnortuis,
1282 1605 1332 1632 nisi
1348 1611 1375 1632 et
1391 1611 1512 1634 mortuus
1524 1607 1585 1634 est?
1612 1612 1658 1634 aut
1673 1615 1740 1643 quo-

947 1648 1027 1675 modo
1043 1649 1124 1676 ctiam
1138 1655 1261 1678 mortuus
1278 1656 1330 1683 est,
1347 1652 1398 1679 nisi
1416 1659 1494 1681 natus
1520 1659 1563 1682 est
1588 1655 1736 1682 secundum

948 1695 1078 1721 carnem?
1093 1699 1140 1722 aut
1161 1704 1284 1731 qumnam
1298 1698 1405 1725 tandem
1417 1699 1470 1726 erit
1487 1701 1650 1728 resurrectio
1663 1707 1736 1728 mor-

949 1744 1067 1773 tuorum,
1079 1748 1140 1776 quae
1155 1742 1284 1776 perennis
1300 1743 1360 1770 vita:
1377 1750 1453 1778 spem
1476 1745 1580 1772 sanctis
1604 1745 1736 1778 immittit,

947 1785 970 1812 si
987 1785 1111 1814 Christus
1125 1795 1177 1814 non
1190 1788 1358 1816 resurrexit?
1371 1788 1502 1821 Quaenam
1531 1798 1596 1818 vero
1623 1792 1675 1818 erit
1689 1791 1738 1818 htt-

946 1838 1088 1859 ntanorum
1119 1840 1263 1867 corporum
1289 1835 1443 1868 vivilicatio,
1475 1843 1536 1870 quae
1562 1843 1609 1871 per
1638 1841 1738 1864 sanetae

947 1877 1031 1911 ipsius
1050 1879 1141 1906 carnis
1162 1883 1190 1906 et
1219 1880 1357 1915 sanguinis
1391 1881 1625 1917 participationem
1653 1883 1735 1910 ellici-

948 1922 1013 1949 tur?

983 1968 1061 2003 721
1086 1969 1116 1997 B.
1142 1969 1262 1997 Dicimus
1289 1970 1382 2005 itaque
1407 1971 1525 1999 Verbum
1543 1979 1653 2000 carnem
1675 1980 1737 2001 esse

946 2013 1058 2045 factum,
1094 2015 1198 2042 ratione
1230 2016 1378 2044 nativitatis
1400 2018 1547 2045 secundum
1573 2026 1682 2045 carnem
1702 2026 1736 2047 ex

947 2058 1071 2091 muliere,
1083 2066 1164 2093 quam
1174 2059 1199 2086 in
1209 2060 1365 2087 novissimis
1375 2061 1466 2088 saeculi
1488 2062 1656 2096 temporibus
1675 2063 1736 2089 sub-

947 2104 1012 2131 iisse
1027 2104 1135 2137 dicitur,
1152 2106 1259 2133 tametsi
1275 2110 1338 2133 ante
1357 2107 1446 2134 omnia
1467 2108 1564 2134 smcula
1587 2107 1733 2141 exstiterit,

947 2154 976 2177 ut
987 2150 1068 2178 Deus.

982 2196 1015 2223 Α.
1039 2196 1166 2225 Omnino.
1184 2198 1222 2225 lta
1238 2199 1308 2225 enim
1322 2198 1408 2226 laetus
1421 2203 1462 2226 est
1478 2199 1634 2226 omnimode
1658 2200 1735 2227 nobis

106 2239 140 2272 τῇ
157 2238 226 2274 πρὸς
238 2239 312 2274 ἡμᾶς
332 2241 366 2276 τῇ
388 2241 460 2268 κατά
481 2243 534 2268 πᾶν
547 2243 646 2274 ὁτιοῦν,
665 2245 728 2280 δίχα
743 2247 790 2281 τῆς
805 2248 895 2284 ἀμαρ-

953 2243 1052 2276 timilis,
1069 2250 1182 2278 excepto
1208 2250 1328 2279 peccato.
1358 2245 1436 2278 Quod
1465 2250 1492 2272 et
1517 2246 1734 2280 sapientissimus

106 2284 179 2315 τίας.
203 2284 258 2310 Καὶ
284 2286 453 2321 μαρτυρήσει
474 2286 559 2321 λέγων
581 2289 595 2315 ὁ
618 2291 755 2325 ﬁdus-0'90;
773 2293 892 2325 Παῦλος’

110 2339 119 2354 ι
133 2329 241 2365 Ἐπειδὴ
258 2330 311 2366 γὰρ
327 2331 362 2357 τὰ
384 2332 478 2359 παιδία
496 2335 693 2371 κεκοινώνηκεν
714 2338 830 2373 αἳματος
846 2340 895 2366 καὶ

109 2375 223 2411 σαρκὸς,
249 2377 296 2403 καὶ
319 2377 399 2409 αὐτὸς
418 2379 615 2414 παραπλησίως
641 2382 755 2418 μετέσχε
771 2385 825 2411 τῶν
846 2386 894 2412 αὺ-

107 2421 174 2453 τῶν,
196 2421 240 2448 ἴνα
264 2421 308 2448 διὰ
322 2422 369 2461 τοιξ
386 2422 501 2450 θανάτου
517 2427 676 2461 καταργήσῃ
691 2427 737 2454 τὸν
748 2429 779 2455 τὸ
795 2429 895 2464 κράτος

108 2466 205 2502 ἔχοντα
219 2467 266 2494 τοῦ
283 2467 410 2502 θανάτου,
424 2470 556 2504 τουτέστι,
571 2471 616 2497 τὸν
630 2472 762 2505 διάϐολον,
777 2474 824 2501 καὶ
842 2476 895 2502 ἀπ-

107 2511 212 2549 αλλάξῃ
226 2513 355 2546 τούτους,
377 2514 433 2541 ὅσοι
448 2515 523 2551 φόϐῳ
537 2515 653 2543 θανάτου
668 2517 712 2544 διὰ
730 2520 830 2550 παντὸς
848 2520 895 2546 τοῦ

108 2559 159 2594 ζῇν
180 2559 267 2594 ἔνοχοι
291 2557 361 2595 ἦσαν
381 2561 511 2593 δουλείας.
536 2563 572 2589 Οὐ
595 2563 649 2599 γὰρ
672 2564 757 2599 δήπου
772 2564 897 2599 ἀγγέλων

108 2604 325 2639 ἐπιλαμϐάνεται
337 2625 345 2638 ,
367 2606 437 2633 ἀλλὰ
459 2608 616 2643 σπέρματος
636 2609 761 2645 Ἀϐραὰμ
778 2611 895 2647 ἐπιλαμ-

108 2651 221 2677 ϐάνεται
241 2659 248 2666 ·
282 2651 343 2678 ὅθεν
367 2651 467 2687 ὤφειλε
494 2653 528 2680 τὰ
560 2654 649 2681 πάντα
684 2656 740 2686 τοῖς
771 2655 895 2690 ἀδελφοῖς

108 2696 284 2732 ὁμοιωθῆναι.
299 2707 309 2722 ι
331 2697 363 2724 'll
372 2698 400 2723 δὲ
419 2708 427 2724 ι
444 2698 515 2725 κατὰ
525 2699 613 2726 πάντα
631 2709 639 2725 μ
660 2701 798 2734 ὁμοίωσις,
809 2701 896 2736 ἀρχὴν

108 2741 205 2777 ὥσπερ
218 2742 278 2769 τινὰ
291 2743 336 2769 καὶ
352 2744 529 2779 προεισϐο).ὴν
544 2745 589 2771 τοῦ
606 2746 784 2781 πράγματος,
800 2747 849 2782 τὴν
863 2748 895 2774 ἐκ

109 2789 240 2822 γυναικὸς
256 2790 383 2823 ὰπότεξιν
398 2790 464 2825 ἔχει,
479 2791 526 2817 καὶ
539 2791 587 2826 τὴν
605 2792 633 2818 ἐν
646 2792 728 2828 σαρκὶ
742 2793 894 2828 φανέρωσιν

143 2879 178 2895 ⁸¹⁴
191 2878 200 2906 Ι
215 2878 278 2906 Cor.
297 2887 339 2913 xv,
357 2878 402 2906 45.
442 2881 463 2895 θ’
479 2878 560 2907 llebr.
574 2887 601 2912 ιι,
621 2880 711 2907 Η-ΙἹ.

948 2288 1048 2316 Paulus
1064 2290 1325 2325 testatur,inquieus
1341 2298 1348 2316 :
1368 2299 1377 2315 ι
1391 2290 1457 2323 Quia
1474 2298 1538 2325 ergo
1566 2292 1642 2326 pueri
1656 2299 1733 2318 com-

947 2334 1237 2363 municaveruntcarni
1272 2341 1299 2363 et
1325 2336 1461 2371 sanguini,
1485 2341 1512 2364 et
1544 2337 1735 2371 ipsesimiliter

948 2381 1119 2415 partieipavit
1133 2382 1252 2414 eisdem;
1274 2387 1303 2409 ut
1316 2390 1363 2417 per
1381 2387 1495 2410 mortem
1508 2383 1661 2410 destrueret
1672 2391 1732 2410 cum

949 2426 993 2462 qui
1007 2427 1121 2454 habebat
1136 2428 1232 2456 Inertis
1252 2429 1406 2463 imperium,
1425 2430 1450 2456 id
1466 2435 1508 2456 est
1533 2429 1682 2461 diabolum,
1706 2434 1734 2456 ct

950 2471 1078 2499 liberaret
1109 2480 1157 2500 eos
1186 2473 1232 2508 qui
1258 2474 1354 2501 timore
1371 2475 1466 2501 mortis
1493 2482 1540 2509 per
1553 2479 1635 2502 totam
1650 2475 1732 2502 vitam

950 2521 1028 2544 erant
1043 2517 1151 2544 obnoxii
1168 2518 1305 2546 servituti.
1322 2519 1458 2554 Nusquam
1475 2520 1545 2547 enim
1563 2519 1672 2555 angelos
1686 2527 1734 2555 ap-

951 2563 1103 2598 prehendit,
1116 2565 1161 2592 sed
1177 2572 1269 2592 semen
1298 2566 1412 2593 Ahraha:
1442 2567 1628 2601 apprehendit.
1657 2566 1734 2594 Unde

950 2610 1041 2637 debuit
1055 2611 1200 2645 peremnia
1213 2611 1340 2640 fratribus
1355 2613 1500 2640 assimilari
1514 2614 1566 2641 ⁸⁸.»
1578 2614 1733 2641 Similitudo

948 2659 1038 2683 autetn
1056 2666 1065 2681 ι
1085 2664 1132 2691 per
1157 2657 1262 2690 omnia,
1284 2666 1293 2682 ›
1310 2657 1416 2684 initium
1441 2659 1638 2691 quodammodo
1654 2666 1734 2694 atque

948 2703 1123 2736 primordium
1135 2703 1214 2730 habet
1230 2703 1397 2731 nativitatem
1410 2711 1443 2731 ex
1461 2705 1584 2737 muliere,
1599 2710 1626 2732 et
1648 2706 1733 2732 mani-

947 2747 1117 2775 festatiouem
1130 2748 1156 2775 in
1169 2755 1250 2776 carne
1261 2749 1318 2783 ejus
1329 2749 1373 2783 qui
1390 2749 1465 2783 juxta
1499 2750 1634 2783 propriam
1653 2756 1732 2777 natu-

948 2801 1004 2821 ram
1020 2795 1093 2822 cerni
1121 2795 1222 2829 nequit,
1246 2800 1272 2823 et
1301 2796 1508 2830 dispensativaut
1538 2797 1731 2825 habitationem
