1927 3036
212 170 280 200 {967

724 172 752 199 S.
772 171 907 198 CVRILIJ
929 171 1159 198 ΛῌῙΧΑΝΜΗΝΙ
1181 171 1340 198 ΑΜΣΙΙΙΕΡ.

1768 168 1778 194 l
1785 166 1840 194 238

211 232 281 258 inter
308 236 441 266 nos,ejus
469 231 513 266 qui
545 230 800 258 excellentissimum
825 237 922 256 nomen
952 235 988 255 es]

1044 228 1090 254 τοῦ
1107 229 1178 255 κατὰ
1201 228 1282 264 φύσιν
1309 228 1376 257 ἰδίαν
1393 227 1441 262 οὐχ
1463 225 1577 260 ὁρατοῦ.
1595 224 1642 251 καὶ
1665 223 1715 258 τὴν
1733 224 1762 249 ἐν
1779 223 1839 254 τοῖς

210 281 382 309 consecutus,
398 282 426 305 et
446 277 624 304 humilitatem
635 276 660 302 in
679 275 858 307 humanitate,
874 276 933 310 ejus
946 275 991 309 qui

210 322 236 349 in
251 322 386 357 supremis
414 322 517 349 thronis
527 321 653 356 eﬁ‘ulget;
668 326 694 348 et
709 320 815 348 servilis
829 320 992 348 conditiOnis

207 368 309 396 factum
336 375 405 400 esse,
430 367 473 395 cui
489 366 635 394 dominium
659 367 818 395 naturaliter
840 367 990 401 competit:

210 423 219 439 I
239 414 307 442 Deus
321 414 391 441 enim
407 418 465 441 erat
480 413 594 440 Verbum
615 413 647 439 ⁸³.
664 422 673 438 ι

243 504 272 530 Β.
286 504 368 530 Recte
383 503 490 538 quidem
519 503 637 530 disseris.
667 502 799 530 Cancrum
823 502 886 529 illud
909 502 990 529 etiam

207 550 281 584 ipsos
295 550 384 576 dicere
402 549 481 581 Srito,
499 556 588 583 neque
603 549 675 576 enim
687 548 798 581 intelligi
811 555 899 581 posse,
913 553 992 581 a:que

207 595 274 621 adeo
285 594 432 621 absurdum
447 602 508 622 esse
523 594 679 622 existimare
703 599 727 621 ct
746 594 835 621 dicere
862 593 989 626 Verbum,

205 641 276 675 quod
285 639 413 667 ineli‘abili
431 641 546 674 quadam
559 640 663 667 ratione
676 645 758 675 atque
769 640 932 667 intellectum
944 647 992 666 ex-

206 686 318 713 cedente
331 694 361 712 ex
381 686 434 712 Deo
447 685 527 713 Patre
539 690 590 718 est,
602 686 747 712 secundam
762 693 869 720 quoque
883 692 915 712 ex
933 693 992 712 mu—

206 731 272 759 liere
287 732 453 759 nativitatem
469 731 594 759 subiisse.
612 731 739 758 Sullicere
754 731 826 758 enim
842 731 892 765 ipsi
904 731 990 763 aiunt,

205 778 275 812 quod
299 777 382 804 semel
411 785 442 804 ex
463 777 543 804 Patre
559 777 650 804 divino
665 784 740 804 more
753 777 859 812 genitus
873 777 917 804 sit.

240 822 273 850 Α.
292 822 423 850 lnsultant
437 823 526 856 itaque
539 822 624 855 Filio;
642 829 729 857 neque
745 827 820 850 recte
837 822 924 856 ipsum
938 822 989 849 sibi

205 869 376 897 consuluisse
391 869 476 901 aiunt,
499 869 544 903 qui
561 868 737 896 voluntariam
755 875 804 902 pro
831 868 906 895 nobis
940 875 990 894 ex-

1043 274 1106 301 καθ’
1128 275 1203 310 ἡμᾶς
1227 274 1340 301 κάθεσιν
1352 271 1527 308 οἰκονομικὴν
1544 270 1590 298 τοῦ
1615 271 1644 296 ὲν
1669 268 1838 304 ὑπερτάτοις

1042 320 1118 352 ὖντος
1130 320 1254 355 ὀνόμασι,
1269 319 1316 346 καὶ
1329 319 1360 345 τὺ
1377 319 1406 345 ὲν
1421 317 1611 353 ἀνθρωπότητι
1626 316 1771 346 ταπεινὸν,
1785 314 1836 342 τοῦ

1041 368 1097 398 τοῖς
1118 366 1250 393 ἀνωτάτω
1265 365 1370 400 θρόνοις
1386 364 1575 399 ἐμπρέποντας
1588 382 1595 394 ,
1617 362 1665 389 καὶ
1684 361 1715 388 τὺ
1738 361 1767 388 ὲν
1786 361 1837 396 μὲ-

1042 419 1116 446 -ιροις
1135 411 1261 444 γενέσθαι
1279 411 1335 442 τοῖς
1357 410 1503 440 οἰκετικαῖς
1520 408 1566 434 τὸν
1580 409 1610 434 ὲν
1621 407 1765 443 κυριότητι
1788 415 1837 441 φυ-

1043 457 1104 491 σικῇ
1116 464 1125 472 υ
1140 465 1150 482 ι
1167 456 1233 488 Θεὸς
1248 456 1303 491 γὰρ
1319 456 1405 489 Λόγος
1420 453 1464 490 ἦν.
1482 464 1491 480 ι

1077 503 1106 529 Β.
1119 503 1214 537 Διανοῇ
1228 501 1276 537 μὲν
1289 501 1377 537 ὀρθῶς
1386 510 1392 516 ·
1413 500 1483 536 πλὴν
1497 500 1551 527 ῐσθι
1563 509 1605 526 τοι
1619 499 1732 526 κάκεῖνο
1742 498 1837 534 ἐροῦν-

1041 557 1091 580 τας
1102 570 1109 581 ,
1134 549 1172 580 ὡς
1193 548 1338 583 ἀνέφικτον
1358 547 1399 582 εῐη
1415 547 1485 582 τάχα
1500 555 1553 573 που
1568 546 1616 573 καὶ⁵
1630 545 1747 577 ἀκαλλὲς
1761 566 1768 577 ,
1785 545 1834 571 τὸν

1041 594 1073 619 ὲκ
1085 593 1152 620 Θεοῦ
1168 593 1284 628 Πατρὸς.
1300 613 1307 620 .
1324 614 1329 619 .
1351 613 1357 620 .
1379 612 1385 619 .
1405 592 1441 619 τά
1454 592 1550 625 Λόγον,
1565 592 1732 627 άπορῤήτως
1744 600 1773 617 τε
1783 590 1835 617 καὶ

1042 639 1112 673 ὑπὲρ
1131 638 1203 669 νοῦν,
1219 638 1322 665 οἴεσθαί
1344 646 1375 664 τε
1392 637 1441 664 καὶ
1452 637 1552 671 λέγειν,
1576 638 1623 663 καὶ
1635 636 1766 671 δευτέραν
1781 636 1833 671 τὴν

1042 684 1074 710 ἐκ
1090 683 1218 717 γυναικὸς
1231 684 1378 718 ὑπομεῖναι
1395 684 1532 718 γέννησιν.
1542 682 1663 717 Ἀπόχρη
1677 682 1733 717 γὰρ
1745 682 1832 718 αὐτῷ,

1042 730 1117 763 φασὶ,
1137 729 1166 755 τὸ
1179 728 1252 761 ἅπαξ
1273 730 1304 756 ὲκ
1320 730 1425 765 [la-.95;
1440 728 1605 764 γεννηθῆναι
1620 728 1794 763 θεοπρεπῶς.

1078 823 1108 848 Λ.
1127 821 1242 855 Οὐκοῦν,
1264 823 1458 858 ἐπιπλήττουσι
1472 822 1510 858 τῷ
1525 822 1582 858 Υίῴ
1595 843 1602 855 ,
1619 822 1667 849 καὶ
1688 822 1740 848 οὐκ
1765 821 1832 857 ὀρθὰ

1045 867 1323 903 βεΰουλεῦσοαίφασιν
1335 869 1426 899 αὐτὸν.
1439 869 1487 905 τὴν
1499 869 1532 895 δι’
1550 869 1623 904 ἡμᾶς
1641 868 1758 895 κένωσιν
1771 868 1831 894 ἐθε-

205 914 383 942 inanitioncm
412 914 536 941 subierit.
563 913 666 941 Vanum
695 918 783 940 autem
815 912 894 940 luerit
911 917 988 948 atque

1042 913 1146 940 λούσιον
1171 915 1366 949 ὑπομείναντα.
1390 915 1569 950 Κατήργηται
1593 914 1646 947 δὲ,“
1656 914 1705 941 καὶ
1728 915 1831 940 εἰκαῖον

205 962 284 988 inane
298 961 478 988 venerandum
490 968 521 987 ac
532 967 657 992 magnum
670 959 806 994 religionis
820 958 988 994 mysterium,

204 1013 230 1034 et
243 1007 399 1042 prmclaram
416 1007 486 1034 illam
502 1014 533 1033 ac
545 1004 851 1041 singularemUnigeniti
869 1005 894 1032 in
909 1011 990 1032 carne

205 1053 431 1088 dispensationem
449 1051 725 1087 iul'rugil‘eramplaoe
752 1051 904 1079 hominibus
929 1059 990 1079 esse

205 1105 338 1128 statuunt.
353 1100 486 1128 Caeterum
518 1099 623 1126 illorqu
659 1106 744 1132 nugas
768 1097 856 1126 locum
886 1098 989 1125 nullum

205 1147 307 1175 habere
321 1147 419 1174 debere
434 1145 540 1173 Veritas
555 1145 611 1179 ipsa
626 1144 810 1179 evincit,quin
826 1145 914 1179 potius
929 1144 989 1172 illos

204 1193 341 1227 redarguit
356 1191 522 1226 ineptissime
542 1191 686 1224 blaterare,
714 1196 741 1218 et
757 1190 858 1218 CltriSIi
890 1195 989 1225 myste-

203 1240 273 1266 rium
291 1238 478 1272 nullopcnitns
507 1237 586 1279 modo
622 1237 779 1272 intelligere.
804 1236 871 1263 Nam
896 1237 990 1271 genuit

202 1285 310 1320 quidem
329 1283 401 1311 Deus
416 1291 446 1311 ac
464 1283 542 1310 Pater
567 1283 664 1310 Filium
694 1291 726 1310 ex
757 1284 856 1317 seipso,
877 1289 990 1317 genera-

203 1331 276 1358 tione
291 1338 353 1357 una.
373 1330 505 1357 Carterum
525 1329 625 1364 placuit
648 1329 672 1356 ei
696 1329 852 1356 instaurare
876 1329 902 1355 in
931 1329 988 1363 ipso

202 1384 286 1411 genus
302 1377 446 1403 lutmanum
461 1383 509 1410 per
522 1375 732 1402 incarnationem
773 1375 830 1402 sive
858 1375 988 1402 humana-

203 1423 315 1454 tionem,
343 1429 423 1456 quam
449 1421 559 1449 omnino
586 1421 643 1448 ﬁeri
668 1422 788 1456 oportuit
812 1428 861 1455 per
889 1421 987 1448 nativi-

203 1474 284 1496 tatem
300 1476 332 1496 ex
347 1468 470 1499 muliere,
483 1467 562 1502 722
579 1471 607 1494 ιιι
621 1474 669 1502 per
686 1467 890 1494 similitudinem
907 1474 988 1500 quam

203 1515 341 1542 uobiscum
357 1514 437 1541 habet
448 1513 562 1540 Verbmn
577 1521 611 1540 ex
629 1513 682 1539 Deo
697 1518 800 1545 ortum,
822 1513 988 1540 condemne-

203 1567 246 1588 tur
262 1561 371 1596 quidem
386 1560 411 1587 in
423 1559 550 1587 membris
567 1560 658 1587 carnis
684 1564 783 1586 nostra:
808 1559 850 1585 lex
865 1559 986 1592 peccati;

203 1607 230 1633 in
250 1606 427 1633 similitudine
445 1610 534 1632 autem
551 1604 646 1632 mortis
668 1603 726 1637 ejus
737 1604 782 1638 qui
807 1609 919 1631 mortem
933 1611 986 1630 non

203 1651 288 1682 novit,
302 1655 448 1678 evacuatur
465 1657 547 1676 mors.
566 1658 574 1674 ι
595 1649 622 1676 Si
635 1649 707 1675 enim
724 1648 898 1682 complantati
924 1648 987 1675 lacti

203 1704 307 1728 Sinnius,
323 1695 422 1729 inquit,
446 1694 615 1721 similitudini
639 1694 735 1721 mortis
765 1693 822 1727 ejus
839 1693 939 1720 :simul
962 1699 990 1721 et

203 1740 394 1768 resurrectioni
411 1740 512 1766 erimus
524 1740 560 1766 ⁵⁵.
580 1749 589 1765 ι
612 1738 771 1766 Necessario
786 1740 877 1773 itaque
897 1739 921 1766 is
943 1739 988 1773 qui

202 1794 310 1822 settiper
323 1786 440 1818 exsistit,
459 1790 537 1813 natas
544 1791 584 1813 est
601 1786 750 1813 secundum
761 1793 883 1818 carnem,
896 1791 987 1814 nostra

202 1835 228 1860 in
241 1834 358 1868 seipsum
375 1833 550 1865 transferens,
569 1837 598 1859 ut
618 1831 743 1858 nimirum
759 1832 894 1866 genimina
927 1839 988 1858 car-

203 1880 254 1910 nis.
268 1879 319 1906 hoc
333 1883 383 1910 est.
397 1886 456 1910 nos,
470 1878 636 1912 corruptioni
651 1877 850 1911 perditioniqne
865 1877 986 1909 obnoxii,

202 1933 360 1954 maneamus
373 1925 398 1951 in
428 1924 496 1958 ipso,
527 1923 625 1958 quippe
647 1923 703 1957 qui.
726 1931 786 1957 qua:
802 1928 894 1950 nostra
913 1927 985 1956 sunt,

201 1971 309 2007 propria
325 1971 383 1998 sibi
394 1970 499 2003 fecerit,
511 1975 538 1997 ct
552 1977 602 1996 sua
616 1969 704 1996 nobis.
721 1969 834 2003 Propter
849 1977 898 1997 nos
913 1970 985 1996 enim

200 2018 284 2052 eguit,
302 2025 362 2044 cum
389 2020 462 2043 esset
491 2016 580 2048 dircs,
613 2020 641 2041 ut
664 2023 712 2042 nos
723 2015 805 2050 ipsius
817 2015 905 2049 inopia
918 2015 986 2043 dites

201 2063 378 2090 evaderemus
391 2063 425 2090 ".
439 2062 489 2096 Qui
503 2069 567 2089 vero
595 2065 720 2089 asserunt
746 2068 798 2087 non
819 2061 905 2095 ipsum
921 2060 987 2088 Ver-

200 2111 264 2137 bum
279 2117 311 2136 ες
325 2109 379 2136 Deo
396 2108 496 2135 factum
510 2115 570 2135 esse
585 2114 734 2134 carncmex
749 2107 870 2138 muliere,
879 2114 986 2134 omnem

201 2155 408 2183 saiutisuostrte
431 2154 663 2188 dispensationem
691 2153 798 2180 tollunt.
827 2152 884 2179 Nisi
913 2152 985 2180 enim

202 2203 277 2229 dires
292 2209 351 2229 cmn
368 2205 440 2228 esset
454 2200 599 2234 egttii,prt£
611 2201 741 2225 immensa
758 2206 806 2226 sua
821 2198 986 2232 benignitate

202 2255 232 2274 se
251 2247 284 2273 ad
301 2251 392 2273 ucstra
402 2245 558 2276 demitteus,
577 2251 610 2270 ne
625 2251 672 2270 nos
691 2244 799 2278 quidem
815 2251 875 2278 qua:
902 2243 986 2278 ipsius

201 2297 264 2319 sunt
276 2291 414 2319 consecuti
429 2297 522 2317 sunuts
537 2299 543 2316 :
557 2290 602 2316 sed
618 2290 704 2316 adhuc
717 2290 744 2316 in
760 2290 843 2317 veteri
867 2294 988 2324 egestate

201 2345 355 2368 versantur.
381 2335 619 2369 cxsecrationique
647 2341 674 2363 et
703 2335 785 2363 morti
812 2343 842 2363 ac
875 2340 987 2369 peccato

198 2383 429 2411 nbnoxiisumus.
455 2380 521 2408 Nam
548 2388 581 2408 eo
611 2381 668 2416 ipso
698 2383 768 2416 quod
791 2382 906 2409 Verbum
925 2389 988 2409 caro

201 2435 303 2457 tactum
321 2433 373 2461 est,
386 2428 490 2455 sublata
505 2432 566 2454 sunt
585 2435 616 2455 ea
631 2436 692 2462 qua:
703 2436 735 2455 ex
753 2428 944 2455 maledictione
959 2433 987 2455 et.

200 2474 428 2502 eondcmnatione
447 2474 570 2500 humana:
584 2479 688 2501 natura:
716 2474 882 2501 acciderant.
913 2474 987 2506 Quo-

201 2521 277 2548 circa
294 2520 315 2547 si
330 2519 426 2547 salutis
440 2524 539 2547 nostra:
556 2520 674 2547 radicem
695 2521 859 2551 convellunt,
887 2524 912 2546 et
929 2520 985 2553 spei

202 2567 515 2595 nostraefundamentnm
543 2567 714 2597 subvertunt,
727 2565 791 2601 quid
817 2567 942 2600 deinceps
956 2566 989 2592 de

202 2613 278 2641 nobis
291 2613 354 2640 lict?
376 2612 441 2639 Nam
455 2613 477 2639 si
495 2612 611 2639 Verbum
627 2619 692 2639 caro
710 2612 808 2638 factum
822 2619 874 2639 non
898 2617 948 2643 est,
960 2616 989 2638 ut

201 2659 267 2690 dixi.
284 2667 317 2686 ne
332 2659 427 2686 mortis
443 2659 551 2692 quidem
578 2657 720 2692 imperium
737 2664 879 2683 excussum
892 2661 942 2686 cst,
958 2661 1003 2687 ct,

200 2710 339 2740 peccatum
365 2705 436 2732 nulla
446 2704 551 2731 ratione
569 2703 698 2730 abolitum
718 2703 808 2733 fuerit.
833 2703 879 2729 sed
901 2702 992 2728 adiute-

201 2751 282 2784 primi
295 2751 424 2785 parentis,
443 2751 494 2777 hoc
508 2754 558 2782 est,
573 2749 680 2780 Adami,
698 2748 913 2784 prmvaricationi
940 2748 988 2774 ob-

202 2798 273 2825 noxii
291 2805 394 2828 sumus,
418 2804 504 2830 neque
521 2796 546 2822 in
577 2795 712 2822 meliorem
737 2799 837 2822 statuat
868 2793 989 2820 translati

461 2886 481 2899 "
498 2885 573 2912 llum.
587 2893 620 2919 ri,
638 2886 662 2910 Ci.

238 2888 259 2903 ⁵³
275 2887 352 2915 .loan.
365 2894 383 2920 ι,
400 2887 421 2912 1.
461 2886 481 2899 ⁸·
498 2885 573 2912 lium.
587 2893 620 2919 ri,
638 2886 662 2910 Ci.
702 2886 722 2900 δ”
736 2885 756 2911 ll
771 2885 833 2912 Cur.
851 2893 906 2918 nu,
921 2886 946 2911 9.

1042 959 1092 995 ἤδη
1109 959 1166 992 πῶς
1181 961 1238 987 ἐστι
1256 960 1286 987 τὸ
1302 961 1400 987 σεπτὸν
1417 961 1462 987 καὶ
1477 961 1546 996 μέγα
1559 961 1610 996 τῆς
1621 960 1766 992 εὐσεϐείας
1780 969 1831 995 μου

1041 1006 1151 1041 στήριον
1161 1026 1168 1039 ,
1182 1005 1212 1032 τὸ
1226 1006 1275 1041 τῆς
1301 1006 1370 1041 μετὰ
1393 1006 1493 1041 σαρκὸς
1506 1006 1661 1041 οἰκονομίας
1678 1005 1726 1032 τοῦ
1743 1006 1831 1032 Μονο-

1040 1053 1136 1085 γενοῦς
1149 1052 1274 1087 εὐτεχνὲς
1284 1072 1292 1085 ,
1308 1053 1437 1088 ἀνόνητον
1453 1052 1632 1086 ἀποφαίνουσι
1646 1052 1704 1083 τοῖς
1720 1051 1767 1077 ἐπὶ
1782 1051 1831 1086 τῆς

1040 1098 1106 1133 γῆς’
1134 1098 1192 1125 ἀλλ’
1217 1099 1248 1125 οὐ
1271 1100 1327 1130 τοῖς
1342 1098 1454 1124 ἐκείνων
1475 1098 1670 1133 βατταρισμοῖς
1683 1096 1715 1123 τὸ
1733 1096 1831 1131 χρῆναι

1040 1145 1150 1179 κρατεῖν
1173 1145 1187 1172 ό
1207 1144 1257 1179 τῆς
1284 1144 1412 1179 ἀληθείας
1439 1144 1532 1178 ἐφίησι
1551 1143 1649 1177 λόγος,
1677 1141 1784 1176 ἐλέγξει
1803 1141 1830 1167 δι

1043 1190 1154 1223 μᾶλλον,
1168 1189 1359 1217 ἀσυνετώτατα
1375 1190 1423 1225 μὲν
1435 1189 1673 1225 πεφλυαρηκότας,
1687 1187 1793 1218 εἰδότας
1803 1187 1831 1213 δὲ

1039 1236 1100 1262 κατ’
1108 1235 1202 1262 οὐδένα
1211 1235 1310 1270 τρόπον
1325 1235 1355 1262 τδ
1368 1234 1486 1270 Χριστοῦ
1503 1234 1661 1270 μυστήριον.
1676 1233 1830 1266 Γεγέννηκε

1041 1282 1089 1316 μὲν
1101 1281 1155 1317 γὰρ
1169 1282 1184 1307 ό
1199 1281 1265 1313 Θεὸς
1280 1281 1327 1308 καὶ
1345 1281 1440 1317 Πατὴρ
1463 1281 1508 1307 τὸν
1528 1280 1592 1307 Υἱδν
1605 1279 1635 1312 ἐξ
1651 1278 1830 1311 ἑαυτοῦ,γεν-

1039 1329 1114 1363 νήσει
1140 1329 1202 1363 μιᾷ“
1224 1328 1294 1364 πλὴν
1313 1328 1458 1363 εὐδόκησεν
1474 1328 1504 1354 ἐν
1521 1327 1596 1362 αὐτῴ
1611 1326 1642 1352 τὸ
1658 1325 1830 1361 ἀνθρώπινον

1038 1373 1176 1400 ἀνασῶσαι
1204 1374 1302 1408 γένος,
1326 1374 1420 1410 τρόπῳ
1445 1374 1484 1409 τῷ
1511 1373 1582 1407 κατὰ
1603 1372 1652 1406 τὴν
1677 1373 1830 1408 σάρκωσιν,

1038 1420 1122 1454 ἥγουν
1137 1419 1357 1455 ἐνανθρὼπησιν,
1373 1420 1406 1455 ἣν
1419 1421 1508 1455 πάντη
1522 1428 1553 1446 τε
1569 1419 1617 1446 καὶ
1628 1419 1740 1450 πάντως
1755 1417 1830 1452 γενέ-

1040 1465 1102 1492 σθαι
1116 1465 1211 1500 ἐχρῆν,
1225 1465 1269 1492 διὰ
1283 1466 1436 1500 γεννήσεως
1447 1465 1567 1500 δηλονότι
1579 1465 1628 1499 τὴν
1644 1465 1676 1491 ἐκ
1689 1463 1829 1498 γυναικὸς,

1039 1513 1083 1538 ἵνα
1099 1514 1132 1548 τῇ
1149 1513 1216 1547 πρὸς
1229 1513 1302 1547 ἡμᾶς
1318 1513 1447 1548 ὁμοιώσει
1462 1512 1507 1539 τοῦ
1525 1512 1557 1539 ὲκ
1573 1511 1640 1538 Θεοῦ
1655 1512 1756 1546 φύντος
1778 1510 1830 1537 Λό-

1040 1568 1100 1594 γου,
1125 1560 1324 1595 κατακρίνηται
1350 1560 1400 1594 μὲν
1419 1561 1448 1586 ὲν
1466 1560 1521 1590 τοῖς
1539 1558 1632 1594 μέλεσι
1652 1558 1704 1593 τῆς
1730 1557 1830 1592 σαρκὸς

1041 1607 1091 1640 τῆς
1105 1606 1242 1642 ἁμαρτίας
1257 1607 1271 1632 ὁ
1286 1606 1377 1641 νόμος,
1396 1606 1425 1631 ἐν
1437 1604 1591 1639 ὁμοιώματι
1603 1604 1631 1631 δὲ
1644 1604 1764 1630 θανάτου
1784 1603 1830 1630 τοῦ

1043 1652 1080 1687 μὴ
1111 1652 1212 1683 εἰδότος
1240 1652 1321 1678 αὑτὸν
1345 1651 1518 1685 καταργῆται
1544 1649 1668 1681 θάνατος.
1698 1658 1708 1674 ‹
1727 1649 1760 1675 Εἰ
1778 1649 1831 1684 γάρ

1043 1698 1180 1733 σύμφυτοι
1204 1701 1372 1733 γεγόναμεν,
1389 1697 1456 1732 φησι
1467 1717 1475 1729 ,
1491 1696 1529 1731 τῷ
1545 1695 1700 1730 ὁμοιώματι
1721 1695 1769 1721 τοῦ
1785 1695 1831 1721 θα-

1040 1745 1120 1771 νάτου
1135 1744 1217 1771 αὑτοῦ
1231 1765 1238 1775 ,
1255 1743 1321 1770 ἀλλὰ
1336 1743 1383 1769 καὶ
1400 1742 1449 1777 τῆς
1467 1742 1641 1772 ἀναστάσεως
1661 1740 1793 1775 ἐσόμεθα.
1819 1749 1827 1764 ι

1041 1790 1144 1817 Οὐκοῦν
1164 1789 1320 1823 ἀναγκαίως
1336 1789 1349 1815 ὁ
1363 1788 1401 1814 ὣν
1421 1787 1467 1814 καὶ
1480 1788 1494 1814 ὁ
1513 1787 1644 1822 ὑπάρχων
1665 1786 1829 1820 γεγέννηται

1040 1836 1110 1862 κατὰ
1128 1835 1228 1870 σάρκα,
1243 1834 1278 1861 τὰ
1295 1834 1374 1869 ἡμῶν
1391 1835 1432 1865 εἰς
1455 1833 1550 1859 ἑαυτὸν
1565 1832 1704 1867 μεταθεὶς,
1729 1832 1774 1858 ἵνα
1797 1831 1829 1857 τὰ

1042 1882 1144 1917 σαρκὸς
1157 1881 1325 1916 γεννήματα,
1337 1879 1486 1911 τουτέστιν,
1513 1879 1595 1913 ἡμεῖς
1617 1879 1641 1904 οἱ
1667 1878 1784 1912 φθαρτοί
1800 1885 1828 1902 τε

1041 1929 1087 1955 καὶ
1109 1927 1310 1962 ἀπολλύμενοι,
1347 1925 1472 1961 μένωμεν
1496 1925 1525 1950 ἐν
1549 1923 1634 1959 αὐτῷ,
1658 1924 1713 1950 ἴδια
1737 1922 1828 1949 λοιπὸν

1040 1973 1127 2008 ἔχοντι
1142 1973 1175 1999 τά
1197 1972 1286 2007 ὴμῶν,
1303 1972 1346 1998 ἵνα
1362 1971 1408 1998 καὶ
1427 1971 1507 2005 ἡμεῖς
1531 1969 1566 1996 τὰ
1585 1968 1678 1995 αὑτοῦ.
1701 1968 1740 1995 Δι’
1757 1969 1828 2003 ἡμᾶς

1040 2020 1094 2054 γὰρ
1116 2017 1271 2053 ἑπτώχευσε
1288 2018 1414 2048 πλούσιος
1436 2015 1484 2048 ὢν,
1503 2015 1546 2042 ἵνα
1569 2016 1649 2050 ἡμεῖς
1673 2016 1707 2050 τῇ
1725 2015 1829 2041 ἐκείνου

1039 2064 1162 2099 πτωχείᾳ
1175 2063 1380 2098 πλουτήσωμεν.
1396 2061 1548 2092 Φάσκοντές
1559 2069 1593 2094 γε
1605 2060 1668 2095 μὴν,
1683 2060 1736 2086 οὐκ
1749 2060 1829 2086 αὐτὸν

1037 2110 1162 2145 γενέσθαι
1183 2110 1271 2145 σάρκα
1291 2109 1336 2136 τὸν
1353 2109 1385 2135 ἐκ
1405 2108 1474 2134 Θεοῦ
1496 2107 1593 2140 Λόγον,
1613 2106 1672 2141 ἦτοι
1699 2106 1828 2139 γέννηοιν

1039 2157 1185 2192 ὑπομεῖναι
1202 2156 1251 2191 τὴν
1269 2155 1339 2182 κατὰ
1360 2155 1449 2190 σάρκα
1474 2153 1505 2179 ἐκ
1526 2151 1664 2186 γυναικὸς,
1687 2151 1829 2186 ἀναιροῦσι

1039 2203 1088 2237 τὴν
1104 2202 1270 2237 οἰκονομίαν.
1292 2202 1322 2227 Εἰ
1339 2201 1393 2236 γὰρ
1409 2200 1446 2235 μὴ
1460 2199 1587 2230 πλούσιος
1603 2197 1641 2224 ὢν
1661 2197 1829 2231 ἐπτώχευσε,

1003 2261 1024 2287 D
1040 2248 1134 2279 καθεὶς
1150 2248 1245 2274 ἑαυτὸν
1258 2248 1314 2278 τοῖς
1329 2246 1389 2272 καθ’
1403 2247 1477 2281 ἡμᾶς
1490 2247 1523 2272 ἐκ
1536 2244 1755 2279 φιλανθρωπίας,
1772 2243 1828 2269 οὐδὲ

1040 2295 1121 2330 ἡμεῖς
1143 2294 1176 2320 τὰ
1195 2293 1276 2320 αὑτοῦ
1302 2293 1542 2327 πεπλουτήκαμεν,
1566 2290 1624 2318 ἀλλ’
1640 2291 1726 2325 ἐσμὲν
1746 2291 1775 2316 ὲν
1794 2290 1829 2324 τῷ

1040 2339 1188 2374 πτωχεύειν
1217 2340 1256 2366 ἐτι
1283 2340 1329 2367 καὶ
1352 2339 1406 2374 ἀρᾷ
1431 2338 1480 2365 καὶ
1503 2337 1610 2372 θανάτῳ
1635 2337 1682 2363 καὶ
1706 2336 1829 2371 ἁμαρτίᾳ

1040 2386 1222 2421 ὲνισχημὲνοι.
1240 2386 1276 2412 To
1293 2385 1390 2420 γάρτοι
1413 2384 1540 2418 γενέσθαι
1556 2384 1647 2418 σάρκα
1669 2383 1717 2409 τὸν
1735 2383 1828 2416 Λόγον,

1042 2433 1118 2459 λύσιν
1138 2433 1193 2466 ἔχει
1209 2433 1255 2458 καὶ
1270 2431 1426 2466 ἀνατροπὴν
1442 2431 1496 2457 τῶν
1510 2429 1540 2462 ἐξ
1553 2430 1622 2465 ἀρᾶς
1636 2430 1684 2456 καὶ
1698 2430 1779 2464 δίκης
1798 2430 1828 2463 τῇ

1041 2478 1088 2505 τοῦ
1119 2478 1260 2513 ἀνθρώπου
1290 2478 1369 2512 φύσει
1395 2476 1619 2512 συμῦεὸηκότων.
1649 2475 1773 2507 Οὐκοῦν,
1807 2475 1828 2501 εἰ

1041 2524 1252 2558 ἀναϐοθρεὺουσι
1268 2525 1317 2558 τῆς
1339 2523 1477 2558 σωτηρίας
1494 2521 1572 2557 ἡμῶν
1593 2521 1643 2556 τὴν
1669 2521 1766 2556 ῥίζαν,
1787 2520 1828 2547 καὶ

1042 2569 1087 2595 τὸν
1109 2569 1158 2603 τῆς
1175 2569 1281 2600 ἐλπίδος
1298 2568 1422 2603 θεμέλιον
1440 2567 1633 2603 ἀνορύττουσι,
1650 2567 1702 2593 ποῦ
1717 2567 1753 2593 τὰ
1775 2570 1836 2601 μετ’

1038 2602 1123 2641 αὐτὸν
1147 2613 1191 2640 ἕτί
1213 2614 1350 2646 κείσεται;
1376 2615 1412 2641 Οὐ
1437 2615 1490 2649 γὰρ
1513 2614 1665 2648 γεγονότος.
1692 2613 1730 2645 ὡς
1753 2613 1827 2648 ἔφην,

1043 2661 1143 2696 σαρκὸς
1158 2660 1205 2686 τοῦ
1221 2660 1317 2693 Λόγου,
1331 2659 1392 2686 οὔτε
1411 2660 1459 2686 τοῦ
1485 2660 1601 2686 θανάτου
1620 2658 1783 2692 κατεσείσθη
1802 2659 1830 2684 το

1041 2707 1152 2741 κράτος,
1170 2706 1341 2740 κατήργηται
1362 2705 1390 2731 δὲ
1405 2706 1467 2731 κατ’
1483 2705 1578 2731 οὐδένα
1594 2705 1724 2740 τρόπονή
1742 2705 1825 2738 ἁμαρ-

1041 2751 1094 2784 τία,
1119 2751 1165 2778 καὶ
1190 2751 1274 2787 ἐσμὲν
1296 2751 1335 2777 ἔτι
1359 2753 1418 2781 ταῖς
1440 2751 1486 2778 τοῦ
1507 2751 1616 2786 πρώτου
1643 2751 1828 2786 παραϐάσεσιν

1043 2796 1146 2831 ἔνοχοι,
1182 2796 1320 2823 τουτέστιν
1350 2797 1455 2831 Ἀδὰμ,
1487 2796 1615 2830 οὐδεμίαν
1653 2796 1827 2830 άναφοίτησιν
