1927 3036
107 167 177 195 £259

103 225 215 259 ἔχοντες
230 227 270 258 εἰς
286 228 316 254 τὸ
327 228 448 264 ἄμεινον,
463 231 511 268 τὴν
530 233 574 261 διὰ
586 234 617 268 γέ
640 244 658 270 φ

101 271 184 304 ἡμῶν
199 272 325 307 Σωτῆρος
338 274 467 310 Χριστοῦ.

141 317 172 342 Β.
194 317 310 354 Συνίημι
325 319 339 346 ὂ
351 321 414 355 φής.

140 362 171 388 Α.
258 364 280 391 δ’
294 365 328 392 ἂν
343 367 390 394 καὶ
414 370 502 415 νοοῖτο
526 371 595 407 πρὸς
613 374 692 409 ἡμῶν
709 377 723 402 6
748 379 893 415 παραπλη-

103 407 252 457 σίως-ἡμῖν
267 414 445 449 μετεσχηκὼς
465 416 581 452 αἵματος
593 407 639 446 καί
654 422 764 457 σαρκὸς,
783 407 821 456 ὣς
835 407 893 452 ἐτε-

104 454 205 506 ροςῶν
222 458 286 506 ¹παρ’
301 458 375 506 ἡμας
392 461 463 488 κατὰ
479 463 576 497 φύσινς
591 465 628 492 Οὐ
641 454 696 503 γάρ
711 454 836 506 τοιῐφαίη
851 480 894 503 τις

151 500 288 551 άν-θρυῖιπῳ
304 504 431 539 πρέπειν,
455 507 485 534 τὸ
508 498 715 548 ἀνθρωπότητος
737 498 891 551 μετασγεῖνί

105 546 140 597 ῖο
155 546 210 597 γάρ
232 548 291 576 ἐστι
313 551 383 579 κατὰ
404 553 495 587 φύσιν,
511 555 569 587 πῶς
584 557 616 584 ἄν
630 546 671 590 τις
688 546 774 587 νοοέτο
790 546 891 597 λαξὼν,

101 591 259 641 ἀιςλέτερον
280 596 309 622 6v
330 606 357 624 τι
374 600 439 636 παρ’
459 602 527 637 ὅπερ
547 603 635 637 ὲστίν;
649 602 712 641 ’Ἆρ’
731 608 761 633 οὺ
783 609 849 635 πολὺ
864 591 893 636 τιξ

101 639 179 672 εἰκὸς
192 641 206 667 6
221 641 298 677 λόγος
314 643 387 679 ἔχει;

140 730 170 757 Β.
191 731 265 758 Πάνυ
285 733 333 767 μὲν
350 732 405 761 οὖν.

137 777 170 802 Α.
190 777 325 814 Ἀθρειδὲ
341 780 372 815 δὴ
393 781 440 808 καὶ
465 783 576 819 ἑτέρως,
596 786 634 818 ὡς
658 787 766 816 ἀνόσιόν
781 790 810 816 τέ
836 791 892 818 ἐστι

101 824 151 873 καὶ
170 825 289 873 άπηχὲς,
305 828 337 854 τὸ
350 829 473 866 ἀναιρεῖν
490 834 638 867 πειρᾶσθαι
653 835 700 863 τοῦ
717 837 784 864 Θεοῦ
804 839 891 873 Λόγου

99 869 152 921 τὴν
181 872 358 921 ὲκμγυναικὸς
387 877 457 904 κατὰ
486 878 575 914 σάρκα
599 881 734 917 γέννησιν.
762 883 820 911 Τίνι
838 869 892 921 γὰρ

100 916 196 951 τρόπῳ
212 917 406 955 ζωοποιήσειεν
419 922 451 949 ἂν
464 924 495 950 τὸ
512 924 593 960 σῶμα
611 927 704 961 αὑτοῦ,

101 960 169 988 ἴδιον
183 962 276 994 αὑτοῦ,
289 964 318 995 ὃς
331 965 388 991 ἐστι
408 966 463 1002 ζωή
475 976 481 1000 ;
499 968 557 1000 πῶς
573 970 603 996 τὸ
615 968 684 1006 αἷμα
705 960 798 1008 Ἰησοῦ.
806 974 891 1001 καθα-

102 1007 174 1042 ρὶζει
187 1009 261 1056 ἡμᾶς
276 1010 330 1037 ἀπὸ
343 1012 433 1048 πάσης
449 1014 595 1050 ἁμαρτίας,
607 1016 686 1052 εἴπερ
701 1019 776 1045 ἐστὶν
787 1020 893 1056 ἀνθρώ-

99 1062 154 1080 που
166 1055 256 1082 κοινοῦ
274 1057 321 1083 καὶ
334 1057 410 1090 ὄντος
425 1060 470 1094 ὑφ’
486 1061 642 1096 άμαρτίαν;
660 1064 717 1096 πῶς
730 1055 892 1093 ἀπέστειλεν

98 1098 112 1124 ὁ
129 1099 197 1147 Θεος
213 1102 260 1128 καὶ
274 1103 369 1139 Πατὴρ
383 1104 428 1131 τὸν
444 1106 507 1133 Υἱδν
518 1107 613 1140 αὑτοῦ,
630 1110 775 1145 γενόμενον
795 1113 826 1139 ἐκ
842 1121 891 1147 γυ-

100 1145 208 1178 ναικὸς,
224 1148 368 1183 γενόμενον
398 1151 450 1177 ὑπὸ
473 1153 573 1188 νόμον;
594 1155 653 1187 πῶς
676 1157 820 1193 κατέκρινε
842 1159 892 1194 τὴν

99 1191 241 1238 ἁμαρτίαν
256 1194 285 1220 ὲν
299 1196 332 1231 τῇ
349 1197 447 1232 σαρκί;
462 1199 499 1225 Οὐ
513 1200 568 1236 γὰρ
583 1198 618 1236 ἦν
629 1191 773 1238 ἀνθρώπου
788 1191 890 1238 κοινοῖ),

99 1237 148 1286 καὶ
176 1241 395 1286 τυραννουμένην
427 1243 535 1279 ἔχοντος
567 1247 626 1281 μεθ’
656 1249 734 1283 ὴμῶν
764 1250 816 1276 ὑπὸ
842 1251 891 1286 τῆς

99 1283 239 1320 ἁμαρτίας
258 1286 309 1321 τὴν
327 1287 419 1322 φύσιν,
442 1290 472 1316 τὺ
494 1294 657 1328 κατακρίναι
676 1294 725 1329 τὴν
742 1296 890 1332 ἁμαρτίαν.

104 1329 184 1377 Ἐπεὶ
197 1331 224 1357 δὲ
240 1332 320 1368 σῶμα
343 1335 439 1369 γέγονε
463 1337 510 1363 τοῦ
528 1338 697 1374 πλημμελεῖν
717 1329 768 1368 οὐκ
780 1329 891 1377 είδότος,

102 1375 230 1425 ταύτῃτοι
252 1379 299 1406 καὶ
319 1381 392 1416 μάλα
410 1383 523 1416 εἰκότως
538 1385 588 1421 τὴν
607 1386 658 1421 τῆς
680 1388 818 1425 ἁμαρτίας

98 1423 227 1450 εςείσατο
247 1427 403 1461 τυραννίδα,
424 1430 471 1456 καὶ
496 1431 546 1466 τὴν
571 1431 688 1468 ίδιότητα
718 1435 829 1462 πλουτεῖ
844 1436 890 1463 τοῦ

97 1468 248 1516 ξφρᾴστως
262 1472 330 1508 αὐτῇ
355 1474 402 1500 καὶ
419 1475 457 1507 ὠς
477 1476 526 1503 οὐκ
540 1476 614 1505 ἔστιν
630 1479 775 1512 ἑνωθέντος
790 1482 889 1516 Λόγου,

98 1514 180 1548 ἅγιόν
203 1525 233 1543 τε
252 1518 298 1544 καὶ
327 1519 458 1551 ζωοποιόν
487 1522 557 1555 ἐστι,
580 1525 626 1551 καὶ
651 1526 700 1561 τῆς
722 1514 890 1563 Οεοπρεποῦς

98 1561 243 1597 ἐνεργείας
257 1563 393 1599 ἔμπλεων.
413 1567 456 1598 Ὠς
473 1568 501 1594 ἐν
516 1569 627 1606 ἀπαρχῇ
645 1571 673 1597 δὲ
687 1561 807 1608 Χριστῷ,
827 1582 889 1609 μετ-

98 1608 315 1645 εστοιχειὼμεοα
329 1612 376 1639 καὶ
388 1614 478 1648 ἡμεῖς,
491 1616 532 1647 είς
544 1616 575 1642 τὸ
586 1615 655 1643 εἶναι
670 1619 716 1645 καὶ
729 1619 831 1655 φθορᾶς
843 1621 891 1647 καὶ
905 1610 925 1639 c

98 1654 242 1690 ἁμαρτίας
257 1657 421 1691 κρείττονες.
433 1660 489 1686 Καὶ
504 1661 614 1696 ἀληθὲς,
631 1663 681 1696 ὅτι,
694 1664 765 1691 κατὰ
844 1666 890 1692 τοῦ

99 1702 239 1736 μακαρίου
262 1703 367 1730 Παύλου
384 1706 486 1740 φωνὴν,
506 1716 515 1732 ι
531 1707 638 1743 ’Ὠσπερ
650 1709 819 1744 ὲφορέσαμεν
843 1710 890 1745 τὴν

98 1746 195 1773 εἰκόνα
216 1748 264 1773 τοῦ
287 1749 395 1784 χοϊκοῦ,
414 1751 567 1787 φορέσομεν
584 1754 630 1780 καὶ
655 1754 704 1790 τὴν
731 1755 823 1782 εἰκόνα
844 1756 890 1782 τοῦ

99 1791 275 1827 ἐπουρανίου,
294 1803 303 1820 ι
316 1794 439 1822 τουτέστι
456 1797 584 1831 Χριστοῦ.
604 1799 777 1835 Ἐπουράνιος
797 1801 824 1827 δὲ
846 1801 892 1828 ἄν-

99 1836 212 1872 θρωπος
225 1839 324 1865 νοεῖται
342 1841 471 1876 Χριστὸς,
485 1843 534 1878 οὐχ
550 1843 587 1875 ὡς
603 1845 705 1872 ἄνωθεν
717 1847 782 1881 ἡμῖν
799 1848 845 1873 καὶ
863 1848 891 1881 ἐξ

98 1883 218 1918 οὐρανοῦ
235 1884 285 1920 τὴν
303 1886 392 1922 σάρκα
414 1889 597 1923 κατενεγκὼν,
620 1890 678 1917 ἀλλ’
694 1892 735 1918 ὅτι
749 1893 815 1925 Θεὸς
829 1893 865 1920 ὢν
878 1895 892 1920 ὁ

99 1932 199 1966 Λόγος,
214 1933 403 1967 καταϐέϐηκεν
420 1935 449 1967 ἐξ
460 1935 592 1971 οὐρανῶν,
607 1937 653 1964 καὶ
671 1938 720 1973 τὴν
734 1939 801 1973 πρὸς
818 1941 892 1975 ἡμᾶς

100 1978 233 2013 ὁμοίωσιν
247 1979 381 2013 ὑπελθὼν,
392 1981 527 2014 τουτέστι,
541 1982 668 2018 γέννησιν
682 1984 831 2019 ὑπομείνας
843 1987 892 2022 τὴν

100 2024 173 2050 κατὰ
189 2024 277 2060 σάρκα
291 2026 322 2051 ὲκ
333 2027 471 2060 γυναικὸς,
483 2028 639 2064 μεμένηκεν
654 2031 721 2066 ὅπερ
736 2030 780 2067 ἦν,
790 2031 892 2059 ἄνωθεν

100 2072 225 2107 δηλονότι
236 2074 282 2100 καὶ
300 2074 329 2107 ἐξ
340 2075 471 2110 οὐρανῶν,
484 2077 531 2103 καὶ
548 2077 639 2104 ἐπάνω
650 2079 757 2106 πάντων
768 2081 806 2111 ὡς
816 2080 891 2114 Θεὸς,

101 2121 150 2147 καὶ
168 2121 237 2156 μετὰ
253 2122 363 2157 σαρκός.
384 2122 462 2150 Οὕτω
485 2124 539 2159 γάρ
562 2124 613 2151 πού
625 2133 707 2161 φησιν
721 2127 734 2152 ὁ
750 2126 893 2159 θεσπέσιος

87 2177 94 2182 ·
106 2167 237 2203 Ἰωάννης
248 2169 314 2204 περὶ
325 2169 419 2196 αὑτοῦ·
437 2180 446 2196 ι
466 2170 495 2197 Ὀ
513 2171 615 2198 ἄνωθεν
632 2173 789 2208 ἐρχόμενος,
799 2174 893 2202 ἐπάνω

102 2213 214 2241 πάντων
235 2215 318 2242 ἐστίν.
335 2225 344 2241 ›
367 2215 576 2252 ’Λπρμεμὲνηκε
601 2218 655 2255 γὰρ
672 2219 726 2246 τῶν
747 2220 814 2247 ὅλων
837 2221 894 2247 Κύ-

104 2268 173 2295 ριος,
190 2261 237 2286 καὶ
250 2261 280 2288 ἐν
301 2263 335 2297 τῇ
355 2262 401 2289 τοῦ
421 2263 517 2289 δούλου
543 2266 634 2300 μορφῇ
650 2265 769 2300 γεγονὼς
787 2267 892 2294 οἰκονο-
910 2286 933 2315 D

106 2314 120 2315 γε
139 2305 195 2315 ,,,“,
224 2314 228 2315 ν
258 2305 265 2315 \
349 2307 373 2315 ’ἢ
392 2307 404 2315 ν
451 2308 471 2315 ιε
501 2308 533 2315 λ-
564 2309 576 2315 Α
593 2309 598 2315 I
658 2310 669 2315 υ
697 2310 703 2315 ι
723 2311 729 2315 ι
808 2311 813 2315 ι
828 2313 849 2315 --

104 2305 205 2340 μικῶς,
223 2305 269 2332 καὶ
283 2307 434 2341 παράδοξον
445 2308 553 2343 ἀληθῶς
561 2309 605 2336 διὰ
620 2310 707 2336 ταῦτά
721 2311 779 2337 ἐστι
790 2311 819 2338 τὸ
827 2313 894 2348 Χρι-

103 2351 168 2377 ατοῦ
188 2353 348 2388 μυστήριον,
364 2353 420 2380 Καὶ
436 2354 500 2388 γοῦν
517 2355 568 2390 ἔφη
586 2364 637 2382 που
662 2357 730 2391 πρὸς
751 2357 894 2390 Ἰουδαίους

101 2398 136 2424 δι’
150 2398 209 2430 ἑνὸς
223 2399 277 2425 τῶν
293 2400 441 2436 προφητῶν
453 2402 467 2427 6
482 2401 548 2433 Θεὸς
561 2402 608 2428 καὶ
619 2403 724 2438 Πατήρδ
739 2413 747 2428 ι
762 2404 856 2437 Ἴδετε,
869 2405 893 2431 οἱ

102 2445 321 2479 καταφρονηταὶ,
338 2447 384 2472 καὶ
402 2447 581 2483 ἀφανίσοητε,
598 2448 645 2474 καὶ
666 2448 837 2484 θαυμάσατε,
851 2451 892 2476 ὃτι

102 2489 185 2532 ἔργον
202 2490 257 2525 ἐγὼ
270 2490 422 2527 ἐργάζομαι
443 2493 471 2519 ἐν
488 2495 548 2526 ταῖς
565 2494 681 2529 ἡμέραις
699 2495 785 2530 ὑμῶν,
812 2496 893 2532 ἔργον

101 2531 124 2569 ᾧ
148 2536 179 2562 οὺ
197 2536 235 2572 μὴ
256 2537 432 2573 πιστεύσητε,
447 2539 494 2566 ἐάν
515 2549 556 2571 τις
576 2540 772 2576 ὲκδιηγήσηται
791 2542 863 2576 ὑμῖν.
881 2551 890 2567 ›

103 2581 282 2609 Κινδυνεύσει
295 2582 349 2618 γὰρ
362 2584 534 2613 ἀπιστεῖσθαι
552 2586 582 2613 τὸ
593 2586 712 2622 Χριστοῦ
731 2588 890 2623 μυστήριον,

102 2627 146 2654 διὰ
157 2627 206 2662 τὴν
215 2628 263 2654 τοῦ
273 2628 410 2664 θαύματος
420 2631 584 2667 ὑπερϐολήν.
595 2632 661 2664 Θεὸς
672 2630 705 2668 ἦν
714 2634 743 2660 ὲν
752 2633 894 2669 ἀνθρωπό-

103 2682 166 2708 τητι
184 2674 230 2700 καὶ
246 2674 275 2701 ὲν
293 2676 349 2707 τοῖς
366 2677 426 2703 καθ’
447 2678 530 2712 ἡμᾶς,
547 2679 561 2704 ὁ
583 2679 652 2715 ὑπὲρ
666 2681 756 2707 πᾶσαν
774 2680 822 2716 τὴν
835 2681 894 2707 κτί-

105 2728 147 2745 σιν
159 2727 165 2733 ·
180 2720 309 2756 ἀόρατος,
321 2723 418 2757 ὁρατὸς
439 2725 509 2750 κατὰ
532 2725 633 2760 σάρκα,
646 2727 659 2752 6
671 2726 700 2759 ἐξ
714 2727 827 2762 οὐρανοῦ
847 2727 895 2754 καὶ

104 2765 221 2798 ἄνωθεν,
244 2767 272 2793 ἐν
288 2768 351 2794 εῖδει
368 2769 422 2796 τῶν
445 2771 557 2804 χοϊκῶν·
585 2771 678 2804 ἁπτδς,
702 2773 716 2799 ὁ
732 2773 856 2809 ἀναφὴς·
879 2774 893 2799 ὁ

107 2812 177 2839 κατὰ
198 2813 278 2848 φύσιν
300 2814 366 2842 [ﬂiam
392 2815 541 2851 ἐλεύθερος,
569 2818 596 2843 ἐν
620 2817 713 2844 δούλου
745 2820 852 2854 μορφῇ·
879 2820 893 2845 6

144 2903 166 2920 ’θ
184 2904 272 2932 Galat.
293 2912 328 2937 Iv,
349 2904 374 2932 4.
415 2905 460 2932 ⁵⁷1
483 2905 544 2933 Cor.
564 2914 606 2938 xv,
632 2907 676 2934 i9.

673 175 768 208 QUOD
789 177 882 206 UNUS
902 179 957 208 SlT
977 181 1162 215 CHRISTUS.

659 245 712 272 ημι
726 238 773 264 τοῦ
787 239 891 269 πάντων

947 251 1050 278 sumus,
1070 254 1118 281 per
1138 247 1286 284 Christum,
1313 250 1432 285 inquam,
1456 251 1576 279 onmium
1607 253 1734 283 Servato-

716 2908 737 2923 ⁵⁵
750 2907 827 2936 Joan.
852 2916 891 2942 Ill,
916 2908 959 2937 51.

1665 194 1733 222 1270

945 298 1010 319 rem.

980 337 1010 366 Β.
1026 339 1147 374 intelligo
1157 340 1221 375 quid
1238 342 1315 369 velis.

980 383 1012 411 A.
1032 384 1098 417 Quis
1111 393 1175 413 vero
1191 386 1357 422 intelligatur
1374 396 1387 415 a
1404 389 1481 417 nobis
1495 390 1539 425 qui
1556 391 1667 426 perinde
1693 397 1733 419 at-

944 436 996 464 que
1008 437 1056 457 nos
1069 431 1209 466 sanguinis
1236 440 1268 461 ae
1297 434 1388 462 carnis
1407 435 1542 470 particeps
1568 436 1656 464 lactus
1685 438 1731 470 sit,

945 478 1072 509 tanquam
1090 476 1213 518 diversus
1227 485 1241 504 a
1259 478 1336 506 nobis
1351 480 1497 507 secundum
1521 482 1665 509 naturam?
1680 483 1733 510 Ne-

944 525 996 553 que
1009 520 1080 547 enim
1097 521 1229 556 quispiam
1250 523 1348 550 dixerit
1362 525 1508 552 convenire
1539 525 1653 560 homini,
1684 527 1734 554 hu-

944 564 1082 593 manitatis
1102 567 1262 603 participem
1290 568 1437 597 ﬁeri.Nam
1460 570 1486 598 id
1507 572 1578 605 quod
1597 573 1731 599 naturali-

945 615 986 638 ter
1001 614 1055 644 est,
1068 619 1122 647 quo
1138 618 1216 647 pacto
1237 614 1298 649 quis
1313 615 1450 650 accepisse
1469 616 1645 652 intelligatur,
1655 618 1731 652 quasi

944 656 1015 684 aliud
1028 657 1062 685 sit
1074 665 1153 693 quam
1165 660 1236 694 quod
1250 661 1311 688 est?
1332 660 1427 689 Nonne
1451 662 1499 690 tibi
1529 668 1732 692 consentaneus

943 709 1008 730 vero
1021 710 1111 732 sermo
1128 712 1203 733 meus
1216 706 1341 734 videtur?

980 747 1008 775 Β.
1025 749 1149 779 Omnino.

977 795 1008 822 A.
1026 796 1091 824 Vide
1103 801 1193 825 autem
1206 799 1287 826 etiam
1310 800 1361 828 alia
1389 801 1494 828 ratione
1506 809 1586 836 quam
1605 802 1728 837 impimn,

943 847 1076 876 quamque
1089 843 1235 870 absurdum
1250 845 1284 872 sit
1299 845 1378 873 Verbi
1403 854 1434 874 ex
1452 848 1564 875 muliere
1578 848 1727 876 secundum

942 892 1052 913 carnem
1069 888 1235 916 nativitatem
1253 890 1345 918 tollere
1364 892 1467 918 conari.
1487 892 1544 929 Quo
1564 894 1636 920 enim
1652 899 1731 928 pacto

722 930 745 956 ει
761 930 798 966 μὴ
816 932 890 958 ἐστιν
907 931 927 958 Β
942 931 1080 961 viviﬁcare
1095 936 1180 968 possit
1196 942 1293 970 corpus
1308 944 1397 969 suum,
1415 938 1465 964 nisi
1477 939 1512 964 sit
1535 939 1673 973 proprium
1689 940 1730 974 ip-

943 976 1010 1009 sius,
1024 977 1068 1012 qui
1081 983 1121 1006 est
1133 979 1206 1006 vita?
1216 986 1262 1008 aut
1275 982 1408 1015 quomodo
1421 982 1531 1016 sanguis
1543 983 1643 1010 Christi
1654 992 1730 1010 mun—

943 1022 1018 1050 dabit
1050 1031 1098 1052 nos
1124 1024 1158 1052 ab
1177 1025 1250 1052 omni
1276 1030 1397 1060 peccato,
1414 1026 1494 1061 723
1514 1027 1535 1054 si
1563 1027 1598 1054 sit
1615 1027 1731 1055 hominis

941 1071 1092 1098 communis
1107 1075 1133 1098 et
1145 1077 1256 1105 peccato
1270 1072 1379 1099 obnoxii
1392 1073 1403 1099 ?
1423 1081 1476 1107 quo
1485 1077 1562 1107 pacto
1578 1073 1652 1101 misit
1662 1073 1731 1113 Deus

942 1123 973 1144 ac
983 1117 1063 1144 Pater
1075 1116 1171 1144 Filium
1187 1125 1265 1144 suum
1284 1118 1382 1145 factum
1409 1126 1440 1145 cx
1471 1118 1593 1151 muliere,
1631 1119 1730 1146 factum

942 1163 991 1190 sub
1008 1163 1065 1198 lege
1075 1163 1257 1199 “?quomodo
1271 1165 1432 1192 condemnat
1442 1169 1580 1199 peceatum
1597 1164 1623 1191 in
1638 1165 1732 1193 carne?

941 1207 1034 1243 Neque
1047 1210 1117 1236 enim
1138 1215 1196 1237 erat
1210 1210 1326 1237 hominis
1338 1209 1469 1245 vulgaris,
1485 1216 1513 1238 et
1526 1210 1602 1244 cujus
1630 1216 1726 1238 natura

942 1263 994 1282 una
1010 1255 1147 1282 nobiscum
1162 1256 1213 1283 sub
1226 1256 1329 1291 peccati
1347 1255 1460 1290 imperio
1478 1264 1508 1283 ac
1525 1255 1588 1291 jttgo
1616 1257 1730 1283 terreba-

943 1306 995 1334 tur,
1007 1303 1188 1330 condemnare
1202 1303 1426 1338 peccatum.Cum
1440 1311 1503 1331 vero
1516 1312 1613 1339 corpus
1630 1303 1730 1332 factum

942 1347 976 1374 sit
993 1347 1050 1382 ejus
1065 1348 1109 1382 qui
1124 1354 1262 1383 peccatum
1279 1357 1331 1376 non
1352 1350 1435 1382 novit,
1451 1349 1562 1381 idcirco,
1582 1353 1608 1377 et
1623 1350 1730 1384 quidem

941 1394 1043 1428 optimo
1056 1394 1116 1429 jure
1131 1395 1232 1429 peccati
1262 1396 1431 1431 tyrannidem
1452 1397 1581 1430 excussit,
1609 1405 1731 1424 commu-

942 1439 1093 1474 nicatisque
1107 1448 1167 1467 cum
1182 1441 1227 1468 illo
1246 1442 1455 1476 proprietatibus
1473 1442 1553 1470 Verbi
1584 1443 1655 1478 quod
1686 1443 1730 1469 in-

941 1483 1039 1512 ell'abili
1057 1487 1134 1514 modo
1147 1487 1197 1521 ipsi
1212 1488 1316 1514 unitum
1332 1493 1384 1521 est,
1400 1493 1523 1519 sanctum
1541 1497 1572 1516 ac
1588 1489 1725 1517 vivilieum

940 1532 1065 1559 cll'ectum
1096 1538 1146 1565 est,
1170 1538 1198 1561 et
1224 1534 1323 1561 divina
1344 1534 1481 1563 facultatis
1506 1536 1728 1570 operationisque

942 1581 1061 1615 plenum.
1074 1581 1128 1608 Nos
1143 1581 1241 1608 veroin
1253 1581 1360 1609 Christo
1373 1587 1499 1617 tanquam
1509 1583 1634 1616 primitiis
1644 1588 1731 1610 trans-

944 1626 1049 1652 formati
1073 1626 1152 1653 etiam
1168 1633 1272 1658 sumus,
1287 1630 1314 1653 et
1331 1626 1441 1653 interitu
1458 1631 1539 1661 atque
1564 1631 1673 1660 peccatu
1685 1634 1732 1653 sn-

943 1672 1063 1706 pcriores
1079 1671 1216 1700 declarati.
1235 1672 1273 1699 Ae
1283 1679 1374 1699 verum
1385 1673 1494 1699 omnino
1507 1677 1560 1704 cst,
1571 1673 1648 1707 juxta
1661 1672 1732 1699 beati

943 1716 1201 1750 Paniiscntentiatn,
1217 1718 1287 1751 quod
1312 1727 1321 1743 ι
1343 1718 1579 1751 Quemadmodum
1607 1718 1733 1752 portavi—

943 1771 1003 1790 mus
1019 1764 1161 1798 imaginem
1178 1763 1288 1796 terreni,
1303 1764 1469 1798 portabimus
1487 1764 1567 1790 etiam
1587 1763 1731 1798 imaginem

943 1810 1071 1842 ('mlestis,
1088 1810 1109 1825 ⁵⁷
1126 1819 1135 1836 ι
1156 1810 1207 1837 hoc
1219 1814 1271 1842 est,
1287 1809 1399 1837 Christi.
1414 1809 1538 1836 Caelestis
1555 1814 1641 1836 autem
1654 1809 1733 1836 homo

944 1855 1102 1890 intelligitur
1115 1855 1254 1888 Christus;
1273 1863 1325 1883 non
1344 1862 1470 1891 tanquam
1481 1864 1598 1890 superne
1613 1861 1693 1890 atque
1705 1864 1729 1882 d1

944 1902 1012 1928 cmlo
1038 1909 1147 1928 carnem
1162 1903 1194 1928 ad
1211 1910 1260 1929 nos
1277 1902 1417 1934 detulerit,
1436 1903 1483 1929 sed
1505 1902 1576 1939 quod
1600 1902 1668 1929 Deus
1684 1910 1732 1928 ex-

943 1947 1042 1974 sistens
1059 1946 1185 1979 Verbum,
1200 1947 1339 1975 descendit
1351 1954 1366 1974 c
1380 1947 1456 1974 cmlis
1467 1956 1474 1979 ;
1487 1953 1514 1974 et
1528 1947 1731 1975 similitudinem

943 1993 1029 2019 nostri
1046 1992 1166 2025 subiens,
1185 1993 1236 2020 hoc
1248 1993 1454 2024 est,sccundum
1467 2000 1575 2020 carnem
1591 2001 1605 2020 c
1620 1994 1732 2021 muliere

932 2038 1014 2072 ,sieut
1031 2046 1079 2065 nos
1097 2042 1189 2070 natus,
1209 2037 1395 2072 permansitid
1409 2038 1557 2072 quoderat,
1573 2046 1587 2066 e
1608 2039 1732 2073 supernis

944 2083 1070 2110 nimirum
1085 2088 1166 2117 atque
1179 2090 1194 2110 e
1210 2083 1297 2116 uelis,
1312 2089 1339 2111 et
1352 2091 1433 2118 supra
1459 2091 1553 2111 omnes
1585 2089 1613 2111 ut
1641 2085 1711 2111 Deus
1722 2104 1731 2118 ,

944 2130 1025 2156 etiam
1041 2138 1101 2157 eum
1114 2137 1205 2157 carne.
1222 2129 1258 2156 Ita
1273 2130 1344 2156 enim
1363 2130 1425 2156 alibi
1441 2129 1547 2157 divinus
1558 2129 1675 2157 Joannes
1692 2131 1732 2157 in-

945 2176 1022 2210 quit:
1046 2185 1055 2202 ι
1070 2175 1120 2209 Qui
1139 2184 1154 2203 e
1170 2176 1294 2210 supernis
1307 2176 1390 2208 venit,
1405 2183 1484 2209 supra
1502 2183 1595 2203 onmes
1607 2181 1648 2203 est
1666 2176 1698 2202 ".
1721 2185 1730 2201 ι

945 2221 1097 2249 Permansit
1127 2221 1199 2249 enim
1227 2221 1306 2248 totius
1328 2221 1446 2248 universi
1466 2221 1606 2254 Dominus,
1627 2222 1731 2249 tametsi

946 2268 1050 2296 ratione
1066 2267 1260 2295 incarnationis
1274 2267 1389 2295 formam
1421 2267 1493 2294 servi
1514 2267 1659 2301 acceperit,
1691 2272 1732 2294 at-

946 2322 998 2349 qne
1009 2315 1197 2342 admirandum
1211 2322 1301 2341 revera
1315 2319 1357 2341 est
1368 2315 1402 2342 ob
1419 2314 1476 2341 luee
1504 2314 1605 2341 Christi
1633 2320 1732 2349 myste-

947 2361 1027 2388 rium.
1046 2361 1147 2389 idcirco
1171 2361 1241 2388 Deus
1256 2368 1288 2388 ac
1303 2361 1382 2388 Pater
1405 2361 1467 2387 alibi
1495 2361 1528 2387 ad
1555 2361 1661 2388 Judaens
1686 2370 1732 2396 per

946 2408 1087 2441 quemdam
1110 2409 1267 2442 prophetam
1282 2408 1339 2434 ait:
1361 2416 1370 2434 ι
1398 2406 1502 2440 Videte,
1518 2413 1729 2443 contemptores,

946 2457 973 2478 et
987 2452 1169 2486 admiramini,
1184 2457 1211 2479 et
1224 2451 1409 2486 disperdimini
1427 2461 1434 2479 :
1458 2453 1520 2488 quia
1548 2461 1614 2488 opus
1634 2462 1732 2488 operor

947 2505 995 2532 ego
1014 2498 1039 2524 in
1051 2498 1145 2525 diebus
1160 2499 1267 2530 vestris,
1287 2507 1353 2533 opus
1384 2500 1455 2534 quod
1487 2507 1539 2527 non
1567 2499 1677 2526 creditis
1711 2500 1732 2526 si

946 2543 1006 2577 quis
1020 2543 1189 2570 enarraverit
1203 2545 1279 2572 vobis
1291 2544 1323 2571 ".
1337 2554 1345 2570 ι
1361 2545 1513 2572 Periculum
1527 2545 1598 2572 enim
1618 2545 1670 2571 erit
1700 2553 1732 2572 ne

948 2589 1092 2623 derogetur
1115 2588 1182 2616 ﬁdes
1198 2591 1329 2625 mysterio
1346 2590 1459 2625 Christi,
1477 2591 1512 2618 ob
1527 2591 1648 2618 miraculi
1673 2599 1731 2618 ma-

946 2634 1124 2668 gnitudinem.
1143 2633 1212 2661 Deus
1229 2638 1287 2661 erat
1307 2635 1387 2662 homo
1407 2635 1491 2662 nostri
1507 2634 1604 2662 similis
1626 2633 1730 2665 factus.

946 2679 993 2713 qni
1011 2687 1089 2713 supra
1107 2687 1214 2707 omnem
1231 2686 1384 2707 creaturam
1395 2685 1449 2715 est;
1481 2681 1635 2714 invisibilis,
1646 2681 1732 2708 factus

946 2729 987 2751 est
1000 2725 1112 2753 visibilis
1128 2725 1277 2753 secundum
1295 2734 1421 2753 carnem:
1438 2728 1484 2761 qui
1509 2734 1541 2754 ex
1570 2727 1638 2754 cmlu
1654 2732 1732 2761 atque

947 2779 961 2799 e
981 2772 1114 2807 supernis,
1131 2771 1244 2799 formam
1272 2773 1440 2800 terrestrium
1472 2774 1574 2800 induit:
1596 2773 1731 2807 tangihilis

947 2824 997 2850 est,
1019 2818 1063 2852 qui
1083 2819 1154 2853 tangi
1176 2819 1268 2854 nequit
1288 2827 1294 2846 :
1313 2818 1356 2853 qui
1379 2826 1410 2845 ex
1441 2819 1549 2853 propria
1571 2826 1617 2846 sua
1635 2823 1730 2845 natura

1000 2910 1020 2926 ⁵⁵
1042 2909 1143 2938 Habac.
1167 2918 1187 2944 ι,
1207 2909 1237 2944 Ei;
1265 2911 1323 2938 Aet.
1341 2917 1399 2943 xm,
1421 2910 1466 2937 at.
