1927 3036
101 157 170 184 1275

664 156 760 190 QUOD
780 155 874 184 ΠΝυὸ
895 155 949 183 SIT
967 156 1147 186 CHRISTUS.

1630 171 1634 177 ι
1659 160 1726 186 ΝΗ

97 215 167 241 Θεοῦ
180 215 276 249 Λόγον,
297 215 343 241 τὸν
358 215 386 242 ὲν
404 216 469 242 πᾶσι
485 217 671 250 πρωτεύοντα,
687 216 758 242 κατὰ
779 215 828 251 τὴν
843 215 882 242 τοί

943 220 1033 242 uatum
1049 223 1109 243 esse
1126 214 1244 243 Verbum
1258 216 1346 242 Deiex
1363 215 1454 248 Patre,
1469 216 1540 250 qttod
1551 216 1577 242 ln
1601 218 1727 244 omnibus

97 262 254 295 σοφωτάτου
281 260 387 288 Παύλου
403 261 505 296 φωνὴν.
529 261 596 296 πρὸς
623 261 684 288 τίνα
707 261 799 289 λοιπὸν
820 270 885 297 μορ-

97 307 242 341 φοὺμενοι,
257 308 383 343 γεννητοὶ¹
397 307 464 334 Θεοῦ
479 308 524 335 διὰ
544 308 701 343 Πνεύματος
719 309 886 344 χρηματιοῦ-

97 361 149 388 μεν
167 355 247 388 ἡμεῖς
260 362 267 386 ;
278 354 338 381 τίνα
348 353 394 381 τοῦ
413 355 575 389 πράγματος
592 354 719 385 λαϐόντες
734 355 783 389 τὴν
797 355 886 390 ἀπαρ-

99 398 158 434 ι-ὴν,
176 398 192 433 ἢ
213 399 261 425 καὶ
273 399 345 430 τίνος
359 399 427 432 ὅλως
441 401 481 432 εἰς
493 401 566 436 ἡμᾶς
583 401 736 435 πέμποντος
756 401 786 427 τὸ
805 401 887 433 ἀξίω-

98 453 154 479 μα;
172 445 253 471 Φαῖεν
266 445 308 476 ἂν,
319 445 357 477 ὣς
370 454 401 480 γε
416 444 503 481 οἶμαι,
515 447 561 473 καὶ
574 447 651 473 αὐτοι
660 455 668 462 ·
685 446 739 474 Τοῦ
751 447 886 483 ὲνανθρω-

96 492 237 526 πήσαντος
249 491 346 526 Λόγου.
360 491 427 519 Εἶτα
441 492 499 525 πῶς
512 493 587 520 ἔσται
600 493 678 521 τοῦτο
687 493 795 529 ἀληθὲς,
811 494 835 519 εἰ
848 494 885 529 μὴ

95 537 179 569 αὐτὸς
194 537 289 572 γέγονε
305 538 384 574 σὰρξ,
403 540 542 567 τουτέστιν
557 540 709 575 ἄνθρωπος,
729 540 793 567 ῐδιον
807 548 886 576 ποιηο

97 583 215 618 σάμενος
233 584 313 619 σῶμα
325 585 356 611 τὸ
368 585 548 621 ἀνθρώπινον,
561 586 623 612 καθ’
639 586 738 612 ἕνωσιν
753 586 885 614 ἀδιάσπαη

97 637 171 662 στον,
184 630 227 657 ἵνα
241 630 286 657 καὶ
299 631 382 658 αὐτοῦ
397 632 500 666 νοῆται,
512 632 559 658 καὶ⁸
571 631 633 667 [μὴ]
646 631 676 664 ἐξ
687 631 780 668 ἑτέρου
795 633 884 666 τινός;

96 675 207 710 Πέμψει
226 676 280 712 γὰρ
294 677 366 704 οὕτω
388 678 435 704 καὶ
457 678 495 709 εἰς
521 679 593 714 ἡμᾶς
613 679 664 713 τῆς
682 678 818 710 υἱοθεσίας
836 679 885 714 τὴν

95 720 188 755 χάριν,
209 723 255 748 καὶ
273 723 397 758 γεννητοὶ
413 722 573 758 Πνεύματος
592 724 710 759 ἐσόμεθα
725 725 771 751 καὶ
792 725 883 760 ἡμεῖς,

95 766 144 793 ᾶτε
161 767 193 802 δὴ
207 769 256 803 τῆς
280 769 426 805 ἀνθρώπου
446 770 554 804 φύσεως
573 771 602 797 ὲν
618 771 694 806 αὐτῷ
711 771 759 798 καὶ
783 771 884 806 πρώτῳ

95 813 233 849 λαχούσης
247 814 336 842 τοῦτο.
348 816 402 842 Καί
413 825 457 851 μοι
470 816 543 843 δοκεῖ
552 816 670 843 τοιοῦτόν
680 825 706 843 τι
717 817 777 843 καθ’
789 817 884 844 ἑαυτὸν

95 859 273 895 ὲννενοηκὼς,
289 861 372 895 φάναι
386 870 436 888 που
456 862 502 888 καὶ
516 863 590 897 μάλα
603 862 692 898 ὀρθῶς
707 863 721 889 ὁ
740 864 884 897 Θεσπέσιος

941 262 1042 297 primas
1051 262 1154 289 obtinet
1169 262 1200 294 ⁸⁸,
1213 261 1290 295 juxta
1305 261 1378 288 Pauli
1407 262 1596 296 sapientissimi
1621 269 1726 296 vocem,

940 308 973 334 ad
986 315 1066 342 quettt
1091 308 1198 334 tandem
1226 307 1400 341 c0ufortnati,
1426 315 1456 334 ex
1488 307 1542 335 Deo
1568 309 1649 343 geniti
1679 317 1728 342 per

941 353 1071 388 Spiritum
1101 353 1305 388 appellabiutur,
1331 359 1378 381 aut
1408 362 1488 388 quem
1523 353 1603 388 hujus
1626 355 1724 389 negotii

941 399 1088 433 principem
1122 407 1154 426 ac
1185 404 1266 434 capttt
1281 399 1459 427 habebimus?
1481 405 1527 427 aut
1541 401 1602 435 quis
1615 401 1727 428 omnino

940 446 1009 472 hanc
1023 445 1180 480 dignitatem
1192 446 1218 473 iu
1239 454 1288 474 nos
1314 447 1514 474 transmiserit?
1538 447 1631 475 Dicent
1662 455 1725 482 νιο-

940 492 1020 524 lecto,
1038 496 1067 518 ut
1082 492 1215 525 arbitror,
1232 493 1314 519 etiam
1327 492 1377 527 ipsi
1392 502 1398 520 :
1412 492 1529 520 Verbunt
1545 494 1724 521 incarnatum.

939 539 1020 573 Atqui
1030 546 1082 573 quo
1096 544 1175 573 pacto
1192 546 1286 566 verum
1298 540 1347 566 ltoc
1363 539 1426 572 crit,
1441 539 1588 573 nisiipsum
1608 539 1724 566 Verbum

939 585 1039 612 factum
1057 589 1098 611 est
1109 592 1184 616 caro,
1198 585 1310 618 hocest,
1322 585 1422 616 ltomo',
1451 585 1550 620 quippe
1569 585 1639 619 quod
1662 593 1725 619 pro-

939 631 1026 665 priutn
1041 631 1091 658 sibi
1102 630 1195 658 fecerit
1208 638 1306 666 corpus
1320 639 1350 659 ea
1365 631 1468 658 unitate
1482 639 1541 666 qua:
1550 632 1639 658 divelli
1653 631 1725 658 tutlla

938 676 1044 702 ratione
1053 679 1152 710 queat:
1167 675 1204 702 ita
1223 675 1350 702 nimirum
1363 681 1390 702 ut
1407 675 1492 710 ipsius
1512 675 1591 704 Verbi
1615 683 1726 703 censea-

939 726 992 755 tur,
1010 727 1097 750 etnon
1109 722 1220 750 alterius
1232 722 1399 757 cuiuspiam?
1412 722 1466 749 Hoc
1477 723 1548 750 enim
1556 727 1634 757 pacto
1642 723 1724 750 etiam

938 769 965 795 in
980 775 1028 796 nos
1050 768 1214 796 trattsmittet
1243 768 1378 796 liliatiouis
1403 769 1681 803 gratiam,gcnitiqtte
1710 776 1726 796 e

940 813 1041 847 Spiritu
1057 813 1158 841 erimus
1180 813 1262 840 etiam
1282 821 1343 846 nos,
1368 818 1463 848 utpote
1493 819 1589 841 natura
1606 814 1724 841 humana

938 860 988 886 hoc
997 859 1024 886 in
1034 859 1092 893 ipso
1103 862 1130 886 et
1140 858 1250 893 quidem
1269 859 1357 893 primo
1369 863 1527 886 consecuta.
1540 860 1578 886 Ac
1589 860 1654 886 mihi
1669 859 1726 894 qui.

95 904 219 937 Παῦλος·
236 915 246 931 ι
265 906 371 942 Ὠσπερ
391 908 444 943 γὰρ
463 908 634 944 ἐφορέσαμεν
651 909 700 944 τὴν
722 909 814 936 εἰκόνα
834 909 881 936 τοῦ

937 905 994 932 dem
1025 904 1133 932 videtur
1155 904 1237 932 etiam
1258 905 1366 932 divinus
1400 905 1510 937 Paulus,
1539 905 1724 939 hujuscemodi

93 952 200 986 χοϊκοῦ,
217 952 369 988 φορέσομεν
386 954 433 981 καὶ
452 953 500 988 τὴν
517 954 610 982 εἰκόνα
625 955 671 981 τοῦ
684 956 845 991 ἐπουρανίου
856 965 879 983 't

93 998 143 1024 καὶ
155 997 202 1024 τὸν
227 998 277 1033 μὲν
302 999 410 1034 πρῶτον
426 1000 570 1034 ἄνθρωπον
591 1001 623 1027 ὲκ
642 1002 693 1036 γῆς
713 1002 764 1037 ἔφη
780 1002 882 1037 χοῖκδν,

92 1043 140 1069 τὸν
165 1043 193 1069 δὲ
211 1043 335 1079 δεύτερον
356 1044 385 1078 ἐξ
406 1045 541 1080 οὐρανοῦ·
563 1055 572 1071 ι
591 1045 660 1072 Ἀλλ’
684 1044 740 1078 οἶος
754 1047 768 1072 ὁ
781 1048 882 1082 χοῖκὸς,

91 1088 209 1115 τοιοῦτοι
232 1089 280 1116 καὶ
291 1091 315 1116 οἱ
332 1091 429 1125 χοῖκοὶ,
452 1092 530 1127 φησὶ,
546 1092 593 1118 καὶ
609 1090 664 1124 οἶος
680 1093 694 1119 ὁ
711 1094 882 1129 ἐπουράνιος,

92 1134 212 1161 τοιοῦτοι
227 1136 273 1162 καὶ
289 1137 313 1162 οἱ
339 1137 508 1172 ἐπουράνιοι.
522 1146 531 1162 ι
551 1138 645 1165 Χοῖκοὶ
665 1139 718 1174 γάρ
737 1140 831 1174 ἐσμὲν,
846 1140 884 1172 ὡς

92 1182 125 1207 ἐκ
147 1181 240 1216 χοϊκοῦ
257 1181 305 1208 τοῦ
324 1182 409 1218 Ἀδὰμ
427 1178 659 1219 παρεμττεσούσης
676 1186 717 1216 εἰς
735 1185 808 1220 ἡμᾶς
833 1185 884 1221 τῆς

91 1227 164 1262 ἀρᾶς
184 1227 234 1262 τῆς
253 1228 368 1264 φθορᾶς,
383 1229 416 1255 δι’
433 1228 467 1266 ἦς
481 1231 527 1256 καὶ
542 1231 557 1256 ὁ
577 1231 626 1265 τῆς
643 1231 780 1267 ἁμαρτίας
795 1232 883 1258 εἰσέδυ

91 1273 186 1307 νόμος,
202 1275 216 1300 ὸ
227 1275 255 1300 ὲν
265 1275 320 1306 τοῖς
337 1275 430 1310 μέλεσι
445 1277 501 1307 τοῖς
515 1276 565 1310 τῆς
583 1277 693 1312 σαρκός.
712 1278 883 1313 Ἑπουράνιοι

90 1319 120 1344 es
137 1319 301 1354 γεγόναμεν,
325 1321 363 1352 ὡς
389 1322 419 1348 ἐν
445 1321 556 1357 Χριστῷ
579 1322 707 1354 λαδόντες
730 1323 760 1350 τὸ
777 1324 881 1359 χρῆμα.

91 1363 160 1395 θεὸς
173 1364 228 1400 γὰρ
248 1364 286 1391 ὢν
307 1365 386 1399 φύσει
400 1367 446 1393 καὶ
471 1368 502 1393 ἐκ
520 1367 588 1393 Θεοῦ
599 1368 646 1394 καὶ
667 1368 780 1401 ἄνωθεν,
799 1378 884 1396 κατα-

94 1410 264 1446 πεφοίτηκεν
289 1412 318 1437 ὲν
342 1413 399 1444 τοῖς
424 1413 485 1439 καθ’
508 1414 583 1448 ἡμᾶς
612 1415 754 1449 ἀσυνήθως
782 1423 812 1442 τε
837 1417 884 1443 καὶ

91 1455 187 1488 ξένως,
199 1457 326 1492 γεννητὸς
339 1458 409 1484 κατὰ
421 1459 510 1495 σάρκα
524 1459 643 1493 γεγονὼς
657 1460 705 1486 τοῦ
717 1461 882 1496 πνεύματος,

92 1501 137 1528 ἵνα
166 1502 239 1536 ἆγιοί
265 1511 295 1529 τε
319 1504 366 1530 καὶ
396 1505 529 1541 ἄφθαρτοι
549 1507 595 1532 καὶ
619 1507 700 1541 ἡμεῖς
717 1507 777 1534 κατ’
802 1508 884 1535 αὐτὸν

90 1547 275 1583 διαμεινωμεν
288 1548 325 1580 ὡς
345 1549 374 1582 ἐξ
389 1550 475 1585 ἀρχῆς
489 1551 536 1577 καὶ
555 1551 633 1586 ῥίζης
645 1552 775 1587 δευτέρας
789 1553 881 1586 αὑτοῦ,

90 1591 214 1627 δηλονότι
229 1595 445 1630 καταϐαινούσης
462 1597 502 1628 είς
515 1597 590 1632 ἡμᾶς
610 1597 657 1632 τῆς
672 1598 793 1633 χάριτος.

128 1733 159 1759 Β.
179 1733 296 1767 Ἀριστα
318 1735 393 1768 ἔφης.

127 1779 160 1806 Λ.
181 1779 248 1804 Τίνα
274 1778 302 1804 δὲ
326 1780 426 1813 τρόπον
452 1779 499 1805 καλ⁵
513 1779 671 1815 ὠμοιῶσοαί
693 1787 776 1814 φασιν
802 1779 883 1806 αὑτὸν

90 1822 166 1849 κατὰ
187 1823 276 1849 πάντα
297 1824 354 1854 τοῖς
379 1823 513 1857 ἀδελφοῖς,
535 1824 674 1850 τουτέστιν
693 1825 777 1859 ἡμῖν;
802 1824 818 1860 ἢ
837 1824 883 1850 καὶ

91 1869 134 1900 τίς
154 1869 223 1900 ὅλως
243 1869 321 1895 νοοῖτ¹¹
342 1869 374 1896 ἂν
394 1871 409 1896 ὁ
426 1869 475 1905 τὴν
497 1870 627 1904 ὁμοίωσιν
650 1869 790 1902 ὑπελθὼν,
806 1871 830 1896 εἰ
846 1870 883 1905 μὴ

90 1915 164 1940 κατὰ
177 1914 257 1948 φύσιν
267 1914 359 1948 ἔτερος
370 1913 414 1950 ἦν,
431 1916 477 1941 καὶ
493 1916 542 1941 οὐκ
561 1915 589 1940 ἔν
601 1923 632 1949 γε
645 1916 701 1946 τοῖς
717 1915 778 1942 καθ’
791 1915 880 1950 ἡμᾶς;

90 1961 128 1987 Τὸ
157 1961 212 1996 γάρ
233 1961 264 1995 γέ
287 1969 358 1987 τισιν
386 1961 574 1996 ὁμοιούμενον,
594 1959 663 1987 εἷναί
689 1969 740 1988 που
773 1961 882 1992 πάντως

90 2007 200 2042 ἀνάγκη
216 2007 343 2042 διάφορον
355 2008 420 2042 παρ’
436 2007 544 2039 αὐτοὺς,
558 2008 605 2034 καὶ
617 2008 667 2034 οὐκ
676 2007 762 2039 ἐοικὸς
779 2008 881 2040 αὐτοῖς,

90 2053 240 2088 ἑτεροειδὲς
264 2053 292 2080 δὲ
317 2054 428 2088 μᾶλλον,
449 2053 537 2080 εῖτουν
563 2054 719 2088 ἑτεροφυές.
744 2054 882 2089 ’Λνόμοιος

90 2101 181 2126 τοίνυν
213 2099 345 2135 ὑπάρχων
370 2101 436 2135 ἡμῖν
466 2099 538 2126 κατὰ
562 2100 642 2135 φύσιν
664 2101 679 2127 ὁ
706 2101 880 2135 Μονογενὴς,

89 2145 250 2180 ὠμοιῶσοαι
273 2146 382 2181 λέγεται
403 2145 523 2181 γεγονὼς
549 2146 608 2172 καθ’
635 2147 724 2181 ἡμᾶς,
743 2146 881 2172 τουτέστιν

89 2191 245 2226 ἄνθρωπος.
264 2192 370 2219 Γὲνοιτο
383 2192 406 2218 8"
426 2192 459 2218 ἂν
473 2191 552 2218 τοῦτο
567 2192 616 2218 καὶ
637 2191 709 2226 μάλα
729 2191 817 2226 ὀρθῶς
834 2193 882 2218 καὶ

936 950 1073 986 quidpiam
1089 950 1219 982 sentiens,
1237 950 1298 977 alibi
1313 951 1348 977 ita
1379 954 1453 978 recte
1475 951 1618 977 admodum
1638 951 1724 978 dixis-

935 1004 987 1025 se:
1008 1006 1018 1023 ι
1033 997 1268 1030 Quemadmodum
1291 997 1364 1023 ettim
1386 997 1554 1032 portavimus
1578 997 1724 1031 imaginem

937 1043 1047 1076 terreni,
1063 1043 1232 1078 portabimus
1247 1042 1330 1070 etiam
1349 1043 1493 1078 imaginem
1523 1043 1643 1071 cmlestis
1661 1043 1694 1070 “.
1713 1052 1722 1069 ›

936 1089 970 1116 Et
984 1090 1101 1125 primuttt
1121 1089 1229 1124 quidem
1252 1089 1387 1116 hominem
1405 1097 1438 1116 ex
1460 1094 1541 1121 terra,
1557 1089 1625 1116 dixit
1645 1093 1728 1116 terre-

935 1144 1015 1170 num;
1032 1137 1179 1164 secundum
1191 1143 1254 1163 vero
1265 1143 1296 1163 ex
1312 1135 1390 1168 caelo,
1403 1135 1552 1163 ctelestetn.
1571 1144 1580 1161 ι
1594 1135 1647 1162 Sed
1658 1142 1726 1170 qua-

936 1183 968 1210 lis
987 1188 1120 1215 terrenus,
1148 1182 1215 1210 tales
1244 1187 1271 1209 et
1300 1182 1420 1214 terreni;
1445 1187 1472 1209 et
1494 1182 1582 1217 qualis
1592 1182 1724 1214 cmlestis,

936 1229 1003 1257 tales
1017 1234 1044 1256 et
1066 1229 1204 1257 caelestes.
1225 1238 1234 1255 ι
1251 1229 1363 1256 Terreni
1392 1229 1464 1257 enim
1496 1237 1600 1261 sumus,
1633 1233 1726 1262 utpote

937 1273 1095 1301 transmissa
1109 1273 1136 1300 in
1157 1281 1205 1301 nos
1235 1281 1267 1301 ex
1291 1279 1398 1301 terreno
1422 1273 1508 1300 Adam
1535 1273 1726 1301 maledictione

935 1319 1129 1355 corruptionis,
1151 1327 1287 1356 perquam
1304 1325 1330 1347 et
1342 1320 1384 1347 lex
1401 1321 1505 1355 peccati
1524 1321 1648 1355 irrepsit,
1664 1327 1724 1355 qure

934 1370 976 1392 est
989 1366 1015 1392 in
1029 1366 1159 1393 membris
1175 1367 1276 1393 carnis.
1291 1365 1422 1393 leestcs
1431 1372 1519 1393 autem
1536 1366 1599 1393 lacti
1620 1374 1723 1398 sumus,

935 1413 960 1439 iu
973 1412 1082 1440 Christo
1093 1412 1120 1439 id
1131 1413 1279 1439 consecuti.
1299 1412 1369 1440 Deus
1381 1413 1453 1440 enim
1466 1413 1602 1439 exsistcns
1617 1417 1723 1444 natura,

933 1463 961 1485 ct
975 1465 1007 1485 cx
1026 1458 1080 1486 Deo
1091 1463 1172 1493 atque
1188 1466 1220 1485 ex
1234 1458 1368 1493 supernis,
1404 1459 1543 1485 descendit
1563 1459 1595 1485 ad
1620 1464 1723 1490 nostra,

935 1511 1003 1531 ttovo
1017 1509 1098 1539 atque
1121 1504 1251 1531 inusitato
1270 1512 1344 1531 more
1356 1505 1463 1538 genitus
1487 1505 1636 1532 secundum
1662 1512 1723 1531 car-

935 1550 1095 1577 netttl'actus
1106 1554 1148 1577 est
1171 1549 1299 1584 Spiritus,
1325 1555 1353 1577 ut
1370 1550 1498 1577 videlicet
1525 1551 1611 1577 sancti
1641 1555 1722 1585 atque

937 1596 1156 1629 incorruptibiles
1181 1595 1263 1622 etiattt
1293 1603 1342 1623 uos
1365 1596 1391 1622 itt
1426 1596 1484 1630 ipso
1520 1603 1677 1624 maneamus
1691 1603 1724 1623 ex

937 1643 1008 1676 ipso,
1031 1646 1160 1676 tauquattt
1176 1650 1208 1669 ex
1229 1641 1364 1676 prittcipio
1377 1646 1404 1669 et
1431 1641 1523 1669 radice
1550 1642 1679 1674 secunda,
1697 1642 1725 1670 itt

936 1695 985 1715 nos
1001 1687 1161 1714 transmissa
1175 1688 1272 1722 gratia.

970 1733 1000 1760 Β.
1021 1733 1129 1768 Optittte
1144 1733 1247 1760 dixisti.

970 1780 1002 1806 A.
1023 1779 1145 1812 Quonam
1163 1786 1226 1806 vero
1247 1783 1325 1813 pacto
1345 1778 1426 1806 etiam
1442 1778 1557 1806 similent
1577 1779 1662 1813 ipsum
1683 1779 1724 1806 fa—

935 1829 1008 1853 ctum
1024 1833 1085 1852 esse
1098 1826 1174 1852 aiunt
1185 1833 1232 1858 per
1243 1825 1334 1851 omnia
1351 1824 1489 1858 fratribus,
1505 1825 1554 1852 ltoc
1567 1831 1618 1856 est,
1632 1825 1726 1852 nobis?

934 1876 980 1898 aut
995 1871 1118 1905 quisuatn
1135 1870 1245 1897 omnino
1261 1875 1405 1896 censeatur
1426 1869 1510 1896 fuisse
1526 1869 1548 1896 is
1562 1870 1607 1903 qui
1625 1870 1723 1896 simili-

936 1918 1054 1944 tudinem
1072 1921 1192 1943 ttostrant
1207 1916 1298 1948 subiit,
1312 1916 1362 1943 ttisi
1378 1916 1525 1942 secundum
1541 1920 1663 1942 naturain
1681 1917 1724 1941 di-

934 1971 1028 1991 versus
1046 1968 1115 1994 erat,
1135 1967 1163 1989 et
1184 1970 1238 1989 ttott
1262 1962 1339 1988 nobis
1359 1961 1476 1988 similis?
1490 1961 1565 1994 Quod
1582 1961 1653 1987 enim
1673 1961 1723 1987 ali—

934 2009 1030 2044 quibus
1045 2009 1134 2036 simile
1150 2007 1278 2040 cllicitur,
1304 2015 1413 2034 necesse
1430 2012 1472 2034 est
1487 2012 1516 2033 ut
1532 2007 1666 2034 diversum
1690 2007 1724 2033 ab

934 2057 967 2084 iis
982 2055 1128 2088 exstiterit,
1146 2063 1232 2090 neque
1255 2053 1342 2082 simile
1358 2054 1433 2088 ipsis,
1450 2054 1496 2080 scd
1510 2053 1600 2087 potius
1615 2053 1725 2080 alterius

933 2101 1044 2136 speciei.
1061 2100 1119 2128 sive
1136 2105 1250 2127 naturze.
1266 2099 1347 2134 726
1362 2098 1506 2126 Dissimilis
1518 2098 1609 2132 itaque
1622 2104 1724 2125 natura:

935 2157 949 2175 a
967 2148 1045 2175 uobis
1057 2148 1192 2175 cxsistcus
1208 2146 1378 2181 Uuigenitus,
1394 2145 1489 2172 similis
1504 2144 1589 2171 factus
1609 2152 1668 2170 esse
1681 2144 1722 2170 di-

934 2194 1014 2225 citur,
1031 2195 1117 2220 l'acltts
1140 2193 1164 2219 id
1183 2193 1252 2227 quod
1270 2199 1328 2224 nos,
1357 2190 1407 2217 hoc
1424 2194 1475 2222 est,
1500 2189 1588 2215 homo.
1612 2188 1722 2214 Factum

91 2239 191 2272 μόνως,
208 2239 237 2264 ὲν
249 2238 373 2271 ἀποτέξει
390 2240 422 2273 τῇ
440 2238 502 2265 καθ’
514 2239 600 2272 ἡμᾶς,
612 2239 636 2264 εἰ
651 2238 699 2264 καὶ
712 2237 880 2272 παραδόξως,

937 2246 1025 2267 autem
1041 2240 1090 2266 fuit
1104 2240 1164 2271 hoc,
1183 2244 1210 2265 ct
1223 2242 1294 2265 recte
1311 2237 1454 2263 admodum
1470 2243 1501 2262 ac
1517 2235 1685 2262 solummodo
1697 2234 1722 2260 itt

88 2284 131 2309 ἐπ’
143 2283 239 2310 αὐτοῦ.
253 2284 320 2315 Θεὸς
331 2283 385 2319 γὰρ
400 2282 434 2319 ἦν
447 2285 462 2310 ὁ
472 2283 667 2319 σαρκούμενος.
683 2283 880 2318 ὀμολογεισῦω

87 2338 117 2363 γε
137 2330 193 2365 μὴν
212 2330 251 2361 ὡς
270 2330 393 2365 ὲψὺχωτο
407 2332 509 2366 νοερῶς
524 2329 555 2356 τὸ
578 2329 678 2356 ὲνωθὲν
696 2330 770 2365 αὐτῷ
789 2330 879 2364 σῶμα.

87 2376 126 2401 Οὐ
142 2376 199 2410 γάρ
218 2385 259 2402 τοι
274 2376 304 2402 τὸ
323 2377 446 2411 κρεῖττον
460 2376 515 2402 τῶν
531 2377 560 2402 ὲν
574 2377 640 2411 ἡμῖν
653 2376 743 2410 ἀφεὶς,
757 2377 880 2403 τουτέστι

89 2422 189 2457 ᾲυχὴν,
207 2422 289 2457 μόνου
306 2423 452 2457 πεποίηται
463 2422 546 2456 φειδὼ
561 2423 658 2457 γηῖνου
673 2421 810 2457 σώματος,
822 2422 879 2448 ἀλλ’

88 2469 155 2502 ὁμιιῦ
173 2468 263 2503 ψυχῆς
283 2469 328 2495 καὶ
351 2468 476 2504 σώματος
494 2469 642 2504 προενόησε
665 2469 753 2504 σοφῶς
765 2469 830 2501 Θεὸς
843 2468 880 2495 ὢν

89 2515 102 2540 ὁ
116 2514 215 2548 Λόγος.

124 2604 154 2629 Β.
177 2603 309 2638 Σύμφημι
320 2612 327 2619 ο
343 2606 451 2640 φρονεῖς
465 2606 520 2641 γὰρ
533 2606 630 2641 ὀρθῶς.

123 2650 154 2675 Λ.
177 2649 283 2676 Οὐκοῦν
302 2650 327 2675 εἰ
348 2649 450 2683 λέγοιεν
465 2651 488 2677 οἱ
506 2651 539 2677 δι’
559 2652 692 2684 ἐναντίας,
711 2653 809 2688 ἥκιστα
831 2654 879 2688 μὲν

89 2694 221 2721 Θεοτόκον
232 2694 414 2730 ὀνομάζεσθαι
428 2696 483 2723 δεῖν
498 2696 546 2732 τὴν
557 2698 639 2731 ἁγίαν
654 2698 801 2733 Παρθένον,
812 2700 878 2735 Χρι-

90 2741 218 2767 στοτόκον
230 2741 258 2768 δὲ
273 2742 384 2776 μᾶλλον,
399 2742 586 2778 δυσφημοῦσιν
597 2744 759 2779 ἀναφανδὸν,
771 2746 818 2772 καὶ
831 2746 878 2772 τοῦ

90 2783 159 2813 εἶναι
174 2786 242 2812 Θεὸν
259 2786 305 2813 καὶ
319 2787 384 2813 Υἱὸν
402 2786 510 2822 ἀληθῶς
527 2788 692 2815 ἀποσοῦοὗσι
704 2790 829 2825 Χριστόν.
848 2791 877 2817 El

94 2831 145 2866 γὰρ
167 2829 237 2858 εἶναι
260 2833 418 2859 πιστεύουσι
437 2833 502 2859 Θεὸν
516 2834 622 2868 ἀληθῶς
650 2835 739 2867 αὑτὸν,
757 2837 793 2867 ὡς
819 2838 878 2863 καθ’

126 2878 148 2893 ⁸⁸
165 2878 173 2905 |
193 2879 255 2906 Cor.
276 2888 317 2912 xv,
332 2879 376 2906 ‘25.
416 2880 436 2893 “
456 2880 518 2907 ibid.
535 2880 575 2907 .59.

934 2286 1073 2313 nativitate
1091 2290 1189 2313 ttostrte
1210 2283 1304 2316 simili,
1322 2283 1427 2309 tatttetsl
1440 2280 1634 2308 admirabiliter
1653 2280 1724 2314 quod

934 2331 967 2358 ad
989 2331 1075 2366 ipsum
1098 2331 1204 2357 attinet.
1227 2329 1298 2356 Dens
1320 2327 1392 2355 enim
1419 2332 1489 2359 erat,
1506 2326 1550 2360 qui
1568 2325 1724 2352 incarnatus

934 2381 985 2404 est.
1006 2376 1183 2403 Proﬁteatttur
1202 2376 1296 2409 utique
1315 2373 1462 2400 animatum
1479 2378 1538 2398 esse
1556 2370 1724 2397 intellectua-

934 2423 996 2449 litcr
1009 2429 1107 2456 corpus
1129 2422 1178 2456 ipsi
1202 2422 1318 2448 unitum.
1343 2419 1435 2453 Neque
1450 2418 1521 2445 cnim
1537 2416 1724 2452 praestantiore

933 2468 1020 2495 nostri
1038 2473 1123 2503 parte,
1143 2467 1193 2494 hoc
1205 2471 1256 2499 est,
1274 2466 1363 2493 anima
1377 2464 1508 2500 neglecta,
1523 2463 1606 2490 solius
1622 2462 1720 2489 terreni

934 2514 1057 2548 corporis
1073 2521 1138 2540 cura
1158 2513 1251 2539 habita
1269 2517 1319 2545 est,
1341 2511 1386 2539 sed
1402 2511 1481 2538 simul
1496 2509 1593 2536 attiutte
1612 2513 1640 2535 et
1660 2516 1722 2536 cor-

933 2561 992 2596 pori
1009 2560 1145 2594 sapienter
1156 2558 1295 2593 prospexit
1310 2557 1379 2585 Deus
1392 2557 1526 2584 exsistens
1539 2555 1668 2583 Verbum.

969 2607 998 2634 Β.
1017 2605 1159 2635 Asscutior
1174 2614 1180 2632 :
1200 2609 1272 2631 recte
1283 2603 1355 2631 enim
1373 2604 1469 2630 sentis.

968 2652 1002 2679 Δ.
1019 2651 1136 2679 Proinde
1147 2651 1169 2677 si
1181 2650 1272 2676 dicant
1281 2649 1440 2679 adversarii,
1451 2652 1573 2674 sanctam
1586 2646 1721 2681 Virginem

934 2697 1004 2725 ttttlla
1028 2697 1134 2724 ratione
1158 2695 1300 2730 Deiparattt
1314 2693 1442 2728 appellari
1457 2693 1565 2723 debere.
1576 2692 1622 2719 sed
1637 2692 1723 2726 potius

934 2744 1143 2779 Christiparam,
1160 2741 1302 2769 manifeste
1327 2738 1525 2773 blaspltemant,
1541 2743 1568 2765 et
1585 2738 1722 2764 Christum

935 2792 1017 2818 Deum
1041 2798 1072 2817 ac
1095 2797 1156 2816 vere
1180 2787 1276 2815 Filium
1294 2794 1353 2813 esse
1371 2789 1478 2819 negant.
1495 2784 1560 2810 Nam
1582 2784 1603 2810 si
1631 2784 1721 2816 ipsum

935 2845 1027 2863 revera
1062 2835 1143 2862 Deum
1176 2841 1235 2862 esse
1260 2831 1382 2862 credunt,
1415 2834 1505 2864 utpote
1531 2829 1616 2856 nostri
1639 2826 1721 2854 simili
