1927 3036
209 160 276 188 i275

718 160 746 187 Β.
766 159 903 187 CYRlLLl
923 157 1157 186 ALEXANDRINI
1177 159 1336 188 AliClllEl”.

1775 159 1846 186 1276

209 217 278 244 laeto
295 216 449 251 Uuigenilo,
466 225 514 245 cur
526 217 610 252 ipsius
627 216 784 252 genitricem
796 217 938 252 Dciparam
951 224 993 252 ap-

1051 216 1124 251 ἡμᾶς
1137 217 1279 250 γεγονότος
1301 215 1348 242 τοῦ
1365 216 1545 250 Μονογενοῦς,
1563 215 1621 243 ἄνθ’
1636 217 1698 243 ὅτου
1717 225 1845 244 καταπε-

209 263 307 298 pellere
331 269 468 298 verentur,
491 263 638 291 secundum
653 270 762 291 carnetn
780 262 909 297 inquam?

243 351 274 380 Β.
294 351 350 380 lmo
376 352 475 379 aiunt:
494 351 619 379 convenit
644 351 716 379 enim
746 351 871 386 privatim
899 358 995 379 nomen

208 399 307 427 Christi
325 399 348 427 ei
362 399 461 434 quiest
475 405 506 425 ex
528 398 640 425 muliere
661 402 688 425 et
704 397 809 424 semine
825 397 920 429 David,
936 397 997 424 ideo

208 446 278 481 quod
296 446 332 474 sit
349 450 445 473 unctus
461 444 562 477 Spiritu
579 449 685 472 sancto.
699 444 733 471 At
748 444 865 472 Verbum
879 452 912 472 ex
930 444 994 477 Deo,

209 496 336 526 quantum
348 491 382 518 ad
397 491 532 526 propriam
547 499 622 518 suam
636 496 758 518 naturam
770 491 878 523 attinet,
893 498 996 525 nequa-

208 545 287 572 quam
311 537 474 572 ejuscctnodi
493 537 577 572 gratia
597 537 707 572 indiget,
732 537 864 571 siquidem
887 544 918 564 ex
947 544 995 564 sua

207 588 302 610 natura
317 587 440 610 sanctum
458 588 508 610 est.
524 582 618 610 Nonne
632 583 703 610 enim
719 590 817 610 nomen
832 582 932 610 Christi
945 591 996 610 utt-

207 628 322 655 ctionem
342 628 459 663 aliquam
474 627 572 655 factam
591 628 747 663 significat?

241 674 273 700 Α.
295 673 378 701 Recte
396 674 504 708 quidem
525 674 591 701 dicis
613 683 619 700 :
636 674 763 701 nimirum
781 675 851 709 quod
867 675 928 710 quia
947 682 997 701 utt-

207 724 265 747 etus
285 724 326 747 est
343 719 510 747 solummodo
537 720 663 747 Christus
678 724 803 753 vocatur;
821 722 996 755 quemadmo-

208 765 268 791 dum
290 769 316 792 et
331 765 479 799 apostolus,
498 770 608 800 propter
628 765 676 800 τὴν
699 766 862 801 ἀποστολήν,
877 767 927 794 1ιοῦ
943 772 994 800 est,

207 811 381 845 legationem,
397 811 508 846 angelus
522 811 566 838 διὰ
585 812 615 838 τὸ
626 812 778 846 ἀγγέλλειν,
802 818 912 848 propter
930 822 997 841 nun-

208 857 344 884 tiationem
369 867 375 884 :
403 865 464 885 nam
491 858 570 893 huius
595 860 704 893 generis
723 860 830 886 notuina
859 860 995 887 actionum

207 903 383 936 quarumdam
399 903 606 938 explicationem
621 904 745 937 innuunt,
762 912 814 932 non
831 913 896 932 vero
913 912 995 940 pecu-
1012 892 1033 920 Β

207 949 288 976 liares
305 949 471 978 substantias
491 950 547 978 sive
571 958 703 985 personas
726 951 866 979 evidentes
893 952 995 987 signiti-

208 1000 278 1023 raut.
293 995 387 1024 Vocati
402 997 473 1024 enim
490 1001 552 1024 sunt
566 997 702 1031 prophetae
719 998 824 1029 christi,
841 998 918 1033 juxta
932 998 995 1026 illud

207 1042 233 1068 in
246 1041 358 1069 Psalmis
369 1046 505 1069 cantatum
519 1052 525 1070 :
542 1052 551 1069 ι
563 1043 651 1070 Nolite
663 1048 772 1078 tangere
783 1044 898 1071 christos
910 1052 993 1077 meos,

207 1093 233 1114 et
249 1087 274 1114 in
293 1088 432 1122 prophetis
452 1088 519 1116 meis
534 1088 619 1116 nolite
639 1089 780 1124 malignari
799 1090 832 1117 ⁷⁰.
854 1099 863 1116 ι
882 1090 951 1123 Quin
969 1096 996 1118 et

208 1132 338 1167 propheta
354 1131 480 1160 llabacue
496 1133 532 1160 ita
548 1134 585 1160 ait
600 1143 606 1161 :
624 1143 633 1159 (
649 1133 781 1169 Egressus
794 1142 823 1162 es
838 1135 864 1162 itt
882 1135 994 1163 salutetn

208 1178 296 1212 populi
317 1178 364 1210 tui,
378 1179 483 1206 salvare
501 1179 618 1207 christos
630 1185 689 1208 tuos
701 1181 734 1207 ⁷¹.
752 1191 761 1206 ι
775 1181 910 1209 ϐωιει-ιιιιι
929 1182 995 1209 illud

205 1224 286 1250 etiam
301 1223 393 1251 dicito.
410 1224 476 1250 Natu
494 1230 521 1252 et
534 1225 584 1260 ipsi
601 1227 766 1259 contendunt
785 1227 923 1262 Christum
943 1236 994 1256 non

205 1277 265 1296 esse
279 1277 372 1302 unum,
391 1274 417 1296 et
431 1270 540 1303 Filium,
557 1276 685 1306 tanquam
700 1273 842 1300 Dominum
858 1274 994 1303 hominem

206 1314 305 1342 factum
323 1321 404 1351 atque
419 1316 590 1345 inearuatutn
608 1318 775 1352 unigenitum
800 1319 846 1347 Dei
865 1320 993 1349 Verbum.

241 1361 271 1390 Β.
292 1362 487 1390 Contenderiut
510 1363 634 1392 fortasse.
661 1364 757 1392 Volunt
780 1365 872 1400 utique
897 1360 1012 1394 nomenl

206 1409 266 1442 hoc,
284 1409 419 1443 Christus,
438 1418 490 1437 non
507 1411 541 1436 ita
554 1411 700 1438 convenire
717 1410 806 1440 Verbo
820 1420 852 1439 ex
870 1412 924 1440 Deo
941 1413 995 1439 Pa-

206 1461 245 1482 tre
261 1455 352 1490 genito
371 1464 377 1482 :
396 1455 467 1490 quod
494 1455 620 1483 nimirum
643 1464 695 1483 non
712 1457 747 1484 sit
764 1462 873 1484 nnctttm
896 1465 994 1486 secun-

204 1501 266 1528 dutn
283 1502 418 1536 propriam
434 1509 511 1529 suam
536 1507 671 1535 naturam.
691 1507 782 1536 utpote
800 1503 882 1531 Deus.
899 1504 952 1532 Sed
968 1509 995 1532 et

205 1547 268 1573 illud
285 1555 392 1582 quoque
414 1548 544 1582 adjiciunt
561 1559 566 1576 :
587 1548 678 1583 Neque
695 1550 778 1582 enim,
802 1551 938 1585 inquiunt,
953 1555 995 1578 est
1009 1561 1030 1590 ο

207 1600 289 1620 υιιιιιιι
303 1601 335 1620 ex
352 1594 385 1620 iis
398 1594 551 1621 nominibus
567 1602 627 1629 quae
643 1596 722 1630 727
736 1603 750 1622 a
763 1596 841 1623 nobis
868 1597 901 1624 de
916 1596 996 1624 Patre

203 1645 232 1667 ct
249 1640 351 1674 Spiritu
365 1645 460 1667 sancto
475 1641 664 1674 prmdicantur.

239 1686 270 1713 A.
293 1685 418 1713 Nondum
442 1687 509 1714 satis
533 1687 675 1714 manifesta
699 1691 740 1714 est
763 1688 860 1716 oratio.
884 1689 995 1717 Declara

205 1732 308 1766 itaque.
327 1732 410 1760 Recte
425 1733 497 1760 enim
515 1732 622 1760 feceris.

240 1779 271 1807 Β.
292 1779 360 1806 Audi
379 1779 469 1813 igitur.
485 1779 697 1814 Quampluriutze
711 1786 785 1813 sunt,
801 1789 894 1817 creque
907 1783 996 1811 diver-

203 1833 239 1853 sa:
251 1825 275 1852 in
289 1825 375 1853 sacris
389 1825 499 1852 Litteris
510 1825 568 1852 Filii
579 1825 781 1860 appellationes.
794 1826 911 1855 Vocatur
923 1830 995 1856 euint

204 1871 274 1898 Deus
289 1876 316 1898 et.
331 1871 469 1903 Dominus,
485 1875 511 1897 et
528 1871 573 1898 lux
591 1877 617 1898 et
636 1871 699 1904 vita,
715 1880 819 1900 necnon
836 1880 881 1900 rex
899 1879 925 1901 et
940 1874 995 1901 vir-

205 1922 289 1944 tutum
309 1917 448 1949 Dominus,
473 1923 585 1944 sanctus
612 1923 639 1944 et
656 1919 837 1952 omnipotens.
862 1920 994 1947 Cteterum

203 1963 224 1990 si
243 1963 303 1998 quis
322 1963 377 1990 hzee
399 1964 455 1998 ipsa
477 1963 511 1990 de
536 1963 616 1990 Patre
633 1964 691 1991 sive
715 1965 750 1991 de
774 1963 876 1999 Spiritu
902 1973 995 1995 sancto

202 2010 400 2043 prtedieavcrit,
418 2017 585 2044 nequaquam
595 2010 736 2037 erraverit.
754 2010 837 2038 Unius
851 2011 923 2039 enim
940 2020 996 2039 tta—

205 2061 280 2089 turze,
301 2064 352 2082 ttna
365 2056 447 2083 ctiatn
466 2056 547 2084 fuerit
561 2057 671 2084 omnino
683 2063 711 2084 et
728 2057 888 2092 dignitatum
906 2060 996 2087 excel-

203 2102 295 2130 lentia.
313 2102 341 2129 Si
355 2110 418 2137 ergo
434 2110 531 2130 nomen
548 2103 647 2130 Christi
663 2111 725 2131 vere
745 2105 873 2132 convenit
897 2105 995 2141 Uuige-

205 2148 271 2180 nilo,
298 2148 433 2175 tribuatur
456 2149 550 2181 etiam,
570 2149 704 2183 inquiunt,
731 2149 916 2178 iudiﬂerenter
942 2159 995 2179 una

203 2202 264 2222 cum
283 2194 344 2221 aliis
361 2194 583 2229 appellationibus
595 2200 621 2221 et
635 2195 707 2221 Patri
719 2200 746 2222 et
758 2195 872 2231 Spiritui
889 2203 993 2226 sancto.

1049 261 1162 296 φρίκασι
1176 261 1306 288 Θεοτόκον
1322 262 1408 287 εἰπεῖν
1429 262 1478 296 τὴν
1494 261 1628 288 τεκοῦσαν
1649 261 1746 294 αὑτὸν,
1771 263 1845 288 κατά

1047 315 1090 341 γε,
1107 308 1177 343 φημὶ
1193 307 1243 342 τὴν
1258 308 1365 343 σάρκα;

1083 354 1113 381 Β.
1134 354 1197 385 Ναὶ,
1214 354 1314 388 φασίν·
1329 353 1401 380 ἔοικε
1423 354 1477 389 γὰρ
1493 354 1652 388 καταμόνας
1674 353 1714 388 τῷ
1739 354 1774 380 ὲκ
1795 363 1843 388 γυ-

1048 399 1140 431 ναικὸς
1165 401 1211 426 καὶ
1233 401 1265 426 ἐκ
1291 400 1451 435 σπέρματος
1473 399 1520 426 τοῦ
1544 399 1637 431 Δασιό,
1657 399 1688 425 τὸ
1710 399 1839 432 Χριστὸς

1047 445 1143 480 ὄνομα,
1155 445 1198 472 διὰ
1211 445 1242 471 τὸ
1259 445 1401 480 κεχρῑσοαι
1416 445 1456 480 τῷ
1472 446 1542 480 ἁγίῳ
1554 445 1694 479 Πνεὺματι
1704 453 1711 458 ·
1728 444 1842 479 δεηθείη

1047 491 1070 518 δ’
1088 491 1121 518 ἂν
1137 491 1276 526 οὐδαμῶς,
1289 492 1319 518 τό
1337 499 1368 526 γε
1384 489 1451 527 ἦχον
1468 492 1508 522 εἰς
1525 491 1593 518 ἰδίαν
1611 491 1703 525 φύσιν,
1721 491 1755 517 ὲκ
1772 490 1841 516 Θεοῦ

1048 537 1134 572 Λόγος
1155 537 1202 563 τοῦ
1225 537 1328 563 τοιοῦδε
1350 538 1538 573 χαρίσματος,
1561 536 1641 571 εἴπερ
1662 537 1738 563 ἐστὶν
1763 537 1842 571 ἅγιος

1048 583 1119 610 κατά
1143 583 1232 618 φύσιν.
1245 581 1283 610 Ἥ
1299 583 1352 618 γὰρ
1371 583 1432 618 οὐχὶ
1448 584 1478 609 τὸ
1491 582 1618 617 Χριστὸς
1638 582 1725 617 ὄνομα
1744 582 1840 617 χρίειν

1048 629 1108 655 τινὰ
1125 629 1274 664 γενομένην
1290 622 1475 664 ὑπεμφήνειεν
1488 630 1538 662 ἄν;

1083 676 1114 702 Α.
1136 676 1224 710 Ἔφης
1242 676 1292 710 μὲν
1312 675 1411 710 ὀρθῶς,
1422 675 1459 707 ὡς
1473 675 1517 702 διά
1529 684 1570 701 τοι
1589 674 1619 701 τὸ
1632 674 1777 709 κεχρῖσθαι
1792 675 1840 709 μό-

1048 731 1092 748 νον
1108 722 1225 756 Χριστὸς
1248 721 1419 757 ὀνομάζεται,
1442 722 1569 756 καθάπερ
1588 721 1684 756 ἀμέλει
1702 721 1750 747 καὶ
1773 721 1839 747 ἁ.πό-

1049 768 1140 800 στολος
1149 768 1193 795 διὰ
1207 769 1255 803 τὴν
1268 769 1430 804 ἀποστολὴν,
1445 768 1560 802 ἄγγελός
1579 776 1609 794 τε
1629 767 1673 794 διὰ
1690 768 1720 794 τὺ
1740 766 1840 800 ἀγγέλο

1048 814 1112 841 λειν.
1126 814 1166 840 Τὰ
1179 814 1233 849 γὰρ
1248 814 1336 841 τοιάδε
1349 814 1403 841 τῶν
1414 815 1564 849 ὀνομάτων,
1574 814 1746 849 πραγμάτων
1759 812 1840 839 τινῶν

1049 860 1165 886 ποιεῖται
1180 859 1307 895 δήλωσιν,
1322 859 1372 894 οὐχ
1393 859 1568 886 ὕποστάσεων
1588 859 1689 890 ἰδικῶν,
1706 858 1769 884 οὔτε
1785 858 1840 893 μὴν

1049 905 1203 940 προσώπων
1222 905 1454 940 ὁμολογουμένων.
1484 905 1638 940 Κέκληνται
1661 905 1716 939 γὰρ
1744 905 1792 931 χαὶ
1814 905 1839 930 οἱ

1047 951 1186 986 προφῆται
1199 951 1315 986 χριστοὶ,
1332 951 1401 977 κατὰ
1415 950 1445 977 τὸ
1460 952 1489 977 ὲν
1505 951 1630 986 Ψαλμοῖς
1647 951 1836 986 ὑμνούμενον·

1050 1006 1059 1022 ι
1077 996 1122 1031 Μὴ
1137 997 1254 1024 ἅπτεσθε
1277 997 1331 1023 τῶν
1354 996 1472 1032 χριστῶν
1498 1005 1560 1032 μου,
1583 996 1630 1022 καὶ
1650 997 1678 1022 ὲν
1695 998 1752 1027 τοῖς
1773 1004 1839 1030 προ-

1048 1044 1146 1078 φήταις
1159 1052 1210 1078 μου
1223 1044 1261 1078 μὴ
1279 1043 1472 1078 πονηρεύεσοε,
1491 1052 1499 1068 ι
1515 1041 1586 1077 Ἔφη
1601 1042 1629 1068 δὲ
1646 1043 1716 1069 καὶό
1733 1045 1839 1077 «pagi;-

1046 1098 1095 1124 της
1116 1089 1272 1124 ’Λϐὂακούμ
1286 1097 1292 1103 ·
1313 1099 1322 1115 ι
1343 1088 1469 1124 Ἐξῆλθες
1491 1089 1532 1119 εἰς
1554 1087 1691 1123 σωτηρίαν
1705 1088 1772 1114 λαοῦ
1791 1096 1837 1114 σου

1046 1136 1092 1163 τοῦ
1110 1136 1197 1163 σῶσαι
1217 1137 1281 1168 τοὺς
1303 1135 1434 1172 χριστούς
1455 1144 1513 1163 σου.
1532 1145 1541 1161 ι
1561 1134 1634 1170 Πλὴν
1661 1135 1753 1161 ἐκεῖνο
1770 1135 1838 1170 φρά-

1047 1189 1109 1208 σον*
1126 1182 1157 1208 οὐ
1176 1182 1230 1216 γὰρ
1245 1180 1314 1208 εἷναί
1332 1190 1398 1216 φασι
1423 1182 1470 1208 καὶ
1487 1181 1565 1208 αὐτοὶ
1584 1181 1704 1216 Χριστὸν
1727 1181 1776 1207 ἕνα
1793 1181 1839 1207 καὶ

1047 1228 1120 1260 Υἰῆν,
1134 1227 1171 1259 ὡς
1187 1227 1288 1262 Κύριον
1306 1227 1554 1262 ἐνανορωπήσαντα
1568 1226 1614 1253 καὶ
1626 1227 1838 1262 σεσαρκωμένον

1046 1273 1091 1300 τὸν
1104 1273 1244 1308 Μονογενῆ
1262 1272 1308 1299 τοῦ
1320 1273 1388 1299 Θεοῦ
1406 1273 1501 1306 Λόγον.

1082 1364 1111 1390 Β.
1132 1364 1212 1390 Φαῖεν
1230 1363 1262 1390 ἂν
1287 1364 1370 1394 ῐσως,
1394 1362 1512 1390 ἐοικέναι
1532 1371 1563 1397 γε
1588 1362 1652 1398 μὴν,
1674 1363 1737 1397 οὐχὶ
1754 1362 1839 1396 δήπου

1049 1409 1148 1444 μᾶλλον
1163 1409 1202 1443 τῷ
1217 1410 1248 1434 ὲκ
1261 1408 1329 1435 Θεοῦ
1344 1408 1451 1443 Πατρὺς
1472 1408 1551 1443 φύντι
1569 1409 1647 1443 Λόγῳ
1660 1408 1692 1434 τὺ
1710 1401 1839 1442 Χρὶιγτίς

1046 1455 1132 1490 ὄνομα
1149 1454 1299 1490 βούλονται,
1313 1454 1357 1480 διά
1372 1463 1412 1480 τοι
1429 1454 1458 1480 τὺ
1479 1454 1517 1490 μὴ
1531 1453 1675 1489 κεχρῖσθαι
1692 1454 1755 1480 κατ’
1775 1453 1840 1479 ἰδίαν

1047 1501 1128 1536 φύσιν
1153 1501 1191 1533 ὡς
1217 1502 1294 1528 Θεόν,
1321 1501 1529 1536 Προσεπέιγουσι
1553 1500 1581 1528 δὲ
1607 1500 1695 1535 τούτῳ
1718 1500 1839 1526 κάκεῖνο.

1047 1549 1083 1575 Ub
1101 1548 1155 1583 γάρ
1169 1556 1221 1580 τοι,
1242 1548 1334 1582 φασὶν,
1352 1547 1389 1579 ὡς
1406 1547 1435 1573 ἓν
1450 1548 1508 1573 ἐστι
1526 1546 1581 1572 τῶν
1594 1546 1748 1581 ὀνομάτων,
1772 1545 1840 1579 ειπερ

1046 1594 1079 1621 ἂν
1090 1594 1194 1628 λέγοιτο
1211 1593 1278 1628 πρὸς
1293 1594 1382 1628 ἡμῶν,
1406 1593 1453 1619 καὶ
1469 1592 1512 1620 ἐπ’
1530 1592 1613 1619 αὑτοῦ
1632 1591 1680 1618 τοῦ
1700 1591 1809 1626 Πατρὶς
1824 1591 1839 1625 ἢ

1047 1641 1092 1667 καὶ
1105 1640 1152 1667 τοῦ
1167 1639 1244 1674 ἁγίου
1259 1639 1429 1674 Πνεύματος,

1079 1689 1111 1713 Α.
1133 1686 1215 1713 Οὕπω
1230 1684 1302 1721 μάλα
1321 1686 1394 1712 ἐστὶν
1410 1685 1529 1720 ἐναργὴς
1555 1685 1569 1711 ὁ
1585 1684 1680 1719 λόγος·
1701 1683 1838 1718 Διασᾶςνει

1045 1730 1107 1759 οὖν·
1123 1733 1232 1768 δράσεις
1248 1732 1302 1767 γὰρ
1320 1731 1418 1766 ὀρθῶς.
1755 1746 1760 1751 -

1082 1779 1112 1806 Β.
1130 1780 1229 1805 Ἄκουε
1252 1778 1308 1813 δή..
1322 1777 1457 1812 Πλείστην
1481 1777 1531 1813 μὲν
1552 1777 1607 1813 γὰρ
1630 1777 1678 1804 καὶ
1703 1776 1839 1811 δεαερόρως

1046 1824 1260 1859 ὲξενηνεγμένην
1273 1823 1323 1858 τὴν
1339 1822 1388 1849 τοῦ
1405 1823 1469 1850 Υῐοῦ
1488 1823 1595 1858 κλῆσιν,
1613 1823 1691 1858 παρὰ
1707 1824 1769 1854 ταῖς
1784 1823 1839 1848 θεο-

1047 1870 1191 1901 πνεύστοις
1216 1870 1340 1905 Γραφαῖς
1363 1869 1466 1895 ἔνεστιν
1495 1869 1570 1895 ἰδεῖν.
1594 1869 1758 1903 Ὤνόμασται
1787 1868 1838 1902 γὰρ

1045 1917 1112 1948 Θεὸς
1127 1917 1174 1943 καὶ
1193 1916 1307 1952 Κύριος,
1320 1916 1368 1942 καὶ
1384 1915 1452 1950 φῶς,
1469 1915 1516 1941 καὶ
1537 1914 1604 1950 ζωὴ,
1620 1915 1666 1942 καὶ
1683 1915 1778 1950 μέντοι
1795 1915 1837 1941 καὶ

1048 1963 1186 1998 βασιλεὺς,
1213 1963 1260 1990 καὶ
1284 1962 1339 1989 τῶν
1354 1962 1495 1997 δυνάμεων
1517 1962 1634 1997 Κύριος,
1650 1962 1729 1996 ἆγιός
1751 1971 1779 1987 τε
1795 1962 1837 1987 καὶ

1047 2009 1256 2045 παντοκράτωρ.
1282 2009 1352 2035 amr
1367 2010 1391 2036 ai
1416 2008 1536 2044 βούλοιτό
1556 2017 1599 2040 τις
1621 2009 1668 2035 καὶ
1695 2009 1740 2034 ἐπ’
1758 2008 1837 2035 αὑτοῦ

1046 2057 1129 2091 φάναι
1142 2057 1221 2083 ταυτὶ
1235 2056 1282 2083 τοῦ
1306 2056 1425 2091 Πατρὸς,
1439 2056 1524 2091 ἤγουν
1537 2054 1584 2081 τοῦ
1606 2055 1686 2088 ἁγίου
1711 2055 1835 2090 Πνεῦμα-

1046 2113 1102 2136 τος,
1116 2104 1167 2130 οὐκ
1181 2103 1213 2130 ἂν
1234 2102 1353 2138 ἁμάρτοι
1371 2102 1419 2129 τοῦ
1437 2102 1617 2138 πρέποντος·’
1631 2103 1697 2136 μιᾶς
1717 2101 1773 2136 γὰρ
1791 2101 1834 2134 φίν-

1047 2159 1116 2181 σεως
1133 2149 1182 2184 μία
1192 2158 1243 2175 που
1255 2149 1364 2179 πάντως
1378 2148 1455 2174 ἔσται
1472 2148 1487 2182 ἠ
1504 2147 1559 2174 τῶν
1571 2147 1739 2182 ἀξιωμάτων
1757 2148 1835 2182 ὑπερ-

1046 2197 1106 2231 οχή.
1131 2196 1218 2230 Εἴπερ
1241 2193 1288 2222 οὖν
1313 2196 1387 2221 ἐστιν
1404 2193 1512 2228 ἀληθῶς
1527 2194 1615 2224 ἐοικὸς
1631 2194 1718 2228 ὖνομα
1733 2194 1772 2228 τῷ
1785 2194 1835 2220 Μπν

202 2241 268 2267 Cum
294 2248 358 2268 vero
379 2241 523 2267 absurdum
552 2241 726 2269 vehementer
751 2243 796 2274 sit,
821 2242 847 2269 id
875 2244 992 2271 nominis

1051 2242 1146 2275 ρογενεῖ
1155 2241 1185 2267 τὸ
1195 2239 1333 2274 Χριστὸς,
1344 2240 1478 2275 χωρείτω,
1489 2239 1581 2273 φασὶν,
1590 2239 1758 2273 ἁδιακρὶτως
1772 2240 1838 2274 μετὰ

204 2285 275 2312 Patri
292 2290 319 2312 et
334 2285 444 2319 Spiritui
461 2290 554 2312 sancto
576 2286 721 2319 ascribere,
747 2294 834 2322 neque
852 2287 899 2322 ipsi
920 2289 990 2316 veri-

203 2331 328 2358 similiter
350 2330 493 2365 Unigeuito
513 2331 672 2365 conveniet;
697 2332 744 2359 sed
767 2333 855 2367 potius
872 2341 904 2361 ac
927 2342 990 2362 vere

203 2379 337 2405 tribuetur
351 2377 388 2404 illi
404 2377 448 2412 qui
467 2382 509 2404 est
526 2385 558 2404 ex
573 2378 677 2406 semine
690 2378 783 2412 David,
800 2380 833 2407 de
852 2387 904 2414 qtto
919 2386 992 2409 recte

201 2429 229 2450 et
243 2422 349 2450 censeri
364 2427 392 2450 et
406 2423 457 2449 diei
474 2427 562 2457 potest
576 2424 647 2458 quod
662 2429 760 2452 unctus
773 2425 808 2452 sit
823 2425 935 2460 Spiritu.

1043 2286 1098 2313 τῶν
1112 2286 1199 2313 ἄλλων
1218 2285 1264 2312 καὶ¹
1280 2284 1324 2310 ἐπ’
1340 2284 1421 2311 αὑτοῦ
1435 2283 1482 2310 τοῦ
1496 2284 1603 2318 Πατρδς
1623 2284 1672 2310 καὶ
1695 2285 1743 2310 τοῦ
1763 2284 1836 2318 ἁγίου

1044 2333 1212 2368 Πνεύματος.
1239 2331 1349 2367 Ἐπειδὴ
1366 2331 1395 2358 δέ
1419 2332 1492 2357 ἐστιν
1518 2330 1655 2360 ἀπίθανον,
1675 2331 1789 2366 κομιδῇ,
1811 2331 1837 2356 τὺ

1045 2379 1211 2414 ἐφαρμόζειν
1228 2378 1295 2404 αὐτὸ
1311 2377 1350 2412 τῷ
1371 2377 1457 2412 Πατρὶ
1478 2377 1524 2403 καὶ
1538 2376 1577 2411 τῷ
1599 2377 1669 2412 ἁγίῳ
1686 2377 1835 2411 Ilva-31.1121,

1045 2425 1099 2452 οὐδ’
1114 2425 1147 2452 ἂν
1168 2423 1252 2459 αὐτῷ,
1272 2423 1343 2450 κατὰ
1360 2423 1390 2449 τὺ
1408 2423 1491 2456 εἰκὸς,
1506 2423 1583 2449 ἔσται
1606 2422 1646 2458 τῷ
1670 2423 1834 2456 Μονογενεῖ¹

203 2471 382 2506 ὲκνενέμηται
396 2471 425 2498 δὲ
441 2471 551 2506 μᾶλλον,
569 2472 606 2504 ὡς
621 2472 739 2507 ἀληθῶς,
764 2473 803 2508 τῷ
836 2474 868 2500 ὲκ
891 2475 1050 2511 σπέρματος
1081 2473 1128 2500 τοῦ
1143 2472 1235 2504 Δαὸὶδ,
1255 2473 1299 2505 ἐφ’
1320 2468 1406 2507 οὗπερ
1442 2471 1476 2498 ἂν
1500 2471 1543 2507 εἴη
1560 2471 1605 2497 καὶ
1630 2471 1835 2505 ἀνεπίπληκτον

202 2517 300 2552 κομιδῇ
323 2517 353 2544 τὺ
377 2517 518 2554 κεχρῖσθαι
543 2518 582 2553 τῷ
608 2518 748 2554 Πνεὺματι
771 2519 817 2545 καὶ
846 2521 916 2546 νοεῖν
943 2522 989 2548 καὶ
1008 2521 1109 2555 λέγειν.
1289 2521 1292 2524 ’

238 2564 270 2591 Α.
292 2563 449 2592 Communia
476 2565 584 2600 quidem
609 2573 670 2593 esse
695 2566 812 2594 dicimus
838 2569 918 2595 etiam
945 2576 994 2596 uos

202 2609 274 2637 l‘atri
289 2615 316 2638 et
331 2610 397 2638 Filio
417 2615 445 2639 et
460 2611 572 2645 Spiriltti
591 2616 687 2639 sancto
702 2612 852 2639 divinarum
879 2614 993 2648 dignita-

203 2662 258 2682 tum
276 2657 395 2689 nomina,
413 2657 525 2692 pariqtte
540 2657 642 2685 honore
655 2658 786 2685 decorare
800 2660 992 2686 consuevimus

202 2710 254 2738 quo
278 2702 394 2735 Patrem,
414 2703 510 2730 Filium
534 2711 641 2738 quoque
666 2712 700 2731 ex
728 2704 786 2738 ipso
810 2705 942 2740 genitum,
959 2713 991 2732 ac

202 2753 330 2782 prasterea
347 2748 476 2783 Spiritum
492 2755 625 2776 sanctum.
641 2750 787 2784 (Steterunt,
808 2759 825 2778 ο
843 2751 903 2778 boui
928 2751 988 2783 viri,

201 2794 316 2821 dixerim
337 2794 473 2828 cquidetu,
493 2803 590 2823 nomen
615 2796 729 2828 Christi,
752 2798 777 2825 id
793 2802 846 2830 est,
863 2798 947 2830 uncti,
964 2802 992 2825 et

237 2883 260 2898 7°
276 2883 349 2911 t’sal.
363 2891 406 2911 ειν
434 2885 476 2912 l5.
515 2887 535 2902 '“
558 2885 659 2914 llabac.
681 2895 721 2921 ιιι,
743 2887 784 2916 15.

1084 2569 1116 2594 Δ.
1135 2567 1219 2593 Κοινὰ
1235 2566 1283 2601 μὲν
1304 2563 1374 2592 εἷναί
1390 2574 1479 2600 φαμεν
1499 2565 1546 2592 καὶ
1560 2566 1642 2601 ἡμεῖς
1658 2565 1736 2591 αὐτοὶ
1751 2564 1834 2599 Ila-.91

1047 2615 1093 2641 καὶ
1106 2613 1163 2648 Υἱῷ
1175 2613 1222 2639 καὶ
1241 2612 1311 2646 ἁγίῳ
1330 2611 1479 2646 Πνεύματι,
1497 2611 1551 2638 τῶν
1577 2611 1739 2646 θεοπρεπῶν
1754 2611 1832 2642 ἀξιω-

1047 2661 1140 2696 μάτων
1152 2659 1186 2685 τὰ
1201 2659 1331 2693 ὀνόματα,
1349 2658 1396 2684 καὶ
1411 2657 1566 2693 ἰσομέτροις
1579 2657 1716 2688 εὐκλείαες
1736 2666 1832 2690 στεφα-

1044 2706 1106 2733 νοῦν
1130 2705 1284 2740 εἰθίσμεθα,
1301 2703 1370 2739 ὁμοῦ
1392 2703 1431 2739 τῷ
1451 2704 1611 2737 γεννήσαντι
1629 2703 1675 2729 τὸν
1699 2702 1729 2735 ἐξ
1754 2702 1833 2729 αὐτοῦ

1045 2751 1208 2786 γεννηθέντα
1224 2750 1297 2782 Υἰὸν,
1313 2750 1361 2776 καὶ
1382 2749 1494 2785 προσέτι
1508 2749 1538 2776 τὸ
1562 2748 1673 2783 Πνεῦμα
1692 2748 1723 2774 τὸ
1741 2748 1832 2782 ἅγιον·

1046 2798 1126 2831 πλὴν,
1141 2793 1163 2823 ὦ
1177 2796 1319 2831 βέλτιστοι,
1336 2796 1418 2831 φαίην
1432 2795 1475 2828 ἂν,
1493 2795 1522 2822 τὸ
1537 2794 1664 2828 Χριστὸς
1676 2794 1773 2829 ὄνομα,
1788 2794 1832 2820 καὶ
