1927 3036
99 168 166 197 I277

660 165 754 200 QUOD
773 166 869 195 UNUS
889 166 945 193 SIT
966 167 1150 197 CHRISTUS.

1654 179 1721 206 £978

95 229 162 256 αὐτὸ
179 228 208 255 δὲ
223 228 254 255 τὸ
268 228 372 264 χρῆμα,
387 227 524 255 τουτέστιν
537 228 554 263 ἡ
570 227 668 263 χρίσις,
686 227 754 263 μετά
764 227 817 254 τῶν
831 226 869 262 τῆ

933 235 976 255 res
993 228 1059 263 ipsa,
1081 229 1131 256 hoc
1151 233 1203 262 est,
1221 231 1322 264 unctio,
1347 237 1487 268 postquam
1508 236 1719 265 exinanitioucm

95 274 239 306 κενώσεως
250 274 358 310 τρόπων
376 274 540 309 προσγέγονε
558 273 596 309 τῷ
610 274 766 307 Μονογενεῖ,
778 273 880 308 ἐναργῆ

95 321 145 356 τῆς
172 321 405 357 ὲνανθρωπήσεως
430 322 487 352 τοῖς
515 320 699 356 ἀκροωμένοις
724 319 880 354 είσκομίζον

91 366 144 401 τὴν
166 366 294 401 δήλωσιν.
307 366 369 392 Ὀτι
386 366 440 401 γὰρ
455 366 597 400 κέχρισται
615 365 682 392 καθὸ
698 365 817 399 πέφηνεν
831 363 878 390 ἇν-

90 410 214 446 θρωπος,
232 410 451 445 κατασημήνειεν
472 410 504 437 ἂν
519 409 548 436 εὖ
570 410 652 445 μάλα.
665 410 695 436 El
712 409 761 444 μὲν
781 406 828 435 οὖν
840 408 877 443 μὴ

74 455 79 461 ”
91 456 174 482 αὑτὸν
185 457 235 491 τῆς
252 455 321 491 μετά
335 455 436 491 σαρκὸς
447 455 602 490 οἰκονομίας
619 454 815 488 ἐϐασανίζομεν
827 453 878 480 Λό-

90 510 151 535 τον,
164 502 223 529 ἀλλ’
242 502 294 534 ἔξω
311 510 361 528 που
377 501 445 533 τέως
459 501 513 528 τῶν
531 501 580 537 τῆς
598 499 738 532 κενώσεως
752 500 815 526 ὂντα
830 499 877 535 μέ-

90 555 165 581 τρων
180 547 326 584 προῦκειτο
344 547 453 583 βλέπειν
471 547 517 574 τὸν
536 547 666 582 μονογενῆ
681 547 728 573 τοῦ
743 546 810 573 Θεοῦ
826 546 876 572 A6-

89 598 151 627 γον,
166 591 200 628 ἦν
214 594 247 620 ἂν
258 594 305 621 καὶ
326 593 398 630 μάλα
413 594 524 626 εἰκότως
538 592 673 628 ἀσύφηλον
687 591 795 628 κομιδῇ,
807 592 875 627 Χρι-

91 640 156 667 στὸν
180 640 391 675 ὀνομάζειν-τὸν
408 640 446 676 μὴ
461 640 650 676 κεχρισμένον.
670 639 778 674 Ἐπειδὴ
797 639 826 665 δὲ
846 638 875 665 τὸ

89 685 164 712 θεῖον
178 687 224 714 καὶ
241 686 384 722 ίερώτατον
400 687 530 722 Γράμμα,
547 686 637 722 σάρκα
652 685 776 720 γενέσθαι
793 684 875 720 φησὶν

89 731 183 764 αὑτὸν,
199 731 300 767 πρέποι
323 732 346 759 δ’
361 732 396 759 ἂν
418 733 468 767 ἤδη
489 733 537 759 καὶ
552 733 568 767 ὴ
585 732 674 767 χρίσις
698 731 782 767 αὐτῷ,
798 739 874 765 γενο-

90 777 161 812 μένη
178 777 243 813 περὶ
258 777 308 813 τὴν
324 777 470 813 σάρκωσιν,
489 778 550 813 ἦτις
572 778 645 804 ἐστὶν
659 776 749 805 αὑτοῦ.
771 777 873 812 Γράφει

88 822 157 857 γοῦν
170 824 184 850 ό
199 823 335 858 πάνσοφος
353 823 457 856 Παῦλος
470 832 477 839 ·
495 833 504 850 ι
517 824 551 850 Ὅ
565 832 593 850 τε
607 824 661 859 γὰρ
682 822 813 857 ἁγιάζων,
826 822 874 850 καὶ

89 868 116 895 οἱ
134 869 319 905 ἁγιαζόμενοι,
343 869 374 903 ἐξ
388 870 446 902 ἑνὸς
475 871 589 902 πάντες·
607 870 640 897 δι’
665 870 699 906 ἥν
720 870 809 897 αἰτίαν
823 870 873 896 οὐκ

89 915 286 950 ἐπαισχύνεται
297 916 427 951 ἀδελφοὺς
440 917 538 949 αὐτοὺς
553 916 654 949 καλεῖν,
668 916 764 951 λέγων·
773 917 875 950 Ἀπαγ-

88 962 163 997 γελῶ
172 963 203 990 τὸ
217 963 301 998 δνομά
313 971 359 989 σου
372 964 428 995 τοῖς
439 964 562 998 ἀδελφοῖς
577 972 627 998 μου
638 971 644 978 ·
659 973 667 989 ι
680 963 807 999 ἡγιάζετο
820 963 874 997 γὰρ

91 1009 153 1044 μεθ’
162 1009 178 1044 ἠ
183 1009 251 1043 μῶν,
262 1010 305 1036 ὅτε
316 1010 411 1044 γέγονε
423 1010 483 1037 καθ’
493 1010 641 1045 ἡμᾶς.’¹οτι
653 1009 680 1036 δὲ
691 1009 799 1045 ἀληθῶς
813 1009 873 1041 Υἱὸς

87 1055 104 1081 ὁ
118 1055 263 1090 χριόμενος
287 1053 332 1091 ἦν,
355 1055 422 1082 καθὸ
441 1056 535 1090 γέγονε
560 1055 639 1091 σὰρξ,
663 1056 748 1091 ἦγουν
772 1055 873 1087 τέλειος

85 1100 242 1136 ἄνθρωπος,
255 1101 421 1128 πιστώσεται
435 1101 522 1135 λέγων
531 1103 545 1128 ὁ
555 1102 697 1133 θεσπέσιος
711 1101 792 1128 Δαόὶδ
805 1101 873 1136 πρὸς

85 1146 186 1173 αὐτόν’
209 1156 219 1173 ‹
242 1147 269 1174 '0
285 1147 378 1182 Θρόνος
395 1156 452 1179 σου,
469 1148 483 1174 ό
505 1148 581 1180 Θεὸς,
601 1148 642 1179 εὶς
655 1147 700 1174 τὸν
715 1147 801 1174 αἰῶνα
825 1147 871 1173 τοῦ

83 1191 202 1222 αἰῶνος·
228 1191 326 1227 ῥάϐδος
341 1191 490 1227 εὐθύτητος
505 1193 522 1227 ἡ
542 1192 639 1228 ῥάϐδος
665 1191 715 1227 τῆς
734 1191 872 1227 βασιλείας

85 1245 147 1264 σου.
164 1237 325 1273 Ἡγάπησας
338 1238 520 1274 δικαιοσύνην,
537 1239 583 1265 καὶ
597 1238 732 1274 ἐμίσησας
746 1237 871 1273 ἀνομίαν,

83 1282 130 1310 διὰ
139 1283 219 1310 τοῦτο
232 1283 324 1319 έχρισέ
342 1292 371 1310 σε
385 1285 399 1310 ὁ
414 1284 490 1317 Θεὸς,
505 1285 520 1311 ό
531 1284 596 1316 Θεός
615 1293 672 1316 σου,
685 1284 773 1311 ἔλαιον
787 1284 870 1318 ἀγαλ-

83 1327 202 1360 λιάσεως
220 1329 296 1365 παρὰ
309 1329 372 1361 τοὺς
389 1330 517 1365 μετόχους
532 1339 588 1356 σου.
607 1339 616 1355 ι
634 1330 717 1361 Σὺνες
731 1328 787 1362 οὖν,
798 1331 871 1362 ὅπως

83 1375 133 1401 καὶ
149 1374 214 1401 Θεὸν
229 1375 324 1408 είπὼν,
337 1377 385 1403 καὶ
400 1376 494 1412 θρόνον
506 1376 579 1412 αὐτῷ
590 1377 636 1404 τὸν
646 1378 685 1409 είς
697 1376 783 1404 αἰῶνα
798 1377 869 1409 δοὺς,

82 1420 230 1455 κεχρίσοαί
244 1430 309 1456 φησι
329 1422 404 1457 παρὰ
416 1421 494 1455 Θεοῦ,
506 1422 584 1458 δῆλον
594 1422 623 1449 δὲ
639 1423 679 1449 ὅτι
691 1422 738 1449 τοῦ
754 1423 869 1458 Πατρὸς,

84 1465 217 1502 ἐξαιρέτῳ
238 1467 291 1493 τινὶ
310 1467 400 1503 χρίσει
417 1467 492 1503 παρά
511 1467 574 1499 τοὺς
594 1468 757 1503 μετέχοντας
776 1467 868 1499 αὑτοῦ,

82 1511 222 1539 τουτέστιν
239 1513 323 1548 ἡμᾶς.
341 1514 372 1540 Εί
392 1513 446 1549 γὰρ
467 1513 576 1548 γέγονεν
600 1513 754 1549 ἄνθρωπος.
779 1513 869 1540 καίτοι

80 1555 151 1587 θεὸς
161 1555 199 1582 ὣν
213 1557 227 1583 ό
240 1557 336 1591 Λόγος,
351 1557 409 1584 ἀλλ’
424 1556 458 1592 ἦν
473 1558 519 1584 καὶ
537 1557 623 1590 οὕτως
644 1557 794 1593 ἀπροσδεὴς
815 1557 870 1584 τῶν
884 1567 905 1596 C

82 1602 134 1637 τῆς
153 1601 221 1634 ἰδίας
243 1602 350 1636 φύσεως
372 1603 493 1637 ἀγαθῶν,
516 1604 664 1639 αὐτοτελής
685 1612 714 1630 τε
740 1603 869 1639 ὑπάρχων

81 1648 132 1674 καὶ
156 1648 264 1684 πλήρης
292 1649 403 1684 χάριτος
431 1649 478 1677 καὶ
506 1650 644 1685 ἀληθείας,
668 1649 739 1676 κατά
766 1659 797 1684 γε
821 1651 870 1685 τὴν

89 1694 215 1722 Ἰωάννου
230 1696 336 1731 φωνήν·
351 1695 398 1723 καὶ
415 1695 471 1731 ἔχει
490 1695 538 1731 μὲν
552 1696 632 1727 αὐτὸς
646 1696 746 1732 ἀρτίως
765 1697 805 1728 είς
815 1698 869 1724 πᾶν

82 1740 172 1767 ὁτιοῦν
184 1741 237 1768 τῶν
250 1741 420 1777 θεοπρεπῶν,
436 1742 489 1769 ἀπὸ
505 1742 533 1768 δὲ
551 1742 597 1768 τοῦ
619 1741 799 1777 πληρώματος
820 1744 869 1770 αὑ-

81 1786 130 1813 τοῦ
149 1786 248 1818 πάντες
267 1789 344 1824 ἡμεῖς
364 1788 508 1823 ἐλάϐομεν,
529 1788 598 1815 κατὰ
614 1789 642 1814 τὸ
666 1789 868 1824 γεγραμμένον.

86 1829 172 1866 Ὅμοῦ
191 1833 335 1868 τοιγαροῦν
356 1834 412 1865 τοῖς
427 1834 477 1868 τῆς
505 1834 572 1866 ίδίας
595 1834 804 1870 ἀνθρωπότητος
823 1836 869 1870 μὲ-

80 1885 156 1911 τροις
173 1878 222 1905 καὶ
240 1878 277 1905 τὰ
291 1878 372 1905 αὑτοῦ
391 1878 585 1913 οἰκειούμενος,
606 1880 722 1915 Χριστὸς
737 1880 868 1916 ὀνομάζε-

79 1929 138 1956 ται,
152 1923 202 1950 κᾶν
214 1924 237 1950 ει
253 1923 289 1959 μὴ
303 1924 446 1959 κεχρῖσθαι
466 1925 561 1956 νοοῖτο,
577 1926 646 1952 κατά
660 1933 702 1959 γε,
715 1926 796 1961 φημὶ,
808 1927 866 1961 τὴν,

84 1973 136 2005 τῆς
153 1969 279 2005 θεότητος
295 1970 385 2004 φύσιν,
404 1971 487 2006 ἤγουν
501 1971 569 1997 καθὸ
584 1973 682 1999 νοεῖται
695 1972 771 2004 Θεός.
794 1973 868 2000 Ἐπεὶ

81 2015 195 2051 φράσον,
213 2015 271 2048 πῶς
280 2015 381 2051 ἑτέρως
398 2017 477 2043 νοοῖτ’
493 2016 526 2043 ἂν
536 2016 664 2051 Χριστὸς,
677 2017 741 2049 Υἱὸς
753 2018 800 2045 καὶ
810 2019 867 2045 Κύ-

81 2070 149 2096 ριος,
170 2061 348 2095 ἀπαξιοῦντος
361 2061 410 2088 τοῦ
434 2062 603 2096 Μονογενοῦς
625 2063 673 2098 τὴν
696 2064 797 2099 χρίσιν,
819 2064 867 2091 καὶ

79 2107 135 2134 τῶν
150 2107 200 2143 τῆς
216 2107 356 2140 κενώσεως
373 2108 479 2144 μέτρων
493 2108 543 2135 οὐκ
558 2108 737 2144 ἀνεχομένους

115 2195 146 2222 Β.
171 2195 324 2230 Ἐτέρανγέ
340 2196 427 2231 πωςῆ
445 2196 506 2223 καθ’
520 2197 594 2233 ἡμᾶς
616 2197 701 2224 ἵενται
716 2198 821 2233 τρίϐον,
837 2199 867 2226 τὸ

931 274 1022 307 subiit,
1039 273 1182 309 Unigenito
1195 277 1320 309 accessit,
1336 279 1505 308 manifestam
1525 282 1720 310 incarnationis

930 318 986 345 sive
1006 318 1206 348 humanationis
1224 321 1449 356 significationem
1476 327 1643 355 auditoribus
1670 328 1719 355 itii-

930 363 1048 390 mittens.
1069 363 1145 397 Quod
1165 366 1237 392 enim
1261 371 1358 395 unctus
1376 369 1422 401 sit,
1438 375 1571 404 quatenus
1593 373 1718 407 apparuit

929 407 1020 439 homo,
1038 408 1138 443 optime
1155 409 1284 438 declarat.
1300 411 1329 439 Si
1350 421 1414 449 ergo
1428 416 1631 446 consideremus
1650 419 1715 446 Ver-

929 453 1002 487 bum,
1025 462 1076 482 non
1093 455 1172 490 quale
1190 463 1232 484 est
1252 463 1393 494 postquam
1409 461 1668 492 administrationem
1688 467 1714 493 in

928 506 1008 526 carne
1022 500 1114 532 subiit,
1128 501 1174 528 sed
1190 503 1268 537 quale
1282 509 1341 531 erat
1356 506 1521 540 unigenitum
1537 508 1582 536 Dci
1599 509 1714 538 Verbum

928 548 1072 579 antequam
1090 546 1300 576 exinanitionem
1313 551 1441 579 sustinuit
1458 561 1464 579 :
1484 553 1630 582 absurdum
1648 564 1715 584 sane

929 589 1009 618 fuerit
1021 591 1157 619 Christum
1170 600 1344 627 vocare,enm
1358 597 1401 630 qtti
1417 604 1513 626 unctus
1527 607 1578 627 non
1589 601 1633 628 sit.
1647 601 1713 630 Ctun

927 642 992 662 vero
1008 636 1095 663 divina
1107 642 1134 664 et
1145 639 1327 667 sacratissima
1344 641 1479 677 Scriptura
1502 652 1609 673 carnem
1628 646 1713 681 ipsum

926 680 1026 708 factum
1039 689 1099 709 esse
1107 682 1142 709 ait
1150 703 1157 715 ,
1166 685 1256 712 unctio
1265 689 1338 713 certe
1349 687 1399 720 ipsi
1413 690 1555 718 conveniat
1566 680 1713 720 factarcirca

926 726 1219 764 incarnationem,qn:n
1232 730 1314 764 ipsius
1330 737 1381 760 est.
1392 733 1491 761 Scribit
1509 736 1599 770 itaque
1614 739 1715 772 sapit-n-

926 773 1046 804 tissimus
1068 774 1185 802 Paulus:
1206 785 1215 802 ι
1229 776 1279 809 Qui
1301 778 1373 805 enim
1400 781 1713 818 sanctiﬁcatetquisan-

924 820 1090 853 ctilicantnr,
1109 827 1143 847 ex
1174 829 1227 849 uno
1250 830 1354 851 omnes.
1381 825 1494 860 Propter
1510 836 1589 862 quam
1605 837 1713 857 causam

925 871 977 891 non
992 865 1167 892 confunditur
1184 866 1282 895 fratres
1299 875 1346 896 eos
1361 877 1468 904 vocare,
1488 872 1581 900 dicens
1605 882 1611 900 :
1641 874 1710 901 Nun-

928 910 1000 937 tiabo
1014 918 1110 938 nomen
1139 917 1214 938 tuum
1233 911 1363 941 fratribus
1388 916 1455 943 meis
1469 917 1504 943 ".
1523 927 1532 943 ι
1555 917 1712 946 Sanctiﬁca-

927 960 969 983 tus
989 956 1060 983 enim
1084 961 1125 984 est
1150 958 1304 991 nobiscum,
1329 961 1435 994 quando
1459 962 1546 990 factus
1569 969 1610 991 est
1629 965 1712 992 uestri

924 1001 1031 1028 similis.
1050 1001 1125 1035 Quod
1143 1007 1231 1030 autem
1245 1011 1306 1031 vere
1318 1005 1403 1033 Filius
1415 1012 1473 1034 erat
1489 1009 1534 1043 qui
1551 1014 1648 1037 unctus
1661 1015 1712 1043 est,

924 1052 1057 1081 quatenus
1070 1049 1155 1076 factus
1167 1054 1207 1076 est
1222 1058 1295 1084 caro,
1308 1052 1364 1079 sive
1380 1053 1516 1087 perfectus
1532 1056 1623 1088 homo,
1635 1057 1712 1084 ﬁdem

926 1093 1004 1120 faciet
1021 1094 1126 1122 divinus
1135 1095 1228 1128 David,
1241 1096 1277 1123 ita
1292 1097 1326 1124 ad
1341 1105 1401 1125 eum
1413 1099 1651 1136 loquens:728«
1669 1102 1719 1130 Se-

925 1140 971 1166 des
989 1144 1044 1172 lua,
1057 1140 1138 1173 Detts,
1157 1141 1182 1168 in
1196 1142 1321 1169 stcculttm
1335 1145 1424 1171 saeculi
1438 1154 1444 1171 :
1457 1145 1530 1181 virga
1547 1146 1711 1181 directionis,

923 1185 998 1218 virga
1010 1186 1083 1220 regni
1102 1187 1150 1213 tui.
1166 1186 1287 1215 Dilexisti
1303 1189 1447 1223 justitiam,
1462 1195 1489 1218 et
1503 1192 1585 1219 odisti
1607 1193 1709 1227 iniqui-

925 1235 1005 1257 talem
1021 1240 1028 1258 :
1043 1237 1181 1267 propterea
1198 1235 1274 1261 unxit
1286 1239 1311 1261 te
1327 1235 1407 1270 Deus,
1421 1237 1491 1264 Deus
1508 1243 1570 1266 tuus
1587 1239 1647 1266 oleo
1666 1240 1711 1267 lic-

925 1275 988 1302 litizc
1000 1284 1055 1310 prae
1073 1278 1244 1306 consortibus
1261 1279 1313 1307 luis
1333 1280 1366 1305 ⁷³.
1383 1290 1392 1306 ι
1411 1281 1603 1311 Animadverte
1622 1285 1712 1318 itaque

923 1328 977 1356 quo
993 1326 1070 1356 pacto
1085 1330 1146 1350 cum
1169 1328 1195 1350 et
1220 1323 1302 1351 Deum
1332 1326 1489 1359 nominarit,
1507 1332 1533 1354 et
1552 1329 1641 1355 sedem
1661 1329 1710 1364 ipsi

924 1365 950 1393 in
967 1367 1065 1395 sarcula
1080 1369 1245 1402 attribuerit,
1261 1376 1371 1398 unctum
1385 1379 1446 1399 esse
1462 1373 1526 1400 dicit
1541 1381 1555 1400 a
1573 1374 1636 1408 Deo,
1656 1382 1710 1402 nta-

923 1413 1051 1441 nifestum
1072 1419 1162 1442 autem
1183 1420 1225 1443 est
1244 1418 1314 1451 quod
1335 1425 1349 1444 a
1371 1417 1460 1450 Patre,
1478 1420 1576 1446 eximia
1595 1421 1710 1454 quadam

923 1460 1049 1487 unctione
1072 1468 1127 1495 prae
1149 1464 1255 1490 czeteris
1279 1463 1455 1498 participibus
1479 1464 1572 1499 ipsius,
1594 1466 1644 1493 hoc
1660 1471 1710 1498 est,

923 1506 1011 1533 nobis.
1025 1505 1143 1534 Tametsi
1159 1507 1231 1534 enim
1244 1508 1345 1536 factum
1363 1514 1404 1536 est
1421 1510 1513 1542 homo,
1530 1511 1599 1538 Deus
1612 1513 1710 1547 alioqui

922 1553 1058 1580 exsistens
1079 1552 1211 1587 Verbum‘,
1231 1559 1290 1582 erat
1313 1560 1402 1583 tamen
1424 1556 1507 1582 etiam
1530 1557 1581 1584 hac
1607 1558 1710 1585 ratione

922 1599 1036 1633 propriae
1055 1606 1110 1627 suae
1133 1604 1235 1627 natura:
1253 1601 1384 1628 bonormn
1402 1608 1570 1636 nequaquam
1593 1603 1708 1638 indigus.

921 1651 969 1678 per
979 1651 1008 1670 so
1024 1643 1159 1678 perfectus
1177 1645 1320 1678 cxsistens,
1339 1651 1366 1673 et
1385 1654 1394 1671 ι
1409 1646 1506 1681 plenus
1520 1647 1612 1682 gratae
1626 1654 1652 1674 et
1666 1656 1711 1676 vc-

920 1690 1009 1716 ritatis
1029 1689 1062 1722 υ,
1080 1699 1088 1715 ι
1109 1694 1138 1716 ut
1159 1690 1246 1725 inquit
1269 1690 1398 1719 Joannes.
1412 1692 1499 1726 Atque
1522 1693 1578 1726 ipse
1602 1694 1710 1727 quidem

920 1735 992 1762 omni
1009 1742 1106 1770 genere
1119 1736 1271 1763 divinorum
1289 1737 1419 1764 bonorum
1438 1738 1572 1765 abundat:
1590 1748 1599 1764 ι
1618 1739 1640 1765 Α
1655 1740 1706 1773 μίαν

913 1779 1043 1809 Δηίιυίίἱιιο
1055 1789 1118 1809 vero
1135 1782 1219 1817 ipsius
1232 1790 1326 1811 omnes
1339 1790 1387 1811 nos
1399 1785 1594 1819 accepimus",
1610 1795 1618 1811 ι
1634 1786 1709 1819 juxta

920 1826 1099 1860 Scripturam.
1124 1826 1250 1855 Christus
1274 1827 1364 1862 itaque
1387 1833 1510 1862 vocatur,
1533 1830 1578 1864 qni
1596 1830 1628 1856 ad
1649 1838 1709 1864 ιιι-ο·

919 1871 985 1906 priae
999 1879 1056 1898 sua:
1071 1872 1247 1899 humanitatis
1259 1873 1440 1901 conditionem
1457 1875 1536 1901 etiam
1551 1883 1609 1909 qua:
1625 1876 1709 1909 ipsius

921 1924 985 1946 sunt
1009 1919 1162 1953 cunjunxit,
1182 1921 1288 1947 tametsi
1312 1929 1363 1948 non
1390 1922 1555 1956 intelligatur
1578 1931 1636 1950 esse
1659 1932 1708 1950 un-

918 1969 988 1996 ctus,
1004 1964 1142 1996 nimirum,
1164 1966 1315 1992 secundum
1333 1970 1458 1993 naturam
1475 1967 1634 1998 divinitatis.
1651 1969 1707 1996 sive

918 2015 1049 2045 quatetttts
1073 2015 1197 2038 censetur
1221 2011 1302 2040 Deus.
1332 2012 1471 2047 Siquidem
1497 2013 1558 2045 dic,
1575 2015 1705 2050 obsecro,

917 2057 1051 2091 quomodo
1068 2056 1144 2084 aliter
1159 2057 1269 2092 intelligi
1283 2058 1367 2093 possit
1377 2058 1501 2086 Christus
1513 2059 1596 2087 Filius
1613 2066 1639 2087 et
1653 2060 1706 2087 Do-

918 2104 1017 2136 minus,
1033 2103 1055 2131 si
1071 2102 1231 2138 Unigenitus
1248 2105 1403 2132 unctioaem
1427 2105 1600 2140 dedignetur,
1623 2111 1703 2141 atque

916 2149 1109 2177 exinanitionis
1121 2150 1301 2177 conditionem
1318 2151 1466 2178 detrectet?

952 2195 983 2222 B.
1003 2195 1061 2222 Alia
1079 2195 1156 2230 longe
1170 2203 1250 2230 quam
1273 2203 1321 2222 nos
1342 2196 1384 2223 via
1407 2196 1545 2230 incedunt,
1566 2198 1704 2234 religionis

79 2244 129 2278 τῆς
145 2243 287 2275 εὗσεόείας
311 2244 459 2279 μυστήριον
480 2244 616 2275 ἀσυνέτως
629 2244 863 2280 διερμηνεύοντες.

923 2241 1074 2276 mysterium
1090 2242 1214 2276 imperite
1227 2242 1404 2276 explicantes.
1425 2243 1509 2270 Aiunt
1532 2244 1615 2276 enim,
1633 2245 1704 2279 quod

77 2288 147 2314 Φασὶ
161 2288 215 2323 γὰρ
228 2288 266 2319 ὡς
279 2288 293 2314 ὁ
307 2287 373 2319 Θεὸς
386 2288 470 2322 Λόγος
484 2288 629 2324 ἄνθρωπον
643 2289 738 2324 εἴληφε
750 2289 864 2322 τέλειον,

78 2333 112 2360 ἑκ
127 2334 285 2369 σπέρματος
301 2333 367 2361 ὄντα
382 2334 509 2370 ’Δὸραάμ
537 2335 584 2362 καὶ
609 2335 701 2369 Δαὸἱδ,
728 2335 801 2363 κατὰ
815 2336 865 2372 τὴν

82 2380 252 2415 διαγόρευσιν
263 2379 318 2407 τῶν
332 2380 458 2415 Γραῳῶν,
475 2381 554 2407 τοῦτο
568 2380 632 2407 ὅντα
643 2381 692 2416 τὴν
703 2381 784 2415 φύσιν
797 2382 865 2418 ὅπερ

77 2422 148 2460 ἦσαν
166 2426 276 2457 ἐκεῖνοι.
299 2421 392 2461 ὧνπερ
416 2426 449 2452 ἐκ
472 2425 629 2462 σπέρματος
654 2424 698 2461 ἦν,
720 2426 863 2462 ἄνθρωπον

77 2471 180 2497 τέλειον
196 2470 246 2506 τὴν
259 2471 352 2506 φύσιν,
365 2472 398 2498 ὲκ
413 2471 503 2507 ψυχῆς
528 2480 559 2499 τε
575 2473 672 2508 νοερᾶς
694 2473 741 2499 καὶ
762 2473 863 2508 σαρκὸς

78 2517 236 2544 συνεστῶτα
246 2517 430 2553 ἀνθρωπίνης,
446 2518 475 2544 ὃν
489 2518 632 2554 ἄνθρωπον
641 2519 706 2545 ὄντα
718 2519 778 2546 καθ’
791 2520 865 2554 ἡμᾶς

77 2563 124 2599 τὴν
137 2563 230 2598 φύσιν,
243 2563 402 2599 ῐΙνεὺματος
417 2564 495 2598 ἁγίου
509 2565 622 2599 δυνάμει
639 2566 668 2591 ἐν
678 2566 711 2600 τῇ
725 2565 775 2600 τῆς
789 2566 862 2600 Παρ-

77 2609 152 2636 θένου
171 2609 265 2644 μήτρᾳ
284 2608 492 2640 διαπλασθέντα,
509 2609 654 2644 γενόμενόν
673 2619 703 2636 τε
719 2611 751 2636 ὲκ
772 2619 866 2644 γυναι-

77 2653 133 2685 κὸς,
148 2653 296 2688 γενόμενον
315 2652 367 2679 ὑπὸ
379 2653 472 2688 νόμον,
490 2653 533 2679 ἵνα
557 2653 660 2685 πάντας
676 2654 751 2688 ἡμᾶς
765 2653 862 2687 ἐξαγοη-

77 2699 148 2735 ράσῃ
171 2699 222 2733 τῆς
237 2698 284 2724 τοῦ
305 2699 388 2734 νόμου
416 2699 546 2731 δουλείας,
567 2699 616 2734 τὴν
637 2699 778 2734 πόρρωθεν
797 2708 863 2734 προ-

75 2742 233 2778 ωρισμένην
255 2742 390 2770 υἱοθεσίαν
405 2743 601 2775 ἀπολαϐόντας,
623 2744 724 2774 καινῶς
745 2743 862 2778 συνῆψεν

75 2788 175 2824 ἐαυτῷ,
200 2789 315 2815 θανάτου
331 2789 381 2824 μὲν
407 2789 496 2822 αὐτὸν,
518 2790 587 2816 κατὰ
603 2790 684 2824 νόμον
700 2790 861 2825 ἀνθρώπων,

110 2847 133 2862 ⁷³
151 2845 233 2872 ΙΙιιὺτ.
254 2845 341 2878 ",12.
380 2846 401 2862 ⁷³
419 2845 488 2873 Psal.
514 2854 584 2878 μιν,
601 2846 624 2878 7,
644 2846 660 2871 8

75 2881 98 2897 ’⁸
112 2881 201 2909 Galat.
222 2888 258 2914 tv,
276 2881 302 2911 4,
322 2881 345 2906 5.

723 2846 743 2860 ”
756 2845 834 2872 Joan.
854 2855 870 2878 t,
889 2848 928 2875 Η.

918 2287 988 2313 Deus
1006 2285 1129 2319 Verbum
1151 2287 1287 2314 hominem
1311 2288 1425 2322 sumpsit
1449 2288 1609 2322 perfectum,
1631 2291 1703 2318 exsi-

917 2336 1031 2358 stentem
1044 2339 1077 2359 ex
1095 2332 1199 2359 semine
1213 2333 1327 2359 Abraha:
1342 2337 1369 2359 et
1381 2333 1463 2359 David
1478 2333 1511 2366 ⁷⁸,
1527 2334 1562 2360 ita
1581 2339 1609 2361 ut
1622 2335 1703 2362 edixit

918 2376 1069 2410 Scriptura,
1089 2377 1211 2412 idipsum
1232 2383 1327 2405 natura
1349 2379 1534 2412 exsistentem,
1555 2381 1625 2414 quod
1648 2380 1703 2407 fuc-

917 2427 978 2450 rant
995 2423 1031 2449 illi
1045 2430 1183 2458 equorum
1201 2425 1303 2452 semine
1315 2429 1374 2452 erat
1389 2425 1422 2457 ’7,
1442 2426 1576 2453 hominem
1599 2426 1702 2460 perfec-

917 2474 972 2496 tum
985 2474 1092 2501 natura,
1105 2477 1137 2496 ex
1150 2470 1239 2496 anima
1256 2470 1421 2506 intelligente
1439 2476 1466 2499 et
1492 2479 1574 2499 carne
1587 2473 1702 2499 humana

917 2519 1095 2548 constantem,
1108 2523 1185 2549 quem
1196 2517 1302 2550 quidem
1319 2517 1464 2549 hominem,
1477 2526 1537 2546 cum
1549 2525 1620 2546 esset
1633 2519 1702 2554 ejus-

918 2562 977 2589 dem
1001 2562 1143 2588 nobiscum
1170 2567 1283 2594 naturae,
1308 2563 1425 2598 Spiritus
1449 2565 1535 2592 sancti
1555 2566 1652 2592 virtute
1677 2565 1702 2592 in

920 2613 997 2635 utero
1013 2607 1131 2642 Virginis
1153 2606 1308 2640 formatum,
1333 2609 1433 2638 factum
1454 2611 1504 2637 sub
1520 2611 1586 2646 lege,
1606 2616 1635 2638 ut
1655 2619 1702 2638 nos

917 2661 1011 2681 omnes
1027 2654 1171 2680 redimeret
1184 2661 1199 2679 a
1214 2654 1342 2684 servitute
1356 2654 1421 2689 legis
1433 2656 1465 2688 ⁷⁸,
1482 2657 1635 2684 hliationetn
1646 2656 1701 2691 jam

917 2700 980 2726 olim
996 2700 1210 2734 pra‘destinalam
1225 2699 1345 2733 adeptos,
1361 2707 1423 2727 cum
1435 2702 1584 2729 admirabili
1599 2703 1701 2729 ratione

917 2745 1055 2780 conjunxit
1077 2750 1104 2772 et
1119 2745 1374 2779 conglutinavitsibi
1387 2765 1394 2777 ,
1417 2751 1444 2772 et
1462 2751 1572 2773 morlvm
1594 2748 1699 2782 quidem

918 2791 1035 2818 luunano
1048 2799 1121 2818 tnore
1131 2791 1205 2818 obire
1220 2790 1318 2824 voluit;
1330 2791 1469 2818 suscitavit.
1480 2799 1542 2819 vero
1550 2793 1672 2820 eutndem
1684 2802 1698 2820 a

969 2846 990 2862 ⁷³
1005 2846 1067 2874 ibid.
1089 2846 1128 2873 l6.
1167 2846 1188 2863 τῦ
1201 2845 1278 2873 Joan.
1296 2854 1343 2879 vn,
1359 2847 1403 2875 4‘2.
1443 2848 1464 2863 ⁷⁷
1481 2847 1500 2874 ll
1518 2847 1578 2874 Cor.
1597 2855 1634 2879 ιι,
1651 2849 1694 2876 '22.
