1927 3036
215 154 284 184 H79
735 154 764 182 S.
785 153 922 182 CYRILLI
939 152 1173 181 ALEXANDRINI
1195 152 1354 180 ABCIIIEP.
1784 153 1852 182 1280

215 209 342 243 mortuis,
356 213 384 237 et
397 209 486 237 erexit
499 209 525 236 in
541 209 650 242 cmlum,
668 214 696 237 et
707 210 850 238 collocavit
871 217 886 237 a
905 210 976 237 dextt

1088 209 1242 245 ῖιρασθῆναι
1257 210 1480 244 παρασκευάσας,
1501 210 1612 245 ἐγείρας
1633 210 1662 237 δὲ
1679 210 1713 237 ὲκ
1732 211 1849 245 νεκρῶν.

217 254 274 281 Dei.
287 253 364 281 Unde
378 258 406 281 et
421 261 500 289 supra
515 261 622 280 omnem
638 254 774 282 exsistens
785 253 968 289 Principatum

1089 255 1106 282 ti.
1119 254 1265 290 ἀναγαγὼν
1285 256 1324 286 εἰς
1336 255 1460 290 οὐρανὸν,
1480 255 1527 282 καὶ
1553 256 1668 288 καθίσας
1695 257 1729 282 ὲκ
1753 255 1850 289 δεξιῶν

216 295 378 333 l‘otestates,
391 299 513 327 Virtutes
527 307 559 327 ac
571 299 784 334 Dominationes,
800 305 915 337 etsupra
927 309 977 329 omt

1090 300 1104 327 ὗ
1117 300 1282 328 Θεοῦ.”0οεν
1294 300 1326 336 δὴ
1344 301 1472 336 ὑπεράνω
1494 301 1584 336 πάσης
1599 301 1732 337 ὑπάρχων
1751 301 1849 337 Ἀρχῆς

216 353 314 373 nomen
335 345 406 381 quod
427 345 582 373 nominatur
596 353 648 374 non
671 346 757 374 solum
779 347 807 375 in
824 347 875 375 hoc
897 347 977 375 smcul

1102 347 1150 374 καὶ
1165 346 1314 379 Ἑξουσίας,
1327 346 1376 373 καὶ
1390 346 1546 380 Δυνάμεως,
1554 346 1601 373 καὶ
1609 347 1793 381 κυριότητος,
1805 347 1852 373 καὶ

215 399 309 419 verum
321 392 402 419 etiam
417 392 443 419 in
456 392 546 420 futuro
555 392 626 425 ",ab
637 393 710 420 omni
724 398 850 422 creatura
861 394 974 422 adorato

1103 392 1158 424 no;
1170 392 1300 428 ὀνόματος
1312 392 1513 428 ὀνομαζομένου
1528 392 1578 418 οὐκ
1590 393 1620 418 ὲν
1640 392 1679 428 τῷ
1692 392 1774 419 αἰῶνι
1791 389 1864 418 tot}?

217 442 308 472 utpote
322 437 530 472 inseparabilem
546 446 608 466 eum
626 438 718 466 divina
733 444 830 467 natura
844 439 978 475 conjuncti

1092 448 1096 463 ι
1109 438 1200 474 μόνον,
1213 438 1281 465 ἀλλὰ
1294 438 1341 465 καὶ
1357 439 1386 464 ὲν
1400 438 1440 473 τῷ
1458 437 1592 473 μέλλοντι,
1604 439 1653 474 τὴν
1668 438 1747 474 παρά
1760 438 1853 473 πάσης

216 492 278 512 nem
301 484 415 517 habens,
433 483 558 519 quodq-te
574 484 620 512 Dei
635 490 758 520 respectu
773 490 856 521 atque
871 486 977 514 intellec

1089 493 1108 520 ις
1134 485 1248 517 κτίσεως
1270 485 1377 520 δέχεται
1404 484 1605 520 προσκύνησιν,
1630 485 1668 516 ὡς
1696 483 1850 520 ἀχώριστον

214 530 304 557 omnis
328 534 452 558 creatura
476 531 501 559 ei
527 531 714 560 adorationem
732 531 848 560 deferat.
872 532 954 568 729

1090 531 1128 562 ab;
1146 531 1194 567 τὴν
1216 531 1291 558 θείαν
1304 531 1384 566 φύσιν
1398 530 1468 566 ἔχων
1479 531 1528 566 τὴν
1552 531 1711 564 συνάφειαν,
1725 530 1851 565 ἀναφορᾷ

216 583 303 611 neque
323 577 391 604 duos
412 577 526 605 dicimus
549 577 630 608 ﬁlios.
664 585 752 613 neque
775 578 842 606 duos
871 579 977 607 domino

1089 579 1125 605 ιοῦ
1139 579 1186 605 καὶ
1205 578 1295 613 ἐννοίᾳ
1307 577 1397 614 πάσης
1410 578 1486 614 αὑτῷ
1503 578 1554 613 τῆς
1569 578 1683 608 κτίσεως
1702 577 1753 612 τὴν
1767 585 1850 612 προσ-

214 623 282 650 Cum
305 627 394 650 autem
421 622 506 651 Filius
530 624 566 650 sit
594 623 742 651 secundum
765 624 911 652 essentiam
937 625 975 652 De

1088 633 1172 659 ινησιν
1180 623 1380 659 ἀποπμούσης,
1392 625 1441 652 καὶ
1451 624 1513 651 οὔτε
1528 624 1576 651 δύο
1586 623 1676 658 φαμὲν
1689 623 1777 654 υἱοὺς,
1789 623 1849 649 οὔτε

217 667 346 700 Verbum,
359 668 514 703 unigenilus
536 668 621 696 Filius
634 668 734 702 Patris,
753 669 796 696 cui
810 669 855 697 hic
866 669 978 705 copulati

1090 679 1104 697 ο
1120 670 1230 706 κυρίους
1240 679 1246 684 ·
1257 670 1351 706 ἐπειδὴ
1361 670 1389 697 δὲ
1399 671 1463 702 Υἱὸς
1472 671 1532 697 κατ’
1543 670 1636 696 οὐσίαν
1649 670 1663 696 ὁ
1673 669 1742 700 Θεὸς
1752 669 1847 703 Λόγος,

214 719 258 742 est
279 719 307 742 et
331 715 480 750 particeps,
502 722 674 743 communem
693 715 773 743 etiam
790 723 852 743 cum
867 723 900 744 eo
914 723 975 751 appc

1093 717 1243 753 μονογενὴς
1258 717 1322 749 Tib;
1332 716 1379 743 τοῦ
1390 717 1506 752 Πατρὺς,
1525 713 1602 750 ᾧπερ
1616 712 1695 747 οὗτος
1706 716 1851 750 συνημμέ-

215 761 342 788 lationem
357 760 524 795 gloriamque
535 761 712 788 nanciscitur.
725 761 758 788 Et
771 761 901 790 Dominus
911 770 974 790 secu

1088 773 1100 796 ς
1112 772 1142 790 τε
1157 764 1205 790 καὶ
1220 764 1351 799 μετέχων,
1364 764 1488 790 κοινωνεῖ
1507 763 1555 798 τῆ,
1575 762 1642 789 Υἱοῦ
1659 762 1849 796 προσηγορίας

215 806 278 833 dum
294 806 441 834 essentiam
459 807 529 834 Deus
541 806 671 839 Verbum,
682 807 725 834 cui
736 807 877 842 copulatus
891 808 946 840 hic.
961 809 976 835 h

1089 811 1104 837 Li
1117 811 1210 846 τιμῆς,
1236 809 1283 836 xui.
1300 809 1403 844 Κύριος
1422 810 1482 836 κατ’
1498 809 1595 835 οὐσίαν
1605 809 1619 835 ὀ
1633 808 1701 840 Θεὸς
1714 809 1814 842 Λόγος,
1829 805 1850 842 ᾧ

216 852 288 879 noris
311 852 392 880 etiam
405 853 540 887 particeps
558 853 598 885 lit,
613 849 695 887 atque
717 853 816 881 idcirco
830 861 917 889 neque
940 854 974 882 du

1088 856 1230 892 ινημμένος
1240 852 1328 888 οὗτος,
1343 856 1467 882 κοινωνεῖ
1476 855 1524 890 τῆς
1536 854 1630 890 τιμῆς.
1644 855 1700 881 Καὶ
1713 854 1761 881 διὰ
1773 854 1849 880 τοῦτο

214 897 330 926 dicimus
347 898 427 932 ﬁlios,
453 906 541 933 neque
554 899 623 926 duos
635 899 767 927 dominos.
790 899 929 934 Siquidem
945 907 975 927 cu

1089 885 1182 929 τεηδιόο
1200 885 1290 937 φαμὲν
1307 885 1413 933 ὐἱοὺς,
1441 885 1572 927 auersos
1596 885 1721 935 κυρίους.
1741 899 1849 935 Ἐπειδὴ

214 944 373 972 manifestus
390 945 425 972 sit
440 944 484 978 qui
502 945 621 972 essentia
645 952 692 972 sua
709 949 752 972 est
770 945 898 972 Dominus
919 950 947 973 et
961 945 975 973 Ε

1091 948 1136 975 λου
1151 947 1198 974 τοῦ
1209 948 1268 974 κατ’
1285 947 1378 974 οὐσίαν
1388 947 1463 978 ὄντος
1475 946 1579 981 Κυρίου
1593 946 1640 972 καὶ
1655 945 1734 978 Υίοῦ,
1748 945 1849 980 ἀχώρι-

215 988 283 1022 lius,
306 989 514 1024 inseparabiletn
532 990 636 1017 habens
657 997 718 1017 cum
737 997 770 1018 eo
786 990 976 1025 conjunctione

1088 1003 1120 1021 ον
1145 994 1214 1029 ἔχων
1229 993 1278 1029 τὴν
1295 993 1363 1028 πρὸς
1386 992 1469 1019 αὑτὸν
1485 993 1634 1027 συνάφειαν
1649 993 1664 1019 ὁ
1684 993 1735 1027 τῆς
1750 992 1849 1027 ἡμετέ-

215 1034 238 1062 is
253 1035 297 1069 qui
311 1039 410 1062 nostrae
424 1034 518 1063 salutis
533 1043 616 1063 causa
629 1042 752 1071 sumptus
768 1041 819 1069 est,
832 1036 912 1064 simul
923 1037 976 1064 etia

1088 1050 1109 1073 ις
1126 1040 1262 1076 σωτηρίας
1276 1039 1390 1074 ληφθεὶς
1406 1038 1509 1070 ἕνεκεν,
1533 1038 1752 1073 συναναιρέρεται
1768 1039 1802 1074 τῇ
1821 1045 1849 1064 τε

216 1080 330 1108 infertur
352 1085 433 1116 atque
455 1081 613 1117 intelligitur
634 1090 696 1110 cum
716 1082 895 1117 appellatione
925 1089 977 1118 atqt

1058 1085 1188 1121 ὀνομασίᾳ
1204 1085 1251 1112 καὶ
1264 1086 1296 1120 τῆ
1310 1086 1376 1119 τιμῇ
1386 1083 1432 1111 τοῦ
1451 1084 1514 1110 Υίοῦ
1531 1083 1634 1110 καὶτοῦ
1651 1083 1769 1120 Κυρίου.

215 1126 298 1160 gloria
312 1126 371 1153 Filii
384 1131 410 1154 et
427 1127 543 1154 Domini.

249 1174 283 1199 A.
302 1171 324 1200 Ο
339 1172 476 1207 ingentem
490 1173 654 1208 imperitiam
672 1178 755 1210 atque
768 1175 901 1204 insaniam
911 1184 1006 1204 eorum

1094 1175 1125 1200 Α.
1147 1173 1233 1200 Βαεαὶ
1252 1175 1301 1208 τῆς
1325 1173 1470 1204 ἀσυνεσίας
1495 1172 1541 1198 καὶ
1566 1172 1726 1208 ἐμπλήκτου
1753 1172 1849 1208 φρενὸς

213 1218 259 1252 qui
275 1217 312 1244 ita
330 1225 391 1246 sese
408 1226 465 1246 rem
483 1218 584 1246 habere
603 1219 655 1247 sibi
675 1221 856 1255 persuadent!
880 1223 973 1251 lncred

1086 1220 1112 1247 iw
1133 1217 1185 1246 ὦδε
1207 1218 1284 1246 ταῦτ’
1304 1219 1376 1254 ἔχειν
1398 1219 1448 1245 οὐκ
1471 1217 1520 1246 οἶδ’
1540 1219 1614 1250 ὅπως
1639 1218 1847 1253 ὑπειληφότωνί

215 1264 278 1292 litas
290 1264 362 1292 enim
380 1272 453 1292 mera
465 1270 508 1292 est
522 1266 579 1293 haec
597 1274 640 1294 res
656 1267 853 1302 impiarumque
873 1268 974 1296 inventi

1090 1265 1171 1292 ειστία
1184 1265 1239 1300 γὰρ
1251 1264 1282 1291 τὸ
1295 1265 1400 1300 χρῆμα,
1416 1264 1464 1292 καὶ
1483 1265 1575 1301 ἕτερον
1588 1265 1676 1298 οὐδὲν,
1692 1264 1741 1291 καὶ
1754 1265 1851 1290 δυσσε-

215 1317 278 1337 num
296 1311 413 1344 novitas,
430 1315 457 1338 et
472 1312 554 1339 totius
569 1312 668 1340 divinze
680 1320 819 1348 saermqne
834 1315 972 1349 prmdieati

1089 1311 1114 1338 ὂν
1131 1311 1290 1347 εὑρεμὰτων
1305 1310 1444 1345 καινότης,
1466 1310 1513 1337 καὶ
1531 1310 1672 1345 ἀνατροπὴ
1691 1310 1748 1336 τῶν
1772 1308 1850 1335 ὕείων

215 1357 257 1383 nis
283 1356 441 1389 Subversio,
467 1364 527 1392 qua:
551 1365 634 1385 unum
660 1366 721 1386 esse
747 1359 890 1387 Dominum
913 1361 976 1388 Jesu

1109 1357 1157 1384 xui.
1180 1356 1260 1391 ἱερῶν
1273 1356 1468 1392 κηρυγμάτων,
1484 1355 1531 1382 ἕνα
1545 1355 1647 1390 Κύριον
1668 1354 1777 1390 Ἰησοῦν
1790 1355 1851 1390 Χρι-

214 1400 351 1428 Christum
376 1400 474 1428 Filium
497 1401 544 1429 Dei
566 1403 726 1437 proclamatI
743 1404 869 1431 nimirum
890 1405 975 1433 Verbu

1092 1402 1132 1435 ὸν,
1148 1402 1194 1429 τὸν
1208 1402 1272 1431 Υῑδν
1286 1402 1332 1428 τοῦ
1349 1401 1417 1428 Θεοῦ
1433 1401 1664 1437 διακεκραγότων,
1682 1401 1729 1427 τὸν
1741 1401 1774 1428 ὲκ
1784 1401 1850 1427 Θεοῦ

214 1454 246 1474 ex
271 1447 325 1474 Deo
341 1447 420 1475 Patre
439 1448 576 1476 hominem
600 1449 700 1476 iactum
726 1455 807 1485 atque
824 1452 975 1479 incarnalut

1088 1449 1166 1484 ατρὸς
1181 1448 1301 1483 δηλονότι
1320 1447 1405 1481 Λόγον
1422 1447 1672 1482 ὲνανορωπησαντα
1686 1448 1735 1473 καὶ
1753 1455 1849 1482 σεσαρ-

215 1494 252 1519 ita
270 1497 299 1519 ut
312 1492 348 1520 sit
363 1492 419 1527 ipse
444 1492 516 1521 Deus
531 1493 611 1521 simul
624 1499 651 1522 et
662 1494 759 1528 homo;
777 1500 804 1522 et
819 1495 899 1524 unius
917 1504 976 1523 omn

1090 1494 1194 1529 σμένον,
1215 1493 1286 1520 ὥστε
1307 1493 1376 1519 εἶναι
1391 1493 1436 1519 τὸν
1451 1493 1542 1524 αὐτὸν,
1556 1492 1627 1521 ,Θεὸν
1641 1492 1710 1527 ὁμοῦ
1736 1492 1787 1519 καὶ
1808 1493 1851 1519 ἀν-

214 1537 314 1570 diviua,
328 1545 360 1565 ac
378 1544 508 1573 pneterea
525 1539 653 1567 lunnaua.
672 1540 720 1568 llic
739 1542 810 1569 cnim
823 1549 884 1570 cum
900 1551 975 1576 semp

1090 1552 1178 1574 nemo,
1192 1543 1238 1569 καὶ
1251 1543 1309 1573 ἐνὸς
1318 1541 1352 1568 τὰ
1367 1541 1456 1568 πάντα
1467 1542 1501 1568 τὰ
1515 1541 1664 1576 θεοπρεπῆ,
1677 1540 1725 1567 καὶ
1741 1540 1851 1575 προσέτι

213 1584 329 1612 exsistat
349 1590 483 1619 quatenus
501 1590 543 1612 est
563 1586 643 1618 Deus,
669 1587 836 1615 nativitatem
858 1590 974 1617 sccundu

1091 1598 1095 1615 ι
1110 1587 1277 1623 ἀνθρώπινα.
1297 1584 1382 1619 Οὗτος
1396 1587 1450 1623 γὰρ
1463 1587 1594 1622 ὑπάρχων
1605 1586 1648 1613 ἀεὶ
1663 1586 1710 1613 καὶ
1735 1586 1852 1620 ὑφεστη-

214 1637 323 1657 carnem
340 1638 374 1657 ex
387 1631 499 1658 muliere
513 1632 606 1658 subiit.
625 1632 710 1660 Unius
726 1633 817 1668 itaque
840 1640 920 1669 atque
937 1635 975 1669 ejn

1091 1643 1115 1666 ις
1138 1634 1209 1660 κατά
1225 1643 1256 1668 γε
1275 1634 1305 1660 τὸ
1326 1632 1396 1660 εἶναι
1412 1633 1489 1665 Θεὸς,
1515 1632 1644 1668 ὑπέμεινε
1660 1633 1793 1668 γέννησιν
1806 1632 1852 1667 τὴν

213 1677 273 1704 dem
292 1681 344 1709 est,
367 1682 394 1704 et
411 1677 445 1705 ab
466 1683 568 1705 :ctcrno
584 1686 645 1706 esse
663 1684 744 1714 atque
759 1680 917 1714 subsistere,
933 1687 961 1709 et

1090 1681 1129 1707 ιτὰ
1152 1681 1240 1716 σάρκα
1266 1681 1298 1707 ἐκ
1324 1680 1462 1714 γυναικός.
1493 1679 1568 1711 Ἐνὺς
1590 1676 1637 1706 οὖν
1656 1680 1710 1714 ἄρα
1736 1680 1785 1706 καὶ
1807 1679 1851 1706 τοῦ

214 1722 316 1749 ultimis
335 1723 501 1756 temporibus
522 1724 669 1750 secundutn
685 1732 794 1752 carnem
817 1730 910 1752 natum
933 1723 975 1753 ess

1091 1726 1141 1753 ιτοῦ
1165 1727 1212 1753 καὶ
1228 1726 1259 1753 τὸ
1275 1726 1369 1758 ἀϊδίως
1397 1723 1467 1752 εἶναι
1486 1725 1532 1752 καὶ
1558 1725 1730 1759 ὑφεστάναι,
1750 1726 1799 1752 καὶ
1825 1726 1852 1752 ἑν

214 1767 265 1799 Qui
289 1775 350 1794 cum
378 1769 413 1794 sit
436 1774 546 1796 sanctus
571 1770 720 1797 secundum
745 1776 890 1802 naturam,
915 1777 975 1807 utpo

1091 1774 1183 1808 χάτοις
1200 1774 1305 1807 καιροῖς
1329 1772 1401 1799 κατὰ
1417 1773 1505 1806 σάρκα
1527 1772 1703 1807 γεννηθῆναι,
1728 1772 1759 1803 ὃς
1776 1772 1851 1806 ἅγιος

216 1812 295 1845 Deus,
314 1813 500 1842 sanctiﬁcatus
510 1820 552 1842 est
565 1816 721 1848 uobiscum,
736 1822 872 1851 quatenus
883 1826 976 1852 appart

1091 1828 1098 1844 ι
1121 1818 1191 1845 κατὰ
1212 1818 1293 1852 φύσιν
1308 1817 1346 1849 ὡς
1369 1817 1445 1849 Θεὸς,
1461 1817 1590 1852 ὴγιὰζετο
1612 1816 1670 1852 μεθ’
1689 1817 1770 1851 ἡμων
1786 1816 1852 1843 καθὸ

215 1858 305 1891 homo,
321 1859 364 1885 cui
379 1861 487 1894 proprie
505 1862 634 1888 convenit
656 1863 831 1890 sanetilicari.
845 1864 966 1899 Cmuqne

1090 1865 1181 1899 ἔφηνεν
1195 1864 1348 1899 ἄνθρωπος,
1365 1860 1443 1899 ᾧπερ
1460 1863 1494 1890 ἂν
1510 1864 1611 1898 πρέποι
1625 1862 1656 1889 τὸ
1670 1862 1833 1896 ἁγιάζεσθαι
1843 1869 1851 1879 ¹

214 1909 312 1930 natura
331 1904 461 1932 Dominus
475 1914 581 1933 summa
595 1907 727 1942 dignitate
741 1909 896 1941 excelleret,
914 1918 975 1936 serv

1089 1911 1105 1936 ti.
1123 1911 1151 1937 ὲν
1166 1911 1341 1941 Δεσποτικοίς
1359 1909 1490 1944 ὑπάρχων
1511 1909 1658 1945 ἀξιώμασι,
1681 1909 1730 1935 xui.
1744 1909 1795 1944 τὴν
1806 1909 1850 1935 τοῦ

214 1950 300 1976 forma
324 1955 354 1977 ut
379 1951 488 1985 propria
513 1960 663 1988 assumpta,
684 1953 791 1981 Patrem
818 1963 895 1982 suum
923 1956 975 1983 Deu

1089 1955 1151 1982 ὑλου
1170 1956 1276 1991 μορφὴν
1292 1955 1330 1986 ὡς
1346 1955 1413 1982 ίδὶαν
1430 1955 1510 1990 ἔχων,
1524 1955 1592 1981 Θεὸν
1608 1955 1753 1990 ὠνόμαζεν
1769 1953 1849 1981 αὐτοῦ

214 1997 330 2029 vocavit,
342 2002 369 2024 et
385 2006 447 2024 eum
463 1998 520 2032 ipse
540 2000 576 2026 sit
596 2000 650 2026 vita
673 2005 700 2027 et
716 2001 867 2034 vivitieans,
881 2006 908 2029 ut
926 2002 975 2029 Dee

1090 2011 1104 2028 ν
1112 2001 1231 2036 Πατέρα·
1246 2001 1316 2037 [καὶ]
1326 2001 1382 2036 ζωὴ
1390 2001 1437 2027 καὶ
1446 2001 1577 2033 ζωοποιὸς
1586 2001 1719 2036 ὑπάρχων
1729 2001 1766 2032 ὡς
1775 2001 1849 2032 Θεὸς,

213 2044 365 2071 \iviticatus
381 2052 395 2070 ιι
417 2045 496 2072 Patre
511 2053 571 2073 esse
593 2047 702 2080 dicitur,
716 2053 849 2082 quatenus
871 2048 951 2076 homo
966 2049 974 2076 i

1088 2046 1249 2073 ιοποιείσοαι
1268 2047 1378 2080 λέγεται
1401 2047 1476 2082 παρὰ
1490 2047 1538 2073 τοῦ
1555 2047 1660 2082 Πατρὸς
1677 2047 1746 2073 καθὸ
1763 2047 1849 2081 πέφη-

212 2096 271 2116 ctus
285 2095 336 2118 est.
350 2090 446 2118 Omnia
459 2091 550 2126 itaque
562 2092 647 2126 ipsius
659 2099 733 2126 sunt,
745 2099 773 2120 et
783 2102 836 2121 non
849 2095 973 2129 dedignat

1089 2100 1103 2117 ν
1114 2091 1266 2126 ἄνθρωπος.
1279 2091 1371 2118 Πάντα
1384 2092 1474 2117 τοίνυν
1486 2091 1567 2118 αὑτοῦ
1577 2110 1584 2123 ,
1599 2092 1645 2118 καὶ
1655 2092 1707 2118 οὐχ
1722 2091 1849 2126 ἀτιμάζει

211 2141 253 2163 est
269 2136 530 2165 administrationem
552 2139 577 2165 in
597 2147 689 2172 carne,
707 2148 787 2174 quam
803 2145 830 2167 et
850 2141 933 2168 Pater
949 2142 972 2176 ip

1088 2146 1107 2173 ιν
1120 2138 1326 2173 οἱκονομίαν,ἣν
1340 2138 1386 2164 καὶ
1397 2137 1479 2169 αὐτὸς
1491 2136 1621 2172 ἐπῄνεσεν
1630 2138 1644 2164 ὁ
1655 2137 1761 2173 Πατὴρ,
1774 2138 1849 2172 εἴπερ

212 2183 398 2217 comprobavit
411 2193 418 2210 :
436 2184 569 2218 siquidem
583 2192 646 2211 vera
664 2190 727 2212 sunt
742 2194 803 2220 qua:
818 2186 917 2214 Paulus
929 2188 971 2214 die

1088 2184 1133 2210 ’τὶν
1156 2184 1244 2219 ἀληθῆ
1269 2183 1304 2210 τὰ
1325 2183 1369 2210 διὰ
1391 2184 1441 2218 τῆς
1464 2183 1511 2210 τοῦ
1530 2183 1636 2210 Παύλου
1661 2184 1765 2218 φωνῆς.
1784 2183 1849 2210 Ποτὲ

158 2230 170 2239 ”
213 2228 281 2256 Alibi
295 2229 366 2256 enim
380 2230 416 2256 ita
432 2231 470 2256 ait
485 2239 491 2256 :
510 2239 518 2254 ι
538 2229 604 2256 Ειιιιι
615 2231 660 2263 qui
675 2239 726 2258 non
744 2237 856 2259 noverat
867 2241 919 2266 pec:

1088 2238 1109 2256 ιν
1123 2230 1177 2265 γὰρ
1192 2229 1254 2264 ἔφη·
1267 2239 1276 2255 ι
1289 2229 1341 2256 Τδν
1353 2229 1391 2264 μὴ
1401 2229 1499 2263 γνόντα
1514 2229 1663 2264 ἁμαρτίαν,
1682 2229 1754 2263 ὑπὲρ
1774 2229 1849 2263 ἡμῶν

212 2283 260 2308 pro
279 2275 356 2301 nobis
370 2281 512 2310 peccatum
530 2275 604 2307 fecit,
620 2281 648 2303 ιιι
663 2284 711 2303 nos
723 2278 818 2317 tiamqs
831 2279 937 2312 iustitia
956 2279 973 2306 Π

1088 2276 1197 2311 ιαρτίαν
1213 2275 1351 2310 ἐποίησεν,
1373 2275 1416 2302 ἵνα
1432 2275 1512 2309 ἡμεῖς
1527 2275 1670 2310 γενώμεθα
1692 2274 1849 2308 δικαιοσύνη

212 2321 239 2347 ιιι
251 2321 311 2354 ipso
322 2321 372 2354 ³⁰;›
383 2321 517 2347 alibivero
529 2329 634 2348 rursum
648 2329 675 2349 τι
689 2323 739 2356 Qui
751 2324 861 2359 proprio
870 2324 938 2351 Filio
952 2334 973 2352 nt

1087 2321 1126 2347 εοῦ
1144 2322 1173 2347 ἐν
1187 2321 1276 2356 αὐτῷ·
1296 2330 1305 2346 ι
1321 2321 1386 2347 ποτὲ
1403 2320 1431 2347 δὲ
1447 2320 1528 2347 πάλιν
1540 2328 1547 2334 ·
1568 2329 1578 2345 ι
1600 2321 1649 2351 ’⁷ος
1669 2329 1701 2354 γε
1719 2319 1768 2346 τοῦ
1787 2320 1848 2346 {Bion

211 2367 342 2402 pepercit,
361 2367 408 2394 sed
426 2375 475 2402 pro
491 2368 569 2395 nobis
593 2369 719 2396 omnibus
742 2370 852 2396 tradidit
870 2370 956 2403 illum,

1089 2368 1125 2394 ἰοῦ
1145 2369 1195 2394 οὐκ
1210 2367 1348 2402 ἐφείσατο,
1368 2366 1425 2393 ἀλλ’
1441 2366 1511 2401 ὑπὲρ
1523 2366 1602 2401 ὴμῶν
1620 2366 1753 2392 ἁπάντων
1779 2374 1850 2401 πιρ-

212 2419 238 2440 et
261 2421 322 2440 cum
340 2413 398 2447 ipso
421 2414 511 2440 omnia
534 2414 612 2442 nobis
633 2415 807 2450 largiatur“.
825 2425 834 2442 ι
855 2416 932 2443 Anne
958 2417 973 2443 ti

1089 2422 1159 2440 wxav
1168 2413 1259 2443 αὑτὸν,
1269 2413 1313 2439 ἵνα
1328 2413 1375 2439 καὶ
1390 2411 1439 2438 σὺν
1453 2412 1527 2447 αὐτῷ
1541 2412 1576 2438 τὰ
1591 2412 1679 2438 πάντα
1692 2412 1760 2446 ἡμῖν
1775 2410 1850 2445 χαρί-

212 2464 394 2486 conseutauea
415 2460 501 2488 sacris
522 2460 632 2489 Litteris
651 2462 784 2489 sententia
806 2471 866 2490 mea
881 2463 968 2491 videtu

1089 2467 1149 2493 ιται.
1168 2467 1177 2483 ι
1195 2456 1258 2493 Ἆρ’
1268 2455 1314 2484 οὖν
1333 2458 1383 2484 οὐκ
1398 2457 1463 2483 εὐοὺ
1481 2456 1584 2483 σκοποῦ
1597 2457 1652 2483 τῶν
1666 2456 1748 2483 ίεοῶν
1760 2456 1850 2491 ι’ραμ·

1059 2505 1152 2539 μάτων
1170 2504 1184 2530 ὁ
1199 2504 1267 2540 πρὸς
1281 2504 1360 2540 ήμῶν
1377 2505 1435 2530 ἐστι
1450 2504 1545 2538 λόγος,

248 2550 275 2576 lt.
297 2549 425 2578 Omnino.

1093 2551 1122 2577 Β.
1145 2550 1206 2582 Πῶς
1219 2551 1273 2585 γὰρ
1289 2549 1337 2582 οὖ;

246 2596 278 2622 Λ.
301 2596 329 2622 Si
347 2603 421 2628 rem,
440 2601 469 2624 ut
483 2597 630 2624 adversarii
655 2597 748 2624 volunt
763 2598 868 2632 sibique
890 2605 1001 2632 persua-

1091 2598 1123 2624 A.
1146 2597 1176 2623 Ei
1189 2597 1216 2623 δὲ
1232 2597 1273 2632 δὴ,
1292 2597 1363 2624 καθά
1377 2604 1460 2631 φασιν
1475 2596 1501 2623 oi
1517 2596 1549 2622 δι’
1571 2595 1697 2626 ἐναντίας
1715 2595 1765 2621 καὶ
1782 2603 1847 2630 typo-

211 2642 285 2674 dent,
304 2642 470 2677 unigenitum
494 2643 539 2670 Dci
562 2643 689 2683 Verbum,
707 2649 819 2677 accepto
844 2643 972 2670 Imminet

1086 2644 1111 2669 ἰν
1124 2643 1287 2677 ἐγνώκασιν,
1298 2643 1313 2669 ὁ
1329 2643 1476 2679 μονογενὴς
1497 2643 1545 2670 τοῦ
1560 2642 1628 2668 θεοῦ
1644 2642 1745 2676 Λόγος,
1761 2641 1847 2667 λαϐὼν

211 2688 314 2716 semine
336 2688 420 2716 David
436 2694 464 2716 et
487 2689 634 2721 Abraham,
653 2690 735 2724 730
750 2689 860 2716 formari
884 2689 956 2716 illum

1088 2689 1196 2724 ορωπον
1222 2690 1254 2716 ἐκ
1279 2689 1438 2725 σπέρματος
1461 2689 1507 2716 τοῦ
1532 2688 1678 2715 Θεσπεσίου
1703 2687 1788 2714 Δαϐὶδ
1805 2686 1847 2713 καὶ

212 2740 306 2762 sancta
319 2735 426 2770 Virgine
437 2737 551 2769 curavit,
560 2742 640 2770 atque
650 2737 721 2763 hunc
731 2736 780 2762 sibi
794 2735 843 2770 ipsi
856 2736 973 2770 copulavi

1084 2735 1196 2771 ιϐραᾶιμ,
1215 2736 1365 2770 πλασθῆναι
1389 2736 1436 2772 μὲν
1454 2737 1484 2762 ἐν
1499 2737 1532 2771 τῇ
1548 2735 1614 2770 ἁγίᾳ
1632 2734 1767 2769 Παρῡένῳ
1782 2742 1845 2768 παρ-

213 2785 383 2815 mortemquc
407 2783 525 2816 experiri
552 2782 646 2814 voluit,
674 2789 777 2808 necnon
803 2782 960 2810 suscitatqu

1084 2781 1188 2808 :xs-Jasé
1203 2791 1231 2808 τε
1251 2783 1297 2808 καὶ
1309 2782 1400 2809 τοῦτον
1415 2781 1504 2816 ἑαυτῷ
1529 2781 1643 2816 συνῆψε,
1659 2780 1708 2807 καὶ
1733 2780 1845 2807 θανάτου

248 2868 271 2885 ⁷¹
286 2868 403 2903 Epltcs.t
431 2868 533 2900 20,2].
573 2869 595 2883 ³ο
610 2867 631 2894 ΙΙ
653 2869 714 2895 (lor.
736 2876 760 2901 ν,
777 2869 818 2893 ει.
861 2868 880 2883 "'
904 2868 980 2894 Rern.
1000 2875 1009 2892 \

356 2877 403 2894 ‘:.t
431 2868 533 2900 20,2].
573 2869 595 2883 ³ο
610 2867 631 2894 ΙΙ
653 2869 714 2895 (Zur.
736 2876 760 2901 ν,
777 2869 818 2893 ει.
861 2868 880 2883 "'
904 2868 980 2894 lieni.
1000 2875 1058 2900 vut,
1075 2867 1117 2893 52.
