1927 3036
70 146 145 174 ιεει

638 147 733 181 QUOD
753 150 848 180 UNUS
868 151 923 181 SIT
941 153 1129 182 CHRISTUS.

1643 158 1712 186 {289

70 202 225 236 πεποίηκεν
239 202 278 234 εὶς
292 203 390 238 πεῖραν
404 202 501 234 ὲλθεῖν,
517 203 563 229 καὶ
579 203 632 239 μὴν
647 205 693 231 καὶ
709 205 821 240 ἐγείρας
835 207 861 234 ὲκ

921 209 1035 237 mortuis
1053 210 1078 237 in
1093 209 1192 237 ccelum
1207 211 1327 245 sustulit,
1344 215 1372 239 et
1397 211 1430 239 ad
1446 212 1588 240 dexteram
1609 214 1654 241 Dei
1671 223 1711 241 se-

71 247 181 282 νεκρῶν
196 248 358 284 ἀνεκόμισεν
372 250 411 280 et;
425 250 472 275 τὸν
493 249 618 284 οὐρανὸν,
633 249 680 276 καὶ
694 250 822 278 ἐκάθισεν
838 252 867 278 ὲν

69 293 150 329 δεξιᾷ
173 293 219 320 τοῦ
241 293 308 320 Θεοῦ
321 302 328 310 ο
346 295 492 330 περιττῶς,
518 295 556 326 ὡς
576 295 658 328 ἔοικε,
676 296 744 332 πρός
767 306 795 324 τε
814 297 867 325 τῶν

69 338 162 372 ἁγίων
176 339 313 374 πατέρων,
330 341 377 367 καὶ
393 341 461 376 πρός
472 349 504 375 γε
522 341 600 376 ἡμῶν
614 342 713 374 αὐτῶν,
732 343 779 370 καὶ
793 344 867 371 ἁπά-

69 393 123 419 σης
145 394 176 419 γε
192 385 241 420 τῆς
264 385 445 413 θεοπνεύστου
463 387 574 426 Γραφῆς
591 388 800 425 ὲνανθρωπῆσαι
825 390 868 418 λέ-

56 462 61 468 ¹
77 439 160 465 γεται
173 439 179 446 ·
195 432 270 467 δηλοῖ
293 432 358 468 γὰρ,
379 431 466 467 οἶμαι,
485 434 570 466 τουτὶ,
587 435 633 461 καὶ
648 435 741 471 ἕτερον
754 437 840 470 οὐδὲν,
853 438 867 464 ὀ

71 478 212 512 πάνσοφος
232 478 368 513 Ἰωάννης,
384 479 542 514 γεγραφὼς,
555 480 597 507 ὅτι
615 490 625 506 ί
651 480 681 507 '0
695 481 782 516 Λόγος
798 482 867 518 σὰρξ

71 523 193 556 ἐγένετο.
209 533 218 549 ι
241 523 454 559 Ἀντέστραπται
471 525 511 558 δὲ,
537 526 608 553 κατά
631 527 663 553 τὸ
687 528 772 560 εἰκὸς,
798 529 867 562 πρὸς

69 570 125 595 πᾶν
141 570 306 601 τούναντίον.
323 570 372 606 τῆς
389 571 459 607 μετὰ
483 572 584 607 σαρκὸς
596 573 751 609 οἰκονομίας
765 575 795 601 τὸ
814 584 866 610 μυ-

69 615 194 650 στήριον.
211 616 247 642 Οὐ
261 616 314 652 γὰρ
330 616 404 644 ἔστιν
428 617 501 650 ἰδεῖν,
523 618 561 650 ὡς
581 619 647 651 Θεὸς
660 619 698 647 ὢν
717 621 798 655 φύσει
819 623 867 649 κα)⁸

67 661 102 686 ὲκ
126 661 195 687 Θεοῦ
220 662 348 697 πεφηνὼς
365 664 379 689 ὁ
398 663 494 698 Λόγος,
517 664 638 700 καθῆκεν
655 666 749 694 ἑαυτὸν
766 669 806 699 εἰς
821 669 866 695 κέ-

68 715 170 739 νωσιν,
199 708 305 744 μορφὴν
331 709 424 736 δούλου
449 709 557 743 λαϐὼν,
590 712 638 738 καὶ
665 714 865 741 τεταπείνωκεν

68 754 178 786 ἑαυτὸν,
205 755 262 782 ἀλλ’
282 755 313 783 ἐκ
333 765 364 791 γε
387 756 440 784 τῶν
463 758 602 791 ἐναντίων,
623 760 791 796 ἀνεκομίσθη
816 761 865 796 μὲν

68 799 214 834 ἄνθρωπος
231 801 271 832 εἰς
285 801 334 837 τὴν
349 803 398 838 τῆς
419 802 544 838 θεότητος
563 804 652 838 δόξαν,
669 807 715 833 καὶ
730 807 780 842 τὴν
795 808 866 835 κατὰ

71 846 184 873 πάντων
208 847 356 882 ὑπεροχὴν,
375 848 454 875 ἔλαὸε
475 849 502 875 δὲ
519 850 566 877 καὶ
589 851 656 877 Θεοῦ
675 853 793 887 μορφὴν,
817 854 864 881 καὶ

918 254 983 282 dere
994 256 1086 290 jussit,
1113 263 1324 291 supervacanee,
1341 261 1370 285 ut
1385 258 1502 291 videtur,
1515 265 1531 285 a
1546 259 1648 287 sanctis
1664 259 1714 286 Pa-

919 303 1015 336 tribus,
1028 308 1056 331 et
1073 311 1088 331 a
1102 304 1179 331 nobis
1193 305 1269 340 ipsis,
1286 310 1367 340 atque
1385 306 1452 333 adeo
1468 305 1503 333 ab
1517 307 1644 334 universa
1670 314 1713 334 sa-

918 357 964 377 cra
987 353 1014 377 et
1033 350 1162 378 divinitus
1185 351 1316 385 inspirata
1338 350 1478 386 Scriptura
1501 352 1582 380 homo
1610 353 1713 380 factum

918 401 979 423 esse
992 395 1102 423 dicitur.
1119 395 1175 424 lioc
1190 397 1273 429 enim,
1293 404 1380 432 neque
1398 397 1470 425 aliud
1486 398 1633 434 quidquam
1649 399 1713 426 mihi

917 439 1072 475 signiﬁcare
1089 441 1196 468 videtur
1218 443 1439 475 sapientissimus
1461 442 1581 471 Joannes
1596 451 1657 471 cum
1675 444 1715 470 in-

917 485 998 520 quit:
1016 495 1025 511 ι
1041 485 1161 514 Verbum
1183 495 1248 515 caro
1268 487 1369 515 factum
1393 493 1444 516 est.
1460 498 1469 515 ι
1487 488 1540 516 Sed
1555 489 1713 516 universum

918 531 1164 560 administrationis
1182 533 1209 560 in
1225 541 1307 561 carne
1325 535 1485 569 mysterium
1507 535 1586 570 plane
1606 535 1633 562 in
1649 543 1713 563 con—

919 577 1030 604 trarium
1052 578 1212 606 mutabitur.
1237 578 1331 613 Neque
1347 579 1419 606 enim
1443 579 1515 607 Deus
1531 585 1626 607 natura
1641 581 1712 608 exsi-

918 627 993 650 stens
1009 628 1091 658 atque
1118 631 1151 651 ex
1171 623 1227 652 Deo
1249 624 1379 657 Verbum,
1405 625 1523 660 seipsum
1539 627 1572 654 ad
1585 626 1712 654 exinani-

918 667 1017 695 tionem
1037 667 1181 697 demisisse
1197 670 1329 703 cernitur,
1352 679 1439 706 neque
1469 672 1653 699 humiliaverit
1670 679 1713 699 se-

918 714 1006 750 ipsum
1023 725 1029 743 :
1046 716 1093 744 sed
1108 723 1124 743 e
1137 718 1275 745 contrario
1289 719 1390 746 relatus
1409 720 1517 754 quidem
1537 719 1617 747 fuerit
1632 720 1712 747 homo

918 761 945 788 in
963 762 1072 789 deitatis
1083 762 1207 797 gloriam,
1223 764 1303 799 inque
1317 766 1508 794 excellentiam
1525 767 1645 794 omnium
1663 775 1708 795 su-

917 815 1053 842 premam;
1067 800 1204 844 acccperit
1216 818 1280 839 vero
1295 816 1321 839 et
1332 813 1448 840 formam
1462 813 1520 846 Dei,
1534 819 1561 841 et
1575 814 1711 841 exaltatns

916 852 1009 885 fuerit,
1029 861 1151 884 assessor
1167 855 1238 883 Patri
1259 857 1359 885 factus.
1380 858 1457 886 Anne
1473 859 1520 886 tibi
1537 867 1600 887 vere
1621 860 1710 888 dicere

71 891 167 926 ὑψώθη
180 892 289 927 μᾶλλον,
306 893 448 929 σύνθρονος
464 895 584 929 γεγονὼς
598 896 636 932 τῷ
651 897 749 933 Πατρί.
765 896 803 925 Tﬂ
816 899 865 926 οὐκ
883 893 903 921 Β
920 899 1030 927 Videor?

68 936 181 971 ἀληθὲς,
196 937 210 963 ὅ
225 945 313 973 φημι;
345 944 348 947 ·

103 982 136 1008 Β.
158 983 319 1010 Παντάπασι
337 984 387 1019 μὲν
404 982 460 1012 οὖν.

103 1029 136 1055 Α.
160 1029 190 1055 Εἰ
216 1028 245 1056 δὲ
269 1030 380 1065 ἀληθὲς,
402 1031 474 1058 καθά
493 1040 570 1066 φασι,
595 1033 643 1059 καὶ
660 1033 799 1069 ἀπηξίωσε
816 1035 864 1072 τὴν

69 1075 226 1111 οἰκονομίαν
243 1077 257 1103 ὁ
270 1077 436 1113 Μονογενὴς,
455 1078 534 1110 ποίας
549 1078 589 1105 ἔτι
604 1080 807 1115 κατεφρόνησεν
822 1083 863 1108 αἰ-

70 1119 190 1154 σχύνης;
211 1121 262 1147 ποῦ
286 1121 315 1147 δὲ
338 1122 450 1156 γέγονεν
470 1123 590 1157 ὑπήκοος
609 1124 648 1159 τῷ
666 1125 753 1161 Πατρὶ
781 1127 864 1162 μέχρι

70 1165 198 1198 Θανάτου,
218 1166 332 1193 θανάτου
345 1167 375 1194 δὲ
390 1168 521 1204 σταυροῦ;
542 1169 596 1195 Καὶ
611 1170 636 1196 εἰ
653 1170 742 1198 λαϐὼν
757 1171 862 1208 ἄνθρω-

70 1219 130 1244 πον,
148 1211 236 1246 ἤγαγε
252 1212 301 1247 μὲν
326 1213 374 1239 καὶ
391 1214 431 1244 εὶς
455 1215 553 1249 πεῖραν
567 1214 648 1241 αὑτὸν
663 1216 710 1242 τοῦ
734 1216 861 1252 θανάτου,

69 1257 240 1292 ἀνακομίσας
263 1258 291 1285 δὲ
318 1259 366 1285 καὶ
385 1260 425 1290 εἰς
444 1259 577 1294 οὐρανοὺς
591 1261 718 1298 σύνεδρον
738 1263 862 1299 ἀπέφηνε

69 1304 107 1339 τῷ
124 1305 223 1340 Πατρὶ,
239 1306 284 1331 ποῖ
298 1304 330 1340 δὴ
344 1305 398 1341 ἄρα
413 1305 504 1333 λοιπὸν
523 1307 536 1333 ὁ
552 1307 635 1334 αὑτοῦ
655 1311 780 1342 φανεῖται
795 1310 860 1345 θρό-

70 1359 122 1383 νος,
142 1352 223 1386 εἴπερ
241 1351 270 1377 ού
293 1351 340 1377 δύο
360 1352 441 1385 φασιν
463 1353 549 1384 υἱοὺς,
573 1353 620 1380 ἕνα
635 1354 663 1380 δὲ
692 1356 792 1390 μᾶλλον
816 1356 862 1383 τὸν

71 1395 275 1431 συνεδρεύοντα,
298 1396 344 1423 τὸν
363 1398 395 1424 ὲκ
413 1397 570 1432 σπέρματος
589 1398 711 1434 δηλονότι
735 1401 816 1428 Δαϐίδ
831 1410 861 1428 τε

70 1443 114 1469 καὶ
141 1442 285 1478 Ἀΰραάμς
310 1443 368 1474 πῶς
384 1443 405 1469 δ’
421 1444 453 1470 ἂν
469 1445 517 1470 κα)⁸
540 1445 620 1476 αὐτὸς
641 1447 738 1482 Σωτὴρ
757 1447 862 1482 λέγοιτο

70 1488 195 1522 γενέσθαι
210 1489 256 1516 τοῦ
275 1489 391 1525 κόσμου,
412 1490 458 1516 καὶ
474 1491 534 1526 οὐχὶ
547 1491 579 1526 δὴ
599 1492 700 1527 μᾶλλον
715 1494 859 1528 ἀνθρώπου

71 1535 210 1570 πρόξενος,
226 1536 285 1570 ἦτοι
299 1535 517 1571 παρακομιστὴς,
527 1536 559 1563 δι’
573 1535 603 1564 οὗ
620 1537 667 1564 καὶ
682 1538 857 1573 σεσώσμεθα·

70 1582 116 1608 καὶ
137 1582 215 1613 τέλος
234 1582 316 1616 νόμου
334 1584 382 1608 καὶ
407 1582 555 1617 προφητῶν
575 1582 685 1617 γέγονεν
703 1583 857 1619 ἄνθρωπος,

70 1629 161 1664 ἕτερος
184 1627 221 1655 ὣν
242 1627 306 1663 παρ’
334 1627 426 1654 αὐτόν.
443 1628 527 1654 Λαλεῖ
548 1628 602 1665 γὰρ
619 1630 632 1655 ὁ
649 1629 730 1664 νόμος
746 1630 777 1657 τὸ
792 1631 860 1667 Χρι-

71 1674 133 1701 στοῦ
148 1674 308 1710 μυστήριον,
327 1673 374 1700 καὶ
387 1674 451 1708 περὶ
466 1674 549 1701 αὑτοῦ
562 1674 699 1710 γέγραφεν
719 1677 733 1702 ὁ
747 1676 859 1712 Μωσῆς,

71 1719 98 1751 ὃς
106 1721 153 1746 καὶ
162 1719 274 1753 γέγονεν
283 1720 348 1754 ἡμῖν
364 1719 537 1754 παιδαγωγὸς
553 1721 596 1746 ἐπ’
607 1722 699 1748 αὐτόν.
709 1722 818 1758 Οῖχεται
832 1724 860 1751 δέ

72 1775 121 1793 που
133 1766 204 1801 πρὸς
217 1765 247 1792 τὸ
258 1765 365 1801 μηδὲνὴ
375 1765 475 1798 πίστις,
486 1766 561 1802 ἕρρει
571 1767 624 1802 γάρ
633 1776 640 1782 ”
649 1768 716 1794 ὅπου
726 1768 754 1795 δὲ
763 1777 861 1796 παντε-

71 1813 218 1845 λῶς,οὐδὲν
226 1813 255 1839 τὸ
263 1812 362 1838 σεπτὸν
369 1812 446 1848 ἡμῶν
455 1811 613 1850 μυστήριονξ
625 1815 657 1841 Ὂ
668 1814 699 1850 δὴ
709 1816 755 1842 καὶ
768 1815 782 1840 ὁ
791 1825 860 1843 παν-

71 1860 180 1895 άριστος
202 1859 306 1891 Παῦλος
323 1859 470 1896 διατρανοῐ,
486 1860 589 1894 λέγων’
610 1871 619 1888 ‹
633 1861 680 1898 Μὴ
688 1862 767 1898 εἴπης
781 1863 809 1889 ἐν
826 1865 858 1898 τῇ

71 1907 169 1943 καρδίᾳ
193 1914 256 1933 σου·
274 1906 321 1938 Τις
342 1907 508 1942 ἀναϐήσεται
532 1908 572 1939 εἰς
593 1908 639 1935 τὸν
654 1909 785 1945 οὐρανόν;
798 1919 860 1936 του-

70 1952 142 1979 τέστι
157 1952 277 1987 Χριστὸν
292 1952 469 1986 καταγαγεῖν,
483 1952 500 1987 ἢ
510 1952 551 1983 τίς
561 1953 747 1989 καταϐήσεται
757 1955 797 1986 εἰς
811 1955 860 1990 τὴν

70 1998 207 2030 (itionem;
224 1998 347 2025 τουτέστι
370 1998 489 2034 Χριστὸν
514 1999 661 2033 ἀναγαγεῖν
685 2001 717 2027 ἐκ
744 2001 858 2036 νεκρῶν,

77 2043 156 2070 Ἀλλὰ,
172 2043 198 2070 τί
213 2043 286 2078 λέγει
300 2044 318 2078 ή
328 2043 443 2079 Γραφή;
463 2043 560 2078 Ἐγγύς
576 2052 622 2070 σου
638 2044 671 2071 τὸ
685 2046 760 2080 ῥῆμά
773 2047 858 2079 ἐστιν,

71 2092 100 2117 ἐν
120 2091 161 2126 τῷ
185 2090 299 2125 στόματί
316 2098 362 2117 σου
385 2092 432 2117 καὶ
449 2091 478 2117 ἐν
493 2092 526 2126 τῇ
549 2091 646 2127 καρδίᾳ
664 2101 721 2122 σου,
738 2093 859 2120 τουτέστι

69 2136 99 2163 ’τὸ
113 2138 189 2172 ῥῆμα
203 2136 251 2171 τῆς
266 2135 395 2169 πίστεως,
411 2137 425 2163 ὃ
444 2138 629 2172 κηρύσσομεν,
645 2138 686 2164 ὅτι
710 2138 756 2164 ἐὰν
779 2139 860 2174 εἴπης

71 2183 98 2209 ὲν
109 2183 147 2218 τῷ
163 2182 276 2218 στόματί
292 2191 351 2215 σου,
363 2182 466 2218 Κύριος
481 2183 595 2218 Ἰησοῦς,
607 2184 655 2210 καὶ
671 2184 821 2220 πιστεύσῃς
831 2186 859 2211 ὲν

71 2231 102 2265 τῇ
119 2229 220 2265 καρδίᾳ
235 2237 293 2262 σου,
308 2229 349 2256 ὅτι
365 2229 379 2254 ό
393 2229 458 2261 Θεὸς
469 2230 550 2256 αὐτὸν
569 2230 678 2265 ἤγειρεν
695 2232 727 2257 ἐκ
743 2232 857 2266 νεκρῶν,
874 2248 897 2275 D

72 2275 192 2310 σωθήσῃ.
220 2284 230 2301 ι
255 2275 318 2306 Πῶς
337 2273 383 2301 οὖν
394 2275 434 2302 ἔτι
449 2276 521 2311 μέγα
542 2285 572 2302 τε
587 2277 634 2303 καὶ
648 2277 757 2308 εὐκλεὲς
771 2278 818 2304 καὶ
831 2279 859 2304 ὲν

72 2321 216 2356 ὑπερτάτῳ
237 2320 358 2356 θαύματι
372 2322 403 2348 τὸ
417 2322 465 2357 τῆς
486 2322 629 2354 εὐσεϐείας
653 2324 818 2358 μυστήριον,
836 2324 861 2349 εἰ

72 2367 122 2402 χρὴ
145 2366 295 2399 πιστεύειν,
317 2367 369 2400 ὅτι,
386 2367 459 2395 καθά
484 2377 567 2402 φασιν
592 2369 616 2396 oi
639 2369 861 2405 διεστραμμένοι,

71 2413 213 2447 ἄνθρωπος
235 2413 358 2448 ληφθεὶς,
375 2414 421 2440 καὶ
437 2414 475 2449 τῷ
491 2415 551 2450 Θεῷ
564 2415 642 2450 Λόγῳ
657 2415 787 2450 σχετικῶς
802 2423 864 2442 συν-

69 2459 203 2494 ημμένος,
223 2459 343 2486 ἀπέθανέ
361 2468 390 2486 τε
416 2461 462 2487 καὶ
486 2461 596 2492 ἀνεϐίω,
623 2462 670 2488 καὶ
694 2461 862 2496 ἀνεκομίσθη

73 2505 120 2539 μὲν
136 2506 175 2536 εὶς
188 2505 234 2532 τὸν
254 2506 386 2541 οὐρανόνς
412 2507 543 2534 Ἀπιστον
557 2507 585 2533 δὲ
601 2507 665 2539 ἴσως
683 2507 805 2541 φανεῖταί
819 2516 861 2533 τι-

72 2558 123 2581 σιν,
141 2551 165 2576 εἰ
179 2551 217 2585 μὴ
233 2550 298 2582 Θεὸς
312 2550 349 2578 ὣν
366 2551 446 2586 φύσει
463 2553 510 2579 καὶ
527 2553 643 2588 ἀληοῶς,
659 2555 716 2585 τοῖς
739 2552 789 2588 τῆς
801 2553 861 2580 θεό-

73 2603 150 2631 τητος
167 2596 345 2632 ἐναϐρύνεται
362 2597 466 2630 θάκοις,
481 2598 644 2631 ἐξωσθέντος
658 2600 728 2634 τάχα
744 2608 794 2626 που
811 2598 860 2625 τοῦ

73 2642 142 2669 κατὰ
156 2643 239 2677 φύσιν
254 2644 331 2677 Υἰοῦ,
353 2645 400 2671 καὶ
414 2646 602 2681 παρεστήκασι
620 2646 670 2681 μὲν
686 2647 762 2678 τάξιν
785 2645 861 2682 ἔχον-

73 2697 116 2720 τες
131 2689 181 2725 τὴν
202 2689 400 2726 λειτουργικὴν,
420 2692 531 2725 ἄγγελοι
550 2693 596 2718 καὶ
619 2692 795 2728 ἀρχάγγελοι,
813 2692 860 2719 καὶ

72 2735 105 2761 τὰ
120 2735 161 2762 ἔτι
175 2736 278 2762 τούτων
298 2737 427 2764 ἐπέκεινα
443 2738 578 2773 Σεραιρὶμ,
594 2739 624 2764 οὐ
641 2739 680 2773 τῷ
701 2738 772 2765 κατὰ
792 2738 860 2774 ἀλή-

74 2779 147 2807 θειαν
173 2780 230 2816 Υἰῷ
256 2782 303 2808 καὶ¹
325 2782 396 2818 Θεῷ,
420 2783 556 2819 ἀνθρώπῳ
578 2784 606 2810 δὲ
632 2784 742 2820 μᾶλλον,
765 2783 795 2811 τὸ
810 2785 860 2820 τῆς

109 2869 131 2885 ⁸¹
145 2869 223 2899 itom.
237 2878 266 2905 x,
294 2871 351 2898 6-9.

952 977 983 1006 Β.
1005 977 1131 1007 Omnino.

949 1025 982 1052 A.
1000 1025 1034 1052 At
1046 1028 1067 1054 si
1085 1034 1177 1055 verum
1191 1032 1233 1055 est
1245 1028 1317 1064 quod
1332 1029 1437 1064 dicunt,
1455 1036 1482 1058 et
1495 1031 1656 1067 dedignatus
1669 1038 1711 1061 est

918 1071 1079 1107 Unigenitus
1101 1073 1325 1108 incarnationem,
1352 1083 1432 1110 quam
1462 1078 1570 1105 tandem
1596 1078 1710 1113 ignomi-

916 1118 987 1144 niam
1005 1120 1188 1154 contempsit?
1201 1126 1248 1148 aut
1262 1129 1316 1156 quo
1329 1127 1407 1156 pacto
1421 1122 1509 1151 factus
1524 1129 1565 1151 est
1581 1124 1709 1152 obediens

914 1162 987 1191 Patri
1011 1172 1094 1199 usque
1113 1166 1146 1192 ad
1162 1171 1288 1199 mortem,
1302 1173 1415 1195 mortem
1432 1174 1521 1196 autem
1534 1170 1639 1197 crucis?
1649 1169 1708 1197 Jam

914 1215 979 1236 vero
994 1211 1016 1237 si
1036 1216 1174 1246 acceptum
1190 1211 1264 1239 illum
1280 1213 1417 1240 hominem
1433 1219 1547 1242 mortem
1563 1215 1639 1242 obire
1651 1215 1710 1249 jus-

914 1254 958 1287 sit,
977 1259 1004 1281 et
1019 1261 1142 1282 evectum
1165 1256 1192 1283 in
1212 1256 1311 1284 cmlum
1332 1265 1498 1285 assessorem
1518 1258 1590 1286 Patri
1606 1260 1708 1286 consti-

913 1301 976 1333 tuit,
993 1301 1101 1330 ubinam
1117 1302 1245 1337 deinceps
1264 1304 1316 1331 erit
1331 1305 1445 1332 thronus
1465 1304 1525 1332 Filii
1540 1325 1547 1338 ,
1575 1306 1708 1340 siquidem

913 1355 1082 1383 nequaquam
1110 1351 1178 1377 duos
1209 1350 1277 1377 ﬁlios
1307 1358 1367 1378 esse
1391 1356 1524 1385 statuunt,
1550 1353 1596 1379 sed
1620 1353 1709 1386 potius

914 1402 996 1421 unum
1020 1395 1184 1423 assidentem
1205 1417 1212 1428 ,
1241 1397 1368 1424 nimirum
1395 1405 1426 1424 ex
1454 1399 1556 1426 semine
1578 1398 1660 1425 David
1682 1404 1710 1426 et

911 1440 1046 1468 A'hralne?
1060 1446 1105 1469 aut
1117 1442 1252 1477 quomodo
1266 1443 1324 1477 ipse
1340 1444 1447 1472 dicatur
1470 1445 1557 1472 factus
1572 1454 1633 1473 esse
1652 1445 1709 1473 Sal-

913 1491 990 1512 vator
1008 1487 1111 1520 nmndi,
1126 1492 1152 1514 et
1170 1495 1222 1514 non
1240 1489 1330 1522 potius
1348 1489 1464 1517 hominis
1484 1497 1633 1524 proxeneta
1650 1493 1708 1519 sive

912 1532 1035 1565 pararius
1057 1532 1150 1564 fuisse,
1166 1541 1214 1567 per
1226 1542 1305 1570 quem
1326 1535 1422 1563 salvati
1448 1537 1546 1564 simus?
1564 1537 1652 1573 Atque
1671 1538 1708 1565 ila

916 1577 977 1606 iinis
993 1579 1060 1614 legis
1073 1584 1099 1606 et
1111 1581 1304 1615 prophetarum
1318 1581 1408 1609 factus
1421 1587 1463 1610 est
1480 1583 1572 1617 homo,
1586 1584 1707 1612 divcrsus

915 1625 949 1651 ab
966 1625 1024 1660 ipso
1038 1625 1184 1654 exsistens.
1198 1626 1332 1662 Loquitur
1349 1628 1420 1655 enim
1436 1628 1477 1654 lex
1494 1628 1595 1656 Christi
1609 1634 1706 1663 myste-

915 1672 996 1705 rium,
1019 1677 1046 1700 et
1056 1672 1089 1699 de
1108 1673 1167 1707 ipso
1188 1674 1299 1707 scripsit
1321 1673 1437 1709 Moyses,
1453 1675 1498 1709 qui
1521 1680 1547 1702 et
1567 1675 1655 1703 factus
1668 1681 1706 1703 est

915 1717 993 1745 nobis
1011 1718 1174 1752 paedagogus
1187 1719 1220 1744 ad
1235 1718 1333 1752 ipsum.
1352 1718 1434 1746 Fides
1448 1727 1511 1747 vero
1524 1726 1615 1747 nostra
1633 1721 1707 1748 irrita

915 1764 950 1791 sit
963 1769 990 1791 et
1004 1765 1030 1790 in
1046 1764 1160 1791 nihilunt
1175 1763 1323 1800 redigatur,
1339 1770 1366 1792 et
1385 1767 1568 1793 venerandum
1585 1773 1707 1794 nostrum

915 1810 1072 1845 mysterium
1098 1810 1176 1844 plane
1206 1811 1394 1839 labefactetur.
1421 1811 1497 1845 Quod
1530 1818 1557 1839 et
1588 1814 1708 1848 optimus

914 1856 1015 1884 Paulus
1028 1857 1157 1889 declarat,
1176 1857 1288 1884 dicens:
1306 1867 1314 1883 ι
1331 1857 1370 1884 Ne
1386 1858 1488 1886 dixeris
1507 1859 1533 1885 in
1546 1861 1626 1887 corde
1640 1865 1685 1887 tuo
1701 1869 1706 1887 :

914 1903 979 1936 Quis
991 1905 1119 1931 ascendet
1132 1903 1156 1929 in
1170 1903 1267 1930 coelum
1278 1904 1289 1929 ’ἰ
1301 1903 1326 1930 id
1340 1908 1392 1935 est,
1407 1904 1543 1931 Christum
1557 1905 1706 1939 deducere;

914 1956 963 1978 aut
977 1951 1037 1985 quis
1055 1949 1239 1977 descendetin
1264 1949 1415 1984 abyssum?
1437 1949 1489 1977 hoc
1505 1955 1546 1977 est
1568 1951 1706 1978 Christum

914 2006 928 2025 a
945 1997 1062 2025 mortuis
1073 2004 1213 2024 revocare.
1227 1996 1279 2022 Sed
1295 1996 1358 2030 quid
1370 1996 1435 2023 dicit
1448 1995 1608 2031 Scriptura?
1620 1996 1706 2033 Prope

914 2050 956 2072 cst
979 2044 1089 2071 verbum
1107 2044 1132 2070 in
1154 2050 1202 2070 ore
1219 2048 1273 2075 tuo,
1297 2047 1324 2069 et
1349 2042 1375 2068 in
1400 2043 1483 2070 corde
1508 2048 1562 2075 tuo,
1581 2044 1632 2071 hoc
1655 2050 1706 2076 est,

914 2092 1025 2118 verbum
1049 2089 1109 2117 ﬁdei
1125 2090 1197 2124 quod
1210 2089 1399 2124 prmdicamus.
1420 2089 1489 2122 Quia
1511 2089 1532 2116 si
1552 2089 1706 2117 conﬁtearis

914 2138 940 2164 in
954 2145 1001 2164 ore
1017 2142 1062 2163 tuo
1077 2135 1222 2163 Domimnn
1240 2133 1344 2167 Jesum,
1361 2139 1389 2161 et
1411 2135 1437 2161 in
1456 2135 1537 2161 corde
1558 2139 1604 2163 tuo
1618 2137 1706 2163 credi-

914 2185 987 2212 deris
1010 2183 1089 2219 731
1115 2184 1185 2217 quod
1203 2182 1273 2209 Deus
1289 2181 1364 2208 illum
1387 2181 1528 2208 suscitavit
1545 2189 1559 2208 a
1579 2183 1705 2214 mortuis,

913 2233 1004 2260 salvus
1021 2232 1076 2258 eris
1090 2230 1124 2257 ⁸⁸.
1141 2239 1150 2256 ι
1168 2229 1226 2263 Quo
1240 2233 1319 2263 pacto
1333 2228 1414 2262 igitur
1432 2228 1483 2254 erit
1504 2228 1630 2262 deinceps
1650 2237 1706 2255 ma-

911 2286 993 2316 gnum
1015 2283 1042 2304 et
1065 2276 1211 2312 gloriosum
1240 2281 1322 2310 atque
1350 2274 1537 2302 admirandum
1566 2274 1706 2310 religionis

910 2323 1078 2359 mysterium,
1099 2321 1120 2348 si
1135 2321 1298 2348 credendum
1319 2324 1370 2350 est.
1394 2324 1423 2346 ut
1435 2319 1477 2346 isti
1493 2326 1508 2345 a
1523 2319 1638 2346 veritate
1651 2320 1706 2346 dis-
1723 2346 1727 2354 Α

911 2370 976 2397 torti
998 2367 1102 2399 volunt,
1125 2367 1197 2401 quod
1212 2367 1292 2394 homo
1304 2369 1439 2400 sumptus,
1453 2370 1479 2393 et
1489 2365 1544 2393 Deo
1557 2365 1645 2393 Verbo
1662 2373 1705 2392 re-

911 2416 991 2443 lative
1011 2413 1161 2449 copulatus,
1183 2419 1308 2440 mortuus
1322 2418 1364 2440 est
1382 2418 1410 2440 et
1428 2413 1538 2445 revixit,
1555 2417 1581 2440 et
1604 2412 1705 2439 relatus

912 2467 953 2490 cst
969 2462 996 2488 in
1017 2460 1138 2488 etelum?
1158 2459 1318 2487 incredibile
1338 2466 1402 2486 vero
1419 2459 1556 2487 nonnullis
1571 2459 1705 2486 videbitur

914 2508 965 2535 nisi
990 2511 1086 2535 natura
1112 2513 1144 2533 ac
1163 2513 1228 2532 vere
1249 2506 1318 2532 Deus
1334 2506 1487 2538 cxsistens,
1508 2505 1616 2533 deitatis
1637 2505 1704 2532 solio

914 2554 1056 2590 glorietur,
1073 2552 1183 2587 expulso
1204 2559 1237 2578 eo
1255 2551 1300 2586 qui
1320 2556 1417 2578 natura
1439 2559 1487 2578 sua
1501 2551 1586 2578 Filius
1598 2555 1648 2580 est.
1672 2551 1705 2578 Et

914 2599 1130 2628 circumstabunl
1163 2598 1272 2632 quidem
1298 2597 1385 2632 angeli
1414 2601 1495 2631 atque
1529 2598 1704 2632 archangeli,

914 2647 1010 2681 hisque
1026 2644 1206 2673 eminentiora
1221 2643 1374 2677 Seraphim,
1395 2651 1447 2670 non
1464 2649 1493 2670 ut
1508 2652 1572 2672 vero
1588 2644 1655 2671 Filio
1673 2652 1704 2671 ac

914 2692 970 2720 Deo
985 2691 1140 2719 ministrent
1153 2695 1234 2724 atque
1253 2687 1413 2721 inserviant,
1426 2689 1473 2715 sed
1487 2691 1576 2724 p0tius
1591 2690 1703 2722 homini,

914 2738 959 2773 qui
976 2736 1112 2764 ﬁliationis
1133 2742 1230 2763 nomen
1255 2741 1302 2769 per
1322 2733 1561 2769 participationem
1586 2736 1704 2763 insinua-

914 2785 1079 2818 tionemque,
1099 2790 1131 2810 ac
1146 2786 1239 2810 nostro
1253 2787 1329 2808 more
1342 2780 1466 2815 adeptus,
1479 2784 1506 2808 et
1518 2780 1552 2807 ad
1567 2780 1704 2809 divinissi-
