1927 3036
241 157 311 186 4283

739 156 766 182 S.
789 155 924 184 CYRll.Ll
946 158 1179 188 ALEXANDRINI
1200 161 1348 188 ARCHIEP

1810 160 1872 186 128!

240 225 312 244 tuam
326 216 393 243 hanc
405 216 517 250 gloriam
532 221 640 243 evectus
651 220 701 242 est.
714 214 806 250 Neque
817 217 888 243 enim
903 223 1027 245 verentur

1082 216 1204 256 υῐότητος
1226 221 1321 256 ὄνομα,
1346 219 1484 255 μεθεκτῶς
1507 221 1554 246 καὶ
1572 220 1804 256 εἰσκεκριμένως,
1830 219 1871 244 καὶ

242 262 362 289 hreretiei
378 262 544 297 ejuscemodi
559 261 740 295 blasphemias
754 261 932 290 deblaterare.
955 263 1031 291 Anne

240 316 305 335 vero
322 309 403 336 etiam
432 309 478 335 tibi
505 314 610 334 summa
633 307 776 341 impietate
797 307 896 334 referta
922 308 1029 336 illorum

240 355 362 382 doctrina
377 355 479 381 videtur
488 354 499 380 ’ἰ
508 352 573 380 Nam
586 353 657 387 quod
670 353 760 379 datum
773 357 853 388 atque
866 353 1030 382 insinuatqu

239 406 293 433 est,
310 400 485 434 rejieiendum
503 399 600 426 merito
621 398 714 431 fuerit,
731 403 758 425 et
772 398 843 433 quod
859 399 1031 427 extrinsecus

240 447 347 473 advenit
360 445 561 480 ascititiumque
576 450 627 477 est,
646 445 737 472 damni
750 445 904 480 suspicione
915 453 967 473 non
984 436 1031 474 ea;

240 498 280 519 ret
297 501 303 518 :
321 497 350 518 ut
364 493 397 519 de
413 491 580 526 blasphemia
595 495 622 519 et
635 491 803 519 absurditate
817 493 947 520 doctrina:
963 493 1039 533 nihil.

238 538 338 570 dicam,
356 545 418 564 cum
436 537 635 564 incarnationis
653 537 843 565 excellentiam
860 539 894 565 ad
911 539 1029 574 turpitu-

237 585 326 611 dinem
351 584 471 618 rapiant,
492 588 520 611 et
546 584 666 610 divinum
692 584 962 619 sacratissimumque
983 592 1032 613 no-

236 636 324 657 strum
348 630 462 662 cultum,
486 629 740 664 anthropolatriam,
764 630 816 658 hoc
842 635 893 662 est,
914 631 1031 658 hominis

237 676 347 707 cultum,
364 682 423 702 esse
438 678 569 707 statuant,
585 678 613 702 et
630 683 645 702 a
666 675 738 703 cultu
756 676 813 703 veri
838 675 900 703 Filii
922 684 970 704 nos
985 677 1032 704 ab-

237 722 377 754 ducentes,
400 722 563 756 persuadere
587 721 672 748 velint
694 726 723 749 ut
745 722 890 756 quemdam
912 723 957 757 qui
977 723 1028 758 ipsi

214 766 218 793 l
238 767 350 795 relative
362 768 503 802 copulatus
516 773 558 795 est
571 768 725 800 adoremus,
743 775 822 803 quem
838 776 919 803 supra
936 776 1032 797 omnes

237 813 406 848 Principatus
422 818 449 839 et
465 812 615 840 Potestates
629 820 661 840 ac
679 813 883 841 Dominationes
897 814 1030 841 constitu-

237 863 294 885 tum
313 858 458 891 volunt";
478 866 530 885 non
551 859 583 885 iis
605 858 691 886 solum
713 858 758 893 qui
776 858 802 885 in
822 859 902 886 terris
919 858 1028 892 degunt,

237 905 284 931 sed
303 909 329 931 et
351 904 416 939 ipsis
436 903 594 940 coelestibus
614 910 640 931 et
661 904 837 942 rationalibus
854 904 1031 938 potestatibus

237 951 339 979 erroris
361 951 447 978 labem
464 950 626 985 indigentes,
639 949 662 978 si
685 958 737 977 una
751 950 889 978 nobiscum
906 950 1031 983 adorent,

238 1005 291 1024 non
308 997 478 1024 iucaruatum
501 1001 598 1023 natura
613 1003 644 1023 ac
659 1003 722 1023 vere
737 996 847 1028 Filium,
864 996 988 1031 quodque
999 1003 1032 1024 ex

238 1042 356 1069 essentia
381 1041 428 1068 Dei
447 1049 479 1068 ac
503 1041 590 1068 Patris
612 1040 712 1068 effulsit
734 1039 863 1072 Verbum,
883 1039 929 1067 sed
949 1040 1031 1068 alium

238 1089 382 1125 quemdam
402 1089 538 1115 hominem
556 1089 589 1115 ab
605 1089 662 1123 ipso
679 1095 711 1114 ex
727 1087 831 1116 semine
851 1087 971 1120 Davidis,
986 1087 1032 1122 qui

239 1135 295 1162 sola
312 1134 460 1166 voluntate,
475 1139 503 1161 et
514 1134 695 1161 exterioribus
713 1132 881 1161 ornamentis
899 1133 1032 1160 formatus

239 1180 276 1207 sit
299 1179 381 1211 Deus,
400 1186 494 1206 revera
508 1183 597 1206 autent
613 1179 638 1206 id
661 1186 712 1206 non
727 1179 773 1206 sit.

238 1227 394 1263 σπέρματος
411 1227 458 1253 τοῦ
484 1226 574 1259 Δαϐὶδ,
593 1226 699 1262 θελήσει
727 1227 797 1262 τάχα
821 1236 871 1253 που
901 1227 970 1263 μόνῃ
991 1226 1056 1263 παρ’

236 1275 314 1308 Θεὸν,
332 1276 381 1301 οὐκ
396 1275 459 1302 ὄντα
483 1275 511 1301 δὲ
529 1275 609 1301 τοῦτο
621 1275 692 1302 κατὰ
716 1275 855 1311 ἀλήθειαν,
870 1275 1024 1310 ἄνθρωπον.

272 1321 302 1349 Β.
326 1321 409 1356 Atqui
437 1321 544 1348 tametsi
567 1322 647 1348 homo
673 1321 828 1356 specialiter
852 1320 1025 1355 intelligatur,

238 1367 374 1402 inquiunt,
400 1367 511 1394 relative
532 1371 622 1394 tamen
644 1372 671 1394 et
688 1371 809 1402 respectu
833 1366 879 1393 Dei
903 1366 936 1393 ab
953 1366 1027 1393 omni

237 1419 361 1442 creatura
373 1414 509 1441 aduratur.

272 1461 306 1488 A.
328 1460 449 1494 Quonam
465 1468 531 1487 vero
544 1464 634 1494 pacto,
658 1460 782 1492 obsecro,
793 1459 905 1495 intelligi
920 1467 935 1486 a
949 1459 1027 1486 nobis

239 1512 284 1535 aut
300 1507 381 1535 statui
397 1512 485 1542 potest
498 1507 556 1534 haec
581 1506 676 1534 relatio
694 1514 775 1541 quam
798 1507 834 1534 ita
856 1506 1026 1542 praedicant?

240 1554 294 1581 Sed
306 1561 366 1588 age,
379 1553 497 1580 divinam
521 1560 552 1580 ac
572 1560 677 1580 sacram
701 1552 870 1588 Scripturam
892 1552 1027 1587 pervesti-

236 1605 341 1635 ganles,
358 1598 605 1634 quzestionishujus
629 1599 761 1626 rationem
785 1599 818 1626 ab
833 1605 865 1626 ea
889 1603 1025 1633 petamus.

237 1646 306 1681 Ergo
319 1653 378 1673 cum
393 1645 473 1680 732
490 1645 552 1671 olim
569 1644 698 1672 lsraelitte
710 1648 866 1679 contempto
883 1649 956 1672 metu
967 1644 1025 1677 Dei,

236 1693 263 1721 in
278 1693 371 1720 lllosen
384 1699 411 1719 et
421 1692 555 1719 Aaronem
568 1691 665 1719 acerbe
679 1691 882 1723 inveherentur,
897 1690 983 1718 Moses
995 1695 1023 1718 et

236 1739 326 1766 Aaron
343 1739 378 1765 ita
395 1745 442 1765 eos
456 1737 653 1772 compellarunt
670 1745 676 1764 :
698 1745 707 1762 ι
727 1736 793 1770 Quis
804 1741 845 1764 est
861 1737 931 1771 quod
952 1744 1026 1764 mur-

237 1785 449 1812 muratiscontra
460 1791 520 1811 eum
530 1783 540 1810 ?
551 1782 606 1809 Non
616 1783 688 1810 enim
698 1787 790 1809 contra
804 1790 862 1814 nos,
873 1783 918 1810 sed
928 1788 1023 1810 contra

237 1831 320 1858 Deum
330 1835 370 1857 est
380 1831 436 1858 [HEC
447 1829 581 1857 oblocutio
593 1833 682 1856 vestra
692 1829 741 1856 ⁸⁸.»
755 1829 905 1856 Pcecarant
916 1829 987 1856 enim
1000 1830 1027 1857 in

237 1877 326 1904 Mosen
337 1883 364 1904 et
374 1876 521 1908 Aaronem,
534 1875 581 1903 sed
593 1875 694 1902 factum
708 1875 794 1910 ipsum
807 1876 840 1902 ad
855 1875 900 1902 Dei
913 1875 1027 1910 gloriam

236 1923 377 1958 pertinuit,
389 1928 416 1949 et
428 1922 460 1949 ad
473 1929 532 1950 eam
548 1921 719 1949 referebatur
729 1919 823 1948 eorum
838 1922 884 1956 qui
901 1921 1026 1956 injuriam

235 1969 388 1996 inferebant
404 1968 543 2003 cogitatio.
557 1968 691 1995 Caeterum
710 1975 762 1994 non
777 1971 857 1994 erant
876 1967 913 1994 dii
938 1967 1026 1995 Moses

234 2021 261 2044 et
276 2017 375 2047 Aaron,
393 2022 482 2049 neque
503 2013 614 2041 relative
636 2018 664 2040 et
678 2018 802 2047 respectu
829 2012 875 2040 Dei
901 2018 1026 2040 creatura

234 2070 281 2089 eos
294 2062 425 2088 adoravit.
440 2060 571 2096 Regnavit
587 2060 657 2087 Deus
670 2067 718 2094 per
732 2059 879 2094 prophetas
906 2060 930 2086 in
946 2059 1026 2086 lsrael

234 2108 382 2135 secundum
401 2115 525 2135 carnem.
543 2105 721 2134 Postmodum
738 2110 912 2132 accesserunt
931 2105 963 2132 ad
986 2105 1026 2132 di-

234 2155 326 2182 vinum
342 2154 495 2182 Samuelem
506 2153 642 2181 dicentes:
661 2160 671 2177 ‹
691 2151 745 2179 Fac
757 2151 834 2178 nobis
843 2159 944 2185 regem,
956 2151 1026 2179 sicut

234 2206 261 2228 et
273 2200 383 2235 reliqum
394 2204 499 2235 gentes.
519 2208 529 2225 ι
553 2199 631 2232 Quod
649 2197 694 2225 ille
718 2196 822 2232 Spiritu
848 2197 952 2224 atllatus
969 2204 1026 2224 mo-

234 2247 302 2274 leste
317 2252 344 2274 et
363 2246 471 2281 quidem
498 2245 595 2272 merito
623 2243 685 2270 tulit

235 2293 370 2320 dicentem
389 2301 394 2318 :
417 2300 425 2316 ‹
446 2290 504 2317 Non
528 2295 553 2316 te
575 2293 816 2324 contempserunt,
846 2288 893 2316 sed
914 2296 966 2321 me,
988 2296 1022 2316 ne

235 2345 344 2373 regnem
361 2344 441 2371 super
451 2343 498 2363 eos
507 2335 539 2362 ⁸⁸.
557 2345 566 2361 ι
582 2336 620 2362 En
639 2343 734 2363 rursus
744 2340 838 2370 aperte
852 2339 1025 2368 contemptus

235 2383 368 2410 rationem
389 2382 422 2408 ad
452 2381 535 2408 Deum
562 2381 657 2409 referri
687 2381 735 2408 ait.
769 2381 838 2414 Quin
857 2380 936 2408 etiam
968 2380 1025 2414 ipse

234 2427 356 2456 oumium
370 2426 496 2453 Salvator
514 2434 546 2454 ac
571 2426 701 2454 Doruinus
714 2446 721 2459 ,
749 2426 824 2453 deiis
839 2426 884 2461 qui
903 2430 1025 2459 egestate

234 2476 405 2508 premuntur,
422 2472 481 2499 ait:
511 2481 520 2498 ‹
547 2471 684 2506 Quidquid
707 2471 812 2499 fecistis
840 2472 885 2499 uni
909 2479 941 2498 ex
965 2471 1024 2498 istis

234 2518 364 2551 minimis,
380 2519 443 2546 mihi
464 2518 567 2546 fecistis
594 2519 627 2546 ⁸⁸.
647 2527 656 2544 ›
675 2518 731 2546 Hac
759 2518 843 2554 igitur
870 2519 976 2546 ratione
999 2517 1022 2545 si

233 2567 295 2602 quis
309 2567 414 2594 dicatur
433 2566 524 2594 colere
539 2574 600 2594 eum
616 2566 662 2601 qui
685 2571 726 2594 est
741 2573 774 2593 ex
801 2566 904 2594 semine
927 2565 1022 2598 David,
1038 2568 1041 2572 '

233 2613 337 2641 Filione
348 2613 372 2640 id
383 2613 528 2646 praestitit?
539 2618 565 2640 et
577 2613 628 2639 nisi
645 2612 706 2647 quis
718 2612 872 2644 crediderit,
883 2611 1024 2639 offenderit

233 2659 355 2695 profecto
367 2667 429 2686 eum
449 2660 493 2694 qui
513 2664 609 2686 natura
623 2664 665 2687 est
678 2658 773 2690 Filius,
796 2658 841 2692 qui
869 2666 898 2685 se
916 2665 1024 2693 quoque

233 2705 283 2733 coli
297 2705 362 2738 vult,
381 2710 408 2732 et
423 2706 515 2733 eodem
533 2705 612 2740 plane
630 2704 708 2732 modo
720 2711 735 2730 a
752 2704 830 2731 nobis
843 2704 928 2732 credi.
948 2704 1021 2737 Quo-

233 2751 313 2779 modo
328 2751 410 2783 igitur
425 2759 478 2778 non
505 2751 541 2778 sit
567 2751 655 2778 factus
668 2758 716 2785 par
738 2755 819 2785 atque
836 2750 948 2784 :equalis
972 2750 1021 2776 hn-

233 2805 298 2825 nore
323 2804 417 2824 servus
445 2804 504 2824 cum
526 2796 654 2829 domino,
681 2801 708 2824 et
731 2796 840 2824 dcitatis
859 2796 1020 2824 excellentia

271 2884 295 2900 ‘”
311 2884 407 2919 Ephes.
430 2893 448 2916 I,
463 2884 507 2910 ει.

711 2252 717 2270 :
739 2245 786 2271 sed
814 2243 917 2292 audivit
940 2244 1022 2270 Deum
1040 2264 1062 2292 υ

1082 267 1176 302 τρόπῳ
1197 267 1236 302 τῷ
1259 266 1320 293 καθ’
1343 267 1417 301 ἡμᾶς
1441 266 1632 301 πλουτήσαντι,
1660 267 1708 293 καὶ
1729 265 1780 300 τῆς
1806 263 1873 291 οὓτω

1083 313 1322 349 θεοπρεπεστὰσης
1346 312 1487 344 ἀξιωθέντι
1517 312 1610 347 τιμῆς,
1640 311 1873 346 Καταπεφρὲκασι

1082 357 1135 393 γὰρ
1148 358 1248 394 ἥκιστά
1256 366 1286 391 γε
1300 358 1347 384 καὶ
1358 357 1436 384 τοῦτο
1447 357 1572 392 λέγοντες
1587 359 1611 384 οἱ
1627 357 1661 384 δι’
1672 355 1872 392 ἐναντίας.⁷Αρ’

1081 404 1112 429 οὐ
1128 403 1178 438 τῆς
1188 403 1305 439 ἐσχάτης
1317 404 1489 438 ἀνοσιότητός
1502 412 1531 430 τε
1545 404 1592 430 καὶ
1607 403 1768 435 δυσσεϐεῖας
1784 404 1872 433 αὐτοὶ,

1082 449 1112 475 τὸ
1128 449 1217 485 δόγμα
1235 450 1426 485 μεμέστωται;
1448 449 1485 476 Τὸ
1503 450 1557 485 γάρ
1571 459 1613 476 τοι
1628 450 1703 476 δυτέιν
1719 451 1767 476 καὶ
1783 449 1858 476 eius

1082 495 1221 531 κριμὲνον,
1245 495 1398 531 ἀπόϐλητον
1422 495 1465 530 εῐη
1481 495 1524 527 ἂν,
1545 495 1592 522 καὶ
1613 495 1644 521 τδ
1659 495 1778 530 Θύραθεν
1797 502 1859 528 mp:

1083 541 1155 574 σθὲν,
1171 542 1221 568 οὐκ
1236 541 1391 569 ἀνύποπτον
1401 541 1456 576 ἔχει
1471 541 1520 577 τὴν
1535 541 1647 577 ζημίαν.
1663 542 1719 568 Καὶ
1734 541 1829 568 σιωπῷ
1845 541 1872 567 τὸ

1081 587 1222 622 δύσφημον
1237 587 1277 614 ἔτι
1294 588 1340 614 καὶ
1361 587 1467 622 ἀπηχὲς
1480 588 1521 620 εἰς
1534 587 1638 620 λόγους,
1652 587 1764 614 ἀνθότου
1783 588 1814 622 δὴ
1828 586 1871 614 οὖν

1081 633 1132 669 τῆς
1154 629 1311 669 οἰκονομίας
1338 633 1368 660 τὸ
1391 633 1530 669 ἐξαίρετον
1554 633 1758 669 κατασύρουσιν
1782 634 1821 664 είς
1844 633 1871 659 τὸ

1082 679 1208 713 ἀκαλλὲς,
1229 680 1276 706 καὶ
1291 680 1340 714 τὴν
1356 679 1431 706 θείαν
1443 688 1473 706 τε
1488 680 1535 706 καὶ
1553 680 1696 715 ἱεροτάτην
1712 680 1792 715 ἡμῶν
1807 679 1871 715 θρη-

1083 726 1186 758 σκείαν,
1203 725 1459 761 ἀνθρωπολατρείαν
1474 726 1525 761 ἤδη
1547 726 1594 752 καὶ
1610 726 1705 761 ἕτερον
1725 723 1809 752 οὖσαν
1831 726 1873 751 οὺ-

1081 771 1125 798 δὲν
1142 771 1332 805 ἀποφαίνουσι,
1356 771 1572 807 ὰποκομίζοντες
1592 771 1642 806 μὲν
1661 771 1708 798 τοῦ
1733 772 1795 798 κατ’
1809 771 1871 806 ἀλή-

1082 814 1156 841 θειαν
1186 814 1269 848 Υίοῦ,
1297 815 1466 849 συναφθέντα
1491 815 1520 842 δέ
1547 824 1608 842 τινα
1640 815 1776 851 σχετικῶς
1803 817 1872 850 αὐτῷ

1082 860 1248 894 προσκυνεῖν
1271 860 1480 893 ἀναπείθοντες,
1503 860 1532 887 ὃν
1559 861 1607 887 καὶ
1632 861 1762 897 ὑπεράνω
1788 862 1872 896 πάσης

1090 904 1190 940 Ἀρχῆς
1204 913 1234 932 τε
1258 907 1306 933 καὶ
1325 906 1463 939 Ἐξουσίας
1474 929 1480 939 ,
1498 907 1545 934 καὶ
1561 908 1740 943 Κυριοτήτων
1756 907 1872 935 διελάσαι

1046 938 1069 968 Β
1086 938 1178 984 φασῖνς
1199 951 1259 986 οὐχὶ
1277 952 1368 986 μόνοις
1391 954 1448 984 τοῖς
1467 953 1512 979 ἐπὶ
1531 953 1594 988 γῆς,
1606 938 1683 980 ¹ἀλλά
1705 954 1755 980 καὶ
1781 956 1872 986 αὑταῖς

1084 997 1144 1027 ταῖς
1170 995 1226 1023 ἄνω
1250 996 1372 1031 λογικαῖς
1397 998 1528 1033 δυνάμεσι
1543 999 1589 1025 τὺν
1611 1000 1658 1026 τοῦ
1686 1001 1871 1036 πεπλανῆσθαι

1083 1041 1178 1076 μῶμον
1197 1042 1356 1077 ἐπάγοντες,
1377 1044 1401 1070 εί
1419 1044 1603 1079 προσκυνοῦσι
1622 1046 1682 1081 μεθ’
1698 1048 1714 1082 ἡ
1721 1047 1781 1082 μῶν
1800 1048 1871 1074 ἐναν-

1083 1086 1265 1123 θρωπήσαντα
1289 1088 1338 1124 μὲν
1353 1089 1478 1124 οὐδαμῶς
1494 1091 1539 1116 τὸν
1563 1090 1642 1125 φύσει
1658 1100 1689 1118 τε
1706 1092 1756 1119 καὶ
1770 1092 1871 1128 ἀληθῶς

1082 1132 1157 1165 Υίὸν,
1172 1133 1219 1160 καὶ
1233 1134 1266 1160 ἐκ
1285 1135 1335 1170 τῆς
1349 1135 1396 1161 τοῦ
1422 1135 1490 1163 Θεοῦ
1505 1137 1552 1163 καὶ
1576 1137 1683 1173 Πατρδς
1697 1138 1794 1170 οὐσίας
1809 1140 1870 1165 ἁνα-

1082 1178 1227 1214 λάμψαντα
1247 1180 1343 1214 Λόγον,
1367 1181 1405 1213 ὼς
1423 1181 1516 1217 ἕτερον
1537 1181 1565 1208 δέ
1580 1191 1641 1210 τινα
1663 1184 1731 1218 παρ’
1745 1184 1828 1210 αὑτὸν
1844 1185 1871 1210 ἐκ

1079 1226 1162 1254 αὑτοῦ
1185 1228 1232 1254 καὶ
1252 1230 1309 1260 τοῖς
1328 1228 1444 1264 θύραθεν
1467 1230 1647 1265 ἐξωραῖσμοῖς
1672 1230 1870 1266 εἰδοποιηθέντι

1116 1323 1146 1350 Β.
1174 1323 1254 1350 ’Λλλὰ
1277 1323 1328 1350 κᾶν
1349 1323 1492 1359 ἄνθρωπος
1518 1324 1609 1356 ίδικῶς
1634 1324 1749 1359 νοῆται,
1782 1325 1869 1358 φασιν,

1080 1369 1204 1404 ἀναφορᾷ
1218 1369 1285 1395 Θεοῦ
1304 1370 1351 1396 καὶ
1369 1369 1457 1404 ἐννοίᾳ
1479 1369 1528 1405 τὴν
1545 1369 1621 1405 παρὰ
1641 1370 1735 1405 πάσης
1751 1370 1801 1405 τῆς
1820 1370 1871 1395 κτέ-

1080 1423 1149 1446 σεως
1162 1415 1346 1450 προσκύνησιν
1363 1415 1430 1450 ἔχει.

1114 1460 1146 1485 Δ.
1167 1458 1233 1486 Εἶτα
1248 1459 1307 1486 τίνα
1327 1461 1427 1495 τρόπον
1454 1460 1553 1496 πρέποι
1578 1460 1622 1491 ἂν.
1645 1461 1708 1487 είπὲ
1732 1470 1788 1496 μοι,
1807 1461 1868 1496 πρὶς

1079 1505 1157 1540 ἡμῶν
1180 1505 1298 1532 νοεῖσθαι
1319 1506 1366 1532 καὶ
1382 1505 1509 1540 λέγεσθαι
1525 1507 1574 1542 τῆς
1591 1507 1656 1542 παρ’
1677 1507 1770 1533 αὐτῶν
1796 1507 1870 1542 θρυλ-

1078 1552 1212 1587 λουμένης
1229 1552 1370 1588 ἀναφορᾶς
1384 1552 1414 1578 τὸ
1437 1553 1551 1588 χρῆμας
1570 1553 1625 1579 Καὶ
1642 1553 1709 1588 φέρε
1733 1553 1786 1588 τὴν
1802 1553 1869 1579 Osiri

1080 1606 1110 1624 τε
1133 1598 1179 1624 καὶ
1201 1597 1275 1633 ἱερὰν
1290 1598 1581 1634 πολυπραγμονοῦντες
1595 1599 1721 1634 Γραφὴν,
1735 1600 1869 1634 καταθρή-

1082 1652 1173 1678 σωμεν
1196 1643 1244 1670 ἀπ’
1258 1643 1342 1678 αὐτῆς
1363 1643 1393 1669 τὸ
1408 1643 1584 1678 ζητούμενον.
1610 1644 1719 1671 Οὐκοῦν
1743 1645 1871 1680 ὀλιγωρή-

1082 1688 1177 1721 σαντές
1201 1697 1267 1715 ποτε
1292 1689 1340 1723 τῆς
1361 1689 1402 1720 είς
1427 1689 1493 1715 Θεὸν
1519 1689 1609 1721 αἰδοῦς
1635 1690 1660 1716 οἱ
1689 1690 1721 1722 ὲξ
1757 1690 1869 1725 Ἰσραὴλ,

1080 1736 1176 1762 Μωσεῖ
1188 1744 1218 1761 τε
1240 1735 1288 1762 καὶ
1307 1735 1412 1771 Ἀαρὼν
1428 1735 1578 1770 ἐπεφύοντο
1592 1736 1712 1772 πικρῶς,
1733 1734 1794 1763 εἶτα
1810 1746 1870 1772 :90-

1081 1781 1229 1816 πεφώνηκε
1251 1781 1354 1816 Μωσῆς
1377 1790 1406 1808 τε
1429 1782 1477 1808 καὶ
1497 1781 1618 1817 Ἀαρών·
1642 1791 1652 1807 ι
1676 1783 1727 1814 Τίς
1750 1784 1870 1809 ἐστινὸτι

1080 1828 1275 1863 διαγογγύζετε
1293 1828 1352 1854 κατ’
1374 1827 1472 1861 αὑτοῦ;
1488 1828 1526 1855 Οὐ
1541 1828 1596 1864 γὰρ
1616 1828 1676 1855 καθ’
1694 1830 1711 1863 ἡ
1718 1829 1788 1864 μῶν,
1809 1829 1870 1856 ἀλλὰ

1080 1875 1151 1902 κατὰ
1166 1875 1233 1902 Θεοῦ
1247 1876 1261 1901 ὁ
1274 1876 1431 1911 γογγυσμὸς
1441 1875 1519 1910 ὑμῶν
1533 1873 1609 1906 οὗτός
1619 1876 1704 1902 ἑστιν.
1724 1887 1733 1901 ι
1756 1876 1873 1910 Ἔπλημκ

1082 1922 1180 1958 μέλουν
1198 1922 1247 1957 μὲν
1264 1922 1318 1958 γὰρ
1343 1922 1384 1954 είς
1403 1922 1506 1949 Μωσέα
1530 1922 1576 1948 καὶ
1600 1921 1717 1957 Ἀαρὼν,
1736 1922 1805 1948 ἀλλὰ
1827 1922 1871 1956 τῆς

1081 1968 1156 2000 θείας
1169 1969 1271 2004 ἥπτετο
1285 1969 1364 2004 δόξης
1378 1969 1407 1995 τὸ
1421 1968 1570 2004 δρώμενον,
1591 1968 1638 1995 καὶ
1653 1969 1698 1994 ἐπ’
1712 1968 1799 2003 αὐτὴν
1819 1966 1870 2002 εἴγε

1079 2011 1128 2047 τὴν
1139 2013 1289 2048 ἀναφορὰν,
1302 2012 1352 2047 τῆς
1360 2012 1414 2039 τῶν
1423 2012 1586 2048 ὑϐριζόντων
1598 2012 1749 2044 ὑπονοὶαςὸ
1767 2014 1869 2048 τρόπις.

1080 2058 1154 2093 map;
1178 2058 1226 2085 οὐκ
1251 2055 1321 2093 ἦσαν
1337 2058 1399 2085 Θεοὶ
1426 2058 1530 2093 Μωσῆς
1551 2066 1582 2085 τε
1608 2058 1655 2084 καὶ
1681 2058 1799 2093 Ἀαρὼν,
1813 2058 1870 2084 οῦκ

1081 2103 1134 2138 μὴν
1156 2103 1280 2139 ἀναφορᾷ
1303 2103 1382 2132 Θεοῦ,
1398 2121 1408 2131 .
1423 2122 1431 2130 .
1449 2124 1454 2130 .
1473 2124 1478 2130 .
1495 2122 1503 2130 .
1521 2124 1528 2132 .
1546 2123 1553 2130 .
1583 2103 1627 2130 διὰ
1650 2104 1810 2138 προφητῶν,
1826 2104 1869 2129 τοῦ

1080 2150 1151 2176 κατὰ
1175 2150 1265 2186 σάρκα
1287 2150 1404 2186 Ἰσραήλ.
1423 2148 1491 2177 Εῐτα
1506 2149 1664 2185 προσῄεσαν
1682 2150 1811 2184 λέγοντες
1836 2150 1872 2183 τῷ

1079 2196 1215 2232 θεσπεσίῳ
1238 2197 1384 2232 Σαμουήλ·
1405 2207 1414 2223 ι
1441 2197 1557 2231 Ποίησον
1572 2197 1638 2232 ἡμῖν
1661 2197 1785 2231 βασιλέα,
1803 2196 1872 2223 καοᾶ

1080 2242 1128 2268 καὶ⁸
1147 2241 1182 2268 τὰ
1202 2241 1283 2268 λοιπὰ
1310 2242 1385 2278 ἔθνη.
1411 2251 1421 2268 ι
1441 2242 1513 2278 Πρὸς
1532 2242 1619 2269 ταῦτα
1643 2243 1872 2277 κατεπικραίνετο

1079 2289 1127 2315 καὶ
1147 2289 1249 2325 σφόδρα
1274 2289 1386 2321 εἰκότως
1412 2289 1426 2315 ὁ
1451 2289 1687 2324 πνευματοφόρος,
1713 2287 1772 2314 ἀλλ’
1791 2289 1872 2323 ἤκουε

1076 2335 1123 2362 ’τοῦ
1137 2335 1204 2362 Θεοῦ
1224 2335 1360 2369 λέγοντος·
1380 2344 1389 2361 ι
1407 2335 1444 2361 Οὐ
1460 2334 1489 2361 σὲ
1505 2334 1728 2369 ὲξουθενήκασιν,
1742 2333 1800 2360 ἀλλ’
1813 2334 1871 2368 ἐμὲ,

1075 2380 1123 2407 τοῦ
1153 2381 1191 2416 μὴ
1218 2380 1370 2416 βασιλεύειν
1399 2381 1442 2407 ἐπ’
1465 2380 1573 2411 αὐτούς.
1595 2389 1605 2406 ι
1634 2379 1700 2406 Ἰδοὺ
1727 2379 1761 2416 δὴ
1782 2380 1873 2406 πᾶλιν.

1076 2427 1192 2454 κάνθάδε
1208 2426 1300 2461 σαφῶς
1317 2428 1330 2453 ό
1346 2426 1396 2461 τῆς
1411 2426 1609 2463 ὲξουθενήσεως
1628 2426 1731 2461 τρόπος
1752 2427 1793 2456 εἰς
1810 2425 1873 2452 Θεὸι

1077 2472 1134 2508 ἐχει
1155 2473 1204 2507 τὴν
1221 2473 1371 2508 ἀναφοράν.
1395 2473 1450 2499 Καὶ
1465 2473 1517 2508 μὴν
1539 2472 1586 2499 καὶ
1604 2473 1687 2504 αὐτὸς
1701 2473 1715 2498 ό
1736 2472 1792 2498 τῶν
1808 2471 1874 2498 ὅλων

1078 2519 1174 2555 Σωτὴρ
1193 2520 1240 2546 καλ⁸
1252 2519 1354 2555 Κύριος
1370 2519 1434 2554 περὶ
1453 2519 1508 2546 τῶν
1522 2518 1551 2545 ὲν
1566 2519 1656 2554 ὲνδειᾳ
1670 2518 1770 2554 φησίν·
1783 2526 1794 2543 ‹
1819 2516 1872 2550 Ἐφ’

1077 2565 1139 2592 ὅσον
1165 2565 1311 2600 ἐποιήσατε
1342 2564 1382 2591 ἑνὶ
1405 2564 1509 2590 τούτων
1531 2563 1586 2590 τῶν
1612 2563 1781 2598 ἐλαχίστων,
1815 2561 1873 2596 ipsi

1077 2611 1236 2646 ἐποιήσατε.
1261 2621 1271 2637 ι
1292 2609 1355 2646 ⁷Αρ¹
1373 2608 1419 2637 οὖν
1435 2610 1507 2637 κατὰ
1530 2609 1625 2637 τοῦτον
1649 2609 1695 2636 τὸν
1714 2609 1831 2645 τρόπον,
1850 2607 1874 2633 εἴ

1076 2666 1118 2689 τις
1136 2657 1241 2692 λέγοιτο
1254 2657 1395 2693 τιμᾷν’τὸν
1410 2658 1442 2684 ὲκ
1464 2656 1623 2692 σπέρματος
1638 2656 1732 2687 Δασὶδ,
1750 2655 1791 2690 τῷ
1815 2654 1873 2688 Υίῷ

1076 2704 1230 2738 πεποίηκε;
1253 2703 1305 2730 κᾶν
1331 2703 1355 2729 εί
1383 2703 1420 2738 μὴ
1445 2703 1618 2735 πιστεύσειε,
1646 2703 1872 2738 προσκέκρουκεν

1075 2751 1218 2786 ἀραρότως
1233 2750 1272 2785 τῷ
1287 2750 1358 2777 κατὰ
1376 2750 1456 2784 φύσιν
1481 2749 1548 2784 Υἱῷ,
1571 2749 1704 2784 τιμᾶσθαι
1726 2749 1797 2784 τάχα
1819 2756 1871 2774 που

1076 2797 1123 2822 καὶ
1149 2796 1230 2823 αὐτόν
1259 2796 1394 2828 ἐθέλοντι,
1420 2797 1465 2823 καὶ
1487 2795 1665 2822 πιστεύεσθαι
1696 2795 1764 2831 πρὸς
1788 2795 1871 2830 ἡμῶν

548 2885 570 2900 ⁸⁵
587 2884 669 2912 Exod.
687 2892 742 2917 tm,
757 2884 783 2911 8.
822 2885 844 2901 ⁸⁵
863 2883 872 2910 l
888 2883 952 2919 lleg.
971 2892 1028 2917 vm,
1045 2884 1098 2912 4-6.
1138 2886 1160 2900 ⁸⁵
1177 2884 1271 2913 Matth.
1290 2893 1352 2919 xxv,
1370 2885 1414 2913 40.
