1927 3036
92 164 159 192 1285

651 163 745 198 QUOD
765 163 858 192 UNUS
879 162 931 190 SIT
951 163 1135 193 CHRISTUS.

1644 170 1711 199 1586

89 223 155 250 κατὰ
177 222 222 249 τὸν
247 223 304 250 ἶσον
328 224 375 251 καὶ
400 224 618 261 ἀπαραλλάκτως
641 222 741 259 ἔχονταί
763 224 861 258 τρόπον

925 223 1023 257 polleat
1047 224 1072 251 id
1097 224 1168 259 quod
1184 229 1305 252 creatum
1326 230 1377 258 est,
1405 231 1434 254 et
1461 226 1531 255 Dens
1553 234 1667 260 recens,
1684 232 1712 254 ut

89 269 150 297 Εἶτα
171 270 228 302 πῶς
251 270 280 297 οὐ
304 271 415 305 γέγονεν
439 272 559 307 ἰσότιμον
578 271 626 306 μὲν
642 270 681 305 τῷ
699 270 816 305 δεσπότῃ
839 270 871 295 τὸ

88 316 192 347 δοῦλον,
216 317 245 341 ὲν
263 316 411 352 ὑπεροχαῖς
430 317 458 344 δὲ
475 317 601 352 θεότητος
622 316 652 342 τὸ
674 316 869 350 πεποιημένον,

87 362 130 388 καὶ
144 361 208 393 Θεὸς
219 362 385 396 πρόσφατος,
399 363 470 389 κατὰ
481 363 530 394 τὰς
546 363 671 398 Γραφάς;
692 362 871 396 ὲπενήνεκται

85 407 112 434 δὲ
126 407 157 442 τῇ
171 406 236 442 ἁγίᾳ
255 407 302 433 καὶ
315 407 451 443 ὀμοουσίῳ
463 407 559 443 Τριάδι
586 407 616 433 τὸ
638 406 780 440 ἀνισοφυὲς
800 405 868 440 αὑτῇ

86 453 128 480 καὶ
152 453 200 479 σὺν
215 453 282 487 αὐτῇ
301 453 537 488 προσκυνούμενον
551 473 559 486 ,
585 452 632 479 καὶ
652 452 701 487 τῆς
721 451 782 486 ἴσης
800 451 868 486 αὑτῇ

86 497 225 526 κοινωνοῦν
237 498 377 532 εὑκλείας;

73 568 75 572 τ
118 545 146 571 Β.
166 545 233 571 Φασὶ
248 544 297 580 τὴν
318 545 457 581 ἀναφορὰν
478 544 549 572 κατὰ
572 544 672 572 τοιόνδε
692 543 754 570 τινὰ
770 543 868 578 χρῆναι

85 589 267 624 λαμὸάνεσοαι
293 590 404 626 τρόπον.
437 591 607 622 Ἐννοοῦντες
628 590 681 625 γὰρ
708 589 752 616 τὸν
775 588 813 623 τῷ
836 588 869 614 ὲκ

86 636 236 671 σπέρματος
261 636 343 663 Δαῦὶδ
362 637 521 672 ὰχωρίστως
544 636 714 671 συναφθέντα
734 635 799 662 Θεὸν
817 634 869 662 Λό-

86 690 138 715 γον,
154 681 361 718 προσκυνοῦμεν
373 683 411 714 ὡς
426 682 502 709 Θεόν.

116 727 146 754 Λ.
168 724 230 762 ⁷Δρ¹
253 725 299 754 οὖν
322 728 430 763 ἀπόχρη
457 728 523 763 πρὸς
540 728 571 755 τὸ
589 728 644 754 δεῖν
663 726 737 762 αὑτῷ
761 726 811 762 τὴν
830 726 868 762 τῷ

85 771 139 807 Θεῷ
162 772 319 807 πρέπουσαν
344 773 423 805 δόξαν
447 773 528 804 ἑλεῖν,
545 773 592 799 καὶ
612 773 667 799 τῶν
688 772 738 807 τῆς
753 772 868 803 κτίσεως

85 817 281 852 ὑπερφέρεσθαι
295 819 411 853 μέτρων,
423 818 453 845 τὸ
470 819 602 852 συνῆφθαι
619 818 698 853 μόνον
715 816 804 852 αὐτῷ,
821 817 868 844 καὶ

84 863 156 889 τοῦτο
170 865 354 900 προσκυνητὸν
380 865 425 890 τὸν
449 865 498 891 οὐκ
524 865 588 891 ὂντα
611 864 677 890 Θεὸν
700 864 864 899 ὲργάσεται;

924 268 1063 303 Scriptura
1092 274 1207 297 testatur
1227 270 1275 296 "‘I
1296 272 1444 300 Asciscitur
1456 280 1520 300 vero
1539 273 1565 300 iu
1587 279 1711 301 sanctam

921 320 949 342 et
962 316 1219 344 consubstantialem
1235 317 1397 345 Trinitatem
1414 319 1439 346 id
1454 319 1526 353 quod
1543 319 1658 346 diversa:
1678 320 1711 347 ab

921 369 952 388 ea
967 367 1072 389 natura:
1086 367 1137 394 est,
1156 370 1266 398 unaque
1282 371 1343 391 cum
1354 371 1385 391 ea
1407 365 1537 392 adorator
1550 386 1559 398 ο
1585 373 1708 393 commu-

922 413 1038 442 nemque
1051 411 1079 435 ct
1090 415 1183 443 parem
1199 416 1261 436 eum
1276 416 1308 435 ea
1324 409 1437 444 gloriam
1452 409 1554 438 habet?

955 538 986 568 Β.
1007 539 1092 566 Aiunt
1102 539 1172 567 hanc
1195 540 1352 568 relationem
1375 540 1565 575 hujuscemodi
1588 543 1705 577 quadam

920 585 1023 613 ratione
1038 585 1125 620 accipi
1140 586 1248 613 debere.
1264 586 1420 615 Statueutes
1437 589 1509 615 enim
1524 589 1587 616 huic
1601 590 1647 624 qui
1665 596 1707 617 cst

919 639 952 658 ex
976 632 1079 659 semine
1101 631 1185 659 David
1214 632 1431 667 inseparabiliter
1457 635 1612 670 copulatum
1645 643 1706 664 esse

920 676 1004 704 Deum
1023 677 1152 710 Verbum,
1171 678 1317 706 adoramus
1332 685 1361 707 ut
1383 679 1478 708 Deum.

954 723 1077 758 A.Atqui
1096 723 1230 752 sul'ﬁcitne
1243 725 1294 753 hoc
1311 726 1345 753 ad
1357 726 1528 755 deferendam
1544 727 1580 755 illi
1591 728 1703 763 gloriam

918 776 977 804 qua:
993 769 1046 797 Deo
1057 770 1203 803 convenit,
1233 776 1261 798 et
1283 771 1316 798 ad
1340 779 1401 799 eum
1426 772 1494 800 ultra
1517 779 1705 801 creaturarum

917 815 1100 842 conditionem
1111 815 1289 848 evellendam,
1302 816 1372 851 quod
1391 817 1551 852 conjunctus
1561 819 1585 846 ei
1599 824 1704 846 tantum

916 861 961 893 sit,
981 861 1062 895 idque
1076 861 1240 888 aclorabilem
1257 869 1318 889 eum
1334 861 1415 889 faciet
1430 864 1474 897 qui
1491 864 1592 891 nonsit
1608 864 1679 891 Deus
1693 864 1705 891 ’Ξ

85 909 137 935 ἀλλ’
152 909 271 944 εὑρίσκω
286 909 346 936 τινὰ
357 910 395 945 τῷ
412 910 470 946 Θεῴ
486 910 598 945 λέγοντα
612 910 656 936 διὰ
670 910 717 945 τῆς
730 910 777 936 τοῦ
791 910 861 936 Ψάλη

916 906 951 932 At
968 906 1073 940 reperio
1088 906 1232 940 quemdam
1252 913 1302 940 per
1327 905 1478 934 Psalmista:
1496 906 1582 942 lyram
1607 909 1703 935 dicen-

84 955 167 986 λοντος
179 955 262 989 λύρας
275 964 280 970 ·
303 966 313 981 ι
334 956 480 992 Ἐκολλήθη
497 957 513 992 ὴ
530 957 601 992 ψυχή
619 965 667 991 μου
681 956 767 982 ὀπίσω
782 964 838 982 σου.
853 965 861 981 ι

84 1001 177 1035 Γράφει
194 1001 222 1027 δὲ
236 1002 281 1028 καὶ
302 1002 315 1028 6
334 1003 466 1037 μακάριος
481 1002 601 1033 Παῦλος·
618 1012 627 1028 ι
651 1003 679 1028 ὐ
697 1001 865 1036 κολλώμενος

83 1047 117 1082 τῷ
127 1046 229 1082 Κυρίῳ,
241 1047 269 1073 ἓν
283 1047 390 1083 πνεῦμά
404 1049 487 1075 ὲστιν.
508 1058 518 1074 ι
531 1045 595 1084 7Ap‘
603 1045 659 1080 οὖν,
680 1048 740 1074 εἰπέ
753 1056 808 1082 μοι,
818 1047 865 1074 καὶ

83 1093 183 1124 τούτους
203 1094 328 1129 ἀναφορᾷ
347 1095 414 1121 Θεοῦ
428 1095 664 1130 προσκυνήσομεν,
679 1094 716 1126 ὡς
736 1094 865 1129 κεκολλη-

84 1140 171 1174 μένους
187 1140 281 1175 αὑτῷ;
308 1141 404 1167 Καίτοι
423 1141 470 1167 τοῦ
494 1141 629 1176 συνῆφθαι
643 1141 741 1175 λέγειν,
762 1141 792 1167 τὸ
815 1141 864 1176 τῆς

82 1185 227 1220 κολλήσεως
248 1185 341 1220 ὄνομα,
365 1185 475 1221 μείζονά
494 1194 544 1212 που
564 1186 671 1218 πάντως
687 1186 734 1212 καὶ
758 1185 861 1218 ἀξιολο-

81 1231 195 1265 γωτέραν
209 1231 261 1265 τὴν
283 1230 401 1266 ἔμφασιν
424 1230 497 1266 ἔχει·
513 1231 593 1266 εἴπερ
609 1232 683 1258 ἐστὶν
705 1231 802 1266 ἀληθὲς
824 1232 862 1257 εί·

82 1279 145 1308 πεῖν,
161 1277 197 1308 ὡς
214 1277 244 1303 τό
257 1283 313 1304 τισι
330 1276 509 1312 κολλώμενον,
528 1278 556 1305 ὲν
576 1279 699 1304 ἐπιτάσει
714 1277 796 1314 πολλῇ
814 1278 863 1313 τὴν

83 1322 220 1356 συνάφειαν
238 1322 306 1358 ἔχει.

114 1368 140 1395 Β.
163 1369 280 1395 Ἔοικεν.

76 1415 81 1419 ’
112 1415 140 1442 A.
167 1415 290 1441 Ἀνοὸτου
317 1414 345 1441 δὲ
369 1415 402 1451 δὴ
425 1415 558 1450 παρέντες
574 1416 624 1450 τὴν
641 1416 747 1447 ἕνωσιν,
773 1416 860 1442 καίτοι

83 1461 166 1496 φωνὴν
183 1459 266 1488 οὖσαν
288 1461 399 1496 εὐτριῧῆ
423 1462 488 1497 παρ’
505 1462 570 1496 ἡμῖν
596 1462 696 1493 αὐτοῖς,
717 1461 815 1496 μᾶλλον
832 1461 860 1488 δὲ

83 1505 124 1532 καὶ
137 1507 168 1532 ὲκ
179 1505 233 1532 τῶν
246 1506 332 1540 ἁγίων
346 1506 475 1541 Πατέρων
489 1506 705 1533 καταϐαίνουσαν
720 1508 759 1537 είς
776 1507 858 1542 ἡμᾶς,

84 1550 220 1586 συνάφειαν
236 1551 415 1595 ὀνομάζουσι;
433 1551 529 1578 Καίτοι
547 1553 642 1587 συγχεῖ
659 1552 706 1586 μὲν
726 1552 742 1587 ἠ
765 1552 860 1584 ἓνωσις
874 1567 894 1595 c

81 1596 197 1632 οὐδαμῶς
212 1597 247 1624 τὰ
271 1598 331 1624 καθ’
346 1594 382 1624 ὧν
397 1598 430 1625 ἂν
446 1598 560 1632 λέγοιτο,
574 1598 736 1625 διιδείκνυσι
750 1598 778 1625 δὲ
791 1599 859 1632 μᾶλ-

80 1642 119 1668 λον
134 1643 180 1678 τὴν
197 1644 237 1675 είς
260 1643 290 1669 ἕν
309 1651 334 1669 τι
359 1643 512 1679 συνδρομὴν
537 1643 590 1671 τῶν
607 1643 727 1679 ἡνῶσθαι
749 1644 859 1679 νοουμέ-

81 1697 137 1716 νων.
152 1689 204 1716 Καὶ
221 1689 282 1724 οὑχί
306 1688 393 1724 πάντη
418 1698 447 1716 τε
466 1690 513 1716 καὶ
534 1689 642 1721 πάντως
657 1689 687 1716 ἓν
705 1689 738 1717 ἂν
757 1689 860 1725 λέγοιτο

82 1734 162 1768 μόνως
176 1734 206 1760 τὸ
220 1733 324 1761 ἁπλοῦν
339 1735 386 1761 καὶ
402 1734 547 1770 μονοειδὲς,
564 1734 632 1761 ἀλλὰ
647 1735 702 1770 γὰρ
719 1736 766 1762 καὶ
780 1735 813 1762 τὰ.
828 1736 860 1763 ὲκ

80 1780 145 1806 δυοῖν
162 1780 177 1815 ἢ
193 1779 325 1807 πλειόνων
340 1779 380 1807 ἐτι
397 1780 446 1807 καὶ
465 1780 494 1813 ἐξ
510 1780 666 1817 έτεροειδῶν
684 1782 857 1817 συγκείμενα.

79 1827 151 1853 Δοκεῖ
172 1827 225 1861 γὰρ
240 1826 326 1858 οὕτως
349 1824 379 1853 εὖ
406 1826 477 1861 ἔχειν
491 1828 547 1858 τοῖς
570 1826 657 1854 ταῦτα
674 1829 774 1862 σοφοῖς.
801 1829 859 1854 Κα-

80 1873 239 1908 κουργότατα
259 1873 348 1900 τοίνυν
373 1872 419 1899 τὸν
445 1873 493 1900 ἕνα
516 1873 565 1899 καὶ
583 1873 662 1907 φύσει
687 1874 733 1900 καὶ
751 1873 859 1909 ἀληθῶς

81 1918 146 1950 Υίὸν,
162 1919 409 1954 ὲνανθρωπήσαντα
424 1920 473 1945 καὶ
489 1919 698 1954 σεσαρκωμένον
710 1920 858 1953 διιστάντες

79 1966 114 1996 εἰς
126 1965 178 1997 δύο,
195 1965 390 2001 παραιτοῦνται
408 1965 457 2000 μὲν
473 1965 522 2001 τὴν
537 1966 644 1998 ἕνωσιν,
661 1967 808 2002 συνάφειαν
829 1968 858 1994 δὲ

79 2010 258 2046 ὀνομάζουσιν,
276 2011 309 2047 ἢν
324 2011 357 2038 ἂν
374 2011 430 2047 ἔχοι
445 2011 527 2046 τυχὸν
546 2012 592 2038 καὶ
612 2012 704 2047 ἕτερός
725 2022 768 2045 τις
790 2013 858 2048 πρὸς

79 2056 147 2090 Θεὸν,
164 2057 200 2089 ὡς
212 2058 242 2089 ἐξ
257 2057 356 2093 ἀρετῆς
371 2057 417 2084 καὶ
433 2056 570 2093 ἁγιασμοῦ
587 2059 726 2093 μονονουχὶ
751 2059 858 2094 συνδού-

80 2110 162 2136 μενος,
177 2103 248 2130 κατά
265 2111 297 2138 γε
311 2103 341 2129 τὸ
357 2103 409 2130 ὑπό
426 2112 471 2130 του
483 2103 538 2130 τῶν
553 2103 701 2139 προφητῶν
715 2103 803 2140 ὀρθῶς
819 2105 858 2131 εξ-

80 2150 198 2183 ρημένυν,
213 2150 270 2181 τοῖς
290 2149 486 2176 ἀναπίπτουσιν
501 2150 541 2180 είς
561 2149 592 2175 τὸ
616 2149 753 2184 ῥᾴθυμον·
772 2150 857 2176 «Συν-

78 2195 170 2231 ἀχθητε
192 2196 239 2223 καὶ
259 2195 412 2231 συνδέθητε,
434 2195 464 2222 τὸ
480 2195 555 2227 έθνος
569 2194 599 2221 τὸ
617 2195 786 2228 ἀπαίδευτον,
805 2196 858 2231 πρὸ

918 957 970 979 tem
989 960 995 977 ε
1015 961 1024 977 ι
1039 951 1229 985 Conglutiuata
1252 957 1293 979 est
1319 954 1408 979 anima
1431 961 1488 981 mea
1507 958 1567 988 post
1585 958 1609 981 te
1624 954 1647 970 ⁸⁸
1663 962 1671 987 ;
1692 964 1700 980 I

915 1003 943 1025 et
961 998 1055 1025 beatus
1071 998 1168 1025 Paulus
1193 998 1228 1025 ita
1252 998 1373 1025 scribit:
1395 1009 1404 1024 ι
1425 998 1474 1032 Qui
1500 1000 1702 1033 conglutinatus

916 1049 956 1070 est
973 1043 1088 1071 Domino
1102 1063 1109 1075 ,
1128 1051 1198 1070 unus
1208 1043 1328 1078 ‘spiritus
1351 1049 1393 1071 est
1414 1045 1458 1072 ιη’.
1484 1055 1493 1071 ι
1517 1046 1595 1073 Anne
1612 1047 1702 1081 igitur.

915 1091 1038 1122 obsecro,
1051 1089 1131 1117 etiam
1148 1089 1199 1116 hos
1211 1089 1385 1117 adorabimus
1399 1096 1521 1124 respectu
1540 1091 1597 1124 Dei,
1611 1096 1703 1126 utpote

915 1136 939 1163 ei
966 1135 1188 1169 conglutiuatos?
1216 1136 1296 1170 Atqui
1331 1137 1572 1172 couglutinationis
1605 1145 1701 1165 nomen

915 1182 1045 1216 majorem
1064 1183 1117 1209 vim
1133 1182 1213 1217 733
1228 1188 1309 1217 atque
1343 1183 1493 1217 emphasitu
1519 1183 1599 1210 habet
1621 1191 1701 1218 quam

915 1227 1123 1261 coujuncliouis.
1141 1227 1281 1261 Siquidem
1300 1234 1363 1255 vere
1380 1228 1489 1261 dicitur,
1508 1228 1529 1255 si
1544 1229 1609 1263 quid
1623 1229 1700 1255 alteri

913 1274 1029 1309 cuipiam
1042 1273 1260 1308 conglutinatqu
1272 1280 1324 1306 est,
1344 1274 1532 1301 vehementem
1547 1275 1571 1302 ei
1583 1280 1701 1302 arctam-

913 1328 966 1356 que
978 1328 1040 1348 cum
1054 1320 1099 1347 illo
1111 1319 1329 1354 cmnjunctionem
1345 1320 1522 1348 intercedere.

948 1366 978 1393 B.
995 1367 1032 1393 Ita
1050 1366 1169 1393 videtur.

947 1411 1050 1440 Λίϐυι
1061 1418 1163 1446 autem,
1179 1413 1280 1448 rejecto
1294 1413 1404 1440 nomine
1422 1413 1544 1446 unitatis,
1559 1419 1619 1440 cum
1635 1412 1701 1440 alio-

912 1458 957 1492 qui
971 1459 1006 1486 sit
1031 1458 1158 1485 usitatum
1184 1459 1261 1485 nobis
1277 1459 1354 1494 ipsis,
1378 1459 1432 1486 imo
1458 1466 1521 1486 vero
1559 1467 1573 1486 a
1601 1461 1702 1487 sanctis

914 1504 1036 1531 Pati-ibus
1056 1504 1088 1531 ad
1107 1512 1155 1532 nos
1167 1503 1285 1536 ﬁnxerit,
1301 1504 1520 1539 conjunctiouem
1547 1505 1636 1540 potius
1655 1514 1703 1533 vo-

912 1550 1003 1577 cant?
1030 1550 1111 1584 Atqui
1136 1551 1225 1578 unitas
1254 1558 1422 1584 nequaquam
1445 1551 1586 1578 confundit
1608 1559 1640 1580 ea
1666 1553 1698 1580 dc

915 1596 1014 1630 quibus
1028 1595 1201 1630 praedicatur,
1216 1597 1263 1624 sed
1279 1597 1367 1631 potius
1379 1597 1515 1632 signiﬁcat
1537 1605 1698 1626 concursum

914 1642 940 1670 iu
960 1649 1228 1677 uuumeorum-qua:
1249 1643 1323 1670 unita
1347 1649 1408 1670 esse
1428 1643 1624 1679 intelliguntur.
1648 1645 1701 1672 Sed

913 1694 1002 1722 neque
1021 1688 1047 1714 in
1065 1687 1220 1715 universum
1246 1688 1346 1715 dicitur
1367 1695 1451 1715 unum
1477 1688 1649 1716 solummodo
1673 1689 1700 1716 id

913 1733 983 1768 quod
1002 1733 1115 1767 simplex
1129 1738 1180 1765 est,
1194 1737 1274 1767 atque
1289 1734 1368 1761 unius
1383 1733 1494 1768 speciei,
1511 1742 1607 1761 verum
1617 1735 1701 1762 etiam

913 1785 945 1805 ea
963 1785 1024 1812 quae
1043 1785 1076 1805 ex
1098 1778 1203 1805 dttobus
1233 1781 1280 1805 aut
1304 1778 1386 1805 etiam
1417 1778 1542 1813 pluribus
1557 1779 1639 1806 etiam
1661 1779 1702 1807 di-

912 1831 1053 1851 versarum
1073 1824 1225 1858 specierum
1241 1824 1390 1858 composita
1409 1829 1481 1851 sunt.
1504 1825 1542 1851 lta
1556 1825 1628 1852 enim
1643 1829 1701 1853 sta-

914 1875 992 1898 tuunt
1010 1870 1106 1896 harum
1121 1877 1210 1896 rerum
1223 1870 1322 1904 ’periti.
1344 1870 1604 1899 Fraudulentissime
1619 1872 1701 1907 igitur

913 1923 995 1942 unum
1011 1919 1038 1942 et
1055 1919 1151 1950 natura
1177 1919 1205 1941 et
1231 1921 1294 1941 vere
1318 1915 1415 1941 Filium
1437 1916 1573 1943 hominem
1595 1917 1698 1944 factum

913 1964 994 1994 atque
1013 1959 1182 1986 incarnatum
1203 1958 1401 1994 distinguentes
1419 1960 1446 1987 in
1468 1961 1531 1993 duo,
1563 1962 1696 1990 unitatem

912 2006 1021 2040 quidem
1045 2005 1217 2038 detrectant,
1245 1995 1464 2041 conjunctionem
1486 2015 1551 2035 vero
1576 2013 1696 2042 vocant,

912 2059 993 2086 quam
1007 2051 1121 2079 fortasse
1135 2051 1216 2078 etiam
1231 2051 1299 2078 alius
1315 2052 1448 2086 quispiam
1463 2060 1523 2080 cum
1541 2054 1596 2081 Deo
1605 2054 1697 2088 habet,

912 2102 1006 2133 utpote
1022 2097 1120 2124 virtute
1138 2105 1170 2125 ac
1184 2098 1400 2126 sanctiﬁcatione
1422 2102 1583 2126 tantumnon
1601 2099 1698 2128 ei'eol-

912 2144 1022 2178 ligatus,
1036 2144 1112 2179 juxta
1132 2143 1196 2171 illud
1212 2149 1287 2171 recte
1299 2151 1313 2170 a
1328 2144 1469 2179 prophetia
1484 2145 1586 2172 dictum
1603 2146 1635 2174 iis
1651 2147 1697 2181 qui

911 2191 944 2217 ad
967 2190 1099 2224 ignaviam
1117 2190 1318 2217 devolvuntur:
1335 2199 1343 2216 ι
1363 2190 1581 2226 Congregamini,
1597 2197 1623 2219 et
1642 2193 1697 2219 col-

77 2241 119 2268 τοῦ
133 2242 257 2276 γενέσθαι
278 2243 350 2278 ὑμᾶς
373 2242 410 2274 ὡς
426 2241 506 2273 ἄνθος
526 2241 742 2277 παρερχόμενον.
763 2251 772 2267 ι
792 2242 857 2269 Συν-

915 2236 1046 2270 ligamini,
1064 2245 1130 2272 gens
1146 2237 1282 2272 imperita,
1296 2242 1439 2272 antequam
1456 2236 1527 2264 ﬁalis
1545 2244 1592 2265 vos
1606 2243 1636 2265 ut
1647 2237 1696 2266 llos

78 2286 182 2314 ἅπτοιτο
194 2288 216 2315 δ’
237 2288 269 2316 ἂν
297 2289 343 2315 καὶ
368 2287 491 2323 μαθητὴς
514 2287 666 2323 διδασκάλῳ
690 2288 760 2315 κατά
775 2296 807 2322 γε
830 2288 861 2315 τὸ

77 2334 228 2369 φιλομαθὲς,
245 2334 292 2361 καὶ
307 2335 388 2370 ἡμεῖς
404 2334 537 2370 ἀλλήλοις,
554 2334 584 2360 οὐ
607 2334 668 2360 καθ’
683 2333 731 2360 ἕνα
746 2334 858 2370 τρόπον,

80 2379 137 2406 ἰλλὰ
152 2380 274 2411 πολλούς.
295 2380 330 2406 Ἦ
347 2380 416 2414 τάχα
431 2388 482 2406 που
501 2380 548 2406 καὶ
563 2380 578 2406 ὁ
591 2378 668 2406 τοῦδέ
690 2387 762 2411 τινος
787 2379 859 2415 πρά·

76 2433 170 2460 γματος
193 2425 338 2460 ὑπουργὸς.
356 2426 406 2452 οὐκ
430 2424 571 2460 ὰσυναφὴς
596 2425 667 2452 κατὰ
686 2425 715 2452 τὸ
736 2425 859 2452 ἑκούσιον

75 2471 147 2498 νοοῖτ“
161 2471 193 2499 ἂν
209 2471 321 2503 είκότως
337 2471 375 2506 τῷ
390 2471 499 2498 λαὸόντι
514 2471 582 2506 πρὸς
598 2471 759 2507 ὑπουργίαν.
780 2471 812 2498 Ὃ
827 2471 855 2498 δὲ

66 2509 170 2550 ipsum
186 2517 274 2543 ἔοικεν
288 2517 304 2552 ἡ
316 2516 392 2552 παρὰ
402 2517 456 2543 τῶν
467 2517 635 2552 καινοτόμων
645 2518 712 2552 ἡμῖν
725 2517 856 2552 συνάφεια

66 2558 174 2598 ίδηλοῦν.
200 2562 333 2589 Διεπὺθου
359 2562 413 2598 γὰρ
437 2563 644 2598 διατεινομένων
670 2563 793 2598 ἀμαθῶς,
815 2564 856 2590 ὅτι

66 2602 158 2638 Ιλαΰὼν
173 2608 326 2644 ἄνθρωπον,
340 2608 377 2640 ὡς
390 2608 482 2644 ἕτερόν
496 2617 557 2635 τινα
572 2608 637 2644 παρ’
655 2608 749 2636 ἑαυτὸν
771 2609 827 2636 υίὸν
843 2610 857 2636 6

74 2651 134 2683 Θεὸς
153 2653 247 2687 Λόγος,
266 2653 401 2688 ὑπουργὸν
420 2653 515 2688 ὥσπερ
537 2654 598 2681 τινὰ
625 2654 680 2680 τῶν
702 2655 798 2681 ἑαυτοῦ
815 2655 858 2681 θε-

74 2695 196 2730 λημάτων
215 2698 355 2733 ἀπέφηνεν
370 2698 460 2730 αὑτὸν,
477 2698 547 2725 ὥστε
569 2699 615 2725 καὶ
628 2699 743 2726 θανάτου
761 2701 858 2734 πεῖραν

75 2741 149 2775 ἑλεῖν,
168 2743 314 2770 ἀναϐιῶναί
330 2752 370 2775 τε,
386 2744 481 2773 καὶείς
494 2744 575 2770 αὑτὸν
590 2744 733 2770 ἀνελθόντα
753 2745 797 2771 τὸν
811 2745 857 2771 οὑ-

77 2787 160 2821 ρανὸν,
175 2789 231 2820 τοῖς
250 2789 298 2824 τῆς
315 2789 433 2824 ἀρρήτου
457 2788 582 2824 θεότητος
607 2789 728 2824 ὲνιζῆσαι
751 2789 854 2822 θάκοις.

910 2282 1067 2317 praeteriens
1086 2283 1119 2309 δ’.
1157 2282 1336 2317 Coujungitur
1360 2291 1423 2310 vero
1441 2284 1522 2311 etiam
1547 2285 1696 2320 discipulus

909 2328 1042 2363 magistro
1060 2329 1164 2356 ratione
1178 2329 1322 2356 docilitatis
1335 2338 1342 2363 ;
1353 2334 1381 2356 et
1395 2337 1444 2357 nos
1461 2329 1530 2357 alter
1545 2330 1622 2357 alteri
1640 2338 1692 2357 non
1716 2347 1719 2352 ι

908 2381 962 2400 ιιιιο
979 2375 1069 2406 modo,
1099 2375 1145 2402 sed
1170 2375 1303 2410 pluribus.
1333 2375 1366 2402 Et
1379 2375 1424 2410 qui
1454 2375 1568 2409 alicujus
1592 2377 1694 2412 negotii

907 2419 1015 2455 adjutor
1029 2425 1086 2453 est,
1113 2428 1166 2448 non
1189 2426 1278 2455 potest
1297 2422 1394 2450 merito
1414 2422 1564 2457 disjunctus
1586 2423 1693 2451 censeri

908 2466 1014 2494 ratione
1030 2467 1178 2494 voluntatis
1205 2468 1239 2495 ab
1262 2475 1295 2495 eo
1320 2469 1364 2503 qui
1388 2469 1475 2503 ipsum
1493 2469 1518 2496 in
1538 2469 1691 2504 adjut0rem

910 2512 1023 2547 accepit.
1040 2512 1097 2540 Hoc
1108 2518 1197 2540 autem
1211 2514 1300 2548 potius
1314 2514 1421 2543 videtur
1431 2515 1488 2544 haec
1502 2516 1691 2543 innovatorum

909 2559 1065 2594 coniunctio
1090 2558 1254 2594 signiﬁcare.
1278 2560 1385 2588 Audisti
1409 2562 1480 2589 enim
1495 2569 1542 2590 eos
1569 2563 1693 2597 imperite

910 2603 1104 2632 contendentes
1117 2624 1124 2636 ,
1141 2604 1210 2638 quod
1225 2604 1294 2632 Deus
1312 2604 1440 2640 Verbum,
1460 2613 1571 2642 accepto
1585 2608 1692 2635 homine

909 2654 1036 2685 tanquam
1051 2649 1105 2677 alio
1124 2649 1240 2684 quodam
1257 2657 1289 2677 ac
1310 2650 1417 2678 diverso
1436 2659 1451 2678 a
1474 2659 1503 2680 se
1520 2653 1585 2686 ﬁlio,
1610 2652 1692 2680 veluti

908 2696 1058 2731 adiutorem
1089 2695 1233 2731 quemdam
1262 2701 1343 2730 atque
1355 2702 1544 2725 exsecutorem
1568 2706 1624 2726 suae
1646 2705 1692 2725 vo-

906 2743 1019 2770 luntatis
1033 2743 1120 2778 ipsum
1136 2742 1289 2774 constituit,
1303 2742 1337 2769 ita
1355 2747 1385 2769 ut
1407 2747 1434 2768 et
1449 2748 1563 2770 mortem
1578 2744 1666 2771 obiret
1681 2763 1690 2776 ,

907 2794 935 2817 et
951 2788 1135 2822 revivisceret,
1153 2792 1235 2823 atque
1250 2788 1277 2816 in
1295 2787 1392 2816 cadum
1414 2788 1527 2822 relatus,
1547 2788 1691 2818 ineﬁabilis

105 2875 129 2893 "’
143 2878 215 2906 Psal.
231 2878 368 2913 Lxxx,10.
408 2878 430 2894 ⁸⁸
445 2877 507 2906 Psal
522 2886 589 2911 ιλιι,
609 2877 635 2906 9.
675 2877 708 2894 ’θ’
722 2877 731 2904 l
745 2878 807 2906 Cor.
842 2886 857 2906 v

915 2879 936 2905 7.
975 2878 997 2895 ⁸⁸
1015 2877 1134 2914 Sophon.
1152 2885 1182 2912 ιι,
1199 2878 1224 2911 1,
1239 2878 1266 2905 2.
