1927 3036
225 165 292 196 1237

733 162 762 189 S.
783 161 918 189 CYlllLLl
940 161 1172 190 ALEXANDBINI
1193 161 1350 190 ARCHIEP.

1799 162 1812 189 Ι
1818 163 1865 191 ξεε

223 226 335 254 deitatis
349 225 419 253 solio
435 223 575 252 insideret.
598 221 695 248 Nonne
713 221 785 248 enim
802 229 835 248 cx
852 221 895 248 his
920 221 1011 249 verbis

1081 223 1101 249 Η
1113 222 1167 257 γὰρ
1183 222 1243 258 οὐχὶ
1264 223 1353 258 πάντη
1377 231 1406 248 τε
1425 222 1470 248 καὶ
1493 221 1600 254 πάντως
1621 222 1667 248 διὰ
1688 222 1800 248 τούτων
1815 222 1866 247 τῶν

223 273 348 299 diversus
365 272 444 306 plane
458 269 579 297 cernitur
607 268 640 294 ab
670 273 702 294 eo
725 267 770 301 qui
802 271 842 294 est
859 271 955 294 natura
986 271 1014 294 et

223 325 288 345 vcre
305 318 412 344 Filius?

260 363 290 390 Β.
305 363 432 391 Omnino.

261 409 295 437 Δ.
312 409 345 435 At
361 415 420 435 cum
442 405 526 433 semel
548 412 581 432 co
605 403 749 432 dementia:
776 404 957 436 devenerint,
985 408 1015 430 ut

225 453 385 481 existiment
414 456 497 484 atque
511 454 636 477 asseram
651 456 704 476 non
731 449 819 482 ipsum
844 449 1013 483 unigenitum

226 500 272 527 Dei
306 498 423 526 Verbum
455 496 541 524 nostri
569 495 685 523 similem
714 494 815 522 factum
833 495 940 527 fuisse,
967 495 1013 522 sed

225 544 362 572 hominem
385 543 544 576 sumpsisse,
574 548 706 576 quonam,
726 540 852 572 obsecro,
870 541 952 568 modo
971 548 1014 568 as-

224 590 406 625 sumptionem
437 589 507 616 hanc
535 596 550 614 a
575 588 652 615 nobis
677 587 788 621 intelligi
811 587 924 613 volunt"
938 587 1015 613 Anne

224 642 252 664 ut
287 637 415 663 edoctum
441 642 474 662 ac
508 634 680 668 designatum
707 633 742 660 ab
781 633 840 666 ipso
869 632 902 658 ad
938 639 1017 659 exse-

224 683 360 717 quendum
376 681 477 714 aliquid
506 680 576 715 quod
597 681 646 715 ipsi
671 679 792 714 placeret
808 687 816 705 :
831 678 944 712 perinde
959 677 1017 705 fere

225 735 307 763 atque
333 735 380 763 per
399 727 541 761 quemdam
575 733 607 753 ex
641 725 744 752 sanctis
783 723 923 759 prophetis
949 724 1017 750 dici-

227 781 277 802 tur
294 785 300 802 :
325 783 334 799 I
351 774 384 801 Et
401 773 469 800 dixit
485 772 614 799 Dominus
629 772 662 798 ad
687 778 729 798 me
745 779 751 797 :
771 769 860 802 Vade,
886 770 1015 804 propheta

226 820 308 855 73a.
333 820 364 846 ad
389 818 514 853 populum
537 825 628 844 meum
647 816 729 844 Israel
744 816 787 842 9"‘1
803 824 812 840 ι
832 816 870 842 Ex
894 816 1017 850 caprario

226 866 298 892 enim
317 865 475 899 prophetam
503 862 613 895 cﬁecit,
637 867 665 889 ct
692 862 884 889 mandatorum
904 868 1015 888 suorum

230 915 419 938 exsecutorem
439 909 601 945 designavit.

264 956 293 982 Β.
321 955 445 982 Dixerint
468 954 584 982 fortasse
612 961 664 981 non
696 954 748 981 hac
775 960 887 988 prorsus
912 953 1018 980 ratione

229 1002 326 1029 factam
344 1008 404 1028 esse
422 1001 647 1034 assumptionem,
665 1000 712 1026 sed
739 999 776 1026 ita
799 1004 829 1026 ut
854 998 1017 1033 intelligitur

229 1055 244 1075 a
261 1047 340 1075 nobis
353 1046 418 1074 illud
440 1053 448 1073 :
475 1055 484 1072 ι
502 1046 628 1073 Formam
642 1046 712 1072 servi
725 1045 863 1080 accipiens
875 1045 909 1071 ⁹¹.
930 1054 938 1070 ι

264 1095 297 1122 Α.
327 1094 397 1128 Ergo
420 1093 570 1120 secundum
597 1091 728 1118 unitatem
756 1090 931 1122 indivulsain,
956 1097 1020 1124 pro-

229 1140 319 1174 prium
334 1138 434 1164 factum
450 1144 512 1164 esse
529 1137 554 1163 id
571 1137 643 1170 quod
672 1140 810 1170 sumptum
834 1140 876 1162 est
896 1135 954 1169 ejus
974 1135 1020 1169 qui

231 1185 346 1219 accepit,
365 1185 460 1210 merito
476 1183 630 1210 censebitur
649 1191 655 1208 ;
674 1183 710 1209 ita
731 1186 760 1209 ut
782 1187 810 1209 et
836 1182 907 1208 Deus
923 1182 959 1208 sit
976 1180 1020 1208 Je-

231 1239 286 1262 sus,
301 1235 330 1257 et
355 1229 409 1256 vcri
428 1228 473 1256 Dei
495 1228 589 1261 Filius,
606 1235 744 1262 unumque
769 1234 801 1254 ac
815 1228 904 1254 solum
936 1231 966 1254 ut
988 1235 1021 1254 ex

233 1278 287 1304 Deo
302 1276 383 1303 Patre
399 1275 515 1302 Verbum
529 1283 536 1307 ;
561 1275 668 1309 genitus
687 1274 796 1309 quidem
814 1274 944 1301 divinitus
959 1278 1022 1300 ante

231 1322 321 1349 omnia
336 1321 434 1348 saecula
450 1324 478 1347 et
493 1325 626 1354 tempora,
640 1319 796 1346 novissimis
810 1324 900 1346 autem
924 1318 1015 1346 saeculi

233 1368 398 1403 temporibus
415 1367 484 1394 idem
500 1366 646 1393 secundum
660 1373 767 1392 carnem
784 1373 819 1392 ex
834 1365 956 1392 muliere.

269 1415 297 1441 Β,
313 1413 404 1448 Neque
418 1412 490 1440 enim
511 1416 570 1439 erat
583 1411 695 1438 alterius
708 1411 859 1446 cujnspiam
873 1430 880 1442 ,
903 1411 949 1438 sed
978 1411 1021 1445 ip-

233 1461 288 1488 sius
303 1459 372 1486 facta
389 1463 430 1486 est
449 1458 518 1485 servi
533 1457 630 1484 forma.

267 1507 300 1533 A.
316 1505 456 1539 Quomodo
468 1504 528 1532 ais?
543 1505 630 1536 Anne,
648 1505 774 1534 obsecro,
807 1503 832 1530 id
851 1505 920 1538 quod
929 1508 1023 1531 natura

233 1559 340 1580 servum
365 1555 430 1583 est,
460 1550 566 1577 dicatur
591 1558 644 1576 non
669 1549 786 1577 absurde
809 1549 924 1577 formant
951 1549 1023 1577 servi

233 1598 390 1630 accepisse;
411 1604 444 1623 an
458 1603 523 1623 vero
549 1596 576 1623 id
597 1596 669 1630 quod
693 1603 756 1623 vere
774 1595 890 1623 liberum
905 1601 947 1623 cst
961 1615 969 1628 ,
996 1600 1024 1622 et

235 1642 326 1670 servili
341 1642 497 1669 conditione
507 1642 692 1668 essentialiter
714 1641 839 1675 superius
854 1641 865 1668 ζ’

271 1687 345 1714 Β.Ιά
365 1688 436 1721 quod
462 1687 577 1714 liberum
602 1691 645 1713 est
663 1687 827 1714 censuerim.
852 1687 928 1720 Qum]
951 1687 1023 1715 enim

235 1737 295 1761 erat
308 1738 415 1765 natura,
429 1740 482 1766 quo
498 1737 579 1767 pacto
590 1732 707 1766 amplius
722 1732 770 1759 ﬁat
785 1732 796 1758 ?

270 1779 303 1806 A.
318 1778 509 1805 Animadverte
519 1778 609 1812 itaque
619 1778 699 1812 quod,
711 1782 817 1805 tametst
831 1779 915 1806 nostri
931 1778 1022 1806 simile

237 1825 337 1852 tactum
356 1829 398 1852 est
414 1825 581 1858 unigenitum
605 1824 652 1851 Dei
682 1824 817 1857 Verbum,
847 1829 874 1852 et
898 1825 1025 1852 servilem

235 1870 420 1898 conditionem
436 1869 551 1896 subierit
564 1869 670 1896 ratione
687 1869 865 1897 humanitatis
880 1889 888 1902 ,
916 1875 1026 1897 natura-

238 1916 289 1943 lem
307 1921 396 1943 tamen
407 1923 483 1943 suam
496 1915 649 1942 libertatem
666 1915 827 1943 testiﬁcatus
840 1921 881 1943 est
891 1916 916 1943 in
930 1917 1025 1944 drach-

240 1970 346 1990 marum
374 1962 546 1994 eollationcs,
569 1961 662 1989 dicens
690 1970 696 1988 :
727 1970 736 1987 ι
759 1961 830 1997 Ergo
859 1962 936 1989 liberi
963 1968 1027 1990 sunt

240 2009 288 2036 lllii
305 2009 342 2035 θ’.
368 2017 378 2034 ι
406 2007 526 2042 Suscipit
550 2008 642 2042 itaque
667 2008 737 2035 servi
761 2008 886 2042 formam,
914 2016 945 2036 ea
967 2017 1027 2044 qua:

237 2054 416 2082 exininationi
441 2061 547 2081 annexa
571 2059 635 2080 sunt
651 2054 703 2081 sibi
728 2055 880 2088 asciscens,
904 2060 931 2083 et
949 2056 1026 2083 sitni-

239 2099 381 2127 litudinem
395 2099 482 2126 nostri
497 2107 550 2126 non
565 2104 737 2134 aspernatus.
761 2100 854 2134 Neque
878 2103 950 2128 enim
969 2102 1026 2129 ﬁeri

238 2149 346 2180 poterat
367 2148 397 2171 ut
415 2144 466 2171 alia
486 2145 590 2171 rati0ue
611 2145 729 2172 servitus
745 2153 806 2172 cum
830 2146 933 2174 honore
950 2154 1026 2174 com-

240 2195 399 2223 mutaretur,
411 2190 464 2217 nisi
479 2190 503 2217 id
516 2190 588 2225 quod
605 2191 730 2218 servituti
743 2193 872 2219 convenit
885 2194 1026 2228 proprium

239 2236 326 2271 ipsius
348 2236 452 2263 factum
475 2235 582 2267 fuisset,
602 2239 632 2261 ut
653 2240 681 2262 et
698 2236 783 2270 ipsius
805 2238 890 2273 gloria
907 2239 1026 2266 illustra-
1042 2255 1066 2285 υ

239 2286 323 2309 retur.
341 2281 430 2308 Vincit
443 2281 516 2307 enim
530 2287 638 2314 semper
653 2281 679 2308 id
694 2284 765 2316 quod
784 2285 958 2317 praestantius
969 2290 1021 2318 est,

239 2333 267 2355 et
281 2327 420 2359 turpitudo
434 2332 467 2352 ex
481 2326 615 2353 servitute
637 2331 697 2354 orta
723 2328 749 2354 in
768 2329 846 2356 nobis
859 2330 958 2357 abolita
973 2336 1025 2358 est.

237 2372 339 2401 Factus
357 2374 429 2398 em‘m
444 2371 530 2398 nostri
545 2371 653 2405 similis,
679 2373 724 2406 qui
742 2374 821 2402 nobis
835 2376 959 2410 superior
973 2381 1027 2409 est,

240 2423 268 2445 et
280 2417 406 2444 servilem
421 2417 604 2444 conditionem
620 2418 705 2446 subiit
721 2420 767 2454 qui
781 2426 875 2448 natura
892 2422 1024 2450 estliber.

241 2463 346 2490 Idcirco
360 2462 441 2490 etiam
459 2463 484 2490 in
506 2471 556 2491 nos
567 2464 686 2498 dignitas
699 2472 847 2501 propagata
863 2472 916 2494 est.
935 2467 1028 2496 Vocati

241 2509 314 2537 enim
332 2517 426 2537 sumus
436 2515 464 2537 et
477 2517 529 2538 nos
541 2510 589 2538 ﬁlii
606 2510 666 2544 Dei,
680 2517 707 2538 et
721 2511 830 2540 Patrem
846 2514 924 2541 nobis
939 2515 1027 2542 vindi-

241 2555 374 2586 cavimus,
383 2556 428 2590 qui
437 2557 613 2591 peculiariter
621 2557 706 2591 ipsius
715 2557 852 2585 est.Facta
863 2559 934 2586 enim
944 2561 1026 2586 ctiam

241 2602 326 2638 ipsius
343 2610 402 2637 qua:
418 2603 558 2630 hominum
577 2603 687 2638 propria
713 2609 801 2631 erant.
832 2603 949 2632 Proinde
966 2613 1027 2632 cum

241 2648 357 2676 dicimus
371 2655 432 2675 eum
452 2648 565 2675 formam
589 2648 661 2676 servi
687 2650 846 2684 accepisse,
869 2651 1025 2678 universum

242 2694 270 2721 in
286 2701 317 2721 eo
334 2694 578 2722 administrationis
604 2694 631 2721 in
647 2701 729 2722 carne
754 2695 914 2729 mysterium
942 2696 1029 2722 conti-

242 2743 332 2766 netur.
353 2738 381 2765 Si
397 2746 461 2766 vero
475 2739 574 2766 Filium
590 2738 759 2774 proﬁtentes,
776 2747 859 2766 unum
886 2745 914 2766 ct
935 2739 1028 2766 Donii-

241 2792 317 2817 num,
335 2783 450 2812 Verbum
462 2791 495 2812 ex
513 2784 568 2812 Deo
591 2783 682 2817 Patre,
715 2784 851 2812 hominem
872 2784 1030 2819 simpliciter

1064 269 1153 303 λόγων
1167 269 1260 304 ἕτερος
1279 268 1318 295 ὢν
1335 269 1430 304 δρᾶται
1449 268 1587 300 παντελῶς
1613 269 1688 303 παρὰ
1712 268 1762 295 τὸν
1788 267 1865 302 φύσει

1064 316 1113 342 καὶ
1130 315 1238 350 ἀληθῶς
1253 316 1315 342 Υἱόν
1325 324 1333 348 ;

1101 362 1130 387 Β.
1150 361 1234 396 Φημί.

1099 410 1132 437 Λ.
1159 408 1268 444 Ἐπειδὴ
1289 409 1318 435 δὲ
1339 407 1412 441 ἅπαξ
1430 407 1470 439 εις
1493 406 1573 434 τοῦτο
1602 406 1777 434 κατὼλισθον
1796 405 1866 440 ἀμα-

1066 453 1136 486 θίας,
1154 446 1316 485 ὡςόἷεσοαί
1339 462 1368 480 τε
1396 453 1443 480 καὶ
1459 452 1550 486 λέγειν
1570 453 1621 479 οὐκ
1640 452 1722 480 αὑτὸν
1738 451 1867 486 γενέσθαι

1068 500 1167 535 μᾶλλον
1188 499 1249 527 καθ’
1273 500 1346 535 ἡμᾶς
1371 499 1417 527 τὸν
1443 499 1574 534 μονογενῆ
1597 498 1643 525 τοῦ
1665 498 1736 525 Θεοῦ
1767 498 1867 532 Λόγον,

1066 545 1209 581 ἄνθρωπον
1221 545 1249 571 δὲ
1263 545 1355 572 λαϐεῖν
1366 553 1372 560 ·
1385 545 1456 571 κατὰ
1469 545 1545 571 ποῖον
1558 545 1612 580 ἄρα
1628 544 1753 571 νοεῖσθαι
1763 543 1868 579 τρόπον

1066 592 1189 619 ἐθέλουσι
1209 592 1276 628 πρὸς
1300 592 1378 627 ἡμῶν
1400 591 1451 627 τὴν
1470 591 1620 626 ἀνάληψινς
1646 589 1722 627 Ἀρα
1746 590 1817 625 γὰρ,
1833 591 1866 622 ὡς

1067 638 1294 674 προχειρισθέντα
1314 639 1377 674 παρ’
1401 637 1484 665 αὑτοῦ
1502 638 1570 673 πρός
1590 645 1623 671 γε
1641 637 1672 663 τὺ
1685 637 1744 664 δεῖν
1760 638 1861 663 ἁποπει

1069 684 1147 720 ρᾶνσιὶ
1169 693 1196 711 τι
1218 684 1271 710 τῶν
1293 683 1365 710 κατὰ
1379 683 1491 719 γνώμην
1512 683 1597 718 αὐτῷ,
1614 683 1743 718 καθάπερ
1772 682 1866 717 ἀμέλει

1068 730 1115 756 καὶ
1134 730 1192 761 ἑνὸς
1210 729 1265 756 τῶν
1282 729 1366 763 ἁγίων
1388 729 1553 764 προφητῶν·
1574 738 1583 754 ι
1607 729 1664 755 Καὶ
1678 725 1742 754 εἷπε
1764 727 1867 762 Κύριος

1069 775 1136 810 πρός
1154 783 1187 809 με
1199 782 1205 789 ⁸
1223 774 1328 806 Βάὄιζε,
1345 774 1533 809 προφήτευσον
1546 772 1593 799 ἐπὶ
1613 774 1658 799 τὸν
1672 772 1739 798 λαόν
1755 780 1809 806 μου
1825 771 1866 796 τὸν

1075 822 1201 857 Ἰσραήλ;
1220 830 1230 847 ν
1251 821 1368 848 Λιπόλον
1382 820 1436 856 γὰρ
1450 821 1524 852 οντα,
1545 820 1690 855 προφήτην
1704 818 1805 850 ἐτίθει,
1823 818 1866 843 καὶ

1068 867 1122 893 τῶν
1139 867 1237 894 ἑαυτοῦ
1249 866 1410 902 θελημάτων
1424 865 1560 901 ὑπουργὸν
1575 865 1738 897 (insessas;

1106 957 1137 983 Β.
1157 958 1238 983 Φαῖεν
1261 956 1294 983 ἂν
1311 956 1375 988 ἴσως
1395 956 1440 989 οὐχ
1463 951 1513 982 ὧδέ
1536 963 1587 981 που
1606 954 1716 985 πάντως
1738 952 1864 987 γενέσθαι

1070 1004 1120 1039 τὴν
1137 1003 1228 1038 λῆψιν,
1250 1003 1307 1029 ἀλλ’
1322 1002 1360 1034 ὡς
1374 1002 1406 1028 ἂν
1421 1002 1510 1028 νοοῖτο
1524 1001 1591 1036 πρὸς
1607 999 1684 1036 ἡμῶν
1700 1000 1731 1026 τὸ
1742 1019 1750 1031 ,
1767 1009 1776 1024 ι
1794 1000 1864 1033 Μορ-

1072 1049 1124 1085 φὴν
1142 1049 1234 1075 δούλου
1249 1048 1349 1075 λαὸών.
1370 1057 1379 1073 ι

1106 1096 1139 1122 Α.
1161 1094 1266 1121 Οὐκοῦν
1290 1094 1350 1120 καθ’
1371 1093 1468 1120 ἕνωσιν
1487 1091 1681 1124 ἀδιάσπαστον,
1702 1091 1770 1118 ἴδιον
1791 1099 1864 1124 γετο-

1073 1141 1116 1173 νὸς
1132 1140 1179 1167 τοῦ
1195 1140 1323 1172 λαϐόντος
1339 1140 1368 1166 τὸ
1392 1139 1504 1175 ληφθὲν,
1527 1139 1606 1165 νοοῖτ¹
1622 1138 1656 1165 ἂν
1678 1138 1807 1169 εἰκότως,
1829 1138 1863 1169 ὡς

1073 1187 1120 1214 καὶ
1135 1187 1200 1213 Θεὸν
1219 1185 1288 1213 εἶναι
1302 1186 1347 1213 τὸν
1368 1186 1481 1222 Ἰησοῦν,
1496 1185 1544 1211 καὶ
1563 1184 1630 1211 Θεοῦ
1653 1184 1702 1210 τοῦ
1717 1184 1790 1211 κατὰ
1804 1184 1865 1218 ἁλή-

1073 1232 1147 1259 θειαν
1168 1231 1240 1262 Υῐὸν,
1263 1231 1311 1258 ἕνα
1331 1239 1361 1257 τε
1385 1231 1431 1257 καὶ
1456 1230 1544 1265 μόνον,
1562 1229 1600 1260 ὡς
1616 1230 1649 1255 ἐκ
1672 1228 1742 1255 Θεοῦ
1761 1229 1862 1263 Πατρὶς

1072 1278 1168 1312 Λόγον,
1185 1277 1350 1312 γεννηθέντα
1376 1276 1425 1311 μὲν
1445 1275 1541 1306 θεῖκῶς
1566 1274 1619 1309 πρὸ
1643 1274 1746 1305 παντὸς
1771 1274 1863 1305 αἰῶνος

1074 1324 1120 1350 καὶ
1137 1323 1245 1359 χρόνου,
1263 1323 1292 1350 ἐν
1316 1322 1440 1357 ἐσχάτοις
1454 1321 1482 1347 δὲ
1497 1320 1544 1347 τοῦ
1565 1319 1664 1351 αἰῶνος
1685 1320 1804 1354 καιροῖς,
1821 1319 1863 1345 τὸν

1074 1369 1153 1396 αὑτὸν
1166 1368 1237 1395 κατὰ
1253 1369 1341 1404 σάρκα
1363 1368 1395 1394 ἐκ
1410 1367 1549 1402 γυναικός.

1110 1416 1140 1442 Β.
1161 1415 1198 1442 Οὺ
1214 1415 1269 1450 γὰρ
1282 1412 1316 1450 ἦν
1330 1414 1423 1449 ἑτέρου
1442 1413 1524 1445 τινὸς,
1545 1412 1603 1439 ἀλλ’
1618 1411 1703 1439 αὐτοῦ
1721 1412 1834 1447 γέγονεν
1848 1413 1862 1447 ἡ

1073 1461 1121 1488 τοῦ
1137 1460 1229 1487 δούλου
1247 1460 1348 1496 μορφή.

1110 1508 1142 1534 Δ.
1164 1506 1226 1537 Πῶς
1248 1506 1331 1540 ἔφης
1354 1503 1427 1541 ’Λρα
1442 1505 1507 1539 γὰρ.
1530 1507 1589 1532 εἰπέ
1609 1505 1712 1541 μοι,τὸ
1732 1507 1765 1541 τῇ
1789 1505 1866 1539 φύκει

1076 1552 1178 1581 δοῦλον.
1197 1551 1295 1585 λέγοιτ’
1311 1550 1344 1577 ἂν
1361 1550 1411 1576 οὐκ
1433 1550 1612 1581 ἀπεοικότως,
1638 1550 1751 1584 μορφὴν
1775 1549 1864 1575 δούλου

1037 1585 1058 1614 c
1075 1598 1177 1630 λαϐεῖν,
1192 1597 1208 1632 ἢ
1224 1597 1255 1622 τὸ
1269 1596 1411 1631 ἐλεύθερον
1424 1595 1542 1631 ἀληθῶς,
1557 1595 1670 1622 καὶτῶν
1683 1595 1736 1630 τῆς
1749 1595 1866 1626 ὅουλεῖλις

1077 1641 1183 1676 μέτρων
1196 1638 1332 1670 οὐσιωδὼς
1346 1638 1474 1673 ἀνωτέρω
1489 1638 1631 1673 κείμενον;

1110 1687 1141 1714 Β.
1161 1686 1199 1713 Τὸ
1209 1685 1351 1720 ἐλεύθερον
1365 1683 1441 1720 οἶμαί
1455 1693 1517 1712 που.
1538 1686 1570 1711 "0
1585 1685 1639 1720 γὰρ
1653 1682 1689 1720 ἦν
1706 1684 1798 1719 φύσει,
1813 1686 1865 1715 πῶς

1077 1732 1109 1758 ἂν
1125 1732 1230 1766 γένοιτο
1245 1731 1284 1758 ἐτι
1297 1740 1305 1764 ;

1110 1780 1143 1804 Α.
1165 1777 1260 1813 Ἀθρει
1273 1777 1305 1811 δὴ
1319 1775 1375 1808 οὖν,
1397 1777 1450 1807 ὅτι.
1471 1777 1558 1804 καίτοι
1573 1777 1632 1803 καθ’
1647 1777 1725 1812 ἡμᾶς
1751 1776 1865 1810 γεγονὼς

1076 1824 1090 1850 ὁ
1109 1824 1255 1859 μονογενὴς
1276 1823 1324 1850 τοῦ
1343 1823 1410 1850 Θεοῦ
1432 1824 1528 1858 Λόγος,
1546 1825 1593 1850 καὶ
1607 1826 1664 1855 τοῖς
1682 1824 1734 1859 τῆς
1752 1823 1866 1854 δουλείας

1079 1869 1187 1904 μέτροις
1210 1868 1373 1904 ὲμϐεὸηκὼς
1395 1869 1466 1896 κατὰ
1485 1868 1516 1895 τὺ
1537 1868 1726 1904 ἀνθρώπινον,
1752 1877 1866 1904 προσμε-

1079 1913 1255 1950 μαρτύρηκεν
1280 1913 1355 1948 αὑτῷ
1370 1913 1400 1940 τὺ
1423 1913 1493 1941 κατὰ
1511 1914 1592 1948 φύειν
1610 1914 1766 1949 ἐλεύθερον,
1788 1916 1816 1941 ἐν
1835 1916 1864 1949 τῇ

1077 1959 1131 1986 τῶν
1147 1959 1276 1995 δραχμῶν
1294 1960 1458 1995 συνεισφορᾷ
1481 1959 1583 1993 λέγων·
1615 1969 1625 1986 ι
1648 1960 1724 1995 ’Λρα
1746 1969 1780 1994 γε
1797 1960 1865 1987 έλεὺ-

1078 2005 1151 2041 θεροί
1168 2007 1236 2032 εἰσιν
1250 2006 1275 2032 οἱ
1290 2006 1353 2033 υἱοί.
1375 2015 1385 2031 ι
1410 2006 1522 2040 Δέχεται
1534 2005 1625 2033 τοίνυν
1639 2005 1736 2033 δούλου
1755 2006 1864 2042 μορφὴν,

1078 2051 1111 2078 τὰ
1126 2052 1157 2078 ὲκ
1169 2052 1219 2087 τῆς
1231 2051 1372 2084 κενώσεως
1384 2052 1579 2088 οἰκειούμενος,
1592 2052 1640 2079 καὶ
1653 2052 1704 2088 τὴν
1721 2053 1789 2087 πρὸς
1800 2053 1865 2087 ἡμᾶς

1078 2098 1206 2132 ὁμοίωσιν
1228 2099 1278 2124 οὐκ
1289 2099 1438 2133 ἀτιμάσας·
1461 2099 1492 2125 οὐ
1509 2099 1564 2134 γὰρ
1579 2097 1613 2134 ἦν
1629 2099 1735 2134 ἑτέρως
1757 2100 1865 2135 τιμῆσαι

1077 2143 1108 2170 τὺ
1125 2143 1226 2175 δοῦλον,
1242 2144 1266 2170 εἰ
1281 2145 1318 2179 μὴ
1338 2144 1450 2178 γέγονεν
1465 2145 1548 2172 αὑτοῦ
1568 2145 1598 2171 τὸ
1615 2145 1810 2181 δουλοπρεπὲς,
1827 2147 1865 2172 ἵνα

1079 2190 1126 2215 καὶ
1144 2191 1177 2225 τῇ
1199 2190 1264 2225 παρ’
1278 2190 1361 2217 αὐτοῦ
1387 2190 1644 2226 καταλαμπρύνοιτο
1660 2191 1736 2226 δξξῃ,
1761 2193 1822 2228 νικᾷ
1841 2192 1866 2218 δὲ

1079 2236 1109 2262 τὸ
1123 2233 1240 2271 προῦχον
1255 2236 1308 2268 ἀεὶ,
1331 2236 1378 2263 καὶ
1401 2237 1430 2263 τὸ
1451 2238 1484 2264 ἐκ
1499 2237 1548 2271 τῆς
1571 2237 1694 2269 δουλείας
1716 2236 1810 2273 αἶσχος
1829 2238 1866 2272 ἐφ’

1079 2282 1159 2317 ἡμῶν
1183 2283 1340 2317 ἠφανίζετο.
1367 2282 1436 2309 Καθ’
1459 2284 1532 2318 ἡμᾶς
1558 2283 1613 2319 γὰρ
1637 2283 1754 2318 γέγονεν
1775 2286 1789 2312 ὁ
1805 2284 1865 2320 ὑπὲρ

1079 2327 1164 2362 ἡμᾶς,
1181 2327 1228 2354 καὶ
1240 2325 1274 2362 ἦν
1288 2328 1317 2354 ὲν
1336 2327 1445 2363 μέτροις
1461 2329 1518 2360 τοῖς
1533 2329 1681 2360 οἰκετικοῖς
1701 2330 1716 2356 ὁ
1731 2329 1864 2365 ἐλεύθερος

1081 2372 1172 2406 φύσει.
1189 2372 1323 2408 Ταύτῃτοι
1340 2372 1482 2409 κεχώρηκε
1498 2374 1546 2400 καὶ
1561 2375 1602 2405 εἰς
1615 2375 1692 2409 ἡμᾶς
1711 2375 1742 2401 τὸ
1755 2375 1864 2409 ἀξίωμα.

1081 2418 1251 2454 Κεκλήμεθσ.
1261 2418 1313 2454 γὰρ
1329 2419 1376 2445 καὶ
1390 2420 1471 2454 ἡμεῖς
1487 2420 1541 2446 υἱοὶ
1559 2419 1638 2452 Θεοῦ,
1654 2420 1868 2456 ὲπεγραψάμεοό.

1080 2472 1110 2490 τε
1124 2465 1234 2499 Πατέρα
1253 2464 1299 2491 τὸν
1321 2464 1412 2496 ῐδικῶς
1427 2464 1521 2493 αὑτοῦ.
1544 2465 1642 2500 Γέγονε
1656 2465 1714 2501 γὰρ
1727 2466 1775 2493 καὶ
1791 2464 1866 2493 adeo}

1080 2511 1115 2537 τὰ
1129 2510 1296 2546 ἀνθρώπινα.
1314 2511 1418 2538 Οὐκοῦν
1431 2512 1459 2538 ὲν
1480 2511 1520 2547 τῷ
1538 2512 1666 2544 λέγεσθαι
1681 2512 1778 2540 λαϐεῖν
1793 2513 1866 2539 «est:

1081 2555 1129 2590 τὴν
1150 2555 1243 2582 δούλου
1270 2557 1386 2592 μορφὴν,
1409 2557 1468 2584 ὅλον
1491 2557 1550 2584 ἐστὶ
1570 2558 1621 2593 τῆς
1645 2559 1804 2594 οἰκονομίας
1822 2556 1864 2592 τῆς

1083 2601 1153 2636 μετὰ
1168 2601 1269 2636 σαρκὸς
1283 2602 1313 2627 τὸ
1331 2602 1489 2637 μυστήριον.
1508 2603 1539 2629 Εἰ
1554 2603 1582 2630 δὲ
1600 2603 1664 2630 Υἰὸν
1677 2603 1863 2639 ὁμολογοῦντες

1081 2647 1129 2674 ἕνα
1147 2648 1194 2674 καὶ
1210 2647 1322 2681 Κύριον,
1339 2648 1386 2676 τὸν
1402 2649 1434 2675 ἐκ
1454 2649 1522 2675 Θεοῦ
1541 2650 1646 2686 Πατρὺς
1660 2650 1760 2684 Λόγον,
1779 2657 1862 2676 κοινω·

1082 2693 1126 2720 νὺν
1142 2693 1216 2729 αὐτῷ
1230 2693 1281 2729 τῆς
1298 2694 1430 2729 υἱότητος,
1451 2695 1498 2721 καὶ
1513 2695 1604 2730 μέντοι
1618 2696 1666 2730 τῆς
1677 2696 1759 2731 δόξης
1771 2695 1863 2730 ἅνθρω-

1083 2748 1133 2766 πον
1153 2739 1247 2771 ἁπλῶς
1272 2740 1406 2775 συνῆφθαι
1431 2750 1497 2775 φασι
1520 2741 1567 2768 τὸν
1588 2743 1621 2768 ἐκ
1647 2743 1804 2777 σπέρματος
1823 2740 1863 2767 τοῦ

1083 2784 1174 2818 Δαῧὶδ,
1193 2784 1252 2821 ὥρα
1267 2784 1357 2819 λέγειν
1371 2787 1444 2822 ἡμᾶς
1458 2788 1514 2818 τοῖς
1527 2784 1578 2814 ὦδε
1590 2789 1701 2822 φρονεῖν
1715 2787 1862 2823 ᾑρημένοις,

277 2873 300 2888 ⁸⁸
315 2872 416 2901 Jerem.
432 2881 463 2906 II,
479 2872 508 2900 Ω.
546 2874 567 2889 “
580 2873 695 2907 Philipp.
712 2881 741 2906 ιι,
759 2874 786 2902 7.
825 2875 847 2890 ⁰¹
865 2873 959 2901 Matth.
975 2881 1040 2906 xvu,
1056 2874 1100 2902 25.
