1927 3036
95 184 166 216 1289

663 176 757 222 obob
778 176 872 214 usus
891 175 946 213 ‘Sir
966 178 1149 214 CHRISTUS.

1661 183 1726 214 i990

94 246 267 282 φιλαλλήλως
282 247 542 280 ὲπιστυγνάζοντας·
557 257 565 273 ‹
584 248 631 279 Τίς
643 248 722 274 δώσει
733 249 765 283 τῇ
781 247 884 282 κεφαλῇ

948 254 971 274 2x
984 246 1088 273 semine
1106 246 1189 272 David
1202 246 1305 273 socium
1321 245 1460 272 tilinti‘onis
1481 249 1561 279 atque
1584 247 1651 272 adeo
1668 246 1725 280 glo-

96 301 148 327 μου
165 292 248 328 ὕδωρ,
266 292 313 319 καὶ
327 294 384 324 τοῖς
401 293 552 329 ὀφθαλμοῖς
571 302 621 328 μου
639 293 729 329 πηγὴν
746 292 884 328 δακρύων,

94 338 144 365 καὶ
161 338 312 372 κλαύσομαι
325 338 370 365 τὸν
386 338 450 365 λαόν
467 348 516 374 μου
533 339 627 366 τοῦτον
646 339 751 375 ἡμέρας
763 339 810 366 καὶ
823 348 886 366 νυκ-

95 383 158 416 τός;
179 384 426 419 Παρεκομίσοησαν
451 385 506 420 γὰρ
530 386 570 417 εὶς
590 385 720 420 ἀδόκιμον
743 385 815 419 νοῦν,
841 385 886 411 τὸν

95 431 272 466 ἀγοράσαντα
295 430 392 462 αὐτοὺς
409 432 546 466 Δεστβότην
575 431 747 467 ἀρνούμενοι.
778 441 787 457 ι
815 431 886 463 Δυὰς

94 475 151 511 γὰρ
171 476 235 511 ἡμῖν
249 475 315 501 υίῶν
327 475 475 511 ἀνισοφυὴς
489 475 676 510 ἀναφαίνεται,
690 476 738 503 καὶ
752 475 815 512 δόξῃ
830 476 888 503 θεο-

95 523 200 555 ᾱτρεπεῖ
233 513 413 555 στεφανοῦται
454 521 484 548 τὸ
518 521 627 553 δοῦλον,
656 522 703 548 καὶ
734 522 888 557 ἰσομέτροις

94 567 244 602 ὑπεροχαῖς
267 566 488 603 ὲκλαμπρύνεται
514 566 591 599 νόθος
615 567 657 599 τις
682 567 739 599 υἱὸς
765 567 804 602 τῷ
819 567 889 593 κατὰ

95 612 179 647 φύσιν
197 612 244 638 καὶ
265 612 384 647 ἀληθῶς,
407 613 497 639 καίτοι
517 612 585 639 Θεοῦ
604 613 729 647 λέγοντος
747 613 887 649 ἐναργῶς·

97 666 108 683 α
122 658 179 693 Τὴν
194 657 272 690 δόξαν
286 667 336 694 μου
351 658 436 694 ἑτέρῳ
453 659 482 685 οὺ
498 658 585 686 δώσω.
602 669 611 685 ι
629 659 690 691 Πῶς
703 659 757 695 γὰρ
770 659 819 694 οὐχ
829 659 889 685 ἓτε-

95 713 145 739 ρος
168 705 259 736 ιδικῶς
274 705 349 741 παρὰ
365 705 411 732 τὸν
432 705 512 739 φύσει
532 713 561 731 τε
583 706 630 732 καὶ
653 705 761 741 ἀληθῶς
785 705 859 738 Υίδν,
874 705 888 732 ὁ

93 750 161 786 ψιλῇ
184 760 214 777 τε
242 752 288 778 καὶ
320 751 388 787 μόνῃ
413 751 545 787 συναφείᾳ
571 751 762 787 τετιμημένος,
788 752 836 778 καὶ
859 752 889 778 ὲν

95 797 234 833 ὑπηρέτου
247 797 322 830 τάξει
337 793 460 831 ληφῦεὶς,
475 797 521 824 καὶ
532 796 657 830 ἀξιωθεὶς
672 798 805 833 υἱότητος,
817 798 889 825 καθὰ

95 842 144 868 καὶ
157 844 237 877 ἡμεῖς
251 843 339 874 αὐτοὶ,
350 844 397 870 καὶ
411 844 460 878 τῆς
474 844 540 879 παρ’
550 843 644 879 ἐτέρου
659 844 738 879 δόξης
755 852 888 880 μετεσχη-

95 885 163 920 κὼς,
181 888 252 914 δόσει
275 897 305 915 τε
330 890 376 915 παὶ
404 890 495 925 χάριτι
520 890 589 925 πρὸς
604 890 683 917 τοῦτο
708 891 834 928 ἱγμέν9ς;
850 891 887 918 0'3

939 292 978 320 nia
994 293 1018 319 ei
1033 292 1210 326 coniunctum
1225 299 1285 319 esse
1297 292 1406 323 dicunt,
1435 297 1616 326 opportunum
1645 291 1726 319 fuerl'

938 343 968 365 ut
985 342 1032 365 n05
1045 346 1139 365 eorum
1151 339 1195 373 qui
1215 338 1251 365 ita
1271 338 1501 369 sentiuutvicem.
1519 346 1568 372 pro
1592 345 1623 365 ea
1651 343 1726 365 com;

941 384 1119 412 miseratione
1134 392 1216 420 quam
1231 383 1309 411 alteri
1325 384 1418 411 alteris
1432 383 1572 417 debemus,
1593 384 1725 415 dolentes,

938 430 1140 458 exclamemus:
1164 431 1256 463 iQuis
1277 430 1351 458 dabit
1378 430 1459 464 capiti
1485 435 1545 457 meo
1573 436 1682 464 aquam,
1700 434 1727 456 et

938 477 1024 505 ocuiis
1039 478 1106 505 meis
1122 477 1204 512 735
1229 477 1330 505 fontem
1352 477 1545 512 lacrymarum,
1573 482 1601 504 et
1624 476 1727 504 deﬂebo

939 523 1066 559 populum
1082 524 1170 550 meum
1186 523 1258 551 hunc
1275 523 1331 551 dies
1345 529 1371 550 et
1386 523 1503 550 novies?
1523 523 1637 550 Adducti
1654 523 1725 549 enim

940 574 1003 597 sunt
1018 570 1045 596 in
1059 573 1178 596 mentem
1192 570 1349 604 reprobam,
1369 569 1511 596 Dominum
1534 569 1580 604 qui
1595 569 1667 603 ipsas
1684 574 1727 595 re-

941 613 1024 642 demit
1039 619 1170 649 negantes
1183 615 1218 641 ³³.
1238 624 1247 640 ι
1268 614 1429 642 Dualitatem
1458 615 1531 642 enim
1551 614 1666 649 filiorum
1682 615 1725 640 in-

939 659 1051 694 aequalis
1060 664 1163 686 naturae
1171 660 1350 692 constituunt,
1359 664 1386 686 et
1393 660 1510 686 divinam
1522 659 1634 694 gloriam
1644 659 1727 686 ascria

939 707 1007 735 bunt
1024 714 1113 739 servo,
1132 706 1287 742 aequalique
1314 706 1425 733 honoris
1446 706 1606 734 excellentia
1630 696 1733 733 ornant:

941 753 1062 788 spurium
1089 753 1244 788 quemdam,
1269 760 1321 787 qua
1337 752 1487 779 naturalem
1514 759 1546 779 ac
1565 757 1658 778 verum
1684 751 1729 778 Fi-

940 799 1017 832 lium,
1034 807 1095 826 cum
1105 799 1204 833 alioqui
1223 798 1293 826 Deus
1308 797 1453 825 manifeste
1468 798 1542 825 dicat
1556 806 1564 825 :
1586 807 1595 824 ι
1609 797 1726 824 Gloriam

940 851 1027 870 meam
1043 843 1122 870 alteri
1139 851 1190 870 non
1204 843 1273 870 dabo
1287 843 1322 870 “.
1350 850 1359 868 ι
1379 843 1520 876 QuOniodo
1538 843 1609 870 enim
1624 849 1676 869 non
1695 842 1730 868 sit

940 889 1063 916 diversus
1079 889 1226 923 separatim
1245 896 1259 914 a
1278 888 1393 914 naturali
1423 896 1455 915 ac
1484 895 1547 915 vero
1563 888 1631 915 Filio
1646 908 1653 920 ,
1683 889 1729 923 qui

94 933 244 968 διαιρετέον
260 931 306 960 οὖν
330 935 369 966 εἰς
384 933 526 970 ἄνθρωπον
540 930 631 968 ίδῐκῶς
653 936 700 963 καὶ
719 933 785 963 Θεὸν
802 935 888 970 Λόγον

948 934 1014 962 ,cnui
1028 942 1060 961 ac
1074 934 1132 962 sola
1147 933 1338 968 conjunctione
1347 935 1491 960 decoratus
1506 939 1558 966 est,
1572 939 1598 960 et
1613 934 1730 961 ministri

94 978 143 1004 τὸν
164 978 349 1014 Ἐμμανουήλ.

943 980 1000 1007 loco
1025 984 1191 1016 assumptus,
1209 980 1320 1014 quique,
1337 980 1372 1006 ita
1395 985 1424 1007 ut
1437 988 1487 1007 nos
1507 980 1573 1014 ipsi,
1587 980 1731 1014 adoptatus

97 1031 149 1059 est,
166 1027 241 1054 etab
259 1027 310 1054 alio
336 1026 426 1061 gloriae
451 1027 586 1062 particeps
605 1027 705 1060 factus,
719 1015 755 1055 ‘et
776 1024 853 1056 dono'
872 1033 900 1055 et
916 1027 1005 1062 gratia
1022 1027 1048 1055 id
1077 1031 1240 1055 consecutus
1252 1031 1293 1054 est
1305 1025 1386 1061 {Non
1403 1027 1448 1054 est
1461 1027 1552 1062 itaque
1568 1026 1730 1055 dividendus

97 1072 258 1099 Emmanuel
282 1072 308 1099 in
332 1073 468 1100 hominem
481 1073 608 1107 seorsim,
628 1077 655 1100 et
668 1073 694 1100 in
709 1073 793 1101 Deum
812 1073 943 1102 Verbum-

132 1122 165 1149 B.
183 1116 304 1148 ’Ἦκιστά
318 1123 361 1156 γε.

132 1170 165 1194 Λ.
181 1168 287 1202 Χρῆναι
306 1167 334 1193 δέ
356 1176 438 1202 φημι,
460 1166 527 1194 Θεὸν
551 1165 784 1204 ὲνηνθρωπηκότα
799 1168 888 1204 λέγειν

94 1214 188 1245 αὐτὸν,
207 1210 276 1240 εἷναί
292 1223 320 1240 τε
336 1213 407 1240 κατὰ
416 1214 524 1245 ταυτὸν,
541 1213 619 1240 τοῦτό
633 1223 663 1241 τε
684 1215 805 1242 κάκεῖνο.
819 1215 887 1242 Οὔτε

95 1261 153 1296 γὰρ
172 1259 375 1295 ἀποπέφοῖτήκε
389 1259 435 1286 τοῦ
457 1258 526 1286 εἶναι
542 1260 608 1291 Θεὸς
618 1261 765 1295 γενόμενος
785 1261 888 1297 ἄνθρω-

96 1315 159 1339 πος,
175 1306 236 1333 οὔτε
252 1306 305 1341 μὴν
325 1300 514 1341 ἀπαράδεκτον
529 1305 585 1341 ἔχει
609 1306 843 1342 τὴντοίκονομίαν,
859 1307 889 1334 τὸ

95 1355 147 1388 τῆς
159 1351 299 1382 κενώσεως
313 1351 450 1386 ἀτιμάσας
464 1351 572 1386 μέτρον.

133 1397 230 1426 Β.Ἧν
252 1395 298 1424 οὖν
325 1396 390 1432 ἄρα.
419 1397 511 1430 φασὶν,
529 1397 670 1431 όμοούσιον
690 1397 729 1433 τῷ
755 1399 834 1433 Λόγῳ
858 1398 888 1424 τὸ

97 1446 180 1480 σῶμα
193 1443 286 1474 αὑτοῦ,
301 1443 409 1477 νοηθείη
421 1442 474 1477 γὰρ
491 1442 523 1468 ἂν
534 1439 586 1469 ὦδε
600 1442 645 1469 καὶ
660 1443 708 1478 οὑχ
723 1443 766 1470 ἑτέ
772 1452 835 1477 ρως,
848 1435 889 1476 εἷς

97 1492 146 1519 καὶ
161 1491 239 1526 μόνος
255 1489 328 1521 Υἱός.

133 1538 166 1564 Α.
181 1536 276 1563 Καίτοι
289 1535 348 1567 πῶς
361 1532 392 1562 οὐ
402 1534 484 1571 λῆρος
498 1535 549 1570 ἥδη
561 1534 658 1568 ταῦτα,
675 1534 722 1562 καὶ
737 1534 784 1562 νοῦ
798 1541 889 1570 παρα-

979 1117 1011 1148 Β.
1031 1119 1218 1154 Nequaquam.

943 1183 945 1185 η
982 1167 1014 1193 A.
1036 1165 1193 1193 Ccnsuerim
1209 1172 1291 1197 vero,
1309 1164 1450 1192 dicendum
1468 1169 1528 1192 esse
1544 1164 1627 1192 Deum
1645 1164 1732 1192 homi.

944 1218 1004 1238 nem
1029 1211 1164 1243 indutum,
1184 1217 1299 1244 esseque
1325 1210 1448 1237 eumdem
1471 1211 1570 1245 ipsum,
1593 1211 1686 1238 ethoc
1704 1216 1732 1238 et

942 1255 1018 1284 illud.
1042 1255 1135 1290 Neque
1157 1257 1230 1284 enim
1249 1255 1339 1284 factus
1357 1257 1438 1284 homo
1465 1256 1544 1284 desiit
1566 1263 1626 1284 esse
1649 1257 1730 1289 Deus.

943 1309 1031 1337 neque
1046 1309 1140 1329 rursus
1157 1301 1419 1329 administrationem
1444 1301 1470 1329 in
1494 1309 1576 1329 carne
1598 1303 1732 1330 detrecta-

943 1347 991 1377 vit.
1006 1347 1198 1374 exinanitionis
1213 1347 1394 1374 conditionem
1411 1347 1572 1382 deSpieiens.

981 1390 1012 1417 Β.
1033 1391 1098 1418 Erat
1122 1391 1223 1426 itaque,
1245 1392 1337 1425 aiunt,
1357 1392 1587 1420 consubstantiale
1605 1393 1731 1422 Trinilati

943 1437 1028 1472 ipsius
1043 1444 1152 1472 corpus.
1172 1438 1208 1464 lta
1224 1438 1308 1469 enim.
1327 1445 1414 1473 neque
1427 1438 1479 1466 alia
1497 1439 1601 1467 ratione
1618 1439 1730 1476 intelligi

942 1489 1024 1519 queat
1036 1492 1105 1511 unus
1121 1492 1152 1511 ac
1175 1484 1250 1512 solus
1264 1484 1358 1512 Filius.

977 1531 1010 1557 A.
1030 1530 1110 1565 Atqui
1136 1531 1270 1565 quomodo
1288 1537 1340 1558 non
1365 1531 1390 1558 id
1411 1537 1485 1558 mera
1507 1533 1543 1559 sit
1564 1533 1679 1567 insania,
1704 1540 1732 1562 ct

97 1582 226 1613 ’καίοντος
238 1580 373 1614 ἀπόδειξις
385 1581 521 1616 ἐναργήςς
534 1576 597 1612 Πῶς
609 1580 662 1616 γὰρ
672 1582 701 1607 ἐν
713 1581 807 1613 οὐσίας
821 1589 889 1608 ταυ-

948 1582 1037 1604 amota:
1050 1577 1148 1603 mentis
1163 1576 1345 1604 certissimum
1357 1578 1568 1612 argumentum?
1582 1579 1640 1613 Quo
1653 1585 1732 1615 pacto

97 1628 192 1662 τὸτητι
205 1626 307 1653 κατίδοι
319 1634 361 1657 τις
376 1625 408 1652 ἂν
421 1625 455 1652 τὰ
467 1626 517 1660 τῆς
535 1625 642 1660 φύσεως
658 1625 747 1660 λόγοις
763 1624 890 1652 τοσοῦτον

99 1673 224 1709 ἀλλήλων
250 1671 432 1707 διῳκισμέναζ
453 1671 566 1707 Ἕτερον
589 1671 643 1706 γάρ
661 1679 688 1698 τι
717 1671 823 1707 θεότης,
843 1671 891 1698 καὶ

97 1720 192 1756 ἕτερον
206 1719 398 1754 ἁνθρωπότης·
424 1718 486 1745 ἐπεὶ
509 1718 589 1745 τίνων
605 1718 643 1753 (a)
662 1719 752 1753 φαμὲν
765 1718 891 1753 γενέσθαι

97 1765 150 1802 ἰὴν
164 1766 272 1792 ἕνωσιν.
284 1764 321 1791 Οὺ
334 1764 387 1799 γὰρ
398 1763 426 1790 ἓν
436 1763 475 1799 τῷ
484 1763 546 1799 apte
551 1763 593 1799 μῷ
602 1764 668 1799 φαίη
682 1772 723 1795 τις
732 1765 765 1790 ἂν
778 1761 846 1790 εἶναι
858 1763 891 1790 τὰ

98 1812 243 1847 ἑνούμενα,
257 1810 326 1837 ἀλλὰ
340 1810 387 1837 δύο
401 1809 493 1845 τυχὸν,
514 1810 561 1836 καὶ
577 1809 673 1836 τούτου
686 1809 767 1844 πέρα.

137 1902 166 1928 Β.
183 1900 336 1936 Διαιρετέον
351 1898 398 1926 οὖν
411 1899 465 1935 ἄρα
483 1899 550 1932 φασὶ
563 1898 598 1925 τὰ
611 1898 805 1933 ὠνομασμένα.

136 1948 169 1974 Α.
186 1947 223 1973 Οὐ
239 1946 396 1982 διαιρετέον,
413 1945 451 1977 ὼς
471 1945 548 1979 ἔφην,
565 1945 605 1976 εἰς
626 1944 712 1980 εδικὴν
732 1944 890 1979 ἑτερότητα,

98 1993 151 2028 τὴν
171 1992 243 2019 κατά
259 2000 291 2025 γε
316 1991 347 2017 τὸ
368 1991 415 2018 ἀπ’
436 1989 559 2024 ἀλλήλων
581 1987 650 2015 εἶναι
666 1989 714 2015 καὶ
743 1988 890 2024 ἀναμέρος.

98 2038 302 2074 Συγκομιστὲον
316 2038 343 2064 δὲ
363 2037 461 2073 μᾶλλον
477 2037 515 2068 εἰς
529 2036 625 2062 ἕνωσιν
646 2035 823 2070 ἀδιάτμητον.
842 2034 892 2060 Γέ-

98 2092 164 2120 γονε
186 2084 241 2120 γὰρ
260 2084 330 2119 σὰρξ
344 2084 358 2109 ὁ
373 2083 467 2117 Λόγος,
490 2082 561 2109 κατὰ
578 2082 626 2117 τὴν
646 2081 771 2108 Ἰωάννου
789 2081 891 2116 φωνήν.

136 2174 168 2201 Β.
185 2173 246 2209 Ἆρ’
261 2171 308 2200 οὖν
320 2172 512 2207 συγκέχυνται,
528 2172 575 2199 καὶ
587 2172 636 2208 μία
649 2172 794 2206 γεγόνασιν
809 2173 894 2208 ἄμφω

100 2219 197 2255 φύσις.

942 1622 1013 1649 enim
1038 1622 1063 1649 in
1079 1626 1131 1649 tina
1149 1625 1229 1657 atque
1248 1623 1342 1649 eadem
1365 1623 1483 1650 essentia
1499 1624 1648 1652 consistere
1670 1633 1733 1660 pos-

942 1665 1008 1698 sint,
1024 1675 1084 1701 qua:
1099 1667 1203 1693 ratione
1223 1671 1325 1694 natura;
1341 1671 1483 1702 tantopere
1508 1669 1578 1696 inter
1598 1677 1628 1697 se
1652 1670 1731 1698 dide-

944 1712 1023 1738 runt?
1036 1712 1115 1739 Aliud
1131 1712 1201 1739 enim
1219 1717 1260 1739 est
1287 1713 1368 1745 Deus,
1389 1713 1460 1741 aliud
1477 1716 1574 1748 homo;
1597 1716 1731 1750 siquidem

942 1765 1035 1784 eorum
1053 1758 1168 1785 dicimus
1181 1757 1279 1785 factam
1299 1766 1359 1786 esse
1382 1759 1523 1787 unitatem.
1547 1759 1639 1796 Neque
1660 1764 1731 1790 enim
1770 1764 1772 1767 ’

941 1803 1076 1838 quispiam
1104 1805 1240 1831 censuerit
1266 1812 1348 1832 unum
1376 1813 1490 1833 numero
1516 1806 1587 1834 facta
1613 1815 1674 1835 esse
1699 1816 1731 1836 ea

942 1857 1002 1883 quae
1018 1850 1090 1876 unita
1107 1854 1180 1881 sunt,
1199 1850 1246 1877 sed
1263 1851 1326 1882 duo,
1345 1856 1391 1877 aut
1405 1851 1447 1878 his
1467 1851 1553 1886 plura.

979 1895 1009 1922 Β.
1026 1895 1189 1922 Dividendas
1203 1896 1284 1930 igitur
1296 1903 1357 1923 esse
1374 1897 1449 1923 aiunt
1464 1898 1514 1924 has
1527 1898 1731 1932 appellationes.

978 1941 1011 1968 A.
1032 1940 1089 1967 Non
1107 1946 1169 1968 sunt
1183 1941 1341 1975 dividendae,
1364 1946 1392 1968 ut
1412 1942 1480 1975 dixi,
1500 1943 1525 1970 in
1548 1944 1680 1979 privatam
1701 1954 1734 1973 ac

944 1986 1105 2021 peculiarem
1119 1985 1317 2020 diversitatem,
1338 1993 1398 2021 qua:
1413 1987 1511 2014 eﬂiciat
1526 1993 1555 2015 ut
1571 1989 1700 2024 sejunctas
1718 2000 1732 2017 a

943 2040 972 2060 se
988 2037 1082 2059 mutuo
1098 2036 1126 2059 et
1142 2032 1255 2059 seorsim
1270 2032 1418 2059 subsistant
1438 2041 1445 2059 :
1462 2033 1509 2060 sed
1532 2035 1621 2068 potius
1640 2036 1734 2064 conte.

946 2078 1034 2106 renda:
1059 2083 1122 2106 sunt
1152 2079 1178 2105 in
1207 2078 1337 2105 unitatem
1367 2078 1591 2108 indissoiultilem.
1614 2081 1731 2110 Verbum

944 2125 1017 2152 enim
1034 2132 1099 2152 caro
1116 2125 1215 2152 factum
1231 2129 1289 2156 est.
1305 2129 1334 2151 ut
1347 2123 1464 2153 Joannes
1483 2130 1604 2154 testatur.

981 2169 1010 2197 Β.
1031 2169 1155 2197 Conlusae
1175 2169 1266 2204 itaque
1279 2175 1342 2197 sunt
1366 2175 1483 2203 naturzc,
1501 2179 1607 2208 unaque
1626 2180 1641 2200 ο
1664 2173 1731 2201 dua-

946 2217 996 2244 bus
1014 2215 1120 2244 elfecta.

137 2266 170 2291 A.
190 2262 256 2291 Εἶτα
273 2263 316 2294 τίς
329 2262 414 2294 οὕτως
428 2261 610 2297 ὲμῦρόντητός
624 2270 654 2288 τε
669 2262 716 2288 καὶ
729 2263 838 2298 ἀμαθὴς
848 2264 890 2299 εῐη

981 2264 1014 2290 A.
1035 2264 1068 2290 At
1081 2263 1143 2298 quis
1165 2263 1201 2290 ita
1224 2262 1324 2290 delirus
1344 2267 1390 2290 aut
1413 2264 1554 2297 imperitus
1575 2266 1627 2297 sit,
1644 2272 1735 2295 utaut

103 2311 137 2338 ἂν
148 2311 185 2342 ὡς
198 2310 215 2345 ἢ
234 2310 283 2345 τὴν
303 2309 378 2336 θείαν
394 2308 498 2335 οἴεσθαι
512 2308 558 2334 τοῦ
575 2308 663 2342 Λόγου
678 2309 829 2344 τετράφθαι
841 2309 893 2343 φύ-

102 2364 147 2383 σιν
157 2356 197 2387 εἰς
210 2355 279 2390 ὅπερ
291 2354 340 2380 οὐκ
356 2351 400 2389 ἦν,
415 2353 431 2388 ἢ
443 2354 634 2388 μεταχωρῆσαι
647 2353 696 2388 τὴν
707 2353 808 2389 σάρκα,
823 2354 895 2381 κατά

102 2411 135 2437 γε
157 2401 204 2428 τὺν
219 2401 269 2436 τῆς
291 2400 459 2430 ἀλλοιώσεως
480 2399 591 2434 τρόπον,
606 2400 646 2430 εἰς
668 2399 718 2434 τὴν
737 2399 820 2426 αὑτοῦ
845 2400 892 2427 τοῦ

103 2449 193 2482 Λόγου
207 2455 214 2479 ;
239 2447 393 2482 Ἀμήχανον
412 2446 481 2480 γάρ’
502 2445 551 2472 ἒνα
565 2453 597 2479 γε
613 2445 666 2480 μὴν
680 2445 754 2477 Υὶὸν.
767 2446 814 2472 καὶ
828 2446 893 2481 μίαν

102 2493 188 2520 αὑτοῦ
208 2491 289 2527 φύσιν
310 2489 380 2518 εἶναι
399 2499 500 2526 φαμεν,
514 2490 566 2517 κᾶν
583 2491 608 2516 ει
623 2491 653 2517 ἐν
679 2490 828 2526 προσλήψει
846 2500 893 2526 γε-

103 2538 200 2566 νέσθαι
227 2537 337 2573 σαρκὸς,
359 2536 448 2572 ψυχὴν
472 2536 587 2571 ἐχούσης
605 2535 654 2571 τὴν
675 2536 780 2570 ωεράν.
807 2536 894 2563 Αὐτοῦ

104 2585 172 2620 γὰρ,
183 2584 222 2614 ὡς
234 2582 312 2618 ἔφην,
327 2582 422 2616 γέγονε
437 2581 470 2608 τὸ
479 2581 660 2617 ἀνθρώπινον,
675 2581 774 2608 νοεῖται
785 2581 814 2607 δὲ
828 2582 896 2617 πρὸς

103 2629 198 2665 ἡμῶν,
214 2629 263 2663 οὐχ
284 2628 395 2662 ἑτέρως,
414 2626 483 2662 πλὴν
504 2627 544 2653 ὃτι
561 2626 631 2652 κατὰ
649 2626 742 2653 τοῦτον
760 2627 840 2653 αὑτὸν
851 2628 896 2654 τὸν

105 2675 218 2710 τρόπον,
233 2673 299 2704 Θεδς
314 2671 381 2708 ἁμοῦ
397 2680 427 2698 τε
442 2672 490 2698 καὶ
506 2671 658 2705 ἄνθρωπος.

143 2720 174 2747 Β.
194 2719 256 2754 'Ap'
269 2717 327 2751 οὖν,
346 2718 377 2744 οὐ
392 2717 439 2744 δύο
457 2717 554 2752 φύσεις
570 2714 624 2743 εἷεν
640 2716 685 2749 ἂν,
701 2717 770 2744 Θεοῦ
786 2719 833 2745 καὶ
849 2719 897 2745 ἀν-

107 2766 218 2802 θρώπου
230 2785 237 2791 .

141 2836 166 2852 ⁵³
177 2835 277 2863 Jercm.
294 2842 331 2866 ix,
347 2833 372 2867 ‘I,
387 2833 414 2860 2.
451 2834 474 2848 ’⁸
491 2832 541 2858 lsa.
559 2840 624 2865 xui,
638 2832 665 2861 8,

143 2894 183 2929 (1)
199 2892 270 2928 Lege
283 2892 395 2918 τούτων.
417 2890 465 2918 ΕΙ).

248 2939 383 2969 Parum.
405 2938 463 2968 GR.
486 2937 598 2968 LXXV.

946 2311 1065 2337 divinam
1092 2315 1216 2337 naturam
1243 2313 1373 2336 mutatam
1398 2317 1458 2337 esse
1485 2311 1511 2338 in
1534 2311 1559 2338 id
1583 2313 1654 2347 quod
1679 2322 1734 2342 non

946 2361 1005 2384 erat
1020 2356 1167 2388 existimet,
1191 2359 1238 2383 aut
1267 2363 1376 2383 carnem
1397 2356 1500 2384 ratione
1522 2359 1679 2388 mutationis
1708 2361 1734 2388 in

947 2408 1069 2430 naturam
1087 2402 1169 2430 Verbi
1192 2402 1351 2429 translatam
1374 2402 1480 2430 fuisse?
1502 2403 1593 2438 Neque
1617 2407 1688 2433 enim
1708 2407 1734 2434 id

947 2449 1002 2476 ullo
1024 2448 1102 2475 modo
1130 2448 1186 2475 ﬂeri
1219 2452 1316 2482 potest.
1344 2447 1431 2475 Unum
1461 2457 1542 2484 porro
1566 2450 1674 2486 Filium,
1707 2459 1735 2480 et

949 2502 1029 2522 unam
1048 2494 1132 2528 ipsius
1146 2499 1270 2521 naturam
1282 2503 1343 2523 esse
1353 2495 1478 2529 dicimus,
1498 2498 1602 2525 tametsi
1623 2506 1733 2527 carnem

949 2541 1038 2567 anitna
1065 2539 1230 2574 intelligente
1256 2541 1395 2574 praeditam
1428 2543 1616 2577 assumpserit.
1649 2545 1735 2579 lpsius

948 2586 1033 2618 enim,
1052 2590 1081 2612 ut
1109 2585 1174 2616 dixi,
1200 2585 1269 2613 facta
1292 2591 1334 2613 est
1361 2587 1523 2615 humanitas.
1539 2589 1621 2624 736
1648 2591 1735 2625 Atque

950 2633 1001 2659 hoc
1014 2631 1122 2666 quidem
1142 2636 1231 2665 pacto,
1250 2638 1336 2666 neque
1352 2632 1406 2659 alio
1421 2633 1475 2664 ullo
1490 2641 1615 2663 censetur
1627 2644 1641 2663 a
1658 2638 1735 2664 nobis

950 2678 1020 2704 Deus
1033 2676 1111 2703 simul
1126 2681 1153 2703 et
1169 2676 1258 2704 homo.

986 2722 1017 2750 Β.
1036 2721 1092 2750 Non
1110 2727 1189 2750 erunt
1201 2723 1293 2757 itaque
1309 2722 1367 2750 dute
1383 2728 1496 2756 natum,
1511 2724 1557 2752 Dei
1571 2731 1596 2752 et
1608 2725 1735 2754 hominis.

1553 2935 1586 2967 61
