  <div class='ocr_page' id='page_1' title='image "/cluster/home/n/w/nwhite01/storage/ocr_20150623/75/njp.32101077772786/747.png"; bbox 0 0 1927 3036; ppageno 0'>
   <div class='ocr_carea' id='block_1_1' title="bbox 198 174 268 204">
    <p class='ocr_par' dir='ltr' id='par_1_1' title="bbox 198 174 268 204">
     <span class='ocr_line' id='line_1_1' title="bbox 198 174 268 204; baseline -0.014 -1"><span class='ocrx_word' id='word_1_1' title='bbox 198 174 268 204; x_wconf 67' lang='lat' dir='ltr'><strong>i295</strong></span> 
     </span>
    </p>
   </div>
   <div class='ocr_carea' id='block_1_2' title="bbox 713 161 1337 194">
    <p class='ocr_par' dir='ltr' id='par_1_2' title="bbox 713 161 1337 194">
     <span class='ocr_line' id='line_1_2' title="bbox 713 161 1337 194; baseline -0.006 0"><span class='ocrx_word' id='word_1_2' title='bbox 713 166 741 193; x_wconf 88' lang='lat' dir='ltr'><strong>S.</strong></span> <span class='ocrx_word' id='word_1_3' title='bbox 760 165 898 194; x_wconf 73' lang='lat' dir='ltr'><strong>CYBILLI</strong></span> <span class='ocrx_word' id='word_1_4' title='bbox 919 162 1156 191; x_wconf 72' lang='lat' dir='ltr'><strong>ALEXANDRiNI</strong></span> <span class='ocrx_word' id='word_1_5' title='bbox 1174 161 1337 190; x_wconf 83' lang='lat' dir='ltr'><strong>ARCHIEP.</strong></span> 
     </span>
    </p>
   </div>
   <div class='ocr_carea' id='block_1_3' title="bbox 1762 156 1831 185">
    <p class='ocr_par' dir='ltr' id='par_1_3' title="bbox 1762 156 1831 185">
     <span class='ocr_line' id='line_1_3' title="bbox 1762 156 1831 185; baseline -0.014 0"><span class='ocrx_word' id='word_1_6' title='bbox 1762 156 1831 185; x_wconf 73' lang='grc'><strong>1296</strong></span> 
     </span>
    </p>
   </div>
   <div class='ocr_carea' id='block_1_4' title="bbox 199 217 1001 266">
    <p class='ocr_par' dir='ltr' id='par_1_4' title="bbox 199 225 986 266">
     <span class='ocr_line' id='line_1_4' title="bbox 199 225 986 266; baseline -0.011 -5"><span class='ocrx_word' id='word_1_7' title='bbox 199 240 275 262; x_wconf 72' lang='lat' dir='ltr'><strong>stetis</strong></span> <span class='ocrx_word' id='word_1_8' title='bbox 309 231 453 266; x_wconf 70' lang='lat' dir='ltr'><strong>separatim</strong></span> <span class='ocrx_word' id='word_1_9' title='bbox 480 230 563 257; x_wconf 84' lang='lat' dir='ltr'><strong>Filius</strong></span> <span class='ocrx_word' id='word_1_10' title='bbox 587 233 613 256; x_wconf 86' lang='lat' dir='ltr'><strong>et</strong></span> <span class='ocrx_word' id='word_1_11' title='bbox 638 228 764 255; x_wconf 85' lang='lat' dir='ltr'><strong>Christus</strong></span> <span class='ocrx_word' id='word_1_12' title='bbox 791 232 819 254; x_wconf 90' lang='lat' dir='ltr'><strong>et</strong></span> <span class='ocrx_word' id='word_1_13' title='bbox 841 225 986 258; x_wconf 79' lang='lat' dir='ltr'><strong>Dominus,</strong></span> 
     </span>
    </p>
   </div>
   <div class='ocr_carea' id='block_1_5' title="bbox 1059 217 1832 266">
    <p class='ocr_par' dir='ltr' id='par_1_5' title="bbox 1059 217 1832 256">
     <span class='ocr_line' id='line_1_5' title="bbox 1059 217 1832 256; baseline -0.012 -5"><span class='ocrx_word' id='word_1_14' title='bbox 1059 234 1076 251; x_wconf 61' lang='grc' dir='ltr'><strong>ην</strong></span> <span class='ocrx_word' id='word_1_15' title='bbox 1096 224 1187 256; x_wconf 62' lang='lat' dir='ltr'><strong>tam;</strong></span> <span class='ocrx_word' id='word_1_16' title='bbox 1214 223 1276 254; x_wconf 73' lang='grc' dir='ltr'>Υἱὸς</span> <span class='ocrx_word' id='word_1_17' title='bbox 1291 223 1338 249; x_wconf 78' lang='grc' dir='ltr'><strong>καὶ</strong></span> <span class='ocrx_word' id='word_1_18' title='bbox 1351 220 1466 256; x_wconf 76' lang='grc' dir='ltr'><strong>Χριστὸς</strong></span> <span class='ocrx_word' id='word_1_19' title='bbox 1487 220 1534 247; x_wconf 69' lang='grc' dir='ltr'><strong>καὶ</strong></span> <span class='ocrx_word' id='word_1_20' title='bbox 1549 219 1662 254; x_wconf 72' lang='grc' dir='ltr'><strong>Κύριος,</strong></span> <span class='ocrx_word' id='word_1_21' title='bbox 1683 218 1763 253; x_wconf 71' lang='grc' dir='ltr'>παρὰ</span> <span class='ocrx_word' id='word_1_22' title='bbox 1785 217 1832 242; x_wconf 70' lang='grc' dir='ltr'><strong>τὸν</strong></span> 
     </span>
    </p>
   </div>
   <div class='ocr_carea' id='block_1_6' title="bbox 199 271 986 314">
    <p class='ocr_par' dir='ltr' id='par_1_6' title="bbox 199 271 986 314">
     <span class='ocr_line' id='line_1_6' title="bbox 199 271 986 314; baseline -0.013 -7"><span class='ocrx_word' id='word_1_23' title='bbox 199 284 298 314; x_wconf 68' lang='grc' dir='ltr'><strong>ιπεενιει</strong></span> <span class='ocrx_word' id='word_1_24' title='bbox 313 279 387 306; x_wconf 91' lang='lat' dir='ltr'><strong>illum</strong></span> <span class='ocrx_word' id='word_1_25' title='bbox 407 277 453 312; x_wconf 88' lang='lat' dir='ltr'><strong>qui</strong></span> <span class='ocrx_word' id='word_1_26' title='bbox 473 283 536 302; x_wconf 88' lang='lat' dir='ltr'><strong>vete</strong></span> <span class='ocrx_word' id='word_1_27' title='bbox 551 280 578 302; x_wconf 91' lang='lat' dir='ltr'><strong>et</strong></span> <span class='ocrx_word' id='word_1_28' title='bbox 598 273 745 301; x_wconf 73' lang='lat' dir='ltr'><strong>secundum</strong></span> <span class='ocrx_word' id='word_1_29' title='bbox 767 276 908 304; x_wconf 83' lang='lat' dir='ltr'><strong>naturam,</strong></span> <span class='ocrx_word' id='word_1_30' title='bbox 923 271 986 298; x_wconf 89' lang='lat' dir='ltr'><strong>hinc</strong></span> 
     </span>
    </p>
   </div>
   <div class='ocr_carea' id='block_1_7' title="bbox 202 318 987 361">
    <p class='ocr_par' dir='ltr' id='par_1_7' title="bbox 202 318 987 361">
     <span class='ocr_line' id='line_1_7' title="bbox 202 318 987 361; baseline -0.014 -7"><span class='ocrx_word' id='word_1_31' title='bbox 202 327 376 361; x_wconf 67' lang='lat' dir='ltr'><strong>intelligatur.</strong></span> <span class='ocrx_word' id='word_1_32' title='bbox 397 324 531 350; x_wconf 66' lang='lat' dir='ltr'><strong>Praeterea</strong></span> <span class='ocrx_word' id='word_1_33' title='bbox 544 321 614 348; x_wconf 82' lang='lat' dir='ltr'><strong>aliud</strong></span> <span class='ocrx_word' id='word_1_34' title='bbox 629 320 711 347; x_wconf 87' lang='lat' dir='ltr'><strong>etiam</strong></span> <span class='ocrx_word' id='word_1_35' title='bbox 728 318 875 346; x_wconf 83' lang='lat' dir='ltr'><strong>absurdum</strong></span> <span class='ocrx_word' id='word_1_36' title='bbox 891 323 987 345; x_wconf 87' lang='lat' dir='ltr'><strong>conse-</strong></span> 
     </span>
    </p>
   </div>
   <div class='ocr_carea' id='block_1_8' title="bbox 201 365 898 408">
    <p class='ocr_par' dir='ltr' id='par_1_8' title="bbox 201 365 898 408">
     <span class='ocr_line' id='line_1_8' title="bbox 201 365 898 408; baseline -0.016 -8"><span class='ocrx_word' id='word_1_37' title='bbox 201 373 305 408; x_wconf 88' lang='lat' dir='ltr'><strong>quitur,</strong></span> <span class='ocrx_word' id='word_1_38' title='bbox 320 371 456 404; x_wconf 79' lang='lat' dir='ltr'><strong>rectisque</strong></span> <span class='ocrx_word' id='word_1_39' title='bbox 469 365 721 395; x_wconf 76' lang='lat' dir='ltr'><strong>ratiocinationibus</strong></span> <span class='ocrx_word' id='word_1_40' title='bbox 736 370 898 399; x_wconf 75' lang='lat' dir='ltr'><strong>repugnans.</strong></span> 
     </span>
    </p>
   </div>
   <div class='ocr_carea' id='block_1_9' title="bbox 238 458 445 493">
    <p class='ocr_par' dir='ltr' id='par_1_9' title="bbox 238 458 445 493">
     <span class='ocr_line' id='line_1_9' title="bbox 238 458 445 493; baseline -0.024 -4"><span class='ocrx_word' id='word_1_41' title='bbox 238 462 268 489; x_wconf 81' lang='grc' dir='ltr'><strong>Β.</strong></span> <span class='ocrx_word' id='word_1_42' title='bbox 289 458 445 493; x_wconf 75' lang='lat' dir='ltr'><strong>Quidnam?</strong></span> 
     </span>
    </p>
   </div>
   <div class='ocr_carea' id='block_1_10' title="bbox 238 494 988 540">
    <p class='ocr_par' dir='ltr' id='par_1_10' title="bbox 238 494 988 540">
     <span class='ocr_line' id='line_1_10' title="bbox 238 494 988 540; baseline -0.016 -7"><span class='ocrx_word' id='word_1_43' title='bbox 238 507 270 533; x_wconf 83' lang='lat' dir='ltr'><strong>A.</strong></span> <span class='ocrx_word' id='word_1_44' title='bbox 293 503 514 540; x_wconf 85' lang='lat' dir='ltr'><strong>Sapientissimus</strong></span> <span class='ocrx_word' id='word_1_45' title='bbox 538 499 656 527; x_wconf 80' lang='lat' dir='ltr'><strong>Joannes</strong></span> <span class='ocrx_word' id='word_1_46' title='bbox 686 497 720 526; x_wconf 86' lang='lat' dir='ltr'><strong>de</strong></span> <span class='ocrx_word' id='word_1_47' title='bbox 745 496 854 525; x_wconf 82' lang='lat' dir='ltr'><strong>Christo</strong></span> <span class='ocrx_word' id='word_1_48' title='bbox 878 494 988 530; x_wconf 87' lang='lat' dir='ltr'><strong>inquit:</strong></span> 
     </span>
    </p>
   </div>
   <div class='ocr_carea' id='block_1_11' title="bbox 207 545 989 586">
    <p class='ocr_par' dir='ltr' id='par_1_11' title="bbox 207 545 989 586">
     <span class='ocr_line' id='line_1_11' title="bbox 207 545 989 586; baseline -0.017 -7"><span class='ocrx_word' id='word_1_49' title='bbox 207 563 215 579; x_wconf 76' lang='grc' dir='ltr'>ι</span> <span class='ocrx_word' id='word_1_50' title='bbox 234 552 260 578; x_wconf 91' lang='lat' dir='ltr'><strong>In</strong></span> <span class='ocrx_word' id='word_1_51' title='bbox 287 550 394 586; x_wconf 88' lang='lat' dir='ltr'><strong>propria</strong></span> <span class='ocrx_word' id='word_1_52' title='bbox 419 548 508 580; x_wconf 89' lang='lat' dir='ltr'><strong>venit,</strong></span> <span class='ocrx_word' id='word_1_53' title='bbox 535 551 562 573; x_wconf 92' lang='lat' dir='ltr'><strong>et</strong></span> <span class='ocrx_word' id='word_1_54' title='bbox 589 545 630 572; x_wconf 89' lang='lat' dir='ltr'><strong>sui</strong></span> <span class='ocrx_word' id='word_1_55' title='bbox 653 551 714 572; x_wconf 88' lang='lat' dir='ltr'><strong>eum</strong></span> <span class='ocrx_word' id='word_1_56' title='bbox 739 550 792 570; x_wconf 92' lang='lat' dir='ltr'><strong>non</strong></span> <span class='ocrx_word' id='word_1_57' title='bbox 819 545 989 575; x_wconf 84' lang='lat' dir='ltr'><strong>receperunt.</strong></span> 
     </span>
    </p>
   </div>
   <div class='ocr_carea' id='block_1_12' title="bbox 205 587 990 632">
    <p class='ocr_par' dir='ltr' id='par_1_12' title="bbox 205 587 990 632">
     <span class='ocr_line' id='line_1_12' title="bbox 205 587 990 632; baseline -0.015 -8"><span class='ocrx_word' id='word_1_58' title='bbox 205 600 343 632; x_wconf 82' lang='lat' dir='ltr'><strong>Quotquot</strong></span> <span class='ocrx_word' id='word_1_59' title='bbox 359 599 448 622; x_wconf 81' lang='lat' dir='ltr'><strong>autem</strong></span> <span class='ocrx_word' id='word_1_60' title='bbox 467 596 627 627; x_wconf 86' lang='lat' dir='ltr'><strong>receperunt</strong></span> <span class='ocrx_word' id='word_1_61' title='bbox 639 597 712 622; x_wconf 84' lang='lat' dir='ltr'><strong>eum,</strong></span> <span class='ocrx_word' id='word_1_62' title='bbox 727 588 801 616; x_wconf 90' lang='lat' dir='ltr'><strong>dedit</strong></span> <span class='ocrx_word' id='word_1_63' title='bbox 815 587 855 615; x_wconf 88' lang='lat' dir='ltr'><strong>eis</strong></span> <span class='ocrx_word' id='word_1_64' title='bbox 871 591 990 621; x_wconf 83' lang='lat' dir='ltr'><strong>potesta-</strong></span> 
     </span>
    </p>
   </div>
   <div class='ocr_carea' id='block_1_13' title="bbox 206 631 991 672">
    <p class='ocr_par' dir='ltr' id='par_1_13' title="bbox 206 631 991 672">
     <span class='ocr_line' id='line_1_13' title="bbox 206 631 991 672; baseline -0.018 -1"><span class='ocrx_word' id='word_1_65' title='bbox 206 631 258 672; x_wconf 76' lang='lat' dir='ltr'><strong>tem</strong></span> <span class='ocrx_word' id='word_1_66' title='bbox 274 631 344 670; x_wconf 89' lang='lat' dir='ltr'><strong>ﬁlios</strong></span> <span class='ocrx_word' id='word_1_67' title='bbox 368 640 414 667; x_wconf 88' lang='lat' dir='ltr'><strong>Dei</strong></span> <span class='ocrx_word' id='word_1_68' title='bbox 433 639 490 666; x_wconf 90' lang='lat' dir='ltr'><strong>ﬁeri</strong></span> <span class='ocrx_word' id='word_1_69' title='bbox 507 638 526 664; x_wconf 88' lang='grc'><strong>³.</strong></span> <span class='ocrx_word' id='word_1_70' title='bbox 550 647 560 664; x_wconf 73' lang='grc' dir='ltr'>ι</span> <span class='ocrx_word' id='word_1_71' title='bbox 576 636 628 669; x_wconf 84' lang='lat' dir='ltr'><strong>Qui</strong></span> <span class='ocrx_word' id='word_1_72' title='bbox 647 641 712 670; x_wconf 76' lang='lat' dir='ltr'><strong>ergo</strong></span> <span class='ocrx_word' id='word_1_73' title='bbox 726 641 773 668; x_wconf 90' lang='lat' dir='ltr'><strong>per</strong></span> <span class='ocrx_word' id='word_1_74' title='bbox 790 631 904 668; x_wconf 70' lang='lat' dir='ltr'><strong>gratiam</strong></span> <span class='ocrx_word' id='word_1_75' title='bbox 924 631 991 658; x_wconf 86' lang='lat' dir='ltr'><strong>ﬁlia-</strong></span> 
     </span>
    </p>
   </div>
   <div class='ocr_carea' id='block_1_14' title="bbox 206 677 992 717">
    <p class='ocr_par' dir='ltr' id='par_1_14' title="bbox 206 677 992 717">
     <span class='ocr_line' id='line_1_14' title="bbox 206 677 992 717; baseline -0.019 0"><span class='ocrx_word' id='word_1_76' title='bbox 206 691 305 717; x_wconf 88' lang='lat' dir='ltr'><strong>tionem</strong></span> <span class='ocrx_word' id='word_1_77' title='bbox 336 690 497 715; x_wconf 80' lang='lat' dir='ltr'><strong>consecutus</strong></span> <span class='ocrx_word' id='word_1_78' title='bbox 523 687 582 715; x_wconf 85' lang='lat' dir='ltr'><strong>est,</strong></span> <span class='ocrx_word' id='word_1_79' title='bbox 608 686 635 709; x_wconf 90' lang='lat' dir='ltr'><strong>et</strong></span> <span class='ocrx_word' id='word_1_80' title='bbox 663 680 807 708; x_wconf 85' lang='lat' dir='ltr'><strong>ascititiam</strong></span> <span class='ocrx_word' id='word_1_81' title='bbox 836 677 992 713; x_wconf 72' lang='lat' dir='ltr'><strong>dignitatem</strong></span> 
     </span>
    </p>
   </div>
   <div class='ocr_carea' id='block_1_15' title="bbox 206 721 993 769">
    <p class='ocr_par' dir='ltr' id='par_1_15' title="bbox 206 721 993 769">
     <span class='ocr_line' id='line_1_15' title="bbox 206 721 993 769; baseline -0.019 -6"><span class='ocrx_word' id='word_1_82' title='bbox 206 736 318 769; x_wconf 82' lang='lat' dir='ltr'><strong>adeptus</strong></span> <span class='ocrx_word' id='word_1_83' title='bbox 335 737 377 760; x_wconf 85' lang='lat' dir='ltr'><strong>est</strong></span> <span class='ocrx_word' id='word_1_84' title='bbox 401 738 461 758; x_wconf 86' lang='lat' dir='ltr'><strong>esse</strong></span> <span class='ocrx_word' id='word_1_85' title='bbox 478 730 505 757; x_wconf 92' lang='lat' dir='ltr'><strong>id</strong></span> <span class='ocrx_word' id='word_1_86' title='bbox 529 728 601 764; x_wconf 88' lang='lat' dir='ltr'><strong>quod</strong></span> <span class='ocrx_word' id='word_1_87' title='bbox 628 731 679 759; x_wconf 86' lang='lat' dir='ltr'><strong>est,</strong></span> <span class='ocrx_word' id='word_1_88' title='bbox 703 725 832 761; x_wconf 77' lang='lat' dir='ltr'><strong>largietur</strong></span> <span class='ocrx_word' id='word_1_89' title='bbox 845 722 905 750; x_wconf 85' lang='lat' dir='ltr'><strong>aliis</strong></span> <span class='ocrx_word' id='word_1_90' title='bbox 922 721 993 756; x_wconf 89' lang='lat' dir='ltr'><strong>quod</strong></span> 
     </span>
    </p>
   </div>
   <div class='ocr_carea' id='block_1_16' title="bbox 208 770 993 815">
    <p class='ocr_par' dir='ltr' id='par_1_16' title="bbox 208 770 993 815">
     <span class='ocr_line' id='line_1_16' title="bbox 208 770 993 815; baseline -0.018 -7"><span class='ocrx_word' id='word_1_91' title='bbox 208 782 265 815; x_wconf 72' lang='lat' dir='ltr'><strong>ipse</strong></span> <span class='ocrx_word' id='word_1_92' title='bbox 283 786 354 814; x_wconf 64' lang='lat' dir='ltr'><strong>regis</strong></span> <span class='ocrx_word' id='word_1_93' title='bbox 368 782 464 806; x_wconf 81' lang='lat' dir='ltr'><strong>nactus</strong></span> <span class='ocrx_word' id='word_1_94' title='bbox 489 780 539 803; x_wconf 90' lang='lat' dir='ltr'><strong>est.</strong></span> <span class='ocrx_word' id='word_1_95' title='bbox 556 775 653 801; x_wconf 82' lang='lat' dir='ltr'><strong>Annon</strong></span> <span class='ocrx_word' id='word_1_96' title='bbox 678 771 725 799; x_wconf 90' lang='lat' dir='ltr'><strong>tibi</strong></span> <span class='ocrx_word' id='word_1_97' title='bbox 749 771 776 798; x_wconf 88' lang='lat' dir='ltr'><strong>id</strong></span> <span class='ocrx_word' id='word_1_98' title='bbox 793 770 993 798; x_wconf 82' lang='lat' dir='ltr'><strong>dissentaneum</strong></span> 
     </span>
    </p>
   </div>
   <div class='ocr_carea' id='block_1_17' title="bbox 207 823 428 854">
    <p class='ocr_par' dir='ltr' id='par_1_17' title="bbox 207 823 428 854">
     <span class='ocr_line' id='line_1_17' title="bbox 207 823 428 854; baseline -0.014 0"><span class='ocrx_word' id='word_1_99' title='bbox 207 834 270 854; x_wconf 89' lang='lat' dir='ltr'><strong>vero</strong></span> <span class='ocrx_word' id='word_1_100' title='bbox 288 823 428 852; x_wconf 79' lang='lat' dir='ltr'><strong>videatur?</strong></span> 
     </span>
    </p>
   </div>
   <div class='ocr_carea' id='block_1_18' title="bbox 242 872 416 900">
    <p class='ocr_par' dir='ltr' id='par_1_18' title="bbox 242 872 416 900">
     <span class='ocr_line' id='line_1_18' title="bbox 242 872 416 900; baseline -0.011 0"><span class='ocrx_word' id='word_1_101' title='bbox 242 873 273 900; x_wconf 83' lang='grc' dir='ltr'>Β.</span> <span class='ocrx_word' id='word_1_102' title='bbox 289 872 416 900; x_wconf 86' lang='lat' dir='ltr'><strong>Omnino.</strong></span> 
     </span>
    </p>
   </div>
   <div class='ocr_carea' id='block_1_19' title="bbox 1039 259 1832 304">
    <p class='ocr_par' dir='ltr' id='par_1_19' title="bbox 1039 259 1832 304">
     <span class='ocr_line' id='line_1_19' title="bbox 1039 259 1832 304; baseline -0.011 -8"><span class='ocrx_word' id='word_1_103' title='bbox 1039 269 1126 304; x_wconf 81' lang='grc' dir='ltr'><strong>ἀληθῆ</strong></span> <span class='ocrx_word' id='word_1_104' title='bbox 1142 277 1172 295; x_wconf 78' lang='grc' dir='ltr'><strong>τε</strong></span> <span class='ocrx_word' id='word_1_105' title='bbox 1187 268 1234 295; x_wconf 73' lang='grc' dir='ltr'><strong>καὶ</strong></span> <span class='ocrx_word' id='word_1_106' title='bbox 1255 266 1324 294; x_wconf 76' lang='grc' dir='ltr'>κατὰ</span> <span class='ocrx_word' id='word_1_107' title='bbox 1339 267 1430 301; x_wconf 83' lang='grc' dir='ltr'><strong>φύσιν,</strong></span> <span class='ocrx_word' id='word_1_108' title='bbox 1453 265 1532 292; x_wconf 80' lang='grc' dir='ltr'>νοοῖτ⁵</span> <span class='ocrx_word' id='word_1_109' title='bbox 1548 264 1582 291; x_wconf 83' lang='grc' dir='ltr'><strong>ἂν</strong></span> <span class='ocrx_word' id='word_1_110' title='bbox 1604 262 1743 290; x_wconf 78' lang='grc' dir='ltr'><strong>ἐντεῦθεν.</strong></span> <span class='ocrx_word' id='word_1_111' title='bbox 1766 259 1832 288; x_wconf 74' lang='grc' dir='ltr'><strong>Εἶτα</strong></span> 
     </span>
    </p>
   </div>
   <div class='ocr_carea' id='block_1_20' title="bbox 1041 306 1832 348">
    <p class='ocr_par' dir='ltr' id='par_1_20' title="bbox 1041 306 1832 348">
     <span class='ocr_line' id='line_1_20' title="bbox 1041 306 1832 348; baseline -0.01 -8"><span class='ocrx_word' id='word_1_112' title='bbox 1041 313 1108 348; x_wconf 78' lang='grc' dir='ltr'>πρὸς</span> <span class='ocrx_word' id='word_1_113' title='bbox 1129 312 1228 347; x_wconf 74' lang='grc' dir='ltr'><strong>τούτῳ,</strong></span> <span class='ocrx_word' id='word_1_114' title='bbox 1242 312 1290 338; x_wconf 82' lang='grc' dir='ltr'>καὶ</span> <span class='ocrx_word' id='word_1_115' title='bbox 1304 310 1397 346; x_wconf 69' lang='grc' dir='ltr'>ἕτερόν</span> <span class='ocrx_word' id='word_1_116' title='bbox 1415 318 1442 336; x_wconf 78' lang='grc' dir='ltr'><strong>τι</strong></span> <span class='ocrx_word' id='word_1_117' title='bbox 1462 309 1515 335; x_wconf 85' lang='grc' dir='ltr'><strong>τῶν</strong></span> <span class='ocrx_word' id='word_1_118' title='bbox 1531 307 1681 343; x_wconf 82' lang='grc' dir='ltr'><strong>ἀμηχάνων</strong></span> <span class='ocrx_word' id='word_1_119' title='bbox 1697 306 1832 341; x_wconf 68' lang='grc' dir='ltr'>εἰσκρινο-</span> 
     </span>
    </p>
   </div>
   <div class='ocr_carea' id='block_1_21' title="bbox 1040 355 1834 394">
    <p class='ocr_par' dir='ltr' id='par_1_21' title="bbox 1040 355 1834 394">
     <span class='ocr_line' id='line_1_21' title="bbox 1040 355 1834 394; baseline -0.008 -7"><span class='ocrx_word' id='word_1_120' title='bbox 1040 369 1094 392; x_wconf 85' lang='grc' dir='ltr'><strong>ται,</strong></span> <span class='ocrx_word' id='word_1_121' title='bbox 1111 359 1157 386; x_wconf 74' lang='grc' dir='ltr'>καὶ</span> <span class='ocrx_word' id='word_1_122' title='bbox 1170 361 1225 391; x_wconf 84' lang='grc' dir='ltr'><strong>τοῖς</strong></span> <span class='ocrx_word' id='word_1_123' title='bbox 1235 359 1277 390; x_wconf 82' lang='grc' dir='ltr'><strong>εἰς</strong></span> <span class='ocrx_word' id='word_1_124' title='bbox 1291 357 1425 394; x_wconf 81' lang='grc' dir='ltr'><strong>ὀρθότητα</strong></span> <span class='ocrx_word' id='word_1_125' title='bbox 1438 357 1578 392; x_wconf 79' lang='grc' dir='ltr'><strong>λογισμοῖς</strong></span> <span class='ocrx_word' id='word_1_126' title='bbox 1592 356 1643 383; x_wconf 66' lang='grc' dir='ltr'><strong>οὐκ</strong></span> <span class='ocrx_word' id='word_1_127' title='bbox 1659 355 1834 385; x_wconf 70' lang='grc' dir='ltr'><strong>ἀπεοικότως</strong></span> 
     </span>
    </p>
   </div>
   <div class='ocr_carea' id='block_1_22' title="bbox 1040 405 1278 440">
    <p class='ocr_par' dir='ltr' id='par_1_22' title="bbox 1040 405 1278 440">
     <span class='ocr_line' id='line_1_22' title="bbox 1040 405 1278 440; baseline -0.004 -8"><span class='ocrx_word' id='word_1_128' title='bbox 1040 405 1278 440; x_wconf 83' lang='grc' dir='ltr'><strong>ἀντανιστάμενον.</strong></span> 
     </span>
    </p>
   </div>
   <div class='ocr_carea' id='block_1_23' title="bbox 1077 451 1380 486">
    <p class='ocr_par' dir='ltr' id='par_1_23' title="bbox 1077 451 1380 486">
     <span class='ocr_line' id='line_1_23' title="bbox 1077 451 1380 486; baseline -0.007 -8"><span class='ocrx_word' id='word_1_129' title='bbox 1077 452 1108 478; x_wconf 83' lang='grc' dir='ltr'><strong>Β.</strong></span> <span class='ocrx_word' id='word_1_130' title='bbox 1127 451 1164 478; x_wconf 86' lang='grc' dir='ltr'><strong>Τὺ</strong></span> <span class='ocrx_word' id='word_1_131' title='bbox 1178 451 1253 478; x_wconf 87' lang='grc' dir='ltr'>ποῖόν</span> <span class='ocrx_word' id='word_1_132' title='bbox 1266 460 1291 478; x_wconf 83' lang='grc' dir='ltr'><strong>τι</strong></span> <span class='ocrx_word' id='word_1_133' title='bbox 1309 451 1380 486; x_wconf 73' lang='grc' dir='ltr'>φήςς</span> 
     </span>
    </p>
   </div>
   <div class='ocr_carea' id='block_1_24' title="bbox 1077 493 1836 531">
    <p class='ocr_par' dir='ltr' id='par_1_24' title="bbox 1077 493 1836 531">
     <span class='ocr_line' id='line_1_24' title="bbox 1077 493 1836 531; baseline -0.008 -7"><span class='ocrx_word' id='word_1_134' title='bbox 1077 498 1109 524; x_wconf 82' lang='grc' dir='ltr'><strong>Δ.</strong></span> <span class='ocrx_word' id='word_1_135' title='bbox 1137 497 1166 523; x_wconf 90' lang='lat'><strong>&#39;0</strong></span> <span class='ocrx_word' id='word_1_136' title='bbox 1190 496 1327 531; x_wconf 83' lang='grc' dir='ltr'><strong>πάνσοφος</strong></span> <span class='ocrx_word' id='word_1_137' title='bbox 1354 495 1481 530; x_wconf 83' lang='grc' dir='ltr'><strong>Ἰωάννης</strong></span> <span class='ocrx_word' id='word_1_138' title='bbox 1504 494 1567 530; x_wconf 74' lang='grc' dir='ltr'>περὶ</span> <span class='ocrx_word' id='word_1_139' title='bbox 1593 493 1712 529; x_wconf 79' lang='grc' dir='ltr'><strong>Χριστοῦ</strong></span> <span class='ocrx_word' id='word_1_140' title='bbox 1738 500 1836 527; x_wconf 79' lang='grc' dir='ltr'>φησιν·</span> 
     </span>
    </p>
   </div>
   <div class='ocr_carea' id='block_1_25' title="bbox 1045 539 1835 578">
    <p class='ocr_par' dir='ltr' id='par_1_25' title="bbox 1045 539 1835 578">
     <span class='ocr_line' id='line_1_25' title="bbox 1045 539 1835 578; baseline -0.008 -8"><span class='ocrx_word' id='word_1_141' title='bbox 1045 553 1054 570; x_wconf 77' lang='grc' dir='ltr'><strong>ι</strong></span> <span class='ocrx_word' id='word_1_142' title='bbox 1075 544 1123 576; x_wconf 70' lang='grc' dir='ltr'><strong>Εἰς</strong></span> <span class='ocrx_word' id='word_1_143' title='bbox 1133 543 1166 570; x_wconf 74' lang='grc' dir='ltr'><strong>τὰ</strong></span> <span class='ocrx_word' id='word_1_144' title='bbox 1182 543 1236 570; x_wconf 86' lang='grc' dir='ltr'>ῐδια</span> <span class='ocrx_word' id='word_1_145' title='bbox 1250 541 1327 578; x_wconf 77' lang='grc' dir='ltr'><strong>ἦλθε,</strong></span> <span class='ocrx_word' id='word_1_146' title='bbox 1341 542 1389 569; x_wconf 75' lang='grc' dir='ltr'><strong>καὶ</strong></span> <span class='ocrx_word' id='word_1_147' title='bbox 1404 542 1429 568; x_wconf 87' lang='grc' dir='ltr'>οι</span> <span class='ocrx_word' id='word_1_148' title='bbox 1445 541 1505 568; x_wconf 80' lang='grc' dir='ltr'>ῐδιοι</span> <span class='ocrx_word' id='word_1_149' title='bbox 1517 540 1598 567; x_wconf 76' lang='grc' dir='ltr'>αὑτὸν</span> <span class='ocrx_word' id='word_1_150' title='bbox 1616 540 1647 566; x_wconf 77' lang='grc' dir='ltr'><strong>οὐ</strong></span> <span class='ocrx_word' id='word_1_151' title='bbox 1664 539 1835 575; x_wconf 75' lang='grc' dir='ltr'>παρέλαϐον.</span> 
     </span>
    </p>
   </div>
   <div class='ocr_carea' id='block_1_26' title="bbox 1043 585 1838 620">
    <p class='ocr_par' dir='ltr' id='par_1_26' title="bbox 1043 585 1838 620">
     <span class='ocr_line' id='line_1_26' title="bbox 1043 585 1838 620; baseline -0.008 -4"><span class='ocrx_word' id='word_1_152' title='bbox 1043 591 1121 616; x_wconf 78' lang='grc' dir='ltr'>Ὅσοι</span> <span class='ocrx_word' id='word_1_153' title='bbox 1135 589 1163 616; x_wconf 79' lang='grc' dir='ltr'><strong>δὲ</strong></span> <span class='ocrx_word' id='word_1_154' title='bbox 1178 588 1274 615; x_wconf 79' lang='grc' dir='ltr'><strong>ἕ).αὸον</strong></span> <span class='ocrx_word' id='word_1_155' title='bbox 1286 586 1378 620; x_wconf 77' lang='grc' dir='ltr'><strong>αὐτὸν,</strong></span> <span class='ocrx_word' id='word_1_156' title='bbox 1396 586 1495 613; x_wconf 82' lang='grc' dir='ltr'><strong>ἔδωκεν</strong></span> <span class='ocrx_word' id='word_1_157' title='bbox 1505 586 1598 617; x_wconf 82' lang='grc' dir='ltr'>αὐτοῖς</span> <span class='ocrx_word' id='word_1_158' title='bbox 1613 585 1738 617; x_wconf 74' lang='grc' dir='ltr'><strong>ἐξουσίαν</strong></span> <span class='ocrx_word' id='word_1_159' title='bbox 1749 585 1838 611; x_wconf 82' lang='grc' dir='ltr'><strong>τέκνα</strong></span> 
     </span>
    </p>
   </div>
   <div class='ocr_carea' id='block_1_27' title="bbox 1042 630 1838 670">
    <p class='ocr_par' dir='ltr' id='par_1_27' title="bbox 1042 630 1838 670">
     <span class='ocr_line' id='line_1_27' title="bbox 1042 630 1838 670; baseline -0.01 -7"><span class='ocrx_word' id='word_1_160' title='bbox 1042 636 1110 663; x_wconf 85' lang='grc' dir='ltr'><strong>Θεοῦ</strong></span> <span class='ocrx_word' id='word_1_161' title='bbox 1139 635 1277 670; x_wconf 75' lang='grc' dir='ltr'><strong>γενέσθαι.</strong></span> <span class='ocrx_word' id='word_1_162' title='bbox 1293 644 1302 661; x_wconf 78' lang='grc' dir='ltr'>ι</span> <span class='ocrx_word' id='word_1_163' title='bbox 1321 632 1386 669; x_wconf 67' lang='grc' dir='ltr'><strong>’Ἆρ’</strong></span> <span class='ocrx_word' id='word_1_164' title='bbox 1408 631 1454 660; x_wconf 72' lang='grc' dir='ltr'><strong>οὖν</strong></span> <span class='ocrx_word' id='word_1_165' title='bbox 1473 634 1488 660; x_wconf 85' lang='grc' dir='ltr'><strong>ό</strong></span> <span class='ocrx_word' id='word_1_166' title='bbox 1513 633 1604 668; x_wconf 78' lang='grc' dir='ltr'>χάριτι</span> <span class='ocrx_word' id='word_1_167' title='bbox 1622 632 1672 667; x_wconf 80' lang='grc' dir='ltr'><strong>τὴν</strong></span> <span class='ocrx_word' id='word_1_168' title='bbox 1696 630 1838 657; x_wconf 74' lang='grc' dir='ltr'>υἱοθεσίαν</span> 
     </span>
    </p>
   </div>
   <div class='ocr_carea' id='block_1_28' title="bbox 1043 675 1840 717">
    <p class='ocr_par' dir='ltr' id='par_1_28' title="bbox 1043 675 1840 717">
     <span class='ocr_line' id='line_1_28' title="bbox 1043 675 1840 717; baseline -0.009 -9"><span class='ocrx_word' id='word_1_169' title='bbox 1043 682 1128 717; x_wconf 77' lang='grc' dir='ltr'><strong>ἔχων,</strong></span> <span class='ocrx_word' id='word_1_170' title='bbox 1153 683 1200 708; x_wconf 80' lang='grc' dir='ltr'>καὶ</span> <span class='ocrx_word' id='word_1_171' title='bbox 1224 679 1430 716; x_wconf 77' lang='grc' dir='ltr'>εἰσκεκριμινον</span> <span class='ocrx_word' id='word_1_172' title='bbox 1454 679 1525 706; x_wconf 70' lang='grc' dir='ltr'><strong>ἑλεῖν</strong></span> <span class='ocrx_word' id='word_1_173' title='bbox 1548 678 1657 713; x_wconf 76' lang='grc' dir='ltr'><strong>ὰξξωμα</strong></span> <span class='ocrx_word' id='word_1_174' title='bbox 1681 677 1713 704; x_wconf 75' lang='grc' dir='ltr'><strong>τὸ</strong></span> <span class='ocrx_word' id='word_1_175' title='bbox 1729 675 1804 703; x_wconf 72' lang='grc' dir='ltr'>εἶναι</span> <span class='ocrx_word' id='word_1_176' title='bbox 1825 677 1840 701; x_wconf 76' lang='grc' dir='ltr'><strong>ὅ</strong></span> 
     </span>
    </p>
   </div>
   <div class='ocr_carea' id='block_1_29' title="bbox 1043 723 1836 764">
    <p class='ocr_par' dir='ltr' id='par_1_29' title="bbox 1043 723 1836 764">
     <span class='ocr_line' id='line_1_29' title="bbox 1043 723 1836 764; baseline -0.008 -8"><span class='ocrx_word' id='word_1_177' title='bbox 1043 730 1112 762; x_wconf 68' lang='grc' dir='ltr'><strong>ἐστι,</strong></span> <span class='ocrx_word' id='word_1_178' title='bbox 1131 729 1269 764; x_wconf 74' lang='grc' dir='ltr'>χαρίσαιτ’</span> <span class='ocrx_word' id='word_1_179' title='bbox 1287 727 1320 755; x_wconf 76' lang='grc' dir='ltr'><strong>ἂν</strong></span> <span class='ocrx_word' id='word_1_180' title='bbox 1345 726 1392 753; x_wconf 76' lang='grc' dir='ltr'><strong>καὶ</strong></span> <span class='ocrx_word' id='word_1_181' title='bbox 1407 726 1512 762; x_wconf 76' lang='grc' dir='ltr'>ἑτέροις</span> <span class='ocrx_word' id='word_1_182' title='bbox 1526 726 1541 752; x_wconf 78' lang='grc' dir='ltr'><strong>ὃ</strong></span> <span class='ocrx_word' id='word_1_183' title='bbox 1555 725 1728 759; x_wconf 75' lang='grc' dir='ltr'><strong>πεπλούτηκε</strong></span> <span class='ocrx_word' id='word_1_184' title='bbox 1747 723 1836 758; x_wconf 80' lang='grc' dir='ltr'><strong>μόλις.</strong></span> 
     </span>
    </p>
   </div>
   <div class='ocr_carea' id='block_1_30' title="bbox 1045 772 1634 808">
    <p class='ocr_par' dir='ltr' id='par_1_30' title="bbox 1045 772 1634 808">
     <span class='ocr_line' id='line_1_30' title="bbox 1045 772 1634 808; baseline -0.007 -6"><span class='ocrx_word' id='word_1_185' title='bbox 1045 775 1102 802; x_wconf 84' lang='grc' dir='ltr'><strong>Οὐκ</strong></span> <span class='ocrx_word' id='word_1_186' title='bbox 1113 775 1244 802; x_wconf 77' lang='grc' dir='ltr'>ἀπίθανον</span> <span class='ocrx_word' id='word_1_187' title='bbox 1255 772 1324 801; x_wconf 73' lang='grc' dir='ltr'>εἶναι</span> <span class='ocrx_word' id='word_1_188' title='bbox 1341 782 1383 800; x_wconf 84' lang='grc' dir='ltr'><strong>σοι</strong></span> <span class='ocrx_word' id='word_1_189' title='bbox 1394 773 1426 800; x_wconf 78' lang='grc' dir='ltr'><strong>τὺ</strong></span> <span class='ocrx_word' id='word_1_190' title='bbox 1436 773 1530 808; x_wconf 82' lang='grc' dir='ltr'>χρῆμα</span> <span class='ocrx_word' id='word_1_191' title='bbox 1543 772 1616 798; x_wconf 80' lang='grc' dir='ltr'>δοκεῖ</span> <span class='ocrx_word' id='word_1_192' title='bbox 1627 780 1634 804; x_wconf 87' lang='grc'>;</span> 
     </span>
    </p>
   </div>
   <div class='ocr_carea' id='block_1_31' title="bbox 1082 865 1285 900">
    <p class='ocr_par' dir='ltr' id='par_1_31' title="bbox 1082 865 1285 900">
     <span class='ocr_line' id='line_1_31' title="bbox 1082 865 1285 900; baseline -0.01 -7"><span class='ocrx_word' id='word_1_193' title='bbox 1082 866 1113 893; x_wconf 82' lang='grc' dir='ltr'><strong>Β.</strong></span> <span class='ocrx_word' id='word_1_194' title='bbox 1130 866 1184 893; x_wconf 70' lang='grc' dir='ltr'><strong>Καὶ</strong></span> <span class='ocrx_word' id='word_1_195' title='bbox 1200 865 1285 900; x_wconf 74' lang='grc' dir='ltr'>μάλα.</span> 
     </span>
    </p>
   </div>
   <div class='ocr_carea' id='block_1_32' title="bbox 241 899 1001 952">
    <p class='ocr_par' dir='ltr' id='par_1_32' title="bbox 241 907 994 952">
     <span class='ocr_line' id='line_1_32' title="bbox 241 907 994 952; baseline -0.019 -5"><span class='ocrx_word' id='word_1_196' title='bbox 241 920 273 947; x_wconf 74' lang='grc' dir='ltr'><strong>Δ.</strong></span> <span class='ocrx_word' id='word_1_197' title='bbox 293 917 370 952; x_wconf 83' lang='lat' dir='ltr'><strong>Quod</strong></span> <span class='ocrx_word' id='word_1_198' title='bbox 384 923 447 944; x_wconf 89' lang='lat' dir='ltr'><strong>vero</strong></span> <span class='ocrx_word' id='word_1_199' title='bbox 474 923 526 943; x_wconf 90' lang='lat' dir='ltr'><strong>non</strong></span> <span class='ocrx_word' id='word_1_200' title='bbox 554 911 712 941; x_wconf 79' lang='lat' dir='ltr'><strong>naturaliter</strong></span> <span class='ocrx_word' id='word_1_201' title='bbox 733 910 813 941; x_wconf 80' lang='lat' dir='ltr'><strong>inest,</strong></span> <span class='ocrx_word' id='word_1_202' title='bbox 835 909 882 936; x_wconf 85' lang='lat' dir='ltr'><strong>sed</strong></span> <span class='ocrx_word' id='word_1_203' title='bbox 907 907 994 942; x_wconf 82' lang='lat' dir='ltr'><strong>potius</strong></span> 
     </span>
    </p>
   </div>
   <div class='ocr_carea' id='block_1_33' title="bbox 1059 899 1840 952">
    <p class='ocr_par' dir='ltr' id='par_1_33' title="bbox 1083 899 1840 947">
     <span class='ocr_line' id='line_1_33' title="bbox 1083 899 1840 947; baseline -0.009 -8"><span class='ocrx_word' id='word_1_204' title='bbox 1083 914 1114 940; x_wconf 83' lang='lat' dir='ltr'><strong>A.</strong></span> <span class='ocrx_word' id='word_1_205' title='bbox 1134 913 1170 939; x_wconf 77' lang='grc' dir='ltr'>Τὸ</span> <span class='ocrx_word' id='word_1_206' title='bbox 1182 899 1210 938; x_wconf 55' lang='grc' dir='ltr'><strong>δὲ</strong></span> <span class='ocrx_word' id='word_1_207' title='bbox 1225 912 1262 947; x_wconf 84' lang='grc' dir='ltr'><strong>μὴ</strong></span> <span class='ocrx_word' id='word_1_208' title='bbox 1281 911 1359 945; x_wconf 77' lang='grc' dir='ltr'>φύσει</span> <span class='ocrx_word' id='word_1_209' title='bbox 1376 908 1488 944; x_wconf 78' lang='grc' dir='ltr'><strong>προσὸν,</strong></span> <span class='ocrx_word' id='word_1_210' title='bbox 1501 907 1600 942; x_wconf 73' lang='grc' dir='ltr'><strong>ἔξωθεν</strong></span> <span class='ocrx_word' id='word_1_211' title='bbox 1618 908 1646 935; x_wconf 83' lang='grc' dir='ltr'><strong>δὲ</strong></span> <span class='ocrx_word' id='word_1_212' title='bbox 1660 908 1764 943; x_wconf 72' lang='grc' dir='ltr'>μᾶλλον</span> <span class='ocrx_word' id='word_1_213' title='bbox 1786 907 1840 932; x_wconf 71' lang='grc' dir='ltr'><strong>εισ-</strong></span> 
     </span>
    </p>
   </div>
   <div class='ocr_carea' id='block_1_34' title="bbox 209 953 996 996">
    <p class='ocr_par' dir='ltr' id='par_1_34' title="bbox 209 953 996 996">
     <span class='ocr_line' id='line_1_34' title="bbox 209 953 996 996; baseline -0.019 -2"><span class='ocrx_word' id='word_1_214' title='bbox 209 966 385 995; x_wconf 83' lang='lat' dir='ltr'><strong>adventitium</strong></span> <span class='ocrx_word' id='word_1_215' title='bbox 399 968 450 996; x_wconf 87' lang='lat' dir='ltr'><strong>est,</strong></span> <span class='ocrx_word' id='word_1_216' title='bbox 475 969 564 990; x_wconf 89' lang='lat' dir='ltr'><strong>nonne</strong></span> <span class='ocrx_word' id='word_1_217' title='bbox 580 960 662 988; x_wconf 89' lang='lat' dir='ltr'><strong>etiam</strong></span> <span class='ocrx_word' id='word_1_218' title='bbox 682 956 741 985; x_wconf 89' lang='lat' dir='ltr'><strong>ﬁeri</strong></span> <span class='ocrx_word' id='word_1_219' title='bbox 758 959 847 991; x_wconf 82' lang='lat' dir='ltr'><strong>potest</strong></span> <span class='ocrx_word' id='word_1_220' title='bbox 864 959 892 982; x_wconf 88' lang='lat' dir='ltr'><strong>ut</strong></span> <span class='ocrx_word' id='word_1_221' title='bbox 918 953 996 980; x_wconf 68' lang='lat' dir='ltr'><strong>amit-</strong></span> 
     </span>
    </p>
   </div>
   <div class='ocr_carea' id='block_1_35' title="bbox 211 1014 301 1041">
    <p class='ocr_par' dir='ltr' id='par_1_35' title="bbox 211 1014 301 1041">
     <span class='ocr_line' id='line_1_35' title="bbox 211 1014 301 1041; baseline -0.011 0"><span class='ocrx_word' id='word_1_222' title='bbox 211 1014 301 1041; x_wconf 88' lang='lat' dir='ltr'><strong>tatur?</strong></span> 
     </span>
    </p>
   </div>
   <div class='ocr_carea' id='block_1_36' title="bbox 245 1057 411 1092">
    <p class='ocr_par' dir='ltr' id='par_1_36' title="bbox 245 1057 411 1092">
     <span class='ocr_line' id='line_1_36' title="bbox 245 1057 411 1092; baseline -0.018 -5"><span class='ocrx_word' id='word_1_223' title='bbox 245 1060 276 1087; x_wconf 86' lang='grc' dir='ltr'><strong>Β.</strong></span> <span class='ocrx_word' id='word_1_224' title='bbox 296 1057 411 1092; x_wconf 70' lang='lat' dir='ltr'><strong>Quidni?</strong></span> 
     </span>
    </p>
   </div>
   <div class='ocr_carea' id='block_1_37' title="bbox 247 1090 998 1137">
    <p class='ocr_par' dir='ltr' id='par_1_37' title="bbox 247 1090 998 1137">
     <span class='ocr_line' id='line_1_37' title="bbox 247 1090 998 1137; baseline -0.024 -3"><span class='ocrx_word' id='word_1_225' title='bbox 247 1109 279 1135; x_wconf 79' lang='grc' dir='ltr'><strong>Α.</strong></span> <span class='ocrx_word' id='word_1_226' title='bbox 301 1090 372 1133; x_wconf 54' lang='grc' dir='ltr'><strong>ᾖετί</strong></span> <span class='ocrx_word' id='word_1_227' title='bbox 387 1105 478 1137; x_wconf 87' lang='lat' dir='ltr'><strong>itaque</strong></span> <span class='ocrx_word' id='word_1_228' title='bbox 489 1100 589 1137; x_wconf 90' lang='lat' dir='ltr'><strong>poterit</strong></span> <span class='ocrx_word' id='word_1_229' title='bbox 600 1104 629 1126; x_wconf 90' lang='lat' dir='ltr'><strong>ut</strong></span> <span class='ocrx_word' id='word_1_230' title='bbox 640 1102 668 1126; x_wconf 85' lang='lat' dir='ltr'><strong>et</strong></span> <span class='ocrx_word' id='word_1_231' title='bbox 679 1097 765 1125; x_wconf 85' lang='lat' dir='ltr'><strong>Filius</strong></span> <span class='ocrx_word' id='word_1_232' title='bbox 775 1092 920 1129; x_wconf 84' lang='lat' dir='ltr'><strong>aliquando</strong></span> <span class='ocrx_word' id='word_1_233' title='bbox 933 1090 998 1117; x_wconf 89' lang='lat' dir='ltr'><strong>ﬁlia-</strong></span> 
     </span>
    </p>
   </div>
   <div class='ocr_carea' id='block_1_38' title="bbox 213 1135 997 1181">
    <p class='ocr_par' dir='ltr' id='par_1_38' title="bbox 213 1135 997 1181">
     <span class='ocr_line' id='line_1_38' title="bbox 213 1135 997 1181; baseline -0.024 0"><span class='ocrx_word' id='word_1_234' title='bbox 213 1153 284 1181; x_wconf 89' lang='lat' dir='ltr'><strong>tione</strong></span> <span class='ocrx_word' id='word_1_235' title='bbox 309 1158 357 1178; x_wconf 83' lang='lat' dir='ltr'><strong>sua</strong></span> <span class='ocrx_word' id='word_1_236' title='bbox 383 1135 501 1177; x_wconf 79' lang='lat' dir='ltr'><strong>excidat.</strong></span> <span class='ocrx_word' id='word_1_237' title='bbox 530 1145 624 1180; x_wconf 80' lang='lat' dir='ltr'><strong>Neque</strong></span> <span class='ocrx_word' id='word_1_238' title='bbox 653 1143 727 1171; x_wconf 90' lang='lat' dir='ltr'><strong>enim</strong></span> <span class='ocrx_word' id='word_1_239' title='bbox 750 1146 827 1169; x_wconf 77' lang='lat' dir='ltr'><strong>extra</strong></span> <span class='ocrx_word' id='word_1_240' title='bbox 857 1135 997 1166; x_wconf 84' lang='lat' dir='ltr'><strong>amittendi</strong></span> 
     </span>
    </p>
   </div>
   <div class='ocr_carea' id='block_1_39' title="bbox 211 1187 996 1232">
    <p class='ocr_par' dir='ltr' id='par_1_39' title="bbox 211 1187 996 1232">
     <span class='ocr_line' id='line_1_39' title="bbox 211 1187 996 1232; baseline -0.023 -6"><span class='ocrx_word' id='word_1_241' title='bbox 211 1200 295 1226; x_wconf 74' lang='lat' dir='ltr'><strong>alcaui</strong></span> <span class='ocrx_word' id='word_1_242' title='bbox 313 1196 429 1232; x_wconf 80' lang='lat' dir='ltr'><strong>pusitum</strong></span> <span class='ocrx_word' id='word_1_243' title='bbox 443 1199 483 1222; x_wconf 87' lang='lat' dir='ltr'><strong>est</strong></span> <span class='ocrx_word' id='word_1_244' title='bbox 497 1192 568 1228; x_wconf 89' lang='lat' dir='ltr'><strong>quod</strong></span> <span class='ocrx_word' id='word_1_245' title='bbox 584 1196 679 1218; x_wconf 86' lang='lat' dir='ltr'><strong>natura</strong></span> <span class='ocrx_word' id='word_1_246' title='bbox 693 1187 842 1217; x_wconf 82' lang='lat' dir='ltr'><strong>stabilitqu</strong></span> <span class='ocrx_word' id='word_1_247' title='bbox 867 1191 919 1212; x_wconf 90' lang='lat' dir='ltr'><strong>non</strong></span> <span class='ocrx_word' id='word_1_248' title='bbox 945 1187 996 1209; x_wconf 88' lang='lat' dir='ltr'><strong>est.</strong></span> 
     </span>
    </p>
   </div>
   <div class='ocr_carea' id='block_1_40' title="bbox 246 1284 466 1314">
    <p class='ocr_par' dir='ltr' id='par_1_40' title="bbox 246 1284 466 1314">
     <span class='ocr_line' id='line_1_40' title="bbox 246 1284 466 1314; baseline -0.023 0"><span class='ocrx_word' id='word_1_249' title='bbox 246 1287 277 1314; x_wconf 85' lang='grc' dir='ltr'><strong>Β.</strong></span> <span class='ocrx_word' id='word_1_250' title='bbox 299 1287 338 1313; x_wconf 88' lang='lat' dir='ltr'><strong>lta</strong></span> <span class='ocrx_word' id='word_1_251' title='bbox 349 1284 466 1311; x_wconf 86' lang='lat' dir='ltr'><strong>videtur.</strong></span> 
     </span>
    </p>
   </div>
   <div class='ocr_carea' id='block_1_41' title="bbox 246 1323 1000 1361">
    <p class='ocr_par' dir='ltr' id='par_1_41' title="bbox 246 1323 1000 1361">
     <span class='ocr_line' id='line_1_41' title="bbox 246 1323 1000 1361; baseline -0.019 -1"><span class='ocrx_word' id='word_1_252' title='bbox 246 1334 279 1361; x_wconf 78' lang='grc' dir='ltr'><strong>Α.</strong></span> <span class='ocrx_word' id='word_1_253' title='bbox 303 1331 356 1359; x_wconf 85' lang='lat' dir='ltr'><strong>Sed</strong></span> <span class='ocrx_word' id='word_1_254' title='bbox 369 1335 396 1358; x_wconf 92' lang='lat' dir='ltr'><strong>et</strong></span> <span class='ocrx_word' id='word_1_255' title='bbox 410 1329 462 1356; x_wconf 83' lang='lat' dir='ltr'><strong>alia</strong></span> <span class='ocrx_word' id='word_1_256' title='bbox 477 1327 582 1356; x_wconf 84' lang='lat' dir='ltr'><strong>ratione</strong></span> <span class='ocrx_word' id='word_1_257' title='bbox 595 1323 710 1361; x_wconf 83' lang='lat' dir='ltr'><strong>perspici</strong></span> <span class='ocrx_word' id='word_1_258' title='bbox 723 1327 812 1359; x_wconf 83' lang='lat' dir='ltr'><strong>potest</strong></span> <span class='ocrx_word' id='word_1_259' title='bbox 827 1325 930 1356; x_wconf 84' lang='lat' dir='ltr'><strong>quanta</strong></span> <span class='ocrx_word' id='word_1_260' title='bbox 943 1324 1000 1346; x_wconf 90' lang='lat' dir='ltr'><strong>tur-</strong></span> 
     </span>
    </p>
   </div>
   <div class='ocr_carea' id='block_1_42' title="bbox 213 1366 998 1416">
    <p class='ocr_par' dir='ltr' id='par_1_42' title="bbox 213 1366 998 1416">
     <span class='ocr_line' id='line_1_42' title="bbox 213 1366 998 1416; baseline -0.02 -8"><span class='ocrx_word' id='word_1_261' title='bbox 213 1380 334 1416; x_wconf 89' lang='lat' dir='ltr'><strong>pitudine</strong></span> <span class='ocrx_word' id='word_1_262' title='bbox 349 1375 570 1408; x_wconf 83' lang='lat' dir='ltr'><strong>absurditatequc</strong></span> <span class='ocrx_word' id='word_1_263' title='bbox 586 1372 691 1400; x_wconf 91' lang='lat' dir='ltr'><strong>illorum</strong></span> <span class='ocrx_word' id='word_1_264' title='bbox 704 1369 826 1398; x_wconf 77' lang='lat' dir='ltr'><strong>doctrinm</strong></span> <span class='ocrx_word' id='word_1_265' title='bbox 840 1367 875 1395; x_wconf 84' lang='lat' dir='ltr'><strong>sit</strong></span> <span class='ocrx_word' id='word_1_266' title='bbox 888 1366 998 1394; x_wconf 82' lang='lat' dir='ltr'><strong>referta.</strong></span> 
     </span>
    </p>
   </div>
   <div class='ocr_carea' id='block_1_43' title="bbox 214 1414 1000 1454">
    <p class='ocr_par' dir='ltr' id='par_1_43' title="bbox 214 1414 1000 1454">
     <span class='ocr_line' id='line_1_43' title="bbox 214 1414 1000 1454; baseline -0.022 0"><span class='ocrx_word' id='word_1_267' title='bbox 214 1414 279 1454; x_wconf 71' lang='lat' dir='ltr'><strong>Nam</strong></span> <span class='ocrx_word' id='word_1_268' title='bbox 294 1425 317 1452; x_wconf 89' lang='lat' dir='ltr'><strong>si</strong></span> <span class='ocrx_word' id='word_1_269' title='bbox 330 1430 422 1451; x_wconf 88' lang='lat' dir='ltr'><strong>verum</strong></span> <span class='ocrx_word' id='word_1_270' title='bbox 443 1426 494 1453; x_wconf 87' lang='lat' dir='ltr'><strong>est,</strong></span> <span class='ocrx_word' id='word_1_271' title='bbox 509 1419 536 1446; x_wconf 90' lang='lat' dir='ltr'><strong>id</strong></span> <span class='ocrx_word' id='word_1_272' title='bbox 550 1417 623 1453; x_wconf 90' lang='lat' dir='ltr'><strong>quod</strong></span> <span class='ocrx_word' id='word_1_273' title='bbox 647 1423 696 1451; x_wconf 89' lang='lat' dir='ltr'><strong>per</strong></span> <span class='ocrx_word' id='word_1_274' title='bbox 713 1414 884 1449; x_wconf 85' lang='lat' dir='ltr'><strong>adoptionem</strong></span> <span class='ocrx_word' id='word_1_275' title='bbox 897 1417 924 1439; x_wconf 90' lang='lat' dir='ltr'><strong>et</strong></span> <span class='ocrx_word' id='word_1_276' title='bbox 938 1418 1000 1446; x_wconf 74' lang='lat' dir='ltr'><strong>gra-</strong></span> 
     </span>
    </p>
   </div>
   <div class='ocr_carea' id='block_1_44' title="bbox 214 1456 1001 1502">
    <p class='ocr_par' dir='ltr' id='par_1_44' title="bbox 214 1456 1001 1502">
     <span class='ocr_line' id='line_1_44' title="bbox 214 1456 1001 1502; baseline -0.023 -1"><span class='ocrx_word' id='word_1_277' title='bbox 214 1475 278 1501; x_wconf 84' lang='lat' dir='ltr'><strong>tiam</strong></span> <span class='ocrx_word' id='word_1_278' title='bbox 292 1475 333 1499; x_wconf 88' lang='lat' dir='ltr'><strong>est</strong></span> <span class='ocrx_word' id='word_1_279' title='bbox 360 1467 565 1497; x_wconf 80' lang='lat' dir='ltr'><strong>similitudinem</strong></span> <span class='ocrx_word' id='word_1_280' title='bbox 585 1462 687 1502; x_wconf 75' lang='lat' dir='ltr'><strong>referre</strong></span> <span class='ocrx_word' id='word_1_281' title='bbox 703 1461 762 1497; x_wconf 84' lang='lat' dir='ltr'><strong>ejus</strong></span> <span class='ocrx_word' id='word_1_282' title='bbox 778 1460 849 1496; x_wconf 89' lang='lat' dir='ltr'><strong>quod</strong></span> <span class='ocrx_word' id='word_1_283' title='bbox 870 1456 1001 1486; x_wconf 86' lang='lat' dir='ltr'><strong>naturali-</strong></span> 
     </span>
    </p>
   </div>
   <div class='ocr_carea' id='block_1_45' title="bbox 215 1502 1002 1548">
    <p class='ocr_par' dir='ltr' id='par_1_45' title="bbox 215 1502 1002 1548">
     <span class='ocr_line' id='line_1_45' title="bbox 215 1502 1002 1548; baseline -0.024 0"><span class='ocrx_word' id='word_1_284' title='bbox 215 1526 255 1548; x_wconf 89' lang='lat' dir='ltr'><strong>ter</strong></span> <span class='ocrx_word' id='word_1_285' title='bbox 271 1525 303 1546; x_wconf 85' lang='lat' dir='ltr'><strong>ac</strong></span> <span class='ocrx_word' id='word_1_286' title='bbox 321 1523 383 1544; x_wconf 85' lang='lat' dir='ltr'><strong>vere</strong></span> <span class='ocrx_word' id='word_1_287' title='bbox 398 1520 440 1542; x_wconf 85' lang='lat' dir='ltr'><strong>est</strong></span> <span class='ocrx_word' id='word_1_288' title='bbox 453 1523 461 1541; x_wconf 73' lang='grc' dir='ltr'><strong>ι</strong></span> <span class='ocrx_word' id='word_1_289' title='bbox 476 1519 529 1548; x_wconf 91' lang='lat' dir='ltr'><strong>quo</strong></span> <span class='ocrx_word' id='word_1_290' title='bbox 544 1502 622 1546; x_wconf 76' lang='lat' dir='ltr'><strong>pacto</strong></span> <span class='ocrx_word' id='word_1_291' title='bbox 638 1509 724 1538; x_wconf 89' lang='lat' dir='ltr'><strong>simus</strong></span> <span class='ocrx_word' id='word_1_292' title='bbox 745 1514 794 1535; x_wconf 90' lang='lat' dir='ltr'><strong>nos</strong></span> <span class='ocrx_word' id='word_1_293' title='bbox 814 1513 862 1541; x_wconf 88' lang='lat' dir='ltr'><strong>per</strong></span> <span class='ocrx_word' id='word_1_294' title='bbox 882 1503 1002 1538; x_wconf 87' lang='lat' dir='ltr'><strong>adoptio-</strong></span> 
     </span>
    </p>
   </div>
   <div class='ocr_carea' id='block_1_46' title="bbox 214 1554 1002 1596">
    <p class='ocr_par' dir='ltr' id='par_1_46' title="bbox 214 1554 1002 1596">
     <span class='ocr_line' id='line_1_46' title="bbox 214 1554 1002 1596; baseline -0.023 -2"><span class='ocrx_word' id='word_1_295' title='bbox 214 1574 275 1594; x_wconf 86' lang='lat' dir='ltr'><strong>nem</strong></span> <span class='ocrx_word' id='word_1_296' title='bbox 294 1564 352 1596; x_wconf 92' lang='lat' dir='ltr'><strong>ﬁlii,</strong></span> <span class='ocrx_word' id='word_1_297' title='bbox 369 1561 526 1590; x_wconf 85' lang='lat' dir='ltr'><strong>relationem</strong></span> <span class='ocrx_word' id='word_1_298' title='bbox 551 1557 586 1584; x_wconf 90' lang='lat' dir='ltr'><strong>ad</strong></span> <span class='ocrx_word' id='word_1_299' title='bbox 609 1556 698 1590; x_wconf 89' lang='lat' dir='ltr'><strong>ipsum</strong></span> <span class='ocrx_word' id='word_1_300' title='bbox 724 1554 856 1581; x_wconf 82' lang='lat' dir='ltr'><strong>habentes</strong></span> <span class='ocrx_word' id='word_1_301' title='bbox 884 1557 911 1578; x_wconf 89' lang='lat' dir='ltr'><strong>ut</strong></span> <span class='ocrx_word' id='word_1_302' title='bbox 939 1556 1002 1577; x_wconf 84' lang='lat' dir='ltr'><strong>vere</strong></span> 
     </span>
    </p>
   </div>
   <div class='ocr_carea' id='block_1_47' title="bbox 215 1595 1002 1642">
    <p class='ocr_par' dir='ltr' id='par_1_47' title="bbox 215 1595 1002 1642">
     <span class='ocr_line' id='line_1_47' title="bbox 215 1595 1002 1642; baseline -0.023 -2"><span class='ocrx_word' id='word_1_303' title='bbox 215 1613 328 1642; x_wconf 81' lang='lat' dir='ltr'><strong>Filium,</strong></span> <span class='ocrx_word' id='word_1_304' title='bbox 357 1609 380 1636; x_wconf 91' lang='lat' dir='ltr'><strong>si</strong></span> <span class='ocrx_word' id='word_1_305' title='bbox 408 1608 490 1636; x_wconf 85' lang='lat' dir='ltr'><strong>etiam</strong></span> <span class='ocrx_word' id='word_1_306' title='bbox 515 1606 571 1640; x_wconf 87' lang='lat' dir='ltr'><strong>ipse</strong></span> <span class='ocrx_word' id='word_1_307' title='bbox 601 1602 741 1630; x_wconf 80' lang='lat' dir='ltr'><strong>nobiscum</strong></span> <span class='ocrx_word' id='word_1_308' title='bbox 766 1600 837 1627; x_wconf 91' lang='lat' dir='ltr'><strong>inter</strong></span> <span class='ocrx_word' id='word_1_309' title='bbox 857 1595 1002 1631; x_wconf 85' lang='lat' dir='ltr'><strong>adoptitios</strong></span> 
     </span>
    </p>
   </div>
   <div class='ocr_carea' id='block_1_48' title="bbox 215 1644 1003 1690">
    <p class='ocr_par' dir='ltr' id='par_1_48' title="bbox 215 1644 1003 1690">
     <span class='ocr_line' id='line_1_48' title="bbox 215 1644 1003 1690; baseline -0.023 -4"><span class='ocrx_word' id='word_1_310' title='bbox 215 1650 362 1686; x_wconf 70' lang='lat' dir='ltr'><strong>censetur?</strong></span> <span class='ocrx_word' id='word_1_311' title='bbox 376 1661 430 1690; x_wconf 86' lang='lat' dir='ltr'><strong>quo</strong></span> <span class='ocrx_word' id='word_1_312' title='bbox 457 1656 536 1687; x_wconf 84' lang='lat' dir='ltr'><strong>pacto</strong></span> <span class='ocrx_word' id='word_1_313' title='bbox 557 1655 647 1677; x_wconf 88' lang='lat' dir='ltr'><strong>autem</strong></span> <span class='ocrx_word' id='word_1_314' title='bbox 677 1648 705 1675; x_wconf 90' lang='lat' dir='ltr'><strong>in</strong></span> <span class='ocrx_word' id='word_1_315' title='bbox 732 1644 898 1680; x_wconf 69' lang='lat' dir='ltr'><strong>ev:mgelicis</strong></span> <span class='ocrx_word' id='word_1_316' title='bbox 917 1649 1003 1678; x_wconf 82' lang='lat' dir='ltr'><strong>para-</strong></span> 
     </span>
    </p>
   </div>
   <div class='ocr_carea' id='block_1_49' title="bbox 215 1689 1003 1736">
    <p class='ocr_par' dir='ltr' id='par_1_49' title="bbox 215 1689 1003 1736">
     <span class='ocr_line' id='line_1_49' title="bbox 215 1689 1003 1736; baseline -0.023 -4"><span class='ocrx_word' id='word_1_317' title='bbox 215 1704 286 1732; x_wconf 81' lang='lat' dir='ltr'><strong>bolis</strong></span> <span class='ocrx_word' id='word_1_318' title='bbox 312 1707 440 1736; x_wconf 79' lang='lat' dir='ltr'><strong>tanquam</strong></span> <span class='ocrx_word' id='word_1_319' title='bbox 459 1698 532 1725; x_wconf 83' lang='lat' dir='ltr'><strong>ﬁlius</strong></span> <span class='ocrx_word' id='word_1_320' title='bbox 562 1695 676 1723; x_wconf 83' lang='lat' dir='ltr'><strong>mittitur</strong></span> <span class='ocrx_word' id='word_1_321' title='bbox 703 1696 765 1728; x_wconf 81' lang='lat' dir='ltr'><strong>post</strong></span> <span class='ocrx_word' id='word_1_322' title='bbox 788 1689 901 1719; x_wconf 84' lang='lat' dir='ltr'><strong>servos?</strong></span> <span class='ocrx_word' id='word_1_323' title='bbox 922 1695 1003 1723; x_wconf 91' lang='lat' dir='ltr'><strong>quem</strong></span> 
     </span>
    </p>
   </div>
   <div class='ocr_carea' id='block_1_50' title="bbox 216 1733 1004 1780">
    <p class='ocr_par' dir='ltr' id='par_1_50' title="bbox 216 1733 1004 1780">
     <span class='ocr_line' id='line_1_50' title="bbox 216 1733 1004 1780; baseline -0.023 -3"><span class='ocrx_word' id='word_1_324' title='bbox 216 1756 278 1777; x_wconf 87' lang='lat' dir='ltr'><strong>cum</strong></span> <span class='ocrx_word' id='word_1_325' title='bbox 306 1733 477 1780; x_wconf 73' lang='lat' dir='ltr'><strong>aspexissent</strong></span> <span class='ocrx_word' id='word_1_326' title='bbox 493 1746 634 1770; x_wconf 87' lang='lat' dir='ltr'><strong>curatores</strong></span> <span class='ocrx_word' id='word_1_327' title='bbox 655 1739 753 1769; x_wconf 78' lang='lat' dir='ltr'><strong>vineae,</strong></span> <span class='ocrx_word' id='word_1_328' title='bbox 766 1736 894 1763; x_wconf 82' lang='lat' dir='ltr'><strong>dixerunt</strong></span> <span class='ocrx_word' id='word_1_329' title='bbox 908 1743 915 1760; x_wconf 90' lang='lat'><strong>:</strong></span> <span class='ocrx_word' id='word_1_330' title='bbox 932 1743 941 1759; x_wconf 72' lang='grc' dir='ltr'>ι</span> <span class='ocrx_word' id='word_1_331' title='bbox 956 1733 1004 1760; x_wconf 88' lang='lat' dir='ltr'><strong>Hic</strong></span> 
     </span>
    </p>
   </div>
   <div class='ocr_carea' id='block_1_51' title="bbox 212 1778 1004 1824">
    <p class='ocr_par' dir='ltr' id='par_1_51' title="bbox 212 1778 1004 1824">
     <span class='ocr_line' id='line_1_51' title="bbox 212 1778 1004 1824; baseline -0.024 -1"><span class='ocrx_word' id='word_1_332' title='bbox 212 1783 258 1822; x_wconf 85' lang='lat' dir='ltr'><strong>est</strong></span> <span class='ocrx_word' id='word_1_333' title='bbox 282 1778 378 1824; x_wconf 56' lang='lat' dir='ltr'><strong>haeres,</strong></span> <span class='ocrx_word' id='word_1_334' title='bbox 400 1789 501 1820; x_wconf 84' lang='lat' dir='ltr'><strong>venite,</strong></span> <span class='ocrx_word' id='word_1_335' title='bbox 525 1784 720 1814; x_wconf 84' lang='lat' dir='ltr'><strong>intcrﬁciamus</strong></span> <span class='ocrx_word' id='word_1_336' title='bbox 741 1789 802 1810; x_wconf 90' lang='lat' dir='ltr'><strong>eum</strong></span> <span class='ocrx_word' id='word_1_337' title='bbox 812 1781 834 1808; x_wconf 74' lang='grc'><strong>⁸.</strong></span> <span class='ocrx_word' id='word_1_338' title='bbox 848 1790 858 1806; x_wconf 75' lang='grc' dir='ltr'>ι</span> <span class='ocrx_word' id='word_1_339' title='bbox 879 1779 926 1806; x_wconf 88' lang='lat' dir='ltr'><strong>Est</strong></span> <span class='ocrx_word' id='word_1_340' title='bbox 952 1778 1004 1814; x_wconf 80' lang='lat' dir='ltr'><strong>igi-</strong></span> 
     </span>
    </p>
   </div>
   <div class='ocr_carea' id='block_1_52' title="bbox 218 1824 1006 1872">
    <p class='ocr_par' dir='ltr' id='par_1_52' title="bbox 218 1824 1006 1872">
     <span class='ocr_line' id='line_1_52' title="bbox 218 1824 1006 1872; baseline -0.022 -4"><span class='ocrx_word' id='word_1_341' title='bbox 218 1846 264 1868; x_wconf 91' lang='lat' dir='ltr'><strong>tur</strong></span> <span class='ocrx_word' id='word_1_342' title='bbox 291 1839 315 1866; x_wconf 89' lang='lat' dir='ltr'><strong>is</strong></span> <span class='ocrx_word' id='word_1_343' title='bbox 337 1837 387 1872; x_wconf 20' lang='lat' dir='ltr'><strong>lqui</strong></span> <span class='ocrx_word' id='word_1_344' title='bbox 414 1836 441 1863; x_wconf 92' lang='lat' dir='ltr'><strong>in</strong></span> <span class='ocrx_word' id='word_1_345' title='bbox 462 1838 546 1862; x_wconf 86' lang='lat' dir='ltr'><strong>carne</strong></span> <span class='ocrx_word' id='word_1_346' title='bbox 579 1829 661 1866; x_wconf 81' lang='lat'><strong>739</strong></span> <span class='ocrx_word' id='word_1_347' title='bbox 688 1827 822 1863; x_wconf 76' lang='lat' dir='ltr'><strong>apparuit,</strong></span> <span class='ocrx_word' id='word_1_348' title='bbox 845 1831 872 1854; x_wconf 90' lang='lat' dir='ltr'><strong>et</strong></span> <span class='ocrx_word' id='word_1_349' title='bbox 897 1824 1006 1853; x_wconf 62' lang='lat' dir='ltr'><strong>Judae-</strong></span> 
     </span>
    </p>
   </div>
   <div class='ocr_carea' id='block_1_53' title="bbox 220 1872 1004 1915">
    <p class='ocr_par' dir='ltr' id='par_1_53' title="bbox 220 1872 1004 1915">
     <span class='ocr_line' id='line_1_53' title="bbox 220 1872 1004 1915; baseline -0.022 0"><span class='ocrx_word' id='word_1_350' title='bbox 220 1894 279 1915; x_wconf 88' lang='lat' dir='ltr'><strong>rum</strong></span> <span class='ocrx_word' id='word_1_351' title='bbox 304 1883 434 1913; x_wconf 68' lang='lat' dir='ltr'><strong>saevitiam</strong></span> <span class='ocrx_word' id='word_1_352' title='bbox 460 1882 589 1915; x_wconf 79' lang='lat' dir='ltr'><strong>expertus</strong></span> <span class='ocrx_word' id='word_1_353' title='bbox 614 1881 667 1910; x_wconf 71' lang='lat' dir='ltr'><strong>est,</strong></span> <span class='ocrx_word' id='word_1_354' title='bbox 692 1882 757 1903; x_wconf 88' lang='lat' dir='ltr'><strong>vere</strong></span> <span class='ocrx_word' id='word_1_355' title='bbox 768 1873 854 1902; x_wconf 87' lang='lat' dir='ltr'><strong>Filius</strong></span> <span class='ocrx_word' id='word_1_356' title='bbox 872 1877 899 1900; x_wconf 89' lang='lat' dir='ltr'><strong>et</strong></span> <span class='ocrx_word' id='word_1_357' title='bbox 921 1872 1004 1904; x_wconf 86' lang='lat' dir='ltr'><strong>liber,</strong></span> 
     </span>
    </p>
   </div>
   <div class='ocr_carea' id='block_1_54' title="bbox 219 1917 1006 1968">
    <p class='ocr_par' dir='ltr' id='par_1_54' title="bbox 219 1917 1006 1968">
     <span class='ocr_line' id='line_1_54' title="bbox 219 1917 1006 1968; baseline -0.022 -7"><span class='ocrx_word' id='word_1_358' title='bbox 219 1937 313 1968; x_wconf 86' lang='lat' dir='ltr'><strong>utpote</strong></span> <span class='ocrx_word' id='word_1_359' title='bbox 336 1938 370 1958; x_wconf 76' lang='lat' dir='ltr'><strong>ex</strong></span> <span class='ocrx_word' id='word_1_360' title='bbox 395 1929 481 1956; x_wconf 84' lang='lat' dir='ltr'><strong>libera</strong></span> <span class='ocrx_word' id='word_1_361' title='bbox 509 1930 605 1953; x_wconf 86' lang='lat' dir='ltr'><strong>natura</strong></span> <span class='ocrx_word' id='word_1_362' title='bbox 618 1922 774 1958; x_wconf 37' lang='lat' dir='ltr'><strong>genitus,*et</strong></span> <span class='ocrx_word' id='word_1_363' title='bbox 797 1927 850 1947; x_wconf 90' lang='lat' dir='ltr'><strong>non</strong></span> <span class='ocrx_word' id='word_1_364' title='bbox 865 1918 946 1946; x_wconf 77' lang='lat' dir='ltr'><strong>exiis</strong></span> <span class='ocrx_word' id='word_1_365' title='bbox 960 1917 1006 1952; x_wconf 89' lang='lat' dir='ltr'><strong>qui</strong></span> 
     </span>
    </p>
   </div>
   <div class='ocr_carea' id='block_1_55' title="bbox 219 1963 1007 2012">
    <p class='ocr_par' dir='ltr' id='par_1_55' title="bbox 219 1963 1007 2012">
     <span class='ocr_line' id='line_1_55' title="bbox 219 1963 1007 2012; baseline -0.022 -5"><span class='ocrx_word' id='word_1_366' title='bbox 219 1963 270 2008; x_wconf 75' lang='lat' dir='ltr'><strong>sub</strong></span> <span class='ocrx_word' id='word_1_367' title='bbox 284 1978 349 2012; x_wconf 76' lang='lat' dir='ltr'><strong>iugo</strong></span> <span class='ocrx_word' id='word_1_368' title='bbox 362 1980 436 2007; x_wconf 85' lang='lat' dir='ltr'><strong>sunt,</strong></span> <span class='ocrx_word' id='word_1_369' title='bbox 451 1977 588 2008; x_wconf 76' lang='lat' dir='ltr'><strong>quatenus</strong></span> <span class='ocrx_word' id='word_1_370' title='bbox 605 1972 733 1997; x_wconf 85' lang='lat' dir='ltr'><strong>censetur</strong></span> <span class='ocrx_word' id='word_1_371' title='bbox 749 1965 830 1999; x_wconf 89' lang='lat' dir='ltr'><strong>Deus,</strong></span> <span class='ocrx_word' id='word_1_372' title='bbox 843 1964 949 1992; x_wconf 76' lang='lat' dir='ltr'><strong>tametsi</strong></span> <span class='ocrx_word' id='word_1_373' title='bbox 966 1963 1007 1990; x_wconf 90' lang='lat' dir='ltr'><strong>l‘a-</strong></span> 
     </span>
    </p>
   </div>
   <div class='ocr_carea' id='block_1_56' title="bbox 158 2009 1008 2053">
    <p class='ocr_par' dir='ltr' id='par_1_56' title="bbox 158 2009 1008 2053">
     <span class='ocr_line' id='line_1_56' title="bbox 158 2009 1008 2053; baseline -0.022 1"><span class='ocrx_word' id='word_1_374' title='bbox 158 2024 164 2037; x_wconf 93' lang='lat'><em>&#39;</em></span> <span class='ocrx_word' id='word_1_375' title='bbox 219 2009 330 2053; x_wconf 37' lang='lat' dir='ltr'><strong>etus—siit</strong></span> <span class='ocrx_word' id='word_1_376' title='bbox 342 2020 439 2049; x_wconf 76' lang='lat' dir='ltr'><strong>similis</strong></span> <span class='ocrx_word' id='word_1_377' title='bbox 452 2018 530 2046; x_wconf 80' lang='lat' dir='ltr'><strong>nobis</strong></span> <span class='ocrx_word' id='word_1_378' title='bbox 542 2016 588 2052; x_wconf 91' lang='lat' dir='ltr'><strong>qui</strong></span> <span class='ocrx_word' id='word_1_379' title='bbox 604 2015 654 2043; x_wconf 87' lang='lat' dir='ltr'><strong>sub</strong></span> <span class='ocrx_word' id='word_1_380' title='bbox 670 2015 735 2049; x_wconf 74' lang='lat' dir='ltr'><strong>iugo</strong></span> <span class='ocrx_word' id='word_1_381' title='bbox 753 2018 910 2044; x_wconf 85' lang='lat' dir='ltr'><strong>versamur;</strong></span> <span class='ocrx_word' id='word_1_382' title='bbox 937 2009 1008 2036; x_wconf 88' lang='lat' dir='ltr'><strong>ﬁlius</strong></span> 
     </span>
    </p>
   </div>
   <div class='ocr_carea' id='block_1_57' title="bbox 221 2057 1007 2102">
    <p class='ocr_par' dir='ltr' id='par_1_57' title="bbox 221 2057 1007 2102">
     <span class='ocr_line' id='line_1_57' title="bbox 221 2057 1007 2102; baseline -0.023 -3"><span class='ocrx_word' id='word_1_383' title='bbox 221 2069 360 2099; x_wconf 79' lang='lat' dir='ltr'><strong>servitutis</strong></span> <span class='ocrx_word' id='word_1_384' title='bbox 371 2066 417 2102; x_wconf 90' lang='lat' dir='ltr'><strong>qui</strong></span> <span class='ocrx_word' id='word_1_385' title='bbox 430 2070 526 2097; x_wconf 75' lang='lat' dir='ltr'><strong>natura</strong></span> <span class='ocrx_word' id='word_1_386' title='bbox 537 2070 568 2091; x_wconf 88' lang='lat' dir='ltr'><strong>ac</strong></span> <span class='ocrx_word' id='word_1_387' title='bbox 582 2068 647 2089; x_wconf 85' lang='lat' dir='ltr'><strong>vere</strong></span> <span class='ocrx_word' id='word_1_388' title='bbox 663 2059 749 2088; x_wconf 84' lang='lat' dir='ltr'><strong>Filius</strong></span> <span class='ocrx_word' id='word_1_389' title='bbox 761 2062 813 2090; x_wconf 86' lang='lat' dir='ltr'><strong>est,</strong></span> <span class='ocrx_word' id='word_1_390' title='bbox 823 2057 922 2092; x_wconf 85' lang='lat' dir='ltr'><strong>quique</strong></span> <span class='ocrx_word' id='word_1_391' title='bbox 931 2059 1007 2083; x_wconf 71' lang='lat' dir='ltr'><strong>extra</strong></span> 
     </span>
    </p>
   </div>
   <div class='ocr_carea' id='block_1_58' title="bbox 221 2101 1006 2151">
    <p class='ocr_par' dir='ltr' id='par_1_58' title="bbox 221 2101 1006 2151">
     <span class='ocr_line' id='line_1_58' title="bbox 221 2101 1006 2151; baseline -0.023 -6"><span class='ocrx_word' id='word_1_392' title='bbox 221 2123 301 2145; x_wconf 86' lang='lat' dir='ltr'><strong>omne</strong></span> <span class='ocrx_word' id='word_1_393' title='bbox 313 2101 405 2151; x_wconf 70' lang='lat' dir='ltr'><strong>juguin</strong></span> <span class='ocrx_word' id='word_1_394' title='bbox 420 2110 495 2139; x_wconf 87' lang='lat' dir='ltr'><strong>omni</strong></span> <span class='ocrx_word' id='word_1_395' title='bbox 515 2112 639 2138; x_wconf 76' lang='lat' dir='ltr'><strong>creatura</strong></span> <span class='ocrx_word' id='word_1_396' title='bbox 656 2105 781 2141; x_wconf 81' lang='lat' dir='ltr'><strong>superior</strong></span> <span class='ocrx_word' id='word_1_397' title='bbox 800 2108 860 2131; x_wconf 88' lang='lat' dir='ltr'><strong>est:</strong></span> <span class='ocrx_word' id='word_1_398' title='bbox 876 2101 910 2130; x_wconf 88' lang='lat' dir='ltr'><strong>ad</strong></span> <span class='ocrx_word' id='word_1_399' title='bbox 928 2108 1006 2136; x_wconf 88' lang='lat' dir='ltr'><strong>quem</strong></span> 
     </span>
    </p>
   </div>
   <div class='ocr_carea' id='block_1_59' title="bbox 223 2148 988 2197">
    <p class='ocr_par' dir='ltr' id='par_1_59' title="bbox 223 2148 988 2197">
     <span class='ocr_line' id='line_1_59' title="bbox 223 2148 988 2197; baseline -0.024 -6"><span class='ocrx_word' id='word_1_400' title='bbox 223 2170 271 2191; x_wconf 85' lang='lat' dir='ltr'><strong>nos</strong></span> <span class='ocrx_word' id='word_1_401' title='bbox 288 2148 335 2197; x_wconf 73' lang='lat' dir='ltr'><strong>per</strong></span> <span class='ocrx_word' id='word_1_402' title='bbox 348 2148 521 2194; x_wconf 78' lang='lat' dir='ltr'><strong>adoptionem</strong></span> <span class='ocrx_word' id='word_1_403' title='bbox 534 2160 560 2183; x_wconf 87' lang='lat' dir='ltr'><strong>et</strong></span> <span class='ocrx_word' id='word_1_404' title='bbox 574 2154 688 2190; x_wconf 71' lang='lat' dir='ltr'><strong>gratiam</strong></span> <span class='ocrx_word' id='word_1_405' title='bbox 704 2151 750 2179; x_wconf 92' lang='lat' dir='ltr'><strong>ﬁlii</strong></span> <span class='ocrx_word' id='word_1_406' title='bbox 765 2148 873 2178; x_wconf 82' lang='lat' dir='ltr'><strong>formati</strong></span> <span class='ocrx_word' id='word_1_407' title='bbox 885 2154 988 2176; x_wconf 87' lang='lat' dir='ltr'><strong>sumus.</strong></span> 
     </span>
    </p>
   </div>
   <div class='ocr_carea' id='block_1_60' title="bbox 257 2192 1009 2234">
    <p class='ocr_par' dir='ltr' id='par_1_60' title="bbox 257 2192 1009 2234">
     <span class='ocr_line' id='line_1_60' title="bbox 257 2192 1009 2234; baseline -0.021 1"><span class='ocrx_word' id='word_1_408' title='bbox 257 2192 296 2234; x_wconf 50' lang='grc' dir='ltr'><strong>Β..</strong></span> <span class='ocrx_word' id='word_1_409' title='bbox 309 2206 366 2234; x_wconf 78' lang='lat' dir='ltr'><strong>Non</strong></span> <span class='ocrx_word' id='word_1_410' title='bbox 383 2192 508 2234; x_wconf 81' lang='lat' dir='ltr'><strong>dicimus,</strong></span> <span class='ocrx_word' id='word_1_411' title='bbox 528 2200 664 2234; x_wconf 88' lang='lat' dir='ltr'><strong>inquiunt,</strong></span> <span class='ocrx_word' id='word_1_412' title='bbox 679 2197 815 2225; x_wconf 85' lang='lat' dir='ltr'><strong>hominem</strong></span> <span class='ocrx_word' id='word_1_413' title='bbox 833 2201 894 2222; x_wconf 81' lang='lat' dir='ltr'><strong>esse</strong></span> <span class='ocrx_word' id='word_1_414' title='bbox 910 2192 1009 2220; x_wconf 85' lang='lat' dir='ltr'><strong>Filium</strong></span> 
     </span>
    </p>
   </div>
   <div class='ocr_carea' id='block_1_61' title="bbox 1049 952 1840 993">
    <p class='ocr_par' dir='ltr' id='par_1_61' title="bbox 1049 952 1840 993">
     <span class='ocr_line' id='line_1_61' title="bbox 1049 952 1840 993; baseline -0.008 -8"><span class='ocrx_word' id='word_1_415' title='bbox 1049 958 1239 993; x_wconf 74' lang='grc' dir='ltr'><strong>πεποιημένον</strong></span> <span class='ocrx_word' id='word_1_416' title='bbox 1250 977 1257 989; x_wconf 75' lang='lat'><strong>,</strong></span> <span class='ocrx_word' id='word_1_417' title='bbox 1272 957 1323 983; x_wconf 76' lang='grc' dir='ltr'><strong>οὐκ</strong></span> <span class='ocrx_word' id='word_1_418' title='bbox 1336 955 1491 990; x_wconf 75' lang='grc' dir='ltr'><strong>ἁπόὸλητον</strong></span> <span class='ocrx_word' id='word_1_419' title='bbox 1505 953 1604 988; x_wconf 77' lang='grc' dir='ltr'>γένοιτ’</span> <span class='ocrx_word' id='word_1_420' title='bbox 1619 954 1663 986; x_wconf 80' lang='grc' dir='ltr'><strong>ἂν,</strong></span> <span class='ocrx_word' id='word_1_421' title='bbox 1680 953 1753 980; x_wconf 82' lang='grc' dir='ltr'><strong>κατά</strong></span> <span class='ocrx_word' id='word_1_422' title='bbox 1770 961 1802 987; x_wconf 79' lang='grc' dir='ltr'>γε</span> <span class='ocrx_word' id='word_1_423' title='bbox 1813 952 1840 978; x_wconf 74' lang='grc' dir='ltr'><strong>τὸ</strong></span> 
     </span>
    </p>
   </div>
   <div class='ocr_carea' id='block_1_62' title="bbox 1047 1003 1201 1039">
    <p class='ocr_par' dir='ltr' id='par_1_62' title="bbox 1047 1003 1201 1039">
     <span class='ocr_line' id='line_1_62' title="bbox 1047 1003 1201 1039; baseline -0.006 -8"><span class='ocrx_word' id='word_1_424' title='bbox 1047 1003 1201 1039; x_wconf 79' lang='grc' dir='ltr'><strong>ὲγχωροῦν;</strong></span> 
     </span>
    </p>
   </div>
   <div class='ocr_carea' id='block_1_63' title="bbox 1084 1048 1318 1084">
    <p class='ocr_par' dir='ltr' id='par_1_63' title="bbox 1084 1048 1318 1084">
     <span class='ocr_line' id='line_1_63' title="bbox 1084 1048 1318 1084; baseline -0.004 -8"><span class='ocrx_word' id='word_1_425' title='bbox 1084 1050 1114 1076; x_wconf 84' lang='grc' dir='ltr'><strong>Β.</strong></span> <span class='ocrx_word' id='word_1_426' title='bbox 1131 1049 1192 1080; x_wconf 75' lang='grc' dir='ltr'><strong>Πῶς</strong></span> <span class='ocrx_word' id='word_1_427' title='bbox 1204 1049 1258 1084; x_wconf 80' lang='grc' dir='ltr'><strong>γὰρ</strong></span> <span class='ocrx_word' id='word_1_428' title='bbox 1273 1048 1318 1081; x_wconf 73' lang='grc' dir='ltr'>οὓς</span> 
     </span>
    </p>
   </div>
   <div class='ocr_carea' id='block_1_64' title="bbox 1085 1090 1842 1128">
    <p class='ocr_par' dir='ltr' id='par_1_64' title="bbox 1085 1090 1842 1128">
     <span class='ocr_line' id='line_1_64' title="bbox 1085 1090 1842 1128; baseline -0.007 -7"><span class='ocrx_word' id='word_1_429' title='bbox 1085 1095 1117 1121; x_wconf 78' lang='grc' dir='ltr'><strong>Α.</strong></span> <span class='ocrx_word' id='word_1_430' title='bbox 1136 1094 1239 1121; x_wconf 81' lang='grc' dir='ltr'><strong>Οὐκοῦν</strong></span> <span class='ocrx_word' id='word_1_431' title='bbox 1268 1093 1311 1128; x_wconf 77' lang='grc' dir='ltr'><strong>εἴη</strong></span> <span class='ocrx_word' id='word_1_432' title='bbox 1336 1093 1369 1120; x_wconf 80' lang='grc' dir='ltr'><strong>ἂν</strong></span> <span class='ocrx_word' id='word_1_433' title='bbox 1390 1092 1444 1119; x_wconf 84' lang='grc' dir='ltr'><strong>τῶν</strong></span> <span class='ocrx_word' id='word_1_434' title='bbox 1463 1092 1645 1127; x_wconf 77' lang='grc' dir='ltr'><strong>ἐνδεχομένων</strong></span> <span class='ocrx_word' id='word_1_435' title='bbox 1670 1091 1720 1117; x_wconf 63' lang='grc' dir='ltr'><strong>καὶ⁸</strong></span> <span class='ocrx_word' id='word_1_436' title='bbox 1749 1090 1842 1117; x_wconf 69' lang='grc' dir='ltr'>ἀπολι-</span> 
     </span>
    </p>
   </div>
   <div class='ocr_carea' id='block_1_65' title="bbox 1050 1137 1842 1174">
    <p class='ocr_par' dir='ltr' id='par_1_65' title="bbox 1050 1137 1842 1174">
     <span class='ocr_line' id='line_1_65' title="bbox 1050 1137 1842 1174; baseline -0.008 -6"><span class='ocrx_word' id='word_1_437' title='bbox 1050 1142 1124 1169; x_wconf 80' lang='grc' dir='ltr'>σθεῖν</span> <span class='ocrx_word' id='word_1_438' title='bbox 1138 1149 1203 1167; x_wconf 81' lang='grc' dir='ltr'><strong>ποτε</strong></span> <span class='ocrx_word' id='word_1_439' title='bbox 1226 1140 1355 1167; x_wconf 79' lang='grc' dir='ltr'><strong>δύνασθαι</strong></span> <span class='ocrx_word' id='word_1_440' title='bbox 1374 1141 1425 1174; x_wconf 82' lang='grc' dir='ltr'><strong>τῆς</strong></span> <span class='ocrx_word' id='word_1_441' title='bbox 1446 1139 1568 1174; x_wconf 81' lang='grc' dir='ltr'><strong>υῐότητος</strong></span> <span class='ocrx_word' id='word_1_442' title='bbox 1587 1138 1633 1165; x_wconf 86' lang='grc' dir='ltr'><strong>τὸν</strong></span> <span class='ocrx_word' id='word_1_443' title='bbox 1646 1138 1723 1164; x_wconf 73' lang='grc' dir='ltr'><strong>ἷξόν.</strong></span> <span class='ocrx_word' id='word_1_444' title='bbox 1737 1138 1776 1163; x_wconf 78' lang='grc' dir='ltr'><strong>Οὐ</strong></span> <span class='ocrx_word' id='word_1_445' title='bbox 1791 1137 1842 1171; x_wconf 76' lang='grc' dir='ltr'><strong>γὰρ</strong></span> 
     </span>
    </p>
   </div>
   <div class='ocr_carea' id='block_1_66' title="bbox 1049 1184 1843 1221">
    <p class='ocr_par' dir='ltr' id='par_1_66' title="bbox 1049 1184 1843 1221">
     <span class='ocr_line' id='line_1_66' title="bbox 1049 1184 1843 1221; baseline -0.006 -7"><span class='ocrx_word' id='word_1_446' title='bbox 1049 1187 1205 1215; x_wconf 75' lang='grc' dir='ltr'><strong>ἀνύποπτον</strong></span> <span class='ocrx_word' id='word_1_447' title='bbox 1228 1187 1267 1218; x_wconf 74' lang='grc' dir='ltr'><strong>εἰς</strong></span> <span class='ocrx_word' id='word_1_448' title='bbox 1287 1186 1433 1221; x_wconf 80' lang='grc' dir='ltr'><strong>ἀποσολὴν,</strong></span> <span class='ocrx_word' id='word_1_449' title='bbox 1453 1185 1467 1212; x_wconf 81' lang='grc' dir='ltr'>ὖ</span> <span class='ocrx_word' id='word_1_450' title='bbox 1483 1185 1521 1221; x_wconf 80' lang='grc' dir='ltr'><strong>μὴ</strong></span> <span class='ocrx_word' id='word_1_451' title='bbox 1543 1185 1668 1219; x_wconf 78' lang='grc' dir='ltr'><strong>φυσικοῖς</strong></span> <span class='ocrx_word' id='word_1_452' title='bbox 1683 1184 1843 1219; x_wconf 77' lang='grc' dir='ltr'><strong>ὲρήρειοται</strong></span> 
     </span>
    </p>
   </div>
   <div class='ocr_carea' id='block_1_67' title="bbox 1050 1234 1155 1270">
    <p class='ocr_par' dir='ltr' id='par_1_67' title="bbox 1050 1234 1155 1270">
     <span class='ocr_line' id='line_1_67' title="bbox 1050 1234 1155 1270; baseline -0.01 -9"><span class='ocrx_word' id='word_1_453' title='bbox 1050 1234 1155 1270; x_wconf 84' lang='grc' dir='ltr'>νόμοις.</span> 
     </span>
    </p>
   </div>
   <div class='ocr_carea' id='block_1_68' title="bbox 1087 1277 1284 1313">
    <p class='ocr_par' dir='ltr' id='par_1_68' title="bbox 1087 1277 1284 1313">
     <span class='ocr_line' id='line_1_68' title="bbox 1087 1277 1284 1313; baseline -0.01 -7"><span class='ocrx_word' id='word_1_454' title='bbox 1087 1279 1117 1306; x_wconf 85' lang='grc' dir='ltr'><strong>Β.</strong></span> <span class='ocrx_word' id='word_1_455' title='bbox 1131 1277 1196 1305; x_wconf 78' lang='grc' dir='ltr'><strong>Ὧδε</strong></span> <span class='ocrx_word' id='word_1_456' title='bbox 1216 1278 1284 1313; x_wconf 77' lang='grc' dir='ltr'><strong>ἔχει.</strong></span> 
     </span>
    </p>
   </div>
   <div class='ocr_carea' id='block_1_69' title="bbox 1085 1321 1844 1359">
    <p class='ocr_par' dir='ltr' id='par_1_69' title="bbox 1085 1321 1844 1359">
     <span class='ocr_line' id='line_1_69' title="bbox 1085 1321 1844 1359; baseline -0.007 -7"><span class='ocrx_word' id='word_1_457' title='bbox 1085 1327 1118 1353; x_wconf 81' lang='grc' dir='ltr'><strong>Δ.</strong></span> <span class='ocrx_word' id='word_1_458' title='bbox 1134 1326 1190 1352; x_wconf 75' lang='grc' dir='ltr'><strong>Καὶ</strong></span> <span class='ocrx_word' id='word_1_459' title='bbox 1204 1325 1265 1352; x_wconf 75' lang='grc' dir='ltr'><strong>καθ’</strong></span> <span class='ocrx_word' id='word_1_460' title='bbox 1280 1325 1373 1359; x_wconf 73' lang='grc' dir='ltr'><strong>ἕτερον</strong></span> <span class='ocrx_word' id='word_1_461' title='bbox 1399 1323 1428 1350; x_wconf 82' lang='grc' dir='ltr'><strong>δὲ</strong></span> <span class='ocrx_word' id='word_1_462' title='bbox 1450 1323 1552 1359; x_wconf 83' lang='grc' dir='ltr'>τρόπον</span> <span class='ocrx_word' id='word_1_463' title='bbox 1569 1322 1730 1357; x_wconf 82' lang='grc' dir='ltr'>καταθεῷτό</span> <span class='ocrx_word' id='word_1_464' title='bbox 1746 1330 1791 1354; x_wconf 75' lang='grc' dir='ltr'><strong>τις</strong></span> <span class='ocrx_word' id='word_1_465' title='bbox 1803 1321 1844 1354; x_wconf 74' lang='grc' dir='ltr'><strong>ἂν,</strong></span> 
     </span>
    </p>
   </div>
   <div class='ocr_carea' id='block_1_70' title="bbox 1050 1367 1846 1405">
    <p class='ocr_par' dir='ltr' id='par_1_70' title="bbox 1050 1367 1846 1405">
     <span class='ocr_line' id='line_1_70' title="bbox 1050 1367 1846 1405; baseline -0.008 -6"><span class='ocrx_word' id='word_1_466' title='bbox 1050 1372 1088 1404; x_wconf 83' lang='grc' dir='ltr'>ὡς</span> <span class='ocrx_word' id='word_1_467' title='bbox 1105 1371 1222 1403; x_wconf 70' lang='grc' dir='ltr'>ἀκαλλὲς</span> <span class='ocrx_word' id='word_1_468' title='bbox 1246 1371 1275 1397; x_wconf 82' lang='grc' dir='ltr'><strong>τέ</strong></span> <span class='ocrx_word' id='word_1_469' title='bbox 1296 1371 1364 1403; x_wconf 83' lang='grc' dir='ltr'><strong>ὲστι,</strong></span> <span class='ocrx_word' id='word_1_470' title='bbox 1382 1371 1431 1397; x_wconf 79' lang='grc' dir='ltr'><strong>καὶ</strong></span> <span class='ocrx_word' id='word_1_471' title='bbox 1454 1370 1505 1405; x_wconf 83' lang='grc' dir='ltr'><strong>τῆς</strong></span> <span class='ocrx_word' id='word_1_472' title='bbox 1526 1369 1657 1396; x_wconf 79' lang='grc' dir='ltr'><strong>ἀνωτάτω</strong></span> <span class='ocrx_word' id='word_1_473' title='bbox 1682 1367 1846 1399; x_wconf 73' lang='grc' dir='ltr'>δυσϐουλίας</span> 
     </span>
    </p>
   </div>
   <div class='ocr_carea' id='block_1_71' title="bbox 1052 1415 1846 1454">
    <p class='ocr_par' dir='ltr' id='par_1_71' title="bbox 1052 1415 1846 1454">
     <span class='ocr_line' id='line_1_71' title="bbox 1052 1415 1846 1454; baseline -0.008 -9"><span class='ocrx_word' id='word_1_474' title='bbox 1052 1419 1198 1454; x_wconf 72' lang='grc' dir='ltr'><strong>ὲπίμεστον</strong></span> <span class='ocrx_word' id='word_1_475' title='bbox 1217 1417 1323 1453; x_wconf 79' lang='grc' dir='ltr'><strong>ἀληθῶς</strong></span> <span class='ocrx_word' id='word_1_476' title='bbox 1346 1417 1377 1443; x_wconf 78' lang='grc' dir='ltr'><strong>τὸ</strong></span> <span class='ocrx_word' id='word_1_477' title='bbox 1401 1417 1488 1451; x_wconf 80' lang='grc' dir='ltr'>δόγμα</span> <span class='ocrx_word' id='word_1_478' title='bbox 1513 1416 1614 1447; x_wconf 80' lang='grc' dir='ltr'>αὐτοῖς.</span> <span class='ocrx_word' id='word_1_479' title='bbox 1633 1416 1666 1441; x_wconf 77' lang='lat' dir='ltr'><strong>Ei</strong></span> <span class='ocrx_word' id='word_1_480' title='bbox 1689 1415 1747 1449; x_wconf 80' lang='grc' dir='ltr'>γάρ</span> <span class='ocrx_word' id='word_1_481' title='bbox 1775 1415 1846 1440; x_wconf 73' lang='grc' dir='ltr'><strong>ἐστιν</strong></span> 
     </span>
    </p>
   </div>
   <div class='ocr_carea' id='block_1_72' title="bbox 1052 1461 1847 1500">
    <p class='ocr_par' dir='ltr' id='par_1_72' title="bbox 1052 1461 1847 1500">
     <span class='ocr_line' id='line_1_72' title="bbox 1052 1461 1847 1500; baseline -0.005 -9"><span class='ocrx_word' id='word_1_482' title='bbox 1052 1465 1160 1500; x_wconf 78' lang='grc' dir='ltr'><strong>ἀληθὲς,</strong></span> <span class='ocrx_word' id='word_1_483' title='bbox 1173 1464 1211 1496; x_wconf 83' lang='grc' dir='ltr'>ὡς</span> <span class='ocrx_word' id='word_1_484' title='bbox 1223 1464 1254 1490; x_wconf 79' lang='grc' dir='ltr'><strong>τὸ</strong></span> <span class='ocrx_word' id='word_1_485' title='bbox 1273 1464 1343 1490; x_wconf 82' lang='grc' dir='ltr'><strong>κατὰ</strong></span> <span class='ocrx_word' id='word_1_486' title='bbox 1355 1463 1428 1489; x_wconf 80' lang='grc' dir='ltr'><strong>οέσιν</strong></span> <span class='ocrx_word' id='word_1_487' title='bbox 1443 1463 1490 1489; x_wconf 78' lang='grc' dir='ltr'><strong>καὶ</strong></span> <span class='ocrx_word' id='word_1_488' title='bbox 1507 1462 1587 1497; x_wconf 85' lang='grc' dir='ltr'><strong>χάριν</strong></span> <span class='ocrx_word' id='word_1_489' title='bbox 1602 1462 1645 1489; x_wconf 80' lang='grc' dir='ltr'><strong>ἀει</strong></span> <span class='ocrx_word' id='word_1_490' title='bbox 1659 1470 1719 1493; x_wconf 81' lang='grc' dir='ltr'>πως</span> <span class='ocrx_word' id='word_1_491' title='bbox 1733 1461 1810 1488; x_wconf 71' lang='grc' dir='ltr'><strong>ἐστὶν</strong></span> <span class='ocrx_word' id='word_1_492' title='bbox 1821 1462 1847 1486; x_wconf 79' lang='grc' dir='ltr'><strong>ὲν</strong></span> 
     </span>
    </p>
   </div>
   <div class='ocr_carea' id='block_1_73' title="bbox 1052 1507 1848 1547">
    <p class='ocr_par' dir='ltr' id='par_1_73' title="bbox 1052 1507 1848 1547">
     <span class='ocr_line' id='line_1_73' title="bbox 1052 1507 1848 1547; baseline -0.008 -9"><span class='ocrx_word' id='word_1_493' title='bbox 1052 1510 1182 1547; x_wconf 79' lang='grc' dir='ltr'><strong>ὁμοιώσει</strong></span> <span class='ocrx_word' id='word_1_494' title='bbox 1204 1510 1251 1537; x_wconf 74' lang='grc' dir='ltr'><strong>τοῦ</strong></span> <span class='ocrx_word' id='word_1_495' title='bbox 1268 1511 1338 1537; x_wconf 75' lang='grc' dir='ltr'><strong>κατὰ</strong></span> <span class='ocrx_word' id='word_1_496' title='bbox 1361 1509 1443 1544; x_wconf 81' lang='grc' dir='ltr'>φύσιν</span> <span class='ocrx_word' id='word_1_497' title='bbox 1458 1509 1506 1536; x_wconf 72' lang='grc' dir='ltr'>καὶ</span> <span class='ocrx_word' id='word_1_498' title='bbox 1529 1508 1669 1544; x_wconf 78' lang='grc' dir='ltr'><strong>ἀλήθειαν,</strong></span> <span class='ocrx_word' id='word_1_499' title='bbox 1685 1507 1747 1539; x_wconf 82' lang='grc' dir='ltr'>πῶς</span> <span class='ocrx_word' id='word_1_500' title='bbox 1770 1508 1848 1543; x_wconf 73' lang='grc' dir='ltr'>ἡμεῖς</span> 
     </span>
    </p>
   </div>
   <div class='ocr_carea' id='block_1_74' title="bbox 1053 1553 1848 1592">
    <p class='ocr_par' dir='ltr' id='par_1_74' title="bbox 1053 1553 1848 1592">
     <span class='ocr_line' id='line_1_74' title="bbox 1053 1553 1848 1592; baseline -0.006 -9"><span class='ocrx_word' id='word_1_501' title='bbox 1053 1557 1124 1584; x_wconf 79' lang='grc' dir='ltr'><strong>κατὰ</strong></span> <span class='ocrx_word' id='word_1_502' title='bbox 1137 1556 1212 1583; x_wconf 82' lang='grc' dir='ltr'><strong>θέσιν</strong></span> <span class='ocrx_word' id='word_1_503' title='bbox 1228 1556 1291 1587; x_wconf 73' lang='grc' dir='ltr'><strong>υἱοὶ,</strong></span> <span class='ocrx_word' id='word_1_504' title='bbox 1313 1555 1381 1592; x_wconf 75' lang='grc' dir='ltr'>πρὸς</span> <span class='ocrx_word' id='word_1_505' title='bbox 1396 1555 1476 1582; x_wconf 80' lang='grc' dir='ltr'><strong>αὑτὸν</strong></span> <span class='ocrx_word' id='word_1_506' title='bbox 1502 1555 1608 1590; x_wconf 74' lang='grc' dir='ltr'><strong>ἔχοντες</strong></span> <span class='ocrx_word' id='word_1_507' title='bbox 1632 1554 1683 1590; x_wconf 81' lang='grc' dir='ltr'><strong>τὴν</strong></span> <span class='ocrx_word' id='word_1_508' title='bbox 1707 1553 1848 1588; x_wconf 64' lang='grc' dir='ltr'>ἀναφορὰν</span> 
     </span>
    </p>
   </div>
   <div class='ocr_carea' id='block_1_75' title="bbox 1055 1599 1849 1637">
    <p class='ocr_par' dir='ltr' id='par_1_75' title="bbox 1055 1599 1849 1637">
     <span class='ocr_line' id='line_1_75' title="bbox 1055 1599 1849 1637; baseline -0.004 -9"><span class='ocrx_word' id='word_1_509' title='bbox 1055 1602 1093 1633; x_wconf 83' lang='grc' dir='ltr'>ὼς</span> <span class='ocrx_word' id='word_1_510' title='bbox 1110 1602 1177 1637; x_wconf 81' lang='grc' dir='ltr'>πρὸς</span> <span class='ocrx_word' id='word_1_511' title='bbox 1190 1601 1254 1628; x_wconf 79' lang='grc' dir='ltr'><strong>Υἱὸν</strong></span> <span class='ocrx_word' id='word_1_512' title='bbox 1268 1600 1385 1636; x_wconf 78' lang='grc' dir='ltr'><strong>ἀληθῶς,</strong></span> <span class='ocrx_word' id='word_1_513' title='bbox 1399 1602 1423 1627; x_wconf 80' lang='grc' dir='ltr'>εἰ</span> <span class='ocrx_word' id='word_1_514' title='bbox 1437 1601 1482 1627; x_wconf 76' lang='grc' dir='ltr'><strong>καὶ</strong></span> <span class='ocrx_word' id='word_1_515' title='bbox 1493 1601 1574 1631; x_wconf 76' lang='grc' dir='ltr'>αὐτὸς</span> <span class='ocrx_word' id='word_1_516' title='bbox 1590 1600 1648 1635; x_wconf 81' lang='grc' dir='ltr'><strong>μεθ’</strong></span> <span class='ocrx_word' id='word_1_517' title='bbox 1660 1599 1742 1635; x_wconf 81' lang='grc' dir='ltr'><strong>ἡμῶν</strong></span> <span class='ocrx_word' id='word_1_518' title='bbox 1757 1600 1787 1625; x_wconf 79' lang='grc' dir='ltr'><strong>ὲν</strong></span> <span class='ocrx_word' id='word_1_519' title='bbox 1798 1601 1849 1629; x_wconf 76' lang='grc' dir='ltr'>τοῖς</span> 
     </span>
    </p>
   </div>
   <div class='ocr_carea' id='block_1_76' title="bbox 1057 1644 1851 1682">
    <p class='ocr_par' dir='ltr' id='par_1_76' title="bbox 1057 1644 1851 1682">
     <span class='ocr_line' id='line_1_76' title="bbox 1057 1644 1851 1682; baseline -0.006 -8"><span class='ocrx_word' id='word_1_520' title='bbox 1057 1647 1128 1675; x_wconf 85' lang='grc' dir='ltr'><strong>κατὰ</strong></span> <span class='ocrx_word' id='word_1_521' title='bbox 1145 1648 1224 1682; x_wconf 81' lang='grc' dir='ltr'><strong>χάριν</strong></span> <span class='ocrx_word' id='word_1_522' title='bbox 1248 1647 1323 1677; x_wconf 60' lang='lat' dir='ltr'><strong>tati;</strong></span> <span class='ocrx_word' id='word_1_523' title='bbox 1338 1647 1396 1678; x_wconf 81' lang='grc' dir='ltr'>πῶς</span> <span class='ocrx_word' id='word_1_524' title='bbox 1419 1646 1447 1673; x_wconf 85' lang='grc' dir='ltr'><strong>δὲ</strong></span> <span class='ocrx_word' id='word_1_525' title='bbox 1464 1646 1510 1673; x_wconf 83' lang='grc' dir='ltr'><strong>καὶ</strong></span> <span class='ocrx_word' id='word_1_526' title='bbox 1524 1647 1553 1672; x_wconf 75' lang='grc' dir='ltr'><strong>ἐν</strong></span> <span class='ocrx_word' id='word_1_527' title='bbox 1574 1647 1634 1676; x_wconf 79' lang='grc' dir='ltr'>ταῖς</span> <span class='ocrx_word' id='word_1_528' title='bbox 1656 1644 1851 1679; x_wconf 83' lang='grc' dir='ltr'>εὑαγγελικαῖς</span> 
     </span>
    </p>
   </div>
   <div class='ocr_carea' id='block_1_77' title="bbox 1059 1692 1849 1730">
    <p class='ocr_par' dir='ltr' id='par_1_77' title="bbox 1059 1692 1849 1730">
     <span class='ocr_line' id='line_1_77' title="bbox 1059 1692 1849 1730; baseline -0.004 -10"><span class='ocrx_word' id='word_1_529' title='bbox 1059 1693 1237 1730; x_wconf 75' lang='grc' dir='ltr'>παραϐολαῖς,</span> <span class='ocrx_word' id='word_1_530' title='bbox 1254 1693 1292 1725; x_wconf 82' lang='grc' dir='ltr'>ὡς</span> <span class='ocrx_word' id='word_1_531' title='bbox 1309 1693 1365 1726; x_wconf 74' lang='grc' dir='ltr'><strong>υἱὸς</strong></span> <span class='ocrx_word' id='word_1_532' title='bbox 1386 1693 1523 1728; x_wconf 78' lang='grc' dir='ltr'><strong>πέμπεται</strong></span> <span class='ocrx_word' id='word_1_533' title='bbox 1547 1693 1617 1727; x_wconf 81' lang='grc' dir='ltr'><strong>μετὰ</strong></span> <span class='ocrx_word' id='word_1_534' title='bbox 1633 1692 1698 1722; x_wconf 83' lang='grc' dir='ltr'>τοὺς</span> <span class='ocrx_word' id='word_1_535' title='bbox 1725 1692 1849 1722; x_wconf 56' lang='grc' dir='ltr'><strong>οἰκέτας</strong></span> 
     </span>
    </p>
   </div>
   <div class='ocr_carea' id='block_1_78' title="bbox 1057 1733 1850 1776">
    <p class='ocr_par' dir='ltr' id='par_1_78' title="bbox 1057 1733 1850 1776">
     <span class='ocr_line' id='line_1_78' title="bbox 1057 1733 1850 1776; baseline -0.006 -9"><span class='ocrx_word' id='word_1_536' title='bbox 1057 1741 1087 1766; x_wconf 84' lang='grc' dir='ltr'><strong>ὂν</strong></span> <span class='ocrx_word' id='word_1_537' title='bbox 1102 1740 1253 1776; x_wconf 78' lang='grc' dir='ltr'><strong>ἑωρακότες</strong></span> <span class='ocrx_word' id='word_1_538' title='bbox 1267 1740 1291 1766; x_wconf 82' lang='grc' dir='ltr'><strong>οἱ</strong></span> <span class='ocrx_word' id='word_1_539' title='bbox 1312 1738 1359 1765; x_wconf 78' lang='grc' dir='ltr'><strong>τοῦ</strong></span> <span class='ocrx_word' id='word_1_540' title='bbox 1378 1738 1539 1774; x_wconf 82' lang='grc' dir='ltr'><strong>ἀμπελῶνος</strong></span> <span class='ocrx_word' id='word_1_541' title='bbox 1560 1737 1718 1772; x_wconf 44' lang='lat' dir='ltr'><strong>palamne?</strong></span> <span class='ocrx_word' id='word_1_542' title='bbox 1740 1747 1749 1762; x_wconf 73' lang='grc' dir='ltr'>ι</span> <span class='ocrx_word' id='word_1_543' title='bbox 1769 1733 1850 1766; x_wconf 67' lang='grc' dir='ltr'>Οὗτός</span> 
     </span>
    </p>
   </div>
   <div class='ocr_carea' id='block_1_79' title="bbox 1058 1782 1849 1821">
    <p class='ocr_par' dir='ltr' id='par_1_79' title="bbox 1058 1782 1849 1821">
     <span class='ocr_line' id='line_1_79' title="bbox 1058 1782 1849 1821; baseline -0.006 -9"><span class='ocrx_word' id='word_1_544' title='bbox 1058 1786 1133 1812; x_wconf 73' lang='grc' dir='ltr'>ἐστιν</span> <span class='ocrx_word' id='word_1_545' title='bbox 1156 1786 1170 1812; x_wconf 84' lang='grc' dir='ltr'>ὁ</span> <span class='ocrx_word' id='word_1_546' title='bbox 1194 1785 1372 1821; x_wconf 87' lang='grc' dir='ltr'>κληρονόμος·</span> <span class='ocrx_word' id='word_1_547' title='bbox 1389 1784 1476 1817; x_wconf 78' lang='grc' dir='ltr'><strong>δεῦτε,</strong></span> <span class='ocrx_word' id='word_1_548' title='bbox 1497 1783 1706 1818; x_wconf 80' lang='grc' dir='ltr'><strong>ἀποκτείνωμεν</strong></span> <span class='ocrx_word' id='word_1_549' title='bbox 1733 1782 1827 1809; x_wconf 73' lang='grc' dir='ltr'>αὐτόν.</span> <span class='ocrx_word' id='word_1_550' title='bbox 1841 1791 1849 1806; x_wconf 71' lang='grc' dir='ltr'>ι</span> 
     </span>
    </p>
   </div>
   <div class='ocr_carea' id='block_1_80' title="bbox 1061 1827 1852 1866">
    <p class='ocr_par' dir='ltr' id='par_1_80' title="bbox 1061 1827 1852 1866">
     <span class='ocr_line' id='line_1_80' title="bbox 1061 1827 1852 1866; baseline -0.005 -8"><span class='ocrx_word' id='word_1_551' title='bbox 1061 1832 1139 1858; x_wconf 85' lang='grc' dir='ltr'><strong>Ἔστι</strong></span> <span class='ocrx_word' id='word_1_552' title='bbox 1156 1831 1244 1858; x_wconf 82' lang='grc' dir='ltr'>τοίνυν</span> <span class='ocrx_word' id='word_1_553' title='bbox 1257 1832 1272 1858; x_wconf 84' lang='grc' dir='ltr'><strong>ό</strong></span> <span class='ocrx_word' id='word_1_554' title='bbox 1288 1831 1317 1857; x_wconf 84' lang='grc' dir='ltr'><strong>ἐν</strong></span> <span class='ocrx_word' id='word_1_555' title='bbox 1332 1831 1415 1866; x_wconf 75' lang='grc' dir='ltr'>σαρκὶ</span> <span class='ocrx_word' id='word_1_556' title='bbox 1429 1829 1569 1866; x_wconf 77' lang='grc' dir='ltr'><strong>πεφηνὼς,</strong></span> <span class='ocrx_word' id='word_1_557' title='bbox 1585 1829 1631 1856; x_wconf 77' lang='grc' dir='ltr'><strong>καὶ</strong></span> <span class='ocrx_word' id='word_1_558' title='bbox 1646 1829 1696 1864; x_wconf 78' lang='grc' dir='ltr'><strong>τῆς</strong></span> <span class='ocrx_word' id='word_1_559' title='bbox 1718 1827 1852 1855; x_wconf 79' lang='grc' dir='ltr'><strong>Ἰουδαίων</strong></span> 
     </span>
    </p>
   </div>
   <div class='ocr_carea' id='block_1_81' title="bbox 1061 1873 1853 1910">
    <p class='ocr_par' dir='ltr' id='par_1_81' title="bbox 1061 1873 1853 1910">
     <span class='ocr_line' id='line_1_81' title="bbox 1061 1873 1853 1910; baseline -0.003 -9"><span class='ocrx_word' id='word_1_560' title='bbox 1061 1875 1220 1910; x_wconf 78' lang='grc' dir='ltr'><strong>σκαιότητος</strong></span> <span class='ocrx_word' id='word_1_561' title='bbox 1233 1875 1274 1907; x_wconf 78' lang='grc' dir='ltr'>εις</span> <span class='ocrx_word' id='word_1_562' title='bbox 1284 1876 1381 1910; x_wconf 79' lang='grc' dir='ltr'>πεῖραν</span> <span class='ocrx_word' id='word_1_563' title='bbox 1395 1873 1491 1908; x_wconf 79' lang='grc' dir='ltr'>ἐλθὼν,</span> <span class='ocrx_word' id='word_1_564' title='bbox 1508 1874 1572 1906; x_wconf 73' lang='grc' dir='ltr'>Υἱὸς</span> <span class='ocrx_word' id='word_1_565' title='bbox 1587 1873 1706 1909; x_wconf 75' lang='grc' dir='ltr'><strong>ἀληθῶς,</strong></span> <span class='ocrx_word' id='word_1_566' title='bbox 1722 1874 1770 1900; x_wconf 79' lang='grc' dir='ltr'>καὶ</span> <span class='ocrx_word' id='word_1_567' title='bbox 1780 1873 1853 1899; x_wconf 74' lang='grc' dir='ltr'><strong>ἐλεύ-</strong></span> 
     </span>
    </p>
   </div>
   <div class='ocr_carea' id='block_1_82' title="bbox 1061 1920 1852 1959">
    <p class='ocr_par' dir='ltr' id='par_1_82' title="bbox 1061 1920 1852 1959">
     <span class='ocr_line' id='line_1_82' title="bbox 1061 1920 1852 1959; baseline -0.004 -11"><span class='ocrx_word' id='word_1_568' title='bbox 1061 1921 1150 1957; x_wconf 82' lang='grc' dir='ltr'>θερος,</span> <span class='ocrx_word' id='word_1_569' title='bbox 1162 1921 1200 1959; x_wconf 67' lang='grc' dir='ltr'>ᾡς</span> <span class='ocrx_word' id='word_1_570' title='bbox 1218 1921 1325 1956; x_wconf 82' lang='grc' dir='ltr'><strong>φύσεως</strong></span> <span class='ocrx_word' id='word_1_571' title='bbox 1346 1921 1466 1957; x_wconf 81' lang='grc' dir='ltr'>δηλονότι</span> <span class='ocrx_word' id='word_1_572' title='bbox 1486 1922 1537 1957; x_wconf 82' lang='grc' dir='ltr'><strong>τῆς</strong></span> <span class='ocrx_word' id='word_1_573' title='bbox 1563 1920 1710 1955; x_wconf 75' lang='grc' dir='ltr'>ἐλευθέρας</span> <span class='ocrx_word' id='word_1_574' title='bbox 1734 1920 1852 1953; x_wconf 75' lang='grc' dir='ltr'><strong>ἐκπεφυ-</strong></span> 
     </span>
    </p>
   </div>
   <div class='ocr_carea' id='block_1_83' title="bbox 1061 1965 1851 2002">
    <p class='ocr_par' dir='ltr' id='par_1_83' title="bbox 1061 1965 1851 2002">
     <span class='ocr_line' id='line_1_83' title="bbox 1061 1965 1851 2002; baseline -0.005 -7"><span class='ocrx_word' id='word_1_575' title='bbox 1061 1968 1127 2001; x_wconf 83' lang='grc' dir='ltr'><strong>κὼς,</strong></span> <span class='ocrx_word' id='word_1_576' title='bbox 1149 1969 1197 1995; x_wconf 79' lang='grc' dir='ltr'>καὶ</span> <span class='ocrx_word' id='word_1_577' title='bbox 1219 1968 1269 1994; x_wconf 83' lang='grc' dir='ltr'><strong>οὐκ</strong></span> <span class='ocrx_word' id='word_1_578' title='bbox 1286 1967 1314 1994; x_wconf 78' lang='grc' dir='ltr'><strong>ἕν</strong></span> <span class='ocrx_word' id='word_1_579' title='bbox 1338 1976 1370 2002; x_wconf 82' lang='grc' dir='ltr'>γε</span> <span class='ocrx_word' id='word_1_580' title='bbox 1395 1969 1451 1999; x_wconf 74' lang='grc' dir='ltr'>τοῖς</span> <span class='ocrx_word' id='word_1_581' title='bbox 1473 1967 1525 1994; x_wconf 82' lang='grc' dir='ltr'><strong>ὑπὸ</strong></span> <span class='ocrx_word' id='word_1_582' title='bbox 1551 1966 1644 2001; x_wconf 80' lang='grc' dir='ltr'><strong>ζυγὸν,</strong></span> <span class='ocrx_word' id='word_1_583' title='bbox 1660 1965 1730 1993; x_wconf 79' lang='grc' dir='ltr'><strong>καθὸ</strong></span> <span class='ocrx_word' id='word_1_584' title='bbox 1754 1967 1851 1992; x_wconf 80' lang='grc' dir='ltr'><strong>νοεῖται</strong></span> 
     </span>
    </p>
   </div>
   <div class='ocr_carea' id='block_1_84' title="bbox 1061 2012 1851 2049">
    <p class='ocr_par' dir='ltr' id='par_1_84' title="bbox 1061 2012 1851 2049">
     <span class='ocr_line' id='line_1_84' title="bbox 1061 2012 1851 2049; baseline -0.005 -8"><span class='ocrx_word' id='word_1_585' title='bbox 1061 2014 1138 2047; x_wconf 77' lang='grc' dir='ltr'><strong>Θεὸς,</strong></span> <span class='ocrx_word' id='word_1_586' title='bbox 1159 2014 1205 2041; x_wconf 70' lang='grc' dir='ltr'><strong>καὶ</strong></span> <span class='ocrx_word' id='word_1_587' title='bbox 1221 2015 1246 2040; x_wconf 84' lang='grc' dir='ltr'><strong>εἰ</strong></span> <span class='ocrx_word' id='word_1_588' title='bbox 1263 2014 1358 2049; x_wconf 77' lang='grc' dir='ltr'>γέγονε</span> <span class='ocrx_word' id='word_1_589' title='bbox 1373 2013 1435 2041; x_wconf 79' lang='grc' dir='ltr'>καθ’</span> <span class='ocrx_word' id='word_1_590' title='bbox 1452 2014 1526 2049; x_wconf 79' lang='grc' dir='ltr'><strong>ἡμᾶς</strong></span> <span class='ocrx_word' id='word_1_591' title='bbox 1540 2013 1603 2045; x_wconf 79' lang='grc' dir='ltr'>τοὺς</span> <span class='ocrx_word' id='word_1_592' title='bbox 1615 2012 1667 2039; x_wconf 78' lang='grc' dir='ltr'><strong>ὑπὸ</strong></span> <span class='ocrx_word' id='word_1_593' title='bbox 1685 2012 1780 2046; x_wconf 78' lang='grc' dir='ltr'><strong>ζυγὸν,</strong></span> <span class='ocrx_word' id='word_1_594' title='bbox 1793 2013 1851 2038; x_wconf 78' lang='grc' dir='ltr'><strong>δου-</strong></span> 
     </span>
    </p>
   </div>
   <div class='ocr_carea' id='block_1_85' title="bbox 1061 2058 1853 2095">
    <p class='ocr_par' dir='ltr' id='par_1_85' title="bbox 1061 2058 1853 2095">
     <span class='ocr_line' id='line_1_85' title="bbox 1061 2058 1853 2095; baseline -0.006 -7"><span class='ocrx_word' id='word_1_595' title='bbox 1061 2061 1135 2093; x_wconf 80' lang='grc' dir='ltr'>λείας</span> <span class='ocrx_word' id='word_1_596' title='bbox 1152 2061 1219 2093; x_wconf 75' lang='grc' dir='ltr'><strong>υἱὸς,</strong></span> <span class='ocrx_word' id='word_1_597' title='bbox 1235 2061 1249 2087; x_wconf 81' lang='grc' dir='ltr'>ὁ</span> <span class='ocrx_word' id='word_1_598' title='bbox 1263 2061 1337 2093; x_wconf 79' lang='grc' dir='ltr'>Υἱὸς,</span> <span class='ocrx_word' id='word_1_599' title='bbox 1353 2061 1390 2092; x_wconf 86' lang='grc' dir='ltr'>ὡς</span> <span class='ocrx_word' id='word_1_600' title='bbox 1405 2060 1483 2095; x_wconf 74' lang='grc' dir='ltr'>ἔφην,</span> <span class='ocrx_word' id='word_1_601' title='bbox 1500 2059 1581 2094; x_wconf 80' lang='grc' dir='ltr'><strong>φύσει</strong></span> <span class='ocrx_word' id='word_1_602' title='bbox 1598 2067 1629 2085; x_wconf 83' lang='grc' dir='ltr'>τε</span> <span class='ocrx_word' id='word_1_603' title='bbox 1645 2059 1693 2086; x_wconf 75' lang='grc' dir='ltr'><strong>καὶ</strong></span> <span class='ocrx_word' id='word_1_604' title='bbox 1708 2058 1830 2094; x_wconf 74' lang='grc' dir='ltr'><strong>ἀληθῶς,</strong></span> <span class='ocrx_word' id='word_1_605' title='bbox 1840 2058 1853 2083; x_wconf 89' lang='grc' dir='ltr'><strong>ό</strong></span> 
     </span>
    </p>
   </div>
   <div class='ocr_carea' id='block_1_86' title="bbox 1063 2105 1852 2143">
    <p class='ocr_par' dir='ltr' id='par_1_86' title="bbox 1063 2105 1852 2143">
     <span class='ocr_line' id='line_1_86' title="bbox 1063 2105 1852 2143; baseline -0.006 -9"><span class='ocrx_word' id='word_1_606' title='bbox 1063 2108 1134 2143; x_wconf 81' lang='grc' dir='ltr'>πέρα</span> <span class='ocrx_word' id='word_1_607' title='bbox 1147 2106 1231 2141; x_wconf 81' lang='grc' dir='ltr'><strong>ζυγοῦ</strong></span> <span class='ocrx_word' id='word_1_608' title='bbox 1249 2107 1296 2134; x_wconf 77' lang='grc' dir='ltr'>καὶ</span> <span class='ocrx_word' id='word_1_609' title='bbox 1311 2107 1379 2142; x_wconf 82' lang='grc' dir='ltr'><strong>ὑπὲρ</strong></span> <span class='ocrx_word' id='word_1_610' title='bbox 1395 2106 1445 2142; x_wconf 75' lang='grc' dir='ltr'><strong>τὴν</strong></span> <span class='ocrx_word' id='word_1_611' title='bbox 1462 2106 1550 2133; x_wconf 81' lang='grc' dir='ltr'><strong>κτίσιν</strong></span> <span class='ocrx_word' id='word_1_612' title='bbox 1561 2113 1569 2120; x_wconf 76' lang='grc'><strong><em>³</em></strong></span> <span class='ocrx_word' id='word_1_613' title='bbox 1583 2106 1652 2141; x_wconf 71' lang='grc' dir='ltr'>πρὸς</span> <span class='ocrx_word' id='word_1_614' title='bbox 1667 2105 1697 2130; x_wconf 83' lang='grc' dir='ltr'><strong>ὄν</strong></span> <span class='ocrx_word' id='word_1_615' title='bbox 1713 2105 1760 2131; x_wconf 81' lang='grc' dir='ltr'><strong>χαὶ</strong></span> <span class='ocrx_word' id='word_1_616' title='bbox 1775 2105 1852 2139; x_wconf 78' lang='grc' dir='ltr'><strong>ἡμεῖς</strong></span> 
     </span>
    </p>
   </div>
   <div class='ocr_carea' id='block_1_87' title="bbox 1062 2150 1718 2189">
    <p class='ocr_par' dir='ltr' id='par_1_87' title="bbox 1062 2150 1718 2189">
     <span class='ocr_line' id='line_1_87' title="bbox 1062 2150 1718 2189; baseline -0.008 -8"><span class='ocrx_word' id='word_1_617' title='bbox 1062 2155 1087 2181; x_wconf 79' lang='grc' dir='ltr'>οἱ</span> <span class='ocrx_word' id='word_1_618' title='bbox 1100 2153 1168 2181; x_wconf 87' lang='grc' dir='ltr'>κατὰ</span> <span class='ocrx_word' id='word_1_619' title='bbox 1184 2153 1259 2180; x_wconf 76' lang='grc' dir='ltr'><strong>Θὲσιν</strong></span> <span class='ocrx_word' id='word_1_620' title='bbox 1270 2153 1318 2180; x_wconf 85' lang='grc' dir='ltr'>καί</span> <span class='ocrx_word' id='word_1_621' title='bbox 1335 2153 1416 2189; x_wconf 81' lang='grc' dir='ltr'><strong>χάριν</strong></span> <span class='ocrx_word' id='word_1_622' title='bbox 1431 2152 1485 2179; x_wconf 73' lang='grc' dir='ltr'><strong>υἱοὶ</strong></span> <span class='ocrx_word' id='word_1_623' title='bbox 1500 2150 1718 2187; x_wconf 81' lang='grc' dir='ltr'><strong>μεμορφώμεθα.</strong></span> 
     </span>
    </p>
   </div>
   <div class='ocr_carea' id='block_1_88' title="bbox 1098 2193 1853 2234">
    <p class='ocr_par' dir='ltr' id='par_1_88' title="bbox 1098 2193 1853 2234">
     <span class='ocr_line' id='line_1_88' title="bbox 1098 2193 1853 2234; baseline -0.005 -9"><span class='ocrx_word' id='word_1_624' title='bbox 1098 2200 1129 2227; x_wconf 85' lang='grc' dir='ltr'><strong>Β.</strong></span> <span class='ocrx_word' id='word_1_625' title='bbox 1150 2199 1187 2226; x_wconf 79' lang='grc' dir='ltr'><strong>Οὐ</strong></span> <span class='ocrx_word' id='word_1_626' title='bbox 1213 2199 1340 2234; x_wconf 81' lang='grc' dir='ltr'><strong>λέγομεν,</strong></span> <span class='ocrx_word' id='word_1_627' title='bbox 1362 2199 1440 2233; x_wconf 74' lang='grc' dir='ltr'>φασὶ,</span> <span class='ocrx_word' id='word_1_628' title='bbox 1467 2198 1513 2225; x_wconf 75' lang='grc' dir='ltr'><strong>τὸν</strong></span> <span class='ocrx_word' id='word_1_629' title='bbox 1531 2198 1689 2233; x_wconf 76' lang='grc' dir='ltr'><strong>ἄνθρωπον,</strong></span> <span class='ocrx_word' id='word_1_630' title='bbox 1706 2196 1772 2222; x_wconf 80' lang='grc' dir='ltr'><strong>Υἱὸν</strong></span> <span class='ocrx_word' id='word_1_631' title='bbox 1788 2193 1853 2222; x_wconf 75' lang='grc' dir='ltr'>εἶναι</span> 
     </span>
    </p>
   </div>
   <div class='ocr_carea' id='block_1_89' title="bbox 224 2239 1001 2287">
    <p class='ocr_par' dir='ltr' id='par_1_89' title="bbox 224 2239 1001 2287">
     <span class='ocr_line' id='line_1_89' title="bbox 224 2239 1001 2287; baseline -0.023 -5"><span class='ocrx_word' id='word_1_632' title='bbox 224 2254 283 2287; x_wconf 83' lang='lat' dir='ltr'><strong>Dei,</strong></span> <span class='ocrx_word' id='word_1_633' title='bbox 299 2259 332 2280; x_wconf 89' lang='lat' dir='ltr'><strong>ne</strong></span> <span class='ocrx_word' id='word_1_634' title='bbox 350 2251 416 2279; x_wconf 89' lang='lat' dir='ltr'><strong>duos</strong></span> <span class='ocrx_word' id='word_1_635' title='bbox 434 2253 532 2277; x_wconf 84' lang='lat' dir='ltr'><strong>natura</strong></span> <span class='ocrx_word' id='word_1_636' title='bbox 556 2245 626 2273; x_wconf 84' lang='lat' dir='ltr'><strong>ﬁlios</strong></span> <span class='ocrx_word' id='word_1_637' title='bbox 651 2247 811 2271; x_wconf 83' lang='lat' dir='ltr'><strong>statuamus.</strong></span> <span class='ocrx_word' id='word_1_638' title='bbox 831 2239 1001 2274; x_wconf 84' lang='lat' dir='ltr'><strong>Qucmadmo</strong></span> 
     </span>
    </p>
   </div>
   <div class='ocr_carea' id='block_1_90' title="bbox 1059 2239 1854 2287">
    <p class='ocr_par' dir='ltr' id='par_1_90' title="bbox 1062 2241 1854 2279">
     <span class='ocr_line' id='line_1_90' title="bbox 1062 2241 1854 2279; baseline -0.006 -8"><span class='ocrx_word' id='word_1_639' title='bbox 1062 2244 1109 2271; x_wconf 77' lang='grc' dir='ltr'><strong>τοῦ</strong></span> <span class='ocrx_word' id='word_1_640' title='bbox 1124 2243 1203 2278; x_wconf 82' lang='grc' dir='ltr'><strong>Θεοῦ,</strong></span> <span class='ocrx_word' id='word_1_641' title='bbox 1227 2244 1271 2270; x_wconf 73' lang='grc' dir='ltr'>ἵνα</span> <span class='ocrx_word' id='word_1_642' title='bbox 1290 2243 1328 2279; x_wconf 85' lang='grc' dir='ltr'><strong>μὴ</strong></span> <span class='ocrx_word' id='word_1_643' title='bbox 1344 2243 1391 2270; x_wconf 79' lang='grc' dir='ltr'><strong>δύο</strong></span> <span class='ocrx_word' id='word_1_644' title='bbox 1409 2243 1489 2278; x_wconf 75' lang='grc' dir='ltr'><strong>φύσει</strong></span> <span class='ocrx_word' id='word_1_645' title='bbox 1506 2243 1581 2274; x_wconf 76' lang='grc' dir='ltr'><strong>υἱοὺς</strong></span> <span class='ocrx_word' id='word_1_646' title='bbox 1603 2243 1738 2276; x_wconf 72' lang='grc' dir='ltr'><strong>εἴπωμεν.</strong></span> <span class='ocrx_word' id='word_1_647' title='bbox 1751 2241 1854 2275; x_wconf 76' lang='grc' dir='ltr'><strong>Ὠσπερ</strong></span> 
     </span>
    </p>
   </div>
   <div class='ocr_carea' id='block_1_91' title="bbox 224 2285 1010 2327">
    <p class='ocr_par' dir='ltr' id='par_1_91' title="bbox 224 2285 1010 2327">
     <span class='ocr_line' id='line_1_91' title="bbox 224 2285 1010 2327; baseline -0.022 0"><span class='ocrx_word' id='word_1_648' title='bbox 224 2285 287 2327; x_wconf 86' lang='lat' dir='ltr'><strong>dum</strong></span> <span class='ocrx_word' id='word_1_649' title='bbox 312 2297 384 2325; x_wconf 85' lang='lat' dir='ltr'><strong>enim</strong></span> <span class='ocrx_word' id='word_1_650' title='bbox 410 2294 528 2322; x_wconf 79' lang='lat' dir='ltr'><strong>Verbum</strong></span> <span class='ocrx_word' id='word_1_651' title='bbox 550 2290 621 2325; x_wconf 87' lang='lat' dir='ltr'><strong>quod</strong></span> <span class='ocrx_word' id='word_1_652' title='bbox 643 2296 676 2316; x_wconf 82' lang='lat' dir='ltr'><strong>ex</strong></span> <span class='ocrx_word' id='word_1_653' title='bbox 697 2287 775 2316; x_wconf 66' lang='lat' dir='ltr'><strong>caelis</strong></span> <span class='ocrx_word' id='word_1_654' title='bbox 792 2285 932 2315; x_wconf 80' lang='lat' dir='ltr'><strong>descendit</strong></span> <span class='ocrx_word' id='word_1_655' title='bbox 957 2291 1010 2312; x_wconf 88' lang='lat' dir='ltr'><strong>non</strong></span> 
     </span>
    </p>
   </div>
   <div class='ocr_carea' id='block_1_92' title="bbox 225 2330 1013 2372">
    <p class='ocr_par' dir='ltr' id='par_1_92' title="bbox 225 2330 1013 2372">
     <span class='ocr_line' id='line_1_92' title="bbox 225 2330 1013 2372; baseline -0.019 0"><span class='ocrx_word' id='word_1_656' title='bbox 225 2350 268 2372; x_wconf 73' lang='lat' dir='ltr'><strong>est</strong></span> <span class='ocrx_word' id='word_1_657' title='bbox 281 2341 430 2371; x_wconf 85' lang='lat' dir='ltr'><strong>secundum</strong></span> <span class='ocrx_word' id='word_1_658' title='bbox 458 2341 584 2365; x_wconf 76' lang='lat' dir='ltr'><strong>naturam</strong></span> <span class='ocrx_word' id='word_1_659' title='bbox 606 2332 802 2362; x_wconf 72' lang='lat' dir='ltr'><strong>ﬁlius‘David:</strong></span> <span class='ocrx_word' id='word_1_660' title='bbox 826 2332 863 2360; x_wconf 85' lang='lat' dir='ltr'><strong>ita</strong></span> <span class='ocrx_word' id='word_1_661' title='bbox 881 2337 968 2365; x_wconf 88' lang='lat' dir='ltr'><strong>neque</strong></span> <span class='ocrx_word' id='word_1_662' title='bbox 989 2330 1013 2357; x_wconf 80' lang='lat' dir='ltr'><strong>is</strong></span> 
     </span>
    </p>
   </div>
   <div class='ocr_carea' id='block_1_93' title="bbox 225 2377 1012 2425">
    <p class='ocr_par' dir='ltr' id='par_1_93' title="bbox 225 2377 1012 2425">
     <span class='ocr_line' id='line_1_93' title="bbox 225 2377 1012 2425; baseline -0.019 -8"><span class='ocrx_word' id='word_1_663' title='bbox 225 2390 271 2425; x_wconf 85' lang='lat' dir='ltr'><strong>qui</strong></span> <span class='ocrx_word' id='word_1_664' title='bbox 284 2393 326 2416; x_wconf 86' lang='lat' dir='ltr'><strong>est</strong></span> <span class='ocrx_word' id='word_1_665' title='bbox 343 2394 377 2414; x_wconf 74' lang='lat' dir='ltr'><strong>ex</strong></span> <span class='ocrx_word' id='word_1_666' title='bbox 391 2384 493 2412; x_wconf 86' lang='lat' dir='ltr'><strong>semine</strong></span> <span class='ocrx_word' id='word_1_667' title='bbox 519 2382 602 2409; x_wconf 84' lang='lat' dir='ltr'><strong>David</strong></span> <span class='ocrx_word' id='word_1_668' title='bbox 625 2385 667 2408; x_wconf 88' lang='lat' dir='ltr'><strong>est</strong></span> <span class='ocrx_word' id='word_1_669' title='bbox 687 2378 772 2407; x_wconf 85' lang='lat' dir='ltr'><strong>Filius</strong></span> <span class='ocrx_word' id='word_1_670' title='bbox 796 2377 842 2405; x_wconf 89' lang='lat' dir='ltr'><strong>Dei</strong></span> <span class='ocrx_word' id='word_1_671' title='bbox 863 2377 1012 2405; x_wconf 84' lang='lat' dir='ltr'><strong>secundum</strong></span> 
     </span>
    </p>
   </div>
   <div class='ocr_carea' id='block_1_94' title="bbox 228 2441 365 2464">
    <p class='ocr_par' dir='ltr' id='par_1_94' title="bbox 228 2441 365 2464">
     <span class='ocr_line' id='line_1_94' title="bbox 228 2441 365 2464; baseline -0.036 0"><span class='ocrx_word' id='word_1_672' title='bbox 228 2441 324 2464; x_wconf 81' lang='lat' dir='ltr'><strong>natura</strong></span> <span class='ocrx_word' id='word_1_673' title='bbox 329 2441 352 2460; x_wconf 76' lang='lat' dir='ltr'><strong>ll]</strong></span> <span class='ocrx_word' id='word_1_674' title='bbox 358 2453 365 2459; x_wconf 86' lang='lat'><strong>.</strong></span> 
     </span>
    </p>
   </div>
   <div class='ocr_carea' id='block_1_95' title="bbox 262 2468 1014 2511">
    <p class='ocr_par' dir='ltr' id='par_1_95' title="bbox 262 2468 1014 2511">
     <span class='ocr_line' id='line_1_95' title="bbox 262 2468 1014 2511; baseline -0.016 -4"><span class='ocrx_word' id='word_1_675' title='bbox 262 2481 294 2508; x_wconf 86' lang='lat' dir='ltr'><strong>A.</strong></span> <span class='ocrx_word' id='word_1_676' title='bbox 315 2478 471 2506; x_wconf 86' lang='lat' dir='ltr'><strong>Divideutur</strong></span> <span class='ocrx_word' id='word_1_677' title='bbox 486 2476 578 2511; x_wconf 85' lang='lat' dir='ltr'><strong>itaque</strong></span> <span class='ocrx_word' id='word_1_678' title='bbox 593 2474 619 2501; x_wconf 92' lang='lat' dir='ltr'><strong>in</strong></span> <span class='ocrx_word' id='word_1_679' title='bbox 643 2473 710 2500; x_wconf 86' lang='lat' dir='ltr'><strong>duos</strong></span> <span class='ocrx_word' id='word_1_680' title='bbox 723 2471 792 2499; x_wconf 78' lang='lat' dir='ltr'><strong>ﬁlios</strong></span> <span class='ocrx_word' id='word_1_681' title='bbox 803 2491 811 2503; x_wconf 89' lang='lat'><strong>,</strong></span> <span class='ocrx_word' id='word_1_682' title='bbox 829 2475 912 2505; x_wconf 88' lang='lat' dir='ltr'><strong>atque</strong></span> <span class='ocrx_word' id='word_1_683' title='bbox 933 2468 1014 2496; x_wconf 86' lang='lat' dir='ltr'><strong>ambo</strong></span> 
     </span>
    </p>
   </div>
   <div class='ocr_carea' id='block_1_96' title="bbox 228 2516 1014 2560">
    <p class='ocr_par' dir='ltr' id='par_1_96' title="bbox 228 2516 1014 2560">
     <span class='ocr_line' id='line_1_96' title="bbox 228 2516 1014 2560; baseline -0.019 -5"><span class='ocrx_word' id='word_1_684' title='bbox 228 2527 296 2555; x_wconf 78' lang='lat' dir='ltr'><strong>falso</strong></span> <span class='ocrx_word' id='word_1_685' title='bbox 324 2526 360 2553; x_wconf 87' lang='lat' dir='ltr'><strong>ita</strong></span> <span class='ocrx_word' id='word_1_686' title='bbox 385 2522 514 2560; x_wconf 86' lang='lat' dir='ltr'><strong>appellari</strong></span> <span class='ocrx_word' id='word_1_687' title='bbox 532 2517 788 2556; x_wconf 81' lang='lat' dir='ltr'><strong>deprchendemur?</strong></span> <span class='ocrx_word' id='word_1_688' title='bbox 816 2516 921 2543; x_wconf 80' lang='lat' dir='ltr'><strong>Dixerit</strong></span> <span class='ocrx_word' id='word_1_689' title='bbox 950 2521 1014 2541; x_wconf 88' lang='lat' dir='ltr'><strong>vero</strong></span> 
     </span>
    </p>
   </div>
   <div class='ocr_carea' id='block_1_97' title="bbox 228 2559 1014 2608">
    <p class='ocr_par' dir='ltr' id='par_1_97' title="bbox 228 2559 1014 2608">
     <span class='ocr_line' id='line_1_97' title="bbox 228 2559 1014 2608; baseline -0.019 -7"><span class='ocrx_word' id='word_1_690' title='bbox 228 2573 324 2608; x_wconf 80' lang='lat' dir='ltr'><strong>aliquis</strong></span> <span class='ocrx_word' id='word_1_691' title='bbox 341 2559 447 2599; x_wconf 84' lang='lat' dir='ltr'><strong>inanem</strong></span> <span class='ocrx_word' id='word_1_692' title='bbox 464 2576 496 2596; x_wconf 82' lang='lat' dir='ltr'><strong>ac</strong></span> <span class='ocrx_word' id='word_1_693' title='bbox 514 2574 610 2595; x_wconf 86' lang='lat' dir='ltr'><strong>vanam</strong></span> <span class='ocrx_word' id='word_1_694' title='bbox 628 2565 807 2600; x_wconf 87' lang='lat' dir='ltr'><strong>imposturam</strong></span> <span class='ocrx_word' id='word_1_695' title='bbox 828 2569 889 2590; x_wconf 83' lang='lat' dir='ltr'><strong>esse</strong></span> <span class='ocrx_word' id='word_1_696' title='bbox 912 2559 1014 2588; x_wconf 87' lang='lat' dir='ltr'><strong>Christi</strong></span> 
     </span>
    </p>
   </div>
   <div class='ocr_carea' id='block_1_98' title="bbox 212 2606 1014 2657">
    <p class='ocr_par' dir='ltr' id='par_1_98' title="bbox 212 2606 1014 2657">
     <span class='ocr_line' id='line_1_98' title="bbox 212 2606 1014 2657; baseline -0.019 -9"><span class='ocrx_word' id='word_1_697' title='bbox 212 2606 396 2657; x_wconf 71' lang='lat' dir='ltr'><strong>mysterium.</strong></span> <span class='ocrx_word' id='word_1_698' title='bbox 411 2617 434 2644; x_wconf 80' lang='lat' dir='ltr'><strong>si</strong></span> <span class='ocrx_word' id='word_1_699' title='bbox 452 2618 488 2643; x_wconf 89' lang='lat' dir='ltr'><strong>ita</strong></span> <span class='ocrx_word' id='word_1_700' title='bbox 505 2622 535 2642; x_wconf 88' lang='lat' dir='ltr'><strong>se</strong></span> <span class='ocrx_word' id='word_1_701' title='bbox 549 2621 592 2641; x_wconf 77' lang='lat' dir='ltr'><strong>res</strong></span> <span class='ocrx_word' id='word_1_702' title='bbox 602 2612 685 2640; x_wconf 84' lang='lat' dir='ltr'><strong>habet</strong></span> <span class='ocrx_word' id='word_1_703' title='bbox 699 2615 781 2645; x_wconf 87' lang='lat' dir='ltr'><strong>atque</strong></span> <span class='ocrx_word' id='word_1_704' title='bbox 794 2608 872 2637; x_wconf 90' lang='lat' dir='ltr'><strong>deliri</strong></span> <span class='ocrx_word' id='word_1_705' title='bbox 894 2606 1014 2635; x_wconf 71' lang='lat' dir='ltr'><strong>hreretici</strong></span> 
     </span>
    </p>
   </div>
   <div class='ocr_carea' id='block_1_99' title="bbox 227 2655 1014 2698">
    <p class='ocr_par' dir='ltr' id='par_1_99' title="bbox 227 2655 1014 2698">
     <span class='ocr_line' id='line_1_99' title="bbox 227 2655 1014 2698; baseline -0.015 -5"><span class='ocrx_word' id='word_1_706' title='bbox 227 2655 331 2693; x_wconf 83' lang='lat' dir='ltr'><strong>volunt.</strong></span> <span class='ocrx_word' id='word_1_707' title='bbox 355 2666 484 2698; x_wconf 69' lang='lat' dir='ltr'><strong>Quaenam</strong></span> <span class='ocrx_word' id='word_1_708' title='bbox 505 2661 586 2696; x_wconf 81' lang='lat' dir='ltr'><strong>igitur</strong></span> <span class='ocrx_word' id='word_1_709' title='bbox 609 2659 663 2686; x_wconf 88' lang='lat' dir='ltr'><strong>erit</strong></span> <span class='ocrx_word' id='word_1_710' title='bbox 692 2656 805 2685; x_wconf 81' lang='lat' dir='ltr'><strong>unitas?</strong></span> <span class='ocrx_word' id='word_1_711' title='bbox 829 2661 876 2683; x_wconf 87' lang='lat' dir='ltr'><strong>aut</strong></span> <span class='ocrx_word' id='word_1_712' title='bbox 905 2663 957 2690; x_wconf 79' lang='lat' dir='ltr'><strong>qua</strong></span> <span class='ocrx_word' id='word_1_713' title='bbox 981 2655 1014 2681; x_wconf 89' lang='lat' dir='ltr'><strong>de</strong></span> 
     </span>
    </p>
   </div>
   <div class='ocr_carea' id='block_1_100' title="bbox 228 2703 1015 2741">
    <p class='ocr_par' dir='ltr' id='par_1_100' title="bbox 228 2703 1015 2741">
     <span class='ocr_line' id='line_1_100' title="bbox 228 2703 1015 2741; baseline -0.017 -1"><span class='ocrx_word' id='word_1_714' title='bbox 228 2720 308 2741; x_wconf 82' lang='lat' dir='ltr'><strong>causa</strong></span> <span class='ocrx_word' id='word_1_715' title='bbox 319 2711 416 2738; x_wconf 77' lang='lat' dir='ltr'><strong>iactant</strong></span> <span class='ocrx_word' id='word_1_716' title='bbox 427 2709 499 2736; x_wconf 89' lang='lat' dir='ltr'><strong>illam</strong></span> <span class='ocrx_word' id='word_1_717' title='bbox 514 2706 621 2735; x_wconf 80' lang='lat' dir='ltr'><strong>dicent?</strong></span> <span class='ocrx_word' id='word_1_718' title='bbox 631 2704 786 2738; x_wconf 84' lang='lat' dir='ltr'><strong>Quinetiam</strong></span> <span class='ocrx_word' id='word_1_719' title='bbox 799 2703 896 2730; x_wconf 81' lang='lat' dir='ltr'><strong>falsum</strong></span> <span class='ocrx_word' id='word_1_720' title='bbox 907 2708 1015 2736; x_wconf 88' lang='lat' dir='ltr'><strong>quoque</strong></span> 
     </span>
    </p>
   </div>
   <div class='ocr_carea' id='block_1_101' title="bbox 229 2752 1015 2789">
    <p class='ocr_par' dir='ltr' id='par_1_101' title="bbox 229 2752 1015 2789">
     <span class='ocr_line' id='line_1_101' title="bbox 229 2752 1015 2789; baseline -0.014 -6"><span class='ocrx_word' id='word_1_721' title='bbox 229 2757 321 2788; x_wconf 78' lang='lat' dir='ltr'><strong>fuerit,</strong></span> <span class='ocrx_word' id='word_1_722' title='bbox 334 2755 404 2789; x_wconf 82' lang='lat' dir='ltr'><strong>quod</strong></span> <span class='ocrx_word' id='word_1_723' title='bbox 420 2753 508 2780; x_wconf 75' lang='lat' dir='ltr'><strong>factus</strong></span> <span class='ocrx_word' id='word_1_724' title='bbox 520 2752 554 2779; x_wconf 90' lang='lat' dir='ltr'><strong>sit</strong></span> <span class='ocrx_word' id='word_1_725' title='bbox 566 2757 643 2782; x_wconf 80' lang='lat' dir='ltr'><strong>caro,</strong></span> <span class='ocrx_word' id='word_1_726' title='bbox 656 2755 683 2777; x_wconf 88' lang='lat' dir='ltr'><strong>et</strong></span> <span class='ocrx_word' id='word_1_727' title='bbox 697 2754 927 2783; x_wconf 87' lang='lat' dir='ltr'><strong>supervacaneum</strong></span> <span class='ocrx_word' id='word_1_728' title='bbox 941 2753 1015 2774; x_wconf 89' lang='lat' dir='ltr'><strong>com-</strong></span> 
     </span>
    </p>
   </div>
   <div class='ocr_carea' id='block_1_102' title="bbox 230 2791 1014 2834">
    <p class='ocr_par' dir='ltr' id='par_1_102' title="bbox 230 2791 1014 2834">
     <span class='ocr_line' id='line_1_102' title="bbox 230 2791 1014 2834; baseline -0.014 -4"><span class='ocrx_word' id='word_1_729' title='bbox 230 2807 350 2831; x_wconf 85' lang='lat' dir='ltr'><strong>mentum</strong></span> <span class='ocrx_word' id='word_1_730' title='bbox 365 2801 426 2834; x_wconf 88' lang='lat' dir='ltr'><strong>erit,</strong></span> <span class='ocrx_word' id='word_1_731' title='bbox 445 2800 468 2827; x_wconf 91' lang='lat' dir='ltr'><strong>si</strong></span> <span class='ocrx_word' id='word_1_732' title='bbox 482 2806 535 2825; x_wconf 89' lang='lat' dir='ltr'><strong>non</strong></span> <span class='ocrx_word' id='word_1_733' title='bbox 556 2802 668 2824; x_wconf 79' lang='lat' dir='ltr'><strong>vocatus</strong></span> <span class='ocrx_word' id='word_1_734' title='bbox 689 2796 724 2822; x_wconf 88' lang='lat' dir='ltr'><strong>sit</strong></span> <span class='ocrx_word' id='word_1_735' title='bbox 746 2794 818 2822; x_wconf 73' lang='lat' dir='ltr'><strong>[ilius</strong></span> <span class='ocrx_word' id='word_1_736' title='bbox 841 2793 926 2823; x_wconf 80' lang='lat' dir='ltr'><strong>David</strong></span> <span class='ocrx_word' id='word_1_737' title='bbox 947 2791 1014 2820; x_wconf 87' lang='lat' dir='ltr'><strong>Ver-</strong></span> 
     </span>
    </p>
   </div>
   <div class='ocr_carea' id='block_1_103' title="bbox 266 2882 820 2919">
    <p class='ocr_par' dir='ltr' id='par_1_103' title="bbox 266 2882 820 2919">
     <span class='ocr_line' id='line_1_103' title="bbox 266 2882 820 2919; baseline -0.011 -5"><span class='ocrx_word' id='word_1_738' title='bbox 266 2885 276 2900; x_wconf 83' lang='grc'><strong><em>³</em></strong></span> <span class='ocrx_word' id='word_1_739' title='bbox 289 2887 367 2918; x_wconf 71' lang='lat' dir='ltr'><strong>Joan.</strong></span> <span class='ocrx_word' id='word_1_740' title='bbox 383 2895 401 2919; x_wconf 86' lang='grc' dir='ltr'><strong>ι,</strong></span> <span class='ocrx_word' id='word_1_741' title='bbox 421 2886 462 2919; x_wconf 79' lang='grc' dir='ltr'><strong>Η,</strong></span> <span class='ocrx_word' id='word_1_742' title='bbox 482 2885 525 2912; x_wconf 74' lang='lat' dir='ltr'><strong>l2.</strong></span> <span class='ocrx_word' id='word_1_743' title='bbox 563 2885 573 2900; x_wconf 73' lang='grc'><strong>⁴</strong></span> <span class='ocrx_word' id='word_1_744' title='bbox 590 2884 684 2912; x_wconf 83' lang='lat' dir='ltr'><strong>Matth.</strong></span> <span class='ocrx_word' id='word_1_745' title='bbox 705 2891 760 2916; x_wconf 72' lang='lat' dir='ltr'><strong>xm,</strong></span> <span class='ocrx_word' id='word_1_746' title='bbox 775 2882 820 2909; x_wconf 75' lang='lat'><strong>58.</strong></span> 
     </span>
    </p>
   </div>
   <div class='ocr_carea' id='block_1_104' title="bbox 1063 2287 1855 2326">
    <p class='ocr_par' dir='ltr' id='par_1_104' title="bbox 1063 2287 1855 2326">
     <span class='ocr_line' id='line_1_104' title="bbox 1063 2287 1855 2326; baseline -0.006 -9"><span class='ocrx_word' id='word_1_747' title='bbox 1063 2291 1143 2326; x_wconf 85' lang='grc' dir='ltr'>γὰρό</span> <span class='ocrx_word' id='word_1_748' title='bbox 1162 2290 1192 2322; x_wconf 78' lang='grc' dir='ltr'><strong>ἐξ</strong></span> <span class='ocrx_word' id='word_1_749' title='bbox 1207 2290 1330 2325; x_wconf 76' lang='grc' dir='ltr'>οὐρανῶν</span> <span class='ocrx_word' id='word_1_750' title='bbox 1349 2288 1488 2317; x_wconf 82' lang='grc' dir='ltr'><strong>κατελθὼν</strong></span> <span class='ocrx_word' id='word_1_751' title='bbox 1511 2289 1606 2323; x_wconf 77' lang='grc' dir='ltr'>Λόγος,</span> <span class='ocrx_word' id='word_1_752' title='bbox 1625 2289 1677 2314; x_wconf 82' lang='grc' dir='ltr'><strong>οὐκ</strong></span> <span class='ocrx_word' id='word_1_753' title='bbox 1702 2288 1761 2314; x_wconf 77' lang='grc' dir='ltr'><strong>ἔστι</strong></span> <span class='ocrx_word' id='word_1_754' title='bbox 1787 2287 1855 2314; x_wconf 66' lang='grc' dir='ltr'><strong>κατὰ</strong></span> 
     </span>
    </p>
   </div>
   <div class='ocr_carea' id='block_1_105' title="bbox 1064 2333 1855 2371">
    <p class='ocr_par' dir='ltr' id='par_1_105' title="bbox 1064 2333 1855 2371">
     <span class='ocr_line' id='line_1_105' title="bbox 1064 2333 1855 2371; baseline -0.006 -8"><span class='ocrx_word' id='word_1_755' title='bbox 1064 2336 1145 2371; x_wconf 86' lang='grc' dir='ltr'><strong>φύσιν</strong></span> <span class='ocrx_word' id='word_1_756' title='bbox 1163 2336 1220 2367; x_wconf 76' lang='grc' dir='ltr'>υἱὸς</span> <span class='ocrx_word' id='word_1_757' title='bbox 1243 2335 1291 2362; x_wconf 77' lang='grc' dir='ltr'><strong>τοῦ</strong></span> <span class='ocrx_word' id='word_1_758' title='bbox 1317 2335 1409 2367; x_wconf 78' lang='grc' dir='ltr'><strong>Δαϐὶδ,</strong></span> <span class='ocrx_word' id='word_1_759' title='bbox 1433 2334 1520 2366; x_wconf 77' lang='grc' dir='ltr'><strong>οὕτως</strong></span> <span class='ocrx_word' id='word_1_760' title='bbox 1536 2333 1598 2361; x_wconf 67' lang='grc' dir='ltr'><strong>οὐδὲ</strong></span> <span class='ocrx_word' id='word_1_761' title='bbox 1616 2334 1630 2360; x_wconf 89' lang='grc' dir='ltr'><strong>ό</strong></span> <span class='ocrx_word' id='word_1_762' title='bbox 1647 2334 1679 2360; x_wconf 76' lang='grc' dir='ltr'><strong>ὲκ</strong></span> <span class='ocrx_word' id='word_1_763' title='bbox 1699 2333 1855 2368; x_wconf 75' lang='grc' dir='ltr'>σπέρματος</span> 
     </span>
    </p>
   </div>
   <div class='ocr_carea' id='block_1_106' title="bbox 1063 2379 1715 2416">
    <p class='ocr_par' dir='ltr' id='par_1_106' title="bbox 1063 2379 1715 2416">
     <span class='ocr_line' id='line_1_106' title="bbox 1063 2379 1715 2416; baseline -0.006 -7"><span class='ocrx_word' id='word_1_764' title='bbox 1063 2382 1110 2409; x_wconf 79' lang='grc' dir='ltr'><strong>τοῦ</strong></span> <span class='ocrx_word' id='word_1_765' title='bbox 1126 2382 1217 2415; x_wconf 75' lang='grc' dir='ltr'><strong>Δαὸὶδ,</strong></span> <span class='ocrx_word' id='word_1_766' title='bbox 1238 2382 1301 2413; x_wconf 81' lang='grc' dir='ltr'>Υἱός</span> <span class='ocrx_word' id='word_1_767' title='bbox 1320 2383 1378 2409; x_wconf 73' lang='grc' dir='ltr'><strong>ἐστι</strong></span> <span class='ocrx_word' id='word_1_768' title='bbox 1393 2381 1465 2408; x_wconf 79' lang='grc' dir='ltr'><strong>κατὰ</strong></span> <span class='ocrx_word' id='word_1_769' title='bbox 1479 2380 1561 2416; x_wconf 79' lang='grc' dir='ltr'>φύσιν</span> <span class='ocrx_word' id='word_1_770' title='bbox 1573 2379 1622 2406; x_wconf 78' lang='grc' dir='ltr'><strong>τοῦ</strong></span> <span class='ocrx_word' id='word_1_771' title='bbox 1633 2379 1715 2406; x_wconf 79' lang='grc' dir='ltr'><strong>Θεοῦ.</strong></span> 
     </span>
    </p>
   </div>
   <div class='ocr_carea' id='block_1_107' title="bbox 1099 2467 1860 2507">
    <p class='ocr_par' dir='ltr' id='par_1_107' title="bbox 1099 2467 1860 2507">
     <span class='ocr_line' id='line_1_107' title="bbox 1099 2467 1860 2507; baseline -0.008 -8"><span class='ocrx_word' id='word_1_772' title='bbox 1099 2473 1132 2500; x_wconf 76' lang='grc' dir='ltr'><strong>Α.</strong></span> <span class='ocrx_word' id='word_1_773' title='bbox 1154 2472 1384 2507; x_wconf 81' lang='grc' dir='ltr'><strong>Διατετμήσονται</strong></span> <span class='ocrx_word' id='word_1_774' title='bbox 1396 2470 1428 2506; x_wconf 85' lang='grc' dir='ltr'><strong>δὴ</strong></span> <span class='ocrx_word' id='word_1_775' title='bbox 1444 2467 1489 2497; x_wconf 83' lang='grc' dir='ltr'><strong>οὖν</strong></span> <span class='ocrx_word' id='word_1_776' title='bbox 1500 2470 1540 2502; x_wconf 81' lang='grc' dir='ltr'><strong>εἰς</strong></span> <span class='ocrx_word' id='word_1_777' title='bbox 1554 2469 1629 2500; x_wconf 76' lang='grc' dir='ltr'>υἱοὺς</span> <span class='ocrx_word' id='word_1_778' title='bbox 1644 2468 1702 2501; x_wconf 80' lang='grc' dir='ltr'><strong>δύο,</strong></span> <span class='ocrx_word' id='word_1_779' title='bbox 1716 2469 1765 2495; x_wconf 78' lang='grc' dir='ltr'><strong>καὶ</strong></span> <span class='ocrx_word' id='word_1_780' title='bbox 1778 2469 1860 2503; x_wconf 71' lang='grc' dir='ltr'><strong>ἇμςω</strong></span> 
     </span>
    </p>
   </div>
   <div class='ocr_carea' id='block_1_108' title="bbox 1065 2512 1857 2553">
    <p class='ocr_par' dir='ltr' id='par_1_108' title="bbox 1065 2512 1857 2553">
     <span class='ocr_line' id='line_1_108' title="bbox 1065 2512 1857 2553; baseline -0.008 -9"><span class='ocrx_word' id='word_1_781' title='bbox 1065 2516 1237 2553; x_wconf 72' lang='grc' dir='ltr'><strong>ψευδώνυμοι</strong></span> <span class='ocrx_word' id='word_1_782' title='bbox 1253 2516 1475 2552; x_wconf 80' lang='grc' dir='ltr'>καταφωραθεϊεν</span> <span class='ocrx_word' id='word_1_783' title='bbox 1490 2515 1533 2549; x_wconf 77' lang='grc' dir='ltr'><strong>ᾶν;</strong></span> <span class='ocrx_word' id='word_1_784' title='bbox 1549 2516 1618 2549; x_wconf 58' lang='lat' dir='ltr'><strong>(Fair.</strong></span> <span class='ocrx_word' id='word_1_785' title='bbox 1629 2514 1652 2541; x_wconf 79' lang='grc' dir='ltr'><strong>δ’</strong></span> <span class='ocrx_word' id='word_1_786' title='bbox 1662 2512 1803 2548; x_wconf 48' lang='lat' dir='ltr'><strong>amantur,</strong></span> <span class='ocrx_word' id='word_1_787' title='bbox 1821 2514 1857 2543; x_wconf 72' lang='grc' dir='ltr'><strong>τὶς</strong></span> 
     </span>
    </p>
   </div>
   <div class='ocr_carea' id='block_1_109' title="bbox 1065 2559 1857 2596">
    <p class='ocr_par' dir='ltr' id='par_1_109' title="bbox 1065 2559 1857 2596">
     <span class='ocr_line' id='line_1_109' title="bbox 1065 2559 1857 2596; baseline -0.008 -6"><span class='ocrx_word' id='word_1_788' title='bbox 1065 2563 1168 2590; x_wconf 74' lang='grc' dir='ltr'><strong>εἰκαῖον</strong></span> <span class='ocrx_word' id='word_1_789' title='bbox 1195 2560 1265 2589; x_wconf 71' lang='grc' dir='ltr'>εἶναι</span> <span class='ocrx_word' id='word_1_790' title='bbox 1288 2561 1465 2596; x_wconf 61' lang='grc' dir='ltr'><strong>φενακισμὸν,</strong></span> <span class='ocrx_word' id='word_1_791' title='bbox 1494 2561 1523 2587; x_wconf 79' lang='grc' dir='ltr'><strong>τὸ</strong></span> <span class='ocrx_word' id='word_1_792' title='bbox 1549 2559 1669 2596; x_wconf 81' lang='grc' dir='ltr'><strong>Χριστοῦ</strong></span> <span class='ocrx_word' id='word_1_793' title='bbox 1698 2560 1857 2594; x_wconf 79' lang='grc' dir='ltr'><strong>μυστήριον.</strong></span> 
     </span>
    </p>
   </div>
   <div class='ocr_carea' id='block_1_110' title="bbox 1066 2604 1855 2643">
    <p class='ocr_par' dir='ltr' id='par_1_110' title="bbox 1066 2604 1855 2643">
     <span class='ocr_line' id='line_1_110' title="bbox 1066 2604 1855 2643; baseline -0.006 -8"><span class='ocrx_word' id='word_1_794' title='bbox 1066 2610 1145 2643; x_wconf 72' lang='grc' dir='ltr'>ειπερ</span> <span class='ocrx_word' id='word_1_795' title='bbox 1159 2604 1210 2635; x_wconf 75' lang='grc' dir='ltr'><strong>ὧδε</strong></span> <span class='ocrx_word' id='word_1_796' title='bbox 1229 2608 1286 2643; x_wconf 75' lang='grc' dir='ltr'><strong>ἔχει</strong></span> <span class='ocrx_word' id='word_1_797' title='bbox 1301 2608 1373 2635; x_wconf 79' lang='grc' dir='ltr'>καθὰ</span> <span class='ocrx_word' id='word_1_798' title='bbox 1390 2606 1538 2642; x_wconf 78' lang='grc' dir='ltr'>ληροῦντές</span> <span class='ocrx_word' id='word_1_799' title='bbox 1554 2614 1636 2640; x_wconf 80' lang='grc' dir='ltr'>φασιν</span> <span class='ocrx_word' id='word_1_800' title='bbox 1653 2606 1679 2632; x_wconf 84' lang='grc' dir='ltr'><strong>οἱ</strong></span> <span class='ocrx_word' id='word_1_801' title='bbox 1696 2605 1855 2635; x_wconf 80' lang='grc' dir='ltr'>διεναντίας.</span> 
     </span>
    </p>
   </div>
   <div class='ocr_carea' id='block_1_111' title="bbox 1067 2651 1858 2689">
    <p class='ocr_par' dir='ltr' id='par_1_111' title="bbox 1067 2651 1858 2689">
     <span class='ocr_line' id='line_1_111' title="bbox 1067 2651 1858 2689; baseline -0.006 -8"><span class='ocrx_word' id='word_1_802' title='bbox 1067 2654 1122 2681; x_wconf 88' lang='grc' dir='ltr'><strong>1Ιοῦ</strong></span> <span class='ocrx_word' id='word_1_803' title='bbox 1135 2654 1282 2689; x_wconf 76' lang='grc' dir='ltr'>τοιγαροῦν</span> <span class='ocrx_word' id='word_1_804' title='bbox 1293 2655 1310 2689; x_wconf 79' lang='grc' dir='ltr'><strong>ἡ</strong></span> <span class='ocrx_word' id='word_1_805' title='bbox 1328 2654 1437 2686; x_wconf 78' lang='grc' dir='ltr'><strong>ἒνωσις,</strong></span> <span class='ocrx_word' id='word_1_806' title='bbox 1452 2653 1500 2680; x_wconf 79' lang='grc' dir='ltr'><strong>καὶ</strong></span> <span class='ocrx_word' id='word_1_807' title='bbox 1514 2652 1558 2686; x_wconf 79' lang='grc' dir='ltr'><strong>ἐφ’</strong></span> <span class='ocrx_word' id='word_1_808' title='bbox 1569 2652 1623 2687; x_wconf 78' lang='grc' dir='ltr'><strong>ὅτῳ</strong></span> <span class='ocrx_word' id='word_1_809' title='bbox 1639 2651 1799 2686; x_wconf 75' lang='grc' dir='ltr'><strong>πεπρᾶχθαι</strong></span> <span class='ocrx_word' id='word_1_810' title='bbox 1811 2659 1858 2684; x_wconf 68' lang='grc' dir='ltr'>φα-</span> 
     </span>
    </p>
   </div>
   <div class='ocr_carea' id='block_1_112' title="bbox 1069 2696 1859 2736">
    <p class='ocr_par' dir='ltr' id='par_1_112' title="bbox 1069 2696 1859 2736">
     <span class='ocr_line' id='line_1_112' title="bbox 1069 2696 1859 2736; baseline -0.006 -10"><span class='ocrx_word' id='word_1_811' title='bbox 1069 2701 1110 2727; x_wconf 80' lang='grc' dir='ltr'><strong>σὶν</strong></span> <span class='ocrx_word' id='word_1_812' title='bbox 1124 2700 1226 2736; x_wconf 78' lang='grc' dir='ltr'><strong>αὐτήν;</strong></span> <span class='ocrx_word' id='word_1_813' title='bbox 1247 2700 1281 2727; x_wconf 86' lang='grc' dir='ltr'>Ἢ</span> <span class='ocrx_word' id='word_1_814' title='bbox 1297 2700 1368 2734; x_wconf 85' lang='grc' dir='ltr'><strong>τάχα</strong></span> <span class='ocrx_word' id='word_1_815' title='bbox 1382 2707 1445 2731; x_wconf 77' lang='grc' dir='ltr'><strong>που,</strong></span> <span class='ocrx_word' id='word_1_816' title='bbox 1460 2699 1508 2725; x_wconf 69' lang='grc' dir='ltr'><strong>καὶ</strong></span> <span class='ocrx_word' id='word_1_817' title='bbox 1521 2698 1552 2725; x_wconf 80' lang='grc' dir='ltr'><strong>τὸ</strong></span> <span class='ocrx_word' id='word_1_818' title='bbox 1566 2697 1696 2732; x_wconf 80' lang='grc' dir='ltr'>γενέσθαι</span> <span class='ocrx_word' id='word_1_819' title='bbox 1713 2698 1804 2732; x_wconf 71' lang='grc' dir='ltr'>σάρκα</span> <span class='ocrx_word' id='word_1_820' title='bbox 1817 2696 1859 2722; x_wconf 73' lang='grc' dir='ltr'><strong>τὸν</strong></span> 
     </span>
    </p>
   </div>
   <div class='ocr_carea' id='block_1_113' title="bbox 1067 2741 1860 2781">
    <p class='ocr_par' dir='ltr' id='par_1_113' title="bbox 1067 2741 1860 2781">
     <span class='ocr_line' id='line_1_113' title="bbox 1067 2741 1860 2781; baseline -0.009 -8"><span class='ocrx_word' id='word_1_821' title='bbox 1067 2747 1165 2780; x_wconf 73' lang='grc' dir='ltr'>Λόγον,</span> <span class='ocrx_word' id='word_1_822' title='bbox 1185 2747 1234 2772; x_wconf 80' lang='grc' dir='ltr'><strong>οὐκ</strong></span> <span class='ocrx_word' id='word_1_823' title='bbox 1253 2745 1353 2781; x_wconf 80' lang='grc' dir='ltr'>ἀληθὲς</span> <span class='ocrx_word' id='word_1_824' title='bbox 1367 2745 1396 2771; x_wconf 79' lang='grc' dir='ltr'>ὂν</span> <span class='ocrx_word' id='word_1_825' title='bbox 1411 2744 1580 2779; x_wconf 78' lang='grc' dir='ltr'>ἑκφαίνεται,</span> <span class='ocrx_word' id='word_1_826' title='bbox 1593 2743 1640 2770; x_wconf 77' lang='grc' dir='ltr'><strong>καὶ</strong></span> <span class='ocrx_word' id='word_1_827' title='bbox 1656 2741 1796 2778; x_wconf 74' lang='grc' dir='ltr'><strong>περιττῶς</strong></span> <span class='ocrx_word' id='word_1_828' title='bbox 1808 2741 1860 2767; x_wconf 74' lang='grc' dir='ltr'><strong>εισ-</strong></span> 
     </span>
    </p>
   </div>
   <div class='ocr_carea' id='block_1_114' title="bbox 1068 2785 1859 2827">
    <p class='ocr_par' dir='ltr' id='par_1_114' title="bbox 1068 2785 1859 2827">
     <span class='ocr_line' id='line_1_114' title="bbox 1068 2785 1859 2827; baseline -0.008 -8"><span class='ocrx_word' id='word_1_829' title='bbox 1068 2792 1280 2827; x_wconf 76' lang='grc' dir='ltr'><strong>κεκομισμένον,</strong></span> <span class='ocrx_word' id='word_1_830' title='bbox 1292 2792 1315 2818; x_wconf 80' lang='grc' dir='ltr'><strong>εἱ</strong></span> <span class='ocrx_word' id='word_1_831' title='bbox 1340 2791 1379 2827; x_wconf 83' lang='grc' dir='ltr'><strong>μὴ</strong></span> <span class='ocrx_word' id='word_1_832' title='bbox 1404 2790 1608 2827; x_wconf 70' lang='grc' dir='ltr'><strong>κεχρημάτικεν</strong></span> <span class='ocrx_word' id='word_1_833' title='bbox 1623 2789 1690 2820; x_wconf 72' lang='grc' dir='ltr'><strong>Υἱὸς</strong></span> <span class='ocrx_word' id='word_1_834' title='bbox 1707 2788 1758 2815; x_wconf 78' lang='grc' dir='ltr'><strong>τοῦ</strong></span> <span class='ocrx_word' id='word_1_835' title='bbox 1771 2785 1859 2818; x_wconf 70' lang='grc' dir='ltr'><strong>Δαδὶδ,</strong></span> 
     </span>
    </p>
   </div>
  </div>
