1927 3036
797 115 816 132 ο

86 162 160 191 1207

653 156 748 190 QUOD
771 157 861 186 ΕΝϋὸ
881 158 933 186 SlT
954 159 1137 190 CHRISTUS.

1652 167 1718 196 H98

84 221 100 246 6
118 221 151 247 ἐκ
170 218 238 248 Θεοῦ
251 218 358 254 Πατρός
372 217 467 252 Λόγος,
481 217 526 244 διὰ
537 217 567 244 τὸ
583 217 614 244 ὲκ
627 219 783 254 σπέρματος
798 219 881 245 αὑτοῦ

940 227 996 247 num
1011 229 1043 249 ex
1064 221 1119 249 Deo
1142 221 1233 250 Patre.
1255 221 1334 257 Atqui
1360 211 1513 250 censuerim
1534 224 1593 252 illos
1609 233 1623 252 a
1642 228 1718 254 nobis

85 266 217 301 γενέσθαι
230 265 300 292 κατὰ
314 264 363 300 τὴν
381 265 480 300 σάρκα.
496 263 602 299 Χρῆναι
616 263 644 290 δὲ
656 261 732 299 οἶμαι
748 264 795 290 καὶ
814 265 882 300 πρὸς

87 313 170 349 ἡμῶν
187 312 296 339 ἀκούειν
320 311 435 343 αὐτοὺς,
457 310 487 336 τὸ
512 311 576 346 παρ’
593 309 675 336 αὑτοῦ
699 309 746 336 τοῦ
763 310 881 345 Χριστοῦ

90 360 145 391 τοῖς
161 358 294 385 Ἰουδαίων
309 357 478 392 καθηγηταῖς
493 356 647 391 εἰρημένον·
667 366 674 382 I
687 356 719 383 Τί
735 357 798 391 ὑμῖν
810 356 883 383 δοκεῖ

89 404 158 440 περὶ
169 404 215 431 τοῦ
229 403 346 439 Χριστοῦ
357 411 365 435 ;
378 402 450 433 τίνος
458 401 514 434 υἱός
529 403 604 434 ἑστις
617 412 626 427 ι
637 403 697 429 Κᾶν
710 403 733 428 εί
751 404 828 437 φαῖεν
841 403 881 430 ὅτι

88 450 137 477 τοῦ
153 450 245 482 Δασὶδ,
266 449 427 476 ἀκούσονται
445 448 512 483 πρὸς
533 447 622 483 ἡμῶν
639 457 647 473 ι
659 448 721 480 [Ιῶς
738 446 783 475 οὖν
800 449 882 475 Δαῦὶό

87 499 119 524 ὲν
135 497 274 532 Πνεύματι
289 495 392 532 Κύριον
415 494 497 521 αὑτὸν
515 495 601 527 καλεῖ,
626 495 724 529 λέγων’
743 504 752 520 ι
770 492 853 521 Εἶπεν
867 496 881 521 6

86 543 193 579 Κύριος
208 542 247 577 τῷ
261 541 356 577 Κυρίῳ
373 550 434 577 μου·
449 541 540 568 Κάθου
553 542 585 567 ἐκ
596 541 690 574 δεξιῶν
708 551 769 577 μου,
784 542 836 573 ἓως
849 541 882 568 ἂν

89 587 131 613 θῶ
153 587 216 618 τοὺς
234 585 348 621 ἐχθρούς
373 594 420 612 σου
448 585 597 612 ὑποπόδιον
619 585 674 612 τῶν
706 585 795 612 ποδῶν
817 594 880 618 σου;

86 634 122 660 Et
138 631 185 660 οὖν
200 632 281 659 Δαόὶδ
297 634 327 659 ὲν
341 632 482 667 Πνεύματι
500 632 579 659 καλεῖ
593 632 675 659 αὑτὸν
692 633 805 669 Κύριον,
823 633 882 665 πῶς

87 679 155 712 Υίδς
168 678 248 706 αὐτοῦ
259 679 359 711 ἑστιν,ι
373 680 387 705 6
403 678 441 714 μὴ
456 679 526 705 κατὰ
538 678 618 712 φύσιν
633 679 680 705 καὶ
689 679 795 714 ἀληθῶς
806 679 878 713 Υἱὸς,

87 726 163 752 καθά
179 733 262 760 φασιν
286 725 311 752 οἱ
328 724 479 756 διεναντίας
490 745 498 757 ,
516 725 671 760 συνεδρεύει
686 733 716 752 τε
739 726 777 761 τῷ
805 725 880 761 Θεῷ,

87 771 136 798 καὶ
151 771 308 807 ὁμόθρονος,
324 771 385 797 εἰπέ
408 779 464 806 μοι,
479 770 518 806 τῷ
544 771 654 798 πάντων
672 771 818 807 κρατοῦντι
839 772 881 806 γί-

86 825 182 850 νεται;
211 817 319 849 Καίτοι,
351 816 422 844 καθά
456 825 540 852 φησιν
563 817 578 843 6
601 816 739 851 πάνσοφος
763 817 880 850 Παῦλος,

87 863 177 890 οὐδενὶ
212 863 323 890 πώποτε
358 863 411 889 τῶν
437 863 562 897 ἀγγέλων
590 862 702 898 εἴρηκεν
733 864 746 889 6
771 863 878 899 Πατήρ·

92 920 103 936 ε
118 910 183 942 Υἱός
206 918 255 945 μου
274 908 299 936 εἴ
316 909 359 937 σύ.
377 919 386 935 ι
407 909 477 936 Ἀλλ’
492 909 564 936 οὺόέ·
587 919 596 935 ι
613 909 705 936 Κάθου
733 910 765 937 ὲκ
786 909 881 942 δεξιῶν

90 965 154 991 μου.
172 966 181 981 ι
199 955 275 988 Εἶτα,
295 955 354 987 πῶς
369 956 398 982 ὲν
413 957 469 988 τοῖς
489 955 654 992 ὑπερτάτως
673 955 821 992 ἀξιώμασι,
835 957 881 984 καὶ

88 1005 119 1031 εν
137 1005 193 1036 τοῖς
205 1004 254 1040 τῆς
268 1003 396 1039 θεότητος
412 1003 508 1036 θάκοις
520 1003 534 1030 6
549 1004 582 1030 ὲκ
593 1003 734 1037 γυναικὸς,
748 1004 795 1030 καὶ.
810 1004 882 1040 πέρα

89 1050 183 1085 πάσης
198 1049 298 1085 ’Λρχῆς
315 1049 361 1076 καὶ
371 1049 550 1084 Κυριότητος,
566 1049 673 1085 Θρόνων
686 1058 715 1076 τε
728 1049 776 1076 καὶ
789 1049 882 1083 Ἐξου-

91 1096 164 1128 σίας,
191 1096 238 1123 καὶ
262 1096 363 1128 παντὸς
386 1096 519 1131 ὀνόματος
544 1095 762 1131 ὀνομαζομένους
787 1097 882 1132 Ἄθρει

88 1143 236 1175 δὲ,6πωςό
251 1142 352 1179 Κύριος
367 1142 465 1177 λέγων’
477 1151 485 1168 ι
499 1143 530 1169 El
544 1140 590 1169 οὖν
605 1142 687 1169 Δαδὶδ
701 1143 729 1169 ὲν
744 1142 883 1178 Πνεύματι

90 1188 194 1224 Κύριον
220 1188 365 1224 ὀνομάζει,
389 1189 449 1220 πῶς
474 1188 532 1220 υίὸς
556 1187 638 1214 αὑτοῦ
657 1188 731 1222 tm;
752 1198 761 1214 ι
776 1190 884 1224 φρονεῖν

89 1233 236 1260 ἀναπείθει
249 1234 312 1265 τοὺς
326 1234 405 1269 οἵπερ
416 1233 449 1261 ἂν
464 1231 518 1260 εἷεν
530 1234 578 1269 τῆς
589 1233 716 1270 ἀληθείας
728 1234 883 1269 ἑρευνηταὶ,

90 1279 129 1310 ὡς
145 1280 174 1305 ὲν
193 1279 300 1314 μεθέξει
318 1279 419 1315 σαρκὸς
432 1279 479 1305 καὶ
494 1279 610 1314 αἵματος
623 1279 743 1314 γεγονὼς
757 1280 770 1305 6
788 1280 883 1314 Λόγος,

91 1322 132 1356 εἷς
150 1325 290 1360 μεμένηκε
307 1325 354 1352 καὶ
364 1324 451 1357 οὕτως
470 1325 545 1357 Υἱὸς,
561 1326 602 1352 ὅτι
623 1326 672 1361 μέν
689 1326 746 1352 ἐστι
760 1326 836 1358 Θεὸς,
853 1327 885 1352 ὲκ

91 1370 260 1406 θεοπρεποῦς
271 1372 408 1408 ὑπεροχῆς
421 1371 468 1398 καὶ
481 1371 641 1407 κυριότητος
651 1372 883 1407 μαρτυρούμενος·

90 1417 134 1443 ὅτι
150 1417 178 1443 δὲ
195 1417 314 1453 πέφηνεν
336 1417 489 1452 ἄνθρωπος,
506 1416 553 1443 τοῦ
571 1417 619 1443 καὶ
638 1416 702 1443 Υίοῦ
714 1418 885 1452 χρηματίσαι

92 1462 176 1489 Δασὶδ
187 1461 216 1490 εὖ
237 1463 309 1498 μάλα
323 1471 429 1498 καταση
435 1463 585 1497 μαίνοντος.

130 1510 160 1537 Β.
181 1511 263 1537 Φαῖεν
284 1511 316 1538 ἃν
339 1510 403 1542 ἴσως
424 1511 470 1537 καὶ
485 1511 553 1546 πρός
569 1519 600 1545 γε
614 1510 710 1542 ταῦτα,
725 1511 886 1546 δια-τεκμαί-

94 1566 177 1592 ρομαι
192 1558 255 1593 γάρ’
268 1555 330 1592 Ἆρ’
343 1558 375 1584 ἐκ
390 1557 439 1592 τῆς
456 1557 548 1588 οὐσίας
562 1556 608 1583 τοῦ
624 1557 691 1583 Θεοῦ
709 1558 754 1583 καὶ
770 1557 886 1593 Πατρὸς,

93 1604 143 1631 καὶ
169 1604 250 1631 αὑτὸν
276 1602 346 1630 εἶναι
376 1604 498 1639 δώσομεν
523 1604 569 1630 τὸν
591 1605 623 1630 ἐκ
651 1604 808 1639 σπέρματος
838 1603 885 1630 τοῦ

92 1651 195 1684 Δαϐίδ;

131 1699 165 1726 Α.
181 1697 279 1724 Καίτοι
296 1698 354 1729 πῶς
381 1699 398 1733 ἡ
415 1697 503 1724 τοιάδε
521 1696 618 1728 πεῦσις
641 1697 673 1722 ού
693 1696 760 1722 πολὺ
776 1696 808 1730 δὴ
825 1696 887 1723 λίαν

91 1743 126 1771 τὸ
147 1743 287 1779 ἀσύφηλον
310 1743 386 1778 ἔχεις
409 1743 465 1770 Καὶ
486 1743 642 1778 ἁπᾳδόντως
667 1741 701 1768 ἂν
725 1742 830 1776 γένοιτο
854 1735 886 1777 τῇ

91 1788 143 1815 τοῦ
165 1789 314 1824 μυστηρίου
331 1788 445 1824 δυνάμει
460 1787 507 1814 καὶ
531 1788 587 1819 τοῖς
602 1787 652 1825 τῆς
671 1786 799 1821 ἀληθείας
813 1786 887 1823 φιλο-

93 1834 228 1869 θεάμοσιν
239 1843 246 1866 ;

132 1881 162 1907 Β.
183 1880 288 1916 Φράσον
307 1880 392 1911 ὅπως.

134 1927 167 1954 Λ.
187 1927 232 1962 Μὴ
245 1926 300 1962 γάρ
315 1935 360 1962 μοι
370 1925 515 1962 διέλῃς,ὡς
531 1925 624 1961 ἕτερόν
639 1933 700 1952 τινα
715 1925 802 1959 λέγων
814 1924 888 1960 παρὰ

93 1974 142 2001 τὸν
158 1973 207 2000 ἕνα
221 1972 339 2008 Χριστὸν
353 1972 399 1999 καὶ
409 1972 473 1998 Υἱὺν
490 1971 603 2008 Κύριον,
623 1971 668 1999 τὸν
683 1972 715 1998 ἐκ
731 1972 888 2007 σπέρματος

96 2020 146 2046 τοῦ
161 2019 254 2046 Δαΰίδ.
272 2020 301 2046 Ὁ
321 2019 374 2055 γάρ
393 2027 434 2045 τοι
454 2017 504 2052 τῆς
521 2017 668 2054 ὀρθότητος
684 2017 840 2052 λόγος,’τδν
856 2018 888 2045 ὲκ

93 2066 164 2093 θεοῦ
187 2065 294 2101 Πατρὸς
312 2065 399 2100 φύντα
418 2064 482 2090 Υίὺν
507 2063 649 2099 μονογενῆ,
675 2064 755 2090 αὑτὸν
776 2064 824 2090 καὶ
839 2064 889 2099 οὐχ

95 2113 194 2148 ἕτερον
209 2109 279 2139 εἶναι
295 2111 420 2146 βούλεται
434 2110 480 2137 τὸν
495 2110 527 2136 ὲκ
542 2109 623 2136 Δαὸὶδ
642 2111 712 2136 κατὰ
729 2110 828 2146 σάρκα.
842 2109 889 2144 Μὴ

95 2159 190 2185 τοίνυν
214 2157 244 2190 ἐξ
271 2157 427 2193 ἀμετρήτου
456 2156 590 2190 λεγόντων
607 2156 822 2192 ὲμὸροντηοίας,
848 2157 889 2183 ὅτι

96 2205 194 2240 ὥσπερ
209 2205 223 2231 6
237 2203 266 2237 ἐξ
280 2203 395 2239 οὐρανοῦ
413 2202 552 2230 κατελθὼν
568 2202 665 2235 Λόγος,
682 2202 732 2228 οὐκ
747 2202 804 2228 ἔστι
819 2202 891 2229 κατὰ

97 2251 181 2286 φύσιν
199 2250 263 2282 Υἱδς
283 2249 330 2276 τοῦ
348 2249 438 2276 Δαὸίδ.
463 2248 557 2280 Οὕτως
570 2248 630 2275 οὐδὲ
649 2249 662 2275 ό
686 2249 718 2274 ἐκ
734 2248 891 2283 σπέρματος
907 2257 928 2284 D

96 2297 145 2324 τοῦ
162 2296 253 2328 Δαϐιδ,
268 2296 332 2327 Υἱός
343 2296 401 2322 ἐστι
415 2294 486 2322 κατὰ
497 2293 578 2329 φύσιν
592 2293 639 2320 τοῦ
648 2293 726 2320 Θεοῦ.
744 2294 773 2320 '0
786 2294 889 2329 γάρτοι

98 2343 182 2377 φύσει
197 2341 244 2369 καὶ
260 2341 367 2377 ἀληθῶς
381 2341 414 2367 ὲκ
430 2340 476 2366 τοῦ
495 2339 601 2375 Πατρὸς
616 2339 776 2374 ἀναλάμψας
792 2339 888 2373 Λόγος,

98 2391 128 2416 ὲν
146 2387 300 2424 προσλήψει
314 2386 432 2421 γεγονὼς
448 2385 549 2421 σαρκὸς
562 2385 609 2412 καὶ
620 2385 749 2424 αἵματος,
764 2384 891 2419 καθάπερ

98 2435 170 2470 ἔφην
190 2433 301 2470 ἀρτίως,
318 2433 471 2468 μεμένηκεν
485 2433 500 2458 6
515 2431 606 2463 αὐτδς,
623 2431 757 2463 τουτέστι,
770 2430 849 2465 φύσει
862 2438 891 2456 τε

98 2481 148 2511 καὶ
164 2479 273 2516 ἀληθῶς
283 2479 347 2511 Υἱὸς
365 2478 412 2505 τοῦ
431 2478 549 2514 Πατρὸς,
567 2474 608 2509 εἷς
622 2478 660 2504 ὢν
675 2477 722 2503 καὶ
739 2476 831 2511 μόνος,
845 2477 894 2502 καὶ

98 2527 151 2562 οὐχ
167 2526 205 2558 ὡς
222 2526 315 2561 ἕτερος
334 2524 394 2560 μεθ’
409 2524 515 2558 ἐτέρου,
531 2523 575 2550 ἵνα
594 2522 642 2549 καὶ
655 2522 683 2548 ἓν
701 2521 784 2548 αὐτοῦ
798 2521 893 2556 νοῆται

99 2573 260 2608 πρόσωπον,
282 2571 494 2606 Συναγείροντες
519 2569 573 2605 γὰρ
598 2568 684 2600 οῦτως
706 2568 774 2604 πρὸς
797 2567 893 2594 ἕνωσιν

100 2620 204 2655 ἀληθῆ,
219 2619 266 2646 καὶ
277 2618 327 2655 τὴν
340 2618 412 2653 ὑπὲρ
423 2616 485 2643 νοῦν
503 2615 549 2642 καὶ
573 2614 653 2649 Λόγον
665 2615 700 2640 τὰ
709 2613 766 2644 τοῖς
778 2612 827 2648 τῆς
841 2612 892 2647 φύ-

102 2673 173 2696 σεως
195 2664 285 2696 λόγοις
309 2663 377 2699 πρὸς
393 2661 576 2698 ἀνομοιότητα
601 2658 827 2694 διεσχοινισμένα,
844 2658 893 2692 τὴν

101 2710 212 2746 ἀπλανῆ
222 2710 271 2744 τῆς
280 2709 398 2741 πίστεως
412 2706 576 2744 βαδιούμεθα
585 2705 687 2742 τρίϐον.
695 2705 764 2732 Ἕνα
776 2704 829 2740 γὰρ
844 2704 892 2730 καὶ

101 2756 150 2782 τὸν
167 2756 248 2782 αὐτὸν
264 2753 334 2781 εἷναί
354 2762 444 2790 φαμεν
453 2752 570 2790 Χριστὸν
586 2751 700 2787 Ἰησοῦν,
715 2751 745 2777 ὲκ
759 2749 827 2777 Θεοῦ
844 2749 894 2785 μὲν

103 2801 225 2836 Πατρδς,
240 2802 277 2832 ὡς
291 2800 356 2827 Θεδν
365 2800 461 2834 Λόγον,
471 2799 503 2825 ὲκ
516 2798 673 2834 σπέρματος
683 2797 712 2823 δὲ
725 2795 795 2822 κατὰ
804 2795 893 2830 σάρκα

142 2893 153 2907 ¹
169 2891 263 2918 Matth.
281 2897 347 2923 χχιι,
363 2889 407 2916 42.
444 2888 454 2904 '
472 2888 536 2916 ibid.
553 2886 644 2915 45-45.

934 265 1048 300 idipsum
1068 267 1162 294 audire
1177 267 1286 300 debere,
1301 267 1371 303 quod
1393 267 1518 296 Christus
1534 269 1590 304 ipse
1613 270 1718 298 Iudaeo-

933 318 992 338 rum
1011 311 1177 346 principibus
1202 314 1291 341 dixit:
1321 322 1330 339 ι
1360 314 1429 346 Quid
1454 315 1530 341 vobis
1555 315 1662 342 videtur
1687 317 1719 344 de

933 357 1062 384 Christo?
1079 358 1155 393 cujus
1174 358 1244 386 ﬁlius
1257 363 1300 387 est
1314 360 1348 386 ‘?
1368 369 1377 386 ›
1393 359 1470 394 Quod
1486 361 1508 388 si
1522 361 1651 392 dixerint.
1670 363 1720 389 Da-

932 403 1012 435 vidis,
1037 404 1147 431 audient
1169 412 1184 431 a
1213 404 1312 433 nobis:
1339 414 1350 431 ι
1365 405 1505 439 Quomodo
1531 407 1613 441 igitur
1638 407 1720 434 David

933 448 1075 477 Dominum
1100 451 1187 485 ipsum
1213 450 1240 478 in
1266 450 1367 487 Spiritu
1396 457 1486 485 vocat,
1511 453 1626 481 dicens:
1648 453 1722 481 Dixit

933 494 1063 522 Dominus
1078 494 1191 523 Domino
1206 503 1266 524 meo
1282 505 1289 523 :
1305 496 1375 524 Sede
1391 504 1405 524 a
1420 497 1522 526 dextris
1539 498 1616 530 meis,
1633 498 1721 526 donec

932 548 1028 575 ponam
1046 541 1171 569 inimicos
1186 547 1245 570 tuos
1257 542 1404 571 scabellum
1428 544 1525 579 pedum
1542 545 1672 572 tuorum?
1692 545 1719 572 Si

932 593 996 621 ergo
1009 586 1091 613 David
1107 587 1134 614 in
1151 587 1252 622 Spiritu
1267 592 1346 616 vocat
1363 589 1449 623 ipsum
1474 589 1617 617 Dominum
1629 611 1636 623 ,
1653 598 1717 626 qum

933 632 1012 659 modo
1024 631 1093 659 illius
1108 632 1165 666 ejus
1178 636 1246 666 est,»
1260 634 1305 669 qui
1320 641 1372 661 non
1384 639 1426 662 est
1440 635 1601 662 naturaliter
1609 643 1641 663 ac
1656 644 1719 663 vere

932 675 1016 704 Filius
1034 677 1055 709 ",
1080 681 1109 704 ut
1140 678 1258 706 haeretici
1278 679 1409 707 censent?
1424 685 1470 707 aut
1484 688 1536 714 quo
1554 686 1633 714 pacto
1650 681 1716 708 assi-

931 723 975 750 det
993 723 1047 751 Deo
1068 724 1149 752 totius
1171 725 1289 753 universi
1316 725 1450 753 Domino?
1472 726 1563 760 Atqui,
1589 726 1719 760 quemad—

931 769 1040 796 modum
1063 770 1280 805 sapientissimus
1306 769 1406 798 Paulus
1432 770 1531 805 inquit.
1548 771 1648 798 nemini
1666 779 1718 797 nn-

931 822 1011 850 quam
1037 815 1193 851 angelorum
1220 816 1289 844 dixit
1313 816 1415 844 Pater:
1445 826 1453 842 ι
1483 816 1567 844 Filius
1594 824 1669 844 meus
1690 825 1719 844 es

933 865 960 888 tu
972 861 995 887 ".
1016 870 1025 887 ι
1047 861 1100 888 Sed
1116 869 1204 896 neque
1218 869 1224 888 :
1244 871 1253 887 ε
1271 861 1341 889 Sede
1357 869 1371 888 a
1390 862 1492 889 dextris
1505 862 1571 889 meis
1582 862 1603 888 ³.
1622 872 1632 888 ι
1648 861 1718 889 Pre-

897 903 917 929 Β
932 911 1005 935 terea
1019 908 1154 942 quomodo
1167 908 1191 934 in
1209 915 1336 942 suprema
1351 907 1394 935 illa
1408 908 1539 943 dignitate
1566 912 1593 935 et
1607 907 1633 934 in
1652 907 1720 935 solio

933 954 1084 982 divinitatis
1098 953 1200 981 sedebit
1213 954 1259 989 qui
1276 961 1308 981 ex
1326 954 1438 981 muliere
1458 958 1538 981 natus
1558 958 1609 986 est,
1624 961 1721 988 supra-

934 1007 985 1034 que
997 1007 1093 1027 omnes
1106 999 1278 1033 Principatus
1293 1004 1321 1027 et
1337 1000 1540 1027 Dominationes
1553 999 1723 1027 aoThronos

934 1051 960 1074 et
973 1046 1143 1079 Potestates,
1166 1054 1302 1081 supraque
1326 1053 1407 1075 omne
1429 1053 1526 1074 nomen
1551 1046 1622 1081 quod
1643 1054 1724 1073 voca-

935 1093 1022 1120 tur"?
1053 1093 1247 1121 Animadverte
1286 1100 1351 1120 vero
1391 1101 1445 1128 quo
1480 1097 1560 1128 pacto
1591 1092 1722 1120 Dominus

934 1139 1045 1168 dicens:
1064 1149 1073 1166 ι
1092 1140 1120 1167 Si
1133 1147 1198 1175 ergo
1216 1139 1300 1167 David
1315 1139 1341 1167 in
1354 1138 1458 1174 Spiritu
1474 1139 1618 1167 Dominum
1632 1143 1722 1171 vocat,

936 1186 1072 1220 quomodo
1082 1185 1166 1213 Filius
1182 1185 1240 1219 ejus
1252 1186 1311 1213 est?
1325 1195 1335 1212 ›
1347 1185 1471 1213 veritatis
1487 1184 1724 1220 investigator-ibus

935 1231 1099 1266 persuadere
1117 1231 1172 1258 vult
1184 1231 1254 1266 quod
1270 1231 1389 1259 Verbum
1406 1230 1453 1258 Dei
1467 1231 1558 1258 carnis
1572 1236 1600 1259 et
1613 1230 1723 1267 δοκιδυί-

936 1278 978 1304 nis
1000 1279 1134 1313 particeps
1151 1278 1262 1311 factum,
1278 1279 1360 1306 etiam
1380 1278 1432 1305 hoc
1448 1282 1527 1312 pacto
1542 1278 1643 1305 mansit
1656 1285 1725 1304 unus

937 1325 1019 1361 750
1029 1325 1123 1357 Filius,
1143 1325 1224 1352 Deum
1248 1325 1356 1360 quidem
1377 1331 1438 1352 esse
1461 1331 1493 1351 ex
1511 1323 1601 1350 divina
1630 1330 1724 1356 snper—

935 1372 1080 1399 eminentia
1097 1376 1122 1398 et
1137 1371 1321 1398 dominatione
1337 1369 1645 1402 declarans;hominem
1661 1375 1726 1396 vero

938 1417 1048 1449 factum,
1067 1424 1114 1452 per
1129 1417 1153 1444 id
1173 1417 1243 1451 quod
1262 1421 1339 1444 vocet
1356 1415 1453 1443 Filium
1468 1415 1563 1442 David.

974 1506 1003 1532 Β.
1026 1507 1148 1533 Dixerint
1162 1506 1195 1534 ad
1212 1506 1268 1533 hmc
1281 1505 1407 1536 fortasse,
1424 1509 1555 1540 quantum
1568 1504 1725 1540 conjectura

938 1552 1067 1586 consequi
1085 1560 1195 1586 possum
1213 1560 1220 1578 :
1237 1551 1308 1586 Ergo
1329 1560 1363 1579 ex
1382 1552 1498 1579 essentia
1522 1551 1569 1578 Dei
1587 1559 1618 1579 ac
1638 1551 1728 1579 Patris

939 1599 1079 1626 fatendum
1095 1598 1175 1625 fuerit
1190 1606 1250 1626 esse
1265 1598 1347 1626 etiam
1371 1606 1431 1626 eum
1453 1598 1498 1633 qui
1517 1603 1558 1625 est
1573 1606 1605 1625 ex
1624 1598 1728 1625 semine

937 1645 1021 1672 David
1033 1645 1044 1671 ’ί

974 1691 1007 1718 Α.
1027 1691 1061 1717 At
1078 1698 1142 1718 vero
1160 1690 1295 1725 quomodo
1306 1697 1360 1717 non
1376 1690 1433 1717 haec
1454 1690 1628 1726 interrogatio
1650 1690 1727 1723 stoli-

938 1736 1032 1765 ditatis
1046 1736 1123 1771 plena
1142 1740 1296 1769 censeatur,
1313 1740 1339 1763 et
1355 1743 1370 1762 a
1389 1735 1518 1763 studiosis
1533 1735 1658 1762 veritatis
1673 1735 1729 1762 vir~

939 1783 988 1810 tuti
1006 1783 1125 1820 mysterii
1141 1782 1219 1818 plane
1240 1790 1389 1818 repugnare
1402 1781 1557 1817 iudicetur?

977 1876 1005 1903 Β,
1030 1875 1077 1902 Dic
1092 1882 1144 1910 quo
1158 1878 1247 1910 pacto.

971 1922 1003 1949 Λ.
1030 1921 1070 1948 Ne
1098 1921 1163 1947 mihi
1195 1922 1254 1947 haec
1284 1919 1409 1951 dividas,
1435 1924 1560 1954 tanquam
1594 1919 1729 1945 diversum

942 1967 1087 2002 quemdam
1102 1971 1225 1993 statuens
1239 1965 1273 1993 ab
1287 1973 1340 1992 uno
1355 1965 1465 1992 Christo
1482 1971 1509 1992 et
1525 1965 1592 1992 Filio
1603 1965 1728 1996 Domino,

939 2021 1000 2041 eum
1014 2014 1059 2048 qui
1078 2017 1166 2041 estex
1181 2012 1284 2041 semine
1303 2012 1398 2040 David.
1418 2011 1545 2040 Veritatis
1570 2012 1642 2038 enim
1661 2011 1729 2038 ratio

941 2059 991 2086 hoe
1006 2059 1064 2086 vult
1079 2065 1108 2085 ιιι
1124 2058 1280 2092 unigenitus
1296 2056 1379 2083 Filius
1392 2064 1425 2084 ex
1444 2056 1498 2084 Deo
1514 2056 1595 2083 Patre
1608 2056 1728 2091 genitus.

940 2105 998 2140 ipse
1013 2108 1105 2132 etnon
1128 2104 1196 2131 alius
1223 2103 1259 2131 sit
1280 2110 1312 2130 ex
1330 2102 1413 2146 David
1438 2103 1585 2130 secundum
1608 2109 1728 2129 carnem.
1770 2106 1773 2110 ‘

941 2150 1073 2178 Audiendi
1092 2150 1181 2185 itaque
1198 2157 1250 2177 non
1264 2154 1340 2181 sunt,
1359 2149 1404 2183 qui
1420 2156 1454 2175 ex
1468 2148 1597 2175 immensa
1612 2148 1728 2182 quadam

942 2196 1046 2224 insania
1065 2196 1167 2228 volunt,
1193 2195 1264 2230 quod
1289 2195 1361 2222 sicut
1386 2193 1501 2221 Verbum
1521 2194 1599 2233 quod
1629 2200 1644 2219 e
1660 2193 1730 2221 cmlo

943 2242 1083 2270 descendit
1098 2249 1150 2269 non
1169 2245 1211 2269 est
1226 2241 1373 2269 secundum
1397 2244 1520 2267 naturam
1540 2239 1610 2267 titius
1628 2239 1730 2270 David.

943 2289 980 2316 ita
998 2295 1085 2323 neque
1098 2289 1120 2316 is
1130 2288 1175 2323 qui
1190 2292 1232 2315 est
1248 2295 1280 2315 ex
1299 2287 1402 2315 semine
1423 2285 1507 2313 David
1526 2290 1566 2314 est
1581 2284 1664 2313 Filius
1686 2293 1730 2313 se-

945 2334 1062 2363 cundum
1079 2339 1201 2362 naturam
1219 2334 1275 2361 Dei.
1293 2333 1360 2360 Nam
1381 2332 1497 2360 Verbum
1511 2333 1580 2367 quod
1598 2331 1730 2359 naturali-

946 2385 986 2407 ter
1001 2387 1032 2406 ac
1049 2387 1113 2407 vere
1129 2387 1161 2407 ex
1179 2379 1259 2407 Patre
1274 2379 1390 2411 effulsit.
1406 2386 1467 2406 cum
1491 2385 1602 2405 carnem
1623 2382 1650 2404 et
1670 2385 1732 2404 san«

945 2427 1053 2461 guinem
1072 2426 1226 2461 assumpsit,
1243 2425 1467 2460 quemadmodum
1482 2424 1561 2452 modo
1575 2423 1640 2455 dixi.
1654 2431 1732 2450 man-

945 2473 981 2500 sit
999 2472 1081 2504 idem,
1105 2473 1156 2499 hoc
1182 2477 1234 2504 est,
1261 2477 1356 2499 natura
1372 2476 1399 2498 et
1424 2478 1486 2498 vere
1512 2470 1595 2497 Filius
1621 2469 1730 2496 Patris:

947 2526 1017 2546 unus
1029 2517 1164 2546 exsisteus
1178 2525 1210 2545 ac
1232 2518 1316 2550 solus,
1333 2523 1361 2545 et
1378 2525 1429 2545 non
1452 2522 1481 2544 ut
1501 2517 1569 2544 alius
1588 2524 1648 2543 cum
1668 2516 1732 2548 alio,

946 2568 975 2592 ut
986 2569 1013 2592 et
1027 2571 1079 2591 una
1095 2564 1177 2598 ipsius
1193 2568 1335 2590 censeatur
1348 2571 1474 2597 persona.
1494 2562 1550 2590 lloc
1565 2563 1637 2590 enim
1656 2568 1734 2596 pacto

947 2611 1107 2638 reducentes
1132 2609 1165 2636 ad
1184 2615 1276 2635 veram
1295 2609 1437 2641 unitatem,
1456 2613 1483 2636 et
1510 2609 1677 2636 intellectum
1703 2615 1735 2634 ac

947 2661 1064 2684 mentem
1082 2660 1201 2683 nostram
1226 2659 1397 2689 superantem
1418 2663 1478 2689 quia
1501 2656 1606 2682 ratione
1632 2658 1735 2681 natura

948 2701 1088 2730 dissimilia
1107 2701 1178 2728 inter
1193 2707 1222 2728 se
1242 2704 1314 2732 sunt,
1337 2703 1438 2727 rectam
1453 2700 1515 2727 ﬁdei
1540 2701 1610 2727 viam
1634 2699 1734 2727 insisti-

949 2756 1018 2776 mus.
1035 2747 1125 2776 Unum
1145 2746 1217 2775 enim
1231 2746 1313 2774 etiam
1326 2745 1413 2780 ipsum
1432 2753 1493 2773 esse
1508 2746 1623 2773 dicimus
1640 2745 1734 2773 Jesum

947 2795 1084 2823 Christum
1102 2802 1108 2821 :
1125 2801 1158 2821 ex
1171 2793 1225 2821 Deo
1239 2792 1347 2828 quidem
1362 2791 1443 2820 Patre
1459 2796 1488 2819 ut
1502 2791 1585 2819 Deum
1598 2791 1733 2825 Verbum;

683 2886 692 2901 ⁷
711 2885 790 2913 Hebr.
817 2892 836 2917 I,
863 2884 890 2912 5.
931 2884 940 2900 '
963 2883 1028 2911 ibid.
1049 2883 1092 2910 15.
1134 2882 1144 2898 °
1162 2881 1292 2917 Ephes.r,
1308 2880 1353 2908 21.
