1927 3036
90 155 164 184 1»ωὸ

658 152 751 187 QUOD
773 152 865 181 UNUS
884 153 937 181 SIT
956 148 1139 183 CHRISTUS.

1655 160 1723 188 I300

91 212 253 248 συναφθεὶς,
265 212 321 239 ἀλλ’
346 211 384 243 ὡς
406 210 473 242 Θεὸς
487 209 606 244 γεγονὼς
633 211 662 236 ἐν
680 210 809 246 ὁμοιώσει
829 210 883 237 τῶν

939 211 1163 245 periclitabantur
1177 221 1184 239 :
1200 217 1229 239 ut
1245 212 1271 240 in
1290 213 1349 248 ipso
1369 217 1396 241 et
1409 214 1517 249 quidem
1539 215 1627 250 primo
1637 224 1724 251 genus

89 257 351 290 κεκινδυνευκότων,
367 257 400 284 ἵν’
415 257 445 283 ὲν
460 256 534 291 αὐτῷ
551 256 598 283 καὶ
614 255 716 291 πρώτῳ
730 256 761 282 τὸ
776 255 882 291 ἀνθρὼ-

91 314 173 332 πινον
189 305 267 339 γένος
282 304 487 338 ἀναπλάττηται
502 302 570 339 πρὸς
583 303 614 328 τὸ
628 303 658 328 ὲν
671 302 779 338 ἀρχαῖς.
791 302 885 328 Πάντα

91 351 149 385 γὰρ
166 348 200 385 ἦν
212 343 240 376 ὲν
256 349 331 384 αὺτῷ
344 348 435 376 καινά.

130 396 162 423 Β.
183 394 287 422 Οὐκοῦν
306 393 515 429 διασεὸλήσεται
536 391 604 428 πρὸς
621 391 710 427 ἡμῶν,
730 391 760 418 τὸ
785 391 884 426 χρῆναι

91 442 206 476 φρονεῖν
218 441 234 476 ἢ
247 440 347 474 λέγειν,
363 438 506 474 ἄνθρωπον
519 437 653 472 συνῆφθαι
667 437 705 472 τῷ
717 436 777 472 Θεῷ
790 437 882 472 Λόγῳ,

92 487 143 513 καὶ
162 486 289 513 κοινωνὸν
306 485 433 519 γενέσθαι
447 485 497 520 τῆς
511 483 588 516 ἀξίας
606 483 691 518 αὐτῷ,
701 483 747 510 καὶ
761 483 790 509 ἑν
807 483 882 515 τάξει

92 533 207 568 χάριτος
222 532 271 567 τὴν
285 531 422 559 υἱοθεσίαν
438 530 520 565 ἔχειν.

130 579 165 605 Δ.
184 578 346 605 Παντάπασι
372 577 421 612 μὲν
447 574 503 603 οὖν.
521 576 559 603 Οὐ
579 576 633 612 γὰρ
652 574 707 603 οἶδε
727 575 808 602 τοῦτο
830 574 884 602 τῶν

93 621 178 657 ιερῶν
187 622 362 656 Γραμμάτων
372 621 388 656 ὴ
400 620 525 655 δύναμις,
539 620 644 656 εὕρεμα
658 620 686 646 δὲ
701 620 800 655 μᾶλλόν
814 621 882 653 ἐστι,

93 667 240 700 φιλοκένου
256 675 286 694 τε
305 666 351 693 καὶ
365 666 508 702 ἀδρανοῦς,
524 666 571 692 καὶ
588 666 759 701 παρειμένης
773 665 882 702 φρενὸς,

94 714 145 742 καὶ
159 714 209 741 οὐκ
229 713 344 749 ἐχούσης
362 714 429 748 ὀρᾷν
441 712 488 739 τοῦ
503 711 653 748 μυστηρίου
672 712 704 738 τὸ
719 711 810 746 βάθος.
827 711 883 739 Ποῦ

95 756 154 792 γάρ
167 766 208 784 τοι
226 757 348 784 τοιοῦτον
368 756 443 791 παρὰ
456 756 506 790 τῆς
529 755 610 790 ἁγίας
631 755 738 792 εἴρηται
753 756 882 791 Γραφῆς;

102 801 131 828 '0
154 801 203 836 μὲν
218 801 271 837 γὰρ
295 801 436 833 θεσπέσιος
455 800 560 834 Παῦλος
581 801 632 836 τῆς
648 801 883 838 ὲνανθρωπήσεως

94 846 144 874 τοῦ
161 847 329 881 Μονογενοῦς
344 847 493 882 διατρανῶν
512 845 542 873 εὖ
573 847 645 883 μάλα
669 847 699 873 τὸ
718 847 879 883 μυστήριον·

934 255 1081 284 humanum
1092 258 1125 284 ad
1139 258 1285 292 pristinum
1293 264 1395 287 statutn
1407 260 1613 288 instauraretur.
1623 261 1721 290 Omnia

933 302 1006 329 enim
1019 307 1097 330 erant
1114 303 1140 330 in
1156 305 1216 338 ipso
1231 311 1300 332 nova
1312 306 1347 332 ”.

974 389 1004 418 Β.
1022 390 1185 424 Rejiciemus
1207 393 1300 426 itaque
1321 393 1391 420 hanc
1415 394 1570 428 opinionem
1595 400 1722 429 tanquam

933 441 1087 468 erroueam,
1111 438 1183 471 quod
1208 438 1289 465 homo
1309 439 1345 465 sit
1366 439 1530 473 coniunctus
1551 439 1606 467 Deo
1624 439 1721 473 Verbo,

933 486 960 508 et
975 482 1110 517 particeps
1125 483 1219 518 gloria;
1238 492 1299 510 cum
1315 485 1373 518 ipso
1387 484 1512 516 effectus,
1525 487 1654 520 quodque
1675 494 1723 520 per

933 527 1048 561 gratiam
1060 528 1204 562 adoptatus
1219 529 1255 556 sit
1270 529 1296 556 in
1309 529 1420 557 Filium.

967 573 999 600 A.
1016 573 1142 601 Omnino.
1158 574 1252 609 Neque
1272 575 1347 603 enim
1372 583 1407 604 ex
1430 577 1516 604 sacris
1536 577 1646 605 Litteris
1660 584 1722 612 pro-

933 618 991 646 bari
1004 623 1110 653 potest:
1125 621 1172 648 sed
1185 621 1275 655 potius
1293 627 1478 649 commentum
1496 628 1537 650 est
1554 623 1656 658 ingenii
1672 623 1722 650 im-

933 663 1048 697 becillis,
1068 666 1174 693 remissi
1202 671 1229 694 et
1249 667 1380 694 novitatis
1400 668 1535 699 studiosi,
1563 675 1595 695 ac
1623 669 1723 696 mentis

933 717 993 744 quae
1015 711 1135 745 mysterii
1156 711 1328 740 altitudinem
1353 714 1508 748 perspicere
1527 718 1654 748 nequeat.
1669 713 1722 741 Ubi

933 756 1004 783 enim
1029 757 1082 784 tale
1105 757 1244 792 quidpiam
1267 759 1293 785 in
1319 766 1399 786 sacra
1423 759 1564 793 Scriptura
1586 758 1722 794 reperias!

932 800 1000 829 Nam
1013 802 1122 831 divinus
1139 803 1239 836 Paulus
1255 805 1416 840 mysterium
1444 804 1641 832 incarnationis
1655 803 1722 831 Uni-

933 848 1014 883 geniti
1029 849 1131 883 optime
1145 849 1322 877 diliucidans:
1335 860 1343 874 ι
1354 849 1422 883 Quia
1439 857 1503 886 ergo
1517 851 1604 884 pueri,
1622 850 1719 885 inquit.

99 902 109 918 ι
127 892 238 928 Ἐπειδὴ
249 894 302 929 γὰρ
317 892 351 919 τὰ
365 892 469 925 παιδία,
485 893 562 928 φησὶ,
583 893 780 929 κεκοινώνηκεν
799 894 883 929 αἷμα-

939 896 1200 922 eommonicaverunt
1212 897 1288 923 carni
1309 900 1337 923 et
1356 897 1492 930 sanguini.
1507 900 1534 923 et
1549 897 1606 929 ipse
1623 896 1720 923 simili-

96 947 142 970 τος
155 939 202 966 καὶ
217 940 328 974 σαρκὸς,
340 939 387 965 καὶ
399 939 480 971 αὐτὸς
494 939 692 975 παραπλησίως
703 940 817 975 μετέσχε
829 939 883 967 τῶν

95 985 196 1018 αὐτῶν,
209 986 251 1012 ἵνα
266 985 308 1012 διὰ
318 985 363 1011 τοῦ
379 984 494 1012 θανάτου
510 986 672 1022 καταργήσῃ
684 986 729 1012 τὸν
744 986 774 1012 τὸ
784 986 884 1022 κράτος

96 1031 194 1065 ἔχοντα
214 1030 260 1057 τοῦ
281 1030 408 1064 θανάτου,
432 1031 566 1062 τουτέστι,
588 1031 633 1057 τὸν
651 1030 782 1058 διάϐολον.
801 1041 810 1057 ι
830 1031 884 1058 Καὶ

97 1076 153 1112 μὴν
168 1077 215 1103 καὶ
240 1076 352 1112 ἑτέρωθί
369 1085 421 1103 που
435 1085 441 1091 ·
460 1085 470 1102 ι
487 1076 523 1103 Τὸ
547 1077 601 1112 γὰρ
623 1076 754 1104 ἀδύνατον
777 1077 823 1104 τοῦ
841 1078 884 1104 νό-

98 1130 162 1156 μου,
173 1123 202 1148 ὲν
215 1118 236 1156 ᾧ
253 1121 360 1157 ἠσθένει
373 1122 416 1148 διὰ
429 1121 479 1157 τῆς
493 1122 604 1157 σαρκὸς,
620 1123 634 1148 ὁ
649 1122 715 1154 Θεὸς
729 1123 773 1148 τὸν
786 1123 883 1149 ἑαυτοῦ

97 1167 161 1193 Υἱδν
178 1167 299 1202 πέμψας,
325 1167 353 1192 ἐν
371 1166 524 1202 ὁμοιώματι
547 1167 647 1203 σαρκὸς
663 1167 810 1203 ἁμαρτίας,
837 1167 883 1195 καὶ

97 1212 163 1248 περὶ
188 1213 325 1248 ἁμαρτίας
362 1212 507 1247 κατέκρινε
542 1212 590 1247 τὴν
628 1212 765 1248 ἁμαρτίαν
795 1212 824 1238 ὲν
850 1214 883 1248 τῇ

97 1259 192 1293 σαρκὶ,
208 1258 252 1285 ἵνα
268 1258 298 1285 τὸ
311 1259 450 1293 δικαίωμα
465 1258 511 1285 τοῦ
528 1258 611 1293 νόμου
627 1259 759 1294 πληρωθῇ
773 1260 802 1285 ἐν
819 1259 884 1294 ἡμῖν

96 1306 152 1336 τοῖς
167 1306 204 1340 μὴ
220 1305 290 1331 κατὰ
307 1305 395 1340 σάρκα
411 1304 620 1340 περιπατοῦσιν,
633 1305 700 1331 ἀλλὰ
715 1306 786 1332 κατὰ
802 1305 884 1331 πνεῦ-

97 1360 146 1387 μα.
166 1361 176 1377 ι
195 1352 431 1387 Κεκοινωνηκέναι
441 1352 469 1387 δέ
482 1360 572 1387 φαμεν
585 1352 700 1388 αἵματος
713 1352 759 1378 καὶ
772 1352 882 1388 σαρκὸς,

96 1397 170 1425 κατά
184 1406 216 1431 γε
230 1397 275 1424 τὸν
293 1399 348 1430 τοῖς
367 1397 531 1434 θεορήμοσιν
543 1398 651 1424 ἐοικότα
665 1397 738 1431 νοῦν,
754 1399 785 1424 οὺ
796 1399 841 1426 τὸν
855 1400 884 1425 ἐν

97 1444 181 1478 σαρκὶ
200 1444 247 1470 καὶ
262 1444 358 1479 αἵματι
373 1445 432 1470 κατ’
452 1444 520 1470 ιδίαν
535 1444 625 1479 φύσιν,
637 1446 684 1471 καὶ
699 1445 798 1480 ἑτέρως
815 1443 884 1472 εἶναι

99 1489 135 1525 μὴ
147 1489 304 1525 δυνάμενον,
328 1490 395 1516 ἀλλὰ
415 1491 459 1516 τὸν
482 1491 532 1517 οὐκ
558 1490 622 1517 ὄντα
636 1490 714 1517 τοῦτό
729 1499 812 1524 ποτε,
837 1491 884 1518 καὶ

97 1535 204 1569 φύσεως
224 1536 320 1571 ἐτέρας
339 1536 356 1571 ἢ
385 1536 446 1563 καθ’
470 1537 554 1571 ἡμᾶς·
577 1537 718 1571 γεγονέναι
732 1537 760 1564 δὲ
784 1538 829 1564 καὶ
851 1538 883 1564 ἐκ

98 1581 236 1615 γυναικὸς,
254 1583 301 1608 καὶ
322 1582 351 1608 ἐν
374 1582 528 1618 ἁμοιώματι
549 1583 650 1617 σαρκὸς
669 1583 816 1618 ἁμαρτίας,
840 1584 885 1610 τὸν

96 1627 130 1653 δι’
145 1628 230 1662 ἡμᾶς,
246 1627 308 1654 καθ’
324 1628 409 1662 ἡμᾶς,
426 1628 496 1663 μετὰ
510 1627 558 1654 τοῦ
569 1628 616 1655 καὶ
631 1628 702 1661 ὑπὲρ
718 1629 802 1664 ἡμᾶς,
818 1630 886 1656 καθὸ

96 1674 197 1711 νοεῖται
212 1673 287 1705 Θεός.
303 1673 399 1708 Γέγονε
412 1674 462 1710 μὲν
475 1674 521 1701 καὶ
537 1674 606 1710 σὰρξ
618 1676 632 1701 ὁ
656 1675 753 1710 Λόγος,
768 1675 837 1711 πλὴν
854 1676 885 1703 οὺ

95 1718 166 1754 σὰρξ
185 1719 341 1755 ἁμαρτίας,
361 1720 418 1747 ἁλλ’
443 1721 472 1747 ὲν
497 1720 651 1756 ὁμοιώματι
674 1721 774 1757 σαρκὸς
793 1723 880 1758 ἁμαρ-

94 1765 168 1798 τίας,
187 1766 393 1801 συνανεστράφη
405 1767 454 1800 μὲν
469 1767 525 1798 τοῖς
536 1767 582 1793 ἐπὶ
594 1766 644 1802 τῆς
655 1767 717 1802 γῆς,
728 1767 766 1800 ὡς
780 1768 885 1804 ἄνθρω-

95 1819 158 1842 πος,
177 1811 224 1837 καὶ
248 1811 276 1836 ἐν
292 1811 445 1846 ὁμοιώματι
461 1811 557 1846 γέγονε
578 1811 617 1848 τῷ
633 1812 693 1838 καθ’
715 1813 798 1847 ἡμᾶς,
816 1814 885 1848 πλὴν

94 1857 128 1883 οὐ
145 1857 204 1892 μεθ’
219 1857 297 1892 ἡμῶν
313 1858 358 1892 ὑφ’
377 1857 526 1893 ἁμαρτίαν,
543 1857 600 1885 ἀλλ’
613 1859 741 1885 ἐπέκεινα
755 1859 802 1886 τοῦ
818 1860 886 1886 εἰδέ-

96 1911 142 1929 ναι
162 1902 343 1938 πλημμελεῖν.
364 1901 419 1930 Ἦν
435 1903 489 1938 γὰρ
503 1904 517 1930 ὁ
536 1903 617 1936 αὐτὸς
633 1903 698 1935 Θεός
712 1913 742 1930 τε
756 1905 823 1940 ὁμοῦ
839 1905 886 1932 καὶ

96 1947 251 1982 ἄνθρωπος.
265 1948 296 1974 Οἱ
310 1948 340 1974 δὲ
355 1949 404 1984 τὴν
424 1947 496 1975 οὕτω
509 1948 611 1984 σεπτὴν
630 1948 677 1975 καὶ
696 1949 887 1985 τεθαυμασμέ-

96 2002 148 2028 νην
165 1993 321 2029 οἰκονομίαν
350 1993 534 2030 ἀποφέροντες
549 1995 599 2021 οὐκ
614 1993 661 2022 οἷδ’
674 1995 747 2028 ὅπως
761 1995 808 2022 τοῦ
828 1996 885 2023 Μο-

94 2039 233 2073 νογενοῦς,
248 2039 390 2075 ἄνθρωπον
409 2039 484 2076 αὐτῷ
496 2041 663 2067 συνάπτουσι
681 2041 825 2076 σχετικῶς,
844 2050 886 2068 τις

97 2086 164 2120 μαῖς
179 2087 240 2117 ταῖς
255 2085 372 2120 θύραθεν
389 2085 600 2121 ὲξωραῖσμένον,
618 2088 665 2113 καὶ
678 2087 808 2124 ἀλλοτρίᾳ
823 2088 887 2124 δόξῃ

95 2131 354 2166 λελαμπρυσμένον,
380 2132 426 2158 καὶ
448 2132 479 2158 οὐ
506 2131 572 2158 Θεὸν
597 2132 716 2167 ἀληθῶς,
735 2134 803 2160 ἀλλὰ
819 2134 887 2160 Θεοῦ

95 2177 228 2204 κοινωνὸν
251 2178 298 2204 καὶ
317 2177 440 2212 μέτοχον,
466 2178 514 2204 καὶ
538 2177 603 2204 Υίδν
629 2178 814 2215 ψευδώνυμον,
840 2180 888 2208 καὶ

936 943 978 965 ter
992 939 1163 973 partieipavit
1183 940 1297 973 eisdem,
1315 945 1346 967 ut
1367 948 1415 975 per
1433 946 1546 968 mortem
1570 942 1721 968 destrueret

935 991 996 1011 eum
1013 985 1059 1019 qui
1083 984 1198 1012 habebat
1212 986 1307 1013 mortis
1319 986 1473 1020 imperium,
1489 986 1540 1013 hoc
1557 992 1610 1018 εει,
1629 987 1720 1013 diabo-

937 1026 992 1052 lum
1009 1026 1043 1054 ’³.
1064 1037 1072 1053 ι
1088 1027 1120 1054 Et
1135 1027 1187 1055 alio
1204 1029 1229 1055 in
1246 1029 1305 1056 loco
1322 1038 1329 1056 :
1346 1039 1355 1054 ‹
1376 1029 1452 1063 Quod
1466 1030 1538 1056 enim
1555 1031 1721 1064 impossibile

934 1076 994 1098 erat
1018 1072 1069 1107 legi
1093 1073 1118 1100 in
1139 1081 1193 1108 qtto
1213 1074 1403 1102 inlirmabatur
1424 1083 1472 1109 per
1496 1083 1630 1103 carnem:
1652 1077 1723 1103 Deus

934 1117 1031 1146 Filium
1051 1127 1129 1146 suum
1147 1120 1260 1147 mittens
1273 1121 1299 1148 in
1316 1121 1528 1155 jsimilitudinem
1550 1122 1640 1149 carnis
1658 1129 1720 1156 pec-

935 1163 999 1195 cati,
1014 1168 1041 1190 et
1063 1163 1097 1191 de
1118 1171 1230 1200 peccato
1252 1167 1391 1194 damnavit
1406 1173 1545 1202 peccatum
1570 1169 1596 1195 iu
1617 1176 1721 1196 carne:

935 1214 963 1235 ut
974 1210 1133 1244 jttstilicatio
1148 1206 1214 1247 iegis
1229 1212 1386 1247 impleretur
1399 1214 1426 1240 in
1444 1214 1531 1246 nobis,
1548 1215 1593 1248 qui
1610 1222 1662 1241 non
1677 1223 1721 1243 se-

934 1255 1051 1282 cundum
1069 1264 1179 1284 caruetn
1196 1258 1379 1291 ambulamus,
1395 1260 1442 1286 sed
1468 1260 1617 1287 secundum
1640 1260 1721 1294 spiri-

935 1307 990 1328 tum
1011 1303 1044 1328 “.
1066 1312 1075 1328 ι
1097 1301 1320 1332 Communicasse
1350 1310 1440 1332 autem
1461 1305 1576 1333 dicimus
1591 1306 1667 1333 carni
1694 1310 1722 1333 et

935 1348 1062 1383 sanguini
1087 1348 1164 1384 juxta
1183 1350 1290 1377 modum
1313 1351 1412 1378 divinis
1431 1351 1546 1386 eloquiis
1559 1353 1722 1379 convenien-

937 1398 990 1420 tem
1015 1401 1067 1420 nou
1083 1401 1144 1421 eum
1158 1395 1203 1430 qui
1219 1395 1245 1422 in
1264 1403 1347 1424 carne
1369 1402 1396 1424 et
1420 1396 1552 1432 sanguine
1572 1397 1719 1424 secundum

935 1440 1071 1473 propriam
1094 1445 1219 1468 naturam
1251 1442 1429 1475 versabatur,
1453 1450 1540 1477 neque
1564 1443 1642 1470 aliter
1661 1450 1722 1470 esse

936 1491 1057 1520 poterat;
1070 1487 1117 1513 sed
1127 1487 1172 1521 qui
1192 1487 1217 1514 id
1233 1495 1373 1522 nunquam
1389 1488 1486 1520 fuerat,
1502 1493 1529 1515 et
1545 1493 1649 1515 naturae
1663 1493 1722 1515 erat

937 1531 1050 1559 diversai
1069 1540 1083 1558 ιι
1101 1537 1191 1559 nostra
1211 1542 1218 1559 :
1238 1532 1338 1560 factum
1356 1541 1420 1561 vero
1435 1541 1496 1562 esse
1515 1535 1597 1562 etiam
1615 1543 1648 1562 ex
1663 1542 1723 1562 mu-

936 1577 1004 1604 liere
1021 1577 1054 1611 ",
1069 1582 1096 1605 et
1113 1578 1138 1604 in
1155 1578 1359 1606 similitudinem
1372 1580 1461 1607 carnis
1479 1581 1582 1615 peccati
1598 1581 1643 1616 qui
1659 1589 1723 1616 pro-

936 1628 995 1658 pter
1010 1632 1059 1652 nos
1070 1625 1154 1651 nostri
1167 1625 1264 1652 similis
1279 1630 1320 1652 est
1334 1624 1463 1653 eifectus:
1479 1626 1514 1652 ita
1529 1632 1618 1652 tamen
1633 1633 1662 1653 ut
1673 1634 1723 1654 no-

935 1670 977 1697 bis
992 1670 1117 1706 superior
1127 1676 1210 1705 esset,
1225 1675 1357 1707 quutcnus
1371 1677 1410 1699 est
1427 1672 1506 1699 Deus.
1521 1671 1640 1699 Verbum
1650 1673 1723 1699 enim

935 1722 999 1743 caro
1018 1715 1118 1744 factum
1136 1721 1199 1750 est;
1216 1722 1343 1745 caeterum
1358 1725 1410 1744 non
1424 1725 1489 1745 caro
1506 1718 1620 1752 peccati,
1634 1718 1680 1744 sed
1695 1717 1723 1744 in

935 1761 1139 1790 similitudinem
1163 1763 1254 1790 carnis
1280 1763 1395 1798 peccati.
1421 1763 1454 1790 Et
1475 1768 1600 1791 versatus
1616 1764 1723 1797 quidem

935 1813 976 1835 est
994 1816 1054 1836 cum
1072 1809 1238 1840 hominibus,
1253 1813 1282 1835 ut
1299 1809 1390 1842 homo,
1413 1809 1554 1844 nostrique
1571 1809 1669 1836 similis
1686 1808 1725 1836 fa-

935 1860 1006 1886 ctus,
1021 1856 1067 1882 sed
1084 1863 1137 1882 non
1153 1854 1205 1882 una
1223 1855 1364 1882 nobiscqu
1381 1860 1491 1889 peccato
1508 1855 1653 1888 obnoxius,
1675 1856 1723 1882 sed

937 1908 951 1926 a
967 1905 1078 1935 peccato
1097 1900 1175 1934 plane
1192 1901 1271 1927 liber.
1291 1901 1356 1928 Erat
1376 1902 1449 1928 enim
1473 1902 1530 1936 ipse
1555 1901 1625 1929 Deus
1642 1899 1725 1928 simul

935 1952 963 1973 et
978 1946 1066 1973 homo.
1089 1946 1120 1973 Hi
1145 1954 1211 1973 vero
1235 1947 1417 1974 venerabilem
1443 1947 1512 1974 hanc
1543 1952 1624 1981 atque
1645 1945 1727 1973 admi-

939 1993 1049 2019 rantlatn
1077 1993 1293 2020 inraruatiornem
1324 1994 1358 2020 ab
1390 1992 1535 2028 Unigenito
1557 1993 1651 2020 nescio
1674 2001 1727 2026 quo

938 2043 1017 2072 pacto
1034 2038 1191 2070 avellentes,
1212 2037 1293 2073 745
1320 2039 1455 2065 hominem
1476 2038 1525 2072 ipsi
1546 2039 1641 2065 stricte
1658 2045 1726 2065 cou-

935 2083 1064 2118 juugunt,
1084 2084 1204 2111 externis
1229 2083 1409 2117 ascititiisque
1427 2083 1575 2110 honoribus
1590 2089 1725 2114 ornatum,

939 2135 1020 2164 atque
1036 2129 1122 2156 aliena
1141 2129 1227 2164 gloria
1245 2129 1428 2164 splendidum,
1450 2135 1535 2163 neque
1549 2136 1612 2154 vere
1631 2127 1726 2160 Deum,

938 2176 985 2203 sed
1008 2175 1054 2202 Dei
1087 2175 1257 2210 participem,
1277 2180 1304 2202 et
1326 2174 1385 2201 l'alsi
1413 2174 1530 2201 nominis
1554 2174 1677 2207 Filium,
1700 2180 1728 2202 et

94 2224 214 2259 Σωτῆρα
238 2223 412 2258 σωζόμενον.
438 2224 485 2250 καὶ
519 2223 703 2260 λυτρούμενον
727 2227 884 2262 Λυτρωτήν·

943 2221 1114 2248 Salvatorem
1128 2228 1189 2248 etim
1206 2221 1250 2255 qui
1268 2221 1386 2247 salvatus
1403 2220 1456 2252 sit,
1472 2224 1555 2255 atque
1578 2221 1726 2254 redempto-

94 2269 189 2302 καίτοι
204 2270 374 2305 γεγραφότος
385 2270 434 2296 ὡδὶ
448 2269 495 2296 τοῦ
509 2271 644 2306 μακαρίου
657 2271 774 2298 Παύλου·
788 2283 797 2299 ι
813 2273 889 2300 Ἐπέ-

95 2324 165 2350 gave
178 2316 233 2351 γὰρ
251 2317 268 2351 ἡ
282 2316 362 2351 χάρις
385 2315 431 2342 τοῦ
457 2316 552 2352 Θεοῦὴ
575 2318 709 2353 σωτήριος
734 2319 817 2346 πᾶσιν
839 2320 887 2346 ἀν-

95 2361 229 2398 θρώποις,
259 2362 302 2388 ἵνα
323 2362 511 2397 ἀρνησάμενοι
534 2362 583 2398 τὴν
609 2362 750 2395 ὰσέὸειαν,
769 2365 815 2390 καὶ
841 2364 889 2396 τὰς

96 2408 234 2442 κοσμικὰς
251 2408 410 2442 ἐπιθυμίας,
424 2408 572 2444 σωφρόνως
594 2410 641 2439 καὶ
656 2409 784 2441 ἐπιεικῶς
798 2409 888 2445 ζήσω-

97 2463 149 2489 μεν
167 2455 196 2480 ὲν
215 2454 255 2489 τῷ
280 2454 328 2480 νῦν
351 2454 440 2486 αἰῶνι,
455 2454 665 2490 προσδεχόμενοι
678 2456 728 2491 τὴν
748 2457 888 2491 μακαρίαν

96 2499 204 2532 ἐλπίδα,
221 2500 267 2526 καὶ
283 2500 445 2533 ἐπιφάνειαν
461 2502 510 2536 τῆς
527 2500 607 2536 δόξης
621 2500 667 2528 τοῦ
689 2501 806 2536 μεγάλου
820 2501 887 2528 Θεοῦ

97 2545 147 2576 καὶ
166 2545 291 2580 ἃυτῆρος
302 2546 380 2581 ἡμῶν
403 2546 491 2582 Ἰησοῦ
506 2546 635 2582 Χριστοῦ,
652 2557 662 2573 ι

133 2591 164 2617 Β.
180 2591 245 2624 Ναὶ,
259 2591 350 2626 φασίν.
361 2591 469 2628 Ἐπειδὴ
484 2592 612 2628 γὰρὸλως
625 2593 727 2628 ἠξιώθη
739 2594 885 2628 συναφείας

96 2635 148 2670 τῆς
160 2636 226 2671 πρὸς
239 2636 284 2663 τὸν
299 2637 364 2663 Θεὸν
381 2638 476 2672 Λόγον,
492 2639 577 2673 μέγας
590 2639 637 2665 καὶ
649 2639 729 2670 αὐτὸς
739 2639 884 2676 ὠνομάσθη

96 2680 176 2711 Θεὸς,
197 2681 284 2707 καίτοι
298 2682 416 2715 γεγονὼς
433 2682 465 2708 ἐκ
483 2683 639 2718 σπέρματος
651 2683 698 2729 τρῡ
713 2684 802 2713 Δαϐίδ.

134 2770 167 2795 Δ.
199 2768 284 2796 Βαῦαὶ
308 2769 358 2804 τῆς
383 2770 572 2806 ἀποπληξίαςί
609 2772 782 2803 (Φὰσκοντες
817 2770 886 2798 εἶναι

941 2275 997 2295 rem
1015 2275 1077 2294 eum
1101 2266 1146 2302 qui
1169 2267 1323 2301 redemptus
1340 2270 1391 2299 est,
1416 2273 1478 2293 cum
1504 2266 1607 2300 alioqui
1632 2267 1727 2293 beatus

941 2313 1040 2340 Paulus
1056 2313 1196 2340 manifeste
1209 2313 1245 2339 ita
1255 2312 1374 2340 scribat:
1391 2322 1400 2338 ι
1414 2312 1625 2346 Apparuiteuim
1639 2312 1726 2346 gratia

944 2359 991 2385 Dei
1011 2359 1160 2386 Salvatoris
1177 2358 1261 2386 nostri
1277 2359 1402 2385 omnibus
1418 2357 1583 2388 hominibus,
1599 2357 1727 2384 erudiens

940 2412 989 2432 nos
998 2410 1027 2432 ut
1037 2405 1203 2440 abuegantes
1215 2405 1378 2439 impietatem
1390 2409 1417 2431 et
1429 2403 1569 2431 smeularia
1582 2403 1726 2435 desideria,

940 2451 1030 2479 sobrie
1045 2455 1072 2478 et
1089 2451 1161 2485 iuste
1181 2456 1208 2478 et
1234 2451 1276 2486 pie
1291 2450 1414 2477 vivamus
1433 2450 1460 2476 in
1482 2449 1534 2476 hoc
1549 2449 1659 2481 saiculo,
1676 2456 1725 2475 es-

939 2501 1091 2531 spectantes
1106 2498 1214 2524 beatam
1226 2505 1302 2530 spem
1325 2501 1352 2523 et
1368 2496 1512 2523 adventum
1526 2495 1617 2530 gloria:
1638 2494 1726 2529 magni

941 2541 985 2569 Dei
999 2547 1026 2569 et
1046 2542 1194 2570 Salvatoris
1208 2543 1292 2570 nostri
1308 2542 1371 2569 Jesu
1391 2542 1492 2569 Christi
1504 2542 1537 2568 “.
1555 2551 1564 2568 ι

978 2587 1007 2614 Β.
1029 2588 1066 2614 Ita
1086 2588 1170 2614 aiunt.
1184 2587 1329 2623 Postquam
1345 2588 1416 2615 enim
1433 2587 1517 2615 semel
1531 2587 1668 2614 admissus
1684 2590 1726 2613 est

939 2634 971 2661 ad
991 2633 1206 2667 coniunctionem
1230 2641 1290 2660 cum
1313 2633 1367 2661 Deo
1387 2632 1486 2669 Verbo,
1507 2641 1619 2668 magnus
1644 2633 1725 2658 etiam

939 2680 996 2714 ipse
1019 2679 1090 2707 Deus
1115 2684 1226 2708 vocatus
1244 2684 1296 2713 est,
1324 2680 1432 2706 tametsi
1460 2687 1492 2706 ex
1515 2679 1618 2706 semine
1643 2677 1726 2704 David

939 2730 1024 2753 ortus.

975 2771 1007 2798 A.
1028 2771 1050 2800 0
1064 2771 1225 2799 immensum
1245 2770 1400 2806 stuporem!
1420 2779 1429 2796 ι
1442 2769 1510 2797 Cum
1528 2777 1557 2798 se
1572 2770 1662 2798 dicant
1678 2776 1723 2797 sa—

136 2860 158 2878 "
174 2860 193 2893 ll
205 2861 266 2889 (lor.
290 2869 314 2897 ν,
332 2862 373 2888 ΓΙ.
414 2862 434 2878 ’³
447 2861 528 2888 Hebr.
547 2870 577 2892 ιι,
593 2861 634 2889 Η.
671 2862 693 2878 ³³
708 2861 786 2889 Rom.
805 2869 863 2891 vnt.
879 2863 884 2889 ξ

939 2881 945 2889 .
980 2863 1002 2880 ³⁸
1020 2863 1108 2890 Galat.
1122 2870 1158 2892 tv.
1181 2861 1205 2888 ρῑ.
1245 2862 1267 2878 ’⁸
1283 2860 1336 2888 Tit.
1352 2867 1381 2890 It.
1397 2858 1492 2887 11-15.
