1927 3036
99 145 179 176 lli)!

668 150 762 184 QUOD
782 149 876 178 UNUS
896 149 950 177 SIT
968 151 1153 180 CHRISTUS.

1664 149 1731 186 uno

95 209 287 244 ἐκπέμπουσι,
313 209 440 236 κοινωνὸν
455 210 484 237 δὲ
502 210 601 245 μᾶλλον
620 210 744 246 υίότητος
766 210 814 238 καὶ
842 209 889 245 μέ-

954 219 1004 238 :sse
1018 212 1124 246 nolunt,
1137 212 1182 239 sed
1200 211 1291 247 potius
1304 210 1468 246 participem,
1480 211 1615 239 [litationis
1630 216 1658 239 et
1674 212 1729 246 glo-

97 261 177 288 τοχον
193 252 272 288 δόξης
286 252 476 286 ὀθνείοιςεῖναί
489 263 581 290 φασιν,
597 256 627 282 οὐ
642 255 741 292 μάτην,
758 256 795 288 ὠς
804 253 890 291 οἶμαι,

94 299 153 330 τὰς
172 299 249 336 παρά
271 298 324 326 τῶν
354 300 488 328 Ἰουδαίων
507 301 642 333 διαϐολὰς,
665 302 708 328 ἐπ’
725 301 800 336 αὐτῴ
816 310 893 335 γενο-

98 345 366 396 μέναςειδρήσομεν.
386 346 524 380 Ἔφασκον
543 348 606 382 γὰρ,
632 347 673 374 δτι
683 357 702 396 ὅ
718 348 787 383 Περὶ
809 347 893 374 καλοῦ

96 389 182 425 ἔργου
199 390 229 417 οὑ
247 390 390 426 λιθάζομέν
407 400 448 424 σε,
470 392 537 419 ἀλλὰ
556 393 620 428 περὶ
645 389 829 429 βλιῖσφημίας,
853 394 893 421 ὅτι

97 436 132 462 σὺ
148 436 290 472 ἄνορωπος
305 437 352 471 ὢν,
369 440 455 471 ποιεῖς
471 439 567 466 ἑαυτὸν
583 440 660 468 Θεόν.

136 480 168 507 Β.
186 481 242 508 Καὶ
259 481 313 518 μὴν
327 483 374 509 καὶ
388 483 454 511 Θεὸν
469 484 515 511 καὶ
529 484 592 512 Υῑὸν
603 484 812 522 ἀληθινὸνεῐναί
827 496 893 522 φασι

99 526 147 553 16v
163 527 210 554 ἕνα
224 528 351 564 Χριστόν.

136 573 171 600 Α.
198 574 290 609 Δῆλον.
308 574 337 600 δὲ
365 575 407 602 ὅτι
427 576 473 603 16v
498 577 535 603 ὲκν
556 576 622 604 Θεοῦ
649 579 749 613 Λόγον,
777 579 894 607 λαϐόντα

99 619 175 646 κατὰ
188 620 337 655 συνάφειαν
351 621 396 648 τὸν
409 623 441 649 ὲκ
458 623 623 658 σπέρματος,
632 624 679 651 τοῦ
694 625 786 652 Δαῦἱδ.

137 665 170 695 Β,
191 666 259 693 Ἀλλ’
279 668 303 694 εἰ
324 668 361 703 μή
377 668 452 695 ἐστιν
467 670 546 701 αὐτὸς
561 670 575 696 6
593 671 625 697 ἐκ
639 670 707 698 Θεοῦ
723 671 828 708 Πιτρὺς
843 672 895 699 Λό-

99 719 161 745 γος,
185 713 199 739 6
222 713 269 740 καὶ
292 713 367 740 κατὰ
388 714 480 750 σάρκα.
501 716 532 742 ἐκ
559 710 697 750 γυναικὸς,
722 717 779 744 ἀλλ’
803 718 898 752 ἕτερος

101 757 163 793 μεθ’
181 758 287 794 ἐτέρου,
304 759 362 791 πῶς
378 760 412 786 ἂν
426 760 532 796 λέγοιτο
551 763 684 797 Χριστὸς,
701 764 716 790 6
736 763 774 798 μὴ
802 773 894 800 κεχρι-

101 803 211 838 σμένος,
226 803 299 832 καθὰ
314 805 361 832 καὶ
377 805 673 843 φθάσαντεςτεῑπομεη

136 849 170 876 Α.
187 849 301 883 Οὐκοῦν,
318 851 342 877 εί
357 851 394 886 μή
415 852 488 879 ἐστιν
502 851 595 887 ἕτερος
618 851 694 888 παρὰ
711 851 756 879 16v
775 853 806 879 ὲκ
827 852 894 880 Θεοῦ

948 258 994 284 riae
1008 258 1102 285 aliena:
1122 265 1183 286 esse
1200 261 1330 290 statuunt,
1353 264 1407 284 non
1423 256 1535 289 frustra,
1552 261 1582 284 ιιι
1601 255 1730 290 arbitror,

946 304 1031 331 Judati
1052 304 1127 331 illum
1156 305 1313 332 calutnniati
1342 304 1452 337 fuerim,
1476 303 1617 331 dicentes:
1636 312 1644 329 t
1662 303 1731 335 Quia

946 351 982 378 ob
1000 351 1099 378 bonum
1120 358 1188 386 opus
1203 358 1255 377 non
1274 350 1424 386 lapidanzus
1442 354 1480 383 te,
1496 350 1543 376 sed
1561 349 1595 376 ob
1613 348 1731 382 blasphe-

948 397 1051 429 miam,
1081 397 1151 430 quod
1183 404 1245 424 cum
1280 397 1318 424 sis
1357 398 1459 428 homo,
1499 395 1584 422 facias
1617 395 1730 429 teipsum

948 442 1030 470 Deum
1042 442 1074 470 ".
1090 451 1101 469 ι

980 487 1012 515 Β.
1029 487 1110 522 Atqui
1130 491 1157 514 et
1178 487 1261 515 Deum
1286 492 1314 515 et
1337 487 1434 515 Filium
1457 495 1516 515 esse
1533 487 1628 515 dicunt
1649 495 1730 514 unum

946 534 1096 562 Christum.

983 580 1015 607 A.
1036 579 1153 608 Verbum
1175 580 1281 608 scilicet
1297 588 1330 608 ex
1353 579 1419 614 Deo,
1435 580 1506 615 quod
1523 580 1670 616 assumpsit
1691 587 1733 606 ra-

949 628 1022 655 tione
1036 627 1238 663 conjunctiouis
1255 635 1316 655 eum
1335 627 1380 662 qui
1406 631 1448 654 est
1471 634 1504 654 ex
1522 627 1625 654 semine
1640 626 1733 653 David.

983 672 1014 700 Β.
1036 672 1181 706 Caeterum,
1193 673 1216 700 si
1234 680 1288 700 non
1300 677 1341 700 est
1351 673 1443 708 ipsum
1458 679 1490 699 ex
1507 671 1561 698 Deo
1574 671 1654 698 Patre
1667 669 1735 698 Ver-

948 718 1023 749 bum.
1036 719 1109 753 quod
1121 723 1148 746 et
1162 718 1310 746 secundum
1326 725 1436 746 carnem
1448 721 1488 744 est
1503 725 1535 744 ex
1552 717 1674 749 tnuliere,
1689 717 1735 744 sed

948 764 1016 793 alius
1028 773 1089 793 cum
1110 765 1178 798 alio;
1196 765 1331 800 quomodo
1348 764 1453 792 dicatur
1473 763 1595 791 Christus
1616 762 1661 798 qui
1682 771 1734 790 nott

948 816 988 839 est
1001 816 1108 844 unctus,
1123 815 1153 838 ut
1169 815 1196 838 et
1209 816 1272 838 ante
1288 810 1428 838 diximus?

983 856 1016 885 A.
1036 857 1106 891 Ergo
1123 857 1146 884 si
1170 857 1200 884 is
1213 856 1258 890 qui
1277 860 1318 883 est
1335 863 1369 884 ex
1389 856 1493 883 semine
1509 855 1594 882 David
1619 863 1670 883 non
1693 859 1736 883 est

101 895 210 932 Πατρὺς
229 896 326 931 Λόγον,
339 897 352 923 6
366 898 398 924 ἐκ
413 898 572 935 σπέρματος
594 898 641 925 τοῦ
661 898 752 931 Δαϐὶδ,
773 898 894 934 λεγέσθω

954 903 1015 930 tlius
1038 910 1053 929 a
1076 890 1164 930 Verbo
1191 901 1298 929 ex.Deo
1325 901 1415 933 Patre,
1440 901 1547 928 dicatur
1563 902 1645 929 etiam
1672 906 1742 928 ante

101 942 151 968 καὶ
165 941 338 978 προαιώνιος,

138 988 168 1014 Β.
187 986 254 1015 Εἶτα
279 989 338 1020 πῶς
358 990 372 1015 6
389 989 526 1024 πάνσοφος
550 989 666 1022 Παῦλος,
688 990 827 1018 ὲκῦάλλων
846 991 895 1026 τὴν

100 1035 191 1068 δόξαν,
208 1035 246 1067 ὡς
265 1036 293 1061 ὲν
314 1036 482 1071 ὲρωτήσεσίν
505 1038 579 1064 ἐστιν
594 1037 717 1064 ἀπαιτῶν
733 1038 779 1064 καὶ
797 1038 894 1072 λέγων,

102 1091 112 1106 ‹
135 1081 238 1117 Ἰησοῦς
250 1082 367 1117 Χριστὸς
386 1082 448 1118 χθὲς
459 1083 506 1109 καὶ
520 1084 640 1118 σήμερον
652 1085 666 1111 ὀ
681 1084 773 1117 αὐτὸς,
790 1085 836 1112 καὶ
853 1086 893 1117 είς

100 1128 164 1160 τοὺς
176 1127 287 1160 αἰῶνας.
301 1138 309 1154 t
327 1129 358 1154 Ei
380 1128 445 1162 γοῦν
462 1129 510 1156 καὶ
530 1129 632 1165 ἕτερος,
651 1133 666 1159 ὁ
687 1130 743 1166 γὰρ
762 1131 826 1165 χθὲς
850 1132 896 1158 καὶ

101 1174 230 1210 σήμερον,
247 1174 339 1210 φησὶν,
359 1173 474 1210 Ἰησοῦς,
492 1176 506 1202 6
520 1175 602 1208 αὐτὸς
617 1175 692 1212 Esca:
714 1177 760 1204 καὶ
778 1178 818 1209 εἰς
833 1178 896 1210 τοὺς

101 1219 214 1252 αἰῶνας,
234 1221 391 1256 πρόσφατος
410 1221 541 1256 δηλονότι,
559 1221 608 1249 καὶ
625 1222 688 1257 χθὲς
701 1224 748 1249 καὶ
764 1224 894 1259 σήμερον,

102 1267 192 1294 καίτοι
211 1266 256 1294 τοῦ
281 1267 349 1295 Θεοῦ
367 1267 455 1302 Λόγου
479 1267 518 1302 τῷ
543 1268 600 1303 ἰδίῳ
625 1268 713 1304 Haupt
729 1277 896 1305 συνυφεστη-

103 1313 192 1346 κότος.

138 1359 171 1387 Δ.
189 1358 316 1386 Μάλιστα
347 1359 397 1393 μὲν
422 1359 554 1391 ἀδικοῦσι,
585 1360 815 1396 παροχετεύοντες
847 1362 896 1397 τὴν

103 1404 247 1440 ἀλήθειαν,
264 1405 310 1431 ἐπὶ
330 1405 361 1432 τό
376 1413 408 1439 γε
426 1405 516 1440 σφίσιν
532 1406 623 1438 αὐτοῖς
638 1406 776 1438 ἀσυνέτως
789 1407 896 1440 δοκοῦν,

103 1449 152 1476 καὶ
177 1449 232 1476 τῶν
259 1449 340 1485 ἱερῶν
364 1450 539 1486 Γραμμάτων
560 1451 590 1477 16
607 1451 732 1486 ἀκριϐὲς,
746 1452 894 1488 παραφθεί-

105 1504 208 1531 ροντες.
227 1495 257 1523 Ei
280 1496 308 1523 δὲ
323 1495 355 1531 δή
370 1505 413 1527 τις
441 1496 513 1531 λέγοι
537 1497 584 1523 καὶ
599 1497 762 1532 προαιώνιον
778 1498 897 1534 Χριστὸν

111 1541 226 1576 Ἰησοῦν,
246 1541 296 1568 οὐκ
317 1541 350 1568 ἂν
372 1541 489 1577 ἁμάρτοι
504 1541 647 1576 τάληθοῦς,
672 1542 751 1579 εἴπερ
767 1544 840 1570 ἐστὶν
857 1542 897 1577 εἷς

104 1585 168 1617 Υἱὸς
186 1587 234 1612 καὶ
249 1585 361 1620 Κύριος,
375 1586 389 1612 6
411 1586 574 1621 προαιώνιος
588 1587 683 1622 Λόγος,
701 1589 750 1625 τὴν
770 1590 799 1616 ὲν
815 1591 897 1625 ἐσχά-

103 1641 159 1664 τοις
182 1631 230 1658 τοῦ
246 1632 345 1664 αἰῶνος
368 1633 475 1668 καιροῖς
499 1633 570 1659 κατὰ
597 1633 687 1668 σάρκα
710 1634 742 1660 ἐκ
767 1635 896 1669 γυναικὸς

105 1678 256 1713 ὑπομείνας
270 1677 407 1713 γέννησιν.
425 1678 487 1704 ’Ὁτι
506 1678 534 1704 δὲ
546 1678 596 1706 οὐκ
612 1679 757 1714 ἠλλοίωται
776 1681 896 1715 γεγονὼς

103 1723 246 1760 ἄνθρωπος
261 1723 322 1750 καθ’
336 1724 410 1759 ἡμᾶς
427 1725 440 1751 6
457 1724 554 1758 Λόγος,
578 1725 767 1761 διαμεμήνυκε
781 1727 868 1762 λέγων
883 1729 896 1754 6

102 1770 339 1805 Πνευματοφόρος·
359 1780 367 1795 t
385 1769 487 1804 Ἰησοῦς
502 1770 619 1805 Χριστὸς
635 1771 699 1806 χθὲς
713 1772 759 1798 καὶ
776 1772 896 1808 σήμερον

101 1817 117 1842 ὁ
131 1816 225 1848 αὐτὸς,
239 1816 288 1843 καὶ
300 1816 340 1847 εἰς
353 1816 416 1847 τοὺς
433 1816 545 1848 αἰῶνας.
561 1825 570 1842 ι
591 1817 646 1843 Καὶ
661 1817 827 1852 σημαντικὸν
847 1819 896 1854 μὲν

101 1862 151 1890 τοῦ
172 1862 369 1898 παρῳχηκότος
387 1861 484 1896 χρόνον
508 1863 635 1894 ποιεῖται,
655 1863 684 1889 16
697 1863 779 1898 χθές,
797 1863 844 1890 τοῦ
865 1873 896 1899 γε

105 1909 160 1945 μὴν
181 1908 338 1941 ἐνεστῶτος,
360 1908 391 1934 τὺ
409 1907 553 1942 σήμερον,
567 1908 614 1935 τοῦ
637 1909 665 1935 δὲ
688 1909 834 1942 ἐνεστῶτος
851 1911 897 1937 καὶ

106 1954 260 1989 μέλλοντος,
274 1954 314 1985 τὺ,
332 1954 372 1985 εις
382 1954 446 1985 τοὺς
457 1953 569 1985 αἰῶνας.
583 1954 614 1980 Ei
629 1954 658 1981 δὲ
669 1955 770 1982 οἴονταί
782 1964 807 1982 τι
817 1956 898 1990 σοφὸν

103 2000 303 2036 ἐννενοηκέναι,
317 2000 347 2026 16
361 1999 433 2035 χθές
454 2000 501 2026 καὶ
520 2001 662 2035 σήμερονΔ
672 2001 731 2028 ἀντὶ
749 2001 795 2028 τοῦ
814 2010 900 2037 προσ-

105 2048 193 2082 φάτου
206 2046 357 2081 δεχόμενοι.
377 2045 572 2081 διατεινάμενοι
592 2055 621 2072 τε
647 2047 692 2074 καὶ
712 2046 846 2081 λέγοντες,
867 2047 898 2076 '0

105 2092 170 2128 χθὲς
187 2092 233 2118 καὶ
252 2092 382 2127 σήμερον,
399 2091 457 2123 πῶς
480 2090 512 2118 ἂν
523 2093 566 2127 εἵη
587 2093 633 2119 καὶ
647 2094 687 2124 εἰς
705 2094 768 2125 τοὺς
782 2093 897 2129 aliIn/ag;

108 2138 315 2173 μεταστήσομεν
326 2137 372 2164 καὶ
385 2138 464 2171 ἡμεῖς
478 2137 527 2173 τὴν
538 2138 586 2173 τῆς
598 2139 758 2174 ἐρωτήσεως
773 2139 897 2175 δύναμιν,

107 2185 148 2216 εις
174 2183 205 2211 16
232 2183 293 2219 ἕχον
315 2183 455 2215 ἐναντίως.
478 2183 507 2210 '0
526 2183 581 2220 γὰρ
600 2185 640 2216 εἰς
659 2185 722 2217 τοὺς
742 2185 842 2218 αἰῶνας
861 2185 901 2217 ὢν

908 1564 932 1594 ο

945 948 1043 977 saecula
1061 948 1211 976 exstitisse.

981 996 1012 1023 Β.
1031 996 1068 1023 At
1095 1003 1149 1031 qtto
1172 1000 1250 1030 pacto
1272 995 1489 1030 sapientissimus
1503 994 1603 1022 Paulus
1629 995 1734 1030 inquit:

950 1050 960 1068 ι
976 1041 1057 1069 Iesus
1083 1042 1208 1070 Christus
1230 1041 1287 1068 heri
1315 1045 1343 1068 et
1369 1040 1449 1068 hodie
1472 1049 1479 1068 :
1505 1041 1562 1075 ipse
1581 1045 1608 1067 et
1633 1041 1659 1068 itt
1686 1048 1737 1068 sat:-

947 1089 1007 1117 ettla
1021 1088 1044 1104 ³⁸
1056 1088 1067 1115 2
1081 1097 1091 1114 ›
1116 1088 1144 1115 Si
1168 1095 1232 1124 ergo
1248 1088 1331 1116 etiam
1356 1087 1426 1114 alius
1444 1092 1485 1114 est
1497 1086 1586 1121 (Jesus
1599 1087 1681 1119 enim,
1696 1086 1737 1114 in-

947 1137 1016 1170 quit,
1031 1140 1073 1163 est
1092 1135 1151 1162 heri
1166 1138 1194 1162 et
1208 1133 1310 1170 hodie),
1323 1134 1394 1161 idem
1418 1129 1470 1160 erit
1488 1134 1569 1161 etiam
1585 1134 1610 1161 in
1626 1133 1735 1165 saeculo,

947 1187 1043 1208 recens
1069 1180 1211 1212 nimirum,
1234 1183 1261 1207 et
1289 1179 1372 1207 hodie
1395 1183 1478 1213 atque
1498 1178 1575 1206 heri:
1592 1179 1655 1206 licet
1670 1178 1736 1206 Ver-

947 1225 1088 1254 bumcum
1103 1225 1185 1254 Patre
1199 1226 1359 1254 coexsistat.

983 1356 1018 1384 Δ.
1041 1356 1186 1391 Perperam
1207 1361 1283 1384 certe
1303 1356 1416 1388 faciunt,
1436 1357 1590 1384 derivantes
1605 1355 1685 1391 747
1705 1363 1737 1383 ac

948 1403 1150 1438 distorquentes
1163 1403 1306 1430 veritatem
1328 1402 1362 1430 ad
1386 1410 1461 1429 suant
1482 1402 1632 1436 imperitam
1649 1401 1737 1428 libidi—

949 1457 1027 1482 netn,
1054 1454 1081 1477 et
1102 1456 1242 1477 sacrarum
1268 1448 1431 1476 Litterarum
1460 1455 1551 1476 veram
1576 1447 1736 1475 sententiam

948 1500 1166 1530 corrumpenles.
1186 1494 1214 1522 Si
1237 1502 1303 1522 vero
1325 1495 1386 1529 quis
1405 1494 1579 1522 aﬂirtnaverit
1599 1493 1737 1521 Christum

949 1540 1040 1569 Jesum
1065 1545 1127 1568 ante
1151 1540 1251 1567 saecula
1278 1540 1426 1573 exstitisse,
1451 1548 1465 1567 a
1484 1547 1549 1567 vero
1568 1546 1737 1573 nequaquam

950 1587 1126 1615 aberraverit.
1143 1587 1350 1623 Siquidem_cst
1372 1593 1442 1613 unus
1456 1585 1540 1613 Filius
1556 1591 1582 1614 et
1596 1585 1738 1616 Dominus,

949 1633 1068 1662 Verbum
1094 1639 1156 1661 ante
1178 1633 1288 1666 saecula,
1314 1633 1385 1668 quod
1412 1633 1440 1660 in
1467 1632 1621 1659 novissimis
1646 1631 1737 1659 saeculi

951 1679 1116 1714 temporibus
1134 1679 1300 1706 nativitatem
1325 1679 1472 1706 secundum
1500 1685 1609 1705 carnem
1632 1685 1664 1704 ex
1683 1685 1738 1704 mu-

950 1726 1016 1754 liere
1030 1726 1123 1753 subiit.
1139 1725 1216 1758 Quod
1228 1728 1328 1752 .autetu
1349 1724 1467 1752 Verbum
1488 1724 1567 1751 homo
1592 1725 1676 1751 nostri
1694 1723 1739 1750 si-

950 1772 1021 1800 milis
1036 1772 1134 1798 factum
1149 1772 1320 1798 itutuutatum
1337 1779 1389 1798 tton
1401 1771 1446 1803 sit,
1461 1770 1627 1806 signiﬁcavit
1640 1770 1739 1798 Paulus

952 1818 1053 1856 Spiritu
1079 1817 1299 1845 aﬂlatusdicens
1315 1825 1321 1842 :
1339 1826 1348 1842 ι
1364 1815 1444 1844 Jesus
1465 1816 1591 1844 Christus
1616 1817 1693 1843 hodie
1713 1821 1739 1843 et

951 1863 1020 1895 heri,
1038 1863 1096 1898 ipse
1117 1867 1145 1890 ει
1160 1863 1187 1889 in
1206 1863 1322 1896 smoula;
1340 1872 1349 1888 ι
1369 1870 1402 1890 ac
1416 1870 1462 1897 per
1483 1863 1549 1895 lteri,
1572 1861 1738 1896 praeteritum

951 1914 1056 1944 tempus
1079 1909 1196 1941 indicat;
1223 1916 1271 1943 per
1291 1908 1387 1940 ltodie,
1413 1915 1552 1943 praesens;
1577 1915 1625 1942 per
1642 1908 1738 1934 sazcula

951 1963 1026 1988 vero,
1042 1961 1162 1990 praesens
1176 1958 1204 1982 et
1221 1954 1350 1980 futurum.
1371 1954 1405 1983 At
1415 1953 1437 1980 si
1458 1957 1553 1988 putant
1567 1960 1598 1979 se
1612 1960 1737 1986 magnum

951 2003 1051 2038 aliquid
1067 2001 1248 2036 excogitasse,
1269 2001 1340 2035 quod
1363 2007 1411 2034 per
1426 1999 1482 2026 lteri
1498 2004 1525 2026 et
1541 1999 1628 2032 hodie,
1645 2006 1735 2026 recen-

952 2054 1005 2076 tem
1022 2048 1184 2082 intelligattt,
1197 2046 1233 2073 ita
1245 2046 1441 2074 contendentes
1455 2055 1461 2073 :
1478 2045 1528 2079 Qtti
1548 2045 1605 2072 heri
1618 2049 1644 2072 et
1659 2044 1739 2072 hodie

951 2101 1002 2129 est,
1019 2093 1156 2130 quomodo
1172 2093 1208 2121 sit
1221 2093 1302 2120 etiam
1325 2092 1350 2119 in
1366 2091 1483 2119 smettla?
1505 2090 1699 2118 transferemus
1713 2094 1738 2118 ει

952 2150 1002 2170 nos
1027 2139 1250 2175 interrogationis
1277 2138 1330 2165 vim
1357 2138 1382 2165 in
1407 2137 1574 2165 contrarium
1594 2146 1600 2164 :
1621 2136 1738 2164 Verbum

951 2188 1023 2216 enim
1039 2187 1173 2214 exsistetts
1197 2185 1223 2211 in
1247 2183 1356 2214 satcula,
1374 2191 1428 2218 quo
1445 2188 1522 2218 pacto
1539 2183 1649 2217 recipiat
1667 2183 1693 2210 in
1710 2189 1739 2209 se

108 2231 208 2264 Λόγος,
225 2229 284 2261 πῶς
299 2228 332 2256 ἂν
343 2228 419 2255 λάϐοι
431 2229 463 2255 16
477 2229 540 2265 χθὲς
551 2230 598 2256 καὶ
608 2231 728 2266 σήμερον
742 2231 785 2266 ἐφ’
799 2232 896 2268 ἑαυτῷ,

954 2234 1008 2261 lteri
1021 2238 1047 2261 et
1068 2231 1168 2259 hodie?
1189 2230 1326 2265 Siquidem
1347 2234 1388 2256 est
1405 2236 1474 2256 unus
1486 2228 1620 2261 Christus,
1638 2233 1665 2255 et
1684 2236 1738 2255 neu

107 2275 187 2311 εἴπερ
199 2276 273 2301 ἐστὶν
289 2272 329 2307 εἷς
353 2276 367 2302 6
390 2276 519 2311 Χριστος,
536 2276 584 2302 καὶ
600 2277 630 2303 οὑ
647 2277 812 2312 μεμέρισται
827 2278 897 2305 κατὰ

110 2322 159 2358 τὴν
173 2321 221 2348 τοῦ
239 2321 383 2348 Θεσπεσίου
405 2321 514 2349 Παύλου
536 2323 638 2358 φωνήν.
659 2323 721 2349 ’Ότι
753 2324 807 2359 γὰρ
827 2323 898 2351 οὕτω

110 2367 179 2404 πρὸς
195 2368 274 2403 ἡμῶν
292 2367 378 2394 ἐθέλει
395 2368 586 2403 γνωρίζεσθαι,
606 2368 753 2395 κάντεῦθεν
769 2369 830 2404 εἴσῃ
846 2378 896 2396 τοι.

110 2414 209 2443 Καίτοι
228 2414 283 2449 γὰρ
299 2413 438 2449 ὁρώμενος
452 2414 480 2440 ὲν
496 2413 589 2449 σαρκὶ,
603 2414 650 2440 καὶ
663 2415 718 2446 τοῖς
731 2414 900 2450 τῆςὰνθρω-

111 2461 227 2496 πότητος
239 2461 349 2496 μέτροις
361 2459 534 2496 ὲμόεσηκὼς,
545 2460 595 2496 τὴν
608 2460 771 2496 προαιώνιον
783 2460 899 2497 ὓπαρξιν

110 2506 200 2542 ἑαυτῷ
231 2505 500 2542 προσμεμαρτύρηκε
528 2505 615 2540 λέγων
626 2515 637 2529 ν·
675 2516 685 2532 ι
707 2507 802 2543 Ἀμὴν,
825 2507 899 2542 ἀμὴν

110 2552 183 2586 λέγω
198 2552 273 2587 ὑμῖν,
287 2552 354 2587 πρὶν
374 2551 499 2588 Ἀϐραὰμ
512 2552 649 2586 γενέσθαι,
669 2552 725 2587 ἐγώ
734 2554 801 2589 εἰμι.
816 2563 825 2579 t
845 2554 899 2581 Καὶ

111 2598 204 2626 πάλιψ
220 2607 230 2624 ι
244 2599 276 2625 Ei
291 2598 324 2625 τὰ
337 2597 445 2632 ἐπίγεια
455 2596 532 2624 εἶπον
548 2598 623 2634 ὑμῖν,
637 2599 684 2625 καὶ
698 2599 728 2625 οὺ
743 2600 898 2634 πιστεύετε,
912 2627 915 2632 ,

111 2643 183 2676 πῶς,
199 2644 261 2673 ἐὰν.
279 2644 349 2670 εἴπω
370 2643 434 2678 ὑμῖν
455 2643 489 2670 τὰ
515 2644 674 2679 ἐπουράνια.
696 2645 874 2678 mentiens;
888 2655 896 2670 ι

111 2689 177 2715 Καί·
197 2698 206 2714 ί
222 2688 317 2720 οὐδεὶς
328 2689 498 2724 ἁναὸἐὸηκεν
509 2689 549 2720 είς
561 2689 606 2715 τὸν
618 2689 742 2724 οὐρανὸν,
752 2691 776 2717 εί
793 2689 829 2726 μὴ
844 2691 857 2717 6
869 2691 902 2718 ἐκ

111 2734 160 2761 τοῦ
180 2734 297 2771 οὐρανοῦ
313 2734 445 2766 καταϐὰς,
466 2735 480 2760 6
505 2734 567 2766 Υἱὸς
590 2734 637 2762 τοῦ
653 2735 828 2771 ἀνθρώπου.»
858 2737 901 2768 Ὠς

114 2783 167 2816 γὰρ
187 2781 318 2816 ὑπάρχων
328 2781 372 2808 ἀεὶ
387 2781 432 2808 καὶ
445 2780 607 2816 προαιὼνιος
626 2782 721 2816 Λόγος,
737 2782 902 2818 καοιγμὲνος

150 2871 172 2889 ⁸³
188 2870 265 2900 Ιοιιη.
280 2880 305 2901 κ.
322 2871 366 2898 35.
404 2871 425 2886 ⁸⁸*
441 2871 520 2898 ΙΙιεὶιΓ.
537 2878 594 2902 xttt,
612 2871 638 2898 8.

676 2872 696 2887 ⁴⁷
713 2870 789 2899 Joan.
805 2880 862 2904 \‘lll,
885 2872 927 2899 58.

951 2285 992 2308 εει
1008 2279 1121 2311 divisus,
1143 2276 1220 2312 juxta
1238 2275 1321 2303 divini
1344 2275 1415 2302 illius
1437 2274 1512 2302 Pauli
1536 2282 1639 2302 vocem.
1663 2274 1738 2308 Quod

951 2326 1022 2353 enim
1045 2325 1082 2352 ita
1103 2331 1118 2350 a
1141 2323 1218 2350 nobis
1240 2321 1368 2356 cognosci
1393 2321 1520 2352 voluerit,
1541 2321 1602 2347 inde
1625 2320 1738 2354 intelligi

951 2375 1048 2406 potest.
1064 2369 1192 2403 Quamvis
1215 2368 1288 2396 enim
1305 2368 1330 2395 in
1352 2375 1434 2394 carne
1455 2367 1619 2402 apparuerit,
1634 2371 1667 2394 ,ει
1688 2367 1738 2393 hu-

951 2424 1037 2444 manae
1053 2420 1157 2443 natura:
1171 2415 1353 2442 conditionem
1376 2414 1501 2446 subierit,
1521 2421 1550 2441 se
1572 2418 1660 2440 tamen
1679 2417 1740 2439 atttc

952 2461 1050 2489 saecula
1078 2460 1218 2488 exstitisse
1240 2464 1364 2491 teSIatur,
1389 2460 1501 2487 dicens:
1517 2468 1526 2484 ι
1541 2458 1636 2490 Amen,
1660 2465 1738 2485 amen

952 2507 1013 2535 dico
1027 2506 1115 2539 vobis,
1130 2511 1274 2540 antequam
1287 2505 1426 2534 Abraham
1447 2506 1525 2532 ﬁeret
1540 2512 1589 2540 ego
1605 2512 1663 2532 suttt
1676 2503 1709 2532 ".
1727 2514 1738 2531 ι

954 2554 986 2580 Et
1009 2559 1116 2580 rursum
1134 2562 1139 2579 :
1156 2560 1165 2577 t
1180 2550 1209 2578 Si
1231 2556 1338 2579 terrena
1358 2552 1413 2578 dixi
1436 2551 1521 2585 vobis,
1545 2556 1573 2578 et
1588 2559 1641 2578 non
1654 2551 1739 2578 credi.

949 2601 996 2632 tis,
1011 2599 1156 2634 quomodo,
1171 2597 1194 2625 si
1206 2597 1332 2626 caelestia
1345 2598 1445 2625 dixero
1452 2598 1539 2631 vobis,
1551 2598 1668 2625 credetis
1677 2597 1718 2624 ⁸κῖ
1728 2607 1738 2623 ι

951 2647 1004 2673 Et:
1024 2655 1033 2671 ι
1048 2645 1132 2672 Nemo
1154 2644 1275 2672 ascendit
1300 2644 1326 2670 in
1353 2643 1453 2671 caelum
1476 2644 1528 2670 nisi
1555 2644 1600 2679 qui
1617 2652 1650 2670 ex
1671 2643 1739 2670 cmin

952 2691 1099 2723 descendit,
1123 2690 1206 2718 Filius
1219 2689 1344 2726 hominis
1359 2689 1391 2715 ".
1408 2698 1418 2714 ι
1443 2689 1508 2715 Nam
1529 2693 1557 2715 ιιι
1584 2693 1737 2724 εειηρετιει

952 2743 1016 2765 attte
1035 2737 1143 2764 stucula,
1155 2736 1288 2764 exsistens
1312 2733 1427 2762 Verbutn
1457 2735 1594 2762 descendit
1610 2742 1624 2762 e
1642 2734 1737 2762 t-mlis:

953 2783 1049 2811 deinde
1065 2783 1134 2810 idem
1150 2781 1273 2817 apparuit
1287 2781 1367 2807 homo
1383 2779 1467 2807 nostri
1485 2779 1590 2812 similis,
1611 2785 1738 2814 tauquam

966 2872 987 2888 "‘
1000 2871 1077 2900 Joun.
1095 2880 1134 2903 Ill,
1153 2872 1193 2900 12.
1233 2871 1254 2886 ³⁵
1270 2870 1334 2898 ibid.
1354 2869 1396 2897 15.
