1927 3036
185 158 250 187 1511

185 226 254 246 unus
273 218 397 246 Christus
418 224 445 246 ct
472 219 611 251 Dominus,
633 222 661 245 et
685 218 794 253 quando
818 218 905 246 factus
931 222 972 245 est
986 220 1009 247 A

184 271 260 298 caro,
278 265 430 299 huiusmodi
449 265 554 293 locutus
567 269 619 292 est.

221 351 251 379 Β.
279 353 365 380 Aliam
394 361 500 388 quoque
537 353 667 380 rationem
697 353 900 387 excogitarunt.
932 354 972 379 tta

185 399 268 431 enim.
277 400 363 431 aiunt,
371 399 522 426 censendus
530 404 571 426 est
584 399 606 426 is
616 399 660 434 qui
673 404 715 427 est
724 407 756 427 ex
766 399 868 427 semine
878 399 972 431 David,

185 451 244 472 esse
261 445 344 472 Filius
359 445 415 477 Dei,
433 445 503 472 sicut
517 449 545 472 et
560 444 648 479 ipsum
673 444 787 472 Verbum
802 453 834 472 ex
852 445 905 472 Deo
923 444 973 472 Pa-

186 495 226 516 tre
249 491 347 517 dicitur
373 497 434 517 esse
457 489 540 517 Filius
563 490 657 518 David.
687 490 788 518 Natura
817 491 899 523 enim,
920 498 972 518 non

184 534 261 562 alius.
776 531 782 541 ’

219 581 254 607 Α.
275 580 350 608 Vera:
368 581 458 616 ila‘qne
472 581 560 610 laudis
571 581 643 609 ratio
659 582 805 617 recipiatur
819 586 847 609 ιιι
861 581 897 608 ita
913 588 974 609 cre-

183 626 262 653 datur
283 626 399 654 Verbum
414 635 478 655 caro
499 628 612 660 lactant,
631 628 681 656 hoc
701 633 742 655 est
769 628 850 655 homo
867 637 873 655 :
892 633 974 663 atque

183 671 285 699 ideirco
301 672 384 701 Filius
404 672 487 700 David
511 680 563 700 non
586 674 706 707 iictitius,
725 674 772 701 sed
797 679 924 709 tanquam
939 681 972 701 ex

184 718 242 752 ipso
265 719 421 754 apparuerit
447 720 595 746 secundum
611 727 732 750 carnem.
747 723 774 746 et
797 719 926 746 manserit
947 719 972 746 id

183 763 254 798 quod
273 769 342 794 erat,
357 764 484 791 nimirmu
505 765 575 791 Deus
597 771 610 791 a
635 764 699 791 Deo.
719 763 822 791 Idcirco
838 768 868 791 et
886 766 971 791 sancti

184 810 358 845 evangelista:
382 810 499 838 scientes
523 811 608 845 ipsum
628 810 711 837 Deum
737 810 817 837 simul
839 816 866 838 et
884 811 971 838 homi-

186 863 245 883 nem
272 863 350 887 esso,
378 856 413 882 ita
438 857 470 882 ad
498 863 546 883 nos
569 857 602 883 de
624 857 682 890 ipso
700 856 874 892 ⁷48106ιηί
899 862 972 884 sunt.

185 901 324 936 Scriptum
344 902 417 929 enim
435 908 478 929 εει
493 903 526 929 de
547 903 626 929 beato
645 901 776 936 Baptista,
793 903 863 937 quod
881 913 889 929 ι
913 904 974 931 Pos-

187 946 270 973 tridie
283 947 355 973 videt
369 946 462 974 Jesnm
478 947 630 974 venientem
646 948 678 974 ad
690 955 729 981 se,
743 952 770 974 et
785 949 848 976 dicit
873 959 879 976 :
907 950 975 977 Ecce

185 991 277 1026 Agnus
296 992 354 1022 Dei.
377 993 421 1027 qui
440 993 507 1019 tollit
531 998 671 1027 pet-catum
697 994 800 1021 mundi.
820 994 868 1022 llic
886 1001 928 1022 est
942 995 975 1023 de

184 1045 239 1072 quo
262 1038 317 1064 dixi
334 1047 340 1064 :
357 1038 420 1064 Post
442 1047 483 1064 me
507 1039 580 1065 venit
605 1039 656 1071 vir,
677 1040 721 1073 qui
745 1044 807 1067 ante
830 1048 872 1068 me
888 1041 974 1068 factus

185 1087 238 1115 est,
261 1083 324 1118 quia
347 1084 421 1118 prior
445 1091 487 1111 me
514 1089 582 1116 erat,
608 1089 635 1111 et
659 1092 708 1120 ego
725 1085 877 1112 nesciebam
898 1094 972 1118 eun.

186 1130 234 1157 sed
251 1135 281 1158 ut
304 1130 495 1157 manifestetur
519 1131 545 1157 in
569 1131 662 1164 Israel,
679 1137 820 1166 propterea
845 1132 903 1160 veni
924 1140 974 1167 ego

186 1175 214 1202 in
238 1183 308 1210 aqua
335 1175 477 1210 baptizaus
488 1176 521 1204 “.
542 1186 551 1203 ι
567 1175 698 1212 Intelligis
726 1178 819 1213 itaque
838 1180 974 1213 quomodo

184 1222 272 1248 virum
308 1229 416 1252 vocans,
445 1230 598 1257 agnumque
628 1224 715 1259 ipsum
742 1223 891 1259 appellans,
919 1232 973 1252 non

185 1266 267 1292 alium
286 1273 347 1293 esse
373 1266 438 1293 dicit
454 1267 499 1300 qui
525 1267 594 1294 tollit
610 1275 720 1302 peccata
745 1269 847 1301 mundi,
870 1275 897 1296 et
920 1277 974 1296 ma—

183 1319 263 1346 gnam
284 1311 353 1338 hanc
374 1316 456 1346 atque
478 1312 639 1340 immensam
662 1314 837 1349 divinamque
858 1315 974 1350 dignita-

185 1362 238 1385 tem
252 1359 276 1384 ei
289 1358 392 1384 tribuit.
413 1359 482 1386 Ante
499 1366 563 1386 vero
583 1367 613 1386 ac
630 1359 745 1394 priorem
759 1368 789 1388 se
810 1361 910 1389 factum
925 1362 973 1396 ait,

185 1403 246 1431 licet
269 1404 402 1439 posterior
434 1403 532 1436 fuerit,
557 1405 663 1432 ratione
689 1406 815 1433 nimirum
845 1408 974 1442 temporis

184 1456 238 1483 quo
262 1450 409 1476 secundum
435 1457 546 1477 carnem
571 1455 651 1478 natus
673 1456 725 1479 est.
755 1451 884 1485 Quamvis
899 1453 972 1480 enim

186 1495 344 1522 Emmanuel
367 1500 500 1531 quatenus
524 1497 604 1524 homo
627 1502 689 1531 post
714 1498 787 1525 illum
811 1503 891 1526 natus
911 1499 973 1531 fuit,

184 1547 242 1588 erat
258 1546 344 1569 tamen
368 1547 430 1569 ante
451 1543 540 1570 omnia
557 1544 666 1577 saecula,
690 1550 718 1571 ut
743 1545 824 1572 Deus.
844 1545 971 1580 Ejusdem
986 1558 1008 1588 ο

181 1578 276 1621 itaque
298 1594 339 1614 est
360 1592 386 1614 Cl.
411 1592 547 1615 recentem
571 1597 633 1617 esse
657 1590 760 1617 ratione
781 1589 905 1618 humana
925 1599 973 1618 na-

185 1637 265 1665 tura}.
282 1638 310 1660 et
323 1638 466 1665 :eteruum,
483 1634 589 1662 ratione
607 1636 714 1662 divinte.
736 1635 840 1664 Idcirco
858 1641 886 1664 et
907 1645 974 1671 prte-

185 1678 370 1706 stautissimus
399 1679 443 1707 ille
470 1679 586 1712 Petrus,
610 1687 665 1707 non
693 1680 793 1708 nudum
818 1685 845 1709 et
872 1683 973 1716 absque

185 1732 268 1752 carne
291 1725 441 1759 respiciens
471 1725 600 1757 Verbum,
625 1725 672 1753 sed
696 1726 767 1761 quod
793 1726 820 1753 in
839 1734 921 1754 carne
945 1732 973 1755 et

185 1771 317 1805 sanguine
336 1777 519 1805 apparuerat,
543 1772 713 1800 manifestam
743 1777 770 1800 et
792 1773 972 1800 certissimam

185 1817 249 1845 tidei
268 1818 294 1845 in
317 1817 403 1853 ipsum
426 1817 622 1853 professionem
646 1819 713 1851 edit,
730 1819 843 1847 dicens:
861 1829 871 1846 ι
887 1819 927 1847 Tu
943 1829 973 1848 es

185 1863 314 1891 Christus
330 1863 413 1891 Filius
430 1863 476 1892 Dci
493 1864 556 1892 vivi.
573 1873 583 1890 ›
602 1864 650 1892 Cui
666 1864 791 1892 Christus
810 1866 948 1901 respondit
964 1875 971 1893 :

189 1909 301 1937 aBeatus
312 1918 351 1942 es,
359 1910 465 1942 Simon,
478 1909 513 1937 illi
523 1910 608 1944 lanae,
616 1911 679 1945 quia
690 1918 753 1939 caro
764 1915 790 1939 ot
798 1914 908 1947 sanguis
920 1920 972 1940 non

186 1957 315 1984 revelavit
328 1957 387 1989 tibi,
405 1957 451 1984 sed
468 1956 548 1984 Pater
563 1964 639 1984 meus
656 1957 701 1991 qui
719 1961 761 1985 est
779 1956 804 1984 in
821 1958 943 1986 ccelis".
961 1968 969 1984 ι

185 2000 218 2029 At
237 2002 288 2029 nisi
307 2001 390 2029 altum
416 2008 510 2030 revera
534 2007 575 2030 est
594 2003 765 2037 mysterium,
780 2008 807 2030 et
827 2003 898 2031 Deus
914 2010 974 2032 erat

187 2049 214 2075 in
239 2056 322 2076 carne
337 2057 343 2075 :
360 2048 440 2075 homo
457 2052 558 2080 autem,
585 2052 614 2074 ut
630 2048 679 2082 ipsi
697 2048 799 2080 volunt,
816 2048 972 2077 tiliationcm

185 2100 235 2127 per
258 2093 372 2128 gratiam
401 2098 578 2126 consecutus,
599 2093 735 2128 quomodo
757 2093 872 2129 indiguit
900 2099 974 2122 tanto

186 2139 307 2174 mysterii
329 2139 454 2171 doctore,
473 2140 540 2166 adeo
564 2145 593 2166 ut
619 2146 700 2166 nemo
716 2139 870 2166 mortalium
888 2140 969 2168 disci-

185 2186 247 2221 pulo
259 2186 395 2217 revelarit,
412 2187 457 2214 sed
475 2194 488 2213 a
503 2186 583 2213 Patre
597 2186 656 2220 ipso
666 2186 693 2213 id
705 2186 817 2214 edoctus
832 2187 888 2214 sit?
901 2187 972 2221 Quin

185 2237 212 2260 et
227 2232 350 2266 discipuli
367 2240 427 2259 cum
448 2231 522 2258 illum
540 2231 686 2265 aliquando
701 2231 727 2258 in
750 2233 817 2259 mari
840 2233 971 2260 obambu-
988 2228 1010 2255 Β

185 2278 285 2305 lantem
304 2277 452 2311 conspicati
471 2281 574 2308 essent,
591 2277 699 2304 attoniti
721 2277 852 2305 miraculo
865 2278 970 2314 profes-

185 2324 288 2351 sionem
306 2323 367 2350 [idei
385 2329 441 2349 sum
454 2321 607 2355 ediderunt,
620 2321 741 2350 dicentes
756 2333 763 2350 :
781 2332 790 2349 ι
805 2323 874 2351 Vere
887 2323 970 2352 Filius

185 2370 231 2398 Dei
246 2377 275 2396 es
286 2369 318 2395 δ’.
337 2378 346 2394 ι
368 2369 402 2395 At
418 2368 441 2396 si
456 2369 553 2396 nothus
568 2373 595 2396 et
609 2368 669 2397 falsi
687 2370 802 2398 nominis
813 2376 864 2403 est,
877 2377 905 2399 et
915 2372 971 2398 ad-

184 2414 327 2442 ventitium
353 2413 377 2441 ei
403 2418 445 2440 est
470 2413 541 2447 quod
568 2414 605 2441 sit
631 2413 727 2448 Filius,
756 2416 888 2443 mendacii
912 2417 972 2445 illos

186 2464 311 2494 arguant,
329 2459 399 2493 quod
412 2464 439 2486 et
448 2459 627 2494 jurejurando
640 2460 844 2489 conﬁrmarunt.
858 2462 972 2496 Adjece-

186 2508 249 2530 runt
262 2504 344 2538 enim,
364 2514 373 2530 ι
389 2512 461 2537 vere,
477 2513 486 2530 ι
498 2509 686 2533 asseverantes
703 2506 790 2540 ipsum
802 2514 863 2535 esse
875 2508 972 2535 Filium

185 2549 233 2577 Dei
247 2557 278 2576 ac
294 2549 392 2578 Patris.

991 889 1011 916 Β

695 158 725 186 S.
743 157 882 186 CYRILLI
903 156 1137 184 ALEXANDRINI
1159 150 1322 186 ARCIIIEP.

1749 155 1825 183 1519

1023 217 1053 249 ἐξ
1069 218 1203 253 οὐρανῶν,
1221 216 1280 244 εἶτα
1297 216 1426 253 πεφηνὼς
1446 216 1461 242 ὀ
1479 215 1560 248 αὐτὸς
1591 216 1654 243 καθ’
1677 216 1769 251 ἡμᾶς,
1781 217 1823 248 ὡς

1024 260 1064 294 εἷς
1086 263 1204 298 Χριστὸς
1226 264 1273 290 καὶ
1294 263 1408 298 Κύριος,
1433 262 1480 289 καὶ
1501 262 1546 288 ὅτε
1565 261 1663 296 γέγονε
1684 259 1767 296 σὰρξ,
1784 261 1823 287 τὰ

1023 309 1112 337 τοιάδε
1126 309 1219 345 φησίν.

1059 355 1089 382 Β.
1113 355 1273 391 Ἐξεύρηταί
1286 364 1328 387 τις
1347 355 1438 387 αὐτοῖς
1457 354 1503 381 καὶ
1521 355 1614 390 ἕτερος
1629 353 1721 387 λόγος.
1740 353 1822 380 Ἔστι

1023 401 1053 428 δὲ
1079 398 1168 434 οὗτος,
1201 401 1274 428 οὕτω
1294 401 1349 437 γὰρ
1368 401 1466 436 χρῆναί
1492 409 1574 435 φασιν
1602 399 1668 426 Υῐὸν
1696 398 1822 426 νοεῖσθαι

1024 447 1092 474 Θεοῦ
1111 447 1157 474 τόν
1175 448 1209 474 ὲκ
1229 447 1386 483 σπέρματος
1399 447 1447 474 τοῦ
1462 446 1552 478 Δαῦὶδ,
1573 446 1611 477 ὡς
1623 445 1657 472 ἂν
1672 445 1722 472 καὶ
1736 445 1821 477 αὐτὸς

1023 495 1038 521 ὁ
1049 495 1082 521 ὲκ
1100 494 1168 521 Θεοῦ
1188 494 1295 529 Πατρὸς
1306 493 1391 527 Λόγος
1408 493 1474 525 Υἱὸς
1493 491 1561 520 εἶναι
1575 492 1682 526 λέγοιτο
1698 491 1749 518 τοῦ
1766 492 1820 518 Δα-

1024 540 1076 567 ϐίδ.
1090 539 1171 567 Φύσει
1186 540 1252 576 γὰρ,
1269 540 1325 567 οὐδ’
1339 540 1442 575 ἔτερος.

1059 586 1092 612 Δ.
1112 585 1227 618 Οὐκοῦν,
1245 586 1259 612 ό
1277 585 1328 621 τῆς
1348 584 1467 620 ἀληθοῦς
1482 584 1615 615 αἰνέσεως
1635 583 1732 609 εἰσίτω
1754 582 1821 617 τρὸ-

1025 640 1086 663 πος,
1104 631 1139 658 ἵν’
1163 631 1234 657 οὕτω
1260 630 1423 666 πιστεύηται
1447 629 1516 665 σὰρξ
1537 628 1657 664 γεγονὼς
1679 629 1694 654 ὁ
1719 627 1819 661 Λόγος,

1024 677 1163 704 τουτέστιν
1188 676 1342 712 ἄνθρωπος,
1356 676 1405 703 καὶ
1420 676 1464 703 διὰ
1481 674 1571 706 τοῦτο,
1587 674 1651 706 Υἱὸς
1670 673 1719 700 τοῦ
1735 672 1820 699 Δασὶδ

1024 724 1053 750 οὐ
1067 723 1300 758 κατεψευσμένος.
1324 721 1393 749 Ἀλλ’
1408 722 1446 754 ὡς
1458 721 1487 753 ἐξ
1501 719 1583 748 αὐτοῦ
1598 719 1730 754 πεφηνὼς
1747 718 1821 746 κατᾶ

1025 769 1126 804 σάρκα,
1142 768 1190 795 καὶ
1205 767 1369 804 μεμενηκὼς
1385 768 1456 802 ὅπερ
1477 765 1522 803 ἦν,
1539 766 1618 802 δῆλον
1634 766 1662 792 δὲ
1687 767 1728 792 ὅτι
1751 765 1821 796 θεὸς

1025 816 1058 842 ὲκ
1074 815 1151 842 Θεοῦ.
1179 815 1236 841 Καὶ
1255 814 1320 848 γοῦν
1335 814 1360 840 οἱ
1379 813 1434 840 τῶν
1450 812 1567 847 γενικῶν
1592 811 1655 849 [γρ.
1673 811 1819 845 εὐαγγελιο

1025 860 1098 896 κῶν]
1113 860 1298 896 κηρυγμάτων
1314 860 1460 896 ἱερουργοὶ,
1481 859 1526 886 τὸν
1541 859 1623 885 αὑτὸν
1636 857 1821 891 γινώσκοντες

1025 907 1091 934 Θεόν
1107 916 1137 932 τε
1159 906 1226 941 ὁμοῦ
1248 907 1293 933 καὶ
1309 905 1462 941 ἄνθρωπον,
1480 905 1543 937 τοὺς
1565 904 1629 940 περὶ
1648 903 1733 930 αὑτοῦ
1750 903 1820 938 πρὸς

1025 953 1099 987 ἡμᾶς
1116 952 1277 987 πεποίηνται
1295 951 1401 986 λόγους.
1424 950 1581 985 Γέγραπται
1601 949 1668 983 γοῦν
1691 949 1757 984 περὶ
1772 947 1820 974 τοῦ

1027 998 1162 1033 μακαρίου
1179 997 1344 1030 Βαπτιστοῦ,
1363 997 1404 1024 ὃτι
1422 1006 1432 1022 ι
1445 997 1485 1032 Τῇ
1500 996 1629 1032 ἐπαύριον
1653 994 1750 1030 βλέπει
1772 994 1820 1020 τὸν

1031 1044 1133 1080 Ἰησοῦν
1160 1044 1308 1079 ἐρχόμενον
1338 1043 1406 1079 πρὸς
1431 1042 1522 1075 αὑτὸν,
1541 1041 1588 1068 καὶ
1616 1041 1703 1075 λέγει·
1728 1040 1783 1066 Ἴδε
1805 1040 1821 1066 ὁ

1032 1091 1131 1126 Ἀμνὸς
1148 1090 1193 1117 τοῦ
1210 1089 1290 1122 Θεοῦ,
1310 1090 1324 1116 ὁ
1347 1090 1433 1124 αίρων
1459 1087 1598 1124 ἁμαρτίαν
1620 1087 1668 1114 τοῦ
1699 1087 1819 1121 κόσμου,

1024 1134 1100 1169 οὗτός
1122 1139 1180 1164 ἐστι
1202 1137 1266 1172 περὶ
1288 1132 1318 1163 οὗ
1344 1135 1399 1169 ἐγὼ
1415 1132 1502 1161 εἷπον·
1521 1134 1624 1160 Ὀπίσω
1641 1142 1694 1168 μου
1708 1133 1820 1168 ἔρχεται

1025 1185 1105 1220 ἀνὴρ,
1131 1183 1160 1215 ὃς
1183 1182 1338 1219 ἔμπροσθέν
1358 1191 1409 1217 μου
1430 1181 1553 1215 γέγονεν,
1572 1181 1615 1208 ὅτι
1636 1179 1748 1214 πρῶτός
1768 1178 1819 1214 μού

1025 1231 1094 1262 ἐστι,
1109 1229 1187 1264 κάγὼ
1201 1231 1252 1256 οὐκ
1274 1227 1343 1256 εἶδον
1366 1227 1459 1260 αὐτὸν,
1478 1227 1535 1254 ἀλλ’
1561 1227 1604 1254 ἴνα
1618 1226 1765 1262 φανερωθῇ
1781 1226 1822 1260 τῷ

1031 1275 1150 1311 Ἰσραὴλ,
1167 1274 1211 1302 διὰ
1228 1274 1306 1301 τοῦτο
1329 1271 1411 1310 ἦλθον
1428 1273 1482 1308 ἐγὼ
1499 1273 1528 1299 ὲν
1546 1272 1623 1299 ὖδατι
1641 1271 1794 1307 βαπτίζων.
1807 1280 1816 1296 ι

1025 1320 1108 1352 Σύνες
1122 1317 1168 1347 οὖν
1187 1320 1261 1351 ὅπως
1275 1319 1360 1354 ἄνδρα
1378 1318 1475 1352 λέγων,
1501 1318 1547 1344 καὶ
1570 1317 1657 1352 ἀμνὸν
1676 1315 1819 1351 ὀνομάζων

1025 1365 1116 1398 αὐτὸν,
1132 1366 1181 1400 οὐχ
1197 1364 1291 1400 ἕτερον
1307 1362 1376 1391 εἶναί
1391 1373 1457 1399 φησι
1471 1363 1517 1390 τὸν
1532 1363 1646 1398 αἴροντα
1659 1362 1708 1397 τὴν
1724 1363 1818 1396 ἁμαρ-

1024 1413 1084 1439 τίαν
1105 1411 1151 1438 τοῦ
1178 1411 1292 1446 κόσμου,
1313 1411 1361 1437 καὶ
1384 1410 1414 1437 τὸ
1437 1410 1509 1445 μέγα
1530 1409 1610 1436 τοῦτο
1636 1409 1683 1435 καὶ
1700 1407 1819 1441 ἐξαίσιον

1024 1457 1133 1494 ἀληθῶς
1167 1458 1213 1484 καὶ
1258 1457 1408 1492 θεοπρεπὲς
1445 1456 1554 1490 ἀξίωμα
1596 1455 1820 1490 προσνενέμηκεν

1024 1503 1108 1539 αὐτῷ.
1130 1503 1306 1539 Ἐμπροσθεν
1325 1503 1354 1529 δὲ
1377 1498 1423 1529 καὶ
1445 1502 1553 1538 πρῶτον
1577 1501 1706 1535 γενέσθαι
1735 1500 1820 1535 φησὶν

1024 1549 1118 1581 αὐτοῦ,
1135 1549 1222 1575 καίτοι
1237 1548 1353 1576 κατόπιν
1371 1548 1527 1583 γενόμενον,
1544 1547 1615 1574 κατά
1631 1546 1663 1580 γέ
1685 1554 1758 1580 φημι
1773 1546 1820 1571 τὸν

1023 1597 1073 1631 τῆς
1094 1596 1166 1622 κατὰ
1193 1595 1282 1630 σάρκα
1299 1595 1453 1630 γεννήσεως
1476 1591 1582 1629 χρόνον.
1612 1594 1643 1619 Εἰ
1667 1592 1722 1628 γάρ
1745 1593 1820 1618 ἐστιν

1024 1641 1152 1676 ὀψιγενὴς
1167 1641 1236 1667 καθὸ
1250 1641 1392 1675 ἄνθρωπος
1405 1641 1419 1666 6
1440 1638 1625 1674 Ἐμμανουήλ,
1644 1637 1702 1665 ἀλλ’
1716 1635 1752 1673 ἦν
1766 1637 1819 1672 πρὸ

1025 1687 1125 1718 παντὸς
1153 1687 1249 1718 αἰῶνος
1278 1687 1316 1719 ὼς
1339 1686 1416 1717 Θεός.
1434 1685 1522 1711 Αὐτοῦ
1547 1684 1693 1720 τοιγαροῦν
1717 1684 1765 1710 καὶ
1789 1684 1831 1715 τὸ,

1024 1733 1180 1769 πρόσφατον
1197 1731 1386 1768 ἀνθρωπίνως,
1402 1732 1450 1758 καὶ
1469 1731 1500 1758 τὸ
1518 1731 1605 1758 ἀΐδιον
1621 1731 1730 1762 θεῖκῶς,
1751 1728 1819 1756 ταῦ-

1023 1788 1058 1817 τῃ
1073 1789 1114 1807 τοι
1127 1780 1174 1807 καὶ
1193 1781 1208 1807 ὁ
1222 1779 1389 1815 πανάριστος
1416 1779 1535 1814 Πέτρος,
1561 1778 1591 1804 οὐ
1616 1777 1732 1813 γυμνὸν,
1756 1777 1818 1804 οὐδὲ

1024 1825 1144 1861 ἆσαρκον
1159 1824 1369 1859 καταθεώμενον
1380 1825 1425 1851 τὸν
1437 1824 1531 1859 Λόγον,
1550 1823 1608 1850 ἀλλ’
1622 1824 1652 1850 ὲν
1667 1824 1751 1858 σαρκὶ
1771 1823 1819 1849 καὶ

1023 1871 1120 1907 αἵματι
1149 1871 1298 1906 πεφηνότα,
1318 1871 1412 1905 σαφῶς
1431 1879 1462 1896 τε
1482 1870 1529 1897 καὶ
1554 1869 1682 1901 ἀπλανῶς
1704 1870 1755 1904 τῆς
1778 1870 1818 1900 εις

1024 1915 1105 1942 αὐτὸν
1127 1915 1246 1946 πίστεως
1268 1914 1319 1951 τὴν
1341 1914 1470 1941 ἀπόδοσιν
1495 1915 1624 1945 ἐποιεῖτο,
1640 1914 1741 1948 λέγων.
1760 1923 1768 1938 ι
1781 1914 1817 1940 Σὺ

1024 1959 1049 1988 εἴ
1061 1962 1076 1988 ὁ
1088 1961 1215 1996 Χριστὸς,
1233 1962 1248 1988 ὁ
1261 1961 1325 1993 Υἱὸς
1339 1961 1386 1987 τοῦ
1398 1960 1465 1987 Θεοῦ
1483 1960 1530 1987 τοῦ
1544 1960 1653 1992 ζῶντος.
1667 1969 1676 1986 ι
1701 1959 1817 1993 Ἀκήκοε

1023 2007 1052 2034 δὲ
1067 2007 1136 2042 πρὸς
1149 2006 1237 2033 τοῦτο·
1257 2007 1416 2042 «Μακάριος
1432 2004 1467 2039 εἴ,
1484 2007 1586 2041 Σίμων,
1601 2006 1658 2040 Βὰρ
1677 2006 1765 2037 Ἰωνᾶ,
1778 2005 1818 2031 ὅτι

1025 2052 1094 2088 σὰρξ
1110 2052 1156 2078 καὶ
1179 2049 1248 2087 αἷμα
1269 2052 1319 2079 οὐκ
1341 2051 1500 2087 ἀπεκάλυψέ
1523 2060 1575 2083 σοι,
1599 2051 1656 2078 ἀλλ’
1681 2052 1696 2078 ὁ
1723 2051 1818 2086 Πατήρ

1025 2108 1088 2134 μου,
1118 2100 1132 2125 ὀ
1155 2100 1184 2126 ἐν
1210 2100 1266 2130 τοῖς
1296 2099 1431 2134 οὐρανοῖς.
1446 2109 1455 2125 ι
1493 2098 1563 2125 Ἀλλ’
1582 2099 1607 2124 εί
1639 2097 1678 2133 μὴ
1702 2097 1770 2133 βαθὺ
1788 2097 1818 2123 τὸ

1025 2147 1187 2182 μυστήριον,
1202 2146 1249 2172 καὶ
1265 2145 1331 2177 Θεὸς
1345 2143 1379 2180 ἦν
1399 2145 1428 2171 ὲν
1443 2144 1537 2180 σαρκὶ,
1557 2144 1701 2178 ἅνθρωπος
1713 2143 1741 2169 δὲ
1759 2142 1818 2169 κατ’

1024 2193 1133 2226 αὐτοὺς,
1156 2193 1247 2228 χάριτι
1263 2192 1312 2226 τὴν
1332 2190 1468 2218 υἱοθεσίαν
1489 2191 1570 2225 ἔχων,
1592 2190 1650 2221 πῶς
1666 2189 1701 2216 ἂν
1722 2188 1824 2226 ἐδεήθη-

1023 2239 1151 2266 τοσούτου
1167 2238 1359 2274 μυσταγωγοῦ,
1382 2237 1420 2268 ὡς
1438 2237 1539 2272 μηδένα
1558 2237 1606 2272 μὲν
1626 2235 1682 2262 τῶν
1704 2235 1752 2261 ἐπὶ
1769 2235 1817 2268 τῆς

1024 2285 1076 2320 γῆς
1105 2283 1280 2319 ἀποκαλύψαι
1308 2283 1347 2318 τῷ
1376 2283 1497 2318 μαθητῇ.
1523 2283 1671 2318 παιδευτὴν
1695 2282 1724 2308 δὲ
1752 2281 1817 2317 πρὸς

1023 2331 1102 2358 τοῦτο
1126 2330 1219 2365 λαχεῖν
1246 2330 1326 2357 αὐτὸν
1353 2329 1397 2356 τὸν
1421 2329 1546 2365 Πατέρας
1566 2329 1621 2356 Καὶ
1644 2329 1699 2364 μὴν
1725 2329 1773 2354 καὶ
1796 2330 1817 2354 οε

1024 2376 1163 2404 θεσπέσιοι
1178 2375 1312 2412 μαθηταὶ,
1329 2375 1471 2402 διαθέοντα
1488 2375 1552 2401 ποτὲ
1565 2374 1614 2410 τῆς
1633 2373 1772 2409 θαλάττης
1786 2373 1817 2400 τὰ

1022 2423 1095 2449 νῶτα
1109 2422 1263 2457 βλέποντες,
1278 2422 1503 2457 κατατεθήπεσαν
1522 2421 1572 2456 μὲν
1590 2420 1639 2455 τὴν
1657 2420 1816 2455 θεοσημίαν,

1021 2468 1178 2504 ὡμολόγουν
1195 2468 1223 2494 δὲ
1236 2469 1286 2503 τὴν
1309 2468 1412 2499 πίστιν,
1429 2468 1564 2501 λέγοντες
1586 2475 1596 2492 ‹
1615 2466 1737 2502 ’Δληθῶς
1751 2465 1816 2492 Θεοῦ

1024 2514 1087 2546 Υἱὸς
1109 2512 1143 2540 εἴ.
1158 2523 1167 2539 ι
1198 2513 1268 2540 Ἀλλ’
1290 2514 1314 2540 εί
1336 2513 1414 2544 νόθος
1430 2512 1489 2539 ἐστὶ
1505 2513 1551 2543 καὶ
1565 2512 1754 2547 ψευόιὶινυμος,
1774 2513 1817 2538 καὶ

1024 2559 1179 2595 εἰσποιητὸν
1203 2559 1259 2595 ἔχει
1279 2560 1310 2586 τὸ
1325 2557 1394 2586 εἶναι
1410 2559 1485 2591 Υἱὸς,
1504 2559 1710 2593 ἐγκαλείτωσαν
1729 2560 1817 2588 αὐτοῖς

185 2595 233 2632 τὴν
246 2595 436 2632 ψευδηγθρίανν
454 2598 502 2623 καὶ
518 2597 597 2624 τοῦτο
618 2597 789 2634 ὀμωμοκόσιι
814 2600 1029 2635 Προστεθείκασι
1063 2605 1117 2640 γὰρ
1140 2605 1180 2638 τὸ,
1196 2606 1314 2642 ἀληθῶς,
1347 2606 1412 2633 Υἰδν
1449 2605 1530 2633 αὐτὸν
1553 2604 1623 2633 εἶναι
1648 2606 1817 2642 διαϐεϐαιοῦ-

186 2655 261 2682 μενοι
274 2645 320 2673 τοῦ
336 2645 404 2672 Θεοῦ
420 2646 466 2673 καὶ
481 2647 598 2682 Πατρός.

220 2693 250 2720 Β.
272 2691 379 2727 Optime
396 2693 499 2721 dixisti.

221 2739 254 2766 Δ.
272 2739 331 2773 Quo
345 2744 424 2774 pacto
444 2745 534 2768 autem
553 2741 636 2768 etiam
653 2742 777 2777 proprios
793 2743 874 2771 habet
892 2752 974 2780 ange-

186 2787 227 2814 los
243 2786 328 2814 Filius
345 2787 473 2819 hominis,
497 2792 524 2814 et
547 2786 670 2822 splendet
686 2787 712 2815 in
731 2788 815 2823 gloria
831 2788 918 2818 Patris
933 2791 974 2818 sui

1063 2699 1093 2726 Β.
1114 2699 1231 2734 Ἀριστα
1249 2699 1327 2734 ἔφης.

1064 2745 1096 2772 Α.
1111 2744 1173 2777 Πῶς
1188 2745 1216 2772 δὲ
1239 2746 1284 2772 καὶ
1306 2745 1387 2777 ἰδίους
1404 2745 1460 2781 ἔχει
1482 2745 1545 2775 τοὺς
1567 2744 1701 2778 ἀγγέλους
1726 2746 1741 2772 ὀ
1762 2745 1817 2776 Tib;

1029 2791 1074 2817 τοῦ
1099 2791 1258 2827 ἀνθρώπου,
1286 2791 1432 2827 διαπρέπει
1455 2791 1481 2818 δὲ
1509 2791 1554 2818 καὶ
1578 2791 1606 2817 ἐν
1628 2792 1661 2826 τῇ
1689 2791 1754 2829 δόξῃ
1779 2793 1819 2818 τοῦ

225 2876 246 2892 ⁸⁸
267 2876 343 2903 Joan.
359 2883 388 2908 ι,
406 2876 500 2903 ‘29—'5l.
541 2876 559 2892 δ’
575 2876 667 2905 Matth.
690 2887 745 2912 xw,
766 2879 805 2912 l6,
826 2880 866 2906 l7.
908 2881 929 2896 υ
943 2881 972 2908 Mt

1032 2899 1037 2906 .
1055 2888 1108 2914 xw,
1132 2881 1175 2907 55.
