1927 3036
121 161 193 189 1313

688 159 782 193 (ὶυοῦ
802 159 896 188 UNUS
914 159 966 187 SIT
987 159 1168 188 CHRISTUS.

1687 158 1754 186 l5“

122 219 231 255 Πατρὸς
245 218 326 246 αὐτοῦ
337 219 407 254 μετὰ
422 219 476 246 τῶν
490 219 616 254 ἀγγέλων
630 219 713 246 αὑτοῦ
725 228 732 251 ;
753 219 806 246 Καὶ
819 219 900 246 πάλιν

972 226 1033 245 cum
1060 219 1164 254 angelis
1184 219 1240 246 suis
1254 218 1296 244 "?
1318 217 1350 244 Et
1375 223 1468 243 rursus
1487 224 1492 242 :
1520 225 1527 239 ι
1548 214 1579 241 Et
1606 216 1694 243 mittet
1708 216 1752 243 Fi-

124 274 134 290 (
146 266 202 291 Καὶ
219 265 361 292 ἀποστελεῖ
380 267 394 292 6
407 265 471 297 re;
485 265 534 292 τοῦ
549 265 693 301 ἀνθρώπου
709 266 771 297 τοὺς
783 265 916 299 ἀγγέλους

121 311 217 337 αὑτοῦ.
231 321 241 336 1
267 311 298 337 Ei
311 311 340 337 δὲ
354 312 400 338 καὶ
414 311 575 339 ἀπιστοῦσιν
587 311 638 343 ἔτι,
658 311 705 338 καὶ
727 311 792 348 δόξῃ
805 311 917 347 θεοπρε-

121 358 172 382 πεῖ
191 356 239 382 καὶ
260 357 316 388 toi;
336 356 408 383 οὕτω
427 356 565 392 λαμπροῖς
585 357 632 383 καὶ
656 357 820 392 ὑπερτάταις
837 356 918 390 ἀξιώ-

123 410 208 436 μασιν
221 402 339 437 ὁρῶντες
354 403 586 438 κατεστεμμένον,
611 403 774 430 ἀκούσονται
793 402 917 437 λέγοντος

121 448 218 474 αὑτοῦ·
251 448 305 475 (Εἰ
330 448 392 483 ἐμοὶ
419 448 450 475 οὐ
479 449 630 481 πιστεύετε,
660 450 716 481 τοῖς
744 449 834 485 ἔργοις
864 457 914 484 μου

122 494 278 521 πιστεύετε.
291 504 300 520 1
322 494 377 521 Καὶ
402 494 483 522 πάλιν
495 503 502 510 ·
520 505 530 521 ‹
542 495 574 521 Εί
594 496 624 522 οὺ
647 495 716 521 ποιῶ
738 495 772 522 τὰ
787 495 856 530 ἔργα
868 493 914 521 τοῦ

122 539 231 574 Πατρός
258 547 319 574 μου,
346 538 384 574 μὴ
407 539 550 566 πιστεύετέ
577 549 632 575 μοι.
653 540 685 566 Εἰ
708 540 737 566 δὲ
761 540 840 571 ποιῶ,
865 539 916 566 κᾶν

122 585 188 619 ἐμοὶ
208 585 244 620 μὴ
262 585 419 621 πιστεύητε,
434 587 490 617 τοῖς
506 586 596 622 ἔργοις
611 595 661 622 μου
682 586 832 613 πιστεύετε.
847 596 856 612 1
879 585 916 611 Τὺ

122 630 179 666 γὰρ
196 632 224 657 ὲν
244 630 381 667 ἀνθρώπῳ
403 632 513 667 βλέπειν
536 633 587 668 τῆς
603 633 743 668 ἀφράστου
764 632 844 668 δόξης
866 632 915 668 τὴν

123 677 274 712 ὑπεροχὴν,
295 677 344 712 οὐχ
359 678 397 710 ὡς
411 679 555 714 ἀλλοτρίαν
576 679 675 714 μᾶλλον
689 680 774 715 ἤγουν
790 681 819 706 ὲν
833 679 914 715 χάρι-

121 725 177 754 τος
186 723 264 758 μέρει
285 725 574 761 προσπεπορισμένην,
594 725 652 752 ἀλλ’
666 726 734 753 ἰδίαν
748 727 839 759 αὐτοῦ,
856 726 916 758 πῶς

123 767 176 794 οὐκ
190 769 342 800 ἀναπείσει,
360 769 400 796 ὃτι
419 769 484 801 Θεὸς
500 768 534 805 ἦν
553 771 581 798 ἐν
600 771 665 798 εἴδει
686 771 726 807 τῷ
744 771 805 799 καθ’
829 772 914 807 ἡμᾶς,

125 814 174 840 καὶ
186 814 250 846 Υἱὸς
268 814 376 850 ἀληθῶς
391 815 439 842 τοῦ
456 816 503 843 ἐπὶ
517 817 621 849 πάντας
633 816 701 844 Θεοῦ
713 826 720 850 ;

161 859 193 886 Β.
219 859 333 886 Ἑαυτοῦ
343 879 351 893 ,
365 860 446 896 φησὶ,
468 861 530 893 τοὺς
550 861 682 896 ἀγγέλους
698 862 767 889 εἶναι
782 863 914 899 διῖσχυρί-

969 265 1020 292 lius
1033 265 1151 293 hominis
1164 265 1273 299 angelos
1290 271 1353 291 suos
1363 263 1397 289 “.
1413 272 1423 288 1
1442 261 1470 288 Si
1485 269 1550 288 vero
1566 262 1653 288 adhuc
1674 262 1754 290 tidem

971 312 1101 347 derogant
1125 317 1152 338 et
1168 311 1298 339 increduli
1315 315 1388 342 sunt,
1405 317 1467 337 cum
1482 316 1543 336 eum
1561 309 1650 336 divina
1668 309 1754 344 gloria

967 359 1088 392 adeoque
1104 357 1243 392 splendida
1267 361 1348 392 atque
1364 356 1462 384 eximia
1484 355 1615 390 dignitate
1630 359 1754 381 ornatum

967 404 1085 436 videant,
1119 404 1228 431 audient
1252 403 1398 438 ipsummet
1428 401 1585 428 dicentem:
1604 409 1612 426 I
1633 400 1660 427 Si
1690 401 1754 427 mihi

967 449 1114 485 74911011
1137 442 1257 482 creditis,
1283 449 1412 483 operibus
1436 448 1504 475 meis
1530 447 1632 474 credite
1643 447 1677 476 ⁸³.
1696 456 1705 472 1
1723 446 1754 473 Et

967 502 1061 521 rursus
1075 502 1082 521 :
1101 502 1110 519 1
1128 493 1156 520 Si
1175 501 1228 521 non
1243 493 1315 520 facio
1333 499 1415 528 opera
1429 492 1518 519 Patris
1531 491 1594 522 mei,
1609 499 1642 518 ne
1658 491 1753 518 creda-

967 540 1001 566 tis
1019 539 1095 566 mihi.
1113 539 1167 567 Sed
1185 539 1207 567 si
1226 538 1308 572 facio,
1323 544 1350 566 et
1363 539 1386 566 si
1404 539 1469 566 mihi
1485 546 1537 566 non
1551 538 1674 570 creditis,
1690 545 1754 572 ope-

965 584 1040 612 ribus
1055 585 1122 612 meis
1139 585 1241 612 credite
1253 584 1286 611 ¹⁶⁶.
1302 593 1311 609 1
1328 583 1394 611 Cum
1414 584 1486 610 enim
1501 583 1645 610 ineﬂabilis
1661 582 1754 617 glorias

965 631 1125 660 excellentia
1141 632 1166 658 in
1192 631 1303 658 homine
1325 634 1465 663 cernatur,
1487 638 1539 657 non
1562 634 1592 656 ut
1613 629 1698 656 aliena
1721 629 1754 655 ab

966 677 1025 712 ipso
1049 681 1095 704 aut
1113 684 1162 711 per
1179 676 1296 712 gratiam
1318 676 1428 708 collata,
1455 676 1502 703 sed
1521 675 1630 710 propria
1656 674 1753 709 ipsius,

965 721 1100 756 quomodo
1119 729 1172 749 non
1192 721 1356 756 persuadeat
1380 721 1458 748 nobis
1472 721 1543 756 quod
1565 720 1636 747 Deus
1653 724 1712 747 erat
1726 719 1753 746 in

965 768 1052 796 forma
1070 772 1171 796 nostra:
1188 768 1270 796 simili
1286 772 1313 795 et
1326 766 1412 795 Filius
1427 774 1490 795 vere
1504 767 1621 802 supremi
1637 766 1702 794 Dei?

1000 858 1031 885 Β.
1049 857 1128 891 Suos,
1142 858 1276 893 inquiunt,
1294 857 1402 893 angelos
1416 864 1477 884 esse
1493 856 1571 890 dixit,
1585 860 1612 884 et
1625 856 1753 884 miracula

127 914 203 938 σατο,
217 905 264 932 καὶ
276 905 359 932 τῶνδε
379 905 435 932 τῶν
450 906 571 942 σημείων
593 907 703 942 γέγονεν
717 909 909 945 ἀποτελεστὴς,

965 904 1060 937 edidit,
1077 905 1112 932 ob
1135 904 1290 932 inhabitans
1308 904 1334 931 in
1351 911 1381 931 se
1397 901 1531 935 Ve'rbum,
1548 903 1658 937 gloriam
1676 909 1753 929 suam

123 951 294 983 ἐνοικοῦντος
317 951 392 987 αὐτῷ
413 952 461 979 τοῦ
483 953 587 987 Λόγου,
610 954 688 988 δόξαν
712 955 741 982 δὲ
765 955 814 991 τὴν
845 956 913 983 ἰδίαν

123 996 199 1031 αὐτῷ
216 997 263 1023 καὶ
277 997 306 1023 τὺ
319 997 429 1033 ὲνεργὲς
441 999 664 1034 ὲκνενεμηκότος.
674 1001 832 1036 Γέγραπται
846 1002 911 1038 γὰρ,

126 1043 167 1069 ὅτι
184 1052 193 1067 ι
217 1042 321 1077 Ἰησοῦν
339 1043 385 1069 τὸν
402 1044 456 1070 ἀπὸ
471 1044 597 1081 Ναζαρὲτ
620 1045 658 1078 ὠς
678 1046 785 1082 ἔχρισεν
800 1047 882 1074 αὐτὸν
897 1049 912 1074 ό

123 1088 190 1121 Θεὸς
205 1089 344 1125 Πνεύματι
357 1091 427 1126 ἀγίῳ
442 1091 488 1118 καὶ
501 1091 626 1128 δυνάμει,
640 1093 669 1125 ὃς
683 1093 789 1129 διῆλθεν
802 1095 912 1130 εὐεργε-

123 1133 189 1165 ¹τῶν,
203 1135 250 1160 καὶ
265 1134 379 1171 ίώμενος
393 1136 499 1169 πάντας
517 1138 580 1169 τοὺς
592 1139 912 1176 καταδυναστευομένους

124 1179 177 1206 ὑπὸ
199 1180 246 1206 τοῦ
272 1181 407 1208 διαΰόλου.
425 1191 434 1207 1
461 1182 651 1219 Κεχρισμένος
669 1182 715 1212 οὖν
735 1186 783 1212 καὶ
796 1185 911 1222 δυνάμει

123 1225 172 1251 καὶ
187 1225 337 1260 Πνεύματι,
353 1228 536 1262 τερατουργὸς
550 1226 593 1264 ἦν.

157 1271 191 1297 Α.
213 1270 327 1304 Οὐκοῦν,
344 1272 493 1308 ἐπειδήπερ
506 1273 573 1305 Θεὸς
586 1273 623 1301 ὢν
640 1275 654 1301 ό
668 1275 754 1310 Λόγος
765 1296 773 1308 ,
787 1275 864 1310 ἀγιός
881 1285 911 1303 τε

122 1317 171 1343 καὶ
194 1317 263 1344 κατὰ
287 1317 376 1352 φύσιν,
404 1320 450 1344 καὶ
467 1319 594 1351 οὐσιῶδες
617 1320 687 1356 ἔχων
705 1320 735 1347 τὸ
759 1321 910 1353 παναλκὲς,

121 1363 203 1389 δέοιτ’
223 1363 256 1389 ἂν
277 1364 422 1399 οὐδαμῶς,
446 1365 462 1400 ἢ
487 1365 535 1400 τῆς
555 1367 620 1401 παρ’
640 1367 733 1402 ἑτέρου
755 1368 910 1403 δυνάμεως,

119 1408 209 1443 ἦγουν
222 1408 260 1440 ὠς
275 1409 482 1444 εὶσκεχριμένου
502 1410 548 1437 τοῦ
573 1411 721 1447 ἀγιασμοῦ,
739 1413 781 1444 τίς
801 1413 833 1449 δὴ
857 1413 910 1448 ἄρα

120 1454 197 1480 ἐστὶν
210 1455 224 1481 6
240 1454 419 1490 κεχρισμένος
432 1455 545 1491 δυνάμει
559 1458 606 1484 καὶ
622 1458 692 1494 ἁγίῳ
711 1459 867 1495 Πνεύματι;

157 1553 189 1604 ii.
209 1553 289 1579 Φαῖεν
305 1552 338 1579 ἂν
360 1553 425 1586 ἴσως
447 1554 492 1582 τὸν
515 1556 651 1591 ληφθέντα
670 1558 741 1586 κατὰ
762 1560 911 1596 συνάφειαν
923 1574 946 1604 C

120 1595 170 1622 ἀνθ
174 1605 275 1632 ρωπον.

157 1644 190 1670 Α.
210 1643 296 1676 Αὐτὸς
308 1642 354 1672 οὖν
367 1645 421 1681 ἄρα
434 1646 507 1672 ἐστὶν
525 1646 629 1681 Ἰησοῦς
642 1648 759 1684 Χριστὸς
776 1650 867 1683 ίδικῶς
879 1660 908 1679 ’τε

119 1685 168 1712 καὶ
200 1689 377 1722 καταμόνας,
401 1690 448 1716 καὶ
475 1691 539 1726 περὶ
565 1687 595 1718 οὗ
618 1701 700 1728 φησιν
730 1694 744 1719 6
772 1695 910 1731 πάνσοφος

120 1731 245 1765 Παῦλος·
265 1744 275 1760 1
296 1735 366 1762 Ἀλλ’
381 1737 447 1772 ἡμῖν
466 1735 506 1768 εἷς
521 1737 587 1770 Θεὸς
608 1739 622 1765 ό
643 1739 754 1777 Πατὴρ,
773 1742 803 1774 ἐξ
825 1740 855 1770 οὗ
873 1743 909 1771 τὰ

119 1778 222 1824 πάντα⁷
234 1780 280 1807 καὶ
297 1781 376 1824 ὴμεξς
389 1782 423 1808 δι’
437 1782 531 1815 αὐτοῦ,
556 1784 603 1818 καὶ
624 1782 665 1817 εἷς
686 1787 788 1822 Κύριος
805 1789 909 1824 Ἰησοῦς

119 1823 257 1859 Χριστὸς,
280 1825 313 1852 δι’
336 1822 367 1851 οὗ
384 1826 418 1853 τὰ
433 1826 532 1860 πάντα,
549 1828 596 1854 καὶ
620 1829 700 1864 ἡμεῖς
722 1831 757 1857 δι’
780 1822 874 1861 αὐτοῦ.

120 1869 185 1900 Πῶς
200 1867 255 1904 οὖν,
268 1871 329 1898 εἰπέ
346 1880 402 1907 μοι,
417 1872 451 1898 δι’
466 1873 610 1908 ἀνθρώπου
624 1875 659 1901 τὰ
674 1876 780 1911 mina;
795 1879 906 1907 ἀνθότου

118 1916 149 1942 δὲ
166 1917 214 1943 καὶ
226 1917 338 1953 ἀμέσως
354 1917 392 1950 ὡς
406 1919 471 1951 Υἱὸς
489 1920 578 1955 Πατρὶ
592 1922 777 1956 συντάττεται,
793 1926 909 1960 μεσολα-

119 1961 232 1995 ὁοῦντος
247 1963 368 1997 οὐδενός
382 1963 450 1992 Εῑτα
464 1966 526 1992 ὅποι
551 1966 616 1993 ποτὲ
633 1967 678 1995 τὸν
700 1969 838 2006 Μονογενῆ
859 1972 908 2008 θή-

119 2015 204 2041 σομεν
231 2008 271 2040 εἰς
287 2008 332 2035 τὸν
356 2009 438 2036 αὑτοῦ
455 2010 537 2037 τόπον
556 2011 767 2046 ἀναὸιὸάζοντες
792 2016 838 2043 τὸν
859 2017 908 2045 ἀν-

119 2052 230 2087 θρωπον
240 2074 246 2086 ,
265 2054 311 2080 καὶ
325 2055 413 2087 τοῦτο,
430 2056 503 2083 καθά
524 2065 616 2092 φησιν,
630 2059 827 2096 ὲνεργούμενον
841 2065 908 2100 παρ’

118 2098 224 2145 αυτοῦὶ
239 2100 287 2126 καὶ
298 2100 332 2145 δι’
347 2101 427 2128 αὐτὸν
441 2101 610 2138 τιμώμενον;
626 2102 689 2141 Ἆρ’
703 2107 753 2134 οὐκ
773 2098 907 2145 ἐκϐέϐηκε

117 2143 149 2169 τὸ
173 2143 248 2175 εἰκὸς
264 2145 278 2170 ό
297 2144 375 2179 λόγος
398 2146 506 2180 αὑτοτςς
521 2147 572 2174 οὐκ
596 2148 648 2180 ἐξω
665 2150 778 2186 φέρεται
793 2143 906 2189 σκοποῦ,

117 2189 167 2215 καὶ
183 2189 221 2221 ὡς
235 2190 284 2226 τῆς
300 2191 430 2227 ἀληθείας
444 2193 598 2230 ὁλοτρόπως
611 2195 791 2233 ἡμαρτηκὼς,
803 2199 907 2236 γελῷτο

117 2236 152 2262 ἂν
168 2236 281 2269 ἐνδίκως
290 2245 297 2271 ;

155 2282 186 2328 B,
202 2283 372 2320 Ἄνθρωπος,
384 2286 498 2321 φησὶν,ό
510 2286 558 2314 τοῦ
573 2287 640 2315 Θεοῦ
654 2289 740 2325 Λόγος
750 2291 906 2328 ὠνόμασται

117 2327 189 2358 κατὰ
209 2328 309 2355 τοιόνδε
324 2329 385 2356 τινὰ
401 2331 511 2366 τρόπον.
527 2333 632 2369 ’Ὠσπερ
646 2335 700 2371 γὰρ
714 2337 728 2362 ό
744 2327 810 2373 παρέ
823 2339 904 2366 αὑτοῦ

114 2373 230 2408 ληφθεὶς
247 2374 408 2410 ἄνθρωπος,
432 2377 562 2414 ἐγεννήθη
588 2380 638 2415 μὲν
661 2382 689 2407 ὲν
716 2382 839 2418 Βηθλεὲμ
855 2385 906 2420 τῆς

121 2420 263 2453 Ἰουδαίας,
287 2421 394 2466 εἴρηταί.
409 2420 621 2460 δὲ’Ναζωραῖος,
632 2426 676 2453 διὰ
687 2427 718 2454 τὸ
730 2429 840 2464 οἰκῆσαι
855 2430 905 2466 τὴν

114 2466 256 2501 Ναζαρὲτ,
273 2467 345 2494 οὕτω
358 2459 405 2495 κὲὶ
419 2469 434 2495 6
445 2469 511 2501 Θεὸς
531 2459 626 2506 Λόγος,
648 2459 792 2509 ἄνθρωπος
804 2459 903 2511 ὀνομά-

114 2511 204 2544 ζεται,
218 2511 263 2538 διὰ
280 2513 311 2539 ’τὸ
322 2513 483 2549 κατοικῆσαι
500 2515 529 2541 ὲν
543 2515 689 2553 ἀνθρώπῳ.

150 2558 184 2584 Α.
203 2557 235 2584 Ὢ
258 2559 358 2593 φρενὸς
371 2560 581 2595 γραοπρεποῦς,
599 2563 646 2590 καὶ
659 2563 705 2590 νοῦ
724 2566 905 2602 παρειμένου;

114 2605 163 2632 καὶ
171 2604 344 2640 βατταρίζειν
355 2606 466 2639 εἰδότος,
475 2608 521 2634 καὶ
529 2607 622 2643 ἕτερον
635 2609 722 2637 οὐδέν.
735 2611 900 2648 Ἐκνήψατε,

113 2651 139 2678 οἱ
166 2651 321 2686 μεθύοντες,
341 2650 371 2684 ἐξ
384 2651 456 2679 οἴνου
472 2653 561 2680 αὐτῶν
572 2675 578 2686 ,
596 2654 765 2689 ὲπιιρωνείτω
786 2667 829 2691 τις
846 2661 903 2692 τοῖς

112 2697 277 2731 διεναντίας,
293 2697 319 2724 τί
335 2698 540 2733 παραϐιάζεσθε
554 2700 680 2736 τάληθὲς,
693 2703 741 2729 καὶ
755 2705 809 2731 τῶν
823 2705 902 2734 θείων

113 2743 258 2779 δογμάτων
275 2744 323 2780 τὴν
338 2745 453 2780 δύναμιν
474 2746 697 2783 παρευθύνοντες,
714 2749 766 2782 ἔξω
786 2751 901 2788 φέρεσθε

152 2842 280 2886 ⁸111111111.
296 2850 353 2886 xy],
451 2845 474 2861 “
488 2845 582 2886 Matth.
601 2856 658 2882 xm,
674 2850 717 2877 41.
755 2851 777 2867 ⁸³
789 2852 866 2881 .loan.
881 2861 906 2886 κ,
925 2854 970 2882 58.

116 2879 140 2896 δ’
160 2880 255 2908 Matth.
269 2889 298 2914 ll,
313 2881 340 2908 ὕ.
367 2881 390 2897 ⁸⁰
406 2881 471 2908 Luc.
490 2889 518 2914 u,
538 2881 580 2908 51.

963 954 991 978 et
1008 951 1061 978 vim
1077 955 1158 985 atque
1171 949 1318 978 etiicaciam
1334 950 1386 985 ipsi
1403 950 1536 977 tribuens.
1562 949 1698 983 Scriptum
1713 953 1753 975 est

962 997 1057 1024 enim:
1086 1006 1095 1022 ι
1127 996 1219 1024 Jesum
1248 996 1432 1028 Κεῖοι-(11111111,
1463 997 1540 1023 unxit
1572 996 1658 1030 ipsum
1684 994 1754 1020 Dens

963 1043 1065 1078 Spiritu
1075 1047 1169 1070 sancto
1176 1047 1203 1069 et
1214 1043 1323 1074 virtute,
1335 1047 1362 1070 et
1374 1041 1603 1076 transivitjnvana
1614 1046 1641 1068 et
1654 1048 1753 1068 sanans

962 1096 1056 1117 omnes
1082 1090 1209 1117 obsessos
1224 1097 1239 1116 a
1257 1088 1362 1116 diabolo
1377 1088 1410 1115 δ’.
1428 1098 1438 1114 1
1457 1088 1559 1116 Unctus
1588 1088 1677 1122 itaque
1700 1086 1753 1113 vir-

963 1140 1021 1163 tute
1035 1140 1063 1162 et
1077 1134 1189 1170 Spiritu,
1206 1134 1335 1162 miracula
1353 1133 1458 1162 edebat.

997 1291 1030 1317 A.
1047 1288 1134 1324 Ergo,
1151 1296 1212 1317 cum
1236 1289 1307 1316 Deus
1333 1289 1468 1316 exsistens
1492 1286 1609 1315 Verbum
1630 1291 1751 1315 sanctum

961 1337 997 1365 sit
1009 1344 1041 1364 ex
1056 1343 1103 1363 sua
1115 1341 1221 1369 natura,
1238 1339 1319 1370 atque
1333 1334 1512 1362 essentiaiiter
1523 1333 1746 1368 omnipotentiam

962 1382 988 1410 in
1015 1389 1046 1409 se
1070 1381 1185 1413 habeat,
1211 1379 1338 1415 nullaque
1361 1379 1467 1407 ratione
1496 1379 1616 1414 indigere
1645 1378 1750 1405 censeri

961 1428 1057 1456 debeat
1077 1434 1124 1456 aut
1151 1428 1250 1456 virtute
1272 1427 1378 1459 aliena,
1399 1431 1444 1453 aut
1463 1425 1578 1454 ascititia
1600 1424 1752 1452 sanctiﬁca-

962 1475 1035 1502 tione
1059 1483 1067 1507 ;
1089 1474 1212 1508 quisnam
1240 1478 1281 1501 est
1312 1473 1334 1500 is
1355 1473 1400 1507 qui
1418 1476 1512 1500 unctus
1534 1476 1574 1499 est
1597 1471 1697 1498 virtute
1725 1474 1752 1497 et

962 1520 1065 1554 Spiritu
1081 1524 1175 1547 sancto
1188 1520 1200 1547 ?

998 1566 1028 1593 Β.
1047 1566 1167 1593 Dixerint
1183 1566 1315 1599 fortasse,
1332 1572 1394 1593 eum
1415 1565 1550 1593 hominem
1567 1563 1612 1599 qui
1629 1570 1676 1598 per
1691 1570 1752 1590 con-

957 1612 1124 1646 junctioncm
1144 1616 1299 1646 assumptus
1312 1616 1361 1638 est.

994 1657 1027 1684 A.
1054 1657 1113 1691 ipse
1131 1657 1211 1692 igitur
1226 1662 1267 1684 est
1291 1657 1369 1683 .lesus
1382 1656 1506 1684 Christus
1526 1656 1698 1691 singulariter
1719 1665 1751 1685 ac

959 1702 1041 1735 solus,
1055 1708 1082 1730 et
1092 1703 1125 1730 de
1135 1710 1188 1737 quo
1202 1702 1288 1737 inquit
1302 1703 1517 1738 sapientissimus
1533 1701 1631 1730 Paulus
1646 1713 1653 1730 :
1669 1712 1678 1729 1
1697 1703 1750 1730 Sed

959 1750 1036 1778 nobis
1051 1758 1120 1777 unus
1143 1749 1213 1777 Deus
1238 1748 1319 1777 Pater
1329 1769 1337 1782 ,
1352 1757 1385 1776 ex
1406 1757 1459 1784 quo
1485 1749 1574 1776 omnia
1586 1770 1593 1781 ,
1611 1755 1637 1777 et
1652 1757 1702 1777 nos
1717 1757 1749 1776 ex

959 1797 1019 1831 ipso
1042 1805 1049 1823 :
1070 1801 1097 1823 et
1112 1803 1180 1824 unus
1206 1795 1335 1823 Dominus
1352 1794 1430 1823 Jesus
1447 1794 1580 1829 Christus,
1598 1804 1645 1831 per
1670 1805 1749 1832 quem

958 1841 1068 1874 omnia,
1088 1845 1115 1868 et
1134 1848 1183 1868 nos
1208 1848 1256 1875 per
1287 1841 1372 1875 ipsum
1394 1840 1427 1867 ".
1453 1849 1463 1867 1
1490 1841 1629 1874 Quomodo
1657 1841 1748 1879 igitur,

958 1888 1086 1919 obsecro,
1104 1894 1152 1921 per
1175 1886 1311 1913 hominem
1329 1891 1390 1913 sunt
1407 1887 1496 1914 omnia
1517 1887 1622 1921 ?quam
1640 1895 1701 1915 vero
1715 1889 1750 1915 ob

958 1940 1069 1961 causam
1093 1932 1247 1959 immediate
1264 1937 1292 1959 ut
1307 1932 1390 1960 Filius
1414 1932 1486 1959 Patri
1517 1933 1688 1967 adjungitur,
1703 1942 1749 1961 ne-

959 1979 1031 2006 mine
1049 1977 1266 2005 interveniente?
1281 1978 1377 2005 deiude
1391 1979 1499 2006 ubinam
1517 1981 1622 2006 tandem
1648 1979 1748 2014 Unige-

958 2023 1044 2050 nilum
1070 2017 1318 2056 collocabimus,'si
1344 2023 1480 2051 hominem
1508 2024 1534 2051 in
1553 2024 1637 2059 ipsius
1661 2026 1747 2053 locum

959 2069 1098 2096 evehimus
1115 2076 1123 2101 ;
1141 2073 1168 2095 et
1180 2068 1307 2103 quidem,
1326 2073 1354 2096 ut
1369 2069 1418 2104 ipsi
1433 2069 1543 2102 volunt,
1560 2071 1585 2098 vi
1605 2078 1637 2098 ac
1649 2072 1747 2099 virtute

958 2115 992 2143 ab
1005 2115 1064 2150 ipso
1077 2114 1231 2150 insignitum
1242 2134 1250 2147 ,
1263 2114 1402 2149 gloriaque
1427 2123 1475 2150 per
1494 2115 1584 2151 ipsum
1599 2116 1723 2145 allectum
1736 2119 1748 2145 ‘.'

958 2161 1036 2188 Anne
1049 2159 1095 2187 tibi
1111 2160 1215 2188 illorum
1231 2161 1349 2188 rationes
1365 2161 1488 2189 absurda:
1501 2167 1527 2189 et
1541 2170 1554 2189 a
1569 2170 1650 2197 scopo
1666 2165 1745 2191 aber-

958 2210 1064 2238 rantes,
1083 2209 1164 2240 atque
1182 2205 1250 2233 adeo
1268 2213 1282 2232 a
1301 2206 1416 2233 veritate
1438 2214 1550 2242 prorsus
1568 2209 1676 2242 alienm,
1691 2210 1744 2237 risu

922 2251 945 2280 Β
960 2252 1057 2280 merito
1075 2251 1241 2287 excipiendae
1259 2251 1401 2279 videntur?

990 2297 1021 2326 Β.
1037 2297 1154 2325 Verbum
1170 2298 1234 2331 Dei,
1251 2298 1392 2333 inquiunt,
1411 2304 1522 2327 vocatur
1540 2300 1636 2333 homo,
1654 2301 1743 2336 hujus-

954 2344 1057 2372 cemodi
1068 2343 1185 2378 quadam
1200 2343 1313 2371 ratione.
1328 2342 1560 2376 Quemadmodum
1573 2346 1645 2372 enim
1663 2347 1742 2374 homo

953 2389 998 2424 qui
1029 2389 1064 2416 ab
1094 2390 1152 2424 ipso
1170 2395 1324 2425 assumptus
1344 2395 1387 2418 est
1407 2395 1486 2419 natus
1517 2393 1624 2427 quidem
1647 2398 1688 2420 est
1717 2393 1742 2420 in

954 2435 1111 2463 Bethlehem
1125 2435 1223 2463 Judtea:
1243 2436 1266 2453 "
1286 2446 1293 2465 :
1317 2437 1405 2465 dictus
1420 2443 1508 2466 autem
1530 2443 1572 2466 est
1588 2438 1741 2470 Nazaneus,

956 2482 1026 2516 quod
1040 2481 1067 2508 in
1087 2481 1221 2510 Nazareth
1243 2482 1377 2511 habitaret
1390 2484 1413 2501 ⁸⁰
1429 2493 1436 2518 ;
1455 2485 1491 2512 ita
1505 2490 1531 2511 et
1546 2485 1614 2513 Deus
1625 2485 1743 2513 Verbum

956 2531 1067 2566 vocatur
1082 2527 1172 2560 homo,
1189 2528 1251 2563 quia
1269 2529 1403 2557 inhabitat
1415 2530 1441 2558 in
1457 2530 1574 2558 homine.

982 2572 1041 2601 A.O
1049 2573 1129 2601 anilia
1136 2579 1299 2608 commenta,
1308 2583 1450 2611 merasqne
1457 2584 1552 2612 nugas,
1561 2577 1654 2611 verba,
1662 2585 1743 2605 voces

957 2625 1142 2655 praetereaque
1156 2620 1239 2648 nihili
1254 2620 1395 2657 Evigilate,
1410 2625 1558 2655 temulenti,
1573 2631 1605 2651 ex
1620 2624 1681 2651 vino
1694 2632 1742 2651 ve-

958 2669 1025 2698 stro,
1037 2665 1133 2692 merito
1139 2665 1200 2700 quis
1212 2665 1490 2696 haereticisocclamel.
1499 2669 1567 2703 Quid
1577 2670 1658 2705 750
1669 2671 1742 2697 veri-

958 2711 1006 2738 tati
1021 2711 1075 2738 vim
1091 2710 1194 2739 infertis
1207 2712 1218 2739 ‘l
1239 2717 1267 2740 et
1282 2713 1432 2741 divinorum
1446 2715 1600 2749 dogmatnm
1614 2717 1740 2743 virtutem

956 2756 1152 2789 subvertentes,
1168 2764 1183 2784 a
1194 2757 1236 2784 via
1250 2757 1324 2792 regia
1332 2757 1473 2786 deﬂectitis
1485 2759 1497 2785 ἲ
1507 2759 1598 2794 Neque
1617 2761 1700 2792 enim,
1714 2765 1742 2787 ut

1024 2855 1047 2871 ⁵⁸
1063 2856 1126 2884 ibid.
1144 2856 1189 2884 57.
1237 2857 1260 2874 ⁵⁷
1271 2857 1332 2886 Act.
1349 2864 1377 2890 Χ,
1394 2857 1438 2884 38.
1493 2857 1515 2874 ’⁸
1532 2859 1541 2887 i
1556 2858 1617 2887 Cor.
1633 2868 1690 2892 vni,
1711 2860 1743 2900 ϐδ
