1907 3038
199 169 267 196 1319

197 277 278 306 quem
294 269 412 304 Spiritus
423 267 563 295 manifeste
579 268 729 301 descendit,
759 269 785 296 in
809 274 904 296 sancto
927 268 989 304 Spi-

199 317 251 344 ritu
269 315 387 350 baptizat
402 334 410 347 ,
431 321 517 348 eaque
544 319 657 348 praestat
681 322 740 348 qua:
757 314 805 342 soli
821 315 919 342 divina
938 323 988 342 na-

199 367 268 388 tura:
281 365 346 388 sunt
359 359 467 394 propria
481 358 751 387 ‘!Sauctiﬂcationem
778 360 850 387 enim
875 360 990 395 largitur

199 412 280 441 atque
289 405 450 441 suppeditat.
462 404 538 438 Quod
550 405 657 440 quidem
668 405 860 433 demonstrans
870 405 989 433 Verbum

201 453 337 487 proprium
372 459 449 478 suum
488 450 589 478 bonum
619 459 690 484 esse,
720 452 861 486 inspiravit
888 452 990 480 sanctis

199 498 339 533 apostolis,
367 496 461 524 dicens
484 505 492 524 :
515 506 524 522 ι
542 497 666 533 Accipite
687 497 818 533 Spiritum
843 504 988 526 sanctum:

199 550 421 579 quorumcuuque
448 543 608 571 remiseritls
638 549 748 578 peccata
759 564 767 577 ,
783 544 963 571 remittuntur
979 554 987 573 ε

198 596 420 625 quorumcunque
430 589 611 621 retinueritis,
634 592 741 616 retenta
771 595 834 617 sunt
854 590 886 617 “.
904 600 913 616 ›
933 591 991 624 Quo

199 639 277 670 pacto
289 640 381 662 autem
401 634 598 663 sanctiﬁcatum
613 634 832 664 manifestissime
846 637 992 663 ostendens

199 682 305 708 divinus
333 681 465 715 Baptista,
498 684 612 707 testatus
639 685 691 712 est,
708 681 778 715 quod
793 681 839 708 hic
860 681 991 709 sitFilius

200 727 257 759 Dt‘l,
285 726 459 761 singulariter
474 733 506 753 ac
523 726 597 753 solus
612 725 624 752 ?
641 725 793 760 Oportebat
823 727 894 754 enim
919 727 992 755 hunc

198 772 274 799 orbis
302 776 436 798 terrarum
468 771 616 801 doctorem,
632 771 654 798 si
681 771 762 798 modo.
777 771 859 798 alium
888 779 902 797 a
928 779 991 799 vero

199 817 267 844 Filio
278 817 467 852 cognoscebat,
484 816 521 843 rei
540 817 682 843 veritatem
703 817 851 850 explicare,
878 821 990 851 aperte-

199 871 252 897 que
265 863 375 890 dicere:
391 861 440 889 Hic
453 867 497 890 est
519 862 565 896 qui
583 862 688 889 ratione
710 862 909 896 conjunctionis
928 871 990 890 cum

693 167 722 194 S.
741 165 878 194 CVRILLI
897 163 1133 193 ALEXANDRINI
1153 161 1312 192 ARCHIEP.

234 225 267 251 Α.
280 224 361 257 Atqui
381 223 516 256 quomodo
542 223 564 248 is
595 222 640 256 qui
669 223 821 256 baptizatus
839 228 891 254 est,
908 228 935 250 et
957 223 983 250 in

1071 224 1103 251 Α.
1126 221 1193 250 Εἶτα
1210 224 1268 255 πῶς
1283 224 1297 250 ὁ
1321 224 1539 259 βεόαπτισμένος
1555 244 1562 254 ,

1769 164 1780 192 ι
1789 160 1845 193 390

1587 223 1634 249 καὶ
1653 223 1706 258 τὴν
1724 223 1846 258 ἐμφανῆ

1040 268 1088 295 τοῦ
1107 268 1265 304 Πνεύματος
1276 268 1366 295 λαϐὼν
1378 268 1583 302 καταφοίτησιν,
1595 269 1624 294 ὲν
1639 268 1714 303 ἁγίῳ
1735 267 1844 302 βαπτί-

1040 314 1082 345 ζει
1100 314 1250 349 Πνεύματι,
1267 315 1358 341 καὶτὰ
1372 314 1439 349 μόνῃ
1456 313 1596 349 πρέποντα
1611 314 1658 340 καὶ
1675 313 1797 340 ἐοικότα
1810 315 1844 349 τῇ

1039 360 1100 396 θείᾳ
1118 361 1197 394 φύσει
1221 361 1333 396 πληροῖ;
1358 361 1483 396 Χορηγὺς
1498 361 1552 396 γάρ
1577 360 1651 386 ἐστιν
1674 359 1844 394 ἁγιασμοῦ,

1040 406 1086 432 καὶ
1101 406 1180 433 τοῦτο
1194 406 1310 439 δεικνὺς,
1326 404 1363 438 ὡς
1380 406 1445 432 ἴδιον
1471 404 1572 440 ἀγαθὸν
1585 406 1598 432 ό
1615 405 1845 440 ἑνανθρωπήςας

1039 452 1136 486 Λόγος,
1151 452 1327 488 σωματικῶς,
1341 452 1494 488 ὲνέφυσηοε
1503 454 1558 484 τοῖς
1573 448 1662 486 ἁγίοις
1672 451 1845 482 ἀποστόλοις

1039 497 1137 532 λέγων’
1155 509 1163 524 ι
1174 498 1277 526 Λάϐετε
1295 497 1407 534 Πνεῦμα
1424 498 1514 532 ἃγιοψ
1534 499 1566 526 ἄν
1583 507 1664 525 τινων
1679 497 1776 532 ἀφῆτε
1793 497 1845 528 τὰς

1041 544 1188 580 ἁμαρτίας,
1198 544 1334 578 ἀφίενταν
1344 544 1376 571 ἄν
1388 552 1468 572 τινων
1480 543 1609 580 κρατῆτε,
1617 540 1825 579 κεκράτηνται.
1833 552 1842 567 t

1041 589 1104 620 Πῶς
1118 589 1146 616 δὲ
1158 590 1204 616 τὸν
1228 591 1394 625 ἡγιασμένον
1410 590 1595 626 ἐναργέστατα
1619 589 1810 620 καταδεικνὺς
1831 589 1844 614 ὁ

1041 635 1183 666 θεσπέσιος
1196 635 1361 672 Βαπτιστὴς,
1376 636 1598 671 μεμαρτύρηκεν,
1609 637 1650 662 ὅτι
1661 632 1751 666 Οὗτός
1763 636 1843 660 ἐστιν

1040 681 1054 706 ό
1072 680 1135 711 Υίδς
1157 680 1204 707 τοῦ
1224 681 1310 714 Θεοῦ,
1330 681 1481 717 μοναδικῶς
1499 682 1546 708 καὶ
1572 681 1735 717 ἐνάρθρωςς
1763 680 1842 706 Ἔδει

1043 724 1096 760 γὰρ
1110 724 1174 752 ὅντα
1190 722 1240 761 τῆς
1260 725 1305 760 ὑφ’
1328 725 1394 761 ἡλίῳ
1419 727 1609 761 μυσταγωγὸν,
1633 727 1660 754 εί
1681 735 1726 752 πω
1743 726 1841 761 ἕτερον

1040 770 1106 797 ὄντα
1134 772 1210 806 παρά
1231 780 1263 806 γε
1289 772 1335 798 τὸν
1358 772 1466 808 ἀληθῶς
1489 772 1552 799 Υίδν
1575 772 1722 807 ἠπίστατο,
1751 780 1841 798 κατα-

1042 817 1161 851 σημᾶναι
1173 818 1204 843 τὸ
1217 816 1325 853 ἀληθὲς,
1343 816 1457 852 λέγοντα
1471 819 1583 853 σαφῶς,
1601 815 1688 851 υἷι-τὸς
1710 820 1801 845 ἐστιν.
1826 819 1841 843 ὸ

1042 862 1113 888 κατὰ
1139 862 1288 896 συνάφειαν
1310 863 1359 898 τὴν
1391 863 1459 898 πρὸς
1481 863 1525 890 τὸν
1547 864 1628 898 φύσει
1652 865 1700 890 καὶ
1725 858 1839 897 ἀληθῶς

199 917 233 936 eo
248 909 293 944 qui
315 913 410 935 natura
422 915 454 935 ac
475 915 539 935 vere
552 908 638 935 Filius
652 913 704 940 est,
733 908 864 936 beneﬂcio
884 914 910 936 et
930 917 985 944 gra-

1042 907 1116 938 Υίὺν,
1130 907 1202 934 δόσει
1221 914 1251 934 τε
1267 909 1313 934 καὶ
1327 909 1419 944 χάριτι
1436 909 1555 943 γεγονὼς
1572 909 1638 940 Υίὸς
1650 918 1657 925 ·
1674 909 1734 935 ἀλλ’
1760 908 1838 934 οὐδὲν

201 953 237 980 tia
269 953 356 979 factus
385 957 429 980 est
459 952 554 980 Filius.
587 952 724 980 Cmterum
749 953 814 980 nihil
837 953 989 988 hujnsmodi

201 999 270 1025 dixit
288 1006 295 1024 :
310 999 356 1025 sed
377 1006 459 1024 unum
478 1003 559 1032 atque
575 1000 699 1026 eumdem
715 1006 777 1026 esse
794 999 893 1031 sciens,
917 1004 944 1026 et
957 1007 991 1027 ex

203 1046 257 1073 Deo
275 1045 354 1073 Patre
380 1045 509 1077 Verbum,
533 1049 560 1073 et
575 1053 608 1073 ex
623 1047 727 1073 semine
743 1045 827 1072 David
842 1046 989 1074 secundum

201 1099 324 1123 carnem,
351 1091 550 1118 sanctiﬁcatum
566 1091 672 1125 quidem
687 1092 735 1124 ait,
763 1096 896 1126 quatenus
911 1092 991 1118 humo

201 1141 243 1163 est
255 1144 262 1169 ;
276 1144 307 1163 ac
320 1143 413 1163 rursus
424 1135 605 1169 sanctilicare,
617 1141 748 1170 quatenus
764 1142 805 1163 est
822 1136 903 1164 Deus.
927 1136 988 1163 Erat

202 1181 286 1212 cuitu,
310 1185 340 1206 ut
366 1180 434 1209 dixi.
466 1180 559 1207 ethoc
582 1185 609 1207 et
634 1179 710 1207 illud.
730 1180 758 1207 Si
787 1187 851 1214 ergo
871 1188 925 1207 non
949 1185 991 1208 est

201 1225 288 1253 factus
303 1226 394 1256 homo.
408 1225 429 1252 si
448 1233 501 1252 non
516 1231 595 1253 natus
613 1230 654 1253 est
663 1232 697 1253 ex
712 1226 825 1253 muliere
840 1226 989 1254 secundum

201 1279 321 1304 carnem,
339 1271 420 1307 753
437 1272 578 1299 aveliimus
595 1272 629 1299 ab
650 1273 709 1306 ipso
736 1272 860 1300 humanae
886 1278 990 1300 natura!

203 1319 395 1354 proprietates.
411 1319 446 1344 At
461 1318 484 1345 si
497 1325 590 1345 verum
609 1322 650 1345 est
662 1318 733 1353 quod
754 1325 783 1346 se
798 1318 938 1346 demiserit
957 1320 990 1346 ad

201 1364 425 1396 exinanitiouem,
442 1369 469 1390 et
494 1363 582 1391 factus
600 1364 636 1391 sit
663 1363 746 1391 nostri
767 1364 873 1396 similis,
896 1371 990 1399 quam-

201 1410 294 1437 obrem
308 1417 339 1437 ea
356 1417 403 1444 per
421 1417 480 1444 quae
498 1409 709 1437 exinanitionem
729 1410 822 1441 subiit,
838 1410 887 1445 ipsi
901 1411 991 1437 detra-

203 1455 270 1482 itunt
287 1455 533 1481 administrationis
556 1455 581 1482 in
597 1462 680 1482 carne
709 1454 854 1482 artiﬁcium
882 1455 990 1491 imperi-

203 1501 308 1528 tissime
330 1500 513 1528 convellentes
525 1501 536 1527 ι

235 1558 265 1585 Β.
281 1557 309 1585 Si
329 1565 394 1592 ergo
417 1557 522 1585 dicatur
546 1559 628 1585 etiam
658 1559 771 1594 gloriam
799 1557 946 1595 accepisse,
961 1563 989 1588 et

199 1603 284 1631 factus
297 1608 339 1630 est
353 1602 493 1635 Dominus,
522 1608 604 1638 atque
629 1603 762 1631 exaltatus
786 1612 846 1631 esse
864 1613 878 1631 a
894 1605 984 1638 Patre,

199 1647 404 1682 deelaratusque
420 1655 481 1675 esse
496 1656 553 1680 rex,
572 1649 728 1676 ascribesne
754 1650 835 1676 etiam
859 1650 915 1677 haec
934 1649 987 1677 Deo

200 1693 290 1722 Verbo
302 1695 369 1721 citra
387 1693 467 1720 ullam
483 1693 574 1729 gloria:
589 1694 674 1729 ipsius
691 1694 905 1722 imminutionem
923 1695 934 1722 ἓ

234 1785 266 1811 Δ.
281 1783 357 1816 Quod
371 1783 479 1817 quidem
494 1782 540 1810 Dei
555 1782 634 1810 Verbi
654 1788 749 1810 natura
764 1783 838 1810 omni
854 1783 938 1818 gloria
959 1790 986 1812 et

200 1837 282 1864 regno
299 1834 381 1863 atque
393 1828 578 1856 dominatione
590 1836 653 1856 vera
674 1828 774 1856 referta
802 1830 847 1861 sit,
869 1837 985 1864 quonam

198 1880 277 1910 pacto
297 1875 413 1909 cuipiam
434 1875 544 1902 dubium
561 1882 621 1902 esse
646 1880 737 1909 queat,
752 1877 878 1911 quodque
894 1877 984 1904 divina

199 1921 315 1956 dignitas
328 1921 520 1948 convenienter
533 1921 557 1947 ei
574 1921 727 1948 tribuatur?
745 1921 812 1949 Cum
825 1930 889 1949 Vero
901 1923 987 1950 factus

198 1971 240 1994 est
253 1968 344 1998 homo,
369 1967 410 1994 cui
422 1967 512 1994 omnia
527 1972 590 1994 sunt
609 1967 672 1994 data
697 1972 778 2002 atque
802 1968 931 2000 ascititia,
954 1977 987 1996 ea

198 2013 303 2040 ratione
327 2013 434 2040 tametsi
462 2013 589 2041 omnibus
613 2014 741 2046 abundet,
760 2019 788 2041 et
812 2022 845 2041 ex
863 2022 911 2042 sua
928 2015 985 2050 ple-

199 2058 320 2085 nitudine
336 2058 461 2086 omnibus
476 2058 658 2093 impartiatur,
679 2059 796 2086 humano
815 2067 888 2087 more
912 2061 986 2088 acci—

198 2103 246 2138 pit,
271 2111 424 2138 novumque
438 2108 480 2131 est
504 2108 531 2132 et
549 2104 698 2132 inauditum
729 2105 754 2132 in
777 2104 887 2132 Christo
902 2107 986 2133 mira~

198 2149 298 2182 culum,
324 2149 349 2176 in
385 2149 475 2177 servili
502 2149 600 2182 forma,
628 2149 839 2181 dominatio;in
870 2151 985 2177 humana

197 2194 338 2224 tenuitate.
356 2193 441 2228 gloria
458 2193 559 2225 divina,
581 2199 607 2220 et
629 2194 702 2227 regia
722 2194 839 2228 dignitas
853 2195 879 2222 in
901 2196 985 2222 servi-

1043 954 1092 988 μὲν
1114 953 1166 988 ἔφη
1188 953 1319 984 τοιοῦτον.
1346 953 1394 980 ἕνα
1409 954 1438 980 δὲ
1455 955 1558 981 καὶτὸν
1573 955 1654 981 αὑτὸν
1669 955 1737 981 ὄντα
1754 954 1838 988 γινώ-

1042 1006 1125 1030 σκων,
1141 999 1187 1025 καὶ
1201 1000 1233 1025 ὲκ
1245 998 1312 1025 Θεοῦ
1334 999 1441 1035 Πατρδς
1453 998 1549 1034 Λόγον,
1565 1000 1612 1026 καὶ
1629 1001 1660 1026 ὲκ
1674 1000 1838 1034 σπέρματος

1040 1043 1087 1070 τοῦ
1102 1043 1185 1070 Δαΰὶδ
1207 1044 1278 1070 κατὰ
1295 1044 1395 1079 σάρκα,
1411 1045 1574 1080 ἁγιασθῆναι
1594 1044 1644 1080 μέν
1660 1052 1742 1079 φησι,
1768 1043 1838 1070 καθὸ

1041 1090 1193 1125 ἄνθρωπος,
1211 1089 1336 1124 ἀγιάζειν
1357 1088 1385 1116 δὲ
1405 1088 1450 1122 αὖ,
1473 1090 1541 1117 καθὸ
1565 1091 1667 1116 νοεῖται
1683 1089 1763 1120 Θεὸς.
1780 1087 1836 1114 Ἦν

1041 1135 1106 1170 γὰρ,
1122 1135 1159 1167 ὡς
1175 1135 1254 1170 ἔφην,
1268 1135 1297 1161 ἐν
1311 1135 1385 1171 αὐτῷ
1399 1135 1476 1162 τοῦτο
1490 1135 1611 1163 κάκεῖνο.
1626 1136 1657 1162 EE
1675 1135 1728 1170 μὲν
1742 1132 1790 1161 οὖν
1804 1134 1835 1161 οὐ

1041 1181 1154 1214 γέγονεν
1169 1179 1323 1215 ἅνθρωπος,
1336 1181 1360 1206 εί
1376 1180 1414 1215 μὴ
1432 1181 1593 1216 γεγέννηται
1607 1180 1680 1207 κατὰ
1695 1181 1788 1215 σάρκα
1803 1181 1834 1206 ὲκ

1041 1225 1171 1260 γυναικὸς
1184 1246 1191 1257 ,
1209 1225 1399 1261 ἁποσοὸοῦμεν
1418 1225 1500 1253 αὑτοῦ
1517 1228 1551 1253 τὰ
1567 1226 1740 1262 ἀνθρώπινα.
1762 1226 1794 1252 El
1808 1226 1835 1252 at

1040 1271 1149 1307 ἀληθὲς,
1170 1272 1210 1297 ὃτι
1224 1270 1318 1302 καθεὶς
1336 1271 1433 1297 ἑαυτὸν
1448 1272 1489 1303 εἰς
1513 1271 1629 1298 κένωσιν
1651 1271 1750 1306 γέγονε
1774 1271 1833 1298 καθ’

1041 1318 1124 1353 ἡμᾶς,
1147 1317 1260 1344 ἀνθὸτου
1284 1317 1318 1343 τὰ
1341 1317 1374 1343 δι’
1398 1314 1436 1344 ὧν
1459 1316 1492 1344 ἂν
1515 1319 1600 1344 νοοῖτο
1626 1317 1833 1353 κεκενωμένος,

1041 1363 1187 1397 ἀφιστᾶσιν
1208 1363 1290 1389 αὐτοῦ
1303 1383 1310 1394 ,
1326 1363 1376 1398 τῆς
1399 1362 1468 1398 μετὰ
1494 1363 1596 1398 σαρκὸς
1618 1364 1777 1399 οἰιιονομίας
1805 1364 1834 1389 τὸ

1041 1408 1166 1442 εὐτεχνὲς
1180 1408 1348 1434 ἀῦονλότατα
1365 1408 1567 1444 παραλύοντεςς

1077 1548 1106 1574 Β.
1131 1547 1192 1574 Ἐὰν
1209 1546 1255 1574 οὖν
1270 1548 1396 1583 λέγηται,
1413 1550 1458 1575 καὶ
1474 1546 1553 1583 δόξαν
1567 1550 1673 1583 λαϐεῖν,
1690 1551 1739 1578 χαὶ
1757 1550 1832 1586 γενέ-

1039 1594 1101 1620 σθαι
1121 1595 1232 1630 Κύριος,
1246 1595 1385 1630 ὑψωθῆναι
1402 1604 1432 1622 τε
1453 1596 1528 1631 παρὰ
1545 1597 1592 1623 τοῦ
1613 1597 1733 1634 Πατρὸς,
1747 1604 1831 1625 κατα-

1039 1640 1134 1675 στῆναι
1147 1641 1175 1667 δὲ
1193 1641 1240 1667 καὶ
1256 1641 1382 1676 βασιλεὺς
1392 1660 1398 1672 ,
1419 1641 1533 1676 ἀνάψεις
1549 1642 1602 1677 ἄρα
1627 1644 1675 1670 καὶ
1691 1644 1780 1670 ταῦτα
1795 1644 1831 1679 τῷ

1038 1686 1097 1721 Θεῷ
1116 1687 1204 1722 Λόγῳ,
1228 1688 1275 1713 καὶ
1289 1688 1319 1713 οὐ
1343 1687 1431 1722 πάντη
1449 1696 1478 1714 τε
1500 1689 1547 1715 καὶ
1568 1689 1679 1721 πάντως
1693 1690 1831 1726 ἀδικήσεις

1038 1730 1120 1757 αὐτοῦ
1135 1732 1184 1766 τὴν
1203 1731 1281 1763 δόξαν
1290 1740 1296 1763 ;

1075 1778 1106 1803 Δ.
1123 1777 1183 1803 ’Ότι
1207 1777 1256 1811 μὲν
1278 1775 1334 1808 οὖν.
1349 1778 1428 1814 δόξης
1444 1787 1472 1805 τε
1491 1779 1537 1805 καὶ
1558 1779 1699 1814 βασιλείας
1723 1781 1770 1807 καὶ
1784 1789 1829 1808 κυ-

1040 1822 1162 1857 ριότητος
1174 1822 1301 1858 ἀληθοῦς,
1314 1824 1330 1858 ἡ
1346 1823 1393 1850 τοῦ
1409 1823 1475 1851 Θεοῦ
1489 1825 1577 1859 Λόγου
1594 1827 1768 1861 μεμεστωται
1782 1828 1828 1862 φύ-

1038 1875 1094 1900 σις,
1119 1868 1177 1900 πῶς
1193 1868 1225 1895 ἂν
1241 1869 1385 1896 ὲνδοιάσειέ
1401 1878 1458 1902 τις;
1477 1871 1619 1906 ἀραρότως
1635 1872 1664 1898 δὲ
1678 1872 1720 1899 ὅτι
1737 1874 1785 1900 καὶ
1801 1876 1828 1900 ἐν

1037 1913 1166 1948 ὑψώμασι
1187 1915 1286 1940 νοεῖται
1314 1915 1371 1945 τοῖς
1398 1915 1663 1950 θεοπρεπεστάτοιςς
1683 1918 1775 1953 ἐπειδὴ
1802 1919 1827 1946 δὲ

1037 1960 1157 1996 πέφηνεν
1174 1959 1326 1996 ἄνθρωπος,
1340 1957 1361 1995 ᾧ
1377 1961 1465 1988 πάντα
1480 1963 1539 1988 ἐστὶ
1554 1961 1620 1989 δοτὰ
1633 1965 1680 1989 καὶ
1694 1964 1826 2000 stantepr-

1038 2007 1122 2041 μένα,
1138 2006 1224 2042 ταύτῃ
1236 2015 1276 2033 τοι
1296 2007 1404 2042 πλήρης
1420 2007 1551 2043 ὑπάρχων
1566 2008 1613 2034 καὶ
1631 2008 1661 2041 ἐξ
1673 2008 1741 2037 ἰδίου
1761 2011 1826 2046 πλη-

1038 2051 1164 2086 ρώματος
1177 2052 1242 2078 πᾶσι
1253 2052 1352 2084 διδοὺς,
1363 2052 1544 2088 ἀνθρωπίνως
1556 2054 1675 2094 δέχεται,
1689 2056 1740 2091 τὴν
1753 2056 1826 2092 ἡμῶν

1037 2097 1175 2132 πτωχείαν
1188 2097 1381 2133 οἰκειούμενος,
1393 2098 1438 2124 καὶ
1454 2096 1488 2134 ἦν
1499 2099 1583 2134 ἄηθες
1599 2108 1629 2126 τε
1647 2102 1695 2128 καὶ
1712 2101 1787 2134 ξένον
1799 2103 1825 2129 ἐν

1027 2143 1146 2179 ’Χριστῷ
1160 2144 1190 2170 τὺ
1204 2144 1365 2180 παράδοξον,
1379 2145 1408 2171 ὲν
1419 2146 1540 2181 οίκετικῇ
1565 2148 1669 2182 μορφῇ,
1689 2149 1822 2184 rapida-ig,

1036 2190 1066 2215 ὲν
1082 2189 1240 2225 ἀνθρωπίνῃ
1260 2190 1496 2226 σμικροπρεπείᾳ,
1514 2191 1579 2223 δόξα
1599 2192 1769 2229 θεοπρεπὴς,
1784 2195 1824 2222 καὶ

197 2243 264 2269 tute,
295 2243 424 2271 quantum
451 2239 485 2264 ad
511 2238 636 2264 humana;
666 2243 770 2266 nalurae
802 2240 982 2267 conditionem

1040 2234 1171 2270 βασιλείας
1193 2236 1350 2271 αὐχήμασιν
1366 2237 1597 2272 ἐστεφανωμένον,
1621 2238 1651 2264 τὸ
1669 2239 1722 2265 ὑπὸ
1738 2240 1822 2275 ζυγὸν,

197 2287 359 2316 ιιιιίιιειςει
389 2281 526 2309 humilitas
556 2289 661 2309 summa
690 2284 836 2311 eminentia
861 2286 982 2319 praedita.

198 2327 295 2354 Factus
307 2333 349 2355 est
365 2327 438 2354 enim
457 2327 537 2354 homo
554 2326 726 2362 Unigenitus,
739 2336 794 2356 non
810 2335 839 2356 ut
854 2330 879 2357 in
890 2331 983 2357 exina-

198 2374 301 2401 nitione
325 2376 494 2407 permaneat,
524 2373 573 2400 sed
593 2378 622 2400 ut
642 2375 778 2409 accipiens
804 2383 865 2402 cum
881 2382 912 2402 ea
926 2375 985 2410 eius

198 2418 378 2453 proprietates
394 2427 402 2451 ;
418 2418 489 2446 Deus
517 2423 608 2447 tatuen
637 2421 796 2448 naturaliter
816 2429 876 2449 esse
903 2423 983 2450 etiam

158 2487 160 2489 .
198 2465 250 2491 hoc
258 2467 336 2498 pacto
344 2463 520 2500 intelligatur,
533 2465 703 2501 hominisque
715 2470 836 2494 naturam
851 2467 878 2494 in
895 2468 985 2502 seipse

197 2510 324 2543 illustrat,
339 2517 478 2538 sacrarum
495 2519 527 2539 ac
541 2511 692 2540 divinarum
714 2513 878 2548 dignitatum
897 2513 983 2548 parti-

197 2556 283 2591 cipem
313 2557 398 2592 ipsam
423 2557 575 2586 declarans.
610 2558 677 2586 Nam
705 2564 734 2587 et
764 2560 851 2587 sancti
874 2559 983 2592 Filium,

197 2604 279 2630 etiam
304 2606 445 2637 postquam
468 2603 558 2631 factus
584 2608 627 2631 est
647 2605 738 2637 homo,
756 2605 867 2640 gloriam
883 2605 930 2633 Dei
951 2614 983 2634 ac

197 2648 297 2680 Patris,
327 2654 356 2677 et
382 2657 474 2685 regem
504 2657 537 2677 ac
562 2650 704 2678 Dominum
731 2651 878 2687 appellant.
900 2651 984 2679 Isaias

197 2696 270 2723 enim
286 2694 321 2722 ita
339 2695 396 2722 ait:
415 2705 425 2722 ι
451 2695 528 2724 Sicut
554 2695 634 2724 homo
658 2697 805 2724 vindemiat
823 2698 921 2730 oleam,
946 2698 984 2724 ita

197 2739 400 2767 viudemiabuut
415 2747 470 2774 eos,
485 2745 513 2768 et
528 2742 635 2774 quando
660 2744 809 2770 cessaverit
838 2743 982 2774 vindemia,

198 2787 242 2814 isti
257 2793 322 2813 voce
339 2785 504 2814 clamabunt.
528 2786 578 2820 Qui
594 2795 657 2815 vero
672 2788 758 2816 relicti
775 2788 877 2816 fuerint
901 2796 983 2823 super

232 2873 254 2888 ‘°
267 2871 346 2899 Joan.
360 2879 406 2905 ιι,
425 2872 521 2902 22-13.

1035 2282 1066 2307 τό
1081 2289 1113 2315 γε
1125 2278 1190 2316 ἦχον
1205 2282 1245 2312 είς
1257 2281 1467 2315 ἀνθρωπότητος
1483 2283 1592 2317 μέτρον,
1608 2283 1656 2309 καὶ
1669 2286 1699 2310 ἐν
1716 2285 1826 2321 ὑπερτά·

1036 2336 1096 2359 ταις
1111 2328 1276 2362 ὑπεροχαῖς,
1293 2326 1324 2353 τὸ
1335 2327 1470 2354 ταπεινόν,
1484 2327 1581 2362 Γέγονε
1597 2329 1652 2364 γὰρ
1662 2330 1822 2366 ἄνθρωποςέ

1037 2373 1202 2408 Μονογενὴς,
1223 2373 1272 2408 οὐχ
1287 2373 1330 2399 ἵνα
1345 2374 1400 2405 τοῖς
1424 2374 1474 2408 τῆς
1497 2373 1638 2406 κενώσεως
1663 2376 1822 2413 ὲναπομείνῃ

1039 2419 1158 2454 μέτροις.
1172 2418 1229 2445 ἀλλ’
1242 2418 1285 2444 ἵνα
1297 2418 1388 2445 λαὸὼν
1402 2418 1449 2445 σὺν
1464 2419 1532 2455 αὐτῇ
1547 2420 1581 2446 τὰ
1598 2421 1696 2456 αὐτῆς,
1712 2422 1778 2454 Θεὸς
1790 2423 1822 2449 ὢν

1037 2465 1127 2503 φύςει,
1144 2465 1192 2491 καὶ
1207 2464 1278 2491 οὕτω
1295 2464 1472 2501 γνωρίζηται,
1491 2467 1538 2492 καὶ
1552 2466 1602 2502 τὴν
1621 2466 1670 2493 τοῦ
1685 2468 1821 2503 ἀνθρώπω

1035 2497 1227 2546 ιιατασεμνύνῃ
1251 2497 1333 2544 φύξιν
1353 2497 1514 2545 ἆρ’-ἑαυτῷ,
1534 2497 1646 2546 μέέοχον
1659 2497 1747 2549 αὐτὴν
1762 2515 1821 2541 ἀτω-

1035 2557 1119 2592 φήνας
1150 2556 1230 2592 ἱερῶν
1252 2556 1299 2583 καὶ
1323 2555 1404 2582 θείων
1426 2555 1607 2591 ἀξιωμάτων·
1629 2558 1783 2594 εὑρήσομεν
1797 2561 1820 2586 δὲ

1034 2603 1082 2630 καὶ
1093 2603 1191 2634 αὐτοὺς
1204 2603 1268 2634 τοὺς
1283 2601 1387 2637 ἁγίους,
1404 2601 1483 2634 δόξαν
1497 2603 1679 2637 ὀνομάζοντας
1699 2605 1746 2631 τοῦ
1762 2606 1819 2633 Θεοῦ
1845 2639 1847 2642 η

1034 2649 1082 2675 καὶ
1105 2648 1227 2685 Πατρὺς,
1250 2649 1297 2675 καὶ
1316 2648 1407 2683 μέντοι
1430 2649 1478 2675 καὶ
1502 2648 1623 2684 βασιλέα,
1646 2651 1695 2677 καὶ
1719 2653 1821 2686 προσέτι

1034 2695 1147 2731 Κύριον,
1162 2694 1206 2721 τὸν
1220 2694 1293 2727 Υἱδν,
1305 2694 1352 2721 καὶ
1362 2694 1406 2721 ὅτε
1417 2695 1528 2729 γέγονεν
1547 2694 1701 2731 ἄνθρωπος.
1718 2697 1821 2730 Ἡσαΐας

1036 2741 1085 2776 μὲν
1100 2742 1155 2776 γὰρ
1177 2737 1228 2767 ὧδέ
1245 2749 1282 2776 πη
1306 2740 1399 2775 φησιν’
1417 2749 1426 2766 ι
1445 2741 1493 2767 "Ov
1503 2741 1604 2776 τρόπον
1619 2741 1668 2767 ἐὰν
1687 2742 1821 2779 ἄνθρωπος

1035 2787 1190 2823 καλαμᾶται
1214 2786 1317 2819 ἐλαίαν,
1331 2785 1403 2813 οὓτω
1427 2785 1634 2821 καλαμήσονται
1650 2787 1768 2820 αὐτοὺς,
1782 2790 1821 2817 καὶ
