1907 3038
59 169 132 198 ΙδΩι

628 166 725 200 QUOD
745 164 839 193 UNUS
859 163 913 191 SIT
931 163 1113 192 CHRISTUS.

1631 163 1700 188 i592

59 229 112 256 ιὰν
134 229 272 265 παύσηται
291 230 305 255 ό
320 230 463 266 τρυγητὸς,
478 224 550 256 οὗτοι
565 229 640 264 φωνῇ
661 228 812 263 βοήσονται·
831 227 855 253 οἱ

921 231 1021 257 erram,
1050 209 1225 251 exsultabunt
1250 229 1311 250 cum
1336 221 1420 256 gloria
1447 219 1552 248 Domini
1566 219 1598 246 ⁶¹.
1626 229 1636 246 ι
1666 219 1700 247 Et

59 276 90 303 δὲ
107 276 332 312 καταλειῳθὲντες
345 277 391 303 ἐπὶ
407 278 456 313 τῆς
467 277 528 311 γῆς,
544 275 778 311 εὐφρανθήσονται
798 274 855 309 ἅμα

60 325 96 358 τῇ
122 323 185 360 δόξῃ
213 323 349 359 Κυρίου.»
379 323 432 350 Καὶ
465 323 547 350 πάλιν
565 322 659 358 ἔτερος
682 321 736 348 τῶν
761 320 859 354 ἁγίων,

64 377 74 394 ‹
88 370 221 402 Φωτίζου,
234 370 326 405 φησὶν,
343 369 531 405 Ἰερουσαλήμ·
544 369 606 404 ἥκει
619 369 673 403 γάρ
688 377 734 394 σου
744 367 773 394 τὺ
789 367 856 401 φῶς,

59 416 111 442 καὶ
125 417 141 451 ἡ
159 416 222 448 δόξα
241 416 344 451 Κυρίου
365 416 411 442 ἐπὶ
427 416 456 442 σὲ
472 415 664 442 ἀνατέταλκεν.
682 414 747 441 Ἰδοὺ
764 413 858 445 σκότος

60 461 112 487 καὶ
126 461 225 496 γνόφος
236 461 352 495 καλύψει
367 461 428 496 γῆν,
447 461 494 488 ἐπὶ
503 461 531 488 δὲ
542 461 571 487 σὲ
582 461 731 496 φανήσεται
746 459 856 495 Κύριος,

62 507 114 533 καὶ
135 507 198 540 δόξα
231 507 333 542 Κυρίου
357 507 403 534 ἐπὶ
428 507 458 533 σὲ
480 506 639 541 ὀφθήσεται.
652 515 661 531 ι
681 503 808 536 Ἰάκωὸός
826 513 857 539 γε

63 552 121 587 μὴν
137 553 151 578 ὀ
166 552 247 578 αὑτοῦ
266 552 399 588 μαθητὴς,
415 561 423 577 ι
439 551 571 586 Ἀδελφοὶ,
587 551 662 586 φησὶ,
680 550 715 586 μὴ
729 552 758 577 ὲν
777 558 859 586 προσ-

61 598 236 633 ωποληψίαις
253 598 329 634 ἔχετε
349 598 398 634 τὴν
420 598 511 624 πίστιν
533 598 580 624 τοῦ
597 597 700 632 Κυρίου
714 596 790 631 ἡμῶν
808 596 859 630 ’1η-

63 645 114 671 σοῦ
133 646 251 680 Χριστοῦ
265 646 312 680 τῆς
326 645 412 681 δόξης.
429 655 438 671 ι
457 645 561 680 Πέτρος
584 645 612 670 δὲ
625 642 658 671 αὖ
671 645 685 670 ὁ
704 643 857 675 θεσπέσιος,

67 701 77 717 ι
96 693 128 719 Ei
145 692 304 724 ὀνειδίζεσθε
325 694 353 719 ἐν
378 692 498 728 Χριστῷ,
519 692 649 727 μακάριοί
671 692 732 718 ἐστε
748 691 797 725 τῆς
814 691 857 717 δό-

64 737 127 773 ξης,
149 739 196 764 καὶ
211 738 241 764 τὸ
257 736 303 764 τοῦ
323 738 391 764 Θεοῦ
407 738 519 774 Πνεῦμα
535 739 576 772 ἐφ’
601 738 673 772 ὑμᾶς
698 737 859 763 ἀναπέπαυ-

63 791 121 810 ται.
137 793 145 809 1

104 829 135 856 Β.
151 829 240 864 Φράζε
255 829 283 856 δὲ
298 830 371 861 ὅπως
387 830 454 865 πρὸς
475 829 553 865 ἡμῶν
572 828 690 855 νοεῖσθαι
707 828 807 864 πρέπει
830 828 860 854 τὸ

65 876 133 911 περὶ
149 875 267 910 Χριστοῦ
285 876 486 911 γεγραμμένον,
509 886 517 901 ι
537 876 585 907 ’ος
606 877 635 902 ὲν
660 877 720 907 ταῖς
743 876 861 911 ἡμέραις

64 920 118 955 τῆς
137 921 237 956 σαρκδς
261 921 361 954 αὑτοῦ,
385 921 492 956 δεήσεις
511 930 540 948 τε
560 921 606 948 καὶ
627 921 768 956 ἱκετηρίας
792 920 858 956 πρὸς

921 917 1020 946 Ihristo
1049 917 1181 951 scriptum
1207 924 1214 943 :

65 967 114 993 τὸν
129 967 277 1002 δυνάμενον
292 967 388 999 σώζειν
406 967 486 994 αὐτὸν
502 968 535 994 ἐκ
550 967 677 999 θανάτου,
695 967 764 1002 μετὰ
777 975 863 1002 κραυ-

66 1012 122 1046 γῆς
138 1013 250 1048 ἰσχυρᾶς
263 1013 310 1039 καὶ
322 1012 449 1048 δακρύων
464 1013 661 1048 προσενέγκας,
678 1013 725 1038 καὶ
737 1012 863 1039 εἰσακου-

68 1058 144 1090 σθεὶς
167 1058 220 1085 ἀπὸ
241 1058 292 1094 τῆς
307 1058 468 1091 εὐλαϐείας,
481 1059 581 1093 καίπερ
601 1057 639 1084 ὣν
655 1058 728 1090 Υἱὸς,
750 1057 859 1093 ἔμαθεν,

68 1104 116 1139 ἀφ’
129 1101 166 1131 ὧν
185 1104 280 1137 ἔπαθε,
297 1105 347 1141 τὴν
363 1105 497 1141 ὑπακοὴν,
514 1105 561 1131 καὶ
573 1103 737 1136 τελειωθεὶς,
755 1104 864 1137 ἐγένετο

67 1152 127 1183 τοῖς
153 1151 335 1178 ὑπακούουσιν
359 1150 434 1186 αὐτῷ
453 1150 541 1183 αἴτιος
568 1150 705 1186 σωτηρίας
728 1150 865 1177 ἀκαταλύ-

67 1206 134 1224 του·
147 1207 156 1222 ι
176 1197 350 1233 προσεποίσω
371 1198 400 1224 δὲ
427 1198 538 1224 κάκεῖνο
557 1194 599 1228 οἷς
622 1197 702 1232 ἔφην,
720 1196 765 1229 τὸ,
787 1205 796 1222 ι
814 1196 864 1223 Θεέ

71 1252 133 1278 μου,
153 1243 204 1270 Θεέ
227 1251 288 1279 μου,
304 1243 347 1270 ἵνα
364 1243 390 1269 τί
408 1251 442 1278 με
462 1242 658 1277 ὲγκατέλιπες;
673 1251 682 1267 ι
704 1241 864 1268 Ἀπεοικότα

69 1291 125 1326 γὰρ
144 1287 214 1316 εἷναί
232 1299 300 1324 φασι
315 1290 350 1316 τὰ
366 1289 456 1317 τοιάδε
480 1289 519 1325 τῷ
536 1289 595 1324 Θεῷ
616 1288 705 1323 Λόγῳ,
721 1288 768 1315 καὶ
784 1288 866 1322 ἡττῆ-

71 1334 133 1362 σθαι
145 1335 214 1361 πολὺ
227 1334 279 1369 τῆς
293 1335 406 1370 ἐνούσης
418 1333 558 1369 ὑπεροχῆς
572 1333 646 1368 αὺτῷ
659 1333 742 1368 φαίην
756 1332 799 1359 ἄν.

106 1468 138 1495 Δ.
161 1468 255 1503 Ἰσημι
279 1467 326 1494 καὶ
341 1467 422 1499 αὐτὸς
444 1467 510 1502 ἐγὼ,
543 1466 580 1502 μὴ
600 1467 632 1494 ἂν
648 1467 770 1502 ἁρμόσαι
787 1466 868 1494 ταυτὶ⁵

72 1514 110 1550 τῷ
131 1515 164 1540 ἐκ
180 1513 248 1540 Θεοῦ
271 1513 395 1549 Πατρὺς.
418 1533 426 1540 .
447 1534 454 1540 .
476 1533 484 1541 .
505 1534 512 1540 .
534 1513 624 1548 Λόγῳ,
640 1513 803 1544 ἐξωσθέντος
818 1512 866 1540 τοῦ

71 1559 174 1594 τρόπου
192 1559 243 1594 τῆς
260 1559 430 1594 οἰκονομίας,
455 1558 503 1585 καὶ
528 1558 578 1585 οὐκ
599 1558 782 1593 είσδεχθὲντος
798 1558 867 1594 πρὸς

72 1592 152 1642 ἡμῶν
185 1592 249 1639 toi“),
275 1606 316 1632 ὃτι
341 1592 439 1640 γέγονε
468 1604 537 1641 σὰρξ
562 1604 633 1632 κατὰ
742 1592 864 1640 Γραφας.
880 1592 901 1621 C‘

79 1653 190 1689 Ἐπειδὴ
205 1653 234 1679 δὲ
251 1652 319 1689 πρὸς
333 1652 412 1679 τοῦτο
427 1651 649 1688 διερηρείσμεθα,
664 1651 712 1678 καὶ
725 1651 756 1678 τὺ
768 1651 869 1678 ἐνδοιά-

71 1700 131 1734 ζειν
147 1700 216 1732 ὅλως
229 1699 389 1731 δυσσεϐείας
420 1699 478 1734 ἔχει
504 1698 624 1734 γραφὴν,
645 1698 712 1734 φέρε
730 1698 781 1733 τῆς
798 1699 870 1724 οἰκο-

71 1748 172 1783 νομίας
183 1747 213 1773 τὸ
230 1746 323 1782 βάθος,
332 1746 371 1778 ὡς
384 1746 434 1778 ἔνι,
450 1745 715 1780 κατασκεπτώμεθα.
734 1745 868 1779 Ἐπέφανε

72 1792 166 1819 τοίνυν
192 1793 259 1827 ἡμῖν
285 1792 314 1818 ὲν
333 1791 398 1818 εῖδει
424 1791 464 1826 τῷ
489 1791 550 1818 καθ’
574 1791 648 1826 ἡμᾶς
674 1791 688 1817 ὁ
703 1791 736 1816 ὲκ
765 1790 868 1824 Κυρίου

74 1838 182 1874 Πατρὸς
212 1837 316 1872 Λόγος,
340 1837 410 1864 κατὰ
439 1836 553 1872 μυρίους
577 1837 656 1868 ὅσους
683 1836 789 1871 ὀνήσων
812 1835 871 1870 τρό-

74 1894 145 1917 πους
164 1885 198 1911 τὰ
214 1883 384 1920 ἀνθρώπινα,
412 1884 459 1910 καὶ
481 1883 647 1916 καταδείξων
676 1881 706 1909 εὖ
728 1883 801 1918 μάλα
820 1882 871 1917 τὴν

74 1932 116 1963 εἰς
141 1932 196 1957 πᾶν
211 1930 299 1957 ὁτιοῦν
317 1929 371 1956 τῶν
391 1929 627 1965 τεθαυμασμένων
649 1928 871 1962 ἀποκομίζουσαν

74 1977 181 2013 τρίϐον.
204 1975 258 2003 Ἷιν
283 1974 330 2003 οὖν
353 1976 503 2010 ἀναγκαῖον
525 1974 688 2010 ἀναμαθείν,
717 1973 871 2010 πειρασμοῦ

75 2023 257 2054 ηταθέοντος
276 2022 340 2054 τοὺς
354 2022 405 2057 τῆς
424 2022 464 2053 εἰς
478 2020 545 2047 Θεὸν
560 2020 671 2056 ἀγάπης
687 2020 768 2047 ἕνεκα
783 2019 869 2047 κινδυ-

76 2070 219 2101 νεύοντας,
235 2069 343 2101 ὁποίους
365 2069 441 2100 τινὰς
455 2067 524 2096 εῖναι
541 2068 593 2104 χρὴ
619 2068 682 2099 τοὺς
705 2067 754 2103 τὴν
773 2068 873 2094 εὐκλεᾶ.

76 2114 127 2140 καὶ
142 2113 279 2148 ἐξαίρετον
295 2112 433 2140 πολιτείαν
450 2113 497 2139 καὶ
513 2112 585 2147 ζωὴν
602 2112 750 2147 κατορθοῦν
765 2112 872 2148 ᾑρημέ-

77 2167 159 2191 νους,
182 2159 285 2194 πότερα
302 2157 478 2193 μεθιεμένους
493 2158 542 2184 καὶ
565 2158 767 2190 ἀναπίπτοντας
789 2159 829 2190 εἰς
843 2158 873 2185 τὸ

79 2204 212 2240 ῥᾴθυμον,
231 2205 277 2231 καὶ
294 2204 344 2231 οὐκ
360 2205 388 2230 ὲν
407 2204 495 2240 καιρῷ
510 2204 670 2239 τρυφῶντας
691 2206 739 2231 καὶ
760 2205 873 2240 εὐρυνο-

80 2251 181 2286 μένους
194 2251 232 2282 εἰς
245 2250 388 2286 εὐθυμίαν,
401 2251 418 2286 ἢ
436 2251 659 2286 συντεινομένους
671 2252 711 2282 είς
725 2251 810 2283 λιτὰς,
827 2252 874 2279 καὶ

78 2291 299 2332 δεδακρυμένοῖκ
317 2296 433 2332 ὁρᾶσθαι
451 2296 491 2332 τῷ
508 2297 639 2329 σώζοντι,
665 2298 713 2324 καὶ
736 2297 786 2333 τὴν
807 2303 873 2333 παρ’

80 2342 166 2369 αὑτοῦ
189 2342 323 2378 διψῶντας
348 2343 518 2378 ἐπικουρίαν,
543 2344 589 2370 καὶ
608 2343 700 2378 μέντοι
723 2344 770 2370 καὶ
793 2344 874 2370 εὐαν-

79 2387 168 2425 δρίαν,
185 2388 264 2423 εἴπερ
284 2387 371 2415 ἕλοιτο
393 2389 440 2415 καὶ
455 2389 551 2416 παθεῖν
566 2390 648 2425 ἡμᾶς.
667 2390 740 2416 Ἔδει
762 2399 791 2416 τε
807 2390 873 2425 πρὸς

79 2433 190 2465 τούτοις
213 2434 311 2461 εἰδέναι
338 2435 496 2470 χρησίμως,
521 2435 581 2461 ὅποι
602 2435 666 2462 ποτὲ
691 2436 746 2471 ἄρα
770 2436 800 2462 τὸ
824 2436 875 2471 τῆς

78 2480 206 2514 ,ὑπακοῆς
226 2480 337 2512 διέξεισι
353 2479 441 2515 πέρας
452 2501 458 2512 ,
477 2480 526 2507 καὶ
546 2481 590 2507 διὰ
606 2481 689 2508 ποίων
703 2481 813 2517 ἔρχεται
828 2491 876 2517 γε·

82 2527 150 2562 ρῶν,
164 2527 226 2557 ὅσος
237 2535 266 2552 τε
281 2527 328 2553 καὶ
339 2525 395 2559 οἶος
417 2527 468 2562 τῆς
480 2527 620 2563 ὑπομονῆς
631 2529 645 2554 ό
659 2528 764 2563 μισθός.
777 2529 874 2563 Γέγονε

81 2573 172 2600 τοίνυν
184 2572 358 2605 ὑποτύπωσις
370 2573 424 2600 τῶν
439 2573 566 2600 τοιούτων
580 2575 645 2610 ἡμῖν
663 2575 677 2601 ό
688 2575 815 2611 Χριστὸς,
826 2577 876 2602 καὶ

82 2618 153 2654 πρὸς
170 2627 201 2652 γε
219 2618 297 2645 τοῦτο
312 2619 388 2654 ἡμᾶς
401 2619 513 2655 ὲμπεδοῖ
527 2619 613 2654 λέγων
633 2621 647 2646 ὁ
664 2620 809 2653 θεσπέσιος
825 2622 876 2648 1Ιέ-

82 2673 159 2700 τρος·
180 2673 188 2690 ι
206 2665 285 2691 Ποῖον
302 2665 357 2700 γὰρ
371 2664 458 2697 κλέος,
475 2667 498 2692 εἰ
514 2667 718 2701 ἁμαρτάνοντες
735 2669 782 2694 καὶ
797 2668 877 2696 κολα-

84 2711 227 2746 φιζόμενοι
249 2710 416 2745 ὑπομένετε;
439 2711 507 2738 Ἀλλ’
523 2712 548 2738 ει
564 2712 792 2746 ἀγαθοποιοῦντες
809 2714 876 2741 ὑπο-

85 2758 195 2794 μένετε,
217 2756 297 2783 τοῧτο
315 2756 395 2793 χάρις
414 2758 502 2792 ’παρὰ
528 2758 597 2794 Θεῷ,
621 2759 662 2785 ὅτι
688 2760 735 2786 καὶ
759 2761 876 2795 Χριστὸς

121 2859 143 2875 ⁶¹
156 2858 208 2886 lsa.
221 2866 296 2890 xxxv,
311 2858 355 2896 ᾗ,
368 2858 430 2896 μμ
449 2859 472 2896 ξ’
489 2859 539 2886 lsa.
552 2861 668 2892 Lx.1.2.
707 2862 729 2877 ⁸³
744 2862 802 2890 Jac.
817 2870 847 2896 ιι,
870 2864 880 2890 l

85 2895 181 2923 Matth.
203 2901 289 2926 xxv”,
304 2893 349 2920 46.
386 2894 407 2909 ⁸⁷
424 2895 431 2921 l
448 2895 520 2922 Petr.
534 2903 565 2928 ιι,
579 2896 624 2927 20,
635 2897 680 2923 21.

248 2941 384 2972 ΡΑτιιοι..
409 2941 467 2972 Gn.
493 2942 612 2974 LXXV.

887 2883 894 2890 .
923 2865 956 2903 _"
969 2864 978 2892 l
989 2865 1065 2894 Petr.
1078 2866 1115 2901 iv,
1134 2866 1178 2894 Η.
1206 2866 1238 2903 ,⁸⁸
1251 2865 1335 2895 Hebr.
1347 2874 1374 2902 ν,
1386 2867 1441 2894 7-9.

909 279 1003 299 rursus
1014 271 1084 299 alius
1099 270 1209 306 quidam
1227 276 1242 296 e
1257 269 1360 297 sanctis
1374 277 1381 296 :
1397 276 1406 292 ι
1425 267 1591 298 llluminare,
1602 266 1699 300 inquit,

909 317 1070 346 Jerusalem.
1095 316 1176 343 Venit
1199 315 1271 343 enim
1290 315 1379 342 lumen
1395 317 1484 346 tuum,
1499 317 1525 340 et
1541 312 1627 348 gloria
1648 312 1700 338 Do-

910 365 976 392 mini
999 372 1080 399 super
1102 368 1129 390 te
1152 368 1212 390 orta
1229 367 1281 390 est.
1293 362 1361 395 Quia
1373 368 1438 388 ecce
1451 360 1567 388 tenebrae
1578 358 1689 394 operien

910 415 1021 442 terram,
1038 415 1065 437 et
1075 409 1163 444 caligo
1180 407 1309 444 populos:
1333 414 1414 442 super
1438 411 1465 433 te
1483 409 1573 433 autem
1597 404 1702 431 orietur

911 457 1051 489 Dominus,
1081 461 1107 483 et
1124 455 1209 490 gloria
1236 455 1295 490 ejus
1310 454 1337 481 in
1367 460 1395 481 Ie
1420 453 1555 480 videbitur
1575 451 1608 478 θ’.
1626 459 1635 477 ι
1669 450 1702 477 Et

910 502 1027 531 Jacobus
1043 496 1264 538 ejus-discipulus
1282 510 1288 528 :
1309 510 1318 526 ι
1351 500 1471 531 Fratres,
1489 498 1588 533 inquit,
1617 497 1702 524 nolite

911 549 937 576 in
963 556 1139 585 personarum
1165 547 1326 582 acceptione
1353 546 1453 573 habere
1487 545 1568 572 fidem
1594 543 1701 571 Domini

912 596 996 624 nostri
1024 595 1085 623 Jesu
1116 594 1218 623 Christi
1235 593 1328 629 gloriae
1340 592 1372 619 ³³.
1394 601 1402 617 ι
1420 591 1516 619 Petrus
1544 597 1628 617 vero:
1644 599 1653 615 ι
1673 589 1701 616 Si

911 641 1112 677 cxprobramini
1128 641 1155 668 in
1163 639 1284 672 Christo,
1301 638 1373 666 beati
1389 638 1478 669 eritis,
1489 637 1616 672 quoniam
1632 636 1702 671 quod

912 693 955 715 est
973 688 1084 715 noueris
1099 687 1190 722 gloria
1212 691 1240 714 et
1263 685 1371 713 virtutis
1393 684 1453 715 Dei,
1477 689 1504 711 et
1519 683 1564 719 qui
1584 686 1625 710 est
1646 682 1704 717 ejus

913 734 1029 769 Spiritus
1044 741 1125 768 super
1148 740 1195 760 vos
1211 731 1365 767 requiescet
1379 731 1411 758 “.
1430 741 1438 757 ι

949 823 1031 860 754
1046 823 1078 850 Β.
1097 823 1239 850 Sufﬁciunt
1250 822 1306 858 jam
1329 822 1397 850 haec.
1414 822 1548 850 Caeterum
1572 821 1623 848 hoc
1639 821 1704 848 mihi

915 872 989 899 dicas
1009 862 1101 902 velim,
1128 869 1268 904 quomodo
1298 869 1500 904 intelligendum
1524 868 1559 894 sit
1583 867 1646 894 illud
1672 867 1707 894 de

1241 924 1250 941 ι
1285 915 1335 948 Qui
1362 915 1389 942 in
1415 914 1510 942 diebus
1540 914 1631 941 carnis
1651 921 1707 941 suae

914 970 1008 1000 preces
1021 962 1286 998 supplicationesque
1312 961 1345 988 ad
1367 968 1428 988 cum
1448 960 1495 995 qui
1513 960 1599 995 possit
1620 960 1705 994 ipsum

914 1010 1018 1039 salvum
1043 1010 1135 1037 facere
1159 1017 1173 1036 a
1197 1013 1285 1036 morte
1305 1016 1366 1035 cum
1385 1008 1504 1035 clamore
1529 1007 1618 1034 valido
1631 1013 1658 1034 et
1670 1007 1708 1033 la-

915 1056 1015 1092 crymis
1037 1055 1166 1088 offerens,
1184 1055 1328 1083 exauditus
1349 1059 1391 1082 est
1403 1062 1452 1090 pro
1471 1062 1520 1082 sua
1543 1055 1706 1082 reverentia.

915 1103 948 1131 Et
962 1103 1070 1137 quidem
1084 1110 1147 1130 cum
1165 1106 1239 1130 esset
1254 1101 1340 1129 Filius
1357 1101 1415 1134 Dei,
1435 1101 1530 1129 didicit
1545 1106 1578 1127 ex
1597 1101 1631 1128 iis
1649 1107 1709 1135 qum

915 1157 1010 1184 passus
1028 1153 1084 1182 est,
1118 1147 1313 1176 obedientiam.
1327 1147 1362 1175 Et
1386 1151 1594 1175 consummatus
1621 1147 1710 1174 factus

915 1202 958 1224 est
992 1195 1120 1223 omnibus
1143 1194 1397 1228 obtemperantibus
1422 1192 1473 1221 sibi
1502 1200 1585 1220 causa
1613 1192 1710 1220 salutis

916 1242 1069 1269 retentae".
1101 1250 1111 1267 ι
1139 1240 1271 1275 Adjiciam
1302 1247 1368 1268 vero
1396 1239 1476 1267 (lictis
1509 1240 1591 1266 etiam
1620 1238 1708 1266 illud:

920 1297 929 1313 ι
945 1288 1016 1316 Deus
1030 1295 1116 1320 mens,
1130 1288 1202 1315 Deus
1214 1294 1299 1319 mens,
1311 1294 1397 1321 quare
1406 1294 1449 1314 me
1461 1286 1626 1320 dereliquisti
1642 1285 1681 1312 ⁸⁸⁸1
1698 1294 1708 1312 ι

915 1334 1011 1363 Aliena
1024 1334 1096 1362 enim
1122 1334 1180 1362 haec
1207 1341 1269 1362 esse
1284 1333 1377 1361 dicunt
1402 1340 1417 1360 ιι
1441 1333 1498 1360 Deo
1516 1332 1612 1365 Verbo,
1629 1338 1711 1367 atque

917 1388 967 1416 ego
984 1380 1091 1416 quidem
1108 1380 1240 1415 dignitate
1258 1379 1342 1414 ipsius
1359 1383 1441 1415 atque
1455 1378 1614 1406 excellentia
1633 1379 1712 1414 longe

918 1427 1047 1456 inferiora
1061 1435 1092 1455 ea
1106 1435 1167 1456 esse
1182 1427 1372 1462 indicaverim.

952 1473 987 1502 Α.
1013 1473 1082 1507 Quin
1116 1478 1144 1501 et
1175 1480 1225 1509 ego
1236 1475 1295 1508 ipse
1324 1472 1404 1501 facile
1429 1474 1549 1509 intelligo
1573 1474 1630 1501 haec
1658 1482 1711 1502 non

919 1520 1065 1548 convenire
1080 1519 1169 1547 Verbo
1183 1520 1275 1555 genito
1286 1527 1319 1547 ex
1339 1519 1395 1554 Deo
1417 1519 1509 1552 Patre,
1539 1520 1561 1548 si
1589 1519 1653 1548 illud
1679 1521 1713 1547 ab

919 1566 1155 1594 administratione
1183 1567 1209 1593 in
1239 1574 1323 1594 carne
1345 1574 1546 1599 removeamus,
1562 1574 1650 1602 neque
1663 1566 1712 1594 ad-

920 1612 1060 1640 mittamus
1084 1612 1110 1640 id
1123 1612 1195 1647 quod
1223 1611 1364 1647 Scriptura
1393 1616 1520 1646 testatur,
1542 1613 1614 1648 quod
1629 1613 1712 1640 nimi-

919 1666 979 1687 rum
997 1659 1084 1687 factus
1098 1660 1134 1686 sit
1147 1667 1221 1687 caro.
1239 1658 1306 1686 Cum
1324 1666 1386 1687 vero
1404 1659 1457 1687 hoc
1485 1659 1601 1687 firmiter
1619 1664 1714 1687 tenea-

920 1713 980 1733 mus
1010 1709 1037 1732 et
1063 1704 1196 1733 dubitatio
1228 1705 1281 1732 hac
1305 1705 1331 1732 in
1358 1711 1389 1732 re
1412 1713 1473 1733 cum
1511 1705 1651 1740 impietate
1677 1707 1715 1734 sit

920 1751 1082 1786 conjuncta,
1108 1751 1306 1780 incarnationis
1323 1751 1484 1787 mysterium
1508 1757 1639 1786 quantum
1655 1753 1715 1781 fieri

921 1802 1009 1833 potest
1024 1798 1233 1833 perpendamus.
1247 1798 1380 1833 Apparuit
1400 1798 1492 1831 itaque
1508 1798 1587 1826 nobis
1597 1798 1715 1827 Verbum

921 1851 954 1871 ex
971 1844 1027 1871 Deo
1047 1844 1074 1871 in
1102 1844 1190 1870 forma
1206 1849 1305 1871 nostra:
1334 1844 1427 1876 simili,
1462 1844 1612 1872 innumeris
1629 1846 1717 1873 modis

923 1891 1067 1920 humanam
1093 1895 1220 1917 naturam
1251 1889 1363 1923 iuvans,
1386 1890 1541 1924 optimeque
1567 1891 1644 1918 nobis
1669 1892 1718 1919 de-

922 1941 1077 1962 monstrans
1097 1935 1168 1962 viam
1186 1942 1246 1969 qua:
1273 1935 1306 1962 ad
1330 1935 1433 1969 optima
1462 1943 1576 1970 qumque
1596 1937 1716 1969 dedptﬁt.

922 1981 1039 2009 Necesse
1058 1981 1151 2016 itaque
1177 1985 1235 2008 erat
1267 1986 1296 2008 ut
1320 1981 1486 2013 diceremus,
1516 1989 1577 2009 cum
1602 1984 1717 2010 tentatlo

923 2027 1028 2054 invadit
1053 2034 1101 2054 eos
1129 2027 1175 2061 qui
1202 2026 1236 2054 ob
1259 2027 1432 2054 dilectionem
1450 2027 1497 2054 Dei
1517 2027 1717 2063 periclitantur,

923 2073 1018 2109 quales
1035 2076 1161 2108 oporteat
1177 2080 1238 2100 esse
1249 2079 1297 2100 eos
1312 2073 1356 2107 qui
1378 2073 1540 2100 laudabilem
1556 2078 1637 2108 atque
1658 2074 1717 2100 exi-

925 2119 1006 2146 miam
1022 2119 1106 2146 vitam
1121 2119 1265 2146 instituere
1281 2119 1367 2146 velint
1387 2127 1394 2146 :
1421 2124 1511 2146 utrum
1526 2120 1558 2146 ad
1582 2120 1717 2155 ignaviam

925 2172 1034 2200 pronos,
1053 2169 1080 2192 et
1101 2165 1204 2192 deliciis
1224 2165 1346 2197 deditos,
1364 2165 1549 2200 hilaritatique
1577 2171 1605 2193 et
1621 2166 1719 2201 gaudio

925 2211 1045 2238 animum
1059 2213 1181 2239 laxantes
1196 2221 1203 2239 :
1219 2219 1251 2239 an
1269 2211 1358 2247 potius
1375 2219 1427 2238 una
1448 2212 1573 2246 precibus
1586 2212 1718 2245 intentos,

889 2263 953 2295 Det
977 2258 1159 2294 lacrymantes
1173 2266 1265 2286 coram
1298 2258 1441 2286 Salvatore
1474 2258 1559 2291 cerni,
1581 2264 1609 2286 et
1635 2259 1720 2293 ipsius

925 2305 1055 2333 auxilium
1083 2305 1162 2332 avide
1193 2308 1362 2340 appetentes,
1393 2304 1510 2340 fortique
1539 2305 1630 2333 animo
1652 2314 1720 2340 pra:-

926 2350 997 2378 ditos
1021 2357 1093 2383 esse,
1122 2351 1144 2377 si
1163 2351 1244 2378 etiam
1269 2358 1317 2379 nos
1334 2352 1390 2386 pati
1409 2351 1535 2378 voluerit.
1561 2350 1720 2379 Consultum

927 2401 1056 2431 prmterea
1083 2403 1143 2424 erat
1162 2398 1232 2426 scire
1261 2398 1322 2433 quis
1350 2398 1386 2426 sit
1407 2396 1568 2425 obedientiaa
1593 2397 1665 2430 finis,
1695 2402 1721 2425 et

927 2442 1015 2477 qualis
1034 2449 1190 2478 quantaque
1203 2443 1352 2471 tolerantia:
1381 2450 1486 2471 merces
1507 2442 1543 2470 sit
1570 2443 1720 2478 proposita.

930 2488 1032 2516 Horum
1063 2490 1157 2524 itaque
1189 2490 1310 2517 omnium
1341 2490 1425 2525 ﬁgura
1454 2493 1537 2524 atque
1569 2488 1722 2524 exemplum

931 2534 1008 2562 nobis
1035 2535 1122 2563 factus
1157 2540 1199 2563 est
1225 2535 1360 2568 Christus,
1389 2535 1462 2569 quod
1485 2540 1512 2562 et
1539 2534 1646 2561 divinus
1679 2533 1721 2561 ille

931 2580 1026 2608 Petrus
1042 2581 1184 2608 confirmat
1197 2582 1289 2610 dicens
1306 2591 1312 2608 :
1332 2591 1341 2608 ι
1359 2581 1425 2614 Quae
1443 2581 1516 2609 enim
1539 2585 1579 2608 est
1606 2580 1675 2614 laus,
1700 2580 1722 2607 si

930 2631 1074 2661 peccantes
1107 2631 1135 2654 et
1160 2627 1323 2662 colaphizati
1351 2625 1500 2656 sull'crtisl’
1524 2626 1576 2654 Sed
1602 2627 1626 2654 si
1655 2626 1724 2654 bene

931 2671 1061 2700 facientes
1076 2673 1209 2708 patienter
1238 2674 1389 2706 sustinetis,
1402 2674 1460 2701 haec
1479 2677 1520 2700 est
1542 2672 1628 2708 gratia
1654 2672 1724 2707 apud

932 2718 1014 2745 Deum
1033 2728 1038 2745 :
1054 2719 1115 2753 quia
1130 2719 1290 2747 etChristus
1305 2727 1402 2754 passus
1411 2723 1453 2746 est
1466 2727 1514 2754 pro
1536 2718 1623 2750 vobis,
1640 2718 1723 2744 relin-

930 2770 1018 2797 quens
1029 2764 1105 2792 vobis
1116 2765 1268 2800 exemplum
1278 2770 1307 2792 ut
1318 2765 1467 2801 sequamini
1478 2763 1589 2800 vestigia
1595 2763 1654 2799 ejus
1661 2763 1694 2791 ⁸⁷.
1713 2773 1723 2790 ι

1494 2865 1597 2894 “Psai.
1611 2873 1668 2898 rxt,
1689 2864 1725 2899 ις

1477 2939 1547 2977 ‘42
