1907 3038
75 171 92 197 1
99 173 152 199 337

644 177 738 212 QUOD
758 178 851 206 UNL’S
872 177 925 205 SIT
944 178 1128 209 CHRISTUS.

1640 186 1707 214 i338

73 230 111 256 τὸ
125 231 211 266 ὀνομά
224 240 269 258 σου
280 233 335 265 τοῖς
349 233 471 268 ἀδελφοῖς
488 242 548 270 μου.
564 235 619 262 Καὶ
630 237 725 264 πάλινο
742 237 806 264 Ίδοῦ
820 236 874 272 ἐγὼ

928 243 1002 265 ίιιιιιη
1022 239 1152 267 fratribus
1173 240 1249 268 meis.
1263 239 1296 268 Et
1317 240 1414 268 iterum
1431 241 1520 269 :Ecce
1534 249 1582 276 ego
1593 248 1617 270 et
1633 245 1706 278 pueri

74 277 129 303 καὶ
151 277 185 303 τὰ
205 278 310 311 παιδία,
329 279 347 305 ἆ
365 288 410 314 μοι
428 280 528 307 ἔδωκεν
550 281 564 307 6
581 281 656 312 Θεός.
666 282 742 309 Ἐπεὶ
765 280 812 309 οὖν
838 283 871 309 τὰ

75 322 176 349 παιδία
192 323 389 358 κεκοινώνηκεν
400 325 513 360 αἳματος
529 327 575 353 καὶ
594 327 704 362 σαρκὺς,
724 328 772 354 καὶ
791 329 870 360 αὐτὸς

76 369 280 404 παραπλησίως
294 371 406 406 μετέσχε
417 371 470 398 τῶν
482 372 581 404 αὐτῶν,
591 372 634 398 ἵνα
644 372 687 398 διὰ
698 373 743 399 τοῦ
755 373 870 399 θανάτου

75 416 245 452 καταργήσῃ
265 416 311 442 τὸν
324 416 354 443 τὸ
367 417 466 451 κράτος
481 417 576 452 ἔχοντα
590 418 637 444 τοῦ
654 418 781 450 θανάτου,
793 426 868 444 τουτ-

75 460 151 492 έστι,
165 461 209 487 τὸν
224 461 356 494 διάϐολον,
370 463 418 489 καὶ.
433 464 576 500 ἀπαλλάξῃ
591 464 714 497 τούτους,
729 465 785 492 ὅσοι
797 464 871 500 φόϐῳ

76 507 199 534 Θανάτου
218 508 262 534 διὰ
280 509 378 540 παντὸς
400 509 446 536 τοῦ
466 509 518 545 ζῇν
540 510 627 545 ἔνοχοι
645 509 715 546 ἦσαν
738 510 869 542 δουλείας.

76 553 119 579 Οὐ
139 553 192 589 γὰρ
209 554 295 589 δήπου
314 555 438 589 ἀγγέλων
457 556 683 592 ἐπιλαμϐάνεται,
702 556 770 583 ἀλλὰ
789 556 871 592 σπέρ-

79 607 169 633 ματος
186 600 310 635 Ἀὗραάμ
335 600 656 636 ὲπιλαμὸάνεται.”06εν
680 601 780 637 ὤφειλε
802 602 871 628 κατὰ

79 645 174 671 πάντα
194 647 250 677 τοῖς
270 646 394 681 ἀδελφοῖς
416 647 593 682 ὁμοιωθῆναι.
609 657 618 673 ι
638 647 704 674 Ἰδοὺ
728 647 791 683 γὰρ,
805 647 870 680 ἰδοὺ,

77 691 130 717 καὶ
143 691 215 726 μάλα
234 692 336 726 σαφῶς,
350 693 520 728 ἡλαττῶσθαι
537 693 623 727 λέγων
635 693 716 720 αὐτὸν
727 693 802 728 παρὰ
811 694 872 725 τοὺς

77 736 216 770 ἀγγέλους
237 737 280 764 διὰ
299 738 330 764 τὸ
350 738 466 774 πάθημα
484 739 530 765 τοῦ
550 738 676 771 θανάτου,
690 738 872 772 κατεστέφθαι

77 791 113 816 γε
132 783 184 818 μὴν
196 784 229 810 δι’
243 784 309 811 αὐτὸ
323 786 390 820 τιμῇ
401 793 429 812 τε
443 785 489 811 καὶ
500 785 573 822 δόξῃ,
588 785 749 820 καθίστησιν
764 785 872 820 ἐμφανῆ

77 828 128 854 τὸν
152 830 194 862 ἐφ’
210 826 232 863 ᾦ
256 831 372 857 ποιεῖται
400 831 463 862 τοὺς
485 831 590 865 λόγους,
606 831 686 866 δῆλον
710 830 739 857 δὲ
762 831 802 858 ὅτι
827 830 873 857 τὸν

76 874 232 911 Μονογενῆ.
249 876 453 911 Μετεσχηκέναι
477 877 531 912 γάρ
558 886 639 912 φησιν
664 877 745 903 αὑτὸν
759 876 873 911 αἳματος

76 921 129 947 καὶ
161 922 262 957 σαρκὸς
287 922 484 958 παραπλησίως
507 925 582 959 ἡμῖν,
607 924 654 950 καὶ
675 923 724 950 οὐκ
750 922 873 957 ἀγγέλων

76 967 258 994 ἐπιλαϐέσθαι
289 968 408 1004 μᾶλλον,
438 969 507 996 ἀλλὰ
544 969 701 1005 σπέρματος
736 969 872 1006 Ἀδραάμ.

78 1013 206 1048 Ἐπρεπε
231 1013 284 1050 γὰρ
309 1014 348 1050 τῷ
372 1014 431 1050 Θεῷ
450 1015 496 1042 καὶ
514 1015 613 1051 Ila-:91,
627 1015 661 1041 δι’
674 1015 703 1041 ὃν
721 1016 756 1042 τὰ
771 1015 872 1048 πάντα,

75 1059 127 1084 καὶ
144 1059 178 1085 δι’
192 1056 222 1086 οὗ
239 1060 273 1086 τὰ
287 1061 385 1092 πάντα,
404 1061 570 1096 καθιγμένον
586 1062 625 1093 εἰς
642 1062 757 1088 κένωσιν
771 1051 818 1088 κοίὶ
832 1061 875 1087 Evn

75 1105 300 1142 ανθρωπήσαντα
315 1106 360 1133 τὸν
374 1107 448 1139 Υξδν,
462 1106 500 1138 ὡς
514 1107 564 1143 τὴν
577 1107 624 1133 τοῦ
639 1107 734 1134 δούλου
757 1107 874 1134 λαθόντα

76 1152 199 1188 μορφὴν,
227 1152 369 1180 τελειῶσαι
394 1153 438 1179 διὰ
462 1153 642 1188 παθημάτων,
667 1153 717 1188 τῆς
745 1153 874 1180 ἁπάντων

75 1197 153 1233 ζωῆς
167 1198 326 1234 ἀντίλυτρον
341 1199 391 1234 τὴν
410 1199 478 1226 ἰδίαν
489 1199 562 1234 αὑτῷ
579 1198 760 1234 καθιεροῦντα
774 1199 873 1234 σάρκα.

75 1244 196 1271 Τέθυται
207 1245 260 1281 γὰρ
271 1245 342 1280 ὑπὲρ
351 1245 431 1280 ἡμῶν
442 1246 456 1271 6
465 1245 592 1281 Χριστὸς,
602 1245 632 1271 τὸ
642 1245 757 1280 ἄμωμον
767 1245 873 1281 ἱερεῖον,

75 1292 127 1318 καὶ
145 1293 195 1328 μιᾷ
211 1293 355 1328 προσφορᾷ
380 1292 556 1319 τετελείωκεν
572 1292 612 1324 εἰς
627 1292 657 1318 τὸ
673 1292 796 1328 διηνεκὲς
812 1293 875 1324 τοὺς

77 1337 297 1373 ἁγιαζομένους,
325 1338 492 1373 ἀναμορφῶν
517 1339 557 1370 εἰς
584 1337 614 1364 τὸ
649 1337 678 1364 ὲν
702 1338 801 1373 ἀρχαῖς
824 1338 875 1374 τὴν

77 1384 223 1420 ἀνθρώπου
240 1384 330 1420 φύσιν.
345 1393 354 1410 ‹
369 1385 461 1411 Πάντα
475 1383 529 1420 γὰρ
547 1385 576 1411 ὲν
595 1383 669 1419 αὐτῷ
681 1384 774 1411 καινά.
798 1384 875 1410 »Ὅτι

76 1431 133 1466 γὰρ
154 1432 167 1457 6
184 1431 249 1462 Θεὸς
270 1431 318 1457 καὶ
335 1431 430 1466 Πατὴρ
442 1430 557 1457 δέδωκεν
575 1430 644 1467 ὑπὲρ
658 1431 737 1466 ἡμῶν
749 1431 795 1457 τὸν
810 1431 876 1457 ῐδιον

76 1477 155 1509 Υἱὸν,
168 1477 244 1504 οὐδὲν
257 1475 337 1514 ἦττον
351 1478 425 1512 ἡμᾶς
438 1476 604 1504 πιστώσεται
620 1477 734 1512 γράφων
749 1478 763 1504 6
777 1476 876 1504 πάνσο-

77 1533 128 1557 qn;
150 1523 257 1555 Παῦλος
277 1524 341 1559 περὶ
361 1523 454 1550 αὑτοῦ·
473 1524 539 1555 (¹¹ος
552 1532 583 1558 γε
598 1523 643 1550 τοῦ
664 1523 730 1550 ἰδίου
745 1522 811 1550 Υἱοῦ
825 1523 875 1549 οὐκ

920 285 985 317 mei,
997 293 1064 318 quos
1072 285 1146 313 dedit
1155 286 1221 313 mihi
1234 286 1313 313 Dens.
1322 286 1389 320 Quia
1397 294 1462 321 ergo
1474 288 1548 322 pueri
1560 290 1709 317 communi-

921 336 1048 357 caverunt
1059 331 1132 358 carui
1144 335 1171 358 et
1180 331 1315 367 sanguini,
1324 337 1351 358 et
1361 332 1418 366 ipse
1429 332 1554 359 similiter
1563 334 1708 368 participa-

922 375 958 402 rit
966 375 1079 408 eisdem,
1090 382 1118 402 ut
1129 384 1177 411 per
1187 383 1300 404 mortem
1309 377 1461 404 destrueret
1469 385 1528 404 eum
1540 379 1584 412 qui
1595 378 1710 406 habebat

921 421 1017 448 mortis
1031 421 1184 456 imperium,
1202 422 1227 450 id
1240 427 1291 455 est,
1313 423 1457 455 diabolum,
1473 428 1501 450 et
1521 423 1648 450 liberaret
1662 431 1710 451 eos

921 466 966 500 qui
982 466 1078 494 timore
1100 469 1197 495 mortis
1222 476 1269 502 per
1287 473 1370 496 totam
1397 469 1479 496 vitam
1503 460 1610 496 obnoxii
1633 475 1712 498 erant

920 511 1054 540 servituti.
1078 511 1217 540 Nusauam
1240 514 1312 541 enim
1329 514 1438 548 angelos
1458 515 1645 549 apprehendit,
1664 516 1709 542 sed

922 564 1012 584 semen
1029 557 1144 586 Abrahae
1159 559 1344 594 apprehendit.
1362 560 1439 588 Unde
1454 561 1545 588 debuit
1560 569 1606 594 per
1618 561 1710 588 omnia

923 602 1052 631 fratribus
1063 605 1206 632 assimilari
1221 605 1252 632 ¹¹.
1271 615 1280 632 ι
1297 605 1366 633 Ecce
1382 607 1466 639 enim,
1479 614 1553 638 ecce,
1564 611 1590 634 et
1603 607 1710 641 quidem

924 649 1105 682 apertissime,
1123 657 1184 677 cum
1201 650 1276 677 illum
1294 651 1367 678 dicat
1382 651 1551 678 imminutum
1565 651 1598 678 ab
1609 652 1711 686 angelis

923 699 1033 728 propter
1054 694 1207 728 passionem
1226 696 1330 728 mortis.
1353 700 1433 729 atque
1445 696 1480 723 ob
1503 696 1529 722 id
1552 700 1711 723 coronatum

923 747 983 767 esse
998 740 1084 773 gloria
1106 746 1133 768 et
1155 741 1269 774 honore,
1290 741 1433 769 manifeste
1450 742 1522 768 illum
1547 741 1664 768 ostendit
1680 742 1712 768 de

923 793 977 820 quo
991 787 1073 813 verba
1097 786 1171 820 facit,
1194 788 1321 814 nimirum
1344 787 1529 823 Unigenitum.
1551 787 1712 822 Participem

923 833 995 859 enim
1009 832 1108 860 factum
1125 840 1184 860 esse
1198 833 1236 860 ait
1251 834 1341 860 carnis
1356 838 1383 860 et
1399 833 1539 867 sanguinis
1553 833 1663 867 perinde
1680 840 1713 859 ac

924 886 989 911 nos;
1021 883 1048 905 et
1081 887 1134 906 non
1162 879 1273 914 angelos
1300 880 1518 914 apprehendisse,
1543 879 1589 906 sed
1619 887 1712 906 semen

925 924 1048 951 Abrahae.
1070 924 1188 952 Decebat
1214 925 1286 952 enim
1307 925 1390 952 Deum
1408 932 1441 952 ac
1467 925 1585 957 Patrem,
1603 930 1713 959 propter

925 977 1003 1006 quem
1024 971 1125 1003 omnia,
1150 976 1176 998 et
1200 979 1247 1005 per
1272 978 1352 1006 quem
1373 971 1475 1004 omnia,
1497 971 1593 998 Filium
1623 979 1712 1003 suum,

926 1016 1007 1052 764
1024 1016 1069 1050 qui
1091 1016 1302 1042 exinanitionem
1321 1015 1451 1046 subierat,
1465 1019 1545 1049 atque
1559 1015 1714 1041 incarnatus

924 1066 992 1092 erat.
1008 1061 1091 1088 forma
1107 1060 1178 1087 servi
1192 1066 1313 1094 accepta,
1332 1066 1522 1086 consummare
1543 1066 1590 1094 per
1609 1058 1714 1094 passio-

925 1116 984 1140 nes,
1006 1111 1209 1135 consecrantem
1236 1111 1316 1141 atque
1343 1105 1502 1133 oiIerentem
1530 1112 1605 1132 suam
1630 1104 1715 1138 ipsius

925 1161 1034 1181 carnem
1050 1153 1076 1180 in
1091 1153 1204 1187 pretium
1220 1151 1411 1186 redemptionis
1428 1151 1489 1177 vitze
1510 1150 1641 1177 omnium.
1659 1148 1715 1175 lm-

925 1201 1040 1228 molatus
1054 1200 1125 1226 enim
1150 1201 1192 1225 est
1214 1205 1261 1232 pro
1287 1197 1365 1224 nobis
1388 1196 1513 1224 Christus
1540 1195 1714 1222 immaculata

926 1246 1025 1279 hostia,
1040 1251 1121 1280 atque
1136 1245 1214 1272 unica
1225 1244 1364 1271 oblatione
1378 1243 1575 1270 consummavit
1591 1241 1616 1267 in
1635 1245 1715 1267 aeter-

926 1300 990 1320 num
1007 1291 1202 1324 sanetillcatos,
1218 1291 1365 1327 humanam
1383 1293 1507 1316 naturam
1530 1288 1556 1314 in
1574 1287 1716 1322 pristinum

926 1343 1028 1366 statum
1040 1337 1319 1366 reformans.c0mnia
1330 1335 1401 1363 enim
1413 1335 1439 1362 in
1453 1335 1510 1369 ipso
1517 1338 1657 1361 suntnova
1666 1333 1714 1359 ¹¹.»

927 1387 1002 1421 Quod
1024 1387 1095 1414 enim
1118 1386 1188 1413 Dens
1211 1392 1242 1411 ac
1265 1383 1347 1410 Pater
1363 1382 1466 1410 dederit
1490 1388 1539 1416 pro
1559 1380 1637 1407 nobis
1654 1386 1718 1414 pro-

927 1434 1013 1469 prium
1026 1440 1103 1459 suum
1119 1430 1229 1463 Filium,
1252 1429 1336 1456 nihilo
1348 1429 1438 1456 secius
1450 1426 1593 1455 contlrmat
1609 1424 1717 1458 sapien-

928 1479 1050 1507 tissimus
1074 1478 1184 1509 Paulus,
1203 1476 1238 1503 ita
1258 1475 1291 1502 de
1315 1475 1373 1510 ipso
1393 1474 1514 1502 scribens
1535 1481 1542 1499 :
1565 1480 1574 1497 ι
1588 1470 1639 1504 Qui
1657 1477 1718 1504 pro-

928 1525 987 1558 prio
1005 1525 1072 1552 Filio
1092 1531 1142 1551 suo
1157 1531 1210 1550 non
1227 1521 1358 1557 pepercit,
1375 1520 1420 1547 sed
1437 1526 1485 1554 pro
1501 1517 1577 1545 nobis
1593 1517 1719 1544 omnibus

77 1568 218 1602 ἐφείσατο,
236 1568 293 1595 ἀλλ’
307 1569 376 1605 ὑπὲρ
392 1569 471 1604 ὴμῶν
494 1569 623 1595 ἁπάντων
643 1569 800 1604 παρέδωκεν
822 1569 870 1595 αὺο

928 1571 1038 1599 tradidit
1052 1570 1138 1601 illum,
1155 1568 1291 1602 quomodo
1306 1574 1358 1594 non
1377 1566 1460 1593 etiam
1475 1572 1536 1591 cum
1553 1563 1611 1597 ipso
1626 1561 1719 1588 omnia

77 1616 142 1646 τον,
156 1615 214 1646 πῶς
227 1615 287 1651 οὺχὶ
310 1616 356 1642 καὶ
372 1616 419 1642 σὺν
434 1615 509 1651 αὐτῷ
523 1615 558 1642 τὰ
573 1615 661 1642 πάντα
677 1616 744 1650 ἡμῖν
763 1615 874 1651 χαρίσε-

77 1670 141 1694 ται;
158 1671 167 1687 ι
183 1661 263 1688 Ἴδιον
286 1661 314 1688 δέ
340 1670 429 1697 φαμεν
447 1661 511 1688 Υἱὸν
532 1662 579 1687 τοῦ
605 1661 682 1693 Θεοῦ,
699 1661 743 1688 τὸν
770 1663 802 1689 ὲκ
825 1663 874 1696 τῆς

77 1707 175 1747 oga-ia;
186 1707 266 1734 αὑτοῦ
283 1707 422 1742 πεφηνότα
435 1707 521 1741 Λόγον
531 1715 537 1722 ·
554 1707 676 1733 δεδόσθαι
691 1716 722 1742 γε

78 1754 170 1789 ἡμῶν,
188 1754 217 1780 οὺ
233 1753 336 1788 γυμνὸν
359 1753 399 1780 ἔτι
423 1754 470 1780 καὶ
491 1754 621 1788 ἄσαρκον,
640 1754 698 1780 ἀλλ’
710 1754 754 1781 ὅτε
780 1753 874 1788 γέγονε

80 1800 168 1835 σάρξ·
192 1800 239 1825 καὶ
258 1800 287 1826 τὺ
306 1799 434 1833 λέγεσθαι
451 1800 556 1832 παθεῖν,
574 1799 726 1836 ἀμώμητον
741 1798 774 1836 ἦν
790 1800 874 1835 αὐτῷ.

79 1846 204 1873 Πέπονθε
224 1845 288 1881 γὰρ,
302 1847 332 1872 οὺ
349 1846 430 1881 φύσει
449 1846 586 1881 θεότητος,
603 1846 660 1873 ἀλλ’
676 1847 729 1882 ἰδίᾳ
745 1847 836 1881 σαρκί.
847 1846 876 1873 ’0

79 1892 136 1928 γὰρ
159 1892 224 1924 Θεὸς
239 1893 285 1918 καὶ
302 1892 407 1927 Πατὴρ,
422 1891 549 1927 καθάπερ
567 1891 636 1926 ἔφην
651 1891 763 1926 ἀρτίως,
779 1891 824 1917 τὸν
839 1891 875 1926 μὴ

78 1937 182 1972 γνόντα
208 1937 353 1973 ἁμαρτίαν,
371 1937 441 1972 ὑπὲρ
466 1936 545 1972 ἡμῶν
572 1937 710 1971 ἁμαρτίαν
734 1937 875 1972 ἐποίησεν,

80 1984 127 2011 ἴνα
142 1985 220 2019 ἡμεῖς
238 1983 381 2019 γενώμεθα
398 1983 554 2019 δικαιοσύνη
569 1982 637 2009 Θεοῦ
655 1983 703 2010 σὺν
720 1981 876 2019 αὑτῴ.⁷Αρ¹

80 2028 129 2057 οὖν
153 2030 288 2066 ἁμαρτίαν
302 2030 382 2057 αὑτὸν
397 2030 524 2064 γενέσθαι
541 2028 655 2064 νοοῦμεν
668 2038 674 2061 ;
688 2029 704 2065 ἢ
718 2030 758 2056 ὅτι
777 2029 877 2064 μᾶλλον

122 1742 243 1749 ψ

81 2076 212 2112 ὡμοιώθη
235 2078 290 2109 τοῖς
314 2077 365 2103 ὑπὸ
382 2077 527 2113 ἁμαρτίαν,
545 2076 674 2112 ταύτῃτοι
693 2075 741 2102 καὶ
755 2076 877 2112 ἁμαρτία.

78 2125 192 2159 λέγεται
203 2133 210 2157 ;

119 2171 150 2199 Β.
166 2171 268 2207 Ὀρθῶς
288 2171 364 2207 ἔφης.

119 2219 152 2244 Α.
161 2218 266 2253 Ὥσπερ
277 2215 323 2244 οὖν
337 2218 381 2244 τὸν
396 2217 433 2253 μὴ
446 2217 543 2252 γνόντα
558 2217 705 2253 ἁμαρτίαν,
719 2216 788 2252 ὑπὲρ
800 2217 877 2253 ἡμῶν

925 1617 1004 1644 nobis
1018 1615 1146 1650 largietur
1157 1613 1191 1640 “1'
1206 1623 1215 1639 ι
1231 1611 1373 1646 Proprium
1387 1615 1475 1637 autem
1490 1608 1606 1635 dicimus
1620 1606 1718 1634 Filium

927 1663 984 1694 Dei,
1007 1661 1125 1688 Verbum
1149 1667 1181 1686 ex
1208 1658 1294 1694 ipsius
1318 1656 1435 1684 essentia
1462 1655 1581 1690 genitum
1605 1654 1718 1680 :datum

926 1715 990 1735 vero
1004 1714 1062 1734 esse
1075 1714 1122 1741 pro
1134 1705 1222 1736 nobis,
1238 1712 1290 1731 non
1302 1703 1402 1730 nudum
1417 1706 1444 1728 et
1457 1700 1546 1727 carnis
1559 1703 1697 1733 expertem
1709 1718 1718 1731 ,
1758 1724 1762 1731 ,

927 1753 973 1781 sed
988 1753 1096 1788 quando
1121 1743 1208 1778 factus
1222 1754 1264 1777 est
1279 1756 1352 1776 caro.
1368 1747 1401 1775 Et
1416 1746 1487 1782 quod
1502 1745 1603 1773 dicitur
1623 1751 1720 1778 passus

926 1807 997 1833 esse,
1013 1798 1080 1826 nihil
1097 1796 1250 1825 detrimenti
1274 1795 1323 1829 ipsi
1350 1793 1438 1820 atl'ert.
1461 1792 1560 1819 Passus
1581 1790 1652 1817 enim
1679 1793 1720 1816 est

927 1853 980 1873 non
1008 1848 1103 1875 natura
1128 1842 1287 1874 divinitatis,
1314 1840 1362 1873 sed
1388 1838 1496 1873 propria
1524 1843 1616 1864 carne.
1648 1835 1719 1861 Deus

927 1891 999 1918 enim
1014 1897 1047 1916 ac
1064 1888 1154 1919 Pater,
1169 1887 1239 1915 sicut
1257 1885 1337 1912 modo
1349 1885 1416 1918 dixi,
1432 1891 1493 1910 eum
1510 1883 1555 1918 qui
1578 1889 1630 1908 non
1644 1881 1720 1908 novit

927 1941 1080 1972 peccatum,
1092 1941 1141 1969 pro
1153 1933 1230 1960 nobis
1243 1936 1381 1967 peccatum
1398 1930 1473 1962 fecit,
1485 1933 1514 1956 ut
1531 1935 1579 1956 nos
1593 1927 1721 1954 iiercmus

925 1982 1030 2018 justitia
1045 1980 1092 2007 Dei
1107 1987 1167 2006 cum
1180 1979 1237 2012 ipso
1252 1977 1283 2004 υ.
1296 1975 1391 2002 Nonne
1403 1982 1466 2001 vero
1480 1974 1560 2001 etiam
1577 1975 1718 2006 peccatum

928 2017 1028 2056 i'actum
1046 2033 1107 2054 esse
1119 2026 1207 2060 ipsum
1225 2022 1360 2050 dicimus?
1380 2025 1428 2048 aut
1441 2019 1502 2055 quia
1520 2019 1609 2054 potius
1622 2017 1720 2045 similis

928 2074 1015 2102 factus
1039 2077 1081 2100 est
1110 2071 1143 2098 iis
1166 2069 1212 2105 qui
1234 2067 1345 2096 obnoxii
1370 2071 1448 2095 erant
1472 2069 1593 2101 peccato,
1618 2063 1720 2091 idcirco

928 2120 1010 2149 etiam
1024 2123 1165 2153 peccatum
1186 2115 1283 2144 dicitur
1295 2113 1307 2141 ?

962 2165 994 2192 B.
1017 2165 1100 2192 [lecte
1114 2163 1165 2192 ais.

963 2213 998 2241 Δ.
1018 2209 1248 2245 Quemadmodum
1266 2206 1349 2243 igitur
1364 2212 1425 2233 eum
1437 2204 1481 2240 qui
1498 2212 1551 2232 non
1569 2203 1644 2231 norit
1656 2210 1720 2238 pee-

82 2264 222 2300 ἀμαρτίαν
239 2264 377 2300 ἐποίησεν,
394 2264 437 2290 ἵνα
454 2264 533 2299 ἡμεῖς
555 2263 700 2299 γενώμεθα
718 2263 873 2299 δικαιοσύνη

928 2263 1016 2286 catum
1035 2264 1084 2292 pro
1108 2255 1185 2283 nobis
1210 2257 1350 2288 peccatum
1372 2251 1446 2284 fecit,
1468 2254 1497 2277 ut
1522 2256 1570 2276 nos
1592 2249 1718 2275 heremus

82 2310 152 2337 θεοῦ
180 2311 207 2336 ἐν
231 2310 305 2345 αύτῷ
330 2310 509 2345 (δεδικαίωται
530 2310 584 2346 γὰρ
600 2311 617 2345 ἡ
632 2309 776 2345 ἀνθρώπου
794 2310 875 2344 φύσις

82 2359 112 2385 ὲν
126 2357 221 2393 αὑτῷ)·
239 2357 309 2384 οὕτω
323 2357 368 2383 τὸν
383 2357 432 2383 οὐκ
445 2357 534 2383 εἰδότα
546 2356 660 2383 θάνατον
673 2356 740 2392 (ζωὴ
752 2356 806 2391 γάρ
818 2357 876 2383 ἐστι

83 2405 132 2432 καὶ
147 2404 278 2437 ζωοποιὸς
294 2405 306 2430 6
322 2404 428 2438 Λόγος),
450 2404 531 2438 σαρκὶ
549 2403 645 2430 παθεῖν
659 2403 876 2439 παρεσκεύασεν,

83 2450 137 2483 ἔξω
166 2451 295 2486 μείναντα
317 2450 364 2476 τοῦ
391 2450 497 2481 παθεῖν,
521 2449 588 2476 καθὸ
614 2451 716 2476 νοεῖται
737 2449 813 2480 Θεὸς,
834 2449 876 2475 ἵνα

86 2497 166 2532 ἡμεῖς
189 2497 315 2532 ζήσωμεν
336 2496 369 2523 δι’
385 2496 467 2523 αὑτοῦ
488 2504 516 2522 τε
539 2497 585 2522 καὶ
606 2497 635 2522 ὲν
661 2495 744 2530 αὐτῷ.
763 2495 808 2521 Διὸ
829 2495 877 2521 καὶ

84 2541 212 2577 ὁμοίωμα
222 2541 338 2568 θανάτου
361 2542 390 2568 τὸ
403 2540 521 2576 Χριστοῦ
544 2541 629 2571 πάθος
646 2540 810 2575 ὠνόμασται.
828 2539 877 2565 Γέ-

84 2597 207 2624 γραπται
220 2585 275 2614 οὗν·
290 2587 335 2613 ιΕἱ
349 2586 404 2622 γὰρ
421 2586 555 2621 σύμφυτοι
566 2586 716 2621 γεγόναμεν
730 2584 875 2620 τῴὀμοιώ-

61 2626 66 2636 ⁸
85 2643 150 2670 ματι
172 2634 218 2660 τοῦ
251 2633 365 2660 θανάτου
379 2632 471 2664 αὑτοῦ,
486 2633 553 2659 ἀλλὰ
570 2633 617 2659 καὶ
632 2632 680 2667 τῆς
702 2631 875 2663 ἀναστάσεως

85 2680 214 2715 ἐσόμεθα.
230 2690 238 2705 ι
250 2679 318 2713 ’Ἑζη
336 2679 389 2714 γὰρ
406 2678 420 2704 6
435 2679 520 2712 Λόγος
537 2678 584 2705 καὶ
598 2678 749 2713 γενομένης
761 2678 875 2704 θανάτου

85 2727 132 2761 τῆς
149 2725 228 2760 ἁγίας
244 2724 326 2751 αὑτοῦ
342 2724 452 2759 σαρκὸς,
469 2724 501 2750 ἵν’
515 2723 675 2759 ἡττηθέντος
689 2723 816 2755 θανάτου,
830 2722 878 2749 καὶ

86 2772 285 2807 πεπατημένης
298 2771 345 2806 τῆς
363 2770 474 2805 φθορᾶς,
487 2771 503 2804 ἡ
518 2770 567 2805 τῆς
578 2769 752 2801 ἀναστάσεως
765 2769 877 2803 δύναμις

86 2819 124 2849 εἰς
140 2816 213 2843 ἅπαν
229 2816 342 2851 ἔρχηται
357 2815 387 2842 τὸ
405 2813 574 2850 ἀνθρώπινον
595 2814 681 2848 γένος.
692 2813 802 2849 Ἀληθὲς
814 2813 876 2849 γὰρ,

121 2909 141 2924 ¹¹
166 2906 247 2934 Hebr.
267 2915 296 2938 ιι,
318 2905 394 2934 θ-Π.
435 2905 455 2920 ¹¹
477 2904 495 2931 ll
517 2904 578 2932 Cor.
594 2902 679 2935 v.17.

722 2903 742 2917 ”
764 2901 841 2929 Ihm
865 2908 921 2931 \‘llt.
941 2899 984 2926 5'2.

923 2303 1027 2341 justitia
1039 2302 1084 2330 Dei
1096 2301 1122 2328 in
1136 2301 1192 2336 ipso
1202 2298 1356 2335 (justilicata
1371 2296 1443 2324 enim
1455 2300 1496 2323 est
1511 2296 1628 2322 humana
1641 2298 1719 2320 natu-

927 2352 993 2379 rain
1011 2349 1079 2385 ipso)
1093 2358 1099 2376 :
1112 2349 1147 2375 ita
1162 2355 1222 2374 eum
1235 2345 1279 2380 qui
1294 2352 1346 2372 nou
1359 2343 1435 2370 novit
1446 2346 1559 2369 mortem
1571 2341 1634 2375 (vita
1645 2341 1716 2367 enim

927 2405 969 2427 est
981 2402 1009 2425 et
1021 2395 1159 2424 viviﬁcaris
1175 2391 1311 2426 Verbum)
1330 2397 1412 2417 carne
1430 2388 1484 2423 pati
1504 2387 1634 2423 permisit,
1655 2394 1716 2413 cum

927 2445 1042 2475 interea,
1059 2446 1192 2477 quatenus
1206 2444 1247 2466 est
1269 2439 1348 2469 Deus,
1369 2443 1383 2462 a
1398 2434 1524 2470 passiOne
1544 2433 1611 2459 liber
1626 2437 1716 2464 esset;

930 2495 959 2518 ut
977 2489 1110 2517 nimirum
1123 2494 1172 2513 nos
1188 2486 1310 2511 vivamus
1327 2490 1374 2517 per
1395 2482 1481 2516 ipsum
1497 2483 1524 2506 et
1548 2479 1573 2505 iu
1593 2479 1661 2512 ipso.
1677 2478 1718 2503 ld-

931 2537 1005 2563 circo
1019 2540 1045 2561 et
1060 2532 1208 2560 similitudo
1221 2530 1326 2561 mortis,
1341 2527 1442 2555 Christi
1455 2526 1544 2560 passio
1559 2529 1652 2550 vorata
1667 2527 1717 2549 est.

932 2582 1068 2616 Scriptum
1088 2579 1180 2612 itaque
1193 2581 1234 2603 est
1257 2585 1264 2602 :
1289 2585 1297 2600 ι
1314 2575 1341 2601 Si
1361 2574 1431 2601 enim
1458 2570 1631 2605 complantati
1655 2569 1717 2595 farti

926 2636 1020 2659 smnus
1036 2624 1205 2654 similitudini
1221 2622 1315 2649 mortis
1328 2622 1398 2654 ejus.
1412 2618 1490 2646 simul
1503 2623 1530 2645 et
1542 2616 1718 2643 resurrectio-

925 2676 968 2703 nis
983 2673 1086 2701 crimus
1099 2671 1131 2696 ³³.
1151 2678 1161 2695 ι
1180 2667 1294 2694 Vivebat
1310 2666 1382 2692 enim
1400 2664 1529 2694 Verbum,
1549 2669 1609 2688 cum
1625 2664 1718 2686 sancta

928 2720 1013 2756 ipsius
1033 2723 1096 2744 caro
1113 2718 1227 2741 mortem
1248 2711 1355 2742 obiret,
1378 2713 1417 2741 ut,
1447 2713 1570 2742 superata
1593 2711 1678 2732 morte
1692 2709 1717 2731 et

928 2751 1085 2802 proculcato
1103 2760 1224 2790 interitu,
1248 2754 1457 2784 resurrectionis
1477 2753 1517 2780 vis
1538 2760 1570 2780 ac
1593 2752 1678 2778 vinus
1692 2751 1717 2776 in

928 2797 1084 2840 universum
1100 2815 1186 2843 genus
1203 2805 1349 2833 humanum
1368 2800 1506 2828 transiret.
1529 2798 1628 2826 Verum
1645 2797 1717 2824 enim

1027 2898 1047 2914 ³⁸
1068 2897 1087 2925 ll
1107 2897 1168 2925 Cor.
1189 2902 1214 2928 ν,
1229 2893 1273 2921 ει.
1314 2892 1334 2908 ¹⁵
1348 2890 1425 2919 Rom.
1445 2897 1480 2920 vr,
1500 2887 1527 2915 5.
