1907 3038
75 151 168 180 1541

668 150 761 184 QUOD
782 149 871 178 UNUS
891 149 945 178 SIT
965 149 1148 177 CHRISTUS.

1670 151 1738 179 ΜΗ

76 209 173 246 ὑπὲρ
200 209 343 245 ἁμαρτιῶν
365 209 429 244 περὶ
443 208 521 244 ἡμῶν
544 207 674 240 ἀπέθανε,
695 209 800 239 δίκαιος
822 208 892 244 ὑπὲρ

953 213 1035 234 nauet
1061 213 1150 234 tamen
1172 207 1254 235 etiam
1281 207 1332 234 hoc
1360 211 1438 241 pacto
1461 213 1560 241 expers
1583 210 1737 240 passmuis,

75 255 213 289 ἀδίκων,
226 255 270 282 ἵνα
281 255 355 290 ἡμᾶς
367 254 531 290 προσαγάγῃ
541 254 610 289 Θεῷ,
623 254 788 286 θανατωθεὶς
799 255 892 290 σαρκὶ,

75 299 280 337 ζιιξοποιηθεὶς
298 300 328 327 δὲ
342 299 490 335 πνεύματι.
507 300 650 327 »Ἀνθότου
674 299 737 335 γὰρ,
756 300 822 335 φαίη
849 301 892 331 ἂν,

73 344 189 382 οἶμαι,
203 347 254 379 τὶς,
270 347 319 382 οὐχ
331 346 424 378 ἁπλῶς
438 347 454 382 ἢ
469 347 628 381 ἀδιορίστως
639 346 690 382 ἔφη
705 347 801 374 παθεῖν
812 346 894 374 αὐτὸν

74 392 98 417 ὁ
125 393 363 428 πνευματοςρόρος,
372 392 644 429 προσεπήνεγκε[δὲ],
653 392 689 426 τῇ
700 395 791 427 σαρκί
798 393 893 429 ;ᾚδει

76 438 165 473 γὰρ,
179 439 238 474 ᾔδει
265 438 330 474 περὶ
355 439 422 465 Θεοῦ
446 439 544 473 λέγων’
573 439 712 473 τοιγάρτοι
735 438 765 464 τὸ
788 437 893 469 ἀπαθὲς

78 485 321 521 προσνενέμηκεν
333 485 416 521 αὐτῷ,
426 486 493 512 καθὸ
503 486 602 512 νοεῖται
611 485 687 517 Θεὸς,
697 484 893 520 εὐτεχνέστατα

80 531 293 566 προσενεγκὼν
311 531 350 567 τῇ
371 532 471 566 σαρκὶ,
486 532 550 568 περὶ
565 532 599 567 ἦν
613 531 645 559 ἂν
662 532 766 566 γένοιτο
792 531 822 557 τὸ
837 539 892 558 πα-

81 574 168 604 θεῖν.

130 709 165 738 Β.
182 710 251 737 Ἀλλ’
263 711 381 738 ἐοικέναι
397 711 463 745 φασὶ
479 711 667 747 τερατολογίᾳ,
682 712 729 738 καὶ
743 712 891 739 ἀπονεῦσαι

81 755 158 783 λίαν
176 757 215 788 εις
228 756 258 783 τὺ
273 757 412 786 ἀπιθάνως
427 756 496 792 ἔχον,
510 757 540 783 τὸ
561 757 659 793 χρῆναι
672 757 772 791 λέγειν,
784 757 828 783 τὸν
841 757 891 783 αὺ-

82 802 142 828 τὸν
160 802 208 829 καὶ
227 803 322 829 παθεῖν
344 803 391 829 καὶ
413 802 451 838 μὴ
474 802 620 830 παθεῖν.“ΙΙ
637 804 690 838 γὰρ
707 804 776 836 ὅλως
793 804 822 830 οὺ
842 804 891 830 πέ-

85 849 196 876 πονθεν
203 849 241 881 ὡς
252 849 329 881 Θεὸς,
345 849 373 884 ἦ,
386 850 411 876 εἰ
423 849 586 877 πεπονθέναι
600 849 718 884 λέγεται,
732 850 790 882 πῶς
803 851 837 877 ἂν
848 852 889 887 εἴη

83 895 181 928 Θεόςς
209 896 314 922 Οὐκοῦν
328 896 343 922 ὀ
358 895 451 923 παθὼν
475 897 554 923 νοοῖτ*
571 896 603 923 ἂν
624 897 703 931 μόνος
726 897 740 923 ό
757 897 789 924 ἐκ
808 897 892 933 σπέρ-
907 888 927 914 Β

86 937 183 975 ματος
202 941 248 967 τοῦ
269 941 359 969 Δαϐίδ.

129 1034 164 1058 Α.
173 1031 269 1058 Καίτοι
279 1031 336 1063 πῶς
344 1032 394 1058 οὐκ
401 1032 534 1067 ἀδρανοῦς
543 1032 663 1065 διανοίας
672 1032 784 1068 ἔλεγχος
793 1034 836 1069 εἴη
846 1033 889 1066 ἂν,

86 1077 144 1103 καὶ
153 1076 226 1111 μάλα
234 1077 333 1111 σαφὴς,
340 1077 370 1103 τὸ
378 1078 457 1103 ταυτὶ
466 1077 498 1113 δὴ
508 1078 602 1113 φάναι,
613 1080 659 1105 καὶ
667 1080 720 1114 μὴν
731 1081 777 1105 καὶ
783 1080 890 1107 ἑλέσθαι

86 1125 221 1159 φρονεῖιη
235 1124 272 1150 Οὐ
284 1124 435 1159 γὰρ’κοινδν
447 1125 589 1160 ἄνθρωπον
604 1125 719 1153 δέδωκεν
732 1127 802 1162 ὑπερ
814 1127 891 1162 ἡμῶν

86 1171 104 1196 ὁ
121 1169 189 1201 Θεος
202 1170 248 1196 καὶ
262 1170 367 1206 Πατὴρ,
384 1171 421 1202 ὡς
439 1172 468 1197 ἐν
485 1172 597 1205 μεσίτου
611 1172 686 1204 τάξει
701 1173 892 1208 παρειλημμέ-

87 1224 151 1247 νον,
171 1217 218 1242 καὶ
237 1217 428 1244 κατάπλαστον
440 1217 536 1252 ἔχοντα
546 1219 596 1254 τὴν
607 1219 656 1254 τῆς
667 1220 790 1255 υξότητος
801 1220 889 1252 δόξαν,

88 1262 144 1288 καὶ
152 1264 263 1298 σχετικῇ
274 1263 403 1298 συναιρείᾳ
411 1272 507 1299 τετιμη
513 1264 602 1299 μένον,
609 1265 666 1291 ἀλλ’
677 1266 705 1292 ὲν
713 1266 777 1292 εἴδει
785 1266 824 1301 τῷ
830 1267 890 1293 καθ’

88 1308 181 1341 ἡμᾶς,
193 1307 227 1334 δι’
239 1309 311 1343 ἡμᾶς
327 1309 468 1343 γεγονότα,
482 1309 528 1337 τὸν
544 1310 614 1345 ὑπὲρ
625 1312 714 1338 πᾶσαν
727 1311 775 1347 τὴν
792 1312 890 1344 κτίσιν,

87 1353 141 1379 τὸν
158 1354 190 1380 ὲκ
206 1355 256 1388 τῆς
279 1354 373 1385 οὐσίας
394 1355 478 1382 αὑτοῦ
503 1356 640 1390 πεφηνότα
666 1357 761 1390 Λόγον,
777 1358 820 1384 ἵνα
845 1359 892 1385 καὶ

86 1398 184 1434 ὁρῷτο
206 1399 255 1434 τῆς
279 1400 408 1426 ἁπάντων
422 1400 495 1436 ζωῆς
507 1401 725 1434 ἀντάξιος.Ἔστι
745 1403 783 1435 δὲ,
801 1401 891 1438 οἶμαι,

89 1445 150 1471 τῶν
175 1445 236 1472 λίοιν
260 1446 470 1479 ὲκτοπωτάτων,
487 1448 587 1483 σαρκὸς
612 1448 683 1475 κατὰ
707 1448 755 1480 τὰς
780 1450 891 1485 Γραφὲς

89 1494 250 1528 γεγονότος,
269 1492 307 1527 ὡς
330 1492 409 1530 ἔφην,
426 1493 473 1519 τοῦ
499 1494 679 1528 Μονογενοῦς,
699 1496 748 1522 καὶ
767 1496 816 1522 οὐκ
840 1497 891 1522 ἁπι

89 1539 262 1573 αξιὼσαντος
279 1541 328 1576 τὴν
343 1538 511 1573 οικονομίαν,
528 1541 670 1576 μονονουχὶ
692 1541 738 1567 καὶ
761 1542 893 1576 ἐπιτιμᾷυ

91 1587 172 1622 αὐτῷ
186 1595 245 1617 πως
259 1588 290 1622 τῇ
309 1587 361 1622 ἰδίᾳ.
373 1587 436 1623 δόξῃ
456 1586 656 1623 μεμαχημένῳ,
675 1587 721 1613 καὶ
740 1588 821 1622 σαρκὶ
839 1597 891 1615 πα-

91 1634 152 1660 θεῖν
171 1635 246 1668 παρὰ
264 1634 294 1660 τὺ
317 1634 389 1666 εἰκὸς
406 1634 535 1669 ἑλομένῳ.
546 1635 615 1661 Ἀλλ’
630 1633 674 1671 ἦν,
693 1631 715 1662 ὦ
728 1636 844 1669 γενναῖε,
861 1636 891 1663 τὸ

92 1680 193 1714 χρῆμα
205 1681 337 1714 σωτήριον
355 1679 393 1714 τῷ
404 1679 499 1715 κόσμῳ
515 1679 605 1706 παντί.
615 1680 724 1715 Ἐπειδὴ
736 1680 763 1707 δὲ
775 1680 891 1716 ἠθέλησε

91 1725 138 1752 διὰ
165 1725 244 1751 τοῦτο
270 1725 365 1751 παθεῖν
382 1726 396 1751 ὁ
414 1724 486 1759 πέρα
508 1724 555 1751 τοῦ
573 1725 702 1752 δύνασθαι
724 1726 832 1756 παθεῖν,
848 1726 892 1752 διά

91 1781 136 1798 τοι
165 1772 195 1798 τὸ
218 1770 288 1798 εἶναι
314 1772 395 1806 φύσει
419 1771 495 1802 Θεὸς.
511 1772 560 1807 τῆν
585 1772 631 1799 τοῦ
652 1772 748 1799 παθεῖν
764 1773 892 1808 δεκτικὴν

93 1819 256 1852 ἠμπέσχετο
280 1818 380 1853 σάρκα,
405 1818 454 1844 καὶ
477 1817 544 1844 ἰδίαν
571 1818 711 1852 ἀπέφηνεν
736 1819 832 1855 αὐτὴν.
849 1820 892 1846 ἵνα

94 1865 145 1891 καὶ
161 1864 243 1890 αὐτοῦ
259 1863 363 1898 λέγοιτο
382 1864 412 1890 το
429 1863 534 1894 παθεῖν.
548 1864 585 1890 ὅτι
596 1863 642 1899 μὴ
660 1864 689 1890 τὸ
704 1865 798 1899 ἑτέρου
810 1865 891 1897 τινὸς,

94 1911 166 1937 ἀλλὰ
184 1910 214 1937 τὸ
231 1909 313 1936 αὑτοῦ
332 1909 449 1937 πέπονθε
473 1909 562 1944 σῶμα.
578 1910 682 1936 Οὐκοῦν
705 1911 822 1942 διδόντος
845 1911 893 1938 τοῦ

93 1956 200 1991 τρόπου
224 1957 273 1991 τῆς
300 1956 455 1991 οἰκονομίας
481 1951 656 1991 ἀνεγκλήτως
684 1955 758 1991 αὐτῷ
781 1957 828 1982 καὶ
852 1957 892 1989 τὸ,

96 2003 183 2038 σαρκὶ
198 2002 246 2037 μὲν
262 2002 369 2028 ἑλέσθαι
390 2001 497 2033 παθεῖν,
511 2002 625 2036 Θεότητι
641 2001 669 2028 δὲ
685 2003 721 2037 μὴ
740 2003 837 2029 παθεῖν
850 2000 893 2037 (ἦν

95 2048 153 2084 γὰρ
171 2049 198 2074 ὲν
213 2048 288 2083 αὑτῴ
301 2048 368 2079 Θεός
379 2057 408 2074 τε
420 2047 488 2083 ὁμοῦ
502 2048 549 2074 καὶ
557 2047 723 2082 ἄνθρωπος),
738 2048 894 2082 περιττολο-

95 2093 194 2128 γοῦσιν
209 2094 233 2120 οἱ
249 2093 410 2125 διεναντίᾱς,
427 2093 474 2119 καὶ
489 2092 536 2127 τὴν
549 2091 596 2118 τοῦ
616 2092 766 2128 μυστηρίου
779 2092 894 2128 δύναμιν

96 2140 292 2168 ἀσυνετώτατα
318 2139 534 2175 χιϐδηλεύοντες,
557 2139 658 2166 οἴονται
683 2140 753 2175 τάχα
778 2148 828 2166 που
847 2140 895 2167 καὶ

96 2186 212 2213 ἐπαίνου
229 2185 330 2221 μεστὴν
343 2186 476 2212 ποιεῖσθαι
488 2186 537 2221 τὴν
550 2186 654 2213 ἕνωσιν.
668 2186 768 2213 Ἐδόκει
780 2186 829 2221 μὲν
840 2186 895 2222 γάρ

944 251 1077 288 quatenus
1093 258 1135 280 est
1151 253 1230 280 Deus.
1249 253 1352 280 Idcirco
1369 257 1397 279 et.
1414 253 1522 279 divinus
1538 252 1634 279 Petrus
1648 254 1713 280 dicit
1729 263 1736 282 :

947 307 956 323 ι
971 298 1040 330 Quia
1059 298 1182 325 Christus
1196 298 1279 325 semel
1297 305 1346 332 pro
1368 298 1485 331 peccatis
1501 297 1602 325 nostris
1615 303 1738 325 mortuus

943 348 997 375 est,
1015 343 1104 382 justus
1119 352 1165 378 pro
1181 343 1297 378 injustis,
1313 348 1340 370 ιιι
1357 351 1405 371 nos
1419 343 1530 371 oll'erret
1553 344 1618 375 Deo,
1639 344 1737 370 morti-

945 389 1040 416 ﬁcatus
1054 390 1161 424 quidem
1174 397 1267 422 carne.
1287 390 1440 417 viviﬁcatus
1451 396 1541 416 autem
1557 389 1660 423 Spiritu
1675 390 1708 416 ἰ.
1726 400 1735 416 ι

943 435 997 462 Cur
1024 436 1107 468 enim,
1136 436 1218 467 dicat,
1239 440 1269 462 ut
1287 435 1416 468 arbitror,
1446 435 1555 469 aliquis,
1588 443 1640 462 non
1672 436 1740 463 dixit

943 483 1088 517 Apostolus
1103 483 1262 517 simpliciter
1274 487 1354 516 atque
1368 482 1506 508 indelinite
1524 490 1633 516 passum
1649 482 1736 515 ipsum

942 537 1023 557 esse:
1041 529 1088 556 sed
1113 527 1337 563 adjecit,'carne?
1357 528 1512 555 Artiﬁciose
1537 535 1601 554 vero
1625 528 1735 561 adjecit,

943 585 1022 604 carne
1037 585 1047 604 :
1060 582 1091 604 ut
1105 584 1165 604 cutn
1186 576 1268 603 Deum
1288 576 1374 610 ipsum
1388 583 1447 602 eSse
1468 574 1562 607 scirel‘,
1584 575 1736 609 passionem

943 623 1016 650 carni
1038 623 1169 650 accidisse
1183 622 1317 657 signilicel
1335 630 1341 648 :
1357 621 1498 648 Christum
1512 628 1586 655 vero,
1603 626 1737 656 quatenus

944 674 985 696 est
1016 667 1097 700 Deus,
1114 668 1248 703 passiOnis
1262 672 1401 702 expertem
1418 667 1512 694 fuisse.

979 714 1008 741 Β.
1029 714 1162 741 Caeterum
1184 714 1299 748 prodigii
1319 713 1408 740 simile
1433 720 1493 740 esse
1519 712 1630 744 dicunt,
1651 717 1735 747 atque

943 760 1099 787 incredibile
1123 760 1292 794 absurdoque
1317 760 1492 794 proximum,
1519 759 1633 786 dicere:
1659 766 1736 785 eum-

942 808 1001 834 dem
1019 812 1045 833 et
1061 814 1167 840 passum
1184 813 1242 833 esse
1270 811 1297 832 et
1311 814 1363 832 non
1379 813 1438 832 esse
1455 812 1574 840 possunt.
1591 805 1646 832 Aut
1661 804 1734 832 enim

941 863 1052 891 prorsus
1079 863 1131 882 non
1156 859 1197 882 est
1226 861 1331 888 passus,
1355 857 1385 880 ιιι
1402 854 1495 880 Deus:
1523 856 1568 879 aut
1595 852 1616 880 si
1640 859 1735 886 passus

942 910 1002 930 esse
1021 902 1130 933 dicitur,
1146 901 1279 934 quomodo
1294 901 1330 926 sit
1346 899 1435 927 Deus?
1449 899 1623 926 Ceuseudum
1642 899 1734 932 itaque

942 953 982 975 est
1007 947 1093 975 solum
1120 954 1181 973 eum
1206 946 1252 981 qui
1278 951 1369 973 estex
1395 945 1498 972 setnine
1519 944 1602 972 David
1625 951 1734 978 passum

942 1001 1012 1020 esse.

977 1041 1011 1068 A.
1032 1040 1067 1066 At
1088 1046 1152 1066 vero
1175 1037 1311 1072 qnemodo
1337 1044 1391 1064 non
1418 1037 1454 1064 sit
1483 1035 1735 1063 manifestissimum

942 1090 1128 1120 argumentum
1148 1076 1290 1111 imbecillis
1310 1083 1477 1114 intellectus,
1495 1083 1648 1116 hujusmodi
1670 1082 1736 1116 qttid

941 1133 1044 1160 sentire
1064 1139 1094 1159 ac
1106 1131 1214 1158 dicere?
1234 1130 1326 1163 Neque
1341 1129 1413 1156 enim
1433 1137 1604 1156 couuntmem
1627 1135 1658 1155 ac
1677 1127 1736 1154 vul—

941 1185 1032 1212 gorem
1049 1177 1183 1204 hominem
1203 1176 1313 1203 tradidit
1329 1174 1400 1201 Deus
1416 1182 1464 1208 pro
1478 1174 1563 1202 nobis.
1580 1174 1666 1200 instar
1683 1179 1736 1199 me-

943 1223 1053 1250 diatoris
1069 1227 1247 1256 assumptum,
1262 1227 1290 1249 et.
1308 1222 1426 1249 ascititia
1450 1221 1509 1247 Filii
1529 1220 1612 1254 gloria
1638 1219 1735 1251 prandi-

944 1274 1011 1300 tunt,
1033 1273 1060 1295 et.
1079 1268 1173 1295 stricta
1198 1268 1312 1301 quadam
1339 1267 1531 1301 conjunctione
1556 1265 1735 1292 decoratum:

943 1316 988 1342 sed
1007 1322 1114 1342 omnent
1136 1319 1288 1341 creaturqu
1309 1321 1478 1348 exsuperans
1493 1313 1611 1339 Verbum
1637 1318 1669 1338 ex
1692 1317 1737 1337 es-

942 1361 1028 1389 sentia
1045 1361 1129 1394 ipsius
1152 1361 1282 1395 genitum,
1300 1361 1385 1387 nostri
1410 1359 1525 1386 similem
1551 1362 1663 1394 propter
1686 1364 1736 1384 nos

942 1408 1042 1435 factum
1058 1427 1066 1439 ,
1094 1412 1123 1434 nt
1153 1412 1311 1434 cerneretur
1332 1407 1454 1433 omnium
1477 1406 1539 1432 vita:
1562 1404 1650 1438 pretio
1677 1410 1736 1438 par.

942 1454 1142 1481 Perubsurdum
1159 1458 1248 1480 autem
1262 1452 1451 1487 jndicaveriut,
1472 1460 1533 1478 cum
1553 1450 1714 1485 Unigeuittts
1727 1470 1734 1481 ,

944 1506 973 1528 ut
986 1501 1052 1532 dixi,
1067 1508 1130 1527 caro
1150 1501 1300 1526 scentulum
1317 1499 1473 1533 Scriptnrus
1488 1499 1523 1525 sit.
1536 1497 1634 1530 factus,
1650 1502 1676 1523 et
1690 1497 1737 1523 lu—

943 1549 1128 1576 carnatiunent
1143 1548 1302 1582 dedignatus
1317 1554 1369 1574 non
1387 1546 1480 1577 fuerit,
1497 1546 1584 1580 ipsum
1601 1544 1737 1578 quodam~

944 1596 1023 1623 modo
1036 1595 1147 1630 eulpare
1169 1601 1199 1621 ac
1216 1593 1426 1629 reprehendere,
1443 1597 1569 1625 tanquam
1585 1590 1630 1624 qui
1649 1589 1738 1623 privu-

943 1648 976 1670 tm
991 1650 1045 1669 suae
1058 1641 1149 1676 gloriae
1164 1641 1299 1673 olfecerit,
1313 1645 1339 1666 et
1351 1647 1434 1666 carne
1447 1638 1501 1673 pati
1519 1641 1618 1673 przeter
1631 1642 1737 1671 a‘quuru

943 1688 1069 1715 voluerit.
1090 1687 1226 1714 Caeterum
1242 1686 1293 1712 fuit
1308 1693 1338 1712 ca
1359 1693 1401 1712 res
1427 1685 1529 1712 mundo
1544 1685 1672 1710 univurso
1692 1690 1739 1709 ξος

944 1734 1050 1761 lutaris.
1068 1733 1134 1760 Cum
1147 1738 1236 1759 autem
1253 1732 1356 1758 idcirco
1372 1731 1426 1765 pati
1444 1730 1558 1759 voluerit
1574 1729 1596 1755 is
1612 1729 1638 1755 in
1658 1735 1738 1763 quem

945 1781 1016 1808 nulla
1038 1780 1130 1814 passio
1151 1779 1248 1806 cadere
1269 1782 1368 1812 potest,
1392 1777 1463 1812 quod
1486 1775 1613 1802 nimirum
1634 1775 1670 1802 sit
1690 1781 1738 1800 n.1-

945 1834 1005 1854 tura
1026 1826 1111 1858 Deus,
1136 1826 1237 1852 idcirco
1260 1831 1369 1850 carnem
1394 1822 1528 1857 passionis
1551 1828 1675 1855 capacem
1703 1819 1739 1845 in-

946 1874 1015 1904 duit,
1032 1879 1147 1905 eamque
1166 1869 1302 1904 propriam
1317 1876 1392 1894 suum
1404 1867 1571 1893 declaravit:
1590 1867 1626 1892 ita
1640 1870 1668 1891 ιιι
1683 1871 1737 1899 ipse

945 1919 1082 1946 diceretur
1095 1917 1160 1951 pati.
1174 1915 1267 1949 Neque
1288 1915 1360 1941 enim
1385 1913 1498 1939 alterius
1512 1911 1675 1945 cujuspiam,
1690 1911 1739 1938 sed

945 1972 1022 1992 suum
1040 1964 1124 1998 ipsius
1141 1968 1239 1995 corpus
1253 1968 1361 1995 possunt
1374 1963 1425 1986 est.
1446 1958 1513 1985 Cum
1534 1958 1625 1990 itaque
1648 1955 1737 1982 incar-

946 2010 1063 2038 nationis
1079 2009 1148 2036 rutio
1167 2009 1192 2034 id
1211 2008 1297 2037 lerat,
1313 2007 1391 2040 eique
1408 2005 1509 2032 tribuat
1529 2007 1556 2029 tit
1580 2009 1662 2030 carne
1678 2001 1738 2037 qui-

945 2057 1006 2084 dem
1031 2055 1084 2090 pati
1105 2054 1230 2087 voluerit,
1257 2052 1362 2079 Deitate
1386 2058 1450 2079 tero
1476 2056 1648 2084 nequaquam
1667 2049 1740 2084 (erat

946 2103 1018 2130 enim
1035 2102 1061 2129 iu
1079 2102 1138 2136 ipso
1153 2100 1225 2127 Deus
1241 2099 1322 2125 simul
1340 2103 1365 2125 et
1378 2096 1470 2130 homo)
1483 2117 1490 2129 ,
1506 2095 1654 2123 adversarii
1669 2094 1739 2121 muln

948 2149 982 2175 tis
1010 2147 1134 2174 inanibus
1163 2144 1255 2172 verbis
1280 2144 1457 2177 obstrepunt.
1483 2147 1510 2168 et
1537 2139 1658 2176 mysterii
1684 2139 1739 2166 vim

948 2198 1030 2227 atque
1046 2192 1173 2218 virtutem
1188 2187 1392 2224 intperitissinte
1404 2187 1598 2217 adulterantes,
1612 2185 1740 2211 eximiam

97 2241 160 2264 πως
183 2232 394 2268 προστρίϐεσθαι
420 2241 481 2260 τινα
502 2233 595 2268 μῶμον
611 2232 685 2268 αὐτῷ
713 2231 743 2259 τὸ
758 2232 805 2259 καὶ
826 2232 892 2264 ὅλως

953 2239 1091 2274 'luantdam
1108 2243 1134 2264 et
1152 2236 1239 2263 laudis
1256 2235 1362 2270 plenam
1386 2233 1518 2260 unitatem
1540 2236 1634 2266 putant
1656 2232 1740 2258 conli~

97 2280 211 2306 ἑλέσθαι
237 2280 318 2314 σαρκὶ
340 2279 446 2311 παθεῖν,
465 2279 521 2306 ἀλλ’
536 2277 570 2317 ἦν
587 2279 688 2315 ἑτέρως
705 2279 893 2311 εὑκλεές.”οτι

98 2326 156 2361 γάρ
181 2327 238 2352 ἐστι
264 2325 379 2352 θανάτου
402 2325 533 2360 κρείττων
557 2325 603 2351 καὶ
631 2325 744 2360 φθορᾶς,
763 2324 819 2360 ζωὴ
846 2324 893 2352 καὶ

99 2370 234 2402 ζωοποιὸς
248 2369 389 2405 ὑπάρχων,
402 2369 500 2400 ὁΘεὸς,
518 2369 730 2405 μεμαρτύρηκεν
743 2371 759 2405 ἡ
775 2370 894 2397 ἀνάστα-

101 2417 313 2452 σις.Ἐγήγερκε
328 2417 381 2451 γὰρ
397 2415 442 2442 τὸν
456 2416 553 2442 ἑαυτοῦ
567 2416 640 2443 ναόν.
655 2416 799 2452 Τοιγάρτοι
812 2417 895 2452 φησὶν

99 2465 114 2490 ὁ
131 2463 273 2494 θεσπέσιος
289 2462 403 2495 Παῦλος·
426 2473 435 2489 ι
450 2462 487 2488 Οὐ
503 2462 557 2497 γὰρ
572 2462 771 2499 ἐπαισχύνομαι
789 2463 820 2489 τὸ
843 2462 895 2490 Εὑ-

98 2508 238 2542 ᾱγγέλιον·
254 2508 367 2543 δύναμις
381 2508 434 2544 γὰρ
451 2507 518 2534 Θεοῦ
532 2509 604 2534 ἐστιν
615 2509 656 2540 εἰς
667 2508 803 2544 σωτηρίαν
815 2508 895 2535 παντὶ

102 2555 142 2590 τῷ
157 2554 322 2581 πιστεύοντι.
341 2564 350 2580 δ
371 2555 425 2581 Καὶ
440 2553 536 2580 πάλιν·
558 2554 607 2580 (Ὀ
630 2553 708 2587 λόγος
733 2553 788 2588 γὰρ
810 2555 824 2581 ὀ
847 2554 895 2580 τοῦ

103 2600 232 2635 σταυροῦ,
246 2602 302 2632 τοῖς
318 2601 367 2635 μὲν
379 2600 576 2636 ἀπολλυμένοις
593 2600 684 2635 μωρία
713 2601 783 2631 ἐστὶ,
797 2602 853 2631 τοῖς
867 2600 896 2627 δὲ

104 2647 269 2681 σωζομένοις
283 2647 349 2682 ἡμῖν
366 2645 480 2681 δύναμις
497 2645 565 2672 Θεοῦ
592 2646 665 2672 ἐστιν
679 2654 686 2660 '
698 2646 789 2678 αὐτοῖς
801 2646 829 2672 δὲ
840 2647 897 2678 τοῖς

104 2692 226 2726 κλητοῖς.
245 2691 382 2722 Ἰουδαίοις
409 2699 438 2717 τε
463 2690 509 2716 καὶ
530 2690 654 2725 Ἕλλησι,
679 2690 807 2725 Χριστὸς,
831 2691 897 2717 Θεοῦ

103 2738 219 2772 δύναμις
250 2738 297 2763 καὶ
323 2736 390 2764 Θεοῦ
418 2737 509 2770 σοφία.
526 2746 534 2761 ι
554 2737 607 2763 Καὶ
633 2736 686 2772 μὴν
713 2737 758 2763 καὶ
781 2737 863 2768 αὐτὸς
885 2737 899 2763 ὁ

108 2783 181 2815 Υἱὸς,
200 2783 303 2818 μέλλων
330 2783 486 2809 ἀναϐαίνειν
510 2783 555 2808 ἐπὶ
579 2781 610 2807 τὸ
633 2782 767 2817 σωτήριον
793 2782 877 2814 πάθος
891 2804 897 2816 ,

125 2870 146 2887 ²¹
167 2871 175 2898 l
198 2871 270 2897 Pctr.
289 2879 327 2899 tu.
348 2870 388 2897 lS.
429 2872 448 2886 ²¹
470 2870 546 2897 llum.
565 2879 582 2903 t,
604 2871 644 2897 lb'.

946 2289 1018 2310 cere.
1051 2281 1246 2308 Existimarunt
1276 2279 1347 2306 enim
1377 2278 1427 2304 hoc
1452 2278 1476 2304 ei
1503 2276 1591 2303 labem
1620 2276 1740 2310 aliquam

946 2336 1100 2367 aspergere,
1117 2327 1187 2362 quod
1205 2325 1285 2361 767
1301 2325 1412 2352 omnino
1427 2323 1542 2350 voluerit.
1562 2330 1643 2349 carne
1659 2322 1744 2355 mori,

947 2379 974 2401 at
1000 2377 1094 2401 contra
1119 2373 1223 2407 insigne
1250 2380 1281 2399 ac
1305 2371 1463 2407 prteclarum
1490 2373 1540 2396 est.
1564 2369 1642 2401 Quod
1667 2369 1740 2395 enim

949 2425 1036 2448 murle
1057 2425 1138 2454 atque
1156 2419 1266 2446 intcrittt
1291 2417 1415 2453 superior
1433 2417 1485 2448 sit,
1502 2424 1562 2443 cum
1588 2415 1622 2442 sit
1639 2415 1690 2441 vita
1715 2419 1742 2441 et

948 2466 1107 2498 viviﬁcaris,
1135 2470 1227 2500 utpote
1257 2465 1345 2496 Deus,
1373 2462 1537 2490 resurrectio
1565 2465 1662 2488 testata
1688 2465 1742 2486 est.

950 2512 1098 2539 Suscilavit
1120 2511 1192 2537 enim
1216 2518 1293 2537 suum
1314 2509 1399 2545 ipsius
1422 2507 1560 2542 templum.
1586 2506 1690 2532 idcirco
1714 2510 1742 2531 et

950 2559 1057 2586 divinus
1081 2557 1180 2584 Paulus
1205 2557 1315 2590 inquit:
1342 2565 1352 2582 ι
1381 2554 1440 2582 Non
1465 2554 1595 2581 erubesco
1616 2552 1740 2585 Evange-

951 2604 1028 2631 liutn.
1045 2602 1137 2630 Virtus
1152 2602 1222 2629 enim
1245 2601 1290 2628 Dei
1317 2605 1358 2627 est
1390 2600 1416 2626 in
1440 2599 1554 2626 salutem
1584 2597 1658 2624 omni
1684 2605 1741 2623 cre-

948 2650 1018 2677 denti
1030 2649 1064 2675 ²².
1082 2659 1091 2675 ι
1107 2648 1141 2675 Et
1156 2654 1262 2675 rursum
1276 2655 1283 2673 ε
1302 2655 1311 2672 ι
1328 2646 1446 2673 Verbum
1460 2645 1533 2671 enim
1550 2643 1640 2670 crucis
1652 2663 1659 2673 ,
1682 2649 1740 2675 per-

948 2696 1076 2723 euntibus
1097 2694 1204 2729 quidem
1227 2692 1342 2721 stultitia
1359 2696 1398 2718 est
1416 2699 1423 2717 :
1444 2691 1477 2717 iis
1494 2694 1583 2716 autem
1604 2687 1649 2722 qui
1675 2685 1740 2714 salvi

950 2741 1028 2776 liunt4
1045 2740 1095 2767 hoc
1117 2743 1158 2766 est
1185 2738 1279 2770 nobis,
1308 2736 1353 2763 Dei
1380 2735 1466 2762 virtus
1488 2739 1539 2762 est.
1564 2733 1630 2768 Ipsis
1650 2737 1740 2759 autem

951 2787 1052 2814 vocatis
1067 2785 1166 2814 Judrcis
1179 2789 1260 2818 atque
1274 2781 1387 2816 Graecis,
1402 2780 1526 2808 Christus
1538 2778 1585 2806 Dei
1603 2778 1698 2810 virtus,
1714 2782 1739 2805 et
