1907 3038
32 131 107 159 «διδ

596 132 696 166 'QUOD
717 132 811 161 UNUS
832 131 885 160 SIT
906 131 1089 160 CHRISTUS.

1602 132 1668 161 1316

32 187 76 222 εἷς
104 189 251 217 κεκάθικεν
276 190 350 222 Υίὺς,
377 190 556 218 διδασκόντων
587 192 676 224 αὐτοὶ,
701 193 743 225 τίς
769 194 825 224 τοῖς

881 199 957 226 quam
969 191 1014 226 qui
1031 191 1121 219 adicit.
1136 192 1170 218 At
1190 198 1251 219 cum
1268 198 1339 218 unus
1356 189 1486 218 assetlerit
1502 189 1603 223 Filius,
1618 192 1668 218 do-

33 235 166 263 ἀνωτάτω
177 236 320 272 τετίμηται
336 237 438 270 θάκοις,
453 238 497 264 καὶ
509 237 663 273 συνεδρεύει
677 238 716 274 τῷ
729 239 825 274 Πατρὶ,

32 283 57 308 εἰ
74 282 122 309 καὶ
137 283 178 309 ὅτι
196 283 314 317 μάλιστα
337 284 389 309 τῶν
406 284 476 318 ἄγαν
505 284 722 320 σφαλερωτάτων
737 285 779 320 εἴη
795 285 828 312 ἂν

32 328 64 354 τὸ
78 328 254 363 ἀνακομίζειν
271 329 428 365 ἀποτολμᾷν
444 331 484 362 είς
500 330 637 366 ἰσοτιμίαν
658 331 696 366 τῷ
710 331 828 367 δεσπότῃ

32 373 64 400 τὸ
88 374 192 406 δοῦλον,
217 375 257 410 τῷ
276 375 373 412 κτίστῃ
390 376 420 402 τὸ
440 377 560 412 ποιηθὲν,
583 377 621 412 τῷ
646 377 751 413 βασιλεῖ
774 378 828 405 τῶν

33 423 105 449 ὅλων
127 423 159 450 τὸ
180 424 239 450 imb-
259 423 350 458 ζυγὸν,
378 424 416 460 τῷ
441 425 550 452 πάντων
583 425 711 453 ἐπέκεινα
737 427 767 453 τὸ
798 426 828 453 ὲν

33 470 104 496 πᾶσι
121 470 227 496 τελοῦν.

71 514 102 540 Β.
124 515 269 550 Σαφηνιεῖς
284 513 330 543 οὖν
347 516 401 552 ἄρα
419 516 500 543 τοῦτο
518 517 583 552 ἡμῖν
599 517 693 545 εἰσέτι.

71 559 106 587 Δ,
128 559 235 592 Καίτοι,
251 560 378 597 καθάπερ
400 557 517 597 ἐγῷμαι,
533 562 621 598 σαφὴς
638 562 685 590 καὶ
698 562 829 599 ἀποχρῶν

33 605 49 631 ό
70 606 117 632 ἐπ’
142 605 234 637 αὐτοῖς
258 606 289 642 δὴ
315 606 418 638 τούτοις
435 608 501 643 ἡμῖν
527 608 714 644 ἐκπεπόνηται
738 609 826 643 λόγος,

34 650 117 676 ὄκνου
141 650 170 677 δὲ
193 650 255 686 δίχα
275 651 375 683 παντὸς
391 652 539 687 προσθείην
564 652 597 679 ἂν
621 650 662 684 οἷς
685 653 754 688 ἔφην
780 653 828 680 καὶ

35 694 130 730 ἕτερα,
154 695 201 733 καὶ
224 695 273 722 οὐκ
297 696 397 731 ἀγεννῆ
415 697 611 732 συναγόρευσιν
628 697 678 732 τὴν
703 697 773 734 ὑπέρ
795 705 827 732 γε

34 740 91 766 τῶν
105 740 185 777 ιερῶν
200 741 342 776 δογμάτων
359 741 486 777 καθάπερ
504 743 565 770 τινὰ
579 743 744 779 παντευχίαν
759 744 827 771 ἁνα-

34 785 139 818 λαόὼν,
165 788 361 823 ἀνταναστήσω
381 787 411 814 τὸ
435 788 533 824 ἀληθὲς
558 791 613 821 τοῖς
640 789 767 825 φρονοῦσι
793 789 828 817 τὰ

35 832 249 869 διεστραμμένα.
269 833 329 860 Ὅτι
346 834 399 869 γὰρ
417 835 431 861 ό
456 835 603 871 μονογενὴς
619 835 667 862 τοῦ
690 835 758 862 Θεοῦ
774 837 827 862 Λό-

36 886 94 912 γος,
119 879 150 904 οὺ
175 878 387 918 μεσολαϐοῦνεος
413 880 463 914 τὴν
490 881 645 915 οἰκονομίαν
672 882 731 908 υίοῦ
761 883 826 918 παρ’

36 924 119 951 αὐτὸν
138 925 243 961 ἑτέρου,
256 925 498 960 καὶλσυναφθέντος
514 927 588 963 αὐτῷ
603 928 746 963 σχετικῶς,
763 937 828 956 κατ-

36 970 145 1006 ήργηκε
162 970 208 996 τοῦ
225 970 340 998 θανάτου
354 971 384 998 τὸ
397 971 508 1008 κράτος,
525 972 607 1004 αὐτὸς
630 973 659 999 δὲ
681 973 781 1008 μᾶλλον
794 974 828 1001 δι’

37 1016 147 1049 ἑαυτοῦ,
165 1017 330 1044 πιστώσεται
346 1017 443 1052 λέγων·
462 1028 471 1044 t
493 1018 571 1046 Οὕτω
585 1020 639 1055 γὰρ
656 1020 800 1056 ἠγάπησεν
814 1021 828 1047 ό

37 1062 105 1094 θεὸς
117 1062 162 1089 τὸν
177 1063 289 1098 κόσμον,
305 1063 375 1090 ὥστε
389 1063 434 1090 τὸν
449 1063 512 1091 Υἰόν
528 1064 611 1091 αὑτοῦ
633 1065 679 1092 τὸν
696 1066 828 1102 μονογενῆ

37 1108 150 1141 ἔδωκεν,
167 1109 209 1136 ἵνα
225 1110 280 1141 πᾶς
299 1111 313 1136 ό
337 1110 472 1138 πιστεύων
493 1112 532 1142 εἰς
549 1111 629 1139 αὑτὸν
659 1112 696 1148 μὴ
712 1113 829 1149 ἀπόλλη-

37 1162 92 1186 ται,
110 1155 170 1181 ἀλλ’
189 1155 237 1191 ἔχῃ
252 1155 324 1191 ζωὴν
339 1156 458 1183 αἰώνιον.
478 1167 487 1183 ι
509 1157 637 1193 Αἵροντος
651 1158 679 1185 δὲ
697 1159 765 1194 ὑψοῦ
779 1159 828 1196 τὴν

37 1202 75 1233 εἰς
91 1201 137 1228 τὸν
155 1201 256 1238 κόσμον
273 1202 385 1238 ἀγάπην
399 1203 447 1230 τοῦ
472 1203 539 1231 Θεοῦ
559 1205 606 1231 καὶ
617 1205 733 1241 Πατρὺς,
748 1207 830 1242 ὑπερ-

38 1247 145 1282 μεγέθη
161 1256 191 1274 τε
215 1248 263 1275 καὶ
278 1248 407 1284 ὑπερφυᾶ
425 1250 589 1286 γεγενῆσθαι
616 1251 749 1287 λέγοντος,
766 1253 831 1280 ἀνθ-

36 1293 97 1319 ότου
116 1294 386 1329 κατασμικρύνουσιν
405 1295 599 1330 οὶδιεναντίεις,
615 1297 644 1324 οὐ
659 1298 705 1324 τὸν
721 1297 830 1334 άληθῶς

37 1340 101 1367 Υὶόν
115 1340 187 1376 ὑπὲρ
199 1340 277 1376 ὴμῶν
293 1341 414 1370 δεδόσθαι
427 1343 563 1377 λέγοντες,
576 1344 634 1371 ἀλλ’
649 1345 696 1372 ἕνα
703 1345 757 1373 τῶν
768 1346 829 1372 καθ’

36 1387 122 1422 ἡμᾶς,
140 1387 296 1423 εἱσποίητον
311 1388 407 1423 ἔχοντα
420 1390 469 1424 τὴν
485 1389 535 1425 τῆς
551 1390 674 1426 υίότητος
686 1392 776 1427 χάριν,
789 1393 829 1425 εἰς

35 1431 79 1458 τὸν
94 1431 144 1458 τοῦ
158 1433 229 1460 κατὰ
241 1433 321 1467 φύσιν
334 1433 400 1460 Υἱοῦ
416 1434 498 1461 τόπον
517 1435 737 1469 ἀναϐιϐάζοντες,
751 1437 829 1470 ὄντος

36 1477 64 1504 δὲ
76 1478 249 1513 Μονογενοῠς
261 1478 308 1505 τοῦ
323 1479 444 1512 δοθέντος
460 1481 530 1517 ὑπὲρ
543 1481 638 1517 ήμῶν;
649 1479 716 1510 Εἶτα
727 1491 830 1519 γεγρα-

36 1524 118 1574 φότος
139 1525 264 1574 Ἰωάννου
279 1526 373 1574 «tota;
384 1535 390 1542 ·
415 1536 436 1574 ιΔ
453 1527 481 1554 '0
497 1527 645 1574 μονογενὴς
656 1529 735 1574 Θεὸς,
760 1531 774 1557 ό
790 1529 828 1558 ὢν
841 1545 864 1574 c

35 1570 74 1601 είς
89 1570 137 1596 τὸν
154 1570 254 1598 κόλπον
275 1569 322 1597 τοῦ
344 1571 452 1607 Πατρός
462 1581 469 1587 ·
487 1582 496 1598 ι
514 1572 573 1605 πῶς
585 1573 635 1601 οὐκ
648 1573 681 1601 ἃν
695 1575 829 1609 ἀγάσαιτό

35 1623 77 1647 τις
94 1615 147 1651 τῆς
161 1615 282 1651 ἀμαθίας
296 1616 405 1650 αὐτοὺς,
420 1617 588 1651 ὲξωθοῦντας
604 1620 652 1655 μὲν
664 1621 714 1656 τῆς
728 1618 829 1649 οἰκονο-

36 1659 101 1695 μίας
111 1660 159 1688 τὸν
171 1662 303 1697 μονογενῆ
317 1662 382 1689 Θεὸν
393 1663 490 1697 Λόγον,
504 1664 729 1702 ἀντεισφέροντας
739 1667 777 1701 δὲ,
791 1668 829 1700 ὡς

35 1706 113 1743 ἔφην,
132 1709 194 1739 ταῖς
218 1708 334 1744 θύραθεν
356 1709 446 1742 δόξαις
461 1710 661 1746 ὲξωραϊσθέντα
685 1712 755 1746 τινὰ,
781 1714 829 1740 καὶ

34 1753 157 1780 ἔπακτον
173 1754 268 1790 ἔχοντα
283 1755 313 1782 τὸ
325 1755 374 1791 τῆς
394 1756 521 1793 θεότητος
543 1758 630 1793 ὄνομα
641 1767 649 1791 ;
662 1757 728 1786 Εἶτα
749 1759 776 1786 τί
798 1760 829 1787 τὸ

36 1799 109 1852 para
123 1799 172 1852 καὶ
194 1799 358 1852 άξιάγαστρν
373 1802 403 1828 ὲν
419 1802 528 1852 ,ιι-ᾖ.τοῦ
544 1803 651 1839 Πατρός
665 1805 760 1842 ἀγάπῃ
776 1814 829 1839 φα-

35 1844 122 1872 νεῖται
141 1844 243 1879 λοιπὸν,
261 1847 286 1873 εἰ
302 1846 385 1883 μέρος
399 1847 425 1873 τί
441 1847 555 1883 κόσμου,
569 1849 615 1875 καὶ
631 1849 711 1876 τοῦτο
729 1850 827 1887 βραχὺ,

35 1889 153 1918 δέδωκεν
163 1892 232 1927 ὑπὲρ
244 1892 344 1927 αὑτοῢ;
365 1894 400 1920 Ἦ
414 1893 485 1929 τάχα
502 1902 553 1921 που
566 1894 612 1921 καὶ
627 1895 828 1931 ἀνεπίπληκτον

34 1937 136 1971 εἰπεῖν,
149 1937 187 1969 ὡς
198 1938 364 1974 λελύτρωται
379 1939 482 1975 κόσμος
493 1940 569 1966 οὐδὲν
579 1940 648 1976 ἔχων
662 1942 738 1977 παρὰ
749 1941 828 1976 Θεοῦ,

34 1981 102 2009 ἀλλὰ
120 1983 180 2015 τοῖς
202 1983 284 2010 αὐτοῦ
305 1984 400 2020 μέρεσι
415 1985 484 2020 πρὸς
499 1984 577 2012 τοῦτο
596 1986 827 2022 ὺπηρετούμενος.

69 2118 100 2145 Β.
123 2117 252 2145 Δεδόσθαι
268 2118 335 2152 φασὶ
350 2118 394 2145 τὸν
410 2119 551 2154 Μονογενῆ
567 2119 643 2156 παρὰ
653 2119 700 2146 τοῦ
712 2121 828 2157 Πατρὸς,

35 2161 67 2188 lv‘
82 2162 256 2198 οἰκονομήσει
277 2162 312 2188 τὰ
336 2163 396 2189 καθ’
412 2164 495 2198 ἡμᾶς,
511 2165 560 2199 οὐχ
581 2165 625 2191 ἵνα
640 2174 666 2191 τι
685 2165 758 2202 πάθῃ
775 2166 829 2193 τῶν

34 2207 217 2245 ἀνθρωπίνων
234 2208 316 2240 αὐτὸς
339 2210 378 2240 εἰς
393 2209 462 2236 ἰδίαν
481 2209 581 2244 φύσιν
596 2211 737 2247 ἀμήχανον
761 2212 827 2248 γάρ.
844 2232 867 2260 D

67 2299 100 2326 Δ.
124 2298 212 2325 Πάθοι
229 2298 279 2333 μὲν
296 2298 329 2325 ἂν
343 2299 424 2331 αὐτὸς
439 2300 478 2331 εις
494 2299 562 2327 ἰδίαν
577 2301 658 2334 φύσιν
672 2300 703 2327 τδ
719 2301 830 2337 σύμπαν

34 2345 120 2372 οὐδέν.
148 2344 305 2380 Ἀσώματος
327 2344 381 2380 γὰρ
406 2345 538 2381 ὑπάρχων
553 2346 591 2378 ὡς
614 2346 690 2378 Θεὸς,
711 2347 763 2381 ἔξω
777 2355 829 2375 που

34 2391 147 2422 πάντως
162 2391 282 2417 κείσεται
296 2390 344 2424 τοῦ
358 2390 454 2420 παθεῖν
464 2398 471 2406 ·
484 2391 546 2418 ἐπεὶ
559 2392 587 2418 δὲ
601 2393 670 2420 κατὰ
686 2393 735 2429 τὴν
746 2393 829 2421 αὐτοῦ

33 2437 142 2474 φωνὴν,
157 2437 207 2472 τὴν
220 2437 264 2464 διά
279 2445 321 2471 γε,
343 2437 425 2472 φημὶ,
440 2437 490 2473 τῆς
503 2438 550 2464 τοῦ
567 2438 720 2472 Ψάλλοντος
732 2440 827 2476 λύρας,

34 2483 116 2518 σῶμα
126 2482 203 2517 αὐτῷ
212 2483 390 2518 κατήρτισται
405 2484 480 2519 παρὰ
495 2484 541 2510 τοῦ
557 2484 672 2520 Πατρὺς,
688 2485 828 2521 παρῆλθεν

33 2529 207 2564 ἔνσὼματος,
225 2528 272 2555 τοῦ
290 2529 405 2564 ποιῆσαί
419 2530 448 2556 τὸ
465 2529 570 2566 θέλημα
584 2531 678 2559 αὑτοῦ.
697 2532 782 2559 Τοῦτο
799 2533 828 2559 δὲ

32 2572 66 2610 ῆν
84 2576 102 2611 ἡ
120 2575 167 2602 διὰ
186 2574 234 2601 τοῦ
253 2575 343 2610 τιμίου
368 2575 485 2611 σταυροῦ
509 2576 643 2612 λύτρωσις
661 2578 709 2604 καὶ
728 2579 828 2606 ἀνακε-

32 2621 190 2656 φαλαίωσις
206 2620 260 2647 τῶν
281 2621 359 2654 ὅλων,
377 2621 410 2647 δι’
424 2622 506 2648 αὑτοῦ
520 2630 551 2649 τε
572 2623 619 2649 καὶ
633 2624 673 2654 εἰς
696 2624 777 2651 αὑτὸν
796 2622 826 2652 εὖ

35 2668 109 2702 μάλα
131 2667 347 2703 κατορθουμένη.
372 2668 540 2703 Συλλήψεται
554 2669 582 2696 δὲ
596 2667 637 2702 οἷς
658 2670 726 2706 ἔφην
752 2671 798 2698 καὶ
814 2673 829 2698 ό

15 2719 16 2722 ‘
34 2714 205 2748 πανάριστος
216 2714 331 2745 Παῦλος,
342 2714 391 2740 ὡδὶ
399 2714 556 2749 γεγραφώς·
577 2725 587 2742 ι
603 2716 688 2744 Τοῦτο
704 2719 826 2753 φρονεῖτε

34 2760 151 2791 ἕκαστος
168 2761 196 2786 ὲν
215 2760 278 2795 ὑμῖν
293 2761 394 2792 αὑτοῖς,
409 2760 423 2786 ὃ
438 2762 483 2787 καὶ
505 2762 534 2787 ὲν
551 2762 659 2798 Χριστῷ
681 2763 778 2797 Ἰτνσοῦ,
799 2764 828 2797 ὃς

69 2850 93 2866 ⁸⁸
113 2848 193 2877 Joau.
215 2856 256 2882 tu,
277 2848 317 2877 16.
357 2849 377 2866 ³¹
398 2848 474 2877 Joau.
497 2857 516 2884 ι,
535 2850 575 2877 18.

880 243 960 265 ccant
978 238 1030 272 ipsi
1055 238 1180 273 quisnam
1194 238 1220 265 iu
1238 244 1394 271 supremum
1413 236 1476 264 illud
1488 236 1583 270 solium
1600 237 1668 263 asci-

881 289 922 311 tus
938 285 983 314 sit.
997 284 1125 319 Patrique
1142 283 1268 311 assideat.
1284 283 1422 317 Siquidem
1446 284 1592 310 absurdum
1616 284 1650 310 im

875 330 974 364 primis
994 329 1075 358 l’uerit
1097 330 1277 365 aequalitatem
1305 330 1416 357 honoris
1444 330 1563 356 tribuere
1590 338 1667 355 serva

879 383 939 402 cum
973 376 1092 409 domino,
1114 381 1245 403 creaturm
1264 383 1325 403 cum
1348 379 1484 407 creatore,
1505 376 1528 402 ci
1553 376 1597 409 qui
1619 383 1669 402 sub

876 421 941 456 iugo
956 426 996 449 cst
1015 429 1075 449 cum
1100 422 1183 449 totius
1207 422 1325 449 universi
1352 422 1484 454 Domino;
1510 426 1537 447 et
1556 422 1626 454 qunti
1641 421 1666 446 in

877 468 1005 495 Omnibus
1017 471 1093 502 paret
1106 467 1231 502 intperio,
1245 475 1304 495 cum
1314 475 1347 494 eo
1360 467 1404 502 qui
1419 474 1500 501 supra
1514 467 1603 493 omnia
1614 472 1665 494 est.

914 513 945 540 Β.
964 513 1075 548 Explica
1093 513 1144 541 hoc
1158 514 1236 541 nobis
1250 513 1374 541 ulterius.

912 559 946 586 Δ.
967 559 1060 595 Atqui,
1073 564 1103 587 ut
1122 560 1251 593 arbitror,
1273 558 1415 587 manifeste
1432 558 1498 586 satis
1516 563 1543 586 et
1565 557 1668 593 prolixe

877 606 957 633 nobis
970 606 1022 633 hac
1039 606 1072 634 de
1089 613 1118 634 re
1139 610 1331 640 pertractatutn
1354 610 1412 638 est;
1435 613 1522 639 neque
1543 612 1607 632 vero
1625 611 1668 630 me

879 651 981 687 pigebit
993 652 1025 679 iis
1036 659 1096 686 quae
1110 652 1166 679 dixi
1179 652 1263 679 etiam
1281 651 1332 679 alia
1351 651 1473 686 quaedam
1489 651 1626 685 adjicere;
1641 654 1668 676 et

879 706 931 726 non
948 699 1057 734 ignobili
1072 699 1222 733 patrocinio
1235 705 1284 733 pro
1298 698 1383 725 sacris
1399 697 1568 732 dogmatibus
1585 695 1666 722 veluti

878 746 993 781 quadam
1011 746 1100 773 omnis
1123 746 1231 781 generis
1255 749 1391 772 armatura
1415 744 1549 776 induttun,
1569 742 1668 770 verita-

879 797 932 820 tem
946 798 1084 827 opponere
1102 792 1135 820 iis
1145 791 1190 827 qui
1206 791 1342 818 contraria
1357 790 1487 817 sentiunt.
1503 788 1578 821 Quod
1593 788 1668 814 enim

879 838 1046 873 unigenitum
1064 837 1112 865 Dei
1130 837 1250 864 Verbum
1262 857 1270 870 ,
1287 845 1338 864 non
1358 836 1556 864 interveniente
1574 834 1606 860 ad
1625 834 1667 860 in-

879 884 1064 912 carnationem
1085 883 1140 910 ﬁlio
1169 883 1213 918 qui
1231 891 1246 910 a
1269 890 1298 910 se
1319 882 1441 909 diversus
1459 885 1539 912 esset.
1561 885 1587 907 et
1602 879 1667 906 stri-

879 934 922 958 cte
928 930 953 957 ei
965 929 1183 964 coniungeretur,
1192 929 1287 956 mortis
1297 928 1436 963 imperium
1448 927 1610 958 dissolverit,
1620 926 1666 953 sed

879 977 966 1012 ipsum
982 976 1070 1011 potius
1082 975 1199 1003 Verbum
1213 974 1259 1002 Dei
1276 981 1324 1008 per
1338 981 1377 1006 se,
1397 973 1532 1008 probabit,
1549 972 1643 1000 dicens
1658 981 1666 1000 :

882 1033 891 1050 t
909 1024 947 1051 ita
963 1024 1034 1051 enim
1060 1023 1154 1051 dilexit
1176 1022 1245 1049 Deus
1264 1021 1404 1053 mundum,
1422 1024 1451 1047 ut
1472 1019 1569 1047 Filium
1589 1026 1667 1046 suum

879 1071 1046 1106 unigenitum
1066 1069 1185 1101 dederit,
1204 1074 1234 1095 ut
1252 1068 1341 1095 omnis
1365 1067 1410 1103 qui
1427 1066 1512 1094 credi:
1536 1066 1562 1093 in
1579 1065 1667 1101 ipsum

879 1124 931 1145 non
953 1121 1053 1152 pereat,
1073 1117 1118 1144 sed
1140 1116 1237 1143 habeat
1262 1116 1344 1142 vitam
1364 1112 1538 1141 aeternam“.
1558 1121 1569 1139 ι
1598 1112 1667 1140 Cum

879 1170 944 1191 vero
961 1163 1007 1190 Dei
1031 1170 1063 1190 ac
1085 1161 1175 1189 Patris
1197 1160 1370 1188 dilectionem
1392 1166 1455 1194 erga
1480 1157 1607 1185 mundum
1629 1156 1667 1184 ita

878 1209 1006 1241 extollat,
1032 1213 1059 1236 et
1083 1208 1240 1235 immensam
1264 1212 1345 1241 atque
1372 1205 1560 1232 inexhaustum
1585 1203 1668 1230 fuisse

880 1256 962 1288 dicat,
979 1262 1028 1283 cur
1042 1254 1163 1282 haeretici
1181 1253 1252 1281 hanc
1267 1252 1374 1280 elevant
1387 1256 1468 1286 atque
1492 1250 1666 1281 imminuunt,

880 1302 1000 1329 dicentes
1018 1308 1071 1328 non
1094 1307 1189 1327 verum
1206 1299 1289 1326 lilium
1309 1306 1360 1334 pro
1378 1298 1455 1325 nobis
1472 1296 1563 1324 datum
1588 1303 1665 1328 esse,

879 1348 928 1375 sed
948 1347 1091 1382 quemdam
1119 1353 1154 1373 ex
1172 1345 1248 1372 nobis
1268 1351 1315 1379 per
1335 1343 1448 1379 gratiam
1465 1343 1491 1370 iu
1515 1342 1597 1369 lilium
1619 1342 1668 1369 ad-

879 1397 1013 1429 optatum,
1024 1399 1140 1427 eumque
1153 1392 1179 1419 in
1190 1390 1319 1419 naturalis
1337 1390 1382 1417 lilii
1395 1389 1482 1417 locum
1495 1388 1648 1416 attollentes
1658 1406 1666 1420 ,

878 1447 940 1468 cum
958 1439 1164 1474 sitUnigenitus
1179 1438 1224 1473 qui
1247 1444 1295 1472 pro
1311 1437 1389 1464 nobis
1413 1435 1493 1463 datus
1515 1435 1580 1462 est?
1596 1435 1670 1462 Pro:-

880 1491 953 1514 terea
979 1493 1040 1513 cum
1065 1484 1183 1512 Joannes
1205 1487 1299 1518 aperte
1322 1483 1442 1510 scribat:
1472 1491 1482 1508 ι
1509 1481 1669 1516 Unigenitus

880 1531 951 1559 Deus
963 1533 1009 1566 qui
1023 1535 1064 1558 est
1083 1530 1110 1558 in
1125 1530 1184 1557 sinu
1202 1528 1292 1556 Patris
1305 1528 1326 1544 ³¹
1343 1537 1350 1555 :
1371 1537 1380 1554 ι
1399 1527 1534 1562 quomodo
1553 1534 1605 1553 non
1625 1526 1669 1553 ad-

881 1577 995 1605 miretur
1012 1576 1145 1612 quispiam
1163 1575 1271 1602 illorum
1289 1574 1464 1609 imperitiam,
1478 1573 1523 1608 qui
1538 1574 1572 1600 ah
1583 1573 1669 1600 admi-

881 1624 1042 1652 nistratione
1058 1623 1084 1651 itt
1100 1630 1183 1650 carne
1198 1621 1372 1656 Uuigenitutn
1387 1620 1433 1648 Dei
1449 1619 1568 1648 Verbum
1580 1619 1670 1647 exclu-

880 1671 955 1701 dant,
973 1668 1055 1705 769
1067 1676 1098 1696 ac
1115 1668 1204 1703 potius
1223 1667 1305 1694 alium
1328 1667 1482 1701 quemdam,
1498 1670 1527 1693 ut
1547 1666 1612 1699 dixi,
1630 1666 1669 1692 in-

881 1716 1033 1748 troducam,
1049 1715 1202 1742 extrinseca
1220 1719 1300 1748 atque
1316 1712 1432 1740 nscititia
1452 1712 1535 1746 gloria
1549 1710 1669 1746 splendi-

880 1761 964 1793 dum,
989 1760 1193 1794 adventitioque
1221 1758 1335 1786 Deitatis
1367 1757 1476 1785 nomine
1501 1755 1670 1791 pratditum!

880 1804 982 1832 Deinde
996 1805 1125 1839 quidnam
1140 1803 1270 1831 eximium
1285 1806 1332 1829 aut
1349 1809 1513 1838 magnopere
1532 1801 1670 1829 admiran-

880 1851 943 1878 dum
961 1851 987 1877 in
1004 1850 1148 1877 dilectione
1167 1848 1256 1876 Patris
1271 1855 1333 1876 esse
1350 1853 1511 1880 censeatur,
1525 1848 1547 1874 si
1564 1852 1668 1882 partem

881 1896 1023 1931 quamdam
1039 1895 1141 1928 mundi,
1160 1898 1240 1928 atque
1258 1893 1331 1920 illam
1343 1893 1451 1928 quidem
1467 1893 1602 1927 exiguam,
1621 1900 1669 1927 pro

880 1941 939 1977 ipSo
967 1941 1059 1968 dedit?
1074 1940 1226 1973 Quinetiam
1246 1939 1297 1966 hoc
1315 1938 1432 1966 fortasse
1454 1943 1526 1966 recte
1549 1939 1601 1966 dici
1622 1946 1669 1974 po-

882 1987 956 2021 terit,
978 1988 1146 2020 redemptum
1168 1993 1230 2013 esse
1249 1984 1380 2023 mundum
1401 1984 1468 2012 nihil
1491 1984 1634 2012 habentem
1653 1993 1668 2012 a

881 2034 954 2067 Deo,
984 2032 1032 2060 sed
1063 2039 1126 2060 suas
1158 2031 1243 2067 ipsius
1268 2037 1364 2067 partes
1386 2031 1566 2066 redet'uptieni
1597 2032 1668 2059 inse-

882 2080 977 2108 ruisse.

915 2124 945 2153 B.
964 2125 1047 2153 Aiunt
1063 2124 1171 2160 quidem
1184 2124 1276 2152 datum
1290 2130 1350 2151 esse
1365 2131 1379 2151 a
1393 2123 1473 2150 Patre
1496 2122 1668 2159 Uuigenitum

881 2177 912 2200 ut
930 2180 974 2200 res
990 2176 1098 2199 nostras
1113 2170 1293 2202 administret,
1311 2177 1363 2197 non
1382 2174 1472 2197 autem
1497 2169 1524 2196 in
1549 2177 1596 2196 sua
1622 2177 1669 2196 na-

881 2223 941 2246 tura
956 2218 1103 2245 humanum
1118 2217 1219 2252 aliquid
1234 2216 1369 2252 patiatur;
1384 2223 1445 2242 nam
1468 2215 1519 2244 hoc
1536 2215 1593 2242 ﬁeri
1615 2223 1668 2242 non

881 2268 982 2300 potest.

916 2310 948 2336 Δ.
971 2309 1029 2344 Ipse
1046 2313 1121 2337 certe
1135 2309 1163 2336 in
1176 2316 1222 2336 sua
1239 2312 1336 2335 natura
1349 2307 1415 2335 nihil
1428 2308 1537 2336 omnino
1553 2307 1666 2343 patitur.

879 2356 947 2384 Cum
963 2356 1034 2383 enim
1050 2356 1085 2383 sit
1106 2356 1293 2390 incorporeus,
1308 2360 1337 2382 ut
1359 2355 1443 2387 Deus,
1460 2355 1594 2389 passionis
1610 2363 1668 2382 om-

879 2403 922 2430 nis
935 2409 1031 2437 expers
1045 2406 1096 2429 est.
1109 2402 1175 2429 Cum
1192 2409 1257 2429 vero
1276 2401 1351 2435 juxta
1366 2402 1449 2436 ipsius
1469 2409 1572 2434 vocem,
1589 2401 1667 2436 juxta

881 2449 1001 2481 Davidis,
1020 2449 1143 2483 inquam,
1162 2447 1259 2483 lyram,
1276 2455 1374 2482 corpus
1389 2448 1412 2475 ci
1429 2455 1443 2474 a
1459 2447 1539 2475 Patre
1556 2454 1665 2482 coapta-

880 2500 936 2522 tum
953 2499 1004 2527 est,
1017 2501 1161 2528 corporeus
1174 2494 1283 2521 advenit
1297 2499 1326 2520 ut
1338 2500 1533 2528 exsequeretur
1545 2494 1667 2522 volunta-

882 2545 936 2568 tem
951 2540 1048 2567 Patris.
1065 2539 1126 2567 Hmc
1139 2546 1220 2574 porro
1233 2544 1292 2566 erat
1307 2539 1455 2574 redemptio
1471 2548 1518 2574 per
1531 2548 1665 2568 veneran-

881 2586 942 2614 dam
958 2594 990 2614 ac
1011 2586 1157 2622 pretiosam
1181 2593 1300 2618 crucem,
1321 2591 1403 2621 atque
1425 2586 1587 2614 instauratio
1607 2588 1667 2615 uni-

881 2639 1020 2660 versorum
1042 2639 1090 2667 per
1118 2631 1205 2666 ipsum
1229 2635 1256 2660 et
1281 2631 1307 2658 in
1333 2632 1390 2667 ipso
1418 2632 1519 2667 optime
1546 2639 1665 2668 peracta.

880 2675 1020 2704 Consentit
1035 2685 1098 2704 vero
1113 2677 1147 2704 iis
1161 2684 1220 2713 quae
1240 2677 1307 2712 dixit
1322 2677 1403 2705 etiam
1419 2678 1537 2712 optimus
1554 2677 1666 2712 Paulus,

882 2719 918 2745 ita
935 2720 1057 2748 scribens
1075 2729 1081 2748 :
1097 2730 1106 2746 ι
1124 2721 1179 2748 lloc
1190 2721 1261 2749 enim
1286 2722 1383 2749 sentite
1404 2722 1429 2749 in
1454 2722 1539 2756 vobis,
1556 2724 1625 2758 quod
1641 2728 1668 2751 et

881 2765 908 2792 in
922 2766 1031 2803 Christo
1048 2765 1122 2800 Iesu,
1137 2768 1180 2803 qui
1195 2776 1255 2796 cum
1278 2769 1304 2795 iu
1322 2769 1408 2796 forma
1433 2767 1478 2796 Dei
1504 2773 1586 2797 esset.
1610 2776 1663 2797 non
