1907 3038
59 148 125 177 ιδιει

59 210 87 236 ιν
108 205 264 234 ταπεινώσει
287 205 316 233 τὸ
336 206 446 241 ὑψηλὸν,
468 206 515 233 καὶ
536 204 567 233 τὸ
591 206 671 240 φύσει
697 205 798 241 προσὸν
811 203 848 236 ὡς
864 205 886 234 Λ

59 255 127 281 δοτὸν
142 253 183 279 διὰ
204 253 235 279 τὸ
251 252 421 287 ἀνθρώπινον
436 252 648 288 προσκυνεῖσθαι
668 252 737 287 πρὸς
760 249 846 277 ἀπάν-

59 309 118 327 των.
139 300 268 333 Κάμπτει
292 298 347 333 γὰρ
366 297 441 332 αὑτῷ
459 299 513 324 πᾶν
537 298 601 332 γόνυ
625 297 679 324 τῶν
701 305 732 324 τε
755 297 783 323 ὲν
801 295 845 321 οὺ-

59 347 155 381 ρανοῖς,
172 345 220 371 καὶ
240 345 285 370 ἐπὶ
302 344 364 378 γῆς,
381 344 429 370 καὶ
452 344 506 370 πᾶν
523 344 617 378 τάγμα
631 343 776 377 δοξολογεῖ.
789 342 848 370 Κύ-

60 399 113 426 ριος
128 391 182 425 γὰρ
196 389 266 416 εἶναι
282 389 442 416 πιστεύεται
462 389 580 425 Χριστὸς
601 389 704 424 Ἰησοῦς
719 389 758 421 εἰς
770 389 849 421 δόξαν

59 437 122 464 Θεοῦ
137 437 253 472 Πατρός.
277 437 331 464 Καὶ
344 436 410 470 γοῦν
433 435 485 472 ἔφη
501 437 568 472 πρὸς
580 436 624 463 τὸν
637 437 666 462 ἐν
686 437 742 468 τοῖς
765 436 849 471 οὐρα-

59 486 111 517 νοῖς
127 484 239 519 Πατέρα,
250 483 296 510 καὶ
315 483 391 510 Θεόν-
412 493 421 509 1
440 483 541 518 Πάτερ,
566 482 677 514 δόξασόν
693 491 726 517 με
738 483 771 518 τῇ
784 482 848 518 δόξῃ

60 528 76 567 ᾖ
91 529 171 567 εἶχον.
187 530 239 566 πρὸ
251 530 298 556 τοῦ
315 529 360 556 τὸν
374 529 475 564 κόσμον
494 527 572 561 εἶναι,
591 529 666 565 παρὰ
684 530 735 556 σοι.
754 538 763 553 ι
785 526 849 564 Ἆρ’

59 576 114 609 οὖν,
136 577 194 604 εἰπέ
211 585 267 612 μοι,
284 575 452 612 προκόσμιος
469 573 502 611 ἦν
524 570 538 602 ό
554 575 708 610 ἅνθρωπος,
725 574 755 601 ὃν
776 574 851 600 ἀνει-

60 624 158 658 λῆφθαι(
177 631 245 658 φασι
260 621 335 656 παρὰ
357 621 405 647 τοῦ
421 620 590 655 Μονογενοῦς
607 620 678 647 κατὰ
701 620 849 655 συνάφειαν

61 671 204 706 σχετικήνι

95 718 126 744 Β.
144 716 286 752 Οὐδαμῶς.

93 765 127 791 Λ.
147 764 194 796 Τίς
209 762 254 790 οὖν
276 764 331 799 ἄρα
347 763 420 790 ἐστὶν
444 763 458 789 ό
481 762 559 795 δόξαν
574 761 667 793 αῑτῶν,
683 761 717 797 ἢν
731 761 778 788 καὶ
797 761 850 798 πρὸ

60 810 143 845 αὐτῆς
163 810 212 844 τῆς
225 808 272 836 τοῦ
287 810 391 845 κόσμου
413 808 565 844 καταϐολῆς
582 807 746 844 ἐνυπάρχειν
761 807 851 843 ἑαυτῷ

60 864 153 891 φησιν,
169 855 213 882 ἀεὶ
236 855 283 881 καὶ
308 854 352 881 διὰ
375 854 476 885 παντὸς
491 853 549 880 ὄντι
569 853 646 889 παρὰ
659 853 736 888 Θεῷ;
760 853 817 888 Οὐχ
838 854 852 880 ὁ

61 901 194 932 ωναῖδιος
216 900 255 936 τῷ
285 899 375 936 Πατρὶ
396 897 461 932 Θεὸς
485 900 590 934 Λόγος,
615 900 629 926 ὁ
653 899 797 935 σύνθρονός
820 908 849 926 τε

60 949 109 975 καὶ
132 946 340 982 συνυφεστηκὼς
363 946 448 982 αὐτῷ,
465 946 529 982 περὶ
547 943 576 973 οὗ
590 954 671 981 φησιν
685 947 699 972 ό
714 946 851 980 πάνσοφος

61 994 255 1029 εὐαγγελιστὴς
273 993 407 1029 Ἰωάννης·
423 1003 431 1019 1
443 993 473 1019 '0
484 993 569 1027 Λόγος
583 990 617 1028 ἦν
636 986 704 1028 ripe;
718 992 763 1019 τὸν
773 991 851 1025 Θεὸν,

61 1040 108 1067 καὶ
123 1040 186 1071 Θεὸς
199 1038 232 1075 ἦν
245 1041 258 1066 ὁ
274 1040 378 1074 Λόγος;
398 1049 407 1066 ι

95 1087 127 1112 Β.
146 1085 207 1117 Πῶς
222 1086 277 1121 γὰρ
291 1085 337 1117 ob;

95 1132 130 1157 Δ.
146 1126 251 1166 Ὠσπερ
264 1129 310 1158 οὖν
324 1130 375 1165 τῆς
396 1130 476 1166 δόξης
493 1129 598 1166 Κύριος
613 1129 660 1163 ὢν⁷
677 1127 736 1156 εἶτα
758 1129 853 1162 καθεὶς

60 1178 158 1204 ἑαυτὸν
172 1177 215 1204 διὰ
234 1177 317 1212 μέσου
334 1177 402 1212 πρὸς
414 1177 445 1203 τὸ
462 1176 590 1208 δυσκλεὲς
609 1176 658 1212 τῆς
674 1176 767 1203 δούλου
788 1182 854 1212 μορ-

61 1225 129 1259 φῆς,
149 1224 198 1259 τῆς
225 1223 338 1259 ἐνούσης
359 1223 403 1250 ἀεὶ
425 1223 504 1258 δόξης
532 1222 622 1258 ἐαυτῷ
644 1223 694 1258 τὴν
721 1222 854 1257 ἀνάληψιν

61 1272 143 1302 αἰτεῖ,
154 1271 199 1297 καὶ
213 1270 293 1296 τοῦτο
305 1269 375 1305 δρῶν
383 1269 431 1296 ἀνθ
437 1269 636 1306 ρωποπρεπῶς·
652 1268 723 1295 οὕτω
733 1269 780 1295 καὶ
789 1269 855 1301 Θεὸς

63 1317 195 1352 ὑπάρχων
210 1316 263 1348 ἀεὶ,
281 1316 349 1351 πρὸς
363 1315 412 1351 τὴν
425 1315 474 1350 τῆς
491 1315 558 1346 ιδίας
578 1315 704 1350 θεότητος
717 1315 855 1351 ὑπεροχήν

61 1370 92 1387 τε
111 1361 251 1393 καὶδόξαν
275 1362 306 1386 ὲκ
329 1360 384 1387 τῶν
400 1360 461 1386 καθ’
485 1360 558 1395 ἡμᾶς
579 1359 687 1394 μέτρων
713 1359 854 1394 ἀναφοιτᾷ,

62 1406 144 1439 ἵν’ὠς
155 1408 194 1433 ἑνὶ
209 1407 300 1433 λοιπὸν
311 1406 367 1442 Titi")
381 1406 420 1441 τῷ
433 1405 504 1432 κατὰ
516 1405 648 1440 φύσινκαὶ
660 1405 788 1441 ἀληθινῷ,
797 1406 858 1432 καί·

62 1462 106 1480 τοι
124 1453 185 1480 καθ’
204 1454 277 1489 ἡμᾶς
294 1453 417 1486 γεγονότι
439 1452 486 1478 καὶ
511 1452 724 1487 σεσαρκωμένῳ,
743 1451 858 1487 κάμπτῃ

63 1502 123 1527 πᾶν
136 1501 210 1534 γόνυ,
229 1500 356 1534 καθάπερ
376 1498 444 1534 ἔφην
465 1499 577 1534 ἀρτίως.
594 1499 679 1524 Ταυτὶ
694 1498 758 1533 γὰρ,
770 1496 856 1533 οἶμαι,

65 1546 229 1582 φρονοῦντες
244 1545 295 1572 ὡδέ
307 1553 335 1571 τε
349 1544 535 1575 πιστεύοντες,
556 1543 737 1579 ἐγκλημάτων
753 1544 859 1580 ἀνθρω-

64 1592 228 1627 πολατρίας,
245 1591 360 1626 οὐρανόν
372 1599 402 1616 τε
414 1591 460 1617 καὶ
472 1591 523 1625 γῆν
537 1589 740 1625 ἀπαλλάξομεν.
757 1590 863 1626 Γέγρα-

65 1646 135 1664 πται
150 1637 214 1672 γὰρ,
232 1638 272 1664 ὅτι
293 1646 302 1662 1
321 1636 424 1671 Κύριον
440 1636 484 1662 τὸν
499 1636 565 1662 Θεόν
591 1644 635 1662 σου
652 1637 861 1671 προσκυνήσεις,

64 1684 117 1710 καὶ
135 1683 209 1718 αὐτῷ
225 1683 298 1718 μόνῳ
311 1681 482 1713 λατρεύσεις,
505 1692 514 1707 ι

107 1772 139 1799 B.
155 1771 292 1798 Πλείστων
315 1771 349 1798 ἂν
366 1772 452 1798 δέοιτο
474 1771 527 1798 τῶν
548 1772 778 1808 ὲπικουρημὰτων
793 1773 806 1799 ὁ
819 1773 865 1799 ἐπὶ

64 1819 138 1854 τῷδε
154 1818 245 1852 λόγος.
268 1819 319 1844 Ἴθι
341 1817 372 1853 δὴ
384 1817 430 1845 οὖν
445 1819 491 1844 καὶ
505 1818 539 1844 δι’
561 1819 662 1853 ἐτέρων
677 1820 743 1854 ἡμῖν
755 1819 865 1846 ἐννοιῶν

63 1865 197 1900 διασὰφει
210 1866 240 1891 τὸ
253 1865 341 1900 μυστή
347 1873 414 1899 ριον.

103 1912 137 1937 Α.
158 1910 262 1937 οὐκοῦν
277 1908 335 1945 εἶμί
356 1918 407 1942 τοι,
427 1910 475 1936 καὶ
496 1909 568 1944 μάλα
595 1909 762 1944 προθύμως·
782 1910 865 1945 φαίην

63 1959 90 1985 δ’
103 1958 149 1989 ἂν,
163 1958 204 1984 ὅτι
218 1957 396 1992 ἡμαρτήκασι
408 1955 553 1991 τάληθοῦς,
569 1955 606 1987 ὡς
621 1956 714 1991 ἕτερον
731 1957 796 1991 ἡμῖν
807 1956 864 1982 υἱὸν

64 2004 116 2031 τὸν
134 2005 168 2030 ὲκ
187 2004 345 2039 σπέρματος
361 2003 408 2029 τοῦ
421 2003 504 2028 Δαϐὶδ
518 2001 756 2037 παραζευγνύντες
769 2001 808 2037 τῷ
819 2002 866 2036 φύ-

67 2059 113 2077 σει
131 2051 180 2077 καὶ
197 2049 314 2084 ἀληθῶς,
341 2049 420 2084 δῆλον
435 2049 462 2075 δὲ
486 2049 526 2075 ὅτι
550 2048 588 2083 τῷ
604 2048 762 2082 Μονογενεῖ,
777 2048 865 2074 καίτοι

66 2097 191 2132 βοῶντος
209 2095 302 2130 σαφῶς
324 2095 396 2131 ῑεροῦ
419 2095 593 2130 Γράμματος·
613 2104 622 2120 1
647 2094 675 2120 '0
698 2094 806 2128 πρῶτος
821 2094 866 2120 ἇν-

66 2144 183 2179 Θρωπος
195 2143 226 2169 ἐκ
241 2143 291 2178 γῆς
300 2142 402 2178 χοῑκὺς,
416 2142 430 2168 ό
449 2141 574 2177 δεύτερος
590 2139 619 2173 ἐξ
643 2139 758 2176 οὐρανοῦ
769 2147 775 2153 ·
792 2149 801 2165 ν
819 2141 866 2166 καὶ

69 2189 128 2225 μὴν
143 2189 192 2215 καὶ
204 2188 285 2214 αὐτοῦ
300 2187 347 2214 τοῦ
366 2187 442 2219 Υἱοῦ,
457 2188 497 2213 ὃτι
508 2196 516 2212 1
526 2186 713 2221 Καταὸέϐηκα
726 2187 758 2212 ὲκ
766 2185 813 2212 τοῦ
823 2186 867 2212 οὐ-

69 2234 170 2271 ρανοῦ,
185 2235 234 2269 οὐχ
245 2234 288 2261 ἵνα
304 2233 374 2269 ποιῶ
387 2234 417 2260 τὸ
428 2233 534 2269 Θέλημα
541 2233 571 2259 τὺ
584 2233 660 2267 em,
671 2231 737 2258 ἀλλὰ
748 2232 779 2258 τὸ
788 2231 867 2266 ϐέλη-

67 2281 171 2317 ματοῦ
188 2279 346 2316 πέμψαντός
362 2288 405 2314 με.
419 2279 506 2306 Τοῦτο
524 2279 553 2305 δέ.
576 2279 634 2304 ἐστι
652 2277 682 2304 τὸ
698 2277 804 2312 θέλημα
819 2276 866 2303 τοῦ

66 2326 232 2362 πέμψαντός
252 2335 296 2362 με,
312 2326 357 2352 ἴνα
370 2326 424 2352 πᾶν
438 2325 452 2351 ὃ
464 2325 563 2352 δέδωκέ
579 2332 623 2359 μοι
641 2323 678 2359 μὴ
695 2323 820 2350 ἀπολέσω
839 2323 868 2355 ἐξ

66 2373 170 2406 αὑτοῦ,
186 2372 253 2400 ἀλλὰ
265 2373 410 2408 ἀναστήσω
423 2371 489 2398 αὐτὸ
500 2373 534 2407 τῇ
547 2371 649 2406 ἐσχάτῃ
661 2369 761 2406 ἡμέρᾳ.
778 2379 787 2395 ι
802 2369 868 2395 Τίνα

67 2421 103 2458 δὴ
121 2419 172 2448 οὖν
187 2421 240 2456 ἄρα
254 2421 322 2455 φασὶ
333 2419 379 2446 τὸν
393 2419 423 2451 eg
438 2417 553 2455 οὐρανοῦ
572 2417 736 2452 καοιγμένον
748 2426 755 2451 ;
770 2416 868 2450 Γεγέν-

66 2476 157 2502 νηται
172 2467 225 2502 τὰρ
242 2467 273 2493 τὸ
288 2466 367 2502 σῶμα
380 2467 412 2493 ὲκ
428 2465 567 2501 γυναικός.

108 2514 142 2540 Β.
154 2513 206 2540 Τὸν
219 2514 252 2539 ἐκ
262 2512 330 2538 Θεοῦ
347 2513 453 2548 Harpe;
466 2512 587 2547 δηλονότι
598 2511 764 2547 γεννηθέντα
775 2509 868 2543 Λόγον.

67 2558 165 2595 Οἶμαι
183 2559 238 2594 γὰρ
251 2560 299 2594 οὐχ
314 2558 406 2594 ἕτερόν
417 2568 442 2585 τι
463 2560 571 2595 φρονεῖν
584 2559 690 2585 ἑλέσθαι
706 2558 781 2593 παρὰ
792 2558 871 2584 τοῦτο

67 2604 189 2636 αὐτούς.

110 2655 147 2680 Δ.
173 2651 285 2689 Ὀρθῶς,
303 2649 325 2679 ὦ
337 2653 437 2688 ἑταῖρε.
453 2652 579 2687 Γέγραερε
594 2652 622 2678 δέ
637 2661 688 2679 που
711 2652 758 2679 καὶ
770 2653 784 2678 ό
800 2651 868 2678 πάν-

71 2707 163 2733 τοιρος
187 2699 336 2734 Ἰωάννης*
367 2709 376 2724 1
409 2700 438 2726 '0
461 2698 563 2725 ἄνωθεν
592 2699 748 2734 ἐρχόμενος,
778 2698 871 2724 ἐπάνω

74 2748 191 2771 πάντων
220 2745 303 2771 ἐστίν.
324 2755 333 2770 ι
353 2742 420 2771 Εἶτα
444 2744 501 2776 πῶς
526 2744 663 2776 ἐθέλοντος
689 2743 735 2770 τοῦ
763 2743 871 2778 Ila-cpe;

111 2844 139 2860 "
160 2843 238 2872 Jmn.
264 2852 328 2879 xvii,

409 2846 430 2860 ³⁸
452 2845 531 2872 Deut.
553 2851 587 2878 νι,
604 2844 653 2878 l5;
670 2843 767 2872 Matth.
787 2844 882 2877 tv,10.

69 2888 120 2914 ut,
139 2879 192 2919 5t.

617 145 711 180 QUOD
732 144 824 173 UNUS
845 143 898 172 SIT
918 144 1101 174 CHRISTUS.

1620 150 1689 179 1.350

902 212 974 239 nem,
990 210 1017 233 et.
1031 205 1056 233 id
1076 205 1148 241 quod
1170 212 1267 233 natura
1284 206 1334 241 ipsi
1357 207 1428 234 inest
1451 206 1528 241 quasi
1551 213 1690 242 accoptum

899 252 1042 279 habentem
1053 256 1163 287 propter
1175 253 1383 285 humanitatem,
1395 253 1428 280 ab
1436 252 1561 280 omnibus
1572 254 1691 282 adorari.

900 297 1024 325 Flectuut
1039 299 1110 326 enim
1125 298 1149 326 ei
1161 307 1230 334 genu
1242 299 1332 326 omnia
1348 299 1481 332 coelestia,
1495 305 1523 328 et
1542 301 1693 332 terrestria,

900 348 926 371 ct
941 345 1029 371 omnis
1044 345 1109 371 ordo
1120 345 1265 372 clariﬁcat.
1284 346 1412 373 Dominus
1431 346 1502 373 enim
1521 353 1583 374 esse
1604 347 1693 373 credi-

901 393 947 417 tur
962 390 1089 417 Christus
1111 389 1188 418 Iesus
1207 391 1233 418 in
1257 391 1371 426 gloriam
1389 391 1434 419 Dei
1453 392 1561 419 Patris:
1583 392 1647 427 quin
1668 397 1692 418 et

901 435 957 470 ipse
974 436 1006 462 ad
1024 435 1129 463 Patrem
1144 443 1177 463 ac
1191 435 1275 463 Deum
1293 437 1429 464 caelestem
1444 438 1480 464 ita
1497 439 1603 472 inquit:
1620 446 1630 464 1
1643 437 1693 465 Pa-

902 485 952 513 ter,
966 481 1085 516 gloriﬁca
1108 488 1150 509 me
1172 489 1203 508 ea
1219 481 1306 516 gloria
1326 490 1406 517 quant
1430 483 1524 516 habui,
1547 489 1691 519 antequam

901 528 1017 554 mundus
1032 532 1116 558 esset,
1143 529 1212 563 apud
1231 533 1257 555 te
1275 528 1307 555 ³⁸.
1325 537 1334 554 ι
1355 528 1403 556 Dic
1424 537 1487 556 vero
1508 530 1572 557 mihi
1590 539 1597 558 :
1614 531 1695 558 homo

901 572 946 600 ille
961 580 1041 608 quem
1054 573 1087 601 ab
1106 573 1250 609 Unigenito
1271 575 1375 602 ratione
1395 580 1476 602 arcta:
1496 576 1695 610 conjunctionis

902 624 1069 654 assumptum
1094 626 1154 648 esse
1176 619 1283 653 dicunt,
1302 621 1441 648 exstititue
1470 627 1532 650 ante
1562 623 1695 650 constitu-

903 665 1003 692 tionem
1018 665 1128 693 mundi?

939 711 970 738 Β.
1007 711 1195 747 Nequaquam.

939 758 973 786 Δ.
995 758 1124 793 Quisnam
1139 761 1219 796 igitur
1230 765 1271 789 est
1287 760 1332 796 qui
1346 761 1413 796 petit
1430 769 1488 789 eam
1501 761 1626 797 gloriam,
1638 769 1691 797 qua

903 812 933 832 sc
957 810 1021 833 ante
1048 806 1186 834 conditum
1216 808 1346 834 mundum
1376 808 1519 842 prazditum
1544 808 1630 836 fuisse
1645 809 1697 841 ait,

905 851 983 885 77],
1003 859 1170 886 semperque
1192 856 1219 879 et.
1239 852 1274 879 ab
1293 858 1395 879 :eterno
1422 854 1490 888 apud
1512 853 1594 880 Deum
1614 854 1700 881 exsti-

905 898 990 924 tisse?
1008 897 1104 924 Nonne
1128 902 1294 925 cozcternum
1313 898 1385 925 Patri
1412 899 1547 932 Verbum,
1565 907 1617 926 una
1636 907 1697 927 cum

905 943 962 977 ipso
974 943 1122 977 exsisteus,
1141 943 1220 978 eique
1242 944 1381 977 assidens,
1407 945 1440 971 de
1460 952 1513 979 quo
1532 944 1698 979 evangelista

904 984 1022 1018 Joannes
1039 990 1146 1025 inquit:
1163 999 1172 1016 1
1189 989 1308 1018 Verbum
1330 994 1389 1018 erat
1398 991 1467 1025 apud
1478 990 1573 1024 Deum,
1588 996 1614 1019 et
1628 990 1699 1018 Deus

905 1041 965 1064 erat
979 1035 1095 1064 Verbum
1108 1037 1119 1063 ?
1140 1045 1149 1062 ι

940 1082 970 1110 Β.
991 1081 1059 1115 Quis
1073 1082 1178 1109 dubitet
1192 1082 1204 1109 ?

943 1128 976 1157 Α.
991 1129 1225 1162 Quemadmodum
1250 1128 1334 1164 igitur
1358 1128 1453 1163 gloriae
1472 1128 1603 1157 Dominus
1626 1130 1700 1158 exsi—

907 1181 991 1209 stens,
1011 1183 1072 1202 cum
1090 1182 1119 1202 se
1133 1175 1242 1202 demisit
1258 1181 1351 1210 postea
1366 1176 1400 1203 ad
1422 1176 1529 1204 servilis
1541 1176 1634 1204 forma:
1652 1177 1702 1204 hu-

908 1223 1061 1254 militatem,
1072 1222 1184 1257 gloriam
1198 1230 1249 1257 qua
1262 1223 1295 1249 ab
1308 1227 1410 1250 aeterno
1423 1222 1553 1257 praxlitus
1568 1228 1609 1250 est
1625 1224 1701 1251 reddi

909 1269 959 1296 sibi
976 1269 1061 1303 poscit
1074 1274 1101 1295 et
1118 1268 1225 1302 quidem
1246 1268 1298 1295 hoc
1312 1273 1493 1304 congruenter
1509 1269 1634 1297 humana:
1651 1277 1700 1296 na-

911 1320 978 1342 tura:
995 1315 1060 1342 facit
1077 1324 1083 1341 :
1102 1315 1139 1342 ita
1156 1315 1237 1342 etiam
1260 1314 1329 1342 Detts
1356 1322 1462 1350 semper
1485 1315 1621 1343 exsistens
1634 1336 1642 1348 ,
1669 1309 1702 1343 ad

910 1361 1026 1396 propria:
1042 1369 1098 1389 suae
1127 1361 1235 1388 deitntis
1261 1361 1518 1396 supereminentiam
1542 1367 1571 1389 et.
1589 1362 1702 1397 gloriam

911 1412 926 1432 e
943 1411 1038 1432 nostra
1055 1405 1211 1432 conditione
1224 1413 1330 1432 rursum
1345 1407 1513 1439 conscendit,
1529 1411 1558 1433 ut
1574 1412 1701 1442 tanquam

911 1452 957 1478 uni
989 1451 1116 1486 deinceps
1142 1451 1257 1478 naturali
1281 1459 1313 1478 ac
1335 1459 1399 1478 vero
1424 1451 1509 1484 Filio,
1527 1454 1634 1480 tametsi
1658 1460 1703 1480 no-

913 1498 961 1525 stri
990 1498 1071 1524 simili
1103 1498 1176 1525 facto
1204 1502 1284 1532 atque
1299 1497 1441 1525 ineat-nato
1467 1506 1547 1526 omne
1563 1506 1632 1533 genu
1658 1498 1705 1525 lic-

915 1549 1019 1577 ctatur,
1045 1544 1115 1571 sicut
1136 1544 1215 1571 modo
1233 1544 1298 1570 dixi.
1325 1543 1362 1570 lta
1372 1545 1441 1571 cnim
1455 1545 1604 1572 sentientes
1626 1550 1708 1579 atque

916 1591 1068 1624 credentes,
1087 1591 1185 1618 cretum
1204 1590 1305 1624 pariter
1324 1595 1351 1617 et
1365 1596 1464 1617 terram
1487 1591 1520 1617 ab
1538 1598 1570 1618 eo
1591 1591 1706 1618 crimine

914 1638 985 1673 quod
1001 1637 1136 1664 hominem
1147 1638 1241 1663 adoret
1251 1637 1408 1663 liberamus.
1417 1636 1554 1671 Scriptum
1563 1641 1605 1663 cst.
1616 1637 1706 1663 enim:

915 1684 978 1718 quia
997 1693 1006 1708 1
1028 1683 1172 1709 Dominum
1188 1683 1270 1709 Detuu
1297 1686 1372 1708 tuutn
1394 1681 1530 1714 adorabis,
1553 1685 1580 1709 et
1600 1682 1637 1708 illi
1658 1681 1708 1709 soli

915 1730 1019 1757 servies
1030 1729 1062 1756 ".
1075 1738 1084 1754 )

952 1775 983 1802 Β.
1003 1775 1093 1802 Multis
1110 1773 1282 1802 adminiculis
1301 1781 1392 1801 sermo
1414 1773 1464 1800 hac
1482 1773 1514 1801 de
1531 1781 1560 1801 re
1577 1773 1706 1809 indigeat.

915 1821 1001 1856 Perge
1019 1821 1126 1854 itaque,
1145 1824 1173 1846 et
1193 1818 1253 1845 aliis
1274 1818 1356 1845 etiam
1380 1818 1533 1845 rationibus
1547 1819 1626 1845 nobis
1652 1825 1707 1854 my-

916 1868 1029 1895 sterium
1045 1867 1160 1900 explica.

952 1913 984 1940 Α.
1002 1914 1129 1947 Pergam.
1144 1916 1171 1938 et
1188 1911 1295 1945 quidem
1313 1910 1490 1944 perlibenter.
1508 1911 1628 1939 Dixerim
1642 1919 1707 1940 vero

917 1967 964 1987 eos
979 1968 993 1986 a
1006 1967 1071 1986 vero
1082 1959 1224 1990 aberrare,
1235 1957 1305 1992 quod
1320 1957 1402 1984 alium
1419 1957 1500 1984 nobis
1518 1957 1601 1984 ﬁlium
1612 1959 1656 1993 qui
1674 1959 1712 1986 sit.

918 2014 951 2033 ex
966 2005 1070 2033 semine
1084 2004 1168 2031 David
1184 2004 1353 2038 coniungunt
1371 2011 1431 2030 cum
1461 2003 1577 2030 naturali
1595 2011 1626 2031 ac
1647 2012 1711 2032 vere

918 2051 1014 2083 Filio,
1046 2050 1175 2077 nimirum
1212 2048 1378 2082 Unigcnito,
1418 2055 1479 2075 cum
1502 2048 1602 2083 alioqui
1631 2057 1711 2077 sacra

919 2098 1059 2132 Scriptura
1077 2100 1169 2131 aperte
1186 2095 1306 2123 clamet:
1328 2103 1338 2120 1
1361 2094 1559 2122 Priumshomo
1584 2102 1616 2123 ex
1639 2100 1711 2123 terra

919 2148 1054 2175 terrenus,
1080 2141 1215 2169 secundus
1241 2148 1274 2168 ex
1297 2140 1367 2167 curio
1396 2140 1512 2167 caelestis
1531 2139 1553 2156 ³⁵
1574 2149 1580 2167 :
1611 2149 1620 2166 ›
1647 2141 1711 2176 quin

918 2194 944 2216 et
957 2188 1026 2215 Filio
1039 2188 1097 2222 ipso
1115 2187 1239 2218 dicente,
1268 2186 1330 2220 quia
1346 2194 1355 2210 1
1373 2185 1504 2212 Desccndi
1516 2193 1548 2212 ex
1565 2186 1643 2218 cmlo,
1660 2195 1711 2213 non

884 2249 905 2275 D
921 2241 948 2262 ut
967 2235 1065 2262 furiam
1083 2234 1251 2261 voluntatem
1275 2240 1380 2264 meam,
1400 2232 1447 2259 sed
1468 2232 1632 2259 voluntatem
1656 2233 1714 2267 ejus

921 2283 966 2317 qui
981 2281 1054 2308 misit.
1074 2288 1127 2308 me.
1144 2280 1207 2307 Htec
1219 2283 1261 2306 est
1276 2283 1368 2305 autem
1382 2278 1506 2305 voluntas
1526 2277 1584 2311 ejus
1597 2278 1642 2313 qui
1661 2279 1712 2305 mi-

922 2328 957 2355 sit
969 2334 1023 2359 tne,
1039 2330 1068 2353 ut
1082 2333 1163 2353 omne
1189 2325 1262 2359 quod
1280 2324 1355 2352 dedit
1376 2323 1444 2351 mihi
1463 2331 1516 2350 non
1541 2323 1662 2351 amittam
1679 2331 1713 2351 ex

922 2382 965 2406 eo,
980 2373 1026 2400 sed
1044 2372 1202 2399 resuscitem
1213 2371 1278 2398 illud
1293 2371 1319 2398 iu
1332 2371 1481 2398 novissimo
1493 2371 1536 2398 die
1550 2370 1712 2404 ".nQuem-

923 2428 985 2447 nam
998 2419 1080 2454 igitur
1093 2425 1156 2445 esse
1168 2417 1261 2444 dicunt
1274 2424 1335 2444 eum
1353 2416 1397 2450 qui
1415 2424 1430 2443 e
1454 2416 1525 2444 caelo
1545 2416 1686 2444 descendit
1702 2416 1714 2444 τ

922 2471 1013 2494 natum
1030 2464 1101 2491 enim
1114 2467 1156 2490 est
1170 2470 1269 2497 corpus
1286 2470 1319 2490 ex
1333 2463 1458 2490 muliere.

958 2511 990 2538 Β,
1007 2509 1125 2537 Verbum
1139 2508 1267 2544 profecto
1287 2515 1320 2535 ex
1335 2508 1390 2535 Deo
1409 2508 1491 2535 Patre
1506 2509 1638 2543 genitum.
1663 2508 1714 2535 Ar-

924 2557 1011 2584 bitror
1050 2554 1123 2582 enim
1166 2554 1240 2588 ipsos
1277 2561 1331 2580 non
1366 2553 1441 2580 aliud
1483 2554 1629 2590 quidquam
1665 2555 1717 2583 hoc

923 2603 1000 2630 velle.

962 2650 995 2676 A.
1011 2648 1094 2675 Recte
1109 2647 1159 2678 ais,
1173 2654 1189 2673 ο
1207 2645 1304 2672 amice.
1320 2644 1438 2679 Scripsit
1449 2651 1514 2672 vero
1524 2644 1622 2672 alicubi
1634 2645 1717 2672 etiam

927 2694 1144 2730 sapientissimus
1159 2691 1278 2719 Joannes
1297 2699 1305 2718 :
1325 2700 1335 2716 1
1364 2690 1414 2723 Qui
1437 2697 1452 2717 e
1471 2691 1597 2724 supernis
1625 2691 1717 2723 venit,

927 2750 1007 2777 super
1021 2748 1116 2769 omnes
1124 2743 1165 2766 est
1175 2739 1207 2766 ³⁸.
1221 2737 1314 2773 »Διψιί
1331 2737 1466 2772 quomodo
1481 2744 1542 2764 cum
1557 2735 1640 2762 Pater
1655 2736 1719 2764 velit

941 2845 967 2859 π’
983 2843 992 2870 1
1012 2843 1074 2872 Cor.
1097 2850 1141 2874 xv,
1158 2842 1202 2869 Π.
1257 2841 1277 2857 ³⁷
1297 2839 1377 2871 loan.
1392 2847 1427 2872 v1,
1446 2837 1492 2873 58,
1506 2838 1550 2867 59.
1596 2838 1618 2855 ³⁸
1636 2837 1716 2866 Joan.
