1907 3038
80 177 154 204 I355

648 177 741 212 QUOD
762 177 854 205 UNUS
874 176 926 204 SlT
947 174 1127 203 CllRlSTUS.

1644 177 1710 204 ΙΠΞὲ

121 235 151 261 Β.
171 232 236 270 Ἀρ*
249 231 294 261 οὖν
315 235 360 262 τὸν
375 235 488 270 ἔσχατον
509 235 604 271 Ἀδὰμ,
623 237 667 263 τὸν
685 238 715 263 ἐκ
738 237 805 262 Θεοῦ
822 244 869 270 φα-

961 235 990 261 B.
1006 235 1134 262 Ultimum
1153 235 1242 269 itaque
1257 235 1391 262 Adamnm
1408 240 1533 262 vocatum
1562 242 1622 262 esse
1643 236 1710 262 dici-

79 290 137 315 μεν
152 281 307 316 ὠνομάσθαι
325 282 425 315 Λόγονε

118 328 152 354 Δ.
168 327 205 353 Οὐ
230 326 341 362 γυμνὸν,
367 327 405 359 ὡς
418 328 496 362 ἕῳην,
514 330 645 363 γεγονότα.
670 329 697 355 δὲ
715 329 815 363 μᾶλλον
843 329 871 355 ἐν

76 373 212 408 ομοιώσει
230 374 262 408 τῇ
289 373 356 408 πρὸς
372 374 455 409 ἡμᾶς.
473 374 558 401 Αὑτὸν
573 372 619 401 οὖν
634 373 702 401 εἷναί
723 383 823 409 φαμεν,
835 375 872 400 εἵ-

76 426 139 454 περ
160 419 233 445 ἐστὶν
252 419 302 445 οὐκ
320 419 499 454 ἀνθρώπινον,
515 419 664 456 θεοπρεπὲς
677 420 706 446 δὲ
728 419 828 455 μᾶλλον
842 420 872 446 τὸ

77 463 234 496 ζωοποιεῖν.
264 464 459 499 Κεχρημάτικε
479 465 506 491 δὲ
521 466 568 492 καὶ
585 465 697 500 ἔσχατος
724 466 819 501 Ἀδὰμ,
835 465 873 497 ὡς

77 507 113 539 ἐξ
132 508 216 542 Ἀδὰμ
225 508 344 542 γεγονὼς
355 509 425 535 κατὰ
437 509 536 546 σάρκα,
548 511 593 536 καὶ
606 510 677 546 ἁρχὴ
689 510 803 545 δευτέρα
817 510 873 536 τῶν

77 553 132 579 ἐπὶ
146 553 207 587 γῆς,
223 553 494 590 ἀναστοιχειουμένης
518 556 546 582 ὲν
563 555 638 591 αὐτῷ
658 556 706 592 τῆς
728 555 871 591 ἀνθρώπου

77 597 202 632 φύσεως,
216 599 255 631 είς
273 600 419 636 καινότητα
436 600 518 636 ζωῆς,
535 601 584 638 τῆς
599 602 628 628 ὲν
642 602 770 639 ἁγιασμῷ
783 611 813 628 τε
825 603 872 629 καὶ

77 641 233 678 ἀφθαρσίᾳ,
251 643 296 669 διὰ
312 644 362 678 τῆς
383 645 415 670 ὲκ
438 645 543 680 νεκρῶν
563 647 750 678 ἀναστάσεως·
766 655 870 682 κατηρ-

75 688 155 723 γήθη
169 689 239 715 οὕτω
259 689 383 722 θάνατος,
397 691 447 717 οὐκ
464 691 652 727 ἀνασχομένης
670 692 720 728 τῆς
741 692 808 719 κατὰ
822 692 873 728 φύ-

77 740 129 760 σιν
142 734 224 769 ζωῆς,
241 734 381 762 ὑποθεῖναι
395 737 427 771 τῇ
444 736 531 772 φθορᾷ
542 737 573 764 τὸ
588 738 654 764 [διον
669 739 758 774 σῶμα,
777 739 872 766 καθότι

75 781 134 807 οὐκ
147 778 181 816 ἦν
194 780 305 807 δυνατὸν
318 782 477 816 κρατεῖσθαι
494 783 611 818 Χριστὸν
633 784 679 810 ὑπ’
692 785 788 820 αὐτῆς,
802 784 873 812 κατὰ

74 827 133 863 τὴν
145 827 192 853 τοῦ
209 827 352 854 θεσπεσίου
364 828 470 855 Παύλου
487 830 579 865 φωνήν
588 838 596 845 ο
607 830 685 865 διέϐη
699 830 728 857 δὲ
739 830 810 857 οὕτω
824 831 872 858 καὶ

74 873 123 905 εις
136 873 208 908 ἡμᾶς
222 872 320 904 αὐτοὺς
341 873 371 899 τὺ
385 874 417 900 ὲκ
435 874 482 900 τοῦ
499 874 709 910 κατορθώματος
727 875 839 910 ἀγαθόν.

118 960 150 988 Β.
167 962 283 996 Ἀριστα
297 962 374 997 ἔφης.

117 1007 150 1034 Δ.
165 1007 260 1041 Ἀθρει
273 1007 301 1034 δὲ
318 1008 349 1042 δή
370 1016 413 1042 μοι
431 1008 542 1035 κάκεῖνο
555 1008 622 1044 πρὸς
632 1010 747 1042 τούτοις.

117 1051 149 1079 Β.
165 1052 201 1079 Τὸ
213 1052 240 1079 τί
256 1053 287 1088 δὴ
298 1053 368 1088 φὴς;

115 1097 149 1125 Δ.
179 1098 250 1133 Ἔφη
280 1107 331 1124 που
355 1099 472 1134 Χριστὸς
497 1101 552 1131 τοῖς
577 1101 665 1135 ἁγίοις
693 1102 870 1135 ἀποστόλοις,

77 1153 91 1171 ε
114 1144 305 1179 Πορευθέντες,
319 1145 507 1179 μαθητεύσατε
522 1146 611 1173 πάντα
627 1146 661 1173 τὰ
683 1147 758 1182 ἔθνη,
777 1147 873 1182 βαπτί-

75 1190 174 1222 ζοντες
186 1190 284 1222 αὐτοὺς
295 1191 334 1222 εἰς
347 1190 378 1217 τὸ
389 1191 475 1226 δνομα
488 1191 535 1218 τοῦ
546 1192 663 1228 Πατρὸς,
680 1193 726 1219 καὶ
738 1193 783 1219 τοῦ
795 1193 871 1225 Υίοῦ,

75 1235 129 1262 καὶ
141 1235 189 1262 τοῦ
212 1236 290 1270 ἁγίου
314 1236 482 1272 Πνεύματος.
505 1247 515 1262 ι
539 1237 749 1273 Βεὸαπτίσμεθα
768 1238 800 1274 δὴ
825 1236 873 1265 οὖν

76 1282 122 1312 εἰς
136 1281 216 1315 ἁγίαν
233 1282 279 1309 καὶ
297 1282 439 1317 ὀμοούσιον
455 1283 569 1317 Τριάδα,
586 1285 636 1319 τὴν
649 1283 678 1310 ἔν
695 1284 726 1318 γέ
747 1293 818 1320 φημι
834 1285 873 1320 τῷ

76 1327 180 1362 Πατρὶ,
196 1325 294 1363 καὶτῷ
311 1328 379 1363 Υἰῷ,
397 1329 446 1355 καὶ
457 1328 496 1364 τῷ
515 1329 586 1364 ἁγίῳ
603 1330 755 1365 Πνεύματι.
771 1331 806 1357 Ἦ
822 1332 874 1358 οὐκ

77 1371 181 1407 ὀληθὲς
193 1374 261 1409 ὅπερ
275 1373 360 1409 ἕφην;

115 1417 148 1445 Β.
163 1419 219 1445 Καὶ
235 1419 294 1450 πῶς
315 1420 370 1455 γὰρ
382 1420 429 1453 ob;

111 1465 145 1491 A.
164 1465 202 1492 οὐ
216 1465 326 1501 Πατέρα
342 1467 393 1501 μὲν
408 1467 521 1502 νοοῦμεν
534 1468 580 1494 τὸν
593 1469 786 1504 γεγεννηκότα,
809 1470 873 1497 Υἱδν

75 1511 110 1539 δὲ
123 1511 157 1548 δὴ
180 1512 227 1538 καὶ
252 1511 286 1539 αὖ
298 1512 344 1539 τὸν
358 1512 389 1545 ἐξ
408 1514 491 1540 αὑτοῦ
506 1514 577 1541 κατὰ
600 1515 681 1549 φύσιν
707 1516 873 1552 γεννηθέντα

77 1557 214 1592 μονογενῆ
225 1556 290 1583 Θεὸν
307 1557 392 1592 Λόγον
400 1567 407 1591 ;

115 1603 148 1630 Β.
163 1603 217 1630 Καὶ
233 1603 314 1630 πάνυ.

114 1649 149 1676 Δ.
169 1649 232 1680 Πῶς
243 1649 292 1676 οὖν
310 1650 349 1681 είς
370 1650 416 1677 τὸν
433 1651 545 1678 θάνατον
560 1651 642 1679 αὐτοῦ
657 1653 871 1689 βεϐαπτίσμεθα,

77 1695 153 1723 κατὰ
165 1695 214 1731 τὴν
227 1695 274 1722 τοῦ
291 1696 426 1731 μακαρίου
442 1697 548 1724 Παύλου
563 1700 674 1734 φωνήν;
695 1709 705 1725 ι
719 1699 796 1726 Ὅσοι
807 1700 871 1736 γὰρ,

77 1740 175 1776 φησὶν,
187 1741 227 1772 είς
237 1741 354 1775 Χριστὸν
368 1741 584 1778 ἐσαπτίσθημεν,
597 1745 638 1776 εἰς
648 1745 693 1771 τὸν
702 1744 816 1772 θάνατον
827 1745 873 1772 αὑ-

77 1785 128 1812 τοῦ
145 1785 360 1822 ἐϐαπτίσθημεν.
373 1797 383 1814 ι
403 1788 473 1815 Ἀλλ’
492 1786 533 1821 εἷς
545 1789 658 1826 Κύριος,
667 1791 717 1826 μία
729 1791 829 1824 πίστις,
843 1791 872 1819 ἓν

78 1831 233 1867 βάπτισμα,
251 1833 298 1859 καὶ
314 1833 344 1859 οὒ
357 1833 443 1869 δήπου
458 1836 538 1869 φαῖεν
550 1835 594 1869 ἂν,
606 1836 644 1868 ὡς
655 1838 695 1868 είς
707 1838 799 1873 ἕτερον
809 1839 874 1866 ὄντα

78 1878 129 1905 καὶ
150 1878 241 1910 ίδικῶς
263 1879 327 1906 Υὶδν
340 1879 386 1906 τὸν
399 1881 432 1906 ὲκ
453 1882 610 1916 σπέρματος
622 1882 669 1908 τοῦ
688 1883 770 1910 Δαὸὶδ
793 1884 873 1918 βεϐα-

78 1922 229 1958 πτίσμεθα.
253 1923 363 1959 Ἐπειδὴ
390 1923 418 1950 δὲ
433 1924 499 1956 Θεὸς
522 1924 560 1951 ὢν
582 1924 661 1959 φύσει
683 1925 754 1961 πέρα
773 1927 872 1952 νοεῖται

78 1967 196 2001 πάθους,
213 1967 272 1995 εἶτα
295 1968 392 1995 παθεῖν
413 1969 558 2005 ἠθέλησεν,
578 1970 622 1997 ἵνα
645 1970 719 2006 σώσῃ
742 1971 805 2003 τοὺς
820 1971 873 1997 ὑπὸ

78 2013 195 2048 φθορὰν,
212 2013 340 2048 ὡμοιώθη
355 2013 427 2040 κατὰ
442 2014 529 2041 πάντα
542 2015 597 2046 τοῖς
610 2015 656 2041 ἐπὶ
671 2015 733 2049 γῆς,
745 2015 793 2041 καὶ
806 2015 873 2042 ἀπό-

77 2059 154 2091 τεξιν
177 2060 309 2093 ὑπέμεινε
331 2059 380 2094 τὴν
399 2059 471 2086 κατὰ
497 2059 587 2095 σάρκα
611 2060 644 2086 ἐκ
667 2060 805 2093 γυναικὸς,
826 2054 887 2087 mi.‘

79 2105 149 2132 ἴδιον
169 2105 326 2140 ἐποιήσατο,
341 2105 378 2136 ὡς
399 2105 479 2140 ἔφην,
501 2105 593 2140 σῶμα,
611 2106 642 2132 τὺ
660 2105 808 2139 γεύσασθαι
824 2107 872 2133 τοῦ

78 2151 200 2178 θανάτου
224 2150 381 2186 δυνάμενον,
405 2150 555 2177 ἀναϐιῶναί
577 2160 606 2177 τε
625 2151 671 2177 καὶ
695 2149 739 2184 αὖ,
758 2151 802 2178 ἵνα
826 2151 872 2186 μέ-

78 2205 136 2224 νων
159 2195 239 2227 αὐτὸς
266 2196 383 2231 ἀπαθὴς,
402 2196 486 2231 σαρκὶ
502 2197 536 2231 τῇ
565 2197 619 2232 ὶδιᾳ
640 2196 746 2230 λέγοιτο
764 2197 871 2225 παθεῖν.

78 2241 191 2268 Σέσωχε
207 2240 261 2275 γὰρ
279 2237 356 2272 οὗτος
377 2240 407 2266 τὺ
433 2241 582 2272 ἀπολωλός.
596 2242 651 2268 Καὶ
675 2241 740 2276 γοῦν
752 2242 872 2275 ἔφασκεν
889 2259 912 2287 D

79 2286 216 2322 ἐναργῶς,
234 2296 243 2313 ι
261 2287 330 2320 Ἐγώ
347 2288 405 2322 εἰμι
419 2288 433 2312 ὁ
445 2287 546 2323 ποιμὴν
562 2288 576 2314 ὀ
587 2288 677 2320 καλός.
698 2289 727 2314 '0
741 2289 843 2324 ποιμὴν
857 2291 872 2316 ὸ

79 2333 176 2365 καλὸς,
191 2333 240 2368 τὴν
265 2332 354 2368 ψυχὴν
370 2334 467 2360 ἑαυτοῦ
487 2334 593 2368 τίθησιν
606 2335 676 2370 ὑπὲρ
693 2335 746 2362 τῶν
771 2335 872 2370 trabi-

78 2389 148 2408 ιιων.
167 2389 176 2405 ι
189 2379 243 2406 Καὶ
257 2380 338 2406 πάλιν
349 2388 357 2394 ·
376 2389 385 2405 ί
400 2380 494 2412 Οὐδεὶς
505 2380 578 2415 αἴρει
594 2381 644 2416 τὴν
654 2381 743 2415 ψυχήν
758 2389 809 2416 μου
824 2381 871 2407 ἀπ’

78 2426 163 2461 ἐμοῦ,
178 2426 234 2453 ἀλλ’
251 2425 308 2460 ἐγὼ
335 2426 431 2461 τίθημι
455 2425 540 2461 αὐτὴν
558 2425 606 2452 ἀπ’
626 2425 756 2461 ἐμαυτοῦ.
783 2426 872 2458 Ἐξου-

80 2473 146 2499 σιαν
160 2473 214 2508 Εχω
228 2472 313 2499 θεῖναι
336 2473 431 2508 αὐτὴν,
454 2472 501 2499 καὶ
523 2472 646 2504 ἐξουσίαν
659 2472 713 2507 ἔχω
730 2471 811 2498 πάλιν
826 2472 873 2497 λι-

81 2519 142 2545 6er
165 2518 258 2553 αὑτήν.
281 2528 291 2544 ι
316 2518 384 2545 Ἀλλ’
412 2517 446 2554 ἦν
468 2519 517 2553 οὐχ
545 2518 603 2550 ἑνὸς
619 2517 671 2544 τῶν
699 2517 760 2544 καθ’
788 2518 872 2553 ἡμᾶς,

81 2562 147 2590 οὒτε
162 2563 214 2598 μὴν
235 2564 378 2600 ἀνθρώπου
394 2565 494 2597 κοινοῦ,
510 2565 540 2590 τὺ
555 2564 679 2596 ἐξουσίαν
699 2564 771 2599 ἔχειν
787 2564 873 2590 θεῖναί

83 2617 114 2635 τε
128 2608 218 2644 ψυχὴν
240 2609 288 2635 καὶ
303 2603 448 2636 ἀναλαϐεῖν
470 2609 564 2645 αὐτὴν.
584 2609 694 2636 Τέθεικε
718 2609 746 2635 δὲ
760 2610 807 2636 καὶ
827 2610 874 2635 ἁν-

84 2652 182 2680 ἐλαϐεν
193 2654 208 2679 ὁ
220 2654 373 2689 Μονογενὴς
390 2655 438 2681 καὶ
450 2654 557 2689 ἀληθῶς
570 2655 644 2686 Υἱὸς,
660 2654 714 2681 τῶν
729 2655 774 2681 τοῦ
792 2654 875 2682 θανά-

83 2708 132 2725 του
148 2699 253 2734 βρόχων
265 2700 339 2735 ἡμᾶς
353 2699 406 2732 ἔξω
418 2700 511 2731 τιθείς.
531 2701 595 2726 Ἱδοι
610 2701 632 2727 δ’
647 2700 680 2727 ἄν
696 2709 738 2732 τις
756 2698 786 2727 εὖ
803 2700 875 2735 μάλα

83 2745 173 2777 τουτὶ,
187 2745 235 2772 καὶ
245 2746 273 2771 ὲν
288 2747 348 2777 ταῖς
362 2746 484 2777 Μωσέως
503 2745 613 2780 βίϐλοις,
627 2746 665 2777 ὡς
682 2747 710 2773 ὲν
728 2747 817 2777 σκιαῖς
827 2747 874 2773 ἐπὶ

85 2791 142 2822 τοῖς
166 2790 247 2816 πάλαι
266 2790 516 2826 διαμορφούμενον-
537 2792 654 2825 ἐξείλετο
675 2793 730 2827 γὰρ
755 2792 872 2820 θανάτου

926 289 985 308 mus
1000 280 1116 308 Verbum
1133 290 1166 308 ex
1182 281 1237 308 Deo
1251 281 1352 308 Patre?

961 328 992 355 A.
1017 328 1072 354 Non
1098 329 1209 360 nudum,
1225 334 1254 355 nt
1273 329 1340 360 dixi,
1360 328 1440 363 773
1455 328 1502 355 sed
1522 328 1610 361 potius
1625 329 1711 356 nostri

926 373 1014 400 simile
1032 373 1142 400 factum.
1166 373 1253 408 Ipsum
1274 373 1357 408 igitur
1386 381 1447 400 esse
1471 373 1604 406 dicimus;
1625 373 1712 407 siqui-

926 419 986 445 dem
1001 426 1054 446 non
1067 423 1108 446 est
1125 419 1283 455 humanum,
1313 419 1360 446 sed
1384 419 1474 454 potius
1498 419 1618 446 divinum
1644 419 1713 445 vivi-

926 463 1019 490 licare.
1042 463 1162 491 Vocatus
1188 470 1277 491 autem
1300 469 1343 492 est
1367 465 1449 491 etiatn
1473 465 1582 491 ultimus
1603 464 1687 491 Adam
1703 484 1711 496 ,

926 514 1052 544 tanquam
1068 518 1101 537 ex
1116 510 1202 537 Adam
1224 510 1311 538 factus
1326 511 1473 537 secundum
1501 518 1608 537 carnem
1627 515 1654 537 et
1669 519 1713 538 se-

926 555 1042 581 cundum
1057 555 1218 591 principium
1244 564 1337 583 eorutn
1362 557 1408 590 qui
1435 557 1461 583 in
1484 557 1565 583 terris
1584 556 1710 591 degunt:

926 600 1074 627 instaurata
1087 601 1111 627 in
1129 602 1186 635 ipso
1199 602 1312 628 humana
1326 606 1420 628 natura
1437 602 1463 628 iu
1482 602 1628 628 novitatem
1648 603 1711 628 vita:

926 645 953 672 in
971 646 1186 674 sanctiﬁcatione
1210 651 1291 681 atque
1303 646 1506 673 immortalitate
1519 667 1526 678 ,
1553 655 1601 680 per
1614 655 1708 674 resur-

926 691 1236 718 rectionemcmortnis.
1267 691 1302 718 ita
1329 691 1401 718 enim
1432 691 1531 718 abolita
1553 697 1594 718 est
1620 692 1710 718 irrita-

925 743 980 771 que
995 736 1157 770 l'actatnors,
1175 745 1236 764 cum
1255 737 1386 764 naturalis
1412 737 1466 763 vita
1495 744 1549 763 non
1579 737 1712 764 εωιίιιιιίι

926 782 1064 815 proprittm
1088 789 1166 809 suum
1183 790 1280 816 corpus
1303 782 1424 808 interimi
1448 782 1555 815 subjici,
1579 789 1712 816 qua:euus

927 825 983 852 lieri
1009 833 1062 853 non
1085 830 1192 860 poterat
1226 831 1255 853 ut
1274 826 1400 853 Christus
1424 827 1458 853 ah
1484 835 1514 853 ea
1542 826 1710 857 vinceretur,

924 871 1000 903 juxta
1026 872 1110 899 divini
1140 872 1215 899 Pauli
1239 880 1332 900 vorem
1360 872 1394 898 “.
1422 871 1546 898 Transiit
1571 880 1636 899 vero
1661 873 1711 900 huc

889 917 910 944 Β
925 922 1004 953 pacto
1017 917 1098 945 etiam
1114 919 1140 945 in
1153 926 1203 946 nos
1217 919 1289 946 illius
1305 919 1428 953 prmclari
1449 918 1511 945 facti
1529 917 1649 946 fructus.

959 963 989 990 Β.
1010 963 1092 991 ltecte
1103 964 1154 991 ais.

957 1009 989 1035 A.
1004 1007 1136 1036 Caeterum
1153 1009 1217 1036 illud
1229 1009 1311 1036 etiam
1326 1009 1391 1037 mihi
1408 1009 1603 1038 animadverte.

959 1054 989 1081 Β.
1006 1053 1163 1087 Quidnam?

959 1100 992 1126 A.
1007 1100 1131 1126 Christus
1144 1100 1242 1127 alicubi
1256 1101 1359 1128 sanctis
1373 1101 1503 1136 apostolis
1519 1102 1577 1130 suis
1595 1102 1683 1136 inquit
1700 1110 1709 1128 :

926 1155 935 1171 ι
953 1145 1070 1178 Euntes,
1096 1147 1190 1174 docete
1212 1155 1307 1174 omnes
1337 1152 1452 1182 gentes,
1480 1148 1649 1183 haptizantes
1662 1157 1712 1176 eos

925 1191 950 1218 in
970 1192 1076 1218 nomine
1090 1192 1186 1225 Patris,
1200 1197 1227 1220 et
1237 1193 1309 1226 Filii,
1319 1197 1347 1220 et
1364 1193 1482 1229 Spiritus
1494 1194 1621 1221 sancti“.
1638 1204 1648 1220 ι
1661 1194 1711 1221 Ba-

925 1237 1022 1271 ptizati
1042 1244 1106 1272 ergo
1124 1245 1218 1266 sumus
1232 1238 1259 1266 in
1277 1243 1398 1266 sanctam
1414 1244 1440 1267 ct
1452 1239 1710 1266 consubstantialem

923 1282 1084 1311 Trinitatem
1112 1293 1119 1311 :
1146 1284 1264 1318 Patrem,
1285 1285 1413 1320 inquam,
1435 1289 1462 1312 et
1483 1285 1579 1312 Filium
1604 1289 1633 1313 et
1650 1286 1712 1321 Spi-

923 1329 1004 1357 ritum
1020 1334 1153 1358 sanctum.
1171 1330 1264 1358 Nonne
1285 1339 1378 1358 rerum
1393 1337 1435 1358 est
1452 1331 1525 1366 quod
1542 1330 1629 1358 dico?

959 1419 990 1446 Β.
1007 1418 1072 1452 Quis
1088 1419 1137 1446 hoc
1154 1419 1311 1454 negaverit?

958 1466 991 1491 A.
1006 1465 1110 1491 Annon
1137 1465 1218 1498 igitur
1242 1464 1348 1491 l’atrem
1370 1471 1496 1491 vocamus
1519 1471 1580 1492 eum
1601 1464 1647 1499 qui
1667 1472 1712 1499 ge-

923 1512 1001 1545 mtit;
1016 1511 1112 1538 Filium
1130 1518 1194 1538 vero
1219 1511 1264 1545 qui
1281 1518 1314 1538 ex
1337 1511 1396 1545 ipso
1423 1511 1582 1538 naturaliter
1603 1512 1710 1546 genitus

923 1562 975 1589 est,
990 1557 1157 1592 unigenitum
1178 1556 1262 1583 Deum
1281 1555 1397 1583 Verbum
1411 1555 1423 1583 ‘I

885 1593 908 1622 (ἶ
960 1604 990 1631 Β.
1005 1603 1131 1631 Omnino.

958 1650 991 1677 Δ.
1008 1649 1067 1683 Quo
1081 1653 1159 1683 pacto
1176 1649 1258 1683 igitur
1281 1648 1308 1675 in
1331 1654 1446 1675 mortem
1465 1648 1549 1682 ipsius
1575 1648 1707 1684 baptizati

923 1704 1029 1728 sumus,
1041 1696 1119 1731 juxta
1137 1695 1208 1723 beati
1225 1695 1300 1722 Pauli
1314 1695 1430 1723 vocemit
1444 1705 1452 1721 ι
1472 1695 1610 1731 Quotquot
1624 1696 1709 1728 enim,

924 1743 1022 1778 inquit,
1039 1743 1066 1770 in
1081 1742 1218 1770 Christum
1233 1743 1362 1776 haptizali
1380 1750 1484 1775 smnus,
1504 1743 1530 1769 in
1549 1747 1638 1769 morte
1651 1743 1711 1777 ejus

924 1788 1052 1824 baptizati
1068 1795 1161 1815 sumus
1175 1788 1210 1816 ".
1232 1796 1242 1813 ι
1259 1787 1312 1814 Sed
1333 1795 1403 1813 unus
1425 1792 1467 1814 est
1494 1787 1633 1819 Dominus.
1659 1796 1712 1815 una

924 1833 1001 1864 ﬁdes,
1019 1840 1102 1859 unum
1123 1831 1258 1866 baptisma
1277 1832 1312 1863 ",
1340 1837 1367 1859 et
1394 1840 1564 1866 nequaquam
1585 1834 1709 1865 dixerit,

923 1878 994 1913 quod
1013 1879 1038 1904 in
1062 1878 1143 1904 alium
1165 1877 1308 1911 quemdam
1334 1877 1472 1904 diversutn
1488 1879 1522 1904 ah
1545 1879 1595 1905 hoc
1611 1878 1710 1905 Filium

923 1931 957 1950 ex
972 1923 1076 1950 semine
1091 1923 1173 1949 David
1189 1923 1316 1958 baptizati
1345 1923 1443 1950 simus.
1470 1923 1536 1950 Cum
1557 1932 1623 1951 vero
1639 1924 1710 1952 Deus

924 1972 1019 1994 natura
1037 1966 1170 1994 exsistcns
1194 1973 1291 2000 expers
1313 1967 1449 2002 passionis
1475 1974 1620 1994 censeatur
1636 1978 1642 1996 ι
1660 1969 1709 1995 de-

924 2013 986 2040 iude
999 2012 1051 2048 pati
1066 2013 1159 2045 voluit,
1177 2017 1207 2039 ut
1223 2012 1309 2040 saltet
1327 2021 1374 2040 eos
1390 2013 1434 2048 qui
1456 2013 1577 2041 iuteritui
1592 2014 1707 2042 obnoxii

924 2063 997 2089 sunt,
1011 2058 1106 2085 similis
1118 2058 1205 2085 factus
1219 2064 1261 2085 est
1276 2066 1323 2092 per
1333 2059 1423 2085 omnia
1437 2059 1593 2087 hominibus
1603 2080 1610 2093 ,
1622 2059 1723 2087 t.asci-'

924 2112 976 2138 que
992 2112 1024 2131 ex
1042 2104 1154 2131 muliere
1167 2104 1315 2131 secundum
1333 2112 1442 2132 carnem
1466 2105 1549 2132 voluit
1565 2125 1572 2136 ,
1602 2110 1630 2133 et
1646 2114 1711 2140 pro-

924 2150 1012 2184 pritim
1028 2150 1078 2176 sibi
1095 2149 1169 2182 fecit,
1182 2154 1210 2176 ut
1225 2149 1290 2182 dixi,
1306 2157 1405 2184 corpus
1420 2150 1492 2184 quod
1509 2158 1624 2177 mortem
1634 2152 1711 2178 obire

925 2200 1026 2230 posset.
1044 2202 1190 2230 rursusque
1210 2196 1377 2226 resuscitari.
1397 2201 1423 2222 ut
1446 2204 1506 2222 cum
1526 2197 1583 2230 ipse
1603 2205 1711 2230 penna-

926 2247 1002 2269 neret
1017 2242 1150 2276 passionis
1172 2249 1279 2276 expers,
1308 2242 1486 2276 pruprimsua
1511 2250 1594 2269 carne
1618 2251 1713 2277 passus

925 2295 985 2315 esse
999 2287 1144 2315 diceretur.
1163 2287 1218 2315 Hac
1239 2287 1309 2314 enim
1328 2288 1431 2315 ratione
1448 2287 1475 2314 id
1501 2287 1571 2318 (lllmi
1597 2288 1713 2322 pet-ierat

926 2334 1048 2361 saltavit.
1065 2334 1097 2361 Et
1112 2334 1219 2368 quidem
1233 2334 1374 2360 manifeste
1387 2334 1472 2360 dixit:
1493 2343 1501 2359 ι
1518 2333 1574 2368 Ego
1592 2342 1650 2360 sum
1666 2330 1711 2368 pa«

926 2386 984 2408 stur
994 2381 1090 2407 bonus.
1104 2379 1198 2407 Pastor
1207 2379 1292 2406 bonus
1301 2379 1418 2405 animam
1429 2386 1506 2405 suam
1517 2379 1591 2413 punit
1599 2386 1645 2411 pro
1657 2379 1713 2405 ori-

927 2428 986 2454 IJus.
1005 2436 1013 2451 ο
1033 2426 1066 2452 Et
1080 2433 1187 2452 rursum
1207 2434 1213 2452 :
1231 2433 1239 2450 t
1255 2425 1340 2452 Nemo
1366 2424 1435 2452 tollit
1450 2425 1568 2451 animam
1593 2432 1679 2450 nteant
1698 2432 1711 2450 τι

927 2480 970 2499 me
992 2481 999 2498 ι
1018 2474 1064 2498 sed
1089 2479 1139 2506 ego
1168 2477 1238 2505 pono
1263 2478 1324 2498 eam
1344 2478 1358 2496 a
1383 2478 1425 2497 me
1453 2471 1519 2504 ipso.
1545 2469 1712 2497 Potestatem

928 2519 1014 2546 habeo
1037 2518 1151 2552 ponendi
1177 2525 1248 2548 eam.
1267 2523 1294 2544 et
1317 2521 1475 2550 potestatem
1497 2516 1583 2543 habeo
1612 2516 1709 2543 iterum

927 2564 1049 2591 sumendi
1063 2563 1163 2590 eam".
1183 2573 1191 2588 ι
1210 2563 1287 2597 Atqui
1297 2563 1347 2590 hoc
1369 2570 1421 2589 non
1441 2562 1520 2589 fuerit
1537 2561 1653 2595 alicujus
1665 2569 1711 2588 no-

926 2617 1023 2641 slrtun,
1048 2617 1135 2644 neque
1152 2609 1270 2644 vulgaris
1290 2608 1407 2635 hotninis
1433 2608 1533 2635 habere
1557 2607 1712 2635 facultatem

927 2655 1043 2691 poliendi
1064 2655 1182 2682 animam
1206 2662 1295 2686 suam,
1318 2657 1346 2681 ei.
1369 2654 1492 2681 sumendi
1514 2653 1598 2681 illam.
1623 2653 1711 2688 Depo-

927 2703 980 2729 suit
997 2709 1060 2729 vero
1075 2707 1103 2728 et
1119 2701 1217 2735 recepit
1236 2707 1295 2728 eam
1314 2699 1474 2734 Unigenitus
1485 2720 1493 2732 ,
1506 2699 1587 2736 7⁵1ἧΙ
1600 2707 1632 2727 ac
1647 2707 1712 2726 vere

928 2747 1023 2779 Filius,
1043 2747 1137 2774 mortis
1155 2746 1257 2781 laqueis
1285 2753 1334 2773 nos
1359 2746 1491 2780 eripiens.
1514 2745 1591 2778 Quod
1605 2745 1712 2780 quidem

926 2793 1009 2820 etiam
1026 2793 1052 2819 in
1072 2791 1198 2819 Mosaicis
1215 2791 1292 2818 libris
1307 2791 1420 2826 optime,
1437 2790 1520 2818 veluti
1545 2790 1573 2817 in
1588 2789 1690 2816 umbris
1703 2809 1711 2820 ,

127 2881 150 2897 ⁸⁸
164 2877 245 2905 Hebr.
263 2886 293 2908 tt.
312 2878 400 2906 l0-l5.
440 2879 462 2895 ⁸³
483 2879 577 2907 Matth.
591 2888 684 2914 xxvm,
703 2880 746 2909 l9.
785 2881 807 2896 "
828 2881 868 2908 R0

927 2888 959 2914 t'i,
976 2868 1003 2906 5.
1042 2880 1063 2896 "
1084 2879 1194 2916 Ephes.,
1211 2888 1248 2913 tv,
1265 2880 1291 2906 5.
1331 2879 1352 2895 "
1369 2878 1448 2906 Jnun.
1469 2887 1494 2910 κ,
1512 2879 1556 2908 Η,
1580 2877 1622 2903 18.

251 2923 385 2953 Ρηηοιη
401 2925 461 2955 Gs.
484 2925 603 2956 LXXV.

1515 2923 1552 2952 43
