1907 3038
74 167 87 193 ί
93 168 146 195 337

638 173 732 207 QUOD
753 173 846 202 ΕΝυὸ
867 171 920 201 SIT
939 174 1123 205 CHRISTUS.

1634 181 1701 210 1338

72 226 105 252 τὸ
119 227 206 262 ονομα
218 236 263 254 σου
274 229 329 260 τοῖς
344 228 466 263 ἀδελφοῖς
483 238 543 265 μου.
558 231 614 258 Καὶ
625 232 719 259 πάλιν·
736 232 801 259 Ἰδοὺ
815 231 867 267 ἐγὼ

923 238 996 260 ιιιιιιη
1017 234 1146 263 fratribus
1167 235 1244 263 meis.
1257 235 1291 263 Et
1311 235 1408 264 iterum
1426 236 1514 265 :Ecce
1528 245 1576 272 ego
1587 243 1611 265 et
1627 240 1700 273 pueri

73 273 123 299 καὶ
145 273 180 299 τὰ
200 273 304 307 παιδία,
324 274 342 300 ἆ
360 283 405 310 μοι
423 275 523 302 ἔδωκεν
545 277 558 303 6
575 276 737 308 Θεός.“Επεὶ
760 275 806 305 οὖν
833 278 865 305 ἀἱ

74 318 170 345 παιδία
187 319 384 355 κεκοινώνηκεν
394 320 508 355 αἳματος
523 322 570 348 καὶ
589 323 699 357 σαρκὸς,
719 323 766 349 καὶ
785 324 865 355 αὐτὸς

74 365 274 400 παραπλησίως
288 366 401 401 μετέσχε
412 367 465 394 τῶν
476 367 575 400 αὐτῶν,
585 367 628 394 ἵνα
639 368 681 394 διὰ
692 369 738 394 τοῦ
750 368 864 395 θανάτου

73 411 240 447 καταργήσῃ
259 412 305 438 τὸν
318 412 348 438 τὸ
361 412 461 447 κράτος
476 412 571 448 ἔχοντα
585 414 632 440 τοῦ
648 413 775 445 Θανάτου,
788 422 863 440 τουτο

74 456 145 488 ἐστι,
159 457 204 483 τὸν
218 457 350 490 διάϐολον,
365 459 413 485 καὶ
428 459 570 495 ἀπαλλάξῃ
587 459 709 491 τούτους,
724 461 780 487 ὅσοι
792 460 866 496 φόὅῳ

74 503 193 529 Θανάτου
213 503 256 530 διὰ
275 505 373 536 παντὸς
394 505 440 531 τοῦ
461 505 512 541 ζῇν
535 505 621 541 ἔνοχοι
640 504 710 541 ἦσαν
732 505 864 537 δουλείας.

74 550 114 575 Οὐ
133 549 187 585 γὰρ
203 550 289 585 δήπου
309 551 433 585 ἀγγέλων
452 552 677 587 ἐπιλαμϐάνεται,
696 552 764 578 ἀλλὰ
784 552 865 587 σπέρ-

77 603 163 629 ματος
180 595 304 631 Ἀϐραὰμ
330 596 555 632 ἐπιλαμϐάνεται.
568 597 651 624 Ὅθεν
675 597 775 633 ὤφειλε
797 597 866 624 κατὰ

76 641 168 667 πάντα
189 642 245 673 τοῖς
265 641 389 676 ἀδελφοῖς
410 643 587 678 ὁμοιωθῆναι.
604 652 613 669 ι
633 642 698 669 Ἰδοὺ
722 642 786 679 γὰρ,
800 642 865 675 ἰδοὺ,

75 687 123 712 καὶ
137 687 210 722 μάλα
229 688 331 722 σαφῶς,
344 688 514 723 ἠλαττῶσθαι
532 689 618 722 λέγων
630 688 711 715 αὐτὸν
721 688 797 723 παρὰ
806 689 867 720 τοὺς

75 732 211 766 ἀγγέλους
232 732 275 759 διὰ
294 733 325 759 τὺ
345 734 460 769 πάθημα
479 735 525 761 τοῦ
544 734 671 766 θανάτου,
685 734 867 768 κατεστέφθαι

75 787 108 812 γε
126 779 178 814 μὴν
191 779 224 805 δι’
238 779 303 806 αὐτὸ
318 782 385 816 τιμῇ
396 789 424 807 τε
438 780 484 807 καὶ
495 780 568 817 δόξῃ,
583 780 744 815 καθίστησιν
759 780 867 815 ἐμφανῆ

76 824 122 850 τὸν
146 825 188 858 ἐφ’
205 822 227 859 ᾧ
251 827 367 852 ποιεῖται
395 826 458 858 τοὺς
479 826 585 861 λόγους,
601 826 681 861 δῆλον
705 826 734 852 δὲ
757 827 797 853 ὅτι
822 826 868 852 τὸν

76 871 227 906 Μονογενῆ.
244 872 448 907 Μετεσχηκὲναι
472 872 526 907 γάρ
552 881 635 907 φησιν
659 872 740 898 αὐτὸν
754 872 868 907 αἵματος

75 917 123 942 καὶ
156 918 256 952 σαρκὸς
281 918 479 954 παραπλησίως
501 920 577 954 ἡμῖν,
602 919 649 945 καὶ
671 919 720 945 οὐκ
745 917 868 952 ἀγγέλων

75 963 253 990 ἐπιλαϐέσθαι
284 964 403 999 μᾶλλον,
433 964 501 991 ἀλλὰ
539 965 696 1000 σπέρματος
731 964 866 1001 Ἀϐραάμ.

77 1009 202 1044 Ἐπρεπε
226 1009 279 1045 γὰρ
304 1010 343 1046 τῷ
367 1009 425 1045 Θεῷ
445 1011 492 1037 καὶ
510 1011 608 1046 Πατρὶ,
622 1011 656 1037 δι’
669 1010 698 1037 ὃν
716 1011 751 1037 τὰ
767 1011 868 1043 πάντα,

75 1055 123 1080 καὶ
139 1055 173 1081 δι’
188 1051 218 1082 οὗ
234 1055 268 1082 τὰ
282 1056 380 1087 πάντα,
399 1056 566 1091 καθιγμένον
581 1057 620 1088 εἰς
637 1058 752 1083 κένωσιν
766 1046 814 1083 κοὶι
828 1056 870 1082 Evn

74 1100 295 1137 ανθρωπήσαντα
311 1102 355 1128 τὸν
370 1102 443 1134 Υίδν,
458 1102 496 1134 ὡς
510 1102 559 1138 τὴν
572 1102 619 1129 τοῦ
634 1103 729 1129 δούλου
752 1102 869 1129 λαῦόντα

76 1147 195 1183 μορφὴν,
222 1147 364 1175 τελειῶσαι
390 1148 434 1174 διὰ
457 1148 637 1183 παθημάτων,
662 1149 712 1184 τῆς
740 1149 869 1175 ἁπάντων

75 1193 148 1229 ζωῆς
163 1194 321 1230 ἀντίλυτρον
337 1194 387 1230 τὴν
405 1194 473 1222 ἰδίαν
484 1194 557 1229 αὐτῷ
574 1194 754 1229 καθιεροῦντα
769 1194 868 1230 σάρκα.

75 1240 192 1267 Τέθυται
203 1241 255 1276 γὰρ
267 1240 337 1276 ὑπὲρ
347 1240 426 1276 ἡμῶν
438 1242 451 1267 6
461 1240 587 1276 Χριστὸς,
597 1240 627 1267 τὺ
637 1241 752 1276 ἄμωμον
762 1241 868 1276 ιερεῖον,

75 1288 124 1314 καὶ
141 1288 191 1324 μιᾷ
206 1288 350 1324 προσφορᾷ
375 1288 551 1315 τετελείωκεν
568 1287 608 1319 εἰς
623 1288 652 1314 τὺ
668 1287 791 1323 διηνεκὲς
807 1288 870 1320 τοῦς

77 1333 293 1369 ἁγιαζομένους,
321 1333 487 1369 ἀναμορφιῖΝ
512 1334 553 1365 εις
579 1333 609 1360 τὸ
644 1333 673 1359 ἐν
697 1333 796 1368 ἀρχαῖς
818 1334 870 1369 τὴν

78 1380 219 1416 ἀνθρώπου
235 1380 326 1415 φύσιν.
341 1389 350 1405 ε
365 1380 457 1406 Πάντα
470 1379 525 1415 γὰρ
543 1380 572 1406 ἐν
591 1379 665 1414 αὐτῷ
677 1379 770 1406 καινά.
793 1379 870 1406 ιὊτι

77 1426 130 1462 γὰρ
149 1428 163 1453 6
179 1427 245 1458 Θεὸς
266 1426 314 1453 καὶ
331 1426 426 1462 Πατὴρ
438 1426 553 1452 δέδωκεν
570 1425 640 1462 ὑπὲρ
654 1426 733 1461 ἡμῶν
745 1425 790 1452 τὸν
806 1426 871 1452 ἴδιον

77 1473 150 1505 Υἰὸν,
163 1473 239 1500 οὐδὲν
253 1470 332 1510 ἦττον
347 1474 421 1508 ἡμᾶς
434 1472 600 1499 πιστώσεται
616 1472 730 1507 γράφων
745 1473 759 1499 6
772 1472 872 1498 πάνσο-

78 1528 126 1553 φος
146 1519 252 1550 Παῦλος
273 1519 336 1554 περὶ
356 1519 450 1545 αὑτοῦ·
468 1519 534 1551 «Ὃς
547 1527 579 1553 γε
594 1519 639 1545 τοῦ
660 1518 726 1545 ἰδίου
742 1517 807 1544 Υἱοῦ
821 1518 871 1544 οὐκ

915 280 979 312 mei,
992 288 1058 314 quos
1067 281 1141 308 dedit
1150 282 1215 308 mihi
1228 281 1384 315 Deus.Quia
1391 290 1456 317 ergo
1468 283 1542 317 pueri
1554 285 1703 312 comtuuni-

915 331 1043 353 caverunt
1053 327 1127 353 carui
1139 331 1166 353 et
1175 327 1310 362 sanguini,
1318 332 1345 354 et
1355 327 1412 361 ipse
1423 327 1548 355 similiter
1557 329 1702 364 participa-

916 371 953 397 vit
961 371 1073 403 eisdem,
1084 377 1113 398 ut
1123 380 1171 406 per
1181 378 1294 400 mortem
1304 373 1455 400 destrueret
1463 380 1523 399 eum
1535 374 1578 408 qui
1589 374 1704 402 habebat

915 416 1011 443 mortis
1025 416 1178 452 imperium,
1196 418 1221 444 id
1235 423 1286 450 est,
1307 418 1452 450 diabolum,
1468 423 1495 446 et
1516 418 1642 446 liberaret
1657 427 1704 446 eos

915 462 961 496 qui
977 462 1073 490 timore
1095 464 1191 491 mortis
1216 471 1264 498 per
1282 468 1364 491 totam
1391 464 1474 491 vitam
1497 456 1604 491 obnoxii
1627 471 1706 493 erant

915 506 1049 535 servituti.
1073 507 1211 535 Nusouam
1235 510 1307 536 enim
1323 510 1433 544 angelos
1453 510 1639 544 apprehendit,
1658 511 1703 538 sed

917 559 1007 580 semen
1024 553 1139 581 Abrahae
1153 555 1338 589 apprehendit.
1357 555 1434 583 Unde
1449 556 1539 583 debuit
1555 564 1601 589 per
1612 557 1704 583 omnia

918 597 1046 626 fratribus
1058 600 1200 627 assimilari
1216 601 1247 627 “.
1265 610 1275 627 ι
1292 600 1361 628 Ecce
1376 602 1460 634 enim,
1473 609 1548 633 ecce,
1558 607 1584 628 et
1598 602 1704 636 quidem

918 644 1100 678 apertissime,
1118 652 1179 672 cum
1195 645 1271 672 illunt
1289 646 1361 673 dicat
1377 647 1546 673 immimttum
1559 647 1592 673 ab
1604 647 1706 681 angelis

918 694 1028 724 propter
1049 690 1202 724 passionem
1220 691 1325 723 mortis,
1348 695 1427 724 atque
1440 690 1475 718 ob
1498 691 1524 718 id
1546 695 1706 718 coronatum

918 742 978 762 esse
993 735 1078 768 gloria
1100 741 1127 763 et
1150 736 1263 770 honore,
1285 736 1427 764 manifeste
1445 737 1517 764 illum
1541 736 1659 764 ostendit
1675 737 1707 764 de

918 788 971 815 quo
986 782 1068 808 verba
1092 781 1166 815 facil,
1189 783 1316 810 nimirum
1338 783 1523 818 Unigenitum.
1546 782 1706 817 Partieipem

918 827 990 854 enim
1004 827 1103 855 factum
1120 835 1179 855 esse
1193 829 1231 856 ait
1246 829 1336 855 carnis
1351 833 1378 854 et
1394 828 1534 862 sanguinis
1547 828 1658 862 perinde
1675 835 1708 854 ac

919 881 984 906 nos;
1015 879 1043 901 et
1075 882 1128 901 non
1157 875 1268 909 angelos
1294 875 1513 909 apprehendisse,
1538 874 1584 902 sed
1614 881 1707 902 semen

919 919 1043 946 Abrahae.
1065 920 1183 948 Decebat
1209 921 1280 947 enim
1302 920 1385 947 Deum
1403 927 1436 947 ac
1462 920 1580 952 Patrem,
1598 925 1708 955 propter

920 973 998 1001 quem
1019 966 1120 998 omnia,
1145 971 1171 994 et
1194 974 1242 1001 per
1267 973 1346 1001 quem
1368 966 1470 999 omnia,
1492 966 1588 994 Filium
1617 974 1706 998 suum,

921 1011 1002 1047 764
1019 1011 1064 1046 qui
1085 1011 1297 1038 exiuanitionem
1316 1010 1446 1041 subierat,
1460 1014 1540 1044 atque
1554 1010 1709 1036 incarnatus

919 1062 987 1088 erat,
1002 1056 1086 1084 fortna
1101 1055 1172 1083 servi
1187 1061 1308 1090 accepta,
1327 1062 1516 1082 consummare
1538 1061 1584 1089 per
1604 1053 1709 1088 passio-

920 1111 979 1135 nes.
1001 1107 1204 1130 consecrantem
1230 1106 1311 1136 atque
1337 1101 1496 1128 offerentem
1525 1107 1600 1127 suam
1625 1099 1710 1133 ipsius

920 1157 1029 1176 carnem
1045 1148 1071 1175 in
1085 1148 1199 1183 pretium
1215 1147 1406 1181 redemptionis
1423 1146 1484 1172 vita:
1504 1145 1636 1172 ontnium.
1654 1143 1709 1170 lm-

920 1196 1035 1223 molatus
1049 1195 1120 1222 enirn
1145 1197 1187 1221 est
1208 1201 1256 1228 pro
1281 1193 1360 1220 nobis
1383 1191 1508 1219 Christus
1535 1190 1709 1218 immaculata

921 1241 1020 1273 hostia,
1035 1247 1116 1275 atque
1130 1240 1208 1267 unica
1219 1239 1358 1266 oblatione
1373 1238 1570 1266 consummavit
1585 1236 1610 1263 in
1629 1240 1710 1262 mter-

921 1295 985 1315 num
1002 1286 1197 1319 sanctiﬁcatos,
1213 1286 1360 1322 humanam
1377 1288 1502 1311 naturam
1525 1283 1551 1309 in
1569 1282 1710 1317 pristinum

921 1339 1023 1361 statum
1035 1332 1313 1361 rei‘ormans.¢0mnia
1325 1331 1396 1358 enim
1408 1330 1434 1357 in
1448 1331 1504 1365 ipso
1511 1333 1573 1356 sunt
1582 1335 1652 1356 nova
1660 1328 1708 1354 ¹¹.ι

922 1382 997 1417 Quod
1020 1381 1091 1409 enim
1114 1381 1183 1408 Deus
1206 1387 1237 1407 ac
1260 1378 1342 1405 Pater
1357 1378 1461 1405 dederit
1485 1383 1534 1411 pro
1554 1375 1632 1402 nobis
1649 1381 1713 1409 pro-

922 1429 1009 1464 prium
1022 1435 1099 1454 suum
1114 1425 1224 1458 Filium,
1247 1425 1331 1452 nihilo
1343 1425 1432 1451 secius
1445 1422 1588 1450 confirmat
1604 1419 1712 1454 sapien-

924 1474 1045 1501 tissimus
1070 1473 1180 1504 Paulus,
1198 1471 1234 1498 ita
1253 1470 1286 1498 de
1310 1470 1368 1504 ipso
1388 1469 1510 1497 scribens
1530 1475 1537 1494 :
1560 1475 1569 1492 ι
1583 1465 1633 1499 Qui
1651 1472 1713 1499 pro-

924 1520 982 1553 prio
1001 1520 1068 1547 Filio
1087 1526 1137 1546 suo
1153 1526 1205 1545 non
1223 1516 1354 1552 pepercit,
1371 1515 1415 1542 sed
1432 1521 1480 1550 pro
1496 1512 1572 1540 nobis
1588 1511 1713 1539 omnibus

77 1564 214 1598 ἐφείσατο,
232 1563 289 1590 ἀλλ’
303 1564 372 1600 ὑπὲρ
388 1564 467 1600 ἡμῶν
490 1564 619 1590 ἁπάντων
639 1563 795 1599 παρέδωκεν
818 1563 865 1589 αὺ-

923 1565 1033 1594 tradidit
1047 1565 1134 1596 illum,
1151 1563 1287 1598 quomodo
1301 1569 1354 1588 non
1372 1561 1455 1588 etiam
1471 1567 1531 1586 cum
1547 1558 1606 1592 ipso
1621 1557 1713 1584 omnia

77 1611 138 1642 τὸν(
151 1611 209 1642 πῶς
223 1611 283 1646 οὐχὶ
306 1611 352 1638 καὶ
367 1611 415 1638 σὺν
430 1611 505 1646 αὐτῷ
519 1610 554 1637 τὰ
569 1610 657 1637 πάντα
673 1611 740 1646 ἡμῖν
758 1610 869 1646 χαρίσε-

78 1666 137 1690 ται;
153 1667 162 1683 ι
179 1657 259 1683 Ἴδιον
282 1657 310 1683 δέ
336 1666 426 1692 φαμεν
442 1657 507 1683 Υἱὸν
528 1657 575 1683 τοῦ
600 1656 678 1688 Θεοῦ,
694 1656 740 1683 τὸν
766 1659 798 1684 ἐκ
821 1657 870 1691 τῆς

77 1703 262 1743 σῇ·Μῦ
279 1703 419 1738 πεφηνότα
431 1702 533 1736 Λόγον·
550 1702 672 1728 δεδόσθαι
686 1711 717 1736 γε

78 1750 166 1785 ἡμῶν,
184 1750 213 1776 οὺ
229 1749 332 1784 γυμνὸν
355 1749 395 1775 ἔτι
419 1749 466 1775 καὶ
487 1749 617 1784 ἅσαρκον,
636 1749 694 1775 ἀλλ’
706 1749 750 1776 ὅτε
775 1749 871 1783 γέγονε

79 1795 164 1831 σάρξ’
188 1795 235 1821 καὶ
254 1795 283 1822 τὸ
302 1795 430 1829 λέγεσθαι
446 1795 552 1828 παθεῖν,
570 1794 721 1830 ἀμώμητον
737 1793 770 1830 ἦν
786 1794 870 1830 αὐτῷ.

78 1841 201 1868 Πέπονθε
220 1840 284 1877 γὰρ,
298 1842 328 1868 οὺ
346 1841 426 1876 φύσει
445 1841 582 1877 θεότητος,
599 1841 656 1868 ἀλλ’
672 1841 725 1877 ἰδία
741 1841 832 1876 σαρκί.
843 1841 872 1868 '0

77 1887 133 1923 γὰρ
155 1888 220 1919 Θεὸς
235 1888 281 1913 καὶ
298 1887 403 1923 Πατὴρ,
419 1886 545 1922 καθάπερ
563 1886 632 1921 ἔφην
647 1886 759 1922 ἀρτίως,
775 1886 820 1913 τὸν
835 1885 871 1921 μὴ

76 1933 178 1967 γνόντα
204 1932 350 1968 ἁμαρτίαν,
367 1932 437 1967 ὑπὲρ
462 1932 542 1967 ἡμῶν
568 1932 706 1967 ἁμαρτίαν
730 1932 870 1968 ἐποίησεν,

78 1979 124 2006 ἵνα
138 1980 217 2015 ἡμεῖς
234 1978 377 2014 γενώμεθα
394 1978 549 2014 δικαιοσύνη
565 1978 633 2005 Θεοῦ
651 1979 699 2005 σὺν
717 1977 872 2015 αὐτῷ.τΑρ⁷

78 2024 125 2052 οὖν
149 2025 284 2061 ἁμαρτίαν
298 2025 378 2052 αὑτὸν
393 2025 520 2059 γενέσθαι
538 2023 651 2059 νοοῦμεν
664 2033 670 2057 ;
684 2025 700 2060 ἦ
714 2026 754 2052 ὅτι
772 2025 873 2060 μᾶλλον

78 2072 208 2108 ὡμοιώθη
232 2073 286 2104 τοῖς
310 2072 362 2099 ὑπὸ
378 2072 524 2108 ἁμαρτίαν,
541 2071 670 2107 ταύτῃτοι
690 2072 737 2098 καὶ
751 2072 872 2108 ἁμαρτία

76 2120 188 2154 λέγεται
199 2129 206 2153 ;

116 2167 145 2194 Β.
162 2166 264 2202 Ὀρθῶς
284 2166 360 2202 ἔφης.

115 2213 262 2249 Α.Ὥσπερ
273 2211 319 2240 οὖν
333 2213 378 2240 τὸν
393 2213 429 2248 μὴ
442 2213 539 2247 γνόντα
554 2211 702 2248 ἁμαρτίαν,
716 2212 785 2248 ὑπὲρ
796 2212 873 2248 ἡμῶν

921 1612 999 1639 nobis
1014 1610 1142 1644 largietur
1153 1608 1187 1635 "2
1202 1618 1210 1633 )
1226 1607 1368 1641 Proprium
1382 1610 1470 1632 autem
1485 1603 1601 1630 dicimus
1615 1601 1713 1629 Filium

922 1658 979 1689 Dei,
1003 1656 1120 1683 Verbum
1145 1662 1176 1681 ex
1204 1653 1290 1688 ipsius
1314 1651 1431 1679 essentia
1458 1649 1576 1685 genitum
1600 1649 1712 1675 :datum

922 1709 986 1729 vero
999 1709 1058 1729 esse
1070 1709 1117 1736 pro
1130 1700 1218 1731 nobis,
1234 1706 1285 1726 non
1298 1698 1397 1725 nudum
1413 1701 1439 1724 et
1452 1695 1542 1722 carnis
1555 1698 1691 1728 expertem
1703 1713 1712 1727 ,
1753 1720 1756 1726 ι

922 1748 969 1776 sed
984 1748 1091 1783 quando
1117 1738 1204 1773 factus
1218 1750 1259 1772 est
1275 1751 1348 1771 caro.
1364 1743 1396 1770 Et
1412 1741 1482 1777 quod
1498 1740 1598 1768 dicitur
1619 1746 1714 1773 passus

922 1802 993 1827 esse,
1009 1793 1076 1820 nihil
1092 1791 1245 1820 detrimenti
1269 1789 1318 1824 ipsi
1345 1788 1433 1816 adert.
1457 1788 1555 1814 Passus
1576 1785 1647 1813 enim
1674 1788 1715 1811 est

922 1847 976 1868 non
1004 1843 1099 1870 natura
1124 1837 1282 1868 divinitatis,
1309 1836 1358 1869 sed
1383 1833 1491 1868 propria
1520 1839 1611 1859 carne.
1644 1830 1714 1857 Deus

923 1886 994 1913 enim
1010 1892 1042 1911 ac
1059 1883 1150 1914 Pater,
1165 1883 1234 1910 sicttt
1252 1881 1332 1908 ntodo
1344 1880 1411 1913 dixi,
1427 1887 1488 1906 eum
1505 1878 1551 1914 qui
1573 1885 1625 1904 non
1640 1877 1714 1904 norit

923 1936 1076 1968 peccatum,
1088 1937 1137 1964 pro
1149 1929 1225 1956 nobis
1238 1931 1376 1963 peccatum
1393 1925 1468 1958 fecit,
1481 1930 1510 1952 ut
1526 1932 1574 1952 nos
1588 1924 1716 1950 ileremus

921 1977 1025 2014 justitia
1040 1976 1088 2003 Dei
1102 1982 1163 2003 cum
1175 1974 1233 2008 ipso
1247 1972 1278 2000 “.
1292 1971 1386 1998 Nonne
1399 1978 1462 1997 vero
1476 1970 1556 1997 etiam
1573 1972 1713 2003 peceatum

924 2025 1024 2052 factum
1042 2029 1103 2051 esse
1115 2022 1202 2056 ipsum
1221 2017 1356 2046 dicimus?
1376 2021 1424 2044 aut
1437 2016 1498 2051 quia
1516 2016 1605 2051 potius
1617 2014 1715 2042 similis

924 2070 1011 2098 factus
1035 2073 1077 2096 est
1106 2067 1139 2094 iis
1162 2065 1207 2101 qui
1230 2063 1341 2092 obnoxii
1366 2066 1444 2091 erant
1467 2066 1589 2097 peccato,
1614 2060 1715 2088 idcirco

924 2116 1006 2145 etiam
1020 2119 1161 2149 peccatum
1182 2110 1302 2140 dicitur?

958 2162 989 2188 B.
1013 2161 1096 2188 necte
1111 2159 1161 2188 ais.

959 2209 994 2236 Α.
1014 2205 1244 2241 Quemadmodum
1262 2202 1345 2239 igitur
1360 2208 1421 2229 ettm
1433 2200 1477 2236 qui
1494 2207 1546 2227 non
1564 2198 1639 2226 norit
1652 2206 1715 2234 peo-

79 2260 218 2296 ἁμαρτίαν
235 2259 373 2295 ἐποίησεν,
390 2259 434 2285 ἵνα
450 2260 530 2294 ἡμεῖς
551 2258 696 2294 γενώμεθα
714 2259 867 2294 δικαιοσύνη

924 2258 1012 2282 catum
1031 2260 1079 2288 pro
1104 2251 1181 2279 nobis
1206 2253 1346 2285 peccatum
1368 2246 1442 2280 fecit,
1463 2249 1493 2273 ut
1517 2251 1566 2272 nos
1588 2244 1714 2271 fieremus

79 2306 148 2333 θεοῦ
176 2307 204 2332 ὲν
227 2305 300 2340 αὐτῷ
326 2305 506 2340 (δεδικαίωται
526 2306 580 2341 γὰρ
596 2306 613 2341 ή
629 2304 773 2340 ἀνθρώπου
790 2305 871 2339 φύσις

79 2355 109 2380 ὲν
122 2353 218 2388 (ﬁtﬁt)-
234 2352 306 2379 οὕτω
319 2352 363 2378 τὸν
379 2353 428 2378 οὐκ
441 2352 530 2379 εἰδότα
543 2351 656 2378 θάνατον
669 2351 737 2387 (ζωὴ
749 2351 802 2386 γάρ
815 2353 872 2378 ἐστι

80 2400 128 2427 καὶ
143 2399 274 2432 ζωοποιος
290 2400 303 2425 6
318 2399 424 2433 Λόγος),
446 2399 528 2434 σαρκὶ
546 2398 641 2425 παθεῖν
656 2397 872 2434 παρεσκεύασεν,

80 2446 133 2479 ἔξω
162 2447 291 2482 μείναντα
314 2446 360 2472 τοῦ
387 2445 494 2477 παθεῖν,
517 2445 584 2472 καθὸ
611 2446 712 2471 νοεῖται
733 2444 809 2475 Θεὸς,
830 2444 873 2470 ἵνα

82 2493 162 2527 ἡμεῖς
185 2492 311 2527 ζήσωμεν
332 2492 365 2518 δι’
381 2491 464 2518 αὐτοῦ
484 2499 512 2518 τε
535 2491 581 2517 καὶ
603 2492 631 2517 ὲν
657 2489 740 2525 αὐτῷ.
759 2490 804 2516 Διὸ
826 2490 873 2516 καὶ

80 2537 208 2573 ὁμοίωμα
219 2536 334 2564 θανάτου
357 2537 387 2563 τὸ
399 2535 517 2571 Χριστού
540 2535 625 2567 πάθος
642 2535 806 2570 ὠνόμασται.
824 2534 873 2560 Γέ-

80 2592 204 2620 γραπται
216 2581 271 2609 οὗν·
286 2583 331 2608 «Ei
346 2582 400 2617 γὰρ
417 2581 551 2617 σύμφυτοι
562 2581 712 2616 γεγόναμεν
726 2579 871 2615 τῴὁμοιὼ-

57 2621 61 2631 Ι
79 2639 147 2666 ματι
169 2628 215 2655 τοῦ
247 2628 361 2655 θανάτου
375 2627 467 2659 αὑτοῦ,
482 2628 549 2655 ἀλλὰ
567 2628 612 2654 καὶ
628 2628 676 2662 τῆς
698 2626 872 2658 ἀναστάσεως

79 2676 210 2710 ἐσόμεθα.
226 2685 235 2700 ›
246 2674 314 2709 Ἔζη
332 2674 385 2710 γὰρ
402 2674 415 2700 6
431 2674 516 2707 Λόγος
534 2673 580 2700 καὶ
594 2673 744 2708 γενομένης
757 2672 871 2699 θανάτου

79 2722 128 2757 τῆς
146 2721 224 2755 ἁγίας
240 2720 322 2747 αὑτοῦ
338 2719 448 2754 σαρκδς,
465 2719 497 2745 ἵν’
511 2719 672 2754 ἡττηθέντος
685 2718 812 2750 θανάτου,
827 2717 874 2744 καὶ

80 2766 281 2802 πεπατημὲνης
294 2767 341 2801 τῆς
359 2765 471 2801 φθορᾶς,
484 2767 499 2799 ἡ
515 2765 563 2800 τῆς
575 2765 748 2796 ἀναστάσεως
761 2764 873 2798 δύναμις

80 2814 121 2844 εἰς
137 2811 210 2838 ἆπαν
226 2811 338 2846 ἔρχηται
353 2811 383 2837 τὺ
401 2808 571 2845 ἀνθρώπινον
591 2809 677 2843 γένος.
688 2808 798 2844 Ἀληθὲς
810 2808 873 2844 γὰρ,

119 2903 139 2919 ¹¹
163 2901 243 2929 Hebr.
264 2910 292 2933 Il,
314 2900 390 2929 9—H.
432 2899 451 2915 "
473 2899 491 2926 ll
513 2899 574 2927 Cor.
591 2906 616 2930 ι’,
633 2898 676 2926 ΓΙ.

719 2898 739 2913 ¹⁷
760 2897 838 2925 llam.
861 2903 918 2926 vttt.
937 2895 981 2921 δέ.

919 2298 1023 2336 justitia
1035 2298 1080 2326 Dei
1092 2297 1118 2324 in
1132 2297 1188 2332 ipso
1198 2295 1352 2331 (iustificata
1367 2292 1439 2320 enim
1451 2296 1492 2319 est
1507 2292 1624 2318 humana
1637 2294 1714 2316 natu-

923 2348 990 2374 rain
1007 2345 1075 2381 ipso)
1089 2354 1095 2371 :
1108 2345 1143 2371 ita
1158 2351 1218 2370 eum
1232 2341 1276 2377 qui
1290 2349 1342 2368 non
1355 2339 1431 2367 novit
1442 2342 1555 2365 mortem
1566 2337 1630 2371 (vita
1640 2336 1712 2363 enim

923 2400 965 2422 est
978 2397 1005 2420 et
1017 2391 1155 2419 vivificaris
1170 2388 1307 2422 Verbum)
1326 2394 1409 2414 carne
1426 2385 1480 2420 pati
1500 2383 1630 2419 permisit.
1651 2389 1712 2409 cum

923 2440 1038 2470 interea,
1055 2441 1188 2472 quatenus
1202 2440 1243 2462 est
1264 2435 1343 2465 Deus,
1365 2439 1379 2459 a
1394 2431 1520 2467 passione
1540 2429 1607 2456 liber
1621 2433 1712 2460 esset;

926 2490 955 2513 ut
974 2484 1100 2511 nimirum
1119 2489 1168 2508 nos
1184 2481 1306 2506 vivamus
1323 2486 1370 2513 per
1391 2478 1477 2512 ipsum
1494 2479 1520 2502 et
1544 2475 1569 2501 iu
1589 2475 1657 2509 ipso.
1672 2473 1713 2499 lti-

927 2532 1002 2558 circo
1016 2535 1042 2556 et
1056 2527 1204 2555 sintilitudo
1217 2525 1321 2556 mortis.
1337 2524 1438 2551 Chriin
1451 2522 1540 2556 passio
1555 2525 1648 2547 voeata
1662 2523 1712 2545 est.

928 2577 1064 2611 Scriptum
1085 2574 1175 2607 itaque
1189 2576 1230 2598 est
1253 2580 1260 2598 :
1285 2579 1293 2595 ι
1310 2570 1337 2596 Si
1357 2569 1427 2596 enittt
1454 2567 1627 2602 complantati
1651 2565 1712 2591 facti

922 2631 1016 2654 sumus
1032 2619 1201 2649 similitudini
1217 2617 1312 2644 tttortis
1325 2616 1394 2649 ejus.
1408 2615 1486 2641 simul
1499 2620 1526 2641 et
1538 2612 1714 2640 resurrectio-

922 2671 964 2698 nis
979 2669 1082 2696 erimus
1096 2665 1127 2691 ¹³.
1148 2673 1157 2689 ι
1177 2662 1290 2690 Vivebat
1306 2661 1378 2687 enim
1396 2659 1525 2690 Verbum,
1545 2665 1605 2684 eum
1622 2660 1714 2683 sancta

924 2715 1009 2750 ipsius
1029 2718 1093 2739 caro
1109 2713 1223 2736 mortem
1244 2706 1352 2737 obiret,
1374 2708 1413 2736 ut,
1443 2708 1566 2736 superata
1589 2707 1674 2728 morte
1688 2704 1713 2727 et

925 2748 1081 2797 proculcato
1100 2755 1220 2785 interitu,
1245 2749 1454 2779 resurrectionis
1473 2748 1514 2775 vis
1534 2755 1567 2774 ac
1588 2748 1674 2773 virtus
1687 2748 1712 2772 in

925 2792 1080 2835 universum
1097 2810 1181 2838 genus
1199 2801 1345 2828 ltumauunt
1364 2795 1502 2823 transiret.
1525 2793 1624 2821 Verum
1641 2792 1714 2820 enim

1023 2893 1044 2909 “
1065 2892 1083 2920 ll
1104 2892 1164 2920 Cor.
1185 2898 1210 2924 ν,
1225 2889 1269 2917 ‘21.
1311 2888 1331 2904 "
1345 2885 1421 2915 Rom.
1442 2892 1477 2916 γι,
1496 2882 1523 2911 5.
