1907 3038
88 151 159 180 1541

660 149 754 183 QUOD
773 148 864 177 ΠΝυὸ
884 148 937 176 SIT
958 147 1141 176 CHRISTUS.

1661 150 1730 178 ιδιςι

89 209 166 244 ὑπὲρ
193 208 336 244 ἁμαρτιῶν
357 207 421 243 περὶ
435 207 514 242 ἡμῶν
536 207 666 239 ἀπέθανε,
688 207 792 238 δίκαιος
815 207 886 242 ὑπὲρ

944 211 1027 233 nanet
1054 211 1142 233 tamen
1165 206 1247 233 etiam
1273 206 1325 232 hoc
1353 209 1431 240 pacto
1453 213 1552 240 expers
1575 209 1728 239 passionis,

87 254 206 287 ἀδίκων,
218 254 263 281 ἵνα
274 254 347 289 ἡμᾶς
360 253 524 289 προσαγάγῃ
534 253 603 288 Θεῷ,
616 253 780 284 θανατωθεὶς
792 254 885 289 σαρκὶ,

87 299 273 335 ζωοποιηθεὶς
291 299 320 326 δὲ
334 298 482 334 πνεύματι.
499 308 508 324 ι
519 298 642 325 Ἀνθότου
666 298 730 333 γὰρ,
749 298 815 334 φαίη
841 299 884 330 ἂν,

85 343 180 381 οἶμαι,
195 346 247 379 τὶς,
262 345 311 380 οὐχ
324 345 416 376 ἁπλῶς
431 345 446 380 ἢ
461 345 620 380 ἀδιορίστως
631 345 683 381 ἔφη
697 345 793 372 παθεῖν
805 344 886 372 αὐτὸν

85 392 103 418 ὸ
120 391 355 426 πνευματοφόρος,
365 390 636 427 προσεπήνεγκε[δὲ],
645 391 681 425 τῇ
692 393 784 425 σαρκί
791 399 800 423 ;
808 391 885 427 ᾝδει

86 437 157 472 γὰρ,
172 438 231 473 ᾔδει
257 437 323 474 περὶ
348 437 415 464 Θεοῦ
439 437 536 471 λέγων’
566 437 705 471 τοιγάρτοι
728 436 758 462 τὸ
780 436 886 467 ἀπαθὲς

87 484 313 519 προσνενέμηκεν
326 483 408 519 αὐτῷ,
418 484 485 510 καθὸ
495 484 595 510 νοεῖται
603 483 679 516 Θεὸς,
689 483 886 518 εὐτεχνέστατα

88 529 285 564 προσενεγκὼν
304 530 342 565 τῇ
364 531 463 565 σαρκὶ,
479 531 543 566 περὶ
558 530 591 566 ἢν
605 530 638 558 ἂν
654 530 759 564 γένοιτο
785 529 815 555 τὸ
829 538 884 556 πα-

88 574 161 602 θεῖν.

125 708 158 736 Β.
175 709 244 736 Ἀλλ’
255 709 373 736 ἐοικέναι
389 709 456 744 φασῖ
472 709 660 745 τερατολογίᾳ,
674 710 722 737 καὶ
735 710 883 737 ἀποπλεῦσαι

87 754 151 781 λίαν
169 755 208 786 εἰς
221 755 251 782 τὸ
265 755 405 784 ἀπιθάνως
419 755 489 790 ἕχον,
502 755 532 781 τὸ
553 756 652 791 χρῆναι
665 755 765 789 λέγειν,
776 755 821 781 τὸν
834 755 884 781 αὑ-

87 801 136 827 τὸν
153 801 201 827 καὶ
220 801 315 828 παθεῖν
336 801 383 828 καὶ
406 801 443 836 μὴ
467 801 613 828 παθεῖν.ἺΙ
629 802 682 836 γὰρ
700 803 768 834 ὅλως
785 803 814 829 οὐ
835 803 884 829 πέ-

88 848 189 874 πονθεν
196 848 234 879 ὡς
245 848 321 880 Θεὸς,
337 847 366 883 ἢ,
379 849 404 874 εἰ
415 847 579 875 πεπονθέναι
592 848 710 882 λέγεται,
725 849 782 881 πῶς
796 849 829 876 ἂν
840 850 882 885 εἴη

87 893 174 927 Θεό;;
202 894 306 921 Οὐκοῦν
321 895 335 920 ὁ
351 894 444 922 παθὼν
467 896 547 921 νοοῖτ’
564 895 596 921 ἂν
617 896 696 930 μόνος
719 896 733 922 ὑ
749 896 781 922 ὲκ
801 895 884 931 σπέρ-
899 886 920 913 Β

87 938 176 974 ματος
195 939 241 965 τοῦ
262 939 352 967 Δαϐίδ.

124 1032 157 1057 Α.
166 1030 262 1057 Καίτοι
272 1029 329 1061 πῶς
337 1030 386 1056 οὐκ
394 1030 527 1066 ἀδρανοῦς
535 1030 656 1063 διανοίας
665 1030 776 1066 ἐλεγχος
785 1032 829 1067 εἴη
839 1031 881 1065 ἂν,

89 1075 137 1101 καὶ
146 1075 219 1109 μάλα
227 1076 326 1110 σαφὴς,
333 1075 363 1102 τὸ
371 1076 449 1102 ταυτὶ
459 1076 491 1112 δὴ
501 1076 595 1111 φάναι,
605 1078 652 1103 καὶ
660 1078 713 1112 μὴν
724 1079 770 1104 καὶ
776 1078 883 1105 ἑλέσθαι

89 1123 213 1157 φρονεῖν;
229 1122 265 1148 Οὐ
276 1122 330 1157 γὰρ
340 1123 428 1150 κοινὸν
440 1123 582 1159 ἄνθρωπον
596 1124 712 1151 δέδωκεν
725 1126 795 1161 ὑπερ
807 1126 883 1161 ήμῶν

88 1169 102 1195 ὁ
116 1168 182 1199 om;
194 1169 241 1195 καὶ
255 1169 360 1204 Πατὴρ,
376 1169 414 1201 ὡς
432 1170 461 1195 ἐν
478 1170 590 1204 μεσίτου
604 1171 679 1203 τάξει
694 1172 884 1206 παρειλημμέ-

89 1223 144 1246 νον,
164 1215 210 1241 καὶ
230 1215 421 1242 κατάπλαστον
433 1215 528 1251 ἔχοντα
539 1217 588 1252 τὴν
600 1218 648 1252 τῆς
660 1218 783 1253 υίότητος
794 1219 882 1251 δόξαν,

87 1260 139 1287 καὶ
146 1262 256 1296 σχετικῇ
267 1261 396 1297 συναφείᾳ
404 1262 595 1298 τετιμημένον,
602 1264 658 1290 ἀλλ’
670 1264 698 1290 ἐν
706 1264 770 1291 εῖδει
778 1264 817 1299 τῷ
824 1265 883 1292 καθ’

87 1307 173 1340 ἡμᾶς,
187 1306 220 1332 δι’
232 1307 304 1342 ἡμᾶς
320 1307 461 1341 γεγονότα,
475 1308 520 1335 τὸν
537 1308 607 1344 ὑπὲρ
618 1310 707 1336 πᾶσαν
720 1310 768 1345 τὴν
784 1310 883 1342 κτίσιν,

86 1351 135 1378 dav
151 1353 182 1378 ὲκ
199 1353 249 1387 τῆς
272 1352 366 1384 οὐσίας
387 1353 471 1380 αὑτοῦ
496 1354 634 1389 πεφηνότα
659 1355 754 1388 Λόγον,
770 1356 812 1382 ἵνα
838 1357 885 1383 καὶ

84 1397 177 1433 ὁρῷτο
199 1398 248 1432 τῆς
272 1398 401 1425 ἁπάντων
415 1399 488 1435 ζωῆς
500 1399 718 1432 ἀντάξιος.¹Ἐστι
738 1401 776 1433 δὲ,
794 1399 883 1436 οἶμαι.

86 1443 144 1470 τῶν
169 1443 229 1470 λίαν
253 1444 463 1477 ὲκτοτιωτὰτων,
480 1446 580 1481 σαρκὸς
605 1447 676 1473 κατὰ
700 1447 748 1478 τὰς
773 1448 884 1483 Γραφὰς

87 1493 243 1526 γεγονότος,
262 1490 300 1525 ὡς
323 1490 402 1529 ἔφην,
418 1491 466 1517 τοῦ
491 1492 672 1526 Μονογενοῦς,
693 1494 741 1520 καὶ
759 1494 809 1520 οὐκ
832 1495 884 1521 ἁπ-

86 1538 256 1572 αξιώσαντος
272 1539 321 1574 τὴν
336 1537 504 1572 οἰκονομίαν,
521 1539 664 1574 μονονουχὶ
686 1539 732 1565 καὶ
754 1540 886 1575 ἐπιτιμᾷιυ

87 1585 165 1620 αὖτῴ
179 1594 238 1616 πως
252 1587 284 1621 τῇ
302 1585 353 1621 ἰδίᾳ
366 1585 429 1621 δόξῃ
449 1585 650 1622 μεμαχημένῳ,
668 1585 714 1612 καὶ
733 1586 814 1620 σαρκὶ
832 1595 883 1613 πα-

88 1632 146 1658 θεῖν
165 1633 239 1666 παρὰ
257 1633 287 1658 τὸ
310 1633 382 1664 εἰκὸς
400 1633 528 1668 ἑλομένῳ.
539 1633 608 1659 Ἀλλ’
623 1631 667 1669 ἦν,
686 1629 708 1660 ὦ
721 1634 837 1668 γενναῖε,
854 1635 884 1661 τὸ

88 1679 186 1713 χρῆμα
198 1680 330 1712 σωτήριον
348 1677 386 1713 τῷ
397 1678 492 1713 κόσμῳ
507 1677 598 1705 παντί.
608 1678 717 1714 Ἐπειδὴ
729 1679 756 1705 δὲ
768 1679 884 1714 ἠθέλησε

87 1723 132 1750 διὰ
158 1723 237 1750 τοῦτο
263 1723 358 1750 παθεῖν
376 1724 389 1749 ὁ
407 1723 479 1758 πέρα
501 1723 548 1750 τοῦ
566 1723 695 1750 δύνασθαι
717 1724 825 1755 παθεῖν,
841 1723 885 1751 διά

87 1779 130 1796 τοι
158 1771 188 1796 τὸ
212 1768 281 1796 εἶναι
307 1771 388 1804 φύσει
412 1769 488 1801 Θεὸς,
504 1770 553 1805 τῆν
578 1770 623 1796 τοῦ
645 1770 741 1797 παθεῖν
757 1771 885 1806 δεκτικὴν

89 1817 249 1851 ἠμπέσχετο
273 1817 374 1852 σάρκα,
399 1817 447 1842 καλ.
471 1815 538 1842 ἰδίαν
565 1817 704 1851 ἀπέφηνεν
729 1817 825 1853 αὐτὴν,
842 1818 885 1844 ἵνα

89 1863 138 1889 καὶ
154 1863 236 1889 αὐτοῦ
252 1862 357 1896 λέγοιτο
375 1862 406 1888 τὸ
422 1862 528 1893 παθεῖν,
541 1862 578 1888 ὅτι
653 1863 682 1889 τὸ
697 1863 790 1898 ἐτέρου
802 1863 884 1895 τινὸς,

90 1909 159 1936 ἀλλὰ
178 1909 208 1935 τὸ
225 1908 306 1935 αὑτοῦ
325 1907 442 1935 πέπονθε
466 1907 555 1943 σῶμα.
571 1908 675 1935 Οὐκοῦν
698 1909 815 1941 διδόντος
837 1910 885 1936 τοῦ

88 1956 194 1989 τρόπου
218 1955 267 1989 τῆς
293 1954 448 1989 οἰκονομίας
474 1949 649 1989 ἀνεγκλήτως
677 1955 751 1990 αὐτῷ
773 1956 821 1982 καὶ
844 1955 884 1988 τὸ,

91 2001 176 2036 σαρκὶ
191 2001 240 2036 μὲν
255 2001 363 2027 ἑλέσθαι
383 1999 490 2031 παθεῖν,
505 1999 618 2034 Θεότητι
634 1999 662 2026 δὲ
678 2002 714 2036 μὴ
733 2002 829 2027 παθεῖν
842 1999 886 2036 (ἦν

90 2047 146 2082 γὰρ
164 2047 192 2073 ὲν
206 2046 281 2081 αὐτῷ
295 2046 361 2077 Θεός
373 2055 402 2072 τε
413 2045 481 2081 όμοῦ
496 2046 542 2072 καὶ
551 2045 716 2080 ἄνθρωπος),
731 2047 887 2082 περιττολο-

90 2092 188 2126 γοῦσιν
202 2093 226 2118 οἱ
242 2091 404 2124 διεναντίᾶς,
420 2091 468 2117 καὶ
482 2090 529 2126 τὴν
543 2089 589 2116 τοῦ
610 2090 759 2126 μυστηρίου
772 2091 886 2127 δύναμιν

91 2138 286 2166 ἀσυνετώτατα
311 2138 526 2173 κιόδηλεύοντες,
551 2137 651 2164 οἴονται
676 2138 746 2173 τάχα
771 2147 821 2166 που
840 2139 887 2165 καὶ

91 2185 206 2211 ἐπαίνου
222 2184 323 2220 μεστὴν
336 2185 470 2211 ποιεῖσθαι
481 2184 531 2219 τὴν
544 2184 648 2211 ἕνωσιν.
661 2184 762 2211 Ἐδόκει
773 2185 822 2219 μὲν
833 2185 887 2220 γάρ

92 2239 153 2262 πως
176 2230 388 2266 προστρίϐεσθαι
413 2239 475 2257 τινα
495 2231 589 2266 μῶμον
604 2230 679 2265 αὐτῷ
705 2230 736 2256 τὸ
751 2230 798 2257 καὶ
819 2230 886 2262 ὅλως
904 2247 924 2274 D

92 2278 204 2305 ἑλέσθαι
230 2278 312 2312 σαρκὶ
333 2278 439 2309 παθεῖν,
458 2277 514 2304 ἀλλ’
529 2275 563 2314 ἦν
580 2278 681 2313 ἑτέρως
698 2277 886 2309 εὐκλεές.”οτι

92 2325 150 2360 γάρ
174 2325 231 2350 ἐστι
257 2323 372 2350 θανάτου
396 2323 526 2358 κρείττων
550 2323 597 2349 καὶ
624 2323 737 2359 φθορᾶς,
756 2322 812 2358 ζωὴ
839 2323 887 2350 καὶ

94 2369 227 2401 ζωοποιὸς
242 2367 382 2403 ὑπάρχων,
395 2368 408 2393 ὁ
417 2367 493 2399 Θεὸς,
511 2367 723 2404 μεμαρτύρηκεν
736 2369 753 2403 ἡ
768 2368 888 2394 ἀνάστα-

95 2424 147 2446 σις.
156 2415 306 2451 Ἐγήγερκε
321 2415 374 2449 γὰρ
390 2414 436 2440 τὸν
449 2414 546 2440 ἑαυτοῦ
560 2414 634 2441 ναόν.
648 2414 792 2450 Τοιγάρτοι
805 2415 888 2450 φησὶν

93 2464 108 2488 ὁ
124 2461 266 2492 θεσπέσιος
282 2460 397 2493 Παῦλος
419 2471 428 2487 ι
443 2461 481 2486 Οὐ
496 2460 551 2496 γὰρ
565 2460 764 2497 ἐπαισχύνομαι
782 2460 813 2487 τὸ
836 2461 888 2488 Εὐ-

92 2507 232 2540 αγγέλιον·
248 2507 361 2542 δύναμις
374 2507 428 2542 γὰρ
445 2506 512 2532 Θεοῦ
525 2507 597 2532 ἐστιν
609 2507 649 2538 εἰς
660 2506 797 2542 σωτηρίαν
808 2506 888 2533 παντὶ

97 2554 136 2588 τῷ
151 2553 315 2580 πιστεύοντι.
334 2563 343 2578 ι
365 2554 418 2580 Καὶ
433 2552 530 2578 πάλιν·
551 2552 601 2578 (Ὀ
623 2551 701 2586 λόγος
727 2552 782 2586 γὰρ
804 2553 817 2579 ὁ
840 2552 888 2578 τοῦ

98 2599 226 2634 σταυροῦ,
239 2601 295 2630 τοῖς
311 2599 360 2634 μὲν
372 2598 569 2634 ἀπολλυμένοις
586 2598 678 2633 μωρία
707 2599 776 2630 ἐστὶ,
790 2600 846 2629 τοῖς
860 2598 889 2625 δὲ

98 2645 262 2680 σωζομένοις
276 2646 343 2680 ἡμῖν
359 2644 474 2679 δύναμις
491 2643 558 2670 Θεοῦ
585 2645 658 2670 ἐστιν
672 2652 679 2659 ”
692 2644 782 2676 αὐτοῖς
794 2645 823 2671 δὲ
834 2646 890 2676 τοῖς

99 2690 220 2724 κλητοῖς,
238 2689 375 2721 Ἰουδαίοις
402 2697 431 2715 τε
456 2689 502 2714 καί
524 2688 647 2723 Ἕλλησι,
672 2689 800 2724 Χριστὸς,
824 2689 891 2716 Θεοῦ

97 2737 213 2770 δύναμις
243 2737 290 2761 καὶ
316 2735 384 2762 Θεοῦ
411 2736 502 2769 σοφία.
519 2745 527 2759 ι
547 2735 600 2761 Καὶ
626 2735 679 2770 μὴν
706 2736 751 2761 καὶ
774 2735 856 2766 αὐτὸς
878 2736 892 2761 ὁ

103 2782 174 2813 Υἱὸς,
193 2782 296 2816 μέλλων
323 2781 479 2807 ἀναϐαίνειν
503 2781 548 2807 ἐπὶ
572 2780 603 2806 τὸ
626 2781 760 2816 σωτήριον
786 2781 870 2813 πάθος
884 2802 891 2815 ,

120 2869 141 2885 ²¹
160 2869 168 2895 Ι
191 2869 262 2896 i‘etr.
282 2877 320 2898 nt.
341 2869 381 2896 l8.
421 2870 441 2884 ¹²
464 2869 539 2896 lium.
558 2877 575 2902 ι,
596 2869 637 2896 16.

937 249 1070 287 quatenus
1085 257 1128 279 est
1144 251 1223 279 Deus.
1242 252 1345 278 Idcirco
1362 256 1389 278 et
1406 251 1514 278 divinus
1530 251 1626 278 Petrus
1640 252 1705 279 dicit
1721 262 1728 280 :

939 306 948 322 ι
963 297 1033 329 Quia
1052 297 1175 323 Christus
1188 296 1271 323 semel
1289 303 1337 330 pro
1361 296 1478 330 peccatis
1493 296 1594 324 nostris
1607 301 1730 324 mortuus

936 347 989 373 est,
1007 342 1097 381 justus
1111 350 1158 376 pro
1173 341 1290 376 iujustis,
1305 347 1333 369 ut
1349 350 1398 370 nos
1411 342 1521 369 olIerret
1545 342 1610 373 Deo,
1631 343 1728 369 morti-

937 388 1032 415 ficatus
1046 388 1153 422 quidem
1167 396 1260 420 carne,
1279 388 1433 415 viviﬁcatus
1444 394 1533 415 autem
1549 388 1652 422 Spiritu
1667 389 1699 415 ἰ.
1718 399 1727 415 ›

936 433 989 461 Cur
1016 434 1100 467 enim,
1129 434 1211 465 dicat,
1232 438 1261 460 ut
1279 433 1409 466 arbitror,
1439 434 1547 467 aliquis,
1580 442 1632 460 non
1663 435 1731 461 dixit

935 482 1080 515 Apostolus
1095 481 1254 514 simpliciter
1266 485 1346 514 atque
1360 480 1499 507 indefinite
1516 488 1625 513 passum
1641 481 1728 513 ipsum

934 535 994 556 esse
1009 537 1016 555 :
1033 527 1081 554 sed
1106 526 1329 561 adjecit,'carue?
1350 526 1504 553 At'tifieiose
1529 534 1593 552 vero
1617 527 1728 559 adjecit,

935 583 1014 602 carne
1030 583 1040 602 :
1053 580 1084 602 ut
1097 583 1158 602 cum
1178 574 1261 601 Deum
1280 575 1366 608 ipsum
1380 581 1440 600 esse
1460 573 1554 606 sciret,
1576 573 1728 608 passionem

935 622 1008 649 carni
1030 621 1162 648 accidisse
1176 620 1310 655 significa
1327 629 1334 646 :
1349 619 1490 647 Christum
1504 627 1578 653 vero,
1595 624 1729 654 quatenus

936 672 978 694 est
1008 666 1090 698 Deus,
1106 666 1241 701 passionis
1254 671 1393 700 expertem
1410 665 1504 693 fuisse.

971 712 1000 739 B.
1022 712 1155 739 Cmterum
1176 712 1292 746 prodigii
1312 711 1400 739 simile
1425 719 1485 738 esse
1511 711 1622 742 dicunt,
1644 715 1727 745 atque

936 758 1091 786 incredibile
1116 758 1285 792 absurdoque
1309 758 1484 792 proximum,
1512 757 1626 784 dicere:
1651 764 1729 783 eum-

935 806 994 832 dem
1012 811 1038 832 et
1053 812 1160 839 passum
1176 811 1235 831 esse
1263 809 1289 830 et
1303 812 1355 831 non
1372 811 1431 831 esse
1447 811 1566 837 passum.
1584 803 1639 830 Aut
1653 803 1727 830 enim

934 862 1044 889 prorsus
1072 861 1124 881 non
1148 858 1190 881 est
1219 860 1324 887 passus,
1348 857 1378 879 ut
1395 852 1488 879 Deus:
1516 855 1561 877 aut
1587 851 1609 877 si
1632 858 1727 885 passus

935 908 994 928 esse
1014 900 1123 931 dicitur,
1138 899 1271 933 quomodo
1287 899 1322 925 sit
1339 898 1428 925 Deus?
1441 898 1615 925 Ceusendum
1634 897 1726 931 itaque

935 952 974 973 est
999 946 1085 973 solum
1113 953 1173 972 eum
1199 945 1244 979 qui
1270 949 1311 971 est
1328 951 1361 971 ex
1387 944 1491 971 semine
1511 943 1594 970 David
1617 949 1727 977 passum

935 999 1004 1019 C559.

970 1039 1004 1066 A.
1024 1039 1060 1065 At
1081 1045 1144 1064 vero
1167 1036 1304 1071 quomodo
1330 1043 1383 1062 non
1410 1035 1446 1062 sit
1476 1034 1727 1062 manifestissimum

934 1089 1121 1119 argumentum
1140 1074 1282 1110 imbecillis
1303 1082 1470 1113 intellectus,
1488 1081 1640 1114 lmjnstnodi
1662 1081 1728 1115 quid

931 1132 1037 1158 sentire
1056 1138 1087 1158 ac
1099 1129 1207 1156 dicere?
1227 1129 1319 1162 Neque
1334 1128 1405 1154 enim
1426 1135 1596 1154 communem
1620 1134 1650 1154 ac
1670 1126 1728 1153 vul—

934 1183 1025 1211 garem
1042 1176 1176 1202 hominem
1196 1174 1306 1201 tradidit
1321 1172 1392 1199 Deus
1409 1180 1456 1206 pro
1470 1173 1556 1200 nobis.
1573 1172 1659 1199 instar
1675 1177 1729 1197 me-

935 1221 1045 1248 diatoris
1062 1225 1240 1255 assumptum,
1255 1225 1283 1247 et
1301 1220 1418 1248 ascititia
1442 1219 1501 1246 Filii
1521 1219 1605 1253 gloria
1630 1217 1727 1250 pradi-

936 1272 1003 1298 tutn,
1026 1271 1053 1293 et
1072 1266 1166 1293 stricta
1191 1267 1305 1300 quadarn
1331 1266 1523 1300 conjunctione
1548 1264 1727 1291 decoratum:

935 1314 981 1340 sed
999 1320 1106 1340 onmem
1129 1317 1280 1339 creaturam
1301 1320 1470 1346 exsuperans
1485 1311 1603 1337 Verbum
1629 1317 1662 1336 ex
1685 1316 1730 1336 es-

935 1360 1021 1387 sentia
1037 1359 1122 1392 ipsius
1145 1359 1274 1393 genitum,
1292 1359 1377 1385 nostri
1401 1358 1517 1385 similem
1542 1360 1656 1392 propler
1679 1363 1729 1383 nos

935 1407 1035 1434 factum
1051 1425 1059 1437 ,
1087 1410 1116 1432 ιιι
1145 1410 1303 1432 cerneretur
1324 1405 1446 1431 omnituu
1470 1404 1531 1430 vita:
1555 1402 1642 1436 pretio
1669 1409 1729 1437 par.

935 1452 1136 1480 Perabsurdunt
1151 1456 1241 1478 autem
1255 1451 1443 1486 judicaverim,
1464 1458 1525 1477 cum
1546 1449 1707 1484 Uuigeuitus
1719 1469 1727 1480 ,

937 1504 966 1526 ut
979 1499 1045 1531 dixi,
1060 1507 1122 1525 raro
1143 1499 1292 1525 secundum
1310 1498 1465 1531 Scripturas
1480 1497 1516 1524 sit
1528 1496 1627 1529 fat-tus,
1643 1501 1668 1522 et
1682 1497 1729 1522 ln-

936 1547 1120 1575 carnatiouem
1136 1547 1294 1580 dedignatus
1310 1553 1362 1572 non
1380 1545 1472 1575 fuerit,
1490 1545 1576 1578 ipsum
1593 1543 1729 1577 quodam-

937 1594 1016 1621 modo
1029 1593 1140 1628 culpare
1161 1599 1192 1620 ac
1209 1591 1419 1627 reprehendere,
1435 1595 1562 1624 umquam
1577 1589 1623 1623 qui
1641 1587 1730 1622 priva-

936 1646 969 1668 ta:
984 1648 1038 1667 sua:
1050 1639 1142 1674 gloria:
1157 1639 1292 1672 effecerit,
1306 1643 1332 1665 ct
1344 1645 1426 1664 carne
1440 1636 1494 1672 pati
1512 1641 1610 1672 praeter
1623 1641 1730 1670 atquutu

936 1686 1061 1714 voluerit.
1083 1685 1218 1712 Cancrum
1235 1684 1286 1711 fuit
1300 1691 1331 1711 ca
1352 1691 1394 1710 res
1420 1683 1521 1711 mundo
1537 1683 1664 1709 univorso
1685 1689 1731 1708 επις

937 1733 1043 1759 lutaris.
1061 1731 1127 1758 Cum
1140 1736 1229 1758 autent
1247 1731 1349 1757 idcirco
1365 1730 1419 1764 pati
1437 1729 1551 1758 voluerit
1566 1728 1588 1754 is
1604 1728 1630 1754 in
1650 1734 1730 1762 quem

938 1779 1009 1806 nulla
1031 1778 1122 1813 passio
1144 1778 1241 1804 cadere
1262 1781 1360 1810 potest,
1385 1776 1456 1810 quod
1478 1775 1606 1801 nimirum
1627 1774 1662 1801 sit
1683 1781 1731 1799 na—

938 1831 997 1853 tura
1018 1825 1104 1856 Deus,
1129 1824 1229 1850 idcirco
1253 1830 1361 1849 carnem
1387 1821 1521 1856 passionis
1544 1827 1668 1854 capacem
1695 1818 1731 1844 in-

939 1872 1008 1903 duit,
1024 1877 1139 1904 eamque
1159 1868 1295 1903 propriam
1309 1874 1384 1892 suam
1397 1866 1564 1892 declaravit:
1583 1867 1618 1891 ila
1632 1869 1661 1890 ιιι
1675 1870 1730 1898 tpse

938 1917 1075 1944 diceretur
1088 1915 1153 1949 pati.
1166 1914 1259 1948 Neque
1281 1913 1352 1940 enim
1378 1912 1491 1938 alterius
1505 1910 1667 1944 cuiuspiam,
1683 1910 1735 1937 sed

938 1970 1015 1991 suum
1032 1962 1116 1996 ipsius
1133 1967 1232 1994 corpus
1246 1966 1353 1994 passum
1367 1961 1417 1984 cst.
1439 1957 1505 1984 Cum
1526 1957 1617 1989 itaque
1641 1954 1730 1980 incar—

938 2009 1055 2037 nationis
1072 2008 1141 2035 ratio
1159 2007 1184 2033 id
1203 2006 1290 2036 ferat,
1306 2005 1384 2039 eique
1401 2004 1501 2030 tribuat.
1521 2006 1549 2028 ul
1573 2008 1655 2028 carne
1671 2000 1731 2035 qui-

939 2057 998 2083 dem
1024 2054 1077 2089 pati
1098 2053 1223 2086 voluerit,
1250 2051 1354 2078 Deitate
1379 2056 1443 2077 tero
1468 2055 1641 2083 nequaquam
1659 2048 1733 2082 (erat

939 2103 1011 2130 enim
1028 2101 1054 2128 in
1072 2102 1131 2135 ipso
1145 2100 1217 2126 Deus
1233 2097 1314 2125 simul
1332 2102 1358 2123 et
1371 2095 1462 2129 homo)
1476 2116 1483 2128 ,
1499 2094 1647 2121 adversarii
1662 2093 1731 2120 mulv-

941 2149 976 2174 tis
1002 2146 1127 2173 inanibus
1157 2143 1247 2171 verbis
1272 2143 1450 2176 obstrepunt,
1475 2145 1503 2167 et
1530 2138 1650 2175 mysterii
1677 2138 1732 2165 vim

941 2197 1023 2226 atque
1038 2191 1166 2218 virtutem
1181 2187 1384 2223 imperitissime
1397 2185 1591 2216 adulterantes,
1605 2183 1732 2210 eximiam

940 2238 1083 2273 quamdam
1100 2242 1127 2264 et
1145 2236 1232 2262 laudis
1249 2234 1354 2269 plenam
1379 2232 1511 2259 unitatem
1532 2234 1627 2265 putant
1649 2230 1733 2256 conli~

939 2289 1010 2309 cere.
1044 2280 1239 2308 Existimarunt
1269 2279 1340 2305 enitn
1370 2277 1421 2303 hoc
1444 2277 1469 2303 ei
1496 2275 1583 2302 labem
1613 2275 1733 2309 aliquam

939 2335 1093 2365 aspergere,
1110 2327 1180 2361 quod
1198 2325 1278 2361 767
1294 2324 1405 2351 omnino
1419 2322 1535 2349 voluerit
1554 2329 1636 2348 carne
1651 2321 1737 2354 mori,

940 2377 967 2399 at
993 2376 1087 2399 contra
1112 2372 1216 2406 insigne
1243 2379 1274 2398 ac
1298 2370 1456 2406 praeclarum
1483 2373 1533 2395 est.
1557 2367 1635 2400 Quod
1659 2368 1733 2394 enim

942 2423 1029 2446 morte
1049 2424 1131 2453 atque
1149 2418 1259 2445 interitu
1284 2417 1408 2453 superior
1427 2416 1478 2448 sit,
1495 2423 1555 2442 cutn
1581 2414 1616 2441 sit
1632 2414 1683 2440 vita
1707 2418 1735 2440 et

941 2464 1100 2497 vivificaris,
1128 2469 1220 2498 utpote
1249 2464 1338 2495 Deus,
1366 2461 1531 2489 resurrectio
1558 2464 1656 2486 testata
1681 2464 1735 2485 est.

943 2510 1090 2537 Suscitavit
1113 2509 1184 2536 cnim
1209 2517 1286 2536 suum
1307 2509 1391 2544 ipsius
1414 2507 1554 2542 templum.
1579 2505 1683 2532 idcirco
1707 2508 1735 2530 et

943 2557 1050 2584 divinus
1073 2555 1173 2582 Paulus
1198 2555 1308 2589 inquit:
1335 2563 1346 2581 ι
1374 2553 1433 2581 Non
1459 2553 1588 2581 erubesco
1609 2551 1733 2584 Evange-

945 2602 1021 2629 lium.
1038 2600 1130 2628 Virtus
1145 2600 1216 2627 enim
1237 2599 1283 2626 Dei
1309 2603 1352 2626 est
1383 2599 1409 2625 in
1433 2598 1547 2625 salutem
1578 2595 1651 2623 omni
1676 2605 1733 2622 cre-

941 2648 1012 2676 denti
1023 2647 1057 2674 ".
1076 2657 1084 2673 ι
1101 2647 1134 2674 Ει
1149 2653 1276 2673 rursntn:
1295 2654 1304 2670 ι
1321 2644 1439 2672 Verbum
1453 2644 1526 2670 enim
1543 2642 1633 2669 crucis
1645 2662 1652 2673 ,
1675 2648 1733 2674 per-

941 2694 1069 2722 euntibus
1091 2693 1197 2728 quidem
1221 2690 1335 2718 stultitia
1352 2694 1391 2717 est
1409 2697 1415 2715 :
1437 2689 1470 2715 iis
1487 2693 1576 2715 autem
1597 2687 1642 2721 qui
1668 2684 1733 2713 salvi

944 2739 1021 2774 fiunt,
1037 2738 1088 2765 hoc
1110 2742 1152 2764 est
1179 2736 1272 2769 nobis,
1300 2734 1346 2761 Dci
1374 2733 1459 2760 virtus
1481 2737 1532 2760 est.
1557 2732 1623 2766 Ipsis
1643 2736 1733 2758 autem

944 2786 1045 2812 \‘ocatis
1060 2783 1158 2812 Juda'is
1172 2787 1253 2816 atque
1267 2779 1380 2814 Graecis,
1395 2779 1519 2806 Christus
1531 2776 1578 2804 Dci
1596 2777 1692 2809 virtus,
1707 2781 1732 2804 et
