1907 3038
47 127 116 155 1345

46 182 87 218 εἷς
113 185 260 214 κεκάθικεν
285 185 359 218 Υίδς.
385 186 565 213 διδασκόντων
596 187 685 219 αὐτοὶ,
710 187 751 219 τίς
778 188 834 218 τοῖς
849 188 871 217 Α

46 231 176 258 ἀνωτάτω
186 232 329 268 τετίμηται
345 232 447 265 θάκοις,
461 233 506 259 καὶ
518 233 672 268 συνεδρεύει
686 233 725 268 τῷ
739 233 834 268 Πατρὶ,

46 278 70 304 εἰ
86 278 131 304 καὶ
147 279 187 304 ὁτι
205 278 323 313 μάλιστα
346 279 398 305 τῶν
416 279 485 313 ἄγαν
514 279 731 314 σφαλερωτάτων
746 280 788 315 εἴη
804 279 838 306 ἃν

45 323 77 350 τὸ
90 324 263 359 ἀνακομίζειν
280 325 437 360 ἀποτολμᾷν
453 326 493 357 είς
509 325 646 361 ἰσοτιμίαν
667 325 705 361 τῷ
719 326 837 361 δεσπότῃ

45 368 77 395 τὸ
99 369 201 402 δοῦλον,
226 370 266 406 τῷ
286 371 382 407 κτίστῃ
399 372 429 397 τὸ
449 371 570 407 ποιηθὲν,
593 371 630 407 τῷ
655 371 760 407 βασιλεῖ
784 373 838 399 τῶν

45 418 115 445 ὅλων
137 419 168 446 τὸ
189 419 248 446 ὺπὸυ
268 418 360 453 ζυγὸν,
387 419 426 454 τῷ
451 419 560 447 πάντων
592 419 721 447 ἐπέκεινα
746 421 776 448 τὸ
808 421 838 447 ὲν

46 466 114 492 πᾶσι
131 465 236 492 τελοῦν.

84 510 112 536 Β.
134 511 279 545 Σαφηνιεῖς
293 508 340 538 οὖν
357 511 410 547 ἄρα
429 510 509 538 τοῦτο
528 512 593 547 ἡμῖν
609 511 703 539 εἰσέτι.

83 555 116 582 Δ.
138 555 245 588 Καίτοι,
261 555 387 591 καθάπερ
410 552 526 591 ἐγῷμαι,
543 556 631 592 σαφὴς
647 557 695 584 καὶ
708 556 838 592 ἀποχρῶν

44 600 62 626 ὸ
83 601 128 627 ἐπ’
152 601 243 633 αὐτοῖς
268 601 299 637 δὴ
325 601 428 633 τούτοις
445 603 511 637 ἡμῖν
537 603 724 638 ἐκπεπόνηται
747 602 836 637 λόγος,

45 645 128 672 ὄκνου
152 645 180 672 δὲ
203 645 265 681 δίχα
285 646 385 678 παντὸς
401 646 549 682 προσθείην
573 646 607 674 ἂν
631 644 672 678 οἷς
695 647 764 683 ἔφην
790 647 838 674 καὶ

46 689 141 726 ιτερα,
165 689 211 716 καὶ
233 691 283 717 οὐκ
307 691 407 726 ἀγεννῆ
425 692 621 726 συναγόρευσιν
638 691 688 726 τὴν
712 692 783 728 ὑπέρ
805 699 837 726 γε

45 735 103 762 τῶν
116 736 195 772 ίερῶν
211 737 352 772 δογμάτων
369 736 496 772 καθάπερ
514 737 575 764 τινὰ
589 737 754 773 παντευχίαν
769 738 837 765 ἀνα-

45 781 150 814 λαϐὼν,
176 782 371 818 ἀνταναστήσω
391 782 422 809 τὸ
445 783 543 819 ἀληθὲς
568 785 623 816 τοῖς
651 783 778 819 φρονοῦσι
804 784 838 811 τὰ

44 827 260 864 διεστραμμένα.
279 829 339 855 Ὂτι
356 829 409 864 γὰρ
427 830 441 855 ὸ
466 829 614 865 μονογενὴς
630 829 678 857 τοῦ
701 829 769 856 Θεοῦ
785 831 837 856 Λό-

45 882 106 908 γος.
130 874 160 900 οὐ
185 874 397 913 μεσολαϐοὗνξος
423 875 474 909 τὴν
500 875 656 910 οἰκονομίαν
682 875 741 903 υιοῦ
771 877 837 911 παρ’

45 920 131 947 αὐτὸν
149 920 254 956 ἑτέρου,
267 921 508 955 καὶ¹συναιρθέντος
524 921 599 957 αὺτῷ
614 922 757 958 σχετικῦκ,
773 931 839 950 κατ-

45 965 156 1001 ήργηκε
173 966 219 992 τοῦ
235 965 351 993 Θανάτου
364 966 395 992 τὸ
408 966 518 1003 κράτος,
536 967 618 998 αὐτὸς
640 967 669 994 δὲ
692 967 792 1002 μᾶλλον
805 968 838 995 δι’

45 1011 159 1045 ἑαυτοῦ,
175 1011 341 1039 πιστώσεται
358 1012 454 1047 λέγων’
473 1023 482 1039 ι
503 1012 581 1040 Οὕτω
595 1014 649 1049 γὰρ
667 1014 811 1050 ἠγάπησεν
825 1015 839 1041 ὸ

45 1057 117 1089 θεὸς
129 1058 173 1085 τὸν
188 1058 300 1093 κόσμον,
316 1058 386 1085 ὥστε
399 1058 444 1085 τὸν
460 1058 523 1086 Υἰὸν
539 1059 622 1086 αὐτοῦ
644 1059 690 1086 τὸν
707 1060 839 1096 μονογενῆ

45 1103 162 1136 ἔδωκεν.
177 1104 220 1132 ἴνα
236 1105 291 1136 πᾶς
310 1105 324 1131 ὁ
347 1105 482 1132 πιστεύων
504 1106 542 1137 εἰς
559 1106 640 1133 αὑτὸν
670 1106 707 1142 μὴ
723 1107 840 1143 ἀπόλλη-

43 1158 105 1182 ται,
122 1150 180 1177 ἀλλ’
200 1150 248 1186 ἔχῃ
263 1150 336 1186 ζωὴν
350 1151 470 1178 αἰώνιον.
488 1161 498 1177 t
519 1151 648 1187 Αἵροντος
662 1153 691 1179 δὲ
708 1153 776 1188 ὑψοῦ
790 1153 840 1190 τὴν

43 1197 88 1228 εἰς
104 1197 149 1223 τὸν
167 1197 267 1232 κόσμον
285 1197 396 1233 ἀγάπην
410 1197 458 1225 τοῦ
483 1198 550 1225 Θεοῦ
570 1199 617 1226 καὶ
628 1199 744 1235 Πατρὸς,
759 1201 841 1237 ὑπερ-

44 1242 156 1278 μεγέθη
172 1251 202 1270 τε
226 1243 274 1270 καὶ
289 1243 418 1279 ὑπερφυᾶ
436 1245 600 1280 γεγενῆσθαι
626 1245 760 1281 λέγοντος,
778 1247 842 1274 ἀνθ-

40 1288 110 1315 ότου
128 1289 397 1325 κατασμικρύνουσιν
416 1290 610 1325 οίδιεναντίας,
626 1292 655 1318 οὺ
671 1292 716 1319 τὸν
733 1292 841 1328 ἀληθῶς

41 1335 113 1362 Υίὸν
128 1336 199 1372 ὑπὲρ
210 1336 288 1372 ἡμῶν
304 1336 426 1365 δεδόσθαι
438 1337 574 1372 λέγοντες,
587 1339 645 1365 ἀλλ’
660 1339 707 1366 ἕνα
714 1339 768 1367 τῶν
779 1339 840 1367 καθ’

39 1383 134 1418 ἡμᾶς,
151 1383 308 1418 εἰσποίητον
322 1383 419 1419 ἔχοντα
432 1384 480 1419 τὴν
496 1384 546 1420 τῆς
562 1385 686 1421 υἰότητος
698 1386 787 1421 χάριν,
800 1387 840 1418 εἰς

37 1427 90 1454 τὸν
106 1427 155 1454 τοῦ
170 1428 241 1454 κατὰ
252 1428 333 1462 φύσιν
346 1428 411 1456 Υἱοῦ
427 1429 509 1456 τόπον
528 1429 749 1464 ἀναϐιϐάζοντες,
763 1431 841 1464 ὄντος

37 1473 72 1500 δὲ
86 1474 260 1508 Μονογενοῦς
272 1474 320 1501 τοῦ
335 1474 456 1508 δοθέντος
471 1475 541 1512 ὑπὲρ
554 1477 570 1511 ἡ
575 1476 633 1511 μῶν
643 1485 650 1509 ;
660 1474 728 1504 Εἶτα
738 1486 841 1513 γεγρα-

150 1520 276 1569 Ἰωόιννου
291 1521 385 1569 σαφῇ
395 1530 402 1537 ⁸
426 1531 448 1569 ιΔ
464 1521 493 1548 'O
509 1522 656 1558 μονογενὴς
671 1523 747 1556 Θεὸς,
772 1525 785 1551 ό
802 1523 840 1551 ὢν
853 1539 875 1569 c

35 1566 84 1597 είς
100 1565 148 1592 τὸν
166 1565 266 1593 κόλπον
287 1565 334 1593 τοῦ
356 1566 463 1602 Πατρός
474 1575 480 1582 ·
499 1576 508 1593 ι
525 1567 585 1599 πῶς
597 1568 647 1595 οὐκ
659 1567 692 1595 ἂν
707 1569 840 1603 ἀγάσαιτό

34 1620 87 1643 τις
105 1611 159 1646 τῆς
173 1610 294 1646 ἀμαθίας
307 1611 417 1645 αὐτοὺς,
431 1612 599 1646 ὲξωθοῦντας
615 1615 664 1650 μὲν
676 1615 726 1650 τῆς
740 1612 841 1643 οίκονο-

34 1655 113 1692 μίας
123 1656 170 1683 τὸν
183 1657 315 1692 μονογενῆ
329 1657 394 1684 Θεὸν
405 1657 502 1692 Λόγον,
516 1659 740 1696 ἀντεισφέροντας
751 1661 789 1695 δὲ,
803 1662 841 1693 ὡς

30 1703 125 1739 ἔφην,
144 1704 206 1735 ταῖς
230 1703 346 1740 θύραθεν
368 1704 458 1737 δόξαις
473 1705 673 1740 ὲξωραῖσθέντα
696 1706 767 1740 τινὰ,
793 1708 841 1734 καὶ

29 1749 169 1776 ἐπακτὸν
185 1749 280 1785 ἔχοντα
295 1750 325 1777 τὸ
337 1750 386 1786 τῆς
406 1751 533 1788 θεότητος
555 1752 641 1787 ὄνομα
653 1761 661 1786 ;
674 1751 739 1780 Εἶτα
761 1753 788 1780 τί
810 1754 841 1781 τὸ

30 1794 122 1867 μῗα
135 1794 185 1822 καὶ
206 1795 370 1830 ἀξιάγαστον
385 1797 414 1823 ὲν
435 1798 469 1832 τῇ
493 1796 540 1823 τοῦ
556 1797 663 1833 Πατρὸς
677 1799 772 1835 ἀγάπῃ
789 1808 841 1833 φα-

30 1849 70 1867 ve
87 1849 135 1867 ται
153 1840 255 1867 λοιπὸν.
273 1842 298 1867 εί
315 1841 397 1867 αέοοε
411 1842 437 1867 τί
453 1842 567 1867 κόσμου.
581 1844 627 1867 καὶ
644 1844 724 1867 τοῦτο
742 1844 837 1867 anavh,

27 1840 135 1869 νεῖται
153 1840 255 1874 λοιπὸν,
273 1842 298 1868 εί
314 1841 397 1878 μέρος
411 1842 437 1868 τί
453 1842 568 1878 κόσμου,
581 1844 627 1870 καὶ
644 1844 724 1871 τοῦτο
741 1844 839 1881 βραχὺ,

27 1886 165 1914 δέδωκεν
176 1887 244 1922 ὑπὲρ
257 1888 356 1922 absab;
377 1889 412 1916 Ἦ
427 1888 498 1923 τάχα
514 1897 565 1916 που
579 1889 625 1916 καὶ
639 1890 841 1926 ἀνεπίπληκτον

25 1934 148 1966 εἰπεῖν,
162 1933 199 1965 ὡς
211 1933 377 1969 λελύτρωται
391 1935 494 1970 κόσμος
506 1935 582 1961 οὐδὲν
591 1935 660 1971 ἔχων
675 1937 751 1972 παρὰ
762 1936 840 1972 Θεοῦ,

24 1977 116 2006 ἀλλὰ
133 1979 192 2010 τοῖς
215 1978 297 2006 αὐτοῦ
317 1979 412 2015 μέρεσι
428 1980 496 2016 πρὸς
511 1980 590 2007 τοῦτο
608 1980 840 2017 ὑπηρετούμενος.

854 861 875 888 Β

74 2114 116 2140 Β.
137 2113 265 2140 Δεδόσθαι
281 2113 348 2148 φασὶ
363 2113 407 2140 τὸν
423 2114 564 2149 Μονογενῆ
581 2114 656 2151 παρὰ
666 2114 713 2141 τοῦ
725 2116 841 2151 Πατρὸς,

20 2158 72 2186 ιν*
95 2158 268 2193 οίκονομήσῃ
291 2157 325 2184 τὰ
349 2157 409 2184 καθ’
425 2158 508 2194 ἡμᾶς,
524 2159 574 2194 οὐχ
594 2159 638 2186 ἵνα
653 2168 678 2186 τι
698 2160 772 2196 πάθῃ
788 2161 843 2188 τῶν

605 127 705 161 'QUOD
726 127 820 155 [ΙΝυὸ
840 125 895 154 SIT
915 125 1098 154 CHRISTUS.

1611 116 1679 155 me

886 193 966 221 quam
978 185 1023 220 qtti
1040 185 1130 212 afﬁcit.
1145 185 1179 212 At
1199 191 1260 213 cum
1277 192 1348 211 unus
1365 183 1494 212 assederit
1511 183 1612 216 Filius,
1626 186 1676 211 do-

890 237 969 259 ceant
987 232 1039 267 ipsi
1065 232 1189 267 quisnam
1203 232 1229 258 in
1247 238 1402 265 supremum
1421 229 1485 257 illud
1496 230 1592 257 solium
1609 231 1677 256 ast-i-

890 283 931 305 tus
947 279 992 309 sit.
1006 278 1134 313 Patrique
1151 277 1277 305 assideat.
1293 276 1431 311 Siquidem
1455 277 1600 303 absurdum
1625 277 1659 303 im

885 324 983 359 primis
1004 323 1085 351 i‘uerit
1106 324 1286 358 aequalitatem
1315 323 1425 350 honoris
1453 324 1572 349 trihuere
1599 331 1676 348 servm

888 377 949 396 cum
983 370 1101 402 domino,
1123 374 1255 397 creatura:
1273 376 1334 396 cum
1358 372 1493 400 creatore,
1514 369 1537 395 ei
1562 369 1606 402 qui
1628 375 1678 394 sun

885 415 950 450 jugo
965 420 1006 443 cst
1024 423 1084 442 cum
1110 415 1192 442 totius
1216 415 1334 442 universi
1360 415 1494 447 Domino;
1519 419 1546 440 et
1565 414 1675 447 quodin

886 462 1014 489 omnibus
1026 465 1102 496 paret
1116 460 1240 496 imperio,
1255 469 1314 489 cum
1324 468 1356 487 eo
1369 461 1414 495 qui
1429 467 1510 494 supra
1523 460 1612 486 omnia
1623 465 1674 487 est.

924 507 955 534 Β.
974 507 1084 542 Explica
1102 507 1153 534 hoc
1168 507 1246 534 nobis
1260 506 1384 534 ulterius.

923 553 956 579 A.
976 553 1070 588 Atqui,
1083 558 1112 581 ut
1132 553 1261 586 arbitror,
1283 551 1425 580 manifeste
1442 551 1508 578 satis
1525 555 1552 578 et
1574 550 1678 585 prolixe

887 599 967 627 nobis
980 599 1031 627 hac
1049 600 1082 627 de
1099 607 1128 627 re
1148 603 1341 634 pertractatutn
1364 603 1422 631 est;
1445 606 1532 632 neque
1553 605 1617 624 vero
1635 604 1678 623 me

888 645 991 681 pigebit
1003 646 1035 672 iis
1046 653 1106 680 qua:
1120 645 1176 673 dixi
1189 646 1272 672 etiam
1292 645 1342 672 alia
1361 644 1483 679 quaedam
1499 643 1636 678 adjicere;
1651 647 1678 669 et

889 700 941 720 non
958 692 1067 728 ignobili
1081 692 1232 727 patrocinio
1245 699 1294 726 pro
1307 691 1393 719 sacris
1409 689 1578 725 dogmatibus
1595 688 1676 715 veluti

888 739 1003 774 quadam
1021 739 1110 766 omnis
1133 739 1241 775 generis
1265 742 1401 765 armatura
1425 737 1559 768 indutum,
1580 735 1678 762 verita-

890 790 943 813 tem
956 792 1094 820 opponere
1112 785 1145 813 iis
1155 785 1200 820 qui
1217 784 1352 811 contraria
1367 782 1497 810 sentiunt.
1514 781 1588 814 Quod
1603 781 1678 807 enim

889 831 1056 866 unigenitum
1075 830 1122 858 Dei
1141 830 1260 858 Verbum
1272 851 1280 863 ,
1297 838 1349 857 non
1368 828 1566 857 interveniente
1585 827 1617 853 ad
1636 827 1677 852 in-

890 877 1074 905 carnationem
1096 876 1151 903 tilio
1179 876 1224 911 qui
1241 884 1256 903 ιι
1279 883 1309 903 se
1330 876 1452 902 diversus
1469 878 1550 905 esset,
1571 878 1598 900 et
1613 872 1677 900 stri~

889 928 933 951 cte
939 924 964 951 ei
976 923 1193 958 coniungeretur,
1203 922 1298 950 mortis
1307 921 1447 956 imperium
1458 920 1620 952 dissolverit,
1630 919 1677 946 sed

890 971 977 1006 ipsum
993 970 1081 1005 potius
1093 969 1210 997 Verbum
1225 968 1270 995 Dei
1287 975 1334 1002 per
1349 974 1388 999 se,
1408 966 1542 1001 probabit,
1560 965 1653 993 dicens
1669 974 1676 993 :

893 1027 902 1044 ι
920 1018 958 1045 lta
973 1018 1045 1045 enitn
1071 1017 1165 1044 dilexit
1186 1015 1256 1043 Deus
1275 1015 1415 1047 mundum,
1433 1017 1462 1040 ut
1483 1012 1579 1040 Filium
1600 1019 1677 1039 suum

891 1064 1057 1100 unigenitum
1077 1063 1196 1095 dederit,
1215 1067 1245 1089 ut
1264 1061 1352 1088 omnis
1376 1060 1421 1096 qui
1437 1059 1523 1088 credi:
1547 1059 1573 1086 in
1590 1059 1678 1094 ipsum

891 1118 942 1139 nou
963 1115 1064 1146 pereat,
1084 1111 1129 1138 sed
1150 1109 1248 1137 habeat
1272 1108 1355 1135 vitam
1375 1111 1503 1134 aeternam
1514 1106 1549 1133 ‘°.
1569 1115 1580 1132 ι
1608 1105 1677 1133 Cum

890 1164 956 1185 vero
972 1157 1019 1184 Dei
1042 1164 1074 1183 ac
1096 1155 1186 1183 Patris
1208 1154 1381 1182 dilectionem
1403 1159 1466 1187 erga
1491 1151 1618 1178 mttndum
1639 1149 1677 1178 ita

890 1202 1017 1235 extollat,
1043 1207 1070 1230 et
1094 1202 1252 1229 immensam
1275 1205 1356 1234 atque
1383 1198 1571 1226 inexhaustam
1595 1196 1679 1223 fuisse

891 1249 974 1282 dicat,
990 1256 1039 1276 cur
1053 1247 1174 1276 hreretici
1192 1247 1264 1274 hanc
1278 1245 1385 1274 elevant
1398 1250 1479 1279 atque
1503 1243 1677 1274 imminuunt,

891 1296 1011 1323 dicentes
1030 1301 1082 1322 non
1106 1301 1200 1320 verum
1217 1292 1301 1319 tilium
1320 1299 1371 1327 pro
1389 1291 1466 1318 nobis
1483 1289 1574 1317 datum
1599 1296 1676 1321 esse,

891 1341 939 1369 sed
959 1340 1102 1376 quemdam
1131 1347 1166 1366 ex
1183 1338 1259 1366 nobis
1279 1345 1326 1373 per
1346 1337 1459 1372 gratiam
1476 1336 1502 1363 itt
1526 1335 1608 1362 tilium
1630 1335 1679 1362 ad-

890 1391 1025 1422 optatum,
1035 1393 1151 1420 eumque
1164 1385 1191 1412 in
1201 1383 1331 1412 naturalis
1348 1383 1394 1410 tilii
1406 1383 1493 1411 locum
1507 1381 1659 1409 attollentes
1669 1399 1677 1412 ,

890 1441 951 1462 cum
969 1434 1005 1461 sit
1014 1432 1175 1467 Unigenitus
1190 1431 1236 1467 qui
1258 1438 1306 1466 pro
1323 1430 1400 1457 nobis
1424 1428 1504 1456 datus
1526 1428 1591 1456 est?
1608 1427 1680 1456 Prte-

892 1484 964 1508 terea
991 1487 1051 1506 cum
1076 1478 1195 1506 Joannes
1217 1481 1311 1512 aperte
1333 1476 1453 1503 scribat:
1483 1484 1493 1500 ι
1521 1474 1679 1510 Unigenitutt

891 1525 962 1553 Deus
975 1527 1021 1560 qui
1034 1528 1075 1552 est
1095 1524 1121 1550 in
1136 1523 1196 1551 sinu
1214 1522 1303 1549 Patris
1317 1521 1338 1537 ἰ
1354 1530 1362 1548 :
1382 1530 1391 1547 I
1410 1520 1546 1555 quomodo
1564 1527 1616 1547 non
1636 1519 1680 1546 Id-

893 1571 1006 1599 miretur
1023 1569 1157 1605 quispiam
1174 1568 1282 1596 illorum
1300 1567 1475 1602 imperitiam,
1490 1566 1534 1601 qui
1549 1566 1680 1594 altadmi-

893 1617 1054 1645 nistratione
1069 1617 1096 1644 in
1111 1623 1194 1644 carne
1210 1614 1383 1650 Unigenilum
1398 1613 1445 1641 Dei
1461 1612 1579 1641 Verbum
1591 1613 1681 1640 exclu-

892 1665 967 1695 dant,
985 1662 1067 1698 769
1078 1670 1110 1690 ac
1126 1662 1215 1697 potius
1234 1661 1317 1688 alium
1339 1660 1494 1695 quemdam,
1510 1663 1538 1686 ut
1557 1659 1623 1692 dixi,
1641 1659 1680 1685 in-

893 1710 1045 1742 troducam,
1061 1709 1213 1736 extrinseca
1231 1712 1312 1742 atque
1327 1705 1444 1734 Iscilitia
1464 1705 1546 1740 gloria
1561 1704 1680 1739 splendi-

892 1755 976 1787 dum,
1001 1754 1205 1788 adventitioque
1232 1751 1346 1780 Deitatis
1379 1751 1488 1778 nomine
1512 1749 1682 1784 praeditum?

893 1798 994 1826 Deinde
1009 1798 1136 1833 quidnam
1152 1797 1282 1825 eximium
1297 1799 1343 1823 aut
1360 1802 1524 1831 magnopere
1543 1795 1681 1822 admiran-

893 1845 956 1873 dum
973 1845 999 1871 in
1016 1844 1160 1871 dilectione
1178 1842 1268 1870 Patris
1283 1848 1344 1869 esse
1361 1846 1522 1873 censeatur,
1537 1841 1559 1868 si
1575 1845 1680 1876 partem

893 1891 1035 1926 quamdam
1050 1889 1152 1922 mundi,
1171 1893 1252 1923 atque
1269 1887 1342 1914 illam
1354 1887 1462 1922 quidem
1478 1887 1614 1920 exiguam,
1632 1894 1681 1921 pro

893 1936 952 1972 ipso
980 1935 1071 1963 dedit?
1087 1934 1238 1968 Quinetiam
1258 1934 1309 1961 hoc
1327 1932 1443 1960 fortasse
1465 1937 1537 1960 recte
1561 1932 1612 1960 dici
1634 1940 1680 1967 p0-

894 1982 968 2016 terit,
991 1982 1158 2015 redemptum
1180 1987 1242 2007 esse
1261 1978 1391 2018 mundum
1413 1978 1479 2006 nihil
1502 1978 1646 2006 habentem
1665 1986 1680 2006 a

894 2029 967 2062 Deo,
997 2027 1044 2056 sed
1076 2034 1139 2055 suas
1171 2027 1255 2062 ipsius
1281 2031 1375 2061 partes
1398 2025 1578 2060 redet'uptioni
1609 2025 1680 2052 inse-

895 2075 989 2103 ruisse.

928 2119 959 2148 Β.
977 2120 1060 2148 Aiunt
1076 2120 1184 2156 quidem
1197 2119 1289 2147 datum
1302 2125 1363 2146 esse
1377 2125 1391 2145 a
1405 2117 1485 2144 Patre
1507 2116 1680 2152 Unigenitum

895 2173 925 2195 ut.
943 2175 987 2195 res
1003 2171 1111 2194 nostras
1125 2165 1306 2198 administret,
1324 2172 1376 2192 non
1395 2169 1484 2191 autem
1509 2163 1536 2190 in
1560 2171 1607 2190 sua
1634 2170 1680 2189 na-

19 2203 230 2240 ἀνθρωπίνων
248 2203 330 2236 αὐτὸς
352 2205 391 2235 είς
407 2204 475 2231 ἰδίαν
494 2204 594 2240 φύσιν·
609 2205 750 2241 ἀμήχανον
774 2206 838 2242 γάρ.

895 2217 954 2241 tura
969 2213 1115 2240 humanum
1131 2212 1232 2247 aliquid
1247 2212 1381 2247 patiatur;
1397 2217 1457 2237 nam
1480 2209 1531 2238 hoc
1547 2208 1605 2236 ﬁeri
1628 2217 1680 2236 non

69 2296 115 2322 Α.
139 2293 225 2320 Πάθοι
242 2293 292 2328 μὲν
310 2293 342 2320 ἂν
357 2293 438 2325 αὐτὸς
452 2294 492 2325 είς
507 2294 575 2321 ίδίαν
590 2295 671 2329 φύσιν
686 2295 717 2322 τὸ
732 2296 844 2332 σύμπαν

15 2341 134 2371 οὐδέν.
161 2339 319 2375 Ἀσώματος
340 2339 395 2375 γὰρ
420 2340 551 2376 ὑπάρχων
567 2341 604 2372 ὡς
628 2341 704 2373 Θεὸς,
724 2341 777 2375 ἔξω
791 2350 843 2369 που

13 2388 161 2417 πάντως
175 2385 296 2412 κείσεται
310 2385 357 2412 τοῦ
371 2384 467 2414 παθεῖν
478 2393 485 2401 ”
498 2386 560 2413 ἐπεὶ
573 2387 600 2413 δὲ
615 2387 683 2414 κατὰ
699 2388 749 2423 τὴν
760 2388 843 2415 αὐτοῦ

10 2433 156 2471 φωνὴν,
171 2432 220 2468 τὴν
233 2432 278 2459 διά
292 2440 335 2466 γε,
357 2433 439 2468 φημὶ,
453 2433 504 2468 τῆς
517 2433 564 2459 τοῦ
581 2433 734 2466 Ψάλλοντος
746 2434 841 2470 λύρας,

10 2478 216 2515 σῶμ.ααύτῴ
226 2479 404 2514 κατήρτισται
419 2479 494 2513 παρὰ
509 2478 555 2505 τοῦ
570 2479 686 2515 Πατρὸς,
703 2480 841 2515 παρῆλθεν

9 2525 221 2560 ἐνσώματος,
238 2523 285 2550 τοῦ
303 2524 418 2559 ποιῆσαι
432 2525 462 2551 τὸ
479 2524 584 2560 θέλημα
599 2525 692 2553 αὐτοῦ.
711 2526 796 2553 Τοῦτο
813 2526 842 2553 δὲ

9 2573 59 2610 ἦν
90 2572 117 2606 ἡ
135 2570 180 2597 διὰ
200 2570 247 2596 τοῦ
266 2570 357 2605 τιμίου
382 2570 499 2606 σταυροῦ
523 2571 657 2607 λύτρωσις
676 2572 723 2599 καὶ
742 2573 842 2600 ἀνακε-

9 2617 204 2657 ζαλαίωσις
219 2615 274 2643 τῶν
294 2615 373 2649 ὅλων,
391 2615 423 2642 δι’
438 2616 520 2643 αὐτοῦ
535 2625 565 2644 τε
586 2618 633 2644 καὶ
647 2619 687 2649 είς
710 2618 791 2645 αὑτὸν
810 2616 840 2646 εὗ

9 2666 123 2703 μάλα
145 2662 361 2698 κατορθουμένη.
386 2662 554 2698 Συλλήψεται
568 2663 597 2690 δὲ
610 2662 652 2696 οἷς
672 2664 740 2701 ἔφην
766 2665 812 2692 καὶ
828 2667 843 2692 ό

9 2710 219 2744 πανάριστος
229 2709 345 2740 Παῦλος.
356 2708 405 2735 ὡδὶ
413 2709 570 2744 γεγραφώςσ
591 2720 602 2737 ‹
618 2711 703 2738 Τοῦτο
719 2713 841 2747 φρονεῖτε

9 2763 166 2788 ἕκαστος
183 2756 211 2781 ὲν
229 2755 292 2790 ὑμῖν
307 2755 408 2786 αὐτοῖς,
423 2755 437 2781 ὃ
452 2756 498 2782 καὶ
520 2757 548 2782 ὲν
565 2757 674 2793 Χριστῷ
695 2757 793 2791 Ίτκσοῠ,
814 2758 842 2791 ὸς

55 2848 95 2864 ³⁸
128 2843 208 2872 Joan.
229 2851 270 2878 ιιι,
291 2843 331 2872 l6.
371 2844 392 2861 "
412 2843 489 2872 Joan.
512 2851 530 2878 ι,
550 2845 590 2871 18.

895 2263 995 2295 potest.

929 2305 961 2331 Δ.
983 2303 1042 2338 Ipse
1059 2307 1133 2331 certe
1148 2303 1176 2330 in
1189 2311 1236 2331 sua
1253 2307 1349 2330 natura
1362 2302 1427 2330 nihil
1441 2301 1549 2329 omnino
1565 2301 1678 2337 patitur.

892 2350 960 2378 Cum
976 2350 1047 2377 enim
1063 2350 1099 2377 sit
1119 2350 1305 2384 incorporeus,
1321 2354 1350 2377 ut
1372 2349 1456 2381 Deus,
1474 2349 1606 2386 passionis
1623 2357 1681 2375 0m-

892 2397 936 2424 nis
948 2403 1044 2430 expers
1059 2399 1110 2422 cst.
1122 2395 1188 2423 Cum
1205 2403 1270 2423 vero
1289 2396 1364 2429 juxta
1379 2396 1462 2430 ipsius
1482 2402 1586 2428 vocem,
1603 2395 1679 2430 juxta

894 2442 1014 2474 Davidis,
1033 2442 1156 2476 inquam,
1175 2441 1272 2476 lyram,
1290 2449 1387 2476 corpus
1402 2442 1425 2469 ei
1442 2450 1456 2469 a
1472 2441 1552 2469 Patre
1569 2448 1678 2477 coapta-

894 2496 949 2516 tnm
967 2491 1018 2520 est,
1030 2494 1175 2521 corporeus
1188 2487 1297 2514 advenit
1311 2492 1339 2514 ut
1351 2494 1546 2522 exsequeretur
1559 2489 1681 2516 volunta-

896 2538 949 2561 tem
965 2533 1062 2560 Patris.
1078 2531 1140 2559 Hinc
1152 2539 1233 2567 porro
1246 2537 1306 2559 erat
1320 2533 1469 2568 redemptio
1484 2542 1531 2568 per
1545 2543 1679 2563 veneran-

895 2580 955 2608 dam
972 2587 1004 2607 ac
1025 2579 1170 2615 pretiosam
1194 2585 1313 2611 crucem,
1335 2584 1416 2613 atque
1438 2580 1601 2609 instauratio
1621 2583 1681 2609 uni-

895 2633 1034 2653 versorum
1057 2632 1104 2660 per
1132 2624 1219 2658 ipsum
1242 2628 1269 2652 et
1295 2624 1321 2651 in
1347 2625 1404 2659 ipso
1431 2626 1532 2659 optime
1559 2633 1679 2661 peracta.

894 2669 1034 2698 Consentit
1049 2677 1112 2697 vero
1127 2669 1161 2697 iis
1174 2677 1233 2705 quae
1254 2670 1321 2704 dixit
1336 2670 1416 2697 etiam
1433 2670 1550 2705 optimus
1568 2671 1680 2705 Paulus,

896 2712 931 2739 ita
949 2713 1071 2741 scribens
1088 2723 1095 2741 :
1111 2723 1120 2739 ι
1138 2713 1193 2741 Hoc
1204 2714 1274 2741 enim
1299 2714 1397 2741 sentite
1418 2714 1443 2741 in
1467 2714 1553 2747 vobis,
1569 2717 1639 2750 quod
1655 2722 1682 2744 et

895 2759 922 2786 in
936 2759 1045 2796 Christo
1063 2759 1136 2793 Iesu,
1151 2761 1194 2796 qui
1209 2769 1269 2788 cum
1292 2761 1318 2788 in
1336 2761 1422 2789 forma
1446 2759 1492 2788 Dei
1518 2764 1599 2788 esset.
1624 2769 1678 2788 non
