1907 3038
60 142 127 170 1549

616 139 710 174 QUOD
731 138 823 167 UNUS
844 137 897 166 SIT
917 138 1100 168 CHRISTUS.

1619 144 1689 173 1.3570

60 203 89 229 ὲν
111 199 263 228 ταπεινώσει
286 199 316 226 τὺ
335 199 446 235 ὑψηλὸν,
468 200 514 226 καὶ
536 197 566 226 τὸ
591 200 670 234 φύσει
696 199 797 235 προσὸν
811 197 847 229 ὡς

923 206 972 233 em,
989 203 1016 227 et
1030 200 1055 227 id
1075 199 1148 235 quod
1169 206 1266 228 natura
1284 200 1333 235 ipsi
1357 201 1427 228 inest
1450 200 1528 235 quasi
1550 208 1690 236 acet-ptum

60 248 129 275 δοτὸν
143 247 183 273 διὰ
204 247 234 273 τὺ
250 246 421 281 ἀνθρώπινον
436 245 648 281 προσκυνεῖσθαι
668 245 737 280 πρὸς
760 242 846 270 ἁπάν-

60 303 121 321 των.
140 293 267 327 Κάμπτει
292 291 347 327 γὰρ
366 291 440 326 αὐτῷ
458 293 512 318 πᾶν
536 291 601 326 γόνυ
624 291 679 318 τῶν
701 299 730 317 τε
754 291 782 316 ὲν
801 288 844 315 οὺ-

59 341 155 375 ρανοῖς,
171 339 219 365 καὶ
238 338 284 364 ὲπὶ
301 338 363 372 γῆς,
380 338 428 364 καὶ
452 338 506 364 πᾶν
522 337 616 372 τάγμα
630 337 775 371 δοξολογεῖ.
789 337 847 364 Κύ-

60 393 115 419 ριος
130 385 181 418 γὰρ
195 382 265 410 εἶναι
281 383 441 410 πιστεύεται
461 383 580 418 Χριστὸς
600 382 703 417 Ἰησοῦς
718 383 758 414 εἰς
769 383 848 415 δόξαν

59 431 124 458 Θεοῦ
138 431 252 466 Πατρός.
276 431 331 457 Καὶ
344 430 409 464 γοῦν
432 430 484 465 ἔφη
500 430 567 466 πρὸς
579 430 624 457 τὸν
637 431 666 456 ὲν
685 431 742 462 τοῖς
764 430 848 464 οὐρα-

59 480 113 510 νοῖς
128 478 238 513 Πατέρα,
249 477 296 504 καὶ
315 477 391 504 Θεόν⁴
411 487 421 502 ι
440 477 541 511 Πάτερ,
565 476 676 508 δόξασόν
692 485 725 511 με
738 477 770 511 τῇ
784 475 847 511 δόξῃ

60 522 77 561 ᾖ
92 523 170 561 εἶχον,
186 524 239 559 πρὸ
250 523 297 550 τοῦ
315 523 360 549 τὸν
373 523 475 559 κόσμον
493 521 572 555 εἶναι,
590 523 666 559 παρὰ
683 524 734 549 σοι.
753 532 762 547 ι
784 520 849 558 ’Ἆρ’

59 570 116 603 οὖν,
136 571 193 598 εἰπέ
211 579 266 605 μοι,
283 569 452 605 προκόσμιος
468 566 501 604 ἦν
523 564 538 595 ό
553 569 708 603 ἄνθρωπος,
724 568 754 594 ὃν
775 568 850 594 ἀνει-

60 617 157 652 λῆφθαι
176 624 244 652 φασι
259 615 335 650 παρὰ
356 614 404 641 τοῦ
420 614 589 648 Μονογενοῦς
606 614 677 640 κατὰ
701 613 848 649 συνάψειεν

61 665 185 700 σχετικὴν
195 672 203 694 ς

96 711 126 737 Β.
144 710 286 745 Οὐδαμῶς.

95 758 126 784 Δ.
146 757 193 789 Τις
208 755 253 784 οὖν
275 757 330 792 ἄρα
346 757 420 783 ἐστὶν
443 757 457 782 ὁ
480 755 558 788 δόξαν
573 754 666 786 αἰτῶν,
683 755 716 791 ἢν
731 755 778 782 καὶ
797 755 849 791 πρὸ

60 803 142 838 αὐτῆς
162 803 210 837 τῆς
224 801 271 830 τοῦ
286 803 390 838 κόσμου
412 802 565 838 καταϐολῆς
581 801 745 837 ἐνυπάρχειν
760 801 850 837 ἐαυτῷ

60 857 151 885 φησιν,
168 848 212 875 ἀεὶ
235 848 282 874 καὶ
307 848 351 874 διὰ
375 847 475 879 παντὸς
490 847 548 874 ὄντι
568 847 644 882 παρὰ
658 847 735 882 Θεῷ;
759 847 816 881 Οὐχ
837 847 851 874 ὁ

61 895 192 925 ωναῖδιος
214 893 253 929 τῷ
284 893 373 929 Πατρὶ
395 890 461 926 Θεδς
484 893 589 927 Λόγος,
614 894 628 919 ὁ
652 892 796 928 σύνθρονός
819 901 848 920 τε

59 942 109 968 καὶ
131 939 339 976 συνυφεστηκὼς
362 939 447 975 αὐτῷ,
464 940 528 976 περὶ
546 937 575 967 οὗ
589 948 670 975 φησιν
684 941 698 966 ὁ
714 940 850 974 πάνσοφος

60 987 254 1023 ςύαγγελιστὴς
271 986 406 1022 Ἰωάννηςσ
421 996 430 1013 ι
442 987 472 1013 '0
483 986 568 1020 Λόγος
583 984 616 1022 ἦν
635 980 703 1021 πρὸς
717 986 762 1012 τὸν
772 985 850 1018 Θεὸν,

60 1034 108 1060 καὶ
122 1033 185 1064 Θεὸς
197 1031 231 1068 ἦν
244 1034 258 1060 ὁ
273 1033 377 1067 Λόγος;
397 1043 406 1059 ι

95 1080 126 1105 Β.
144 1079 206 1110 Πῶς
221 1080 276 1115 γὰρ
290 1078 336 1110 οὓς

95 1126 129 1151 Δ.
144 1119 250 1160 Ὥσπερ
263 1123 309 1151 οὖν
323 1124 373 1159 τῆς
395 1123 476 1159 δόξης
492 1123 596 1160 Κύριος
612 1122 659 1156 ὢν,
676 1120 734 1150 εἶτα
757 1123 852 1155 καθεὶς

59 1171 157 1197 ἑαυτὸν
170 1171 213 1197 διὰ
232 1171 315 1206 μέσου
333 1171 401 1206 πρὸς
412 1171 443 1197 τὸ
460 1170 589 1202 δυσκλεὲς
608 1170 657 1205 τῆς
673 1169 766 1196 δούλου
787 1177 853 1205 μορ-

60 1218 127 1253 φῆς,
148 1217 197 1252 τῆς
224 1216 337 1252 ἐνούσης
357 1217 402 1243 ἀεὶ
424 1217 503 1251 δόξης
531 1216 621 1251 ἐαυτῷ
643 1217 692 1251 τὴν
720 1215 853 1250 ἀνάληψιν

60 1265 141 1294 αἰτεῖ,
152 1264 198 1290 καὶ
212 1263 292 1290 τοῦτο
304 1263 374 1298 δρῶν
383 1262 634 1299 ἀνθρωποπρεπῶς·
651 1262 722 1289 οὓτω
732 1263 780 1288 καὶ
788 1262 854 1294 Θεὸς

61 1310 194 1345 ὑπάρχων
209 1310 262 1341 ἀεὶ,
279 1309 348 1344 πρὸς
362 1309 411 1344 τὴν
423 1309 473 1344 τῆς
490 1309 557 1339 ιδίας
577 1308 703 1344 θεότητος
716 1309 854 1344 ὑπεροχήν

60 1363 91 1380 τε
109 1354 249 1386 καὶδόξαν
273 1355 305 1380 ἐκ
328 1353 383 1380 τῶν
399 1353 460 1379 καθ’
484 1354 557 1388 ἡμᾶς
578 1353 686 1388 μέτρων
712 1353 853 1388 ἀναιροιτᾷ,

60 1399 142 1432 ἴνίἱις
153 1401 193 1426 ἐνὶ
207 1399 299 1426 λοιπον
310 1399 366 1435 Υἱῷ
380 1399 418 1434 τῷ
432 1398 503 1425 κατὰ
515 1399 647 1434 φύσινκαὶ
659 1398 787 1434 ἀληθινῷ,
796 1399 857 1426 καί-

60 1455 104 1473 τοι
121 1446 183 1473 καθ’
203 1447 276 1482 ἡμᾶς
293 1446 416 1480 γεγονότι
438 1446 485 1472 καὶ
510 1445 723 1480 σεσαρκωμένῳ,
742 1445 857 1480 κάμπτῃ

61 1495 119 1520 πᾶν
133 1494 208 1527 γόνυ,
228 1493 354 1528 καθάπερ
375 1491 442 1528 ἔφην
464 1492 576 1528 ἀρτίως.
593 1492 678 1518 Ταυτὶ
693 1492 757 1527 γὰρ,
768 1489 855 1527 οἶμαι,

63 1539 228 1575 φρονοῦντες
242 1538 294 1565 ὼδέ
305 1547 334 1564 τε
348 1537 534 1569 πιστεύοντες,
555 1537 736 1572 ἐγκλημάτων
752 1537 858 1573 ἀνθρω-

62 1585 226 1621 πολατρίας,
244 1584 358 1620 οὐρανόν
371 1592 400 1610 τε
413 1584 458 1610 καὶ
471 1584 522 1618 γῆν
536 1583 739 1618 ἀπαλλάξομεν.
756 1584 862 1619 Γέγρα-

62 1639 132 1657 πται
148 1631 213 1665 γὰρ,
231 1631 270 1657 ὅτι
292 1639 301 1655 ‹
320 1629 422 1665 Κύριον
438 1630 483 1656 τὸν
498 1629 563 1655 Θεό-ι
589 1637 634 1656 σου
651 1629 860 1664 προσκυνήσεις,

61 1677 113 1704 καὶ
132 1676 207 1712 αὐτῷ
224 1676 297 1711 μόνῳ
309 1675 480 1707 λατρεύσεις.
504 1685 512 1701 ι

104 1765 136 1792 Β.
153 1764 291 1792 Πλείστων
314 1765 347 1792 ἂν
364 1765 450 1791 δέοιτο
473 1765 526 1791 τῶν
546 1765 776 1801 ἑπικουρημὰτων
791 1767 804 1792 ό
817 1767 864 1792 ἐπὶ

61 1812 136 1848 τῷδε
153 1812 243 1846 λόγος.
266 1812 318 1838 Ἴθι
339 1811 371 1847 δὴ
383 1810 429 1838 οὖν
443 1812 490 1838 καὶ
504 1811 537 1838 δι’
559 1812 660 1847 ἐτέρων
676 1813 741 1847 ἡμῖν
754 1812 864 1839 ἐννοιῶν

60 1859 195 1893 διασὰφει
208 1859 238 1884 τὸ
252 1859 412 1894 μυστήριον.

101 1905 135 1930 Α.
157 1904 260 1930 οὐκοῦν
275 1901 333 1938 εἶμί
354 1912 405 1935 τοι,
425 1903 472 1930 καὶ
494 1902 566 1937 μάλα
594 1902 762 1938 προθύμως·
781 1903 864 1938 φαίην

60 1951 86 1978 δ’
100 1951 148 1983 ἂν,
161 1951 202 1977 ὅτι
215 1951 394 1986 ἡμαρτήκασι
406 1949 551 1985 τάληθοῦς,
568 1949 604 1981 ὡς
620 1949 712 1984 ἕτερον
729 1950 794 1984 ἡμῖν
806 1948 863 1974 υἱὸν

60 1997 114 2024 τὸν
132 1998 167 2023 ὲκ
186 1997 343 2032 σπέρματος
359 1996 406 2022 τοῦ
419 1995 502 2022 Δαὸὶδ
515 1994 755 2031 παραζευγνύντες
768 1994 806 2030 τῷ
818 1994 864 2029 φύε

62 2052 110 2070 σει
129 2044 178 2070 καὶ
195 2043 312 2078 ἀληθῶς,
339 2042 418 2078 δῆλον
433 2043 461 2069 δὲ
484 2043 524 2069 ὅτι
548 2041 586 2077 ’τῷ
602 2042 760 2076 Μονογενεῖ,
776 2041 864 2067 καίτοι

62 2090 190 2126 βοῶντος
207 2089 300 2123 σαφῶς
322 2089 394 2124 ἱεροῦ
416 2088 591 2123 Γράμματος’
611 2097 621 2114 ί
645 2088 674 2114 '0
697 2087 804 2122 πρῶτος
819 2087 864 2114 ἄν-

62 2137 182 2172 Θρωπος
193 2137 225 2162 ἐκ
239 2137 290 2171 γῆς
298 2135 400 2172 χοϊκός,
414 2136 428 2161 ὀ
447 2135 572 2171 δεύτερος
588 2134 618 2166 ἐξ
641 2133 756 2169 οὐρανοῦ
767 2141 774 2147 ⁸
790 2143 799 2159 ι
817 2134 865 2160 καὶ

65 2182 126 2218 μὴν
142 2182 191 2208 καὶ
202 2181 283 2208 αὑτοῦ
298 2180 346 2207 τοῦ
364 2181 441 2213 Υἰοῦ,
455 2181 495 2207 ὅτι
506 2189 514 2206 ι
525 2180 712 2214 Κατασέόηκα
724 2180 756 2206 ὲκ
764 2179 811 2206 τοῦ
821 2180 865 2206 οὐ-

64 2228 168 2265 ρανοῦ,
183 2228 232 2263 οὺχ
244 2228 286 2254 ἕνα
302 2227 372 2262 ποιῶ
385 2227 415 2254 τὸ
426 2227 532 2262 θέλημα
540 2227 569 2253 τὺ
582 2226 658 2261 ἐμὸν,
669 2225 736 2252 ἀλλά
746 2225 778 2252 τὸ
786 2225 865 2260 θέλη-

62 2283 108 2311 μα
119 2274 170 2301 τοῦ
187 2273 343 2309 πέμψαντός
360 2282 403 2308 με.
418 2273 504 2299 Τοῦτο
522 2272 551 2299 δέ.
574 2273 632 2298 ἐστι
651 2271 681 2298 τὺ
697 2271 803 2306 θέλημα
818 2271 864 2298 τοῦ

61 2319 231 2356 πέμψαντός
250 2327 294 2355 με,
311 2319 355 2346 ἵνα
368 2319 422 2346 πᾶν
436 2319 450 2345 ὃ
462 2318 561 2345 δέδωκέ
577 2326 621 2352 μοι
639 2317 676 2353 μὴ
693 2317 818 2343 ἀπολέσω
837 2317 866 2349 ἐξ

60 2366 168 2399 αὐτοῦ,
184 2365 251 2393 ἀλλὰ
263 2366 408 2401 ἀναστήσω
422 2365 487 2392 αὐτὸ
499 2366 533 2400 τῇ
545 2365 647 2400 ἐσχάτῃ
659 2363 759 2400 ἡμέρᾳ.
777 2373 785 2389 ι
800 2363 867 2389 Τίνα

61 2415 100 2450 δὴ
119 2412 170 2441 οὖν
185 2414 239 2449 ἄρα
252 2414 320 2448 φασὶ
331 2413 377 2439 τὸν
392 2413 421 2445 ea
437 2411 551 2449 οὐρανοῦ
570 2411 734 2446 καθιγμὲνον
747 2419 754 2445 ;
768 2410 866 2444 Γεγέν-

61 2469 155 2495 νηται
169 2460 224 2496 γὰρ
240 2460 271 2486 τὸ
286 2460 366 2495 σῶμα
379 2461 410 2486 ἐκ
427 2459 565 2494 γυναικός.

105 2507 140 2533 Β.
152 2507 205 2532 Τὸν
217 2507 250 2532 ὲκ
260 2506 328 2532 Θεοῦ
345 2506 452 2541 Πατρὸς
465 2505 586 2540 δηλονότι
596 2504 762 2540 γεννηθέντα
773 2503 866 2537 Λόγον.

60 2551 162 2588 Οἶμαι
181 2553 236 2588 γὰρ
249 2553 298 2588 οὐχ
312 2552 404 2588 ἕτερόν
415 2561 441 2579 τι
461 2554 570 2588 φρονεῖν
582 2552 688 2578 ἑλέσθαι
704 2551 779 2587 παρᾶ
790 2552 869 2578 τοῦτο

59 2598 188 2629 αὐτούς.

107 2648 145 2673 Α,
171 2646 284 2682 Ὀρθῶς,
301 2643 323 2672 ὧ
335 2647 435 2682 ἑταῖρε.
451 2645 577 2681 Γέγραφε
592 2645 620 2672 δέ
635 2654 686 2672 που
709 2645 755 2672 καὶ
768 2646 782 2672 ὁ
798 2645 866 2671 πάν-

64 2701 159 2726 σοφός
185 2692 334 2728 Ὶωόιννης⁸
365 2703 374 2718 ι
407 2693 436 2719 '0
459 2692 561 2719 ἄνωθεν
590 2692 746 2727 ἐρχόμενος,
776 2692 869 2718 ἐπάνω

68 2741 189 2764 ζόιντων
219 2739 300 2765 ἐστίν.
322 2749 330 2764 ι
351 2736 417 2765 Εἶτα
441 2738 499 2770 πῶς
524 2738 661 2770 ἐθέλοντος
687 2737 733 2764 τοῦ
761 2737 869 2772 Harpe;

108 2838 135 2854 ”
155 2837 237 2866 JOJD.
262 2846 325 2873 χιιι,

61 2882 116 2908 ut,
136 2873 190 2913 5t.

407 2840 428 2854 ³⁸
450 2839 528 2866 Deut.
550 2846 585 2872 vn,
602 2838 650 2872 15-,
667 2837 764 2866 Matth.
785 2846 821 2871 tv,
837 2837 879 2865 10.

899 246 1042 273 habentem
1053 250 1162 281 propter
1174 247 1382 279 humanitatem,
1395 247 1427 274 ab
1436 247 1560 274 omnibus
1571 249 1690 276 adorari.

899 291 1024 319 Flectunt
1038 293 1110 319 enim
1124 292 1148 320 ei
1161 301 1229 328 genu
1242 293 1331 320 omnia
1348 294 1481 327 caelestia,
1495 299 1522 322 et
1541 295 1692 326 terrestria.

899 342 925 365 ct
940 338 1028 365 omnis
1043 339 1109 365 ordo
1120 339 1264 366 clariﬁcat.
1283 340 1411 367 Dominus
1431 341 1501 367 enim
1520 348 1581 368 esse
1603 341 1692 367 credi-

901 386 947 411 tur
961 383 1088 411 Christus
1110 384 1187 412 Jesus
1207 385 1233 412 in
1257 385 1370 420 gloriam
1388 385 1434 413 Dei
1452 386 1560 413 Patris:
1582 387 1647 421 quin
1667 391 1691 413 ct

901 429 957 463 ipse
973 430 1005 456 ad
1023 429 1128 457 Patrem
1143 437 1176 457 ac
1191 429 1275 457 Deum
1292 431 1429 458 cmlestem
1444 432 1479 458 ita
1497 433 1602 466 inquit:
1620 441 1629 458 ι
1642 431 1692 459 Pa-

902 479 952 506 ter,
965 475 1085 509 gloriﬁca
1107 482 1150 503 me
1172 483 1202 502 ea
1219 476 1305 511 gloria
1325 484 1406 511 quam
1430 477 1524 510 habui,
1546 483 1690 512 antequam

901 521 1016 548 mundus
1031 525 1115 552 esset,
1142 522 1211 557 apud
1230 527 1256 549 te
1274 522 1306 549 ³⁸.
1324 531 1334 548 ι
1355 522 1402 550 Dic
1423 531 1486 551 vero
1508 524 1572 551 mihi
1590 533 1596 552 :
1614 525 1694 551 homo

901 566 945 594 ille
960 574 1040 601 quem
1053 567 1087 595 ab
1105 567 1249 603 Unigenito
1270 568 1374 596 ratione
1393 574 1475 596 arcta:
1495 569 1695 604 conjunctionis

901 618 1068 648 assumptum
1093 620 1154 641 esse
1176 613 1282 647 dicunt,
1301 616 1440 642 exstititne
1469 621 1532 643 ante
1562 617 1694 644 canstitu-

903 659 1002 686 tionem
1017 659 1127 686 mundi?

938 704 969 732 B.
1006 704 1194 741 Nequaquam.

938 752 972 780 A.
993 752 1124 786 Quisnam
1138 754 1219 789 igitur
1229 760 1270 783 est
1286 754 1331 790 qui
1345 755 1412 790 petit
1429 763 1488 782 eam
1501 755 1625 791 gloriam,
1637 763 1690 791 qua

903 806 932 826 se
956 804 1020 827 ante
1047 800 1185 827 conditum
1215 801 1346 828 mundum
1375 802 1518 836 praeditum
1543 802 1629 830 fuisse
1644 803 1696 834 ait,

904 844 982 879 77],
1002 852 1169 880 semperque
1191 850 1218 873 et
1239 846 1272 873 ab
1292 851 1394 874 aeterno
1421 847 1490 882 apud
1511 848 1593 874 Deum
1613 848 1698 875 exsti-

904 891 989 918 tisse?
1008 891 1103 918 Nonne
1127 895 1293 919 coaeternum
1311 891 1384 919 Patri
1411 893 1547 927 Verbum,
1564 901 1617 920 una
1635 901 1696 921 cum

904 937 962 971 ipso
973 936 1121 970 exsistens,
1140 937 1219 971 eique
1241 937 1380 971 assidens,
1406 938 1439 965 de
1459 946 1512 973 quo
1531 939 1697 973 evangelista

903 978 1021 1011 Joannes
1037 984 1146 1019 inquit:
1162 993 1171 1010 (
1188 983 1307 1012 Verbum
1329 988 1388 1012 erat
1397 985 1467 1019 apud
1477 984 1572 1018 Deum,
1587 990 1614 1013 et
1627 984 1698 1012 Deus

904 1035 963 1057 erat
977 1029 1118 1057 Verbum?
1138 1040 1148 1056 ι

939 1076 969 1104 Β.
990 1075 1058 1108 Quis
1072 1075 1177 1103 dubitet
1192 1076 1203 1103 '.’

941 1122 975 1150 A.
991 1123 1224 1155 Quemadmodum
1249 1122 1333 1158 igitur
1356 1122 1452 1157 gloriae
1471 1122 1602 1151 Dominus
1625 1124 1699 1153 exsi-

906 1175 990 1203 stens,
1010 1177 1070 1196 enm
1089 1176 1118 1196 se
1132 1168 1241 1196 demisit
1257 1174 1350 1204 postea
1365 1170 1399 1197 ad
1422 1170 1528 1198 servilis
1540 1170 1633 1198 forma:
1651 1171 1701 1198 lm-

907 1217 1060 1248 mililatem,
1071 1216 1184 1250 gloriam
1197 1224 1248 1251 qua
1261 1217 1294 1243 ab
1307 1221 1409 1243 aeterno
1423 1217 1552 1251 praeditus
1567 1222 1608 1245 est
1624 1218 1700 1245 reddi

908 1262 958 1290 sibi
974 1263 1060 1297 poscit
1073 1267 1100 1289 et
1117 1262 1224 1296 quidem
1245 1262 1296 1289 hoc
1311 1267 1492 1298 congruenter
1508 1263 1633 1291 humanae
1650 1271 1700 1291 na-

910 1313 976 1336 turae
994 1309 1059 1336 facit
1076 1317 1082 1334 :
1101 1309 1138 1336 ita
1154 1309 1235 1336 etiam
1258 1308 1328 1336 Deus
1355 1317 1461 1344 semper
1485 1310 1620 1337 exsistens
1633 1330 1641 1342 ,
1668 1304 1701 1337 ad

909 1355 1024 1390 propriae
1042 1363 1096 1383 sua:
1125 1355 1234 1382 deitatis
1260 1356 1518 1390 supereminentiam
1542 1361 1570 1383 et
1588 1355 1701 1391 gloriam

910 1405 926 1425 e
942 1404 1037 1426 nostra
1054 1399 1210 1426 conditione
1223 1407 1329 1426 rursum
1343 1401 1512 1432 conscendit,
1528 1405 1557 1427 ut
1573 1406 1700 1436 tanquam

911 1445 956 1472 uni
988 1445 1115 1480 deinceps
1140 1445 1256 1472 naturali
1280 1453 1312 1472 ac
1334 1453 1398 1472 vero
1423 1445 1507 1478 Filio,
1526 1447 1632 1474 tametsi
1657 1454 1702 1474 no-

912 1492 960 1519 stri
989 1491 1070 1518 simili
1102 1491 1175 1518 facto
1203 1496 1283 1526 atque
1299 1492 1440 1518 incarnato
1466 1500 1546 1519 omne
1563 1500 1631 1527 genu
1657 1492 1704 1519 ﬂe-

913 1542 1018 1570 ctatur,
1044 1537 1114 1565 sicut
1135 1537 1214 1564 modo
1232 1538 1297 1564 dixi.
1324 1537 1361 1564 lla
1371 1539 1440 1565 cnim
1454 1539 1603 1566 sentientes
1625 1544 1706 1573 atque

915 1584 1067 1618 credentes,
1085 1585 1184 1611 coelum
1203 1584 1304 1618 pariter
1323 1589 1350 1610 et
1364 1589 1463 1611 terram
1486 1584 1519 1611 ab
1537 1592 1569 1612 eo
1590 1585 1704 1612 crimine

913 1631 984 1666 quod
999 1631 1135 1658 hominem
1146 1631 1239 1657 adoret
1250 1631 1406 1656 liberamus.
1416 1630 1553 1664 Scriptum
1562 1635 1604 1656 est
1615 1630 1704 1657 enim:

914 1677 977 1711 quia
997 1686 1005 1702 ι
1027 1676 1171 1703 Dominum
1187 1677 1269 1702 Deum
1295 1680 1370 1702 tuum
1393 1675 1529 1708 adorabis,
1552 1680 1579 1702 et
1599 1675 1635 1702 illi
1656 1675 1706 1703 soli

914 1723 1018 1751 servies
1029 1723 1061 1750 ³⁵.
1074 1731 1083 1748 ι

950 1768 981 1796 Β.
1002 1769 1092 1796 Multis
1108 1767 1282 1795 adminiculis
1300 1775 1390 1794 sermo
1412 1767 1463 1794 hac
1481 1767 1514 1795 de
1530 1775 1559 1794 re
1576 1767 1706 1803 indigeat.

914 1814 1000 1849 Perge
1018 1814 1125 1848 itaque,
1144 1818 1171 1839 et
1191 1812 1252 1839 aliis
1273 1812 1355 1838 etiam
1379 1811 1532 1839 rationibus
1546 1813 1625 1839 nobis
1651 1819 1705 1848 my~

915 1861 1028 1888 stcrium
1044 1860 1160 1894 explica.

951 1907 983 1933 Α.
1001 1907 1128 1940 Pergam,
1143 1909 1170 1932 et
1187 1904 1295 1939 quidem
1312 1903 1489 1938 perlibenter.
1507 1905 1627 1932 Dixerim
1641 1913 1706 1934 vere

916 1960 962 1980 eos
978 1961 992 1979 a
1005 1960 1069 1979 vero
1081 1952 1223 1983 aberrare,
1234 1950 1304 1985 quod
1319 1950 1402 1977 alium
1418 1950 1499 1977 nobis
1517 1950 1655 1986 ﬁliumqui
1673 1953 1711 1980 sit

916 2007 950 2026 ex
964 1998 1069 2026 semine
1082 1997 1167 2024 David
1183 1997 1351 2031 coniungunt
1369 2004 1430 2023 cum
1460 1997 1576 2023 naturali
1593 2005 1625 2025 ac
1646 2005 1710 2026 vere

917 2043 1013 2076 Filio,
1044 2043 1173 2070 nimirum
1211 2042 1377 2076 Unigcnito,
1417 2049 1478 2068 cum
1501 2042 1601 2077 alioqui
1630 2050 1709 2070 saera

918 2091 1058 2125 Scriptura
1075 2093 1167 2124 aperte
1184 2088 1305 2116 clamet:
1327 2097 1336 2113 ε
1360 2088 1558 2116 Primnshomo
1583 2096 1615 2116 ex
1638 2094 1710 2117 terra

918 2141 1053 2168 terrenus,
1079 2134 1214 2162 secundus
1240 2141 1272 2162 ex
1295 2133 1366 2161 curio
1395 2133 1511 2161 caelestis
1530 2133 1579 2161 ³⁶ι
1610 2143 1619 2160 ι
1646 2135 1709 2170 quin

917 2187 943 2210 et
955 2182 1025 2209 Filio
1038 2181 1096 2215 ipso
1113 2180 1237 2211 dicente,
1266 2180 1328 2213 quia
1344 2188 1353 2204 ‹
1371 2179 1503 2206 Desccndi
1515 2187 1547 2206 ex
1564 2179 1642 2212 coelo,
1658 2189 1710 2207 non

882 2243 903 2269 ι)
919 2235 947 2256 ιιι
965 2228 1063 2255 faciam
1081 2226 1249 2254 voluntatem
1273 2233 1378 2257 meam,
1398 2226 1446 2253 sed
1466 2226 1631 2253 voluntatem
1654 2227 1712 2261 ejus

919 2276 964 2311 qui
979 2275 1052 2302 misit
1072 2281 1125 2301 me.
1142 2272 1205 2299 llaec
1217 2275 1259 2299 est
1275 2275 1366 2298 autem
1381 2272 1504 2299 voluntas
1525 2271 1583 2305 ejus
1596 2272 1641 2307 qui
1659 2273 1710 2299 mi-

920 2322 955 2349 sit
967 2328 1021 2352 me,
1037 2324 1066 2346 ut
1080 2325 1161 2346 onme
1187 2317 1260 2352 quod
1278 2317 1353 2344 dedit
1374 2317 1442 2344 mihi
1461 2325 1514 2344 non
1539 2317 1661 2345 amittant
1678 2325 1712 2345 ex

921 2376 963 2400 eo,
978 2367 1024 2394 sed
1042 2364 1200 2393 resuscilem
1211 2363 1276 2390 illud
1291 2363 1318 2390 in
1330 2364 1479 2391 novissimo
1491 2364 1534 2391 die
1548 2364 1597 2392 ³⁷.»
1607 2365 1710 2398 Queru-

921 2422 983 2441 nam
996 2413 1078 2448 igitur
1091 2418 1153 2438 esse
1166 2410 1259 2437 dicunt
1272 2417 1334 2436 eum
1351 2409 1395 2443 qui
1413 2417 1428 2436 e
1452 2409 1523 2437 ctelo
1544 2410 1684 2438 descendit
1701 2410 1713 2438 τ

921 2465 1011 2488 natum
1028 2458 1099 2486 enim
1112 2461 1154 2484 est
1168 2463 1268 2491 corpus
1284 2463 1317 2483 ex
1331 2455 1456 2482 muliere.

956 2505 988 2532 B.
1005 2504 1123 2532 Verbum
1137 2502 1265 2538 profecto
1284 2508 1318 2529 ex
1333 2500 1388 2528 Deo
1407 2501 1489 2527 Patre
1504 2501 1636 2535 genitum.
1660 2501 1712 2528 Ar-

922 2551 1009 2578 hitror
1048 2549 1121 2576 enim
1164 2548 1238 2583 ipsos
1275 2555 1329 2574 non
1365 2546 1439 2573 aliud
1481 2546 1626 2582 quidquam
1662 2548 1714 2575 hoc

921 2597 998 2624 velle.

960 2644 993 2670 A.
1009 2642 1092 2670 Recte
1108 2641 1158 2672 ais,
1171 2648 1188 2668 0
1205 2640 1302 2667 amice.
1318 2638 1437 2674 Scripsit
1448 2645 1512 2665 vero
1522 2637 1620 2664 alicuhi
1632 2637 1714 2665 etiam

925 2689 1143 2724 sapientissimus
1158 2686 1277 2714 Joannes
1295 2694 1303 2713 :
1324 2694 1333 2711 ι
1362 2685 1412 2718 Qui
1435 2692 1450 2711 e
1469 2684 1595 2718 supernis
1623 2684 1714 2716 venit,

925 2744 1005 2771 super
1019 2742 1114 2763 omnes
1122 2733 1205 2761 est".
1219 2733 1312 2768 utqui
1330 2731 1465 2767 quomodo
1480 2738 1539 2758 cum
1555 2729 1638 2757 Pater
1653 2729 1717 2757 velit

939 2838 965 2853 3“
981 2837 990 2864 l
1010 2837 1072 2866 Cor.
1094 2843 1139 2868 xv.
1155 2836 1200 2863 Π.
1255 2835 1275 2851 ³⁷
1296 2834 1375 2866 loan.
1391 2842 1426 2867 vr,
1445 2832 1491 2868 58,
1505 2833 1548 2861 59.
1595 2832 1616 2850 ³⁸
1634 2831 1714 2860 Joan.
