1907 3038
223 153 290 181 1551

724 153 753 180 S.
775 149 911 180 CYRILLI
931 151 1169 179 ALEXANDRINI
1188 151 1351 180 ARLHIEP.

1789 154 1856 181 ISSi

221 211 385 238 resuscitare
395 218 475 238 omne
496 211 567 245 quod
590 210 682 238 datum
706 215 748 238 est
764 210 799 243 ei,
823 215 851 238 et
881 217 942 238 cum
963 216 1006 237 res

1084 209 1208 242 ιαστῆναι
1227 210 1280 235 πᾶν
1294 209 1324 235 τὸ
1345 208 1422 236 δοθὲν
1445 209 1529 244 αὐτῷ,
1546 209 1594 236 καὶ
1609 209 1715 243 ἀγαθοῦ
1739 218 1771 243 γε
1785 210 1857 241 ὄντος

221 256 291 284 b0na
315 257 361 287 sit.
380 261 461 291 atque
484 257 551 283 adeo
575 255 663 282 divina
689 256 828 291 (convenit
852 255 924 283 enim
955 255 1011 283 Dco

221 303 350 336 saivare),
372 303 430 336 ipse
445 302 510 329 dixit
527 295 692 329 descendere
704 309 744 335 se,
758 310 812 329 non
831 306 860 329 ut
873 302 955 329 faciat
968 311 1013 329 vo-

222 349 352 375 luntatem
378 355 474 380 suam,
501 349 547 374 sed
576 347 689 375 Patris?
720 347 900 375 Existimetne
930 348 1013 379 igitur

222 395 362 429 quisquam
382 398 514 426 nostrum,
534 401 547 419 ο
567 393 612 419 Dci
627 397 653 420 et
670 393 759 420 Patris
776 394 945 428 benignitate
966 394 1010 421 Fi-

222 440 287 466 lium
303 439 346 474 qui
362 447 394 466 ex
414 440 471 472 ipso
484 438 591 473 genitus
605 443 656 471 est,
677 439 899 473 degenerare?et
911 440 1010 467 bonum

221 486 329 519 quidem
344 484 499 518 neutiquam
512 491 573 511 esse
586 505 593 517 ,
619 484 783 511 resuscitare
803 492 868 511 vero
894 485 918 511 id
940 485 1011 518 quod

221 531 312 557 dattnn
325 533 367 556 est
377 529 401 556 ei
417 535 443 556 et
459 529 493 556 ab
523 530 633 557 interitu
665 530 783 557 li‘berare
796 530 846 566 ipsi
867 530 948 565 772
961 531 1013 558 dis-

220 577 320 612 plicere
333 575 345 602 τ

253 621 283 648 Β.
304 620 505 647 Periclitamur.

255 667 287 695 Α.
303 667 383 702 Atqui
394 667 490 693 merito
499 666 608 702 quidem
624 666 660 693 ita
673 671 837 698 statuamus,
851 672 914 693 cum
929 664 1010 693 Pater

220 714 307 742 b0nus
327 715 372 745 sit,
392 712 489 740 Filium
504 720 611 747 quoque
624 720 701 740 suum
720 713 807 747 reipsa
821 713 920 739 bonum
939 720 1010 740 esse.

220 758 287 786 Nam
303 765 318 784 a
335 758 424 784 fructu
444 757 526 784 arbor
541 756 715 792 cognoscitur
727 756 760 789 ",
773 757 851 791 juxta
870 757 955 792 ipsius
971 757 1012 784 di-

220 810 304 832 ctum.
320 804 389 831 Vere
419 803 496 834 dicit,
512 809 575 829 cum
601 802 641 829 ait
657 809 665 828 :
687 811 696 828 ‹
712 801 763 835 Qui
782 803 847 829 vidit
865 810 927 836 me,
944 802 1012 829 vidit

220 853 247 876 et
259 847 364 874 Patrem
380 847 414 875 ⁸⁸.
430 846 486 882 Ego
503 851 530 874 et
549 847 629 875 Pater
640 855 723 874 unum
737 854 831 875 sumus
842 848 875 874 “.
895 856 904 872 ›

256 994 288 1021 Β.
317 994 399 1022 Recte
421 994 470 1022 ais.
499 993 613 1021 Deciara
644 994 735 1030 itaque
763 999 792 1022 tu
810 995 867 1030 ipsc
894 995 920 1022 id
938 995 1010 1030 quod

220 1041 334 1069 obscure
351 1041 452 1068 dictum
470 1045 521 1068 est.

257 1089 291 1117 Α.
315 1087 433 1114 Dicimus
451 1094 505 1114 non
529 1086 614 1115 fuisse
639 1091 737 1122 praeter
759 1087 924 1114 voluntatem
949 1087 1008 1114 Filii

221 1133 328 1161 abolere
347 1137 471 1165 mortem,
485 1138 512 1160 et
538 1133 571 1160 ab
589 1133 714 1160 humanis
739 1133 900 1168 corporibus
925 1133 1010 1161 inter-

221 1179 288 1207 itum
309 1178 470 1213 proﬂigare:
496 1187 506 1204 ι
526 1178 618 1214 Neque
636 1179 707 1206 enim
731 1179 882 1207 delectatur
898 1180 1010 1208 interitu

219 1224 378 1252 virentium.
390 1223 481 1251 Saluta
487 1231 529 1251 res
538 1231 601 1251 vero
610 1229 672 1251 sunt
682 1225 871 1259 generatioaes
887 1226 990 1258 mundi,
997 1235 1006 1252 ι

219 1271 289 1299 sicut.
297 1270 429 1306 scriptmn
441 1270 540 1298 est“.«
550 1270 651 1297 invidia
665 1275 755 1298 autem
767 1271 865 1298 diaboli
881 1279 952 1298 mors
967 1272 1010 1298 in—

220 1317 312 1344 troivit
327 1317 354 1344 in
366 1317 459 1344 orbem
473 1321 606 1344 terrarum
615 1315 648 1343 ".
660 1327 669 1342 ι
680 1316 714 1343 At
735 1317 920 1344 tristissimum
937 1325 1010 1344 mor-

221 1363 255 1390 tis
269 1363 412 1398 imperium
430 1370 481 1390 non
497 1363 548 1389 alia
564 1362 669 1389 ratione
690 1363 778 1389 exc'uti
793 1368 912 1397 poterat,
929 1371 1010 1398 quam

220 1415 269 1443 per
282 1408 367 1436 soiam
386 1407 526 1442 Unigeniti
542 1407 770 1435 incarnationem.
797 1407 902 1436 idcirco
916 1409 941 1435 in
961 1418 1011 1436 no~

220 1460 275 1482 stra
293 1454 378 1482 forma
397 1454 535 1489 apparuit,
551 1455 744 1489 propriumque
760 1455 810 1482 sibi
836 1455 899 1482 fecit
914 1463 1012 1490 corpus

220 1501 293 1537 quod
309 1501 429 1528 interitui
444 1500 594 1528 obnoxium
618 1505 679 1528 erat
691 1500 869 1533 ,‘secundum
891 1502 1011 1529 rationes

220 1554 281 1583 qum
301 1552 405 1574 natura:
426 1546 529 1580 insunt,
549 1551 578 1574 ut
600 1554 661 1574 cum
677 1548 735 1582 ipse
757 1545 793 1574 sit
818 1547 871 1574 vita
893 1547 1011 1583 (genitus

220 1595 292 1622 enim
311 1597 352 1621 est
375 1601 407 1621 ex
428 1593 484 1620 vita
512 1593 613 1626 Patris)
642 1592 783 1628 proprium
810 1601 888 1621 suum
910 1593 1009 1620 bonum

221 1640 259 1667 illi
272 1639 386 1672 inserat,
403 1639 455 1666 hoc
472 1643 526 1671 est,
541 1638 635 1665 vitam.
651 1637 720 1665 Cum
733 1643 823 1665 autem
835 1638 886 1674 ipsi
901 1639 1012 1665 omnino

220 1685 353 1720 placuerit
367 1685 536 1720 benignitate
551 1689 634 1719 atque
651 1684 840 1712 benevolentia
869 1692 932 1719 erga
963 1685 1012 1711 hu-

221 1738 330 1758 manum
345 1738 439 1765 genus,
455 1736 575 1757 nostram
589 1730 793 1757 similitudinem
806 1730 911 1763 subire,
926 1738 1007 1764 opor-

222 1777 273 1805 tuit
290 1784 396 1811 quoque
409 1784 471 1803 eum
491 1777 545 1811 pati
577 1777 673 1811 impias
696 1775 851 1803 Judzeorum
869 1782 1011 1804 contume-

222 1822 284 1850 lias.
304 1821 368 1848 Erat
383 1829 448 1848 vero
476 1820 514 1847 illi
533 1821 622 1856 gravis
638 1821 782 1856 conjuncta
802 1829 863 1848 cum
885 1821 1011 1857 passione

220 1867 379 1903 ignominia.
401 1867 504 1894 idcirco
520 1867 679 1894 imminente
702 1866 759 1902 jam
782 1870 922 1902 tempore,
951 1875 1007 1902 quo

222 1914 298 1943 illum
312 1922 361 1948 pro
375 1913 497 1940 omnium
512 1914 567 1940 vita
585 1920 693 1940 crucem
711 1913 789 1940 adire
806 1914 959 1947 oportebat.
981 1918 1012 1940 ut

222 1959 374 1994 passionem
394 1964 494 1994 prastcr
521 1958 686 1986 voluntatem
707 1966 784 1985 suam
807 1958 931 1986 accidere
957 1958 1010 1985 sibi

220 2005 382 2037 declararet,
403 2006 520 2031 humano
537 2011 612 2031 more
632 2003 666 2030 ad
690 2010 749 2031 eam
778 2003 915 2036 accessit,
937 2008 965 2030 et
984 2004 1009 2030 in

221 2050 331 2077 modum
345 2050 513 2084 precationis
529 2050 565 2076 ita
580 2049 687 2076 Patrem
705 2048 838 2076 allocutus
852 2054 912 2076 est:
930 2058 939 2074 ε
957 2048 1010 2076 Pa-

223 2100 274 2128 ter,
295 2096 317 2122 si
334 2095 393 2122 ﬁeri
411 2099 513 2130 potest,
538 2099 659 2122 transeat
679 2102 694 2121 ιι
714 2102 756 2121 me
776 2094 844 2122 calix
862 2095 923 2121 iste.
950 2094 1010 2122 Cte-

223 2146 309 2168 terum
322 2148 374 2168 non
388 2145 417 2168 ut
429 2148 478 2176 ego
491 2140 561 2174 volo,
576 2141 622 2168 sed
639 2139 751 2168 sicuttu’
759 2139 790 2167 “.
804 2149 819 2167 ο
835 2139 1011 2168 Descendisse

222 2194 255 2214 ex
279 2187 348 2215 cceio
361 2187 408 2219 ait,
430 2194 482 2213 non
503 2186 590 2213 invite
608 2185 743 2212 facturum
760 2184 787 2212 id
801 2185 873 2219 quod
890 2184 1011 2212 dolorem

1065 254 1111 281 τοῦ
1128 255 1299 290 πράγματος,
1313 255 1360 282 καὶ
1374 255 1484 291 προσέτι
1499 255 1669 291 θεοπρεποῦς
1693 255 1798 290 (ἐοικὸς
1808 257 1857 291 γὰρ

1064 300 1124 336 Θεῷ
1139 301 1169 327 τδ
1184 300 1280 333 σώζειν
1300 301 1395 336 ἐστίν),
1413 301 1494 333 αὐτὸς
1510 301 1561 338 ἔφη
1577 302 1732 333 κατελθεῖν,
1747 302 1798 336 οὐχ
1819 302 1856 328 ἵνα

1068 348 1128 381 ποιῇ
1146 347 1176 373 τὸ
1193 347 1297 382 θέλημα
1313 348 1343 374 τὸ
1364 347 1460 374 ἑαυτοῦ
1476 348 1585 382 μᾶλλον,
1599 348 1668 375 ἀλλὰ
1685 348 1718 374 τὸ
1739 347 1789 374 τοῦ
1805 349 1857 375 U1-

1065 391 1144 427 τρόςς
1162 390 1224 428 'Ap‘
1239 391 1285 419 οὖν
1298 393 1414 428 οἰήσαιτ⁹
1428 393 1461 420 ἄν
1476 401 1518 424 τις
1538 393 1592 420 τῶν
1612 394 1641 420 ἐν
1654 394 1735 428 ἡμῖν,
1749 394 1800 428 τῆς
1814 394 1857 419 τοῦ

1065 436 1132 464 Θεοῦ
1150 438 1196 464 καὶ
1219 438 1326 473 Πατρὸς
1342 437 1510 473 ἡμερότητος
1533 438 1601 465 ἰέναι
1620 439 1739 465 κατόπιν
1763 439 1810 464 τὸν
1832 439 1858 471 ἐξ

1065 482 1148 509 αὐτοῦ
1164 483 1249 518 φύντα
1264 483 1339 515 Υἰὸν,
1355 484 1402 509 καὶ
1416 480 1486 509 εἷναι
1507 483 1555 518 μὲν
1570 483 1672 517 ἀγαθὸν
1690 483 1795 519 ἤκιστά
1819 492 1857 516 γε,

1065 530 1095 556 τδ
1116 529 1144 556 δὲ
1169 530 1320 564 ἀναστῆσαι
1344 529 1374 556 τὸ
1403 529 1480 557 δοθὲν
1501 529 1547 556 καὶ
1567 529 1722 562 ἀπαλλάξαι
1745 529 1857 564 φθορᾶ;,

1065 576 1201 613 ἀπᾴδει[ν]
1222 577 1295 612 αὑτῷ
1308 585 1316 610 ;

1101 623 1131 649 Β.
1148 623 1356 658 Κινδυνεύομεν.

1100 669 1132 696 Λ.
1150 669 1245 695 Καίτοι
1261 668 1512 704 καταλογισαὶμεθα
1522 669 1565 702 ἂν,
1583 669 1629 696 καὶ
1647 668 1722 704 μάλα
1734 668 1857 700 εἰκότως,

1065 714 1180 751 ἐπείπερ
1193 715 1266 742 ἐστὶν
1279 714 1381 749 ἀγαθοῦ
1393 715 1498 750 [ἰατρὸς
1509 716 1619 751 γνήσιον
1631 716 1769 750 γέννημα,
1782 715 1857 740 vw‘:‘

1065 760 1122 796 [ἂν]
1132 761 1264 796 ὑπάρχειν
1273 761 1319 787 καὶ
1328 761 1410 792 αὐτὸς
1417 760 1619 796 ἀγαθὸς,ήγουν
1630 761 1808 796 αὐτόχρημα,
1819 761 1857 786 ὅτι

1065 807 1176 841 ἀγαθόν.
1196 807 1261 833 Ἀπὸ
1287 807 1340 843 γὰρ
1367 807 1414 833 τοῦ
1427 807 1535 843 καρποῦ
1549 808 1579 834 τὸ
1601 807 1710 843 δένδρον
1725 807 1856 841 γινώτκε-

1064 861 1118 885 ται,
1134 863 1142 878 ι
1161 853 1231 880 κατὰ
1244 853 1293 889 τὴν
1317 852 1397 880 αὑτοῦ
1422 854 1531 888 φωνήν·
1546 853 1693 888 ἀληθεύσει
1718 853 1760 884 δὲ,
1790 853 1857 880 οὕτω

1028 900 1049 928 Β
1063 899 1160 933 λέγων·
1181 899 1210 926 '0
1223 898 1354 935 ἑωρακὼς
1372 899 1431 934 ἐμὲ,
1451 899 1556 934 ἑώρακε
1577 900 1621 926 τδν
1643 899 1766 935 Πατέρα.
1790 899 1856 933 Ἐγὼ

1062 946 1109 972 καὶ
1124 947 1139 972 ὀ
1153 945 1258 982 Πατὴρ,
1276 946 1305 973 ἓν
1317 946 1410 982 ἐσμεν.
1428 955 1437 971 ι

1097 991 1127 1018 Β.
1140 990 1178 1018 Εὖ
1201 991 1279 1027 ἔφης.
1304 992 1435 1027 Διαοάφει
1449 991 1481 1027 δὴ
1507 989 1553 1019 οὖν
1568 992 1649 1024 αὐτὸς
1664 992 1696 1019 τὸ
1727 992 1855 1028 ἀμυδρῶς

1061 1038 1188 1073 εἰρῆσθαι
1200 1038 1304 1065 δοκοῦν.

1096 1085 1128 1111 Λ.
1144 1084 1200 1110 Οὐκ
1215 1084 1363 1120 ἀϐούλητον
1377 1086 1427 1120 μὲν
1453 1086 1579 1120 γενέσθαι
1596 1086 1686 1122 φαμὲν
1701 1085 1742 1120 τῷ
1758 1085 1815 1120 Υἱῷ
1827 1085 1854 1112 τὺ

1061 1131 1372 1167 καταργῆσαι-θάνατον,
1391 1132 1440 1160 καὶ
1452 1133 1623 1168 ἀποσοϐῆσαι
1639 1133 1696 1160 τῶν
1716 1133 1854 1168 ἀνθρωπὶ-

1060 1184 1113 1203 νων
1136 1177 1269 1212 σωμάτων
1289 1178 1339 1213 τὴν
1366 1178 1479 1214 φθοράν.
1497 1188 1506 1205 ι
1527 1180 1563 1206 Οὐ
1579 1179 1632 1215 γὰρ
1655 1179 1790 1214 τέρπεται
1815 1178 1855 1205 ἐπ’

1060 1222 1184 1258 ἀπωλείᾳ
1200 1223 1308 1256 ζώντων
1322 1232 1329 1240 ’
1351 1226 1477 1260 σωτήριοι
1497 1225 1524 1252 δὲ
1549 1225 1596 1251 καὶ
1618 1226 1646 1251 αἱ
1662 1226 1788 1259 γενέσεις
1811 1224 1854 1251 τοῦ

1061 1269 1176 1305 κόσμου,
1198 1279 1207 1296 ι
1228 1270 1300 1297 κατὰ
1319 1270 1348 1296 τὸ
1371 1271 1573 1306 γεγραμμένον.
1593 1280 1602 1296 ε
1622 1271 1715 1305 Φθόνῳ
1730 1270 1855 1297 636-466-

1060 1314 1107 1341 λοι)
1135 1315 1248 1348 Θάνατος
1266 1317 1388 1352 εἰσῆλθεν
1411 1318 1450 1348 εἰς
1464 1317 1508 1344 τὸν
1523 1318 1634 1352 κόσμον.
1653 1327 1662 1342 ›
1675 1317 1746 1343 Ἀλλ’
1760 1315 1795 1352 ἦν
1808 1317 1854 1351 οὐχ

1061 1362 1161 1398 ἑτέρως
1171 1362 1201 1388 τὸ
1216 1363 1326 1398 ἀμειδὲς
1342 1363 1389 1390 τοῦ
1404 1363 1519 1390 θανάτου
1534 1363 1729 1390 κατασεεεσθαι
1745 1363 1853 1398 κράτος.

1061 1407 1130 1442 πλὴν
1145 1407 1186 1434 ὅτι
1200 1407 1243 1434 διὰ
1259 1408 1344 1444 μόνης
1357 1409 1406 1444 τῆς
1421 1408 1652 1444 ὲνανθρωπήσεως
1669 1409 1717 1435 τοῦ
1735 1409 1855 1441 Move-(s-

1061 1453 1131 1486 νοῦς.
1142 1453 1276 1490 Ταύτῃτοι
1287 1455 1391 1490 πέφηνε
1402 1455 1462 1482 καθ’
1472 1456 1555 1491 ἡμᾶς,
1571 1455 1618 1482 καὶ
1631 1455 1696 1481 ἴδιον
1707 1456 1856 1491 ἐποιήσατο

1062 1499 1141 1534 σῶμα
1156 1499 1185 1526 τὸ
1200 1500 1252 1526 ὑπὸ
1266 1499 1380 1535 φθορὰν,
1391 1501 1462 1528 κατά
1478 1509 1510 1534 γε
1524 1500 1588 1532 τοὺς
1605 1500 1715 1532 ὲνόντας
1728 1502 1763 1535 τῇ
1777 1500 1856 1534 φύσει

1060 1545 1166 1579 λόγους,
1190 1545 1224 1571 ἵν’
1239 1545 1353 1582 ίπεῐπερ
1371 1546 1445 1573 ἐστὶν
1466 1546 1547 1578 αὐτὸς
1567 1547 1583 1581 ἡ
1607 1545 1664 1580 ζωὴ
1684 1546 1856 1581 (γεγέννηται

1061 1591 1115 1627 γὰρ
1132 1593 1164 1619 ὲκ
1179 1592 1250 1628 ζωῆς
1265 1592 1311 1619 τοῦ
1325 1593 1455 1628 Πατρὸς),
1471 1593 1629 1632 ὲμφοτεὺσῃ
1648 1592 1680 1619 τὸ
1699 1593 1768 1619 ἴδιον
1791 1593 1858 1626 ἀγα-

1063 1637 1108 1664 θὸν
1125 1637 1209 1673 αὐτῷ,
1227 1638 1349 1665 τουτέστι
1364 1638 1414 1671 τὴν
1435 1638 1520 1674 ζωήν.
1541 1638 1678 1673 Ἐλομένῳ
1697 1638 1726 1664 δὲ
1742 1637 1819 1670 ἅπαξ
1830 1637 1858 1670 ἐξ

1061 1684 1230 1719 ἡμερότητος
1252 1684 1300 1710 καὶ
1321 1684 1539 1720 φιλανθρωπίας,
1557 1685 1606 1719 τὴν
1629 1684 1696 1719 πρὸς
1716 1684 1856 1719 ἡμετέραν

1061 1730 1191 1765 ὁμοίωσιν
1207 1729 1345 1762 ὑπελθεῖν,
1358 1729 1412 1756 ἔδει
1424 1730 1560 1765 συμϐῆναι
1576 1729 1623 1756 καὶ
1640 1729 1671 1756 τὸ
1683 1729 1794 1761 παθεῖν,
1810 1729 1857 1764 τῆς

1069 1775 1201 1803 Ἰουδαίων
1225 1776 1398 1811 ἀνοσιότητος
1426 1775 1646 1811 ὲμπαροινούσης
1670 1775 1756 1810 αὐτῷ.
1788 1775 1857 1801 Ἀλλ’

1061 1820 1095 1858 ἦν
1121 1821 1196 1857 αὑτῷ
1218 1822 1345 1857 φορτικὸν
1366 1821 1396 1848 τὸ
1411 1823 1439 1848 ὲν
1458 1822 1497 1857 τῷ
1523 1822 1618 1849 παθεῖν
1643 1821 1785 1853 δυσκλεές.
1805 1822 1858 1848 Καὶ

1061 1867 1126 1902 γοῦν
1143 1867 1285 1898 ἐνστάντος
1300 1866 1408 1902 καιροῦ,
1426 1866 1486 1894 καθ’
1500 1866 1529 1893 ὃν
1545 1866 1598 1893 ἔδει
1609 1867 1656 1893 τὸν
1670 1866 1742 1902 ὑπέρ
1760 1874 1793 1900 γε
1806 1866 1857 1900 τῆς

1062 1912 1189 1939 ἁπάντων
1216 1912 1288 1947 ζωῆς
1312 1913 1456 1948 ὑπομεῖναι
1485 1912 1614 1948 σταυρὸν,
1638 1912 1682 1938 ἴνα
1706 1912 1738 1938 τὸ
1761 1911 1858 1938 παθεῖν

1062 1958 1210 1992 ἀϐούλητον
1234 1958 1371 1994 ἀποφήνῃ,
1396 1957 1619 1994 ἀνθρωποπρεπῆ
1653 1958 1703 1993 τὴν
1726 1957 1860 1993 πρόσοδον

1062 2005 1110 2031 καὶ
1124 2005 1161 2036 ὡς
1178 2005 1206 2030 ἐν
1223 2005 1344 2039 σχήματι
1359 2004 1514 2040 προσευχῆς
1529 2005 1646 2031 ἐποιεῖτο
1662 2003 1759 2038 λέγων’
1777 2013 1788 2029 I
1807 2003 1859 2030 Ῑιά-

1061 2059 1121 2086 τερ,
1138 2051 1162 2076 εἰ
1184 2049 1305 2082 δυνατὸν,
1335 2050 1496 2086 παρελθέτω
1512 2051 1559 2077 ἀπ’
1579 2050 1647 2085 ὲμοῦ
1672 2050 1703 2076 τὸ
1729 2051 1857 2085 ποτήριον

1060 2096 1150 2123 τοῦτο·
1167 2096 1236 2132 πλὴν
1253 2096 1302 2131 οὐχ
1321 2097 1358 2128 ὡς
1375 2095 1431 2131 ἐγὼ
1455 2095 1608 2128 θέλωράλλ¹
1625 2096 1663 2128 ὡς
1676 2096 1721 2124 σύ,
1740 2106 1749 2122 ι
1763 2097 1857 2123 Κατα-

1062 2141 1143 2177 ϐῆναι
1161 2142 1207 2168 τὸν
1223 2141 1252 2175 ἐξ
1265 2142 1380 2178 οὐρανοῦ
1396 2150 1491 2177 φησιν,
1511 2143 1562 2169 οὐκ
1574 2141 1725 2177 ἀϐούλητον
1745 2143 1857 2177 ποιησό-

1063 2196 1143 2222 μενον
1158 2188 1189 2214 τὸ
1214 2187 1327 2220 λυποῦν,
1344 2187 1387 2214 ἵνα
1404 2187 1566 2224 κατορθώσῃ
1588 2188 1644 2219 τοῖς
1667 2188 1715 2214 ἐπὶ
1734 2188 1786 2223 γῆς
1809 2188 1857 2222 τήν

225 2232 351 2264 afferret,
376 2236 407 2258 ut
425 2238 520 2258 eorum
535 2231 581 2264 qui
607 2231 634 2257 in
650 2231 729 2257 terris
746 2235 810 2258 sunt
830 2230 1010 2257 resurrectio-

1084 2235 1221 2267 νάστασιν,
1236 2234 1269 2270 ἢν
1286 2233 1318 2270 δὴ
1339 2234 1385 2261 καὶ
1401 2233 1480 2269 μόνος
1494 2234 1575 2265 αὐτὸς
1588 2234 1807 2269 κεκαινοτόμηκε
1824 2235 1857 2268 τῇ

223 2284 285 2304 nem
299 2275 487 2308 constitueret,
503 2275 580 2309 cujus
593 2275 701 2309 quidem
715 2275 774 2309 ipse
792 2274 866 2302 solus
881 2275 1008 2303 humana:

223 2329 328 2350 natum
341 2327 437 2348 auctor
457 2320 518 2348 fuit.
543 2320 644 2348 Factus
662 2325 703 2348 est
727 2321 800 2348 enim
817 2321 1011 2356 primogenitus

220 2377 255 2397 ex
269 2368 383 2396 mortuis
399 2367 545 2394 secundum
560 2373 670 2393 carnem
683 2366 705 2382 “
718 2372 762 2399 ,et
779 2367 905 2401 primitias
916 2375 1010 2394 eorum

223 2415 269 2450 qui
287 2414 493 2441 obdormierant
514 2413 547 2440 ⁸⁸.
575 2413 664 2444 ipsius
678 2413 762 2448 igitur
781 2418 808 2440 et
829 2421 882 2440 non
898 2414 1011 2441 alterius

223 2460 314 2495 passio
327 2460 388 2491 fuit,
403 2464 534 2494 quatenus
549 2459 629 2486 itomo
641 2458 728 2485 factus
743 2463 795 2490 est,
813 2459 920 2486 tametsi
935 2467 1010 2485 man—

222 2508 288 2535 serit
299 2507 431 2542 passionis
441 2513 548 2541 expers,
567 2509 703 2540 quatenus
717 2509 760 2532 est
775 2505 859 2532 Deus.

258 2554 287 2580 Β.
309 2553 346 2580 lla
359 2554 458 2581 sentio.

257 2599 288 2626 Α.
303 2601 394 2627 Sacra:
408 2607 472 2626 vero
494 2597 643 2633 Scriptura:
661 2598 744 2625 etiam
774 2597 949 2630 memineris,
968 2598 1009 2624 di-

222 2645 308 2672 centis
321 2652 328 2670 :
342 2653 351 2669 ι
370 2644 468 2672 Factus
484 2649 526 2671 est
539 2644 643 2678 primus
657 2643 738 2670 homo
752 2642 836 2669 Adam
854 2642 880 2669 in
890 2642 1009 2669 animam

223 2692 356 2718 viventem
377 2700 390 2722 θ
416 2691 527 2727 uitjmus
556 2691 643 2718 Adam
667 2691 694 2717 in
715 2690 840 2725 spiritum
871 2689 1011 2717 viviﬁcant-

222 2741 277 2766 tem
288 2737 321 2763 ⁸⁷.
339 2747 347 2762 ι

260 2839 284 2854 "
303 2837 398 2865 Matth.
413 2845 463 2867 xu.
479 2837 524 2864 55.
575 2836 598 2853 δ’
620 2836 698 2863 Joan.
714 2843 770 2866 xw.
785 2835 812 2862 9.

871 2834 892 2850 “
912 2834 991 2862 Joan.
1011 2841 1037 2866 τ,
1048 2834 1093 2861 50.

1060 2279 1204 2315 ἀνθρώπου
1221 2279 1312 2314 φύσει.
1328 2279 1425 2314 Γέγονε
1439 2280 1492 2315 γὰρ
1515 2281 1688 2315 πρωτότοκος
1703 2281 1737 2307 ἐκ
1751 2280 1857 2315 νεκρῶν

1061 2326 1133 2353 κατὰ
1146 2326 1246 2362 σάρκα,
1260 2327 1308 2354 καὶ
1322 2322 1435 2362 ἀπαρῂὴ
1457 2327 1513 2354 τῶν
1528 2327 1753 2363 κεκοιμημένων.
1767 2327 1856 2353 Αὑτοῦ

1059 2371 1203 2407 τοιγαροῦν
1216 2372 1247 2398 τὸ
1262 2371 1357 2404 πάθος,
1370 2372 1418 2398 καὶ
1427 2371 1476 2407 οὐχ
1486 2371 1594 2406 ἑτέρου,
1612 2372 1721 2406 λέγοιτο
1734 2373 1780 2404 ἂν,
1792 2372 1858 2398 καθὸ

1060 2419 1180 2454 πέφηνεν
1197 2419 1350 2454 ἄνθρωπος,
1363 2419 1387 2445 ει
1409 2419 1456 2446 καὶ
1471 2418 1626 2454 μεμένηκεν
1647 2419 1769 2454 ἀπαθὴς,
1790 2419 1858 2445 καθὸ

1063 2466 1163 2492 νοεῖται
1179 2464 1255 2496 Θεός.

1100 2552 1130 2580 B.
1149 2552 1227 2580 Οὕτω
1244 2552 1324 2589 φημί.

1098 2601 1130 2627 Α.
1148 2599 1322 2635 Διαμέμνησο
1338 2599 1365 2626 δὲ
1377 2599 1425 2633 τῆς
1439 2598 1617 2626 θεοπνεύστου
1631 2597 1768 2634 λεγούσης
1791 2598 1858 2633 Γρα-

1064 2646 1128 2681 φῆς·
1145 2655 1153 2671 ι
1181 2646 1304 2680 Ἐγένετο
1323 2647 1337 2673 ὁ
1351 2645 1459 2681 πρῶτος
1484 2644 1628 2680 ἄνθρωπος
1650 2644 1740 2680 Ἀδὰμ
1753 2646 1794 2676 εἰς
1808 2645 1856 2678 ψυ-

1063 2692 1113 2726 χὴν
1123 2691 1223 2724 ζῶεαν,
1235 2693 1249 2719 ὁ
1264 2692 1375 2728 ἔσχατος
1391 2691 1486 2727 Ἀδὰμ,
1501 2692 1541 2723 εἰς
1554 2690 1665 2726 πνεῦμα
1678 2691 1855 2723 (coortam-Iv.»

1147 2833 1169 2848 "
1190 2831 1402 2868 Sap.t,13,“.
1458 2831 1480 2850 ⁸⁸
1499 2831 1565 2866 Sap.
1581 2839 1612 2866 ιι,
1625 2830 1672 2859 24.
1716 2832 1741 2849 ⁸⁸
1762 2831 1853 2860 Matth.

222 2882 298 2908 ιινι,
313 2873 358 2901 '59.
395 2872 418 2888 “
437 2872 542 2900 Coioss.
558 2872 638 2905 1,18.
678 2871 702 2887 ⁸⁸
720 2870 730 2898 l
749 2870 812 2899 Cor.
830 2877 875 2903 xv,
892 2870 937 2897 ΞΟ.
975 2870 997 2885 "

1101 2867 1145 2896 45.
