1907 3038
78 180 149 206 I333

642 179 735 214 QUOD
755 179 848 208 UNUS
868 178 921 206 SIT
941 176 1122 206 CllRlSTUS.

1638 179 1705 207 1554

115 237 146 264 Β.
165 234 230 272 'Ap‘
243 233 288 263 οὖν
309 237 354 264 τὸν
369 237 482 273 ἔσχατον
503 238 598 274 Ἀδὰμ,
617 239 661 266 τὸν
679 241 709 266 ὲκ
732 239 799 265 Θεοῦ
816 247 863 273 3:1-

955 238 984 264 B.
1001 237 1128 265 Ultimttttt
1147 238 1236 272 itaque
1251 237 1385 264 Adatnntu
1403 242 1527 264 vocatum
1556 244 1617 265 esse
1637 239 1705 265 .Ιὶςὶ-

76 292 131 318 μεν
146 283 302 319 ὠνομάσθαι
319 284 419 318 Λόγον;

112 330 146 357 Δ.
162 329 199 356 Οὺ
224 329 335 364 γυμνὸν,
361 329 399 361 ὡς
412 331 490 365 ἔφην.
509 333 639 366 γεγονότα
664 331 692 358 δὲ
709 331 809 366 μᾶλλον
837 331 865 357 ὲν

74 375 206 411 ,ἱμοιώσει
224 377 256 411 τῇ
283 375 350 411 πρὸς
366 377 449 411 ἡμᾶς.
467 377 552 403 Αὑτὸν
566 375 612 403 οὖν
628 375 696 403 εἶναί
716 385 817 412 φαμεν,
829 377 866 403 εῖ-

74 429 132 457 περ
154 421 227 447 ἐστὶν
246 421 296 447 οὐκ
314 421 493 456 ἀνθρώπινον,
509 421 658 458 θεοπρεπὲς
671 423 699 449 δὲ
722 423 821 458 μᾶλλον
836 423 866 449 τὸ

74 466 228 498 ζωοποιεῖν.
257 466 453 501 Κεχρημάτικε
473 467 501 494 δὲ
515 469 562 494 καὶ
579 467 691 503 ἔσχατος
718 468 813 504 Ἀδὰμ,
828 468 867 500 ὡς

74 509 108 542 ἐξ
125 511 210 545 Ἀδὰμ
219 511 337 545 γεγονὼς
349 512 419 538 κατὰ
431 512 530 548 σάρκα,
542 513 587 539 καὶ
600 513 671 548 ἁρχὴ
684 513 798 548 δευτέρα
812 513 867 539 τῶν

74 555 125 582 ἐπὶ
139 555 201 590 γῆς,
217 556 488 593 ἀναστοιχειουμένης
511 559 540 584 ὲν
557 558 632 594 αὐτῷ
651 559 700 594 τῆς
722 558 866 594 ἀνθρώπου

74 600 196 634 φύσεως,
210 602 249 633 είς
267 602 412 638 καινότητα
430 602 513 638 ζωῆς,
529 604 578 640 τῆς
593 605 622 631 ὲν
635 605 763 641 ἁγιασμῷ
777 613 807 631 τε
819 605 866 632 καὶ

75 643 227 680 ἀφθαρσίᾳ,
244 645 289 672 διὰ
306 646 356 681 τῆς
377 647 410 673 ὲκ
432 647 537 683 νεκρῶν
557 649 744 680 ἀναστάσεως·
761 657 863 684 κατηρ-

73 691 149 726 γήθη
163 691 233 718 οὕτω
253 691 378 724 θάνατος,
392 693 441 720 οὐκ
458 694 646 730 ἀνασχομένης
663 695 714 730 τῆς
734 695 803 722 κατὰ
816 695 867 730 φύ-

75 743 122 762 σιν
136 737 218 771 ζωῆς,
235 737 375 764 ὑποθεῖναι
389 740 421 774 τῇ
438 739 525 775 φθορᾷ
536 740 567 766 τὸ
582 740 648 767 ίδιον
662 742 752 776 σῶμα,
771 741 865 769 καθότι

72 783 128 810 οὐκ
140 781 175 818 ἦν
187 783 299 809 δυνατὸν
312 785 471 819 κρατεῖσθαι
488 785 605 821 Χριστὸν
627 787 673 813 ὑπ’
686 787 781 822 αὐτῆς,
796 787 866 814 κατὰ

72 829 127 865 τὴν
139 829 186 856 τοῦ
203 829 347 856 Θεσπεσίου
358 831 464 857 Παύλου
481 833 573 868 φωνήν
583 841 589 847 ·
601 832 678 868 διέὃη
693 833 722 860 δὲ
733 833 804 859 οὓτω
819 833 866 860 καὶ

72 875 117 908 εἰς
130 875 202 911 ἡμᾶς
216 875 314 907 αὐτοὺς
335 875 365 902 τὸ
378 876 411 902 ἐκ
428 877 476 903 τοῦ
493 877 702 913 κατορθώματος
722 877 833 912 ἀγαθόν.

112 963 143 990 Β.
161 964 277 999 Ἀριστα
291 964 369 999 ἔφης.

111 1010 143 1036 Δ.
159 1009 254 1044 Ἀθρει
267 1010 295 1036 δὲ
312 1010 343 1044 δή
364 1019 407 1045 μοι
425 1010 536 1037 κάκεῖνο
548 1010 616 1047 πρὸς
626 1012 740 1045 τούτοις.

111 1053 143 1081 Β.
158 1054 196 1081 Τὸ
207 1055 234 1081 τί
249 1055 281 1090 δὴ
293 1055 362 1090 (mg;

110 1099 143 1128 Δ.
173 1100 244 1135 Ἔφη
273 1109 325 1127 που
349 1101 466 1136 Χριστὸς
491 1103 546 1134 τοῖς
571 1103 659 1137 ἁγίοις
686 1104 864 1137 ἀποστόλοις,

74 1155 88 1173 ε
108 1146 298 1181 Πορευθέντες,
313 1147 501 1182 μαθητεύσατε
516 1148 604 1175 πάντα
621 1149 655 1175 τὰ
677 1149 751 1185 ἔθνη,
771 1150 867 1184 βαπτί-

72 1192 168 1225 ζοντες
180 1193 278 1224 αὐτοὺς
290 1194 328 1224 εἰς
341 1193 372 1220 τὸ
383 1194 469 1228 ὂνομα
482 1193 529 1220 τοῦ
540 1194 657 1230 Πατρὺς,
673 1195 720 1221 καὶ
731 1195 776 1222 τοῦ
788 1195 864 1227 Υεοῦ.

73 1237 182 1265 καὶτοῦ
205 1239 284 1273 ἁγίου
307 1238 475 1274 Πνεύματος.
499 1249 509 1264 ι
532 1239 743 1276 Βεσαπτίσμεθα
761 1241 794 1276 δὴ
819 1238 866 1268 οὖν

73 1284 116 1314 εἰς
130 1283 210 1318 ἁγίαν
226 1284 273 1310 καὶ
291 1284 433 1320 ὁμοούσιον
448 1285 563 1319 Τριάδα,
580 1287 630 1321 τὴν
643 1285 672 1312 ἐν
688 1286 720 1320 γέ
741 1295 812 1322 φημι
828 1287 867 1322 τῷ

73 1329 173 1364 Πατρὶ,
189 1330 237 1356 καὶ
249 1326 288 1365 τῷ
305 1330 372 1365 Υἰῷ,
391 1330 490 1366 καὶτῷ
508 1331 580 1366 ἁγίῳ
597 1332 749 1367 Πνεύματι.
764 1333 800 1360 Ἦ
816 1335 867 1360 οὐκ

74 1373 175 1409 ὀληθὲς
187 1375 255 1411 ὅπερ
269 1375 354 1411 ἔφην;

109 1419 142 1448 Β.
157 1421 212 1447 Καὶ
229 1422 288 1453 πῶς
308 1422 363 1457 γὰρ
376 1422 423 1455 οὕ;

105 1467 139 1493 Α.
157 1467 195 1494 Οὐ
210 1468 319 1504 Πατέρα
336 1469 387 1504 μὲν
402 1469 515 1505 νοοῦμεν
528 1470 573 1496 τὸν
587 1472 780 1506 γεγεννηκότα,
803 1472 867 1499 Υἰδν

71 1514 105 1541 δὲ
117 1513 151 1550 δὴ
173 1514 221 1540 καὶ
246 1513 279 1541 αὖ
292 1515 338 1541 τὸν
353 1515 382 1547 ἐξ
402 1516 485 1542 αὐτοῦ
501 1516 571 1543 κατὰ
594 1517 675 1551 φύσιν
701 1518 867 1554 γεννηθέντα

74 1560 207 1594 μονογενῆ
218 1558 284 1585 Θεὸν
301 1559 386 1594 Λόγον
394 1569 401 1593 ;

109 1605 141 1632 Β.
156 1606 210 1632 Καὶ
227 1605 308 1632 πάνυ.

108 1651 143 1679 Α,
162 1651 225 1682 Πῶς
237 1652 285 1678 οὗν
303 1653 343 1684 εἰς
363 1653 409 1679 τὸν
427 1653 540 1680 θάνατον
554 1654 636 1681 αὑτοῦ
651 1655 864 1691 βεϐαπτίσμεθα,

73 1697 147 1725 κατὰ
158 1697 208 1733 τὴν
220 1697 267 1724 τοῦ
284 1699 420 1733 μακαρίου
436 1700 542 1727 Παύλου
557 1702 668 1737 φωνήν;
689 1711 698 1727 ι
713 1702 790 1729 Ὅσοι
800 1703 864 1738 γὰρ,

72 1743 169 1778 φησὶν,
180 1743 220 1775 εἰς
230 1743 348 1778 Χριστὸν
361 1744 577 1780 ὲὸαπτίσθημεν,
591 1747 631 1778 εἰς
642 1747 687 1773 τὸν
695 1747 809 1775 θάνατον
821 1748 867 1775 αὐ-

73 1787 123 1815 τοῦ
139 1788 353 1824 ἐϐαπτίσθημεν.
367 1800 377 1816 ι
397 1791 466 1818 Ἀλλ’
486 1788 526 1823 εἷς
539 1792 652 1828 Κύριος,
661 1793 711 1828 μία
723 1793 823 1826 πίστις,
837 1794 866 1822 ἓν

74 1833 226 1869 βάπτισμα,
244 1835 292 1861 καὶ
307 1835 338 1861 οὐ
350 1836 437 1871 δήπου
451 1838 532 1871 φαῖεν
544 1837 588 1871 ἂν,
600 1838 638 1870 ὡς
649 1841 689 1871 εἰς
701 1840 792 1875 ἕτερον
802 1841 867 1868 ὄντα

74 1880 123 1907 καὶ
144 1881 234 1912 ξδικῶς
256 1881 320 1908 Υἱδν
334 1882 380 1908 τὸν
393 1883 425 1909 ἐκ
447 1885 604 1919 σπέρματος
616 1884 663 1911 τοῦ
681 1885 764 1912 Δαεὶδ
787 1886 866 1920 βεϐα-

74 1925 222 1961 πτίσμεοα.
247 1925 357 1961 Ἐπειδὴ
383 1926 412 1952 δὲ
427 1926 492 1958 Θεὸς
516 1926 554 1954 ὢν
576 1927 654 1962 φύσει
677 1928 748 1963 πέρα
766 1930 865 1955 νοεῖται

74 1970 190 2003 πάθους,
207 1969 266 1998 εἶτα
289 1971 386 1998 παθεῖν
407 1971 551 2007 ἠθέλησεν,
572 1973 616 2000 ἵνα
639 1973 713 2009 σώτῃ
735 1974 799 2005 τοὺς
814 1974 866 2000 ὑπὸ

74 2015 189 2051 φθορὰν,
205 2016 333 2051 ὡμοιώθη
348 2016 420 2043 κατὰ
435 2017 523 2043 πάντα
536 2019 591 2049 τοῖς
603 2018 650 2044 ἐπὶ
664 2017 726 2053 γῆς.
739 2018 786 2044 καὶ
799 2018 867 2045 ἀπός

73 2061 148 2094 τεξιν
171 2062 302 2096 ὑπέμεινε
324 2062 374 2096 τὴν
393 2062 464 2089 κατὰ
490 2062 580 2098 σάρκα
605 2063 637 2089 ὲκ
661 2063 799 2097 γυναικὸς,
819 2056 881 2090 καί

75 2107 143 2134 ἴδιον
163 2107 320 2142 ἐποιήσατο,
335 2107 372 2139 ὡς
393 2107 472 2142 ἔφην,
495 2108 586 2143 σῶμα,
604 2109 635 2135 τὸ
654 2108 802 2142 γεύσασθαι
818 2109 866 2136 τοῦ

75 2153 193 2180 θανάτου
217 2153 375 2188 δυνάμενον,
399 2153 548 2180 ἀναϐιῶναί
570 2163 599 2180 τε
618 2155 665 2181 καὶ
688 2152 733 2188 αὖ,
752 2154 795 2181 ἵνα
819 2155 865 2190 μέ-

74 2207 130 2226 νων
153 2198 233 2230 αὐτὸς
259 2198 376 2233 ἀπαθὴς,
396 2198 480 2233 σαρκὶ
496 2199 530 2233 τῇ
559 2199 612 2234 ἰδίᾳ.
634 2199 740 2233 λέγοιτο
758 2200 864 2228 παθεῖν.

74 2243 185 2270 Σέσωκε
201 2243 255 2278 γὰρ
273 2240 350 2274 οὗτος
371 2243 401 2269 τὸ
426 2243 575 2275 ἀπολωλός.
590 2245 644 2270 Καὶ
669 2244 733 2278 γοῦν
745 2245 866 2279 ἔφασκεν

75 2289 209 2324 ἐναργῶς,
227 2299 237 2315 ι
255 2289 324 2323 Ἐγὼ
341 2291 399 2324 εἰμι
413 2291 427 2315 ὁ
438 2290 540 2325 ποιμὴν
556 2291 570 2316 ό
581 2291 670 2322 καλός.
692 2291 721 2317 '0
735 2292 836 2327 ποιμὴν
851 2294 865 2319 ό

75 2335 169 2367 καλὸς,
184 2335 234 2371 τὴν
258 2335 348 2370 ψυχὴν
364 2336 461 2363 ἑαυτοῦ
481 2337 587 2371 τίθησιν
600 2337 670 2372 ὑπὲρ
686 2337 740 2364 τῶν
764 2337 865 2372 £99661-

73 2391 141 2410 των.
161 2391 170 2407 ι
183 2382 237 2409 Καὶ
251 2383 332 2409 πάλιν
343 2390 350 2397 ·
370 2391 379 2407 t
394 2382 488 2414 Οὐδεὶς
499 2382 572 2418 αἴρει
588 2383 637 2418 τὴν
647 2383 736 2417 ψυχήν
751 2391 803 2418 μου
818 2384 865 2410 ἀπ’

74 2428 157 2463 ἐμοῦ,
171 2428 228 2455 ἀλλ’
245 2428 301 2462 ἐγὼ
329 2429 425 2464 τίθημι
449 2428 533 2464 αὐτὴν
552 2428 599 2454 ἀπ’
619 2427 749 2463 ἐμαυτοῦ.
777 2428 866 2460 Ἐξουο

76 2475 139 2502 σίαν
153 2475 207 2510 ἔχω
222 2475 307 2502 θεῖναι
330 2475 424 2510 αὐτὴν,
448 2475 495 2502 καὶ
517 2474 639 2507 ἐξουσίαν
653 2474 707 2509 ἔχω
723 2473 805 2501 πάλιν
820 2474 867 2500 λι-

76 2522 135 2547 δεῖν
159 2521 252 2556 αὐτήν.
275 2530 285 2547 ›
311 2521 378 2547 Ἀλλ’
406 2520 439 2557 ἦν
462 2521 511 2556 οὐχ
539 2520 597 2552 ἑνὸς
613 2520 665 2546 τῶν
693 2519 754 2546 καθ’
782 2521 866 2555 ἡμᾶς,

75 2565 141 2592 οὒτε
155 2566 208 2601 μὴν
228 2566 372 2602 ἀνθρώπου
388 2567 489 2599 κοινοῦ,
504 2567 534 2593 τὺ
548 2566 672 2598 ἐξουσίαν
693 2565 764 2601 ἔχειν
781 2566 867 2592 θεῖναί

75 2619 107 2638 τε
121 2610 212 2646 ψυχὴν
234 2612 282 2638 καὶ
298 2606 442 2638 ἀναλαϐεῖν
464 2612 558 2647 αὐτήν.
578 2611 689 2638 Τέθεικε
712 2611 740 2637 δὲ
754 2612 801 2638 καὶ
821 2612 868 2638 ἅν-

76 2655 176 2682 έλαδεν
187 2656 201 2682 ὁ
214 2656 367 2692 Μονογενὴς
384 2658 432 2683 καὶ
444 2656 551 2691 ἀληθῶς
564 2657 638 2688 Υἱὸς,
654 2657 708 2683 τῶν
723 2657 768 2683 τοῦ
786 2657 868 2683 θανά-

75 2710 125 2728 του
141 2701 247 2736 βρόχων
259 2703 332 2737 ἡμᾶς
348 2702 400 2734 ἔξω
411 2702 506 2734 τιθείς.
525 2703 588 2729 Ἰδοι
605 2703 627 2730 δ’
642 2702 674 2729 ἂν
691 2711 732 2734 τις
750 2700 780 2730 εὖ
797 2702 869 2737 μάλα

75 2747 166 2779 τουτὶ,
181 2747 228 2774 καὶ
239 2749 267 2774 ὲν
282 2749 342 2779 ταῖς
356 2748 478 2779 Μωσέως
497 2748 607 2783 βίϐλοις,
621 2749 659 2780 ὡς
676 2749 705 2775 ἐν
722 2749 810 2779 σκιαῖς
821 2749 868 2775 ἐπὶ

74 2794 135 2824 τοῖς
159 2793 241 2819 πάλαι
260 2793 510 2829 διαμορφούμενον·
531 2794 648 2827 ἐξείλετο
670 2795 724 2830 γὰρ
749 2794 866 2822 θανάτου

920 291 980 311 inus
994 283 1110 310 Verlntm
1127 292 1160 311 ex
1177 284 1232 311 Deo
1245 283 1347 311 Patre?

955 331 987 358 A.
1011 330 1066 357 Non
1093 331 1203 363 nudum,
1220 336 1248 358 ιιι
1267 331 1334 363 dixi,
1354 331 1435 366 773
1450 331 1496 357 sed
1516 331 1605 364 potius
1619 332 1705 359 nostri

919 375 1008 403 simile
1026 375 1136 403 factum.
1160 375 1248 411 Ipsum
1268 376 1351 410 igitur
1381 383 1441 403 esse
1465 376 1598 408 dicimus;
1620 376 1705 410 siqui-

920 421 980 448 dem
995 426 1102 448 nonest
1119 422 1278 458 humanum,
1307 422 1355 449 sed
1379 422 1468 457 potius
1492 422 1612 448 divinum
1639 422 1706 448 vivi-

920 466 1012 493 licare.
1037 466 1156 494 Vocatus
1182 473 1271 494 atttem
1294 471 1338 494 est
1362 467 1443 494 etiatn
1467 467 1576 494 ultimus
1597 467 1681 494 Adam
1697 487 1705 498 .

921 516 1046 547 tanquam
1062 520 1095 540 ex
1111 513 1196 540 Adam
1218 513 1305 540 factus
1320 514 1467 540 secundum
1495 521 1602 540 carnem
1621 518 1647 540 et
1663 521 1707 540 se-

920 558 1036 584 cundum
1051 558 1212 593 principium
1238 566 1332 586 eorutn
1356 559 1402 593 qui
1430 559 1456 586 in
1478 560 1559 585 terris
1579 559 1704 594 degunt:

920 603 1068 630 instaurata
1081 604 1105 630 iit
1123 605 1180 638 ipso
1193 605 1307 631 humana
1321 609 1414 630 natura
1431 605 1457 630 in
1476 604 1622 631 novitatem
1643 605 1705 631 vita:

920 648 946 674 iit
965 649 1180 676 sanetilieatione
1203 654 1285 684 atque
1297 649 1501 676 immortalitate
1513 669 1520 681 .
1548 657 1595 683 per
1608 657 1702 676 resar-

920 694 1230 721 rectiouetnemortuis.
1261 694 1296 721 Ita
1323 694 1395 720 enim
1427 694 1526 720 abolita
1547 699 1588 720 est
1614 695 1704 720 irrita-

919 746 974 773 que
989 739 1057 766 facta
1069 747 1151 773 tuors,
1169 748 1230 767 cum
1249 740 1380 766 naturalis
1407 740 1460 766 vita
1489 747 1543 766 non
1573 740 1706 767 sustinuit

920 784 1058 818 proprium
1082 792 1160 811 suum
1177 792 1274 819 corpus
1297 785 1418 811 iuteritui
1442 785 1549 817 subjici,
1573 791 1706 818 quatenus

920 828 977 854 ﬁeri
1002 836 1056 855 tton
1080 833 1186 863 poterat
1220 833 1249 855 ut
1268 829 1394 856 Christus
1418 829 1452 855 ab
1478 837 1508 855 ea
1537 829 1704 859 vinceretur.

918 873 994 906 juxta
1020 874 1103 901 divini
1134 875 1209 902 Pauli
1232 883 1326 902 vorem
1354 875 1388 901 ⁸⁸.
1416 874 1540 901 Transiit
1565 883 1630 901 vero
1655 876 1706 903 huc

883 919 904 946 B
919 924 998 955 pacto
1010 920 1092 948 etiam
1107 921 1134 947 in
1147 928 1197 948 nos
1211 921 1282 948 illitis
1299 921 1422 956 praeclari
1443 920 1505 947 facti
1523 920 1643 948 fructus.

953 965 983 992 Β.
1003 965 1085 993 ltecte
1097 967 1148 993 ais.

950 1011 982 1038 Α.
997 1010 1130 1038 Ceterum
1148 1011 1210 1038 illttd
1223 1012 1305 1039 etiam
1320 1012 1386 1039 mibi
1402 1012 1598 1041 animadverte.

952 1056 983 1084 Β.
1000 1056 1133 1090 Quidnam
1145 1057 1157 1083 ?

953 1102 986 1128 A.
1001 1102 1125 1129 Christus
1138 1102 1236 1129 alicubi
1251 1103 1352 1130 sanctis
1367 1104 1497 1138 apostolis
1512 1105 1571 1132 suis
1589 1105 1677 1138 inquit
1695 1113 1703 1131 :

919 1157 928 1173 t
946 1148 1064 1181 Euntes,
1089 1149 1183 1176 docete
1206 1157 1302 1177 omnes
1330 1155 1446 1184 gentes,
1474 1151 1643 1186 haptizantes
1656 1159 1706 1179 eos

918 1194 944 1220 iu
963 1194 1070 1221 nomine
1084 1194 1180 1228 Patris,
1194 1199 1221 1222 el.
1231 1195 1302 1228 Filii,
1313 1200 1342 1222 et
1358 1195 1476 1231 Spiritus
1488 1197 1615 1223 sancti".
1632 1207 1642 1222 ι
1655 1197 1705 1223 Ba—

919 1239 1016 1273 ptizati
1035 1247 1100 1275 ergo
1118 1248 1212 1268 sumus
1225 1241 1253 1268 iu
1270 1246 1392 1269 sanetam
1408 1246 1434 1269 et
1446 1242 1704 1269 consubstantialem

917 1284 1078 1313 Trinitatem
1106 1295 1113 1313 :
1140 1286 1258 1320 Patrem,
1278 1288 1407 1322 inquam,
1429 1292 1457 1315 et
1477 1287 1573 1315 Filium
1598 1292 1626 1316 et.
1645 1289 1706 1323 Spi-

917 1332 998 1359 ritum
1014 1337 1147 1360 sanctum.
1165 1333 1257 1361 Nonne
1279 1341 1371 1361 verum
1387 1340 1429 1361 est
1446 1334 1519 1369 quod
1536 1334 1597 1361 dico
1610 1333 1623 1360 ‘2

953 1421 983 1448 Β.
1001 1421 1066 1455 Quis
1081 1422 1131 1448 hoc
1148 1422 1305 1457 negaverit?

951 1468 985 1494 Α.
1000 1468 1039 1494 An
1053 1474 1105 1494 non
1130 1467 1211 1501 igitur
1236 1466 1342 1493 Patrem
1364 1474 1490 1494 vocamus
1513 1475 1574 1494 eum
1594 1467 1641 1502 qui
1661 1475 1705 1502 ge-

917 1515 995 1547 nuit;
1010 1514 1106 1541 Filium
1124 1521 1188 1540 vero
1213 1513 1258 1548 qui
1274 1521 1307 1541 ex
1331 1513 1390 1547 ipso
1417 1513 1576 1541 naturaliter
1597 1515 1704 1548 genitus

917 1565 970 1591 est,
984 1560 1150 1595 unigenitum
1172 1558 1256 1586 Dcunt
1275 1558 1417 1586 Verbum?

879 1596 902 1624 ο
954 1607 984 1634 Β.
999 1606 1125 1633 Omnino.

952 1653 985 1680 A.
1002 1651 1061 1686 Quo
1075 1656 1153 1686 pacto
1170 1651 1252 1686 igitur
1275 1651 1301 1678 in
1325 1657 1440 1678 mortem
1458 1651 1543 1685 ipsius
1569 1651 1701 1686 baptizati

917 1706 1023 1731 sumus,
1035 1699 1112 1733 juxta
1130 1698 1202 1725 beati
1218 1697 1294 1725 Pauli
1308 1706 1401 1726 vorem
1411 1698 1424 1725 ἵ
1437 1708 1446 1724 t
1466 1698 1604 1734 Quotquot
1618 1699 1704 1731 enim,

918 1746 1016 1780 inquit,
1033 1746 1060 1772 in
1075 1745 1212 1773 Christum
1227 1745 1356 1779 baptizati
1374 1753 1479 1778 sumus,
1497 1746 1524 1772 itt
1543 1751 1632 1772 morte
1645 1746 1705 1780 ejus

917 1791 1046 1826 baptizati
1061 1798 1155 1817 sumus
1169 1790 1204 1819 ⁵⁸.
1226 1799 1235 1816 ι
1253 1790 1306 1817 Sed
1327 1798 1397 1816 unus
1418 1795 1460 1817 est
1487 1790 1627 1822 Dominus,
1652 1799 1705 1818 una

917 1835 995 1866 ﬁdes,
1013 1843 1096 1862 unutn
1117 1835 1251 1869 baptisma
1271 1835 1306 1866 “,
1333 1839 1361 1862 et
1387 1843 1558 1870 nequaquam
1579 1837 1702 1868 dixerit,

917 1881 987 1915 quod
1007 1881 1032 1907 in
1056 1880 1136 1907 aliutn
1158 1880 1302 1914 quemdam
1328 1881 1465 1907 diversum
1482 1882 1516 1907 ab
1538 1881 1589 1908 hoc
1605 1881 1704 1909 Filium

917 1934 950 1953 ex
966 1926 1069 1952 semine
1085 1925 1167 1952 David
1183 1925 1310 1961 bztptiaati
1339 1926 1436 1953 simus.
1463 1926 1529 1953 Cum
1551 1935 1617 1954 vero
1633 1927 1704 1955 Deus

918 1974 1012 1996 natura
1030 1969 1164 1997 exsistens
1188 1976 1285 2003 expers
1307 1970 1442 2004 passionis
1469 1977 1613 1998 censeatur
1629 1981 1635 1998 ι
1653 1973 1702 1999 de-

918 2015 979 2043 inde
992 2015 1045 2050 pati
1060 2016 1152 2048 voluit,
1171 2021 1200 2042 ut
1217 2015 1302 2043 saltet
1320 2024 1368 2043 eos
1383 2017 1428 2051 qui
1449 2017 1571 2044 interitui
1586 2017 1701 2045 obnoxii

917 2066 990 2092 sunt,
1005 2061 1100 2088 similis
1112 2061 1199 2088 factus
1213 2067 1255 2088 est
1270 2069 1316 2095 per
1327 2062 1416 2088 omnia
1431 2062 1604 2096 hominibus,
1616 2062 1716 2090 [θεοί-⁸

917 2115 970 2142 que
985 2115 1017 2134 ex
1035 2107 1147 2134 muliere
1161 2107 1308 2134 seetmdum
1326 2115 1436 2135 carnem
1460 2108 1542 2136 voluit
1558 2128 1566 2139 .
1596 2114 1623 2136 et
1640 2117 1704 2144 pro-

918 2153 1006 2187 pritim
1022 2153 1072 2180 sibi
1089 2153 1162 2185 fecit,
1175 2157 1204 2179 ut
1219 2153 1283 2186 dixi,
1300 2160 1398 2186 c0rpus
1413 2153 1485 2188 quod
1503 2161 1617 2181 mortem
1628 2155 1704 2182 obire

919 2203 1020 2234 posset.
1038 2206 1184 2234 rursusque
1204 2199 1371 2230 resuscitari.
1390 2204 1416 2226 ut
1439 2207 1500 2226 cum
1520 2201 1576 2233 ipse
1597 2208 1704 2234 put-ina-

883 2262 906 2291 D
920 2250 995 2272 neret
1011 2245 1143 2280 passionis
1165 2253 1273 2280 expers,
1302 2245 1480 2279 prupl'in.5Ita
1504 2253 1587 2272 carne
1611 2254 1706 2280 passus

919 2299 979 2318 esse
993 2291 1137 2318 diceretur.
1157 2291 1212 2319 Hac
1232 2291 1303 2318 enim
1322 2292 1424 2318 ratione
1442 2291 1468 2317 id
1494 2291 1564 2321 quod
1590 2292 1707 2325 perierat

919 2337 1042 2364 saltavit.
1059 2337 1091 2364 Et
1106 2338 1212 2371 quidem
1227 2338 1367 2364 manifeste
1380 2337 1466 2363 dixit:
1486 2346 1494 2362 t
1512 2336 1568 2372 Ego
1585 2345 1643 2363 sunt
1659 2345 1705 2371 pa-

920 2389 978 2411 stor
987 2384 1084 2411 bonus.
1098 2383 1192 2410 Pastor
1200 2383 1286 2410 bontts
1295 2382 1412 2409 animam
1422 2390 1499 2408 suam
1511 2382 1638 2416 ponitpro
1650 2383 1706 2408 ori-

921 2430 980 2456 bus.
999 2439 1007 2454 ι
1027 2429 1059 2455 Et
1074 2437 1181 2456 rursum
1201 2438 1207 2455 :
1225 2437 1234 2453 t
1250 2428 1334 2455 Nemo
1360 2428 1428 2455 tollit
1443 2428 1562 2454 animam
1587 2435 1672 2454 meatu
1691 2435 1704 2454 ξι

921 2482 964 2502 tne
986 2483 992 2500 2
1012 2477 1058 2501 sed
1083 2483 1132 2509 ego
1162 2481 1232 2509 pono
1257 2482 1317 2502 eaut
1337 2481 1351 2500 a
1377 2481 1419 2500 me
1446 2474 1513 2508 ip50.
1538 2473 1705 2501 I’olestateut

922 2521 1008 2548 habeo
1031 2521 1145 2554 ponendi
1171 2528 1242 2552 eam,
1261 2526 1288 2547 et
1311 2525 1469 2554 potestatem
1491 2519 1577 2546 habeo
1605 2519 1703 2546 iterum

921 2566 1043 2593 sumendi
1057 2574 1116 2592 eam
1125 2566 1157 2592 ".
1177 2576 1185 2590 ι
1204 2566 1341 2600 Atquiboc
1363 2573 1415 2593 non
1435 2565 1514 2593 fuerit
1531 2565 1646 2599 alicujus
1658 2572 1704 2592 uo-

920 2618 1017 2643 strutu,
1042 2618 1128 2645 neque
1146 2612 1264 2646 vulgaris
1283 2611 1401 2638 hominis
1427 2611 1527 2638 habere
1552 2611 1705 2638 facultatem

921 2657 1037 2693 ponendi
1058 2657 1176 2683 animam
1199 2664 1289 2688 suam,
1312 2660 1339 2683 et
1363 2658 1486 2683 sumendi
1508 2657 1592 2684 illam.
1617 2657 1705 2692 Depo-

921 2705 974 2731 suit
991 2711 1054 2730 vero
1069 2709 1096 2730 et
1112 2702 1211 2736 recepit
1230 2709 1289 2729 eam
1308 2701 1468 2736 Uuigenitus
1479 2723 1487 2735 ,
1500 2702 1582 2738 774
1594 2711 1626 2730 ac
1642 2711 1706 2730 vere

922 2750 1017 2781 Filius,
1037 2749 1131 2776 ntortis
1149 2747 1251 2782 laqueis
1279 2755 1328 2774 nos
1354 2748 1485 2782 eripiens.
1508 2748 1585 2780 Quod
1599 2749 1706 2782 quidem

920 2795 1002 2823 etiam
1020 2795 1046 2821 in
1066 2793 1192 2821 Mosaicis
1209 2792 1286 2820 libris
1301 2792 1414 2827 optime,
1430 2792 1513 2819 veluti
1539 2792 1566 2818 in
1581 2792 1685 2819 umbris
1697 2812 1705 2824 ,

119 2884 142 2900 δι
157 2879 238 2907 Hebr.
257 2888 287 2910 ιι,
306 2880 394 2908 l0-l5.
434 2881 456 2897 "
477 2881 571 2910 Matth.
585 2891 678 2915 xxvut,
697 2882 740 2911 l9.
779 2883 801 2898 "
822 2884 862 2910 Ro

921 2891 952 2916 t'l,
1036 2882 1057 2898 “
1078 2882 1188 2918 Epima,
1205 2890 1242 2915 tv,
1259 2882 1284 2908 5.
1324 2881 1346 2896 "
1363 2879 1442 2908 Joon.
1463 2888 1488 2911 κ,
1506 2880 1550 2910 Η,
1574 2879 1615 2905 18.

245 2926 379 2955 ίἈτιιοι..
395 2927 455 2957 Gtt.
478 2927 597 2959 LXXV.

1509 2925 1545 2954 43
