1907 3038
207 166 277 194 £355

718 161 746 188 S.
768 159 905 187 CYllILLl
924 157 1159 186 ALEXANDRINI
1179 157 1341 187 ABCHIEP.

1775 157 1843 186 I75

202 227 368 253 delineatunt
383 224 466 252 fuisse
483 223 618 250 veteribus
642 221 805 255 comperias.
830 219 895 247 Ovis
919 219 991 246 enim

1077 219 1090 245 ᾖ.
1105 219 1208 254 φθορᾶς
1223 219 1240 254 ἡ
1252 218 1300 245 τοῦ
1317 217 1455 254 προϐάτου
1486 217 1576 252 σφαγὴ
1591 217 1655 247 τοὺς
1669 216 1700 249 ἐξ
1723 216 1844 251 Ἰσραῆ,

208 272 334 299 mactatio
349 270 486 298 Israelita:
497 277 510 295 a
523 272 610 294 utorte
620 271 701 301 atque
710 266 821 293 interitu
832 270 993 298 exemerat,

162 322 166 327 '
208 323 236 346 et
249 318 452 346 interfectorem
482 313 609 349 placavit.
638 311 719 347 Atqui
748 318 791 339 res
817 311 874 338 lucc
895 310 995 337 Christi

209 370 289 401 typus
304 372 335 392 ac
346 364 428 398 ligura
444 365 512 388 erat.
528 359 632 386 Pascha
644 359 716 385 enim
737 362 861 384 nostrum
874 364 923 390 pro
948 364 997 382 no-

204 410 251 438 bis
265 409 419 437 immolatus
436 412 477 434 est
492 405 628 436 Christus,
657 408 686 431 ut
698 403 886 430 tristissimum
903 402 996 429 mortis

189 489 192 491 _
210 456 353 490 imperium
375 454 534 481 dissolveret
549 452 587 485 ",
613 441 645 478 ef
665 451 774 485 proprio
797 457 846 477 suo
866 449 997 482 sanguine

169 492 171 496 Α
209 503 364 529 universum
382 505 516 526 terrarum
527 498 620 526 orbem
632 497 682 524 sibi
695 496 849 530 acquirerct
861 494 895 521 ".
908 494 996 528 Empti

207 549 279 575 extim
300 553 394 573 smnus
421 545 507 580 pretio
524 544 565 575 ",
593 547 620 570 et.
645 550 699 570 non
723 548 817 570 sumus
846 542 932 568 nostri
961 541 996 568 ".

211 592 284 621 linus
301 592 372 620 enim
397 599 445 625 pro
470 589 595 617 omnibus
613 593 735 615 mortuus
760 591 812 619 est,
840 586 885 621 qui
911 585 999 620 pretio

208 646 303 666 omnes
323 636 480 672 superabat,
507 639 537 662 ut
563 635 686 661 viventes
714 640 767 660 non
797 632 915 667 amplius
945 631 997 658 sibi

211 685 275 719 ipsis
299 685 399 714 vivant.
423 682 468 709 sed
489 681 514 707 ei
543 680 588 714 qui
612 687 662 714 pro
680 679 747 714 ipsis
771 682 894 705 mortuus
915 681 957 704 est
972 680 999 704 et

212 730 360 759 resurrexit
389 729 422 756 1⁷.
449 727 593 756 Cunsentit
618 733 683 753 vero
706 725 748 752 Itis
774 724 855 751 etiam
877 723 997 754 Paulus,

210 779 324 804 dit-eus:
346 786 354 801 ι
374 775 428 810 Ego
452 775 524 801 cnim
542 781 589 808 per
609 772 693 806 legem
711 771 762 806 legi
784 776 907 797 mortuus
923 776 996 800 sum,

210 829 241 850 ut
263 823 317 849 Deo
339 821 426 848 vivam
443 829 450 846 :
468 819 579 848 Clll‘iSlo
604 817 727 845 conlisus
747 824 806 844 sum
822 816 908 843 cruci.
932 814 999 841 Vivo

210 875 311 901 autent,
332 869 386 902 jam
401 874 453 893 nou
475 873 544 900 ego,
565 863 630 891 vivit
660 870 725 890 vero
747 863 773 889 in
800 869 843 888 me
861 860 998 888 Christus.

206 916 288 949 Quod
303 919 391 941 autem
413 919 484 940 nunc
501 912 562 939 vivo
583 910 610 937 in
630 917 724 941 carne,
746 909 772 934 iu
788 907 839 934 lide
858 908 918 934 vivo
939 905 998 932 Filii

211 962 268 993 Dei,
291 961 335 995 qui
363 959 456 986 dilexit
476 965 529 989 me,
559 961 588 983 et
615 955 725 982 tradidit
752 954 926 987 semetipsum
951 959 1000 986 pro

212 1015 255 1034 me
271 1007 304 1033 ⁸⁸.
325 1015 334 1032 ι
350 1004 450 1032 Christi
479 1010 544 1038 ergo
563 1009 658 1029 omnes
681 1007 777 1028 sumus
795 1004 823 1027 et
845 1006 894 1034 per
911 999 999 1033 ipsum

211 1053 348 1080 conciliati
365 1051 449 1083 Patri,
466 1050 510 1085 qui
529 1055 614 1076 carne
632 1054 726 1081 passus
740 1051 781 1073 est
799 1053 849 1080 pro
869 1044 957 1077 nobis,
972 1048 1001 1071 ut

212 1099 327 1127 mundos
344 1097 472 1124 ellieeret.
493 1094 631 1128 Scriptum
651 1097 694 1120 est
716 1092 789 1119 enim
816 1098 823 1116 :
849 1099 859 1116 ι
887 1090 1001 1123 Propter

208 1146 283 1181 quod
296 1150 322 1172 cl
339 1144 427 1174 Jesus,
441 1147 471 1169 ut
483 1141 668 1169 sanctiﬁcarct
682 1146 730 1173 per
746 1145 824 1164 suum
841 1137 999 1171 sanguinem

211 1191 350 1229 populum,
364 1194 442 1217 extra
458 1193 562 1223 portam
581 1193 676 1221 passus
696 1189 739 1211 est
753 1184 787 1210 ".
816 1192 825 1208 ›
846 1182 878 1209 Ει
894 1191 900 1209 :
916 1191 925 1208 ι
947 1181 1000 1209 Nos

211 1247 272 1265 cum
294 1244 418 1265 essemus
439 1234 584 1269 aliquando
610 1231 720 1260 alienati
743 1237 770 1258 et
795 1230 902 1257 iuimici‘
917 1236 1000 1256 senstt

213 1284 239 1310 in
265 1281 393 1316 operibus
415 1279 494 1306 malis
521 1286 527 1304 :
548 1284 619 1304 nunc
643 1280 732 1303 autem
760 1273 945 1301 reconciliavit
975 1273 1000 1299 in

210 1335 327 1363 corpore
340 1326 430 1354 carnis
445 1325 503 1359 eius
518 1331 567 1359 per
583 1327 708 1354 mortem,
725 1320 855 1347 exhibere
870 1327 918 1347 vos
938 1326 1001 1346 san-

213 1381 271 1403 ctos
296 1379 323 1400 et
352 1371 558 1402 immaculatos,
581 1374 610 1396 et
630 1366 884 1403 irrcprebensihiles
910 1373 1000 1392 coraut

213 1421 272 1454 ipso
291 1419 324 1445 °°.
342 1427 351 1444 ι
365 1416 495 1450 lntelligis
511 1416 600 1449 itaque
614 1421 666 1448 quo
683 1417 762 1446 pacto
774 1412 912 1446 proprium
933 1416 1001 1437 san-

213 1466 319 1501 guinem
336 1468 363 1491 et
379 1463 517 1498 proprium
531 1467 639 1488 carnem
653 1459 738 1494 ipsius
754 1463 832 1485 vocet
843 1478 851 1490 ,
868 1464 927 1484 eam
940 1463 1002 1491 qua:

212 1519 262 1546 pro
275 1510 354 1538 nobis
377 1509 439 1535 data
462 1513 523 1540 est;
545 1513 632 1541 neque
652 1505 764 1532 alterius
789 1503 930 1537 cujusdam
955 1502 1002 1530 lilii

211 1557 313 1586 diversi
332 1557 365 1584 ab
377 1557 435 1589 ipso
449 1561 508 1582 esse
525 1553 658 1584 dicamus,
673 1552 718 1586 qui
735 1551 883 1578 distinctus
894 1550 928 1576 ab
942 1549 1002 1584 ipso

214 1605 259 1636 sit,
284 1609 312 1630 et
334 1602 390 1629 sola
418 1600 608 1634 conjunctione
635 1605 696 1625 cum
714 1597 772 1630 ipso
788 1596 953 1627 decoratus.
976 1599 1002 1622 et

211 1649 329 1676 ascititia
346 1647 429 1682 gloria
449 1646 578 1680 praeditus
594 1644 640 1676 sit,
654 1642 794 1671 essentiali
807 1641 941 1676 dignitate
959 1644 1003 1667 at-

213 1703 266 1729 que
280 1693 426 1721 eminentia
453 1698 572 1721 carens;
588 1691 647 1722 sed,
672 1689 760 1715 instar
772 1687 856 1714 vestis
875 1692 902 1713 et
922 1685 1002 1712 larva:

213 1739 354 1773 cujusdam
371 1758 378 1769 ,
404 1736 465 1763 Filii
482 1743 514 1762 ac
541 1734 588 1761 Dei
617 1734 739 1761 omnium
761 1733 882 1767 supremi
905 1739 1002 1759 nomen

213 1791 299 1822 gerat.
317 1784 383 1810 Nam
398 1783 420 1810 si
432 1783 468 1809 ita
483 1789 514 1808 se
535 1780 695 1808 naturaliter
714 1779 823 1811 habeat,
851 1783 885 1805 ut
905 1779 1005 1805 adver-

215 1832 280 1859 sarii
303 1831 434 1861 sentiunt,
461 1829 533 1855 nulla
557 1828 661 1854 ratione
677 1827 714 1853 illi
733 1825 878 1854 conveniat
892 1825 1004 1852 dicere:

216 1888 227 1904 ι
248 1877 303 1912 Ego
313 1884 371 1903 sum
389 1875 489 1902 veritas
505 1875 538 1900 ν.
557 1883 566 1899 ι
587 1872 728 1906 Quomodo
754 1873 826 1899 enim
849 1879 943 1898 verum
970 1870 1006 1897 sit

211 1925 285 1958 quod
302 1930 354 1949 non
369 1922 404 1948 ita
421 1927 451 1948 se
469 1921 549 1947 habet
565 1927 596 1946 ac.
612 1918 690 1950 dicit,
707 1917 753 1945 sed
764 1918 890 1951 spnrium
906 1922 933 1943 et
946 1916 1005 1943 falsi

217 1968 356 1996 nominis?
382 1968 417 1994 At
434 1973 500 1993 vero
524 1965 651 1993 Christus
676 1965 780 1991 veritas
807 1967 858 1994 est,
881 1967 908 1989 et
926 1969 1006 1996 super

214 2023 320 2046 omnes,
336 2019 363 2040 ut
381 2014 462 2040 Deus.
477 2012 575 2039 Mansit
592 2011 664 2038 cnim
678 2009 796 2037 Verbum
811 2009 837 2035 id
853 2009 923 2044 quod
936 2013 1005 2040 erat,

193 2055 198 2061 ”
217 2062 322 2088 tametsi
341 2061 439 2086 factum
454 2059 489 2086 sit
511 2062 586 2089 cara,
620 2061 649 2083 ut
666 2055 711 2091 qui
737 2062 819 2090 supra
836 2062 933 2081 omnes
951 2058 1006 2086 est,

215 2113 242 2134 ιιι
260 2108 287 2134 in
309 2106 433 2133 munibus
459 2105 555 2136 factus,
578 2108 688 2139 propter
711 2103 857 2129 humanam
879 2106 1004 2128 naturam

215 2155 340 2182 excedat.

214 2208 219 2231 ι
255 2202 284 2228 Β.
301 2202 334 2228 At
351 2201 482 2230 inuretur,
498 2198 578 2233 775
593 2198 730 2231 inquiunt,
743 2197 797 2224 Deo
808 2196 897 2224 Verbo
911 2202 1006 2230 magna

218 2246 378 2281 ignominia,
395 2246 416 2271 si
437 2245 543 2271 dicatur
561 2251 658 2278 passus
674 2250 755 2276 esse;
774 2247 802 2269 et
820 2242 1006 2269 venerandum

216 2298 339 2319 nostrum
357 2290 516 2325 mysterium
533 2289 632 2316 infame
646 2289 782 2316 reddetur.

253 2380 286 2405 Α.
307 2377 370 2409 Sed,
385 2381 537 2411 contempta
554 2376 711 2412 ignominia,
724 2377 778 2411 pati
797 2383 879 2403 carne
894 2383 943 2411 pro
960 2383 1008 2402 ιιο‹

218 2425 260 2452 bis
283 2423 382 2455 voluit,
404 2424 550 2450 secuttduut
574 2423 731 2458 Scripturas
742 2423 775 2449 ".
798 2423 853 2457 Ego
874 2429 939 2449 vero
961 2421 1009 2449 Ju-

219 2470 287 2497 daici
305 2470 402 2504 ingenii
419 2471 553 2502 morbum,
568 2475 596 2497 et
611 2469 720 2504 gentilis
737 2469 898 2504 ignorantia!
912 2468 1007 2495 vitium

219 2524 279 2543 esse
300 2516 451 2543 censuerim
475 2515 576 2547 dicere,
600 2515 752 2549 passionem
773 2514 862 2540 crucis
883 2513 1008 2540 dedecori

218 2569 289 2587 esse.
309 2560 409 2587 Scribit
429 2568 494 2595 ergo
514 2560 549 2586 ita
572 2560 678 2586 divinus
699 2558 797 2586 Paulus
816 2567 823 2585 ε
846 2568 854 2584 ι
875 2558 1008 2592 Quoniam

219 2611 244 2633 ct
266 2606 349 2634 Judaei
372 2608 447 2641 signa
471 2611 575 2641 petttnt,
595 2610 622 2633 et
643 2606 731 2633 (ἓτεοεί
754 2605 914 2640 sapientiam
935 2611 1009 2638 qua-

220 2658 282 2679 runt
298 2662 304 2679 ε
322 2660 371 2679 nos
384 2658 477 2679 autent
496 2653 674 2686 przetlicautus
685 2652 822 2678 Christum
838 2651 1009 2682 crucilixum,

219 2698 318 2724 Ιιιιίιιτὶς
339 2698 447 2731 quidem
471 2698 640 2729 scandalum,
665 2696 791 2732 gentibus
810 2700 900 2723 autem
921 2695 1012 2722 stulti-

218 2746 283 2771 tiam
309 2753 315 2771 :
339 2744 403 2777 ipsis
427 2749 517 2771 autem
540 2744 643 2771 vocatis
665 2743 766 2770 Judzeis
792 2747 872 2777 atque
897 2742 1009 2774 Graecis,

255 2843 277 2858 ⁵³
299 2842 306 2868 l
327 2842 387 2869 Cor.
404 2850 428 2874 ν,
448 2843 478 2875 7;
495 2841 577 2869 llebr.
594 2850 623 2873 ιι,
651 2842 692 2869 14.
733 2841 756 2858 "‘
776 2842 835 2868 Act.
855 2848 900 2872 xx,
917 2841 962 2867 ‘28.
1002 2839 1023 2855 "
1045 2839 1052 2866 Ι
1073 2839 1136 2867 Cor.
1158 2847 1207 2872 vtl,
1223 2840 1269 2867 25.

221 2877 264 2905 18.
302 2878 325 2893 ⁸³
345 2877 430 2904 Calat.
450 2885 478 2910 tt,
500 2877 599 2910 19,20.
638 2878 660 2893 ⁵⁹
682 2877 763 2904 llcbr.
777 2884 848 2912 _xttt,
867 2876 909 2903 12.

949 2877 970 2891 ““
991 2875 1095 2904 Coloss.
1113 2882 1132 2908 t,
1151 2876 1196 2909 2i,
1213 2875 1258 2902 “22.
1299 2876 1319 2892 “
1339 2876 1418 2904 Joan.
1437 2884 1492 2911 xtv,
1515 2878 1541 2904 6.

1045 266 1093 292 καὶ
1117 265 1291 302 ῥεδυσώπηκε
1307 265 1353 291 τὸν
1378 263 1553 299 ὀλοθρευτήν,
1573 263 1667 294 Tum;
1694 263 1724 289 δὲ
1743 261 1778 298 ἦν
1794 264 1846 298 ira

1045 312 1077 338 τὸ
1092 312 1186 347 χρῆμα
1201 309 1328 345 Χριστοῦ.
1344 310 1381 336 Τὸ
1393 310 1447 344 γὰρ
1461 310 1556 344 Πάσχα
1574 309 1653 345 ἡμῶν
1667 309 1744 343 ὑπὲρ
1768 308 1845 342 ἡμῶν

1047 357 1129 392 ὲτύθη
1140 356 1267 392 Χριστὸς,
1282 356 1326 383 ἴνα
1340 357 1370 382 τὸ
1383 356 1494 391 ἀμειδὲς
1509 355 1555 382 τοῦ
1572 355 1689 382 Θανάτου
1704 354 1846 389 καταλύσῃ

1047 403 1158 438 κράτος,
1169 402 1266 436 αἵματί
1281 409 1310 428 τε
1321 401 1359 437 τῷ
1376 401 1434 435 ἰδίῳ
1451 402 1660 436 χατακτήσηται
1677 401 1730 436 τὴν
1742 401 1790 427 ὑπ’
1808 400 1847 426 οὗ·

1048 450 1140 485 ρανόν.
1164 447 1355 483 Ἦγοράσμεθα
1373 447 1428 483 γὰρ
1444 447 1538 482 τιμῆς,
1551 447 1598 473 καὶ
1620 447 1672 474 οὐκ
1685 446 1773 481 ἐσμὲν
1787 446 1846 472 ἑαυι

1048 494 1113 520 τῶν.
1140 491 1188 525 Εἷς
1212 493 1266 529 γὰρ
1290 493 1359 528 ὑπὲρ
1381 493 1490 519 πάντων
1517 492 1663 524 ἀπέθανεν,
1692 493 1707 518 ὁ
1737 492 1848 517 πάντων

1048 540 1205 575 ἀξιώτερος,
1220 539 1254 566 ἵν’
1269 540 1294 566 οἱ
1310 538 1412 571 ζῶντες
1428 538 1527 574 μηκέτι
1545 538 1652 570 ἑαυτοῖς
1668 536 1768 568 ζῶσιν,
1781 536 1849 563 ἀλλὰ

1048 586 1088 622 τῷ
1107 587 1177 621 ὑπὲρ
1194 585 1284 612 αὐτῶν
1300 584 1463 612 ἀποθανόντι
1483 585 1530 612 καὶ
1540 584 1694 619 ἐγερθέντι.
1712 583 1849 618 Συλλήψε-

1049 641 1094 660 ται
1111 633 1139 659 δὲ
1161 633 1208 659 καὶ
1220 633 1234 659 ό
1247 632 1363 664 Παῦλος,
1382 631 1481 666 λέγων,
1502 640 1511 657 ι
1539 630 1612 665 Ἐγὼ
1629 631 1686 666 γὰρ
1704 630 1752 656 διὰ
1763 630 1848 664 νόμον

1049 680 1124 714 νόμῳ
1143 679 1288 711 ἀπέθανον,
1305 678 1349 705 ἴνα
1360 677 1419 712 Θεῷ
1433 677 1518 713 ζήσω,
1533 677 1644 712 Χριστῷ
1659 677 1688 703 δὲ
1704 675 1850 703 συνεσταύ-

1052 734 1154 760 ρωμαι,
1168 725 1207 757 ζῶ
1223 725 1252 752 δὲ
1275 725 1326 752 οὐκ
1341 724 1382 751 ἔτι
1400 723 1465 758 ἐγὼ,
1487 723 1520 759 ζῇ
1538 723 1566 750 δὲ
1582 724 1611 750 ὲν
1634 723 1699 759 ἐμοὶ
1718 721 1847 758 Χριστός.

1052 773 1086 798 Ὃ
1108 772 1136 799 δὲ
1151 772 1198 798 νῦν
1214 771 1253 804 ζῶ
1277 773 1306 798 ὲν
1323 772 1416 807 σαρκὶ,
1432 772 1462 799 ὲν
1486 770 1577 798 πίστει
1591 770 1639 802 ζῶ,
1654 771 1688 805 τῇ
1709 769 1760 796 τοῦ
1783 767 1848 796 Υἱοῦ

1049 819 1096 846 τοῦ
1111 818 1189 851 Θεοῦ,
1205 818 1251 845 τοῦ
1267 818 1459 854 ἀγαπήσαντός
1477 826 1521 852 με,
1537 817 1586 844 καὶ
1597 817 1772 852 παραδόντος
1785 817 1847 842 εαυ-

1050 862 1095 889 τὸν
1103 862 1174 898 ὑπὲρ
1188 862 1266 896 ἐμοῦ.
1286 873 1295 888 ι
1309 862 1427 898 Χριστοῦ
1443 862 1587 897 τοιγαροῦν
1602 863 1626 888 οἱ
1636 862 1741 892 πάντες
1753 861 1846 895 ἐσμὲν,

1052 909 1098 934 καὶ
1117 908 1150 934 δι’
1165 907 1247 934 αὑτοῦ
1262 908 1475 943 κατηλλάγμεθα
1485 908 1524 943 τῷ
1539 908 1637 943 Πατρὶ,
1652 909 1738 943 σαρκὶ
1754 907 1847 934 παθόν-

1051 962 1096 985 τος
1113 953 1183 989 ὑπὲρ
1200 953 1289 989 ὴμῶν,
1311 955 1344 980 ἵν’
1362 955 1435 989 ἡμᾶς
1458 955 1584 989 ἀποφήνῃ
1610 953 1845 988 κεκαθαρμένους.

1051 1001 1208 1035 Γέγραπται
1230 1000 1285 1035 γὰρ
1297 1021 1304 1033 ,
1321 1001 1362 1027 ὅτι
1379 1010 1389 1027 ι
1409 1000 1455 1027 Διὸ
1477 1001 1525 1027 καὶ
1541 1000 1657 1034 Ἰησοῦς,
1679 1001 1725 1027 ἴνα
1746 1000 1848 1036 ἁγιάσῃ

1051 1046 1095 1073 διὰ
1110 1047 1157 1074 τοῦ
1175 1047 1240 1073 ίδίου
1258 1047 1374 1082 αἵματος
1389 1047 1434 1074 τὸν
1451 1047 1525 1080 λαὸν,
1541 1047 1594 1081 ἔξω
1608 1047 1657 1083 τῆς
1673 1047 1765 1082 πύλης
1781 1046 1847 1073 ἐπα-

1053 1092 1110 1120 θεν.
1128 1102 1138 1119 ι
1153 1093 1207 1120 Καὶ
1232 1093 1313 1120 πάλιν
1325 1101 1332 1108 ·
1348 1103 1357 1118 ‹
1377 1094 1432 1120 Καὶ
1450 1094 1526 1129 ἡμᾶς
1548 1101 1613 1120 ποτε
1630 1093 1712 1124 ὄντας
1729 1092 1846 1128 ἀπηλλο-

1052 1139 1220 1174 τριωμένους
1237 1139 1284 1166 καὶ
1308 1139 1424 1174 ἐχθροὺς
1442 1141 1474 1175 τῇ
1499 1139 1602 1174 διανοίᾳ
1623 1139 1652 1166 ὲν
1675 1140 1734 1170 τοῖς
1759 1139 1847 1174 ἕργως

1052 1185 1108 1215 τοῖς
1128 1185 1255 1219 πονηροῖς
1266 1191 1272 1197 ·
1285 1184 1344 1210 νυνὶ
1360 1184 1388 1210 δὲ
1404 1183 1628 1219 ἀποκατήλλαξεν
1641 1185 1671 1210 ὲν
1686 1184 1728 1219 τῷ
1745 1184 1846 1218 σώματι

1052 1230 1101 1265 τῆς
1114 1230 1215 1265 σαρκὸς
1227 1230 1309 1257 αὑτοῦ
1325 1230 1370 1257 διὰ
1381 1230 1426 1257 τοῦ
1442 1230 1570 1262 θανάτου,
1585 1231 1766 1266 παραστῆσαι
1777 1230 1846 1265 ὑμᾶς

1053 1275 1148 1309 ἁγίους
1161 1275 1207 1302 καὶ
1220 1275 1353 1311 ἀμώμους
1368 1276 1540 1303 κατενώπιον
1554 1276 1648 1302 αὑτοῦ.
1670 1286 1680 1302 ι
1704 1276 1789 1308 Σύνες
1803 1274 1847 1302 οὖν

1052 1323 1127 1353 ὅπως
1144 1321 1210 1348 ἴδιον
1224 1319 1294 1357 αἷμα
1309 1322 1358 1348 καὶ
1378 1322 1447 1349 tam
1472 1323 1561 1357 σάρκα
1578 1323 1662 1357 φησιν
1688 1322 1783 1354 αὐτοῦ,
1801 1322 1847 1356 τὴν

1055 1366 1179 1394 δοθεῖσαν
1193 1367 1264 1402 ὑπὲρ
1277 1367 1366 1402 ἡμῶν,
1379 1368 1424 1394 ῖνα
1440 1367 1477 1402 μὴ
1497 1367 1591 1402 ἑτέρου
1612 1366 1678 1402 παρ’
1697 1366 1779 1392 αὑτὸν
1791 1365 1848 1392 υἱοῦ

1053 1413 1179 1449 λέγωμεν
1202 1413 1297 1448 αὐτὴν,
1320 1413 1466 1449 νοουμένου
1491 1421 1521 1439 τε
1545 1413 1693 1448 ἀναμέρος,
1712 1412 1761 1438 καὶ
1786 1412 1848 1446 ψιλῇ

1054 1459 1187 1495 συναφειᾳ
1211 1459 1407 1495 τετιμημένου,
1423 1460 1470 1485 καὶ
1491 1459 1612 1494 ὲπακτὴν
1633 1459 1745 1494 ἔχοντος
1760 1458 1848 1490 δόξαν,

1054 1507 1102 1533 καὶ
1129 1506 1180 1534 οὐκ
1195 1506 1313 1541 οὺσιώδη
1341 1505 1391 1542 τὴν
1414 1505 1561 1542 ὑπεροχὴν,
1577 1506 1726 1540 τὲπίὸλημα
1750 1506 1779 1532 δὲ
1805 1506 1850 1531 καὶ

1054 1552 1149 1589 ὥσπερ
1163 1563 1189 1580 τι
1210 1554 1381 1589 προσωπεῖον
1393 1553 1596 1589 ὲπερῤιμμένον
1611 1553 1697 1588 αὐτῷ,
1714 1553 1746 1579 τό
1757 1561 1787 1579 τε
1804 1552 1850 1586 τῆς

1059 1599 1183 1634 υἰότητος
1203 1599 1250 1625 καὶ
1262 1599 1312 1634 τῆς
1327 1599 1397 1635 ὑπὲρ
1419 1600 1507 1626 πάντα
1523 1599 1649 1635 θεότητος
1659 1599 1759 1634 ὄνομα.
1774 1598 1850 1625 οὕτω

1056 1643 1111 1680 γὰρ
1126 1643 1214 1678 ἔχοντι
1228 1643 1299 1670 κατά
1319 1643 1411 1678 φύσιν,
1427 1644 1499 1671 καθὰ
1522 1646 1631 1680 φρονεῖν
1651 1645 1809 1678 ἐγνώκασιν
1827 1644 1851 1669 οἱ

1056 1690 1091 1716 δι’
1108 1690 1248 1723 ἐναντίας,
1263 1691 1410 1726 ἀρμόσειεν
1428 1690 1461 1717 ἂν
1479 1691 1554 1726 αὐτῷ
1567 1692 1626 1718 κατ’
1640 1691 1738 1717 οὐδένα
1751 1690 1853 1726 τρόπον

1057 1736 1088 1763 τὸ
1106 1737 1204 1772 κρῆναι
1219 1736 1320 1770 λέγειν,
1335 1747 1344 1762 ι
1356 1737 1427 1771 Ἐγώ
1442 1738 1500 1773 εἰμι
1513 1738 1529 1773 ἦ
1549 1737 1676 1772 “ﬂeam”
1690 1746 1698 1762 ³
1719 1737 1783 1768 Πῶς
1801 1737 1853 1772 γὰρ

1056 1783 1166 1818 ἀληθὲς,
1181 1784 1212 1809 τὸ
1221 1784 1270 1818 οὐχ
1288 1783 1360 1810 οὓτω
1380 1784 1451 1819 ἔχον,
1466 1784 1504 1816 ὡς
1524 1784 1644 1817 λέγεται,
1665 1783 1745 1810 νόθον
1758 1784 1787 1810 δὲ
1802 1784 1854 1809 ὣσ-

1056 1838 1109 1864 περ
1122 1838 1149 1855 τι
1175 1830 1222 1856 καὶ
1237 1830 1437 1866 ψευδώνυμον;
1463 1830 1542 1857 Ἀλλὰ
1569 1831 1624 1866 μὴν
1639 1830 1766 1867 ἀλήθεια,
1789 1831 1853 1865 Χρι-

1058 1875 1130 1906 στὸς,
1158 1875 1204 1902 καὶ
1223 1876 1317 1903 ἐπάνω
1343 1877 1452 1903 πάντων
1468 1876 1506 1908 ὡς
1526 1876 1609 1907 Θεός”
1633 1877 1775 1911 μεμένηκε
1801 1877 1854 1910 γὰρ

1058 1921 1126 1956 ὅπερ
1138 1918 1173 1956 ἦν
1189 1921 1203 1947 ὁ
1225 1922 1321 1956 Λόγος,
1338 1923 1363 1949 ει
1382 1923 1429 1949 καὶ
1447 1922 1543 1957 γέγονε
1565 1923 1642 1959 σάρξ·
1659 1924 1693 1949 ἵν’
1709 1925 1724 1950 ὁ
1747 1924 1854 1950 πάντων

1059 1966 1187 1994 ἐπέκεινα
1200 1968 1246 1994 καὶ
1260 1969 1290 1995 ιν
1304 1970 1360 1999 τοῖς
1374 1969 1441 1995 πᾶσι
1460 1968 1592 2003 γεγονὼς,
1608 1969 1653 1995 διὰ
1671 1969 1703 1995 τὸ
1716 1969 1855 2004 ἀνθρώπι-

1060 2019 1104 2038 νον
1117 2012 1283 2047 σωζόμενον,
1309 2013 1365 2048 ἔχοι
1380 2014 1411 2040 τὸ
1430 2012 1500 2040 εἶναι
1512 2015 1585 2050 πέρα
1600 2014 1714 2048 παντὸς,
1734 2015 1781 2041 καὶ
1804 2015 1854 2040 τῶν

1017 1580 1037 1610 C

1059 2057 1110 2091 τῆς
1124 2057 1240 2090 κτίσεως
1255 2058 1382 2086 ἐπέκεινα
1397 2060 1514 2094 μέτρων.

1024 2102 1156 2131 salvatam
1188 2105 1224 2132 sit
1240 2113 1322 2140 supra
1336 2114 1442 2139 ornues,
1459 2111 1486 2134 et.
1519 2111 1653 2134 creaturae
1669 2107 1854 2134 conditionem

1024 2196 1045 2224 ι)
1096 2195 1125 2222 Β,
1153 2195 1223 2222 Ἀλλ’
1240 2196 1452 2232 ὲναπομάξεται,
1468 2198 1544 2234 φησὶ,
1563 2197 1603 2232 τῷ
1612 2198 1672 2233 Θεῷ
1688 2199 1770 2234 Λόγῳ
1790 2200 1855 2226 πολύ

1061 2250 1085 2268 τι
1102 2241 1131 2268 τὸ
1142 2241 1279 2274 δυσκλεὲς,
1294 2242 1325 2268 τὸ
1339 2243 1467 2277 λέγεσθαι
1483 2243 1589 2270 παθεῖν·
1603 2244 1734 2280 διαδεὸλή
1740 2253 1816 2271 σεται
1830 2246 1857 2272 δὲ

1061 2287 1130 2322 πρὸς
1154 2287 1242 2322 τούτῳ
1267 2288 1314 2314 καὶ
1336 2289 1402 2315 αὐτὸ
1432 2297 1485 2316 που
1506 2290 1578 2325 τάχα
1599 2290 1631 2316 τὸ
1654 2292 1756 2318 σετπὸν
1779 2292 1858 2326 ἡμῶν

1063 2341 1099 2367 μυ
1103 2334 1150 2367 στή
1156 2341 1221 2368 ριον.

1096 2379 1128 2406 Α.
1154 2379 1223 2405 Ἀλλ’
1238 2380 1370 2416 αἰσχύνης
1397 2382 1609 2417 καταφρονήσας
1643 2382 1735 2409 εἵλετο
1763 2383 1858 2410 παθεῖν

1064 2424 1145 2459 σαρκὶ
1156 2423 1190 2450 δι’
1205 2425 1292 2459 "quae,
1317 2425 1387 2451 κατὰ
1409 2425 1458 2456 τὰς
1479 2426 1600 2460 Γραφὰς.
1620 2425 1810 2461 ’Λρρώστημα
1832 2427 1858 2452 δὲ

1062 2469 1161 2505 φρενὸς
1191 2469 1356 2504 Ἰουδαϊκῆς,
1379 2471 1427 2497 καὶ
1449 2471 1501 2505 τῆς
1527 2471 1663 2506 Ἑλλήνων
1692 2472 1860 2506 ἀδελτηρίας

1061 2515 1190 2550 ἔγκλημα
1216 2515 1301 2542 δεινὸν
1324 2517 1552 2552 καταλογίσαιμεν
1571 2517 1614 2547 ἄν,
1631 2517 1663 2543 τὸ
1680 2518 1860 2553 αἰσχύνεσθαι

1062 2560 1150 2586 δοκεῖν
1166 2560 1196 2586 τὸ
1209 2560 1255 2586 ἐπὶ
1268 2560 1307 2595 τῷ
1328 2562 1438 2596 σταυρῷ
1460 2562 1556 2594 πάθος,
1575 2563 1678 2596 Γράφει
1692 2562 1761 2597 γοῦν
1781 2564 1797 2590 ὁ
1822 2564 1860 2590 θε-

1064 2604 1175 2636 σπέσιος
1188 2604 1312 2638 Παῦλος,
1333 2615 1342 2631 ι
1364 2606 1473 2640 Ἐπειδὴ
1490 2607 1538 2632 καὶ
1558 2607 1680 2633 Ἰουδαίοι
1699 2609 1805 2643 σημεῖα
1819 2610 1859 2634 αἱ·

1063 2649 1150 2682 τοῦσι,
1174 2650 1221 2677 καὶ
1235 2650 1368 2685 ’Έλληνες
1386 2651 1481 2686 σοφίαν
1502 2652 1630 2687 ζητοῦσιν
1642 2674 1649 2686 ,
1666 2655 1750 2688 ἡμεῖς
1767 2655 1798 2681 δὲ
1813 2664 1859 2690 κη-

1065 2696 1200 2731 ρύσσομεν
1225 2696 1343 2731 Χριστὸν
1369 2697 1595 2732 ἐσταυρωμένον,
1630 2698 1774 2730 Ἰουδαίοις
1815 2701 1861 2734 μὲν

1066 2741 1223 2774 σκάνδαλον,
1239 2741 1329 2769 ἔθνεσι
1343 2742 1372 2768 δὲ
1389 2743 1509 2778 μωρίαν,
1524 2743 1615 2775 αὐτοῖς
1630 2744 1658 2770 δὲ
1679 2747 1738 2775 τοῖς
1752 2746 1862 2780 κλητιῄ

1312 2841 1335 2856 ⁸⁸
1356 2841 1364 2868 l
1384 2841 1447 2869 Cor.
1464 2849 1500 2873 rt,
1518 2842 1559 2870 l9.
1600 2843 1622 2857 ⁸⁷
1644 2841 1663 2868 ΙΙ
1685 2842 1751 2870 Cur.
1774 2842 1856 2872 v.15,

1599 2878 1620 2892 "
1655 2876 1740 2905 llchr.
1762 2885 1814 2911 sit,
1833 2878 1856 2903 ἲ.
