1907 3038
212 147 283 176 1859

247 207 277 234 Β.
300 206 385 232 Recte
400 203 478 233 dicis.

247 255 280 281 Α.
303 251 359 279 Nisi
381 251 453 278 enim
477 249 631 278 immediate
651 248 762 283 propria
779 247 857 275 Verbi
879 248 949 275 facta
968 248 1004 275 sit

211 305 276 327 caro
290 305 350 333 qua:
367 297 417 332 ipsi
433 295 605 323 ineﬂ‘abililcr
619 301 756 329 supraque
770 302 879 322 omnem
895 294 1002 322 intelle-

212 351 286 373 ctmn
305 345 379 371 unita
397 347 448 374 est,
464 340 599 375 quomodo
617 340 721 367 censeri
742 340 827 374 possit
842 339 1003 367 vivilicans?

177 383 225 426 ς
250 391 305 426 Ego
327 390 410 420 enim,
432 387 529 422 inquit,
553 393 614 413 sum
637 386 714 420 panis
738 385 877 413 viviﬁcaris
899 386 946 420 qtti
969 386 1004 414 de

198 418 286 476 3ch;
300 432 435 462 descendi.
453 418 482 459 Si
503 431 564 465 quis
583 431 783 458 manducaveril
801 438 833 458 ex
852 431 902 458 hoc
920 439 1001 466 pane,

201 481 282 509 ,τίνει
304 480 330 506 in
352 483 492 506 :eternum.
512 477 546 504 Et
568 476 645 512 panis
663 483 745 511 quem
765 483 817 512 ego
838 477 919 509 dabo,
938 484 1002 505 caro

213 533 272 553 mea
287 529 329 551 est
345 531 392 558 pro
408 523 501 550 mundi
518 523 570 550 vita
581 522 615 550 ⁸⁵.
636 532 645 548 ι
663 523 697 549 At
712 522 734 549 si
749 527 792 549 est
808 529 873 549 caro
890 522 951 550 Filii
968 523 1003 550 ab

213 572 271 605 ipso
293 569 411 601 diversi,
433 569 479 604 qui
502 572 576 596 arcta
599 567 714 602 quidam
739 566 930 602 conjunctione
952 567 1003 602 ipsi

213 616 315 644 ascitus
328 618 398 647 erat,
413 619 440 642 et
453 614 608 649 aequalitate
623 613 735 641 houOris
749 621 812 641 cum
826 621 858 641 eo
873 614 1002 646 donatus,

213 669 266 695 quo
279 665 359 695 pacto
371 667 447 687 suam
460 663 554 692 vocat,
568 667 629 686 cum
642 659 741 694 alioqui
757 659 866 686 mentiri
882 659 1003 687 nesciat?

212 706 358 740 Quomodo
373 710 464 733 autem
487 705 600 732 alterius
619 704 768 740 cujuspiam
789 712 854 732 caro
874 705 1003 732 mundum

214 752 352 779 vlvillcsre
368 756 465 786 queat,
482 751 535 778 nisi
555 750 625 778 facta
644 751 679 778 sit
698 751 806 786 propria
825 751 902 785 vitae,
922 751 1002 778 nimi-

214 805 273 825 rum
293 796 375 824 Verbi
399 804 433 824 ex
459 796 513 823 Deo
535 795 616 824 Patre
637 797 718 831 geniti
734 818 741 830 ,
766 797 800 825 de
821 804 875 832 quo
897 797 1004 826 divinus

214 843 332 870 Joannes
353 843 389 870 ita
411 843 450 869 ait
467 850 475 868 :
497 851 508 868 ι
531 841 565 869 Ει
583 843 685 871 scimus
703 843 831 878 quoniam
851 843 937 871 Filius
957 843 1003 871 Del

721 146 748 173 S.
770 144 906 174 CYRILLI
927 144 1162 173 ALEXANDRINI
1183 144 1343 173 ARCHIEP.

1017 206 1040 234 Α
1090 202 1121 228 Β.
1142 200 1178 228 Εὖ
1196 201 1295 236 λέγεις.

1780 145 1846 172 I360

1089 248 1121 274 Δ.
1143 247 1175 273 El
1189 247 1243 281 γὰρ
1261 246 1312 273 οὐκ
1328 245 1439 281 ἀμέσως
1455 245 1508 272 ἰδία
1522 244 1570 272 τοῦ
1593 245 1681 280 Λόγου
1698 245 1817 280 γέγονεν
1834 245 1849 280 ἡ

1053 292 1221 328 ἀπορρήτοις
1234 291 1313 327 αὐτῷ
1330 292 1376 318 καὶ
1392 292 1462 327 ὑπὲρ
1486 291 1548 318 νοῦν
1561 292 1609 318 καὶ
1623 291 1704 326 λόγον
1719 291 1851 318 ἐνωθεῖια

1054 338 1144 374 σὰρξ,
1162 338 1221 370 πῶς
1243 338 1278 365 ἂν
1299 340 1387 365 νοοῖτο
1410 337 1557 371 ζωοποιός;
1575 347 1585 364 ι
1606 337 1677 372 Ἐγὼ
1700 338 1758 373 γάρ
1785 339 1851 372 εἰμι,

1053 385 1152 421 φησὶν,
1174 385 1189 411 ό
1213 384 1295 419 ἄρτος
1313 385 1328 411 ό
1342 383 1407 417 ζῶν,
1423 384 1438 410 ό
1453 384 1485 410 ἐκ
1498 383 1548 411 τοῦ
1571 383 1685 419 οὐρανοῦ
1709 383 1850 414 καταῦὰς,

1053 431 1102 458 καὶ
1124 430 1198 466 ζωὴν
1221 430 1310 462 διδοὺς
1325 430 1365 465 τῷ
1381 431 1487 465 κόσμῳ.
1510 429 1574 457 Ἐάν
1596 438 1639 462 τις
1654 431 1733 465 φάγῃ
1754 430 1788 455 ἐκ
1807 429 1852 455 τοῦ

1053 476 1138 511 ἄρτου
1158 476 1265 509 τούτου,
1283 475 1398 511 ζήσεται
1411 477 1452 507 είς
1465 476 1512 502 τὸν
1526 476 1624 509 αἰῶνα,
1639 477 1687 503 καὶ
1703 477 1718 503 ό
1730 477 1816 512 ἄρτος
1826 477 1854 503 δὲ

1053 523 1083 549 ὃν
1108 522 1165 557 ἐγὼ
1189 521 1278 554 δώσω,
1304 522 1321 557 ή
1345 522 1413 557 σάρξ
1443 522 1495 558 μού
1518 523 1603 554 ἐστιν,
1632 523 1704 559 ὑπὲρ
1725 523 1780 555 τῆς
1806 523 1854 549 τοῦ

1053 568 1158 604 κόσμου
1174 568 1258 604 ζωῆς.
1271 577 1280 595 ι
1305 567 1375 594 Ἀλλ’
1391 569 1471 604 εἰπερ
1484 568 1559 595 ἐστὶν
1570 569 1587 603 ἡ
1600 567 1683 603 σὰρξ,
1705 568 1774 594 Υἰοῦ
1788 569 1852 603 παρ’

1053 613 1136 641 αὑτὸν
1157 613 1341 648 ἑτέρου,κατὰ
1355 614 1504 648 συνάφειαν
1518 613 1648 650 σχετικὴν
1659 613 1853 644 οἰκειωθέντος

1054 657 1139 693 αὐτῷ,
1162 658 1209 685 καὶ
1225 658 1318 694 χάριτι
1335 658 1506 694 κεκλημένου
1530 659 1600 694 πρὸς
1617 659 1774 694 ἰσοτιμίαν,
1794 659 1853 690 πῶς

1054 704 1124 731 ἰδίαν
1145 704 1231 740 αὐτὴν
1252 704 1393 740 ὀνομάζει,
1418 705 1508 732 καίτοι
1528 705 1675 741 ψεύδεσθαι
1693 705 1733 741 μὴ
1755 705 1851 736 εἰδὼς;

1054 749 1116 781 Πῶς
1128 749 1151 776 δ’
1165 749 1198 776 ἂν
1213 749 1261 776 καὶ
1277 748 1441 785 ζωοποιήσει
1455 749 1501 776 τὸν
1516 750 1619 786 κόσμον
1635 751 1652 786 ὴ
1667 750 1767 785 ἑτέρου
1779 750 1852 781 τινὸς

1054 793 1133 828 σὰρξ,
1151 795 1176 821 εἰ
1191 794 1229 830 μὴ
1243 794 1358 829 γέγονεν
1379 794 1433 822 ἰδία
1450 794 1501 830 τῆς
1513 793 1596 830 ζωῆς,
1610 794 1688 830 δῆλον
1701 795 1730 821 δὲ
1743 795 1796 827 ὅτι,
1805 794 1852 821 τοῦ

1054 841 1086 866 ὲκ
1100 839 1167 866 Θεοῦ
1181 840 1288 875 Πατρδς
1301 840 1378 872 θντος
1389 840 1488 875 Λόγου,
1502 840 1568 876 περὶ
1583 837 1614 868 οὗ
1627 849 1713 876 φησιν
1726 842 1741 868 ὸ
1756 840 1852 867 θεσπέ-

214 889 300 921 venit,
313 893 340 916 et
353 888 426 916 dedit
439 887 518 915 nobis
532 895 642 915 sensum
656 893 685 915 ιιι
697 895 894 924 cognoscamus
908 896 1002 917 verum

1077 894 1111 918 ,ος
1124 881 1269 921 Ἰωάννης·
1296 895 1307 912 ι
1322 886 1378 913 Καὶ
1400 886 1521 922 οἴδαμεν,
1536 886 1577 913 ὅτι
1596 887 1610 913 ὁ
1624 887 1690 918 Υἱὸς
1715 886 1764 913 τοῦ
1784 886 1850 913 Θεοῦ

215 935 315 967 Deum,
333 938 360 961 et
377 940 470 961 sumus
487 933 515 960 in
533 940 598 961 vero
614 932 682 960 Filio
699 933 784 967 ipsius
800 933 863 962 Jesu
883 933 1002 962 Christo.

216 979 266 1007 llic
280 984 320 1007 est
333 986 412 1006 verus
428 978 508 1010 Deus,
522 980 555 1006 ε(
563 979 617 1006 vita
633 983 735 1006 aeterna
747 979 785 1006 σαι
801 989 811 1006 ι

251 1066 281 1092 Β.
301 1065 434 1093 Caeterum
456 1065 507 1092 hoc
527 1064 624 1097 etiam,
645 1069 675 1092 ut
705 1066 834 1099 arbitror,
863 1065 1002 1101 objicient,

214 1112 319 1139 dictant
334 1118 394 1138 esse
407 1111 441 1137 ab
456 1111 524 1143 ipso,
538 1114 564 1137 et
579 1110 688 1145 quidem
706 1111 849 1138 manifeste
862 1119 868 1137 :
884 1121 893 1138 ι
906 1111 1002 1144 Amen,

215 1163 294 1184 amen
314 1156 373 1183 dico
391 1155 479 1188 vobis,
499 1155 549 1182 nisi
569 1156 797 1185 mandueaveritis
814 1164 924 1185 carnem
942 1157 1003 1185 Filii

214 1201 348 1233 hominis,
363 1205 391 1228 et
406 1201 528 1227 biberitis
542 1201 701 1236 sanguinem
717 1202 816 1236 ipsius,
831 1210 883 1230 non
899 1203 1004 1231 habetis

213 1248 296 1283 777
311 1248 393 1274 vitam
411 1247 435 1273 in
450 1247 526 1273 vobis
537 1246 571 1273 ".
589 1257 599 1273 ι
617 1247 670 1275 Nos
686 1248 778 1283 itaque
793 1256 945 1281 censemus,
961 1249 1002 1276 io-

212 1294 321 1328 qniunt,
339 1300 391 1320 non
408 1300 468 1320 esse
485 1292 532 1320 Dei
542 1292 635 1325 Verbi.
651 1288 698 1320 sed
716 1294 806 1326 potius
822 1294 942 1322 hominis
956 1294 1004 1329 qui

216 1339 265 1373 ipsi
284 1338 443 1372 coniunctus
457 1343 498 1364 est
512 1338 658 1373 pretiosum
674 1346 771 1373 corpus
788 1343 816 1366 et
833 1339 1002 1374 sanguinem.

252 1383 285 1410 A.
305 1384 338 1409 At
352 1390 416 1410 vero
430 1383 494 1417 quid
512 1384 617 1410 tandem
633 1383 668 1411 de
684 1391 780 1419 magno
797 1385 936 1421 religionis
954 1393 1002 1413 no-

216 1432 278 1454 stra.
295 1427 424 1462 mysterio
441 1428 577 1454 statuent?
590 1428 710 1456 Tolletur
727 1430 812 1463 enim,
834 1436 863 1458 ut
875 1435 1003 1466 apparet,

215 1472 263 1500 Dei
279 1472 356 1500 Verbi
372 1473 536 1505 exinanitio,
552 1473 598 1508 qui
613 1482 675 1501 cum
690 1480 763 1502 esset
777 1475 803 1502 in
819 1475 906 1503 forms
922 1482 1004 1511 atque

216 1517 370 1553 mqualilate
385 1517 491 1550 Patris,
508 1517 591 1545 voluit
610 1523 719 1554 propter
735 1527 784 1548 nos
800 1519 916 1548 formam
933 1521 1002 1548 servi

1056 931 1129 967 ἥκει,
1141 931 1189 958 καὶ
1202 931 1302 959 ἔδωκεν
1323 932 1389 967 ἡμῖν
1402 931 1533 965 διάνοιαν,
1546 932 1590 959 ἵνα
1606 932 1790 967 γινώσκωμεν
1805 932 1851 959 αὐ-

1056 976 1113 1008 τὸν,
1122 976 1170 1002 καὶ
1180 975 1263 1010 ἐσμὲν
1275 977 1304 1002 ὲν
1318 975 1357 1011 τῷ
1369 975 1489 1011 ἀληθινῷ
1501 975 1559 1011 Υἰῷ
1573 975 1657 1003 αὑτοῦ
1677 975 1769 1010 Ἰησοῦ
1782 976 1850 1009 Χρι-

1057 1019 1121 1055 στῷ.
1139 1029 1148 1046 ι
1163 1016 1248 1052 οὗτός
1262 1021 1336 1046 ἔστιν
1347 1019 1472 1055 ἀληθινὸς
1484 1019 1561 1052 Θεὸς,
1576 1019 1624 1046 καὶ
1636 1017 1694 1054 ζωὴ
1707 1017 1835 1049 ultimo;

1091 1067 1122 1094 Β.
1150 1066 1232 1098 Ἀλλ’,
1246 1064 1334 1102 οἶμαι,
1354 1066 1423 1102 πρὸς
1443 1065 1531 1101 τούτῳ
1548 1067 1626 1099 φαῖεν
1652 1065 1697 1097 ἂν,
1722 1063 1850 1100 εἰρῆσθαι

1056 1110 1121 1146 παρ’
1145 1110 1228 1137 αὑτοῦ
1248 1110 1296 1137 καὶ
1319 1110 1393 1146 μάλα
1411 1110 1515 1144 σαφῶς,
1532 1119 1541 1136 ι
1565 1109 1662 1145 Ἀμὴν,
1680 1110 1758 1145 ἀμὴν
1778 1109 1850 1142 λέγω

1057 1156 1132 1191 ὑμῖν,
1149 1155 1196 1182 ἐὰν
1213 1155 1251 1191 μὴ
1266 1155 1371 1191 φάγητε
1394 1155 1444 1191 τὴν
1471 1155 1560 1190 σάρκα
1579 1155 1626 1181 τοῦ
1651 1155 1720 1181 Υἱοῦ
1734 1155 1784 1181 τοῦ
1804 1155 1850 1181 ἀν-

1057 1200 1178 1237 θρώπου,
1192 1201 1240 1228 καὶ
1254 1201 1334 1237 πίητε
1347 1201 1429 1227 αὐτοῦ
1443 1201 1472 1227 τὸ
1486 1198 1566 1236 αἷμα,
1578 1201 1629 1227 οὐκ
1646 1200 1724 1235 ἔχετε
1740 1199 1814 1235 ζωὴν
1824 1201 1851 1226 ἐν

1056 1248 1174 1280 ἑαυτοῖς.
1193 1257 1202 1273 ι
1228 1247 1359 1281 Συνὶεμεν
1381 1247 1470 1274 τοίνυν
1495 1247 1585 1281 ἡμεῖς,
1609 1247 1701 1280 φασὶν,
1727 1246 1767 1278 ὡς
1795 1245 1852 1272 ἔστι

1058 1293 1158 1328 μᾶλλον
1182 1294 1212 1320 οὐ
1232 1293 1278 1320 τοῦ
1300 1292 1368 1319 Θεοῦ
1382 1293 1482 1327 Λόγου,
1506 1292 1573 1319 ἀλλὰ
1594 1292 1641 1318 τοῦ
1667 1292 1851 1326 συναφθέντος

1057 1338 1131 1374 αὐτῷ
1146 1339 1301 1375 ἀνθρώπου,
1319 1339 1350 1366 τὸ
1365 1339 1548 1374 τετιμημένον
1564 1338 1644 1373 σῶμα
1658 1338 1707 1364 καὶ
1723 1338 1756 1364 τὸ
1771 1336 1849 1373 αἷμα.

1091 1385 1124 1411 Δ.
1135 1382 1201 1411 Εἶτα
1215 1385 1275 1410 ὅποι
1288 1384 1353 1411 ποτε
1367 1384 1438 1410 θεῖεν
1459 1384 1491 1411 ἂν
1507 1384 1538 1410 τὺ
1551 1384 1623 1418 μέγα
1639 1383 1688 1419 τῆς
1702 1383 1849 1415 εὐσεϐείας

1058 1429 1221 1465 μυστήριον;
1239 1429 1403 1464 Ἀναιρεῖται
1425 1428 1490 1464 γὰρ,
1516 1429 1554 1460 ὼς
1570 1428 1667 1460 ἔοικεν,
1686 1429 1702 1462 ἡ
1718 1427 1767 1454 τοῦ
1784 1427 1850 1454 Θεοῦ

1056 1475 1147 1510 Λόγου
1163 1474 1289 1508 κένωσις,
1302 1475 1378 1506 ὄντος
1396 1474 1446 1510 μὲν
1463 1475 1492 1500 ἐν
1507 1475 1598 1510 μορφῇ
1615 1474 1663 1500 καὶ
1685 1474 1792 1509 ἰσότητι
1805 1473 1850 1499 τοῦ

1057 1520 1175 1555 Πατρδς,
1190 1519 1317 1554 ἑλομένου
1330 1519 1358 1546 δὲ
1370 1519 1404 1546 δι’
1418 1520 1502 1554 ἡμᾶς,
1517 1519 1624 1555 μορφὴν
1636 1518 1732 1545 δούλου
1746 1519 1849 1550 λαὸεἰν,

215 1564 351 1598 accipere,
367 1563 517 1598 similisque
533 1563 610 1591 nobis
627 1564 685 1592 ﬁeri
698 1565 720 1581 "
731 1585 739 1598 ,
757 1569 785 1593 et
799 1566 934 1601 particeps
950 1566 1003 1594 ﬁeri

1077 1566 1108 1592 αἰ
1123 1567 1152 1591 ὲν
1169 1565 1297 1600 ὁμοιώσει
1310 1565 1437 1600 γενέσθαι
1453 1566 1486 1600 τῇ
1504 1564 1572 1600 πρὸς
1587 1565 1678 1599 ἡμᾶς,
1698 1564 1748 1591 καὶ
1769 1573 1851 1598 μετα-

215 1608 306 1634 earnis
316 1613 343 1635 et
352 1608 488 1642 sanguinis
498 1608 532 1641 ",
545 1613 570 1635 et
583 1608 777 1638 incarnationis
794 1611 1006 1640 administratio-

216 1660 278 1679 nem
295 1653 422 1679 universo
437 1653 496 1679 orbi
516 1657 648 1680 terrarum
667 1653 770 1689 largiri.
787 1653 914 1683 Salvatus
933 1656 1006 1683 enim

215 1701 257 1724 est
273 1704 320 1730 pcr
336 1696 432 1730 ipsam,
448 1697 616 1725 instaurante
630 1698 710 1726 Patre
725 1700 752 1726 in
770 1700 828 1735 ipso
842 1701 932 1728 omnia
946 1709 1007 1736 qua:

218 1742 244 1768 in
262 1741 339 1767 cistis
356 1745 385 1767 et
402 1749 462 1775 quae
480 1741 506 1768 in
526 1746 613 1776 terra,
631 1743 701 1770 sicut
720 1744 850 1779 scriptum
869 1750 910 1773 est
923 1746 956 1774 ".
976 1746 1006 1775 Si

216 1794 281 1819 ergo
298 1794 351 1813 non
368 1786 455 1821 ipsum
471 1788 566 1815 dicunt
581 1795 641 1816 esse
655 1788 840 1824 Unigenitum,
855 1791 945 1818 divina
960 1799 1006 1826 pa-

215 1832 284 1860 riter
294 1837 322 1859 et
334 1833 449 1860 humana
476 1833 580 1861 ratione
605 1834 756 1862 dicentem:
771 1844 780 1860 ι
794 1835 828 1863 Et
839 1837 915 1870 panis
926 1845 1005 1872 quem

214 1884 266 1912 ego
284 1878 362 1910 dabo,
381 1885 446 1905 earo
480 1886 539 1906 mea
570 1883 612 1906 est
641 1887 690 1915 pro
721 1881 811 1908 mundi
834 1881 904 1915 vita;
926 1891 936 1908 ι
958 1882 1006 1910 sed

207 1924 298 1950 .alium
319 1925 462 1958 quemdam
484 1923 619 1953 diversum
638 1926 672 1953 ab
693 1925 751 1960 ipso
772 1925 871 1954 Filium
888 1927 1006 1955 hominis

216 1977 266 1996 nos
280 1969 415 2002 salvasse,
431 1974 504 1998 certe
520 1971 577 2004 ipse
593 1978 646 1998 non
661 1975 703 1998 est
718 1970 864 2005 Dominus,
880 1976 910 2000 ut
923 1972 1005 2001 Scri-

216 2018 302 2048 ptura:
314 2014 347 2041 de
361 2014 406 2040 illo
419 2014 577 2048 prtedicant,
593 2015 639 2042 sed
656 2023 725 2042 unus
738 2023 771 2042 ex
787 2016 875 2049 nobis,
889 2022 918 2045 et
930 2017 1005 2044 vivi-

217 2061 280 2087 ﬁcat
295 2061 420 2095 deinceps
433 2068 463 2087 ea
479 2068 537 2095 qua:
552 2061 719 2096 corruptioni
733 2062 848 2089 obnoxia
863 2067 936 2095 sunt,
951 2071 1003 2090 non

217 2113 266 2137 pur
290 2104 372 2132 Deum
398 2106 550 2133 vivilieandi
577 2106 675 2134 virtute
701 2107 860 2141 praeditum,
883 2108 931 2135 sed
957 2116 1005 2143 per

216 2152 361 2184 quemdam
383 2153 549 2186 corruptioni
575 2153 740 2185 obnoxium,
765 2154 810 2188 qui
835 2155 947 2189 perinde
972 2162 1004 2182 ac

217 2205 267 2224 nos
285 2197 367 2223 vitam
387 2205 436 2231 per
453 2198 569 2232 gratiam
590 2199 737 2232 acceperit.
754 2199 788 2226 At
807 2200 829 2227 si
849 2207 941 2228 verum
963 2205 1004 2230 est

1058 1613 1131 1647 σχεῖν
1144 1612 1260 1647 αἵματος
1275 1612 1322 1638 καὶ
1337 1611 1454 1647 σαρκὸς,
1469 1611 1516 1638 καί
1530 1611 1578 1646 τὴν
1599 1611 1648 1646 τῆς
1668 1611 1850 1646 ὲνανθρωπή-

1058 1665 1127 1688 σεως
1149 1656 1306 1691 οἰκονομίαν
1333 1656 1381 1692 ὅλῃ
1407 1656 1571 1691 χαρίσασθαι
1592 1657 1625 1690 τῇ
1654 1655 1702 1682 ὑπ’
1724 1655 1849 1690 οὐρανῦν.

1057 1702 1194 1729 Σέσωσται
1229 1701 1282 1737 γὰρ
1307 1701 1341 1728 δι’
1367 1702 1468 1737 αὐτῆς,
1494 1701 1785 1736 ἀνακεφαλαιουμένου
1819 1701 1849 1727 τὰ

1056 1747 1146 1774 πάντα
1166 1747 1212 1774 τοῦ
1234 1747 1341 1783 Πατρδς
1361 1747 1390 1774 ὲν
1405 1747 1491 1782 αὐτῷ,
1509 1747 1543 1773 τά
1562 1755 1592 1773 τε
1606 1747 1635 1773 ὲν
1653 1748 1712 1778 τοῖς
1724 1747 1848 1781 οὐρανοῖς

1056 1793 1104 1820 καὶ
1125 1793 1160 1820 τὰ
1180 1792 1226 1819 ἐπὶ
1241 1793 1292 1828 τῆς
1314 1793 1376 1828 γῆς,
1397 1793 1470 1820 καθὰ
1497 1793 1662 1828 γέγραπται.
1686 1791 1717 1818 Εἰ
1741 1792 1791 1826 μὲν
1804 1789 1849 1817 οὖν

1055 1839 1105 1866 οὐκ
1122 1839 1203 1866 αὑτὸν
1220 1837 1289 1866 εἶναί
1311 1847 1377 1874 φασι
1400 1839 1445 1865 τὸν
1466 1838 1617 1873 Μονογενῆ,
1642 1838 1807 1873 θεοπρεπῶς
1819 1845 1848 1864 τε

1055 1883 1123 1919 ὁμοῦ
1143 1884 1190 1910 καὶ
1213 1883 1391 1919 ἀνθρωπίνως
1406 1883 1531 1917 λέγοντα,
1550 1892 1559 1909 t
1572 1883 1627 1909 Καὶ
1641 1883 1656 1909 6
1668 1883 1752 1918 ἄρτος
1762 1882 1801 1913 δὲ,
1820 1882 1849 1908 όν

1056 1927 1111 1962 ἐγὼ
1124 1927 1212 1960 δώσω,
1234 1929 1250 1963 ἡ
1267 1928 1336 1964 σάρξ
1361 1928 1411 1963 μού
1427 1928 1502 1954 ἐστιν
1516 1927 1586 1963 ὑπὲρ
1601 1927 1651 1962 τῆς
1677 1926 1726 1953 τοῦ
1745 1927 1848 1962 κόσμου

1057 1972 1144 2007 ζωῆς·
1161 1982 1170 1999 ι
1188 1973 1282 2008 ἕτερον
1296 1973 1325 1999 δέ
1349 1981 1409 1999 τινα
1424 1973 1489 2008 παρ’
1504 1972 1585 2000 αὑτὸν
1599 1971 1692 2003 ἰδικῶς
1703 1971 1849 2006 νοούμενον

1028 2054 1032 2058 ι
1058 2017 1125 2044 Υἰὺν
1143 2017 1292 2054 ἀνθρώπου
1317 2018 1465 2045 σεσωκέναι
1486 2018 1580 2053 ἡμᾶς,
1602 2017 1652 2044 οὐκ
1679 2018 1763 2048 αὑτός
1791 2017 1847 2043 ἐστι

1056 2063 1167 2099 Κύριος,
1183 2063 1255 2090 κατὰ
1267 2063 1296 2090 τδ
1309 2064 1515 2099 γεγραμμένον,
1529 2063 1587 2090 ἀλλ’
1601 2060 1641 2094 εἷς
1655 2062 1686 2095 ἐξ
1702 2062 1792 2098 ἡμῶν,
1802 2063 1848 2088 καὶ

1055 2108 1228 2142 ζωοποιεῖται
1245 2109 1338 2136 λοιπὸν
1352 2109 1386 2135 τὰ
1401 2109 1454 2135 ὑπὸ
1468 2107 1582 2143 φθορὰν,
1605 2107 1635 2134 οὺ
1659 2107 1706 2134 διά
1729 2115 1761 2141 γε
1779 2106 1847 2132 Θεοῦ

1057 2155 1157 2190 μᾶλλον
1172 2155 1313 2186 ζωοποιεῖν
1339 2154 1487 2189 ἰσχύοντος,
1502 2153 1560 2180 ἀλλ’
1578 2153 1623 2187 ὑφ’
1636 2153 1697 2184 ἑνὸς
1721 2153 1777 2178 τῶν
1797 2152 1849 2178 ὑπὸ

1055 2201 1168 2237 φθορὰν,
1190 2201 1282 2236 χάριτι
1300 2200 1359 2236 μεθ’
1379 2199 1458 2235 ἡμῶν
1475 2199 1605 2230 λαϐόντος
1622 2199 1653 2224 τὸ
1675 2199 1737 2234 ζῇν.
1765 2198 1797 2224 Εἰ
1819 2197 1848 2224 δὲ

216 2242 288 2275 quod
305 2241 419 2269 \‘erbum
437 2242 538 2269 factum
558 2247 599 2269 est
616 2250 694 2276 caro,
711 2245 858 2272 secundum
877 2246 1003 2281 Scriptu—

1077 2246 1164 2281 ληθὲς,
1179 2246 1219 2272 ὅτι
1232 2246 1301 2281 σὰρξ
1313 2246 1425 2280 γέγονεν
1440 2247 1454 2272 ὁ
1464 2245 1560 2279 Λόγος,
1577 2245 1648 2272 κατὰ
1664 2245 1715 2276 τὰς
1724 2244 1847 2279 Γραφὰς,

219 2294 262 2314 ras
273 2287 307 2319 ⁷¹,
323 2293 350 2314 et
366 2287 391 2313 in
410 2292 480 2314 terra
497 2288 632 2322 apparuit,
642 2293 735 2316 etcum
748 2290 903 2318 hominibus
912 2299 1005 2320 versa-

217 2338 260 2359 tus
275 2333 344 2360 est"
355 2353 363 2365 ,
375 2333 492 2359 formam
508 2334 578 2360 servi
596 2339 624 2361 ut
640 2335 774 2370 propriam
792 2344 904 2371 gerens,
921 2345 1003 2364 voca-

217 2378 289 2404 bitur
303 2377 384 2404 etiam
399 2376 482 2405 Filius
498 2378 624 2412 hominis,
641 2380 712 2414 quod
728 2381 845 2414 quidem,
856 2382 878 2408 si
895 2382 1005 2416 indigne

217 2423 309 2448 ferunt
324 2422 458 2454 nonnulli,
476 2424 595 2458 graviter
609 2431 738 2459 peccasse
753 2426 1001 2460 deprchendemur.

216 2467 310 2502 Neque
328 2469 399 2496 enim
420 2469 472 2497 alia
492 2470 596 2498 ratione
612 2479 677 2498 caro
693 2472 798 2499 vivillca
816 2472 884 2500 οιῐίρί
901 2478 1002 2508 potest,

217 2522 296 2548 quam
316 2515 460 2542 secundum
477 2516 613 2550 propriam
630 2525 708 2544 suam
724 2522 847 2545 naturam
867 2521 1004 2556 corrumpi

216 2564 296 2595 atque
311 2560 422 2589 interire
437 2569 547 2589 necesse
560 2567 637 2594 erat.
654 2563 704 2590 nisi
722 2564 830 2598 propria
846 2563 916 2592 facta
931 2571 1004 2593 esset

217 2605 296 2632 Verbi
320 2606 409 2633 omnia
430 2606 602 2634 viviﬁcantis.
625 2607 682 2634 lloc
703 2609 775 2635 enim
797 2614 875 2643 pacto
895 2615 1003 2645 operata

215 2655 257 2677 est
270 2654 295 2676 et
312 2651 436 2684 praestitit
451 2658 509 2685 qua:
525 2651 575 2685 ipsi
590 2650 679 2678 Verbo
694 2659 757 2680 sunt
773 2655 898 2689 propria,
915 2655 1004 2682 viviﬁ-

215 2695 286 2723 canti
309 2695 392 2730 ipsius
413 2697 505 2724 virtuti
527 2702 697 2726 convcrsata.
718 2698 751 2725 Et
771 2699 880 2734 quidem
904 2701 1003 2729 mirum

1056 2292 1102 2318 καὶ
1119 2291 1166 2318 ἐπὶ
1177 2291 1228 2326 γῆς
1246 2291 1335 2327 ὤφθη,
1361 2291 1408 2317 καὶ
1425 2292 1480 2322 τοῖς
1496 2290 1651 2326 ἀνθρώποις
1665 2292 1849 2324 συνανεστρα-

1056 2345 1093 2372 φη
1103 2356 1110 2368 ,
1128 2336 1178 2372 τὴν
1193 2336 1240 2363 τοῦ
1262 2336 1354 2363 δούλου
1381 2335 1487 2372 μορφὴν
1509 2336 1548 2367 ὡς
1564 2335 1632 2362 ἰδίαν
1648 2335 1731 2370 ἔχων,
1746 2335 1848 2370 κεκλή-

1056 2391 1132 2409 σεται
1146 2383 1192 2408 κα¹ι
1209 2383 1272 2414 Υὶὺς
1286 2382 1430 2418 ἀνθρώπου
1441 2402 1447 2414 ,
1463 2382 1515 2411 κᾶν
1535 2381 1692 2416 ἀσχάλλωσί
1712 2389 1787 2412 τινες
1803 2381 1849 2407 ἐπὶ

1054 2430 1152 2465 τούτῳ,
1175 2431 1230 2461 τοῖς
1254 2430 1302 2464 τῆς
1324 2428 1461 2464 ἁμαρτίας
1485 2428 1639 2462 ἐγκλήμασι
1657 2427 1728 2460 σφᾶς
1749 2427 1847 2458 αὐτοὺς

1057 2476 1174 2507 ἐνιέντες
1188 2475 1276 2502 ἁλοῖεν
1292 2475 1335 2502 ἄν.
1351 2475 1388 2502 Οὐ
1403 2474 1457 2510 γὰρ
1471 2472 1518 2501 οὖν
1535 2475 1637 2509 ἑτέρως
1653 2473 1791 2505 ζωοποιὸν
1807 2482 1849 2507 γε·

1057 2519 1151 2547 νέσθαι
1165 2521 1213 2555 τὴν
1228 2520 1327 2555 σάρκα,
1341 2520 1388 2546 καὶ
1402 2520 1463 2546 κατ’
1485 2519 1552 2546 ἰδίαν
1566 2519 1648 2553 φύσιν
1662 2518 1850 2554 ὑπενηνεγμέ-

1056 2575 1105 2602 νην
1121 2566 1159 2602 τῷ
1173 2566 1332 2602 φθείρεσθαι
1346 2567 1412 2599 δεῖν,
1427 2568 1450 2593 εἰ
1468 2566 1505 2602 μὴ
1522 2566 1635 2600 γέγονεν
1650 2566 1704 2592 ἰδία
1717 2566 1767 2592 τοῦ
1780 2565 1849 2597 ζωο-

1055 2611 1194 2643 ποιοῦντος
1207 2612 1241 2638 τὰ
1255 2612 1344 2638 πάντα
1358 2611 1455 2646 Λόγου.
1479 2611 1636 2646 Ἐνηργεῖτο
1646 2611 1702 2646 γὰρ
1712 2610 1803 2641 οὕτως
1816 2610 1850 2636 τὰ

1053 2655 1148 2689 αὐτοῦ,
1167 2657 1200 2691 τῇ
1219 2656 1342 2691 ζωοποιῷ
1366 2655 1448 2683 αὐτοῦ
1464 2656 1579 2691 δυνάμει
1604 2656 1772 2690 ὁμιλήσασα.
1795 2656 1850 2682 Καὶ

1054 2701 1209 2737 θαυμαστὸν
1230 2701 1318 2729 οὐδέν.
1343 2701 1374 2728 Εἰ
1399 2702 1453 2738 γάρ
1477 2703 1551 2729 ἐστιν
1575 2701 1693 2737 ἀληθὲς,
1722 2702 1764 2728 ὅτι
1789 2703 1849 2732 ταῖς

250 2796 367 2836 '_‘“Joa_n.
381 2805 418 2836 vl,
437 2796 480 2829 Si,
578 2795 729 2836 “ulnloan.
744 2805 770 2829 ν,
786 2797 846 2836 2Q1
873 2799 895 2815 °’
913 2799 991 2828 Joan.

1079 2801 1103 2829 ί.
1133 2801 1164 2834 ,⁸⁸
1182 2801 1296 2836 Philipp.
1310 2808 1340 2833 tt,
1356 2800 1383 2829 6.
1424 2801 1446 2818 ⁸³
1466 2801 1548 2829 Hebr.
1567 2809 1597 2832 ιι,
1615 2800 1658 2827 M.
1699 2801 1724 2816 τ’
1747 2799 1847 2834 Ephes.

218 2839 236 2862 ι,
255 2832 296 2858 i0.
335 2832 357 2847 “
377 2832 455 2859 Joan.
475 2839 494 2864 ι,
520 2831 559 2857 Η.
595 2832 617 2847 ⁷⁸
631 2831 737 2859 Baruclt
757 2840 797 2866 Ill,
814 2833 860 2861 58.
