1907 3038
88 181 150 208 1561

647 186 742 219 QUOD
763 187 857 215 UNUS
877 189 931 216 SIT
950 189 1134 220 CHRISTUS.

1640 197 1707 224 {36!

85 237 163 269 ὕλαις
177 237 310 272 ὁμιλῆσαν
321 238 350 264 τὸ
363 238 428 273 πῦρ,
446 239 534 268 καίτοι
547 240 650 276 θερμὰς
662 242 711 268 οὐκ
723 242 807 276 οὔσας
821 243 861 270 αὐ-

917 253 975 273 .non
993 251 1043 275 est.
1060 247 1127 275 Nam
1145 249 1168 276 si
1185 257 1277 277 verum
1296 254 1339 278 est
1356 250 1427 286 quod
1447 250 1517 285 ignis
1532 251 1604 279 circa
1623 259 1708 280 mate-

82 283 134 314 τὰς
148 283 207 310 κατ’
224 283 291 310 ἰδιαν
305 284 395 318 φύσιν,
410 286 555 320 ἀποφαίνει
570 286 675 322 θερμάς
685 295 692 303 ·
709 288 800 323 ἐνίησι
815 289 870 325 γὰρ

82 329 132 355 καὶ
153 329 225 364 μάλα
252 329 387 361 πλουσίως
402 331 498 364 αὑταῖς
512 332 561 367 τῆς
574 333 687 368 ἐνούσης
701 334 774 370 αὐτῷ
788 334 869 362 δυνά-

83 382 157 409 μεως
173 375 221 410 τὴν
233 375 373 411 ἐνέργειαν
383 385 390 391 ·
404 377 462 410 πῶς
474 378 505 405 οὺ
530 377 631 414 μᾶλλον
645 380 732 415 ἐνίησι
750 380 816 413 Θεδς
831 380 869 409 ὢν

80 421 96 446 ὁ
110 420 197 455 Λόγος
210 422 242 456 τῇ
258 421 313 457 ἰδίᾳ
330 423 423 458 σαρκὶ,
436 423 485 459 τὴν
500 424 632 457 ζωοποιδν
646 426 743 453 ἑαυτοῦ
754 426 869 462 δύναμιν

81 465 131 492 καὶ
155 466 313 502 ἐνέργειαν,
346 468 492 496 ἑνωθεῖσαν
516 470 587 506 αὐτῇ
610 471 660 498 καὶ
690 472 757 499 ἰδίαν
783 472 868 508 αὐτὴν

78 512 233 548 ἀποφήνας,
255 514 427 550 ἀσυγχύτους,
443 516 594 552 ἀτρέπτως,
613 518 660 545 καὶ
679 518 740 545 καθ’
760 519 790 546 ὃν
813 518 869 547 οῐδε

77 558 180 595 τρόπον
193 559 292 594 ainde;

113 646 144 672 Β.
171 642 330 681 Ἀναγκαῖον
360 646 407 676 οὗν
432 649 486 686 ἄρα
520 652 727 687 συνομολογεῖν,
756 652 865 686 οὐδενὸς

74 691 172 727 ἑτέρου
189 694 413 728 μεσολαϐοῦντος,
437 696 577 729 παντελῶς
602 697 668 725 ῐδιον
690 699 816 731 γενέσθαι
834 699 865 726 τὸ

75 737 159 773 σῶμα
180 739 227 766 τοῦ
243 739 276 766 ὲκ
294 740 340 767 τοῦ
356 742 461 778 Πατρδς
474 743 549 775 ὄντος
565 743 664 778 Λόγου,
687 743 739 772 κᾶν
756 744 864 780 ἐψυχω-

74 783 157 818 μένον
171 785 256 812 νοοῖτο
269 786 342 822 ψυχῇ
355 789 447 824 νοερᾷ.

108 831 142 856 Δ.
157 830 230 857 Πάνυ
246 832 294 867 μὲν
307 831 364 865 οὖν,
378 834 402 860 εἰ
413 834 458 860 τὸν
471 834 579 870 ἀπλανῆ
592 836 642 871 τῆς
656 836 773 868 πίστεως
788 837 867 872 ὀρθο-

70 875 209 911 τομοῦμεν
233 876 320 911 λόγον,
341 879 387 905 καὶ
409 879 465 906 τῶν
487 881 538 915 τῆς
562 881 690 916 ἀληθείας
715 881 860 917 δογμάτων

920 292 988 318 riam
1004 292 1122 327 aliquam
1138 302 1264 328 versans,
1281 303 1342 323 eam
1357 304 1417 330 qua:
1432 296 1533 331 alioqui
1548 304 1580 324 ex
1596 305 1644 325 sua
1660 306 1708 326 na-

918 342 978 364 tura
996 338 1084 366 calida
1100 347 1154 368 non
1171 345 1230 373 est,
1248 341 1362 369 calidam
1381 340 1462 369 ellicit
1480 342 1620 377 (immittit
1636 344 1707 372 enim

918 383 943 410 ei
963 383 1069 412 abunde
1090 384 1226 413 facultatis
1245 393 1297 420 qua
1319 386 1447 421 prmditus
1466 391 1507 413 est
1524 387 1706 422 etIicaciam),

917 436 970 464 quo
983 434 1062 464 pacto
1075 437 1127 458 non
1141 430 1232 465 potius
1245 430 1368 458 immittit
1381 431 1452 458 Deus
1461 431 1579 458 Verbum
1592 431 1708 466 propria:

917 475 994 502 carni
1011 475 1193 504 vivitlcantem
1211 484 1288 504 suam
1305 476 1431 504 virtutem
1456 481 1537 512 atque
1565 477 1704 511 operatio-
1722 495 1728 514 ε

916 528 990 554 nem,
1004 529 1064 549 cum
1081 522 1153 550 illam
1167 522 1217 550 sibi
1234 522 1337 550 unitam
1351 528 1377 550 et
1386 523 1535 558 propriam,
1553 523 1620 550 citra
1636 529 1702 550 con-
1723 520 1726 530 ‘

915 565 1048 594 fusionem
1067 572 1113 596 aut
1130 569 1308 596 mutationem
1325 573 1352 597 et
1371 576 1424 604 quo
1442 569 1500 604 ipse
1516 569 1591 596 novit
1609 569 1700 601 modo.

914 612 1080 640 declarat-it?
1188 623 1203 637 δ

949 659 980 687 Β.
1002 659 1188 688 Necessarium
1204 661 1294 696 itaque
1307 666 1349 690 est
1363 661 1457 695 fateri,
1473 662 1580 689 nemine
1595 661 1647 688 alio
1662 661 1704 688 in-

913 707 1095 741 terveniente,
1114 708 1234 742 perfecte
1251 709 1390 743 proprium
1410 709 1510 736 factum
1528 715 1589 736 esse
1605 715 1702 743 corpus

913 752 1002 780 Verbo
1018 760 1050 780 ex
1069 753 1160 787 Patre,
1178 755 1287 782 tametsi
1304 755 1394 782 anima
1415 754 1581 790 intelligente
1597 755 1701 781 anima-

911 803 968 826 tum
984 804 1126 827 eenseatur
1134 801 1147 827 ἲ

945 844 979 872 Δ.
998 843 1126 878 Omnino,
1144 845 1167 873 si
1188 850 1291 874 rectum
1312 851 1340 874 et
1358 846 1493 874 sincerum
1514 845 1574 873 ﬁdei
1596 852 1701 872 sermo-

910 897 971 918 nem
990 895 1083 918 tenere
1097 890 1227 925 velimus,
1243 897 1272 920 et
1287 892 1370 927 778
1387 892 1540 926 dogmatum
1558 891 1699 918 veritatem

70 919 156 954 ἐσμὲν
179 920 313 957 ἐρασταὶ,
336 923 383 950 καὶ
398 924 453 952 τῶν
472 925 558 959 ἁγίων
572 927 702 962 Πατέρων
725 928 776 955 οὐκ
793 930 861 956 ἁπο-

914 943 1051 968 amamus,
1066 940 1148 971 atque
1163 945 1177 963 a
1193 919 1437 965 sanctis-ﬁnibus
1450 945 1501 965 non
1516 936 1698 969 deflectimus,

70 966 218 1001 φερόμενοι
243 968 293 1003 τῆς
321 969 446 1002 εὐθείας,
472 971 535 998 οὕτε
563 972 617 1008 μὴν
642 973 692 1009 τὴν
717 973 861 1011 βασιλικὴν

68 1012 188 1045 ἀφέντες
211 1014 314 1049 τρίϐον,
340 1016 388 1042 καὶ
412 1018 472 1050 ταῖς
497 1026 578 1046 τινων
600 1020 802 1055 εἰκαιομυθίαις
819 1023 861 1054 εἰς

68 1057 196 1094 κίϐδηλον
212 1059 274 1086 νοῦν
289 1061 537 1098 ἀποκομιζόμενοι,
555 1065 811 1102 ἐποικοδομούμενοι
831 1067 860 1095 δὲ

68 1104 173 1138 μᾶλλον
195 1107 240 1133 ἐπ’
262 1107 337 1143 αὒτῷ
360 1109 399 1145 τῷ
420 1109 537 1146 θεμελίῳ
550 1131 558 1143 ,
587 1111 711 1138 τουτέστι
736 1112 857 1149 Χριστῷ.

68 1160 79 1176 ί
99 1151 231 1186 Θεμέλιον
244 1154 299 1190 γὰρ
311 1155 390 1182 ἄλλον
399 1155 487 1189 οὐδεὶς
499 1156 612 1184 δύναται
625 1158 711 1185 θεῖναι
725 1158 800 1195 παρὰ
811 1159 858 1187 τὸν

65 1198 204 1232 κείμενον,
223 1209 234 1226 ›
254 1200 324 1228 καθὰ
348 1201 488 1237 γέγραφεν
500 1203 608 1238 ἀληθῶς
631 1205 646 1231 ὁ
669 1204 751 1240 σοφὸς
779 1205 859 1241 ἁρχι⁴

63 1243 180 1278 τέκτων,
193 1246 308 1273 καὶτῶν
322 1247 404 1275 αὐτοῦ
424 1249 581 1284 μυπηρῖων
609 1250 761 1287 ἱερουργός.
787 1251 858 1278 Ἕνα

63 1290 212 1326 τοιγαροῦν
231 1293 277 1319 τδν
299 1293 364 1320 Υἱδν
386 1293 435 1321 τοῦ
450 1295 519 1321 Θεοῦ
541 1295 589 1322 καὶ
603 1296 711 1332 Πατρδς
725 1294 796 1324 εἶναι
815 1305 858 1325 πι-

63 1335 210 1371 στεύομεν,
224 1338 271 1365 καὶ
285 1339 315 1366 ἐν
326 1339 366 1366 ἐνὶ
379 1340 519 1377 προσώπῳ
531 1341 677 1377 νοούμενον
691 1341 738 1369 τὸν
751 1342 856 1378 Κύριον

59 1381 145 1416 ἡμῶν
163 1383 265 1418 Ἰησοῦν
282 1385 410 1421 Χριστὸν,
428 1387 594 1423 γεννηθέντα
613 1387 663 1423 μὲν
677 1389 711 1415 ὲκ
723 1387 770 1415 τοῦ
783 1388 852 1416 Θεοῦ

60 1428 113 1454 καὶ
127 1429 244 1465 Πατρὺς,
267 1430 365 1464 θεῖκῶς
377 1452 385 1464 ,
407 1432 445 1465 ὡς
456 1433 553 1468 Λόγον,
569 1433 623 1470 πρὸ
638 1435 739 1467 παντὸς
754 1434 854 1467 αἰῶνος

61 1473 113 1500 καὶ
125 1475 223 1510 χρόνου
236 1484 243 1491 ·
262 1477 291 1504 ὲν
305 1477 431 1513 ἐσχάτοις
446 1479 474 1506 δὲ
489 1478 536 1506 τοῦ
550 1479 649 1513 αἰῶνος
670 1480 788 1516 καιροῖς,
807 1480 854 1508 τὸν

60 1520 147 1547 αὑτὸν
159 1522 292 1556 γεγονότα
308 1524 379 1551 κατὰ
401 1524 492 1561 σάρκα
513 1526 546 1552 ἐκ
561 1525 692 1560 γυναικὸς
702 1545 711 1559 ,
727 1525 803 1562 αὐτῷ
821 1535 853 1554 τι

60 1566 274 1602 προσνεμοῦμεν
296 1569 332 1596 τά
351 1577 382 1596 τε
397 1569 537 1606 θεοπρεπῆ
555 1570 604 1598 καὶ
624 1571 659 1598 τὰ
679 1571 849 1608 ἀνθρώπινα,

59 1611 110 1638 καὶ
121 1612 204 1639 αὑτοῦ
219 1613 344 1648 γενέσθαι
359 1615 450 1651 φαμὲν
460 1615 510 1652 τὴν
521 1616 593 1645 κατὰ
608 1617 698 1653 σάρκα
712 1617 850 1654 γέννησιν,

58 1659 110 1684 καὶ
131 1658 162 1684 τὸ
181 1659 227 1686 ἐπὶ
247 1660 294 1687 τοῦ
316 1661 434 1697 σταυροῦ
459 1662 566 1697 πάθος,
588 1663 776 1700 οἰκειουμένου
800 1664 851 1700 μὲν

57 1703 172 1730 ἃπαντα
193 1705 227 1732 τὰ
249 1706 298 1741 τῆς
319 1707 387 1739 ιδίας
404 1708 524 1744 σαρκὸς,
544 1709 731 1745 μεμενηκότος
749 1718 781 1744 γε
797 1709 851 1746 μὴν

58 1749 187 1782 ἀπαθοῦς
205 1751 254 1787 τῆς
277 1752 404 1788 θεότητος
427 1753 517 1788 φύσει.
538 1755 668 1790 Κάμπτει
689 1755 744 1791 γὰρ
762 1754 850 1787 οὕτως

57 1795 139 1830 αὑτῷ
160 1797 214 1823 πᾶν
229 1797 310 1831 γόνυ,
335 1799 380 1826 καὶ
401 1800 476 1826 πᾶσα
498 1800 611 1834 γλῶσσα
630 1801 846 1836 ἑξομολογεϊται,

56 1842 102 1866 ὃτι
123 1842 225 1876 Κύριος
247 1843 349 1880 Ἰησοῦς
375 1846 493 1882 Χριστὸς
513 1847 553 1880 εἰς
572 1847 651 1880 δόξαν
665 1847 712 1874 τοῦ
728 1847 845 1883 Πατρός.

66 1888 164 1923 Ἀμήν.

911 987 1001 1016 neque
1016 982 1123 1010 deserta
1137 983 1179 1010 via
1195 983 1285 1019 regia,
1299 983 1414 1011 aliorum
1428 990 1498 1010 vana
1514 987 1594 1018 alque
1607 983 1697 1010 inania

910 1032 1063 1054 commenta
1078 1032 1226 1061 sectantur,
1239 1029 1266 1055 in
1280 1029 1424 1064 reprobam
1438 1033 1555 1057 mentem
1568 1028 1674 1056 abducti
1688 1036 1696 1055 :

909 1071 958 1099 sed
982 1072 1072 1106 potius
1096 1080 1179 1108 super
1213 1073 1301 1108 ipsum
1327 1072 1548 1106 fundamentum,
1582 1073 1633 1101 hoc
1656 1077 1698 1100 est

908 1115 1057 1150 Christum,
1074 1118 1252 1146 aediﬁcamus.
1272 1128 1282 1145 ι
1300 1118 1517 1146 Fundamentum
1535 1119 1606 1146 enim
1624 1118 1696 1145 aliud

907 1169 988 1190 nemo
999 1167 1088 1198 potest
1099 1171 1208 1199 ponere,
1222 1168 1320 1198 praeter
1331 1164 1357 1192 id
1368 1165 1439 1200 quod
1452 1165 1570 1199 positum
1582 1165 1667 1195 est";
1683 1173 1693 1190 ι

908 1212 938 1236 ut
950 1215 1014 1236 vere
1029 1210 1138 1245 scripsit
1151 1212 1261 1246 sapiens
1275 1210 1319 1238 ille
1331 1210 1498 1238 architectus
1506 1210 1541 1244 τι,
1555 1215 1582 1237 et
1597 1215 1695 1246 myste-

905 1254 1009 1282 riorum
1031 1255 1079 1283 Dei
1101 1256 1308 1285 administrator
1318 1257 1353 1285 ⁷⁸.
1376 1257 1464 1285 Unum
1486 1257 1577 1292 itaque
1595 1256 1694 1284 Filium

905 1299 953 1327 Dei
971 1308 1004 1328 ac
1019 1300 1109 1329 Patris
1125 1309 1185 1330 esse
1203 1302 1351 1336 credimus,
1365 1306 1392 1330 et
1406 1302 1433 1330 in
1449 1310 1503 1330 una
1519 1310 1633 1337 persona
1651 1302 1692 1329 in-

905 1345 1042 1373 tellectum
1057 1347 1200 1374 Dominum
1216 1352 1338 1375 nostrum
1352 1347 1443 1376 Jesum
1458 1348 1607 1380 Christum,
1619 1349 1694 1383 geni-

904 1395 962 1420 tult
975 1392 1084 1427 quidem
1099 1400 1132 1421 ex
1148 1393 1204 1421 Deo
1217 1398 1244 1421 et
1258 1393 1340 1422 Patre
1355 1394 1498 1427 divinitus,
1515 1399 1544 1422 ut
1555 1394 1691 1428 Verbum,

903 1443 967 1466 ante
987 1439 1078 1466 omnia
1098 1439 1194 1466 szecula
1215 1443 1243 1466 et
1265 1443 1402 1475 tempora,
1422 1440 1578 1468 novissimis
1599 1444 1690 1468 autem

901 1483 995 1511 saeculi
1014 1485 1179 1518 temporibus
1196 1484 1320 1524 eumdem
1337 1484 1437 1512 factum
1453 1492 1563 1513 carnem
1581 1492 1614 1513 ex
1633 1493 1692 1512 mu-

900 1528 979 1562 liere,
993 1529 1099 1565 ipsique
1117 1530 1261 1559 tribuimus
1271 1537 1299 1558 et
1316 1530 1421 1558 divinas
1436 1536 1464 1559 et
1481 1533 1612 1559 humanas
1630 1539 1691 1566 pro-

902 1576 1035 1610 prietates
1050 1585 1058 1604 :
1074 1581 1102 1605 et
1117 1577 1188 1605 illius
1206 1577 1305 1605 factam
1319 1584 1381 1605 esse
1394 1577 1508 1606 dicimus
1524 1578 1690 1605 nativitatem

864 1607 886 1637 θ
902 1607 1051 1649 secundum
1068 1629 1192 1655 carnem,
1211 1627 1239 1650 et
1256 1623 1410 1657 passionem
1430 1622 1458 1650 in
1477 1630 1574 1656 cruce.
1592 1623 1689 1659 quippe

903 1667 949 1702 qui
968 1667 1059 1694 omnia
1080 1666 1130 1695 sibi
1150 1667 1284 1701 adaptarit
1301 1674 1361 1702 quae
1380 1668 1455 1695 carni
1474 1675 1529 1695 sua:
1547 1672 1610 1695 sunt
1628 1675 1691 1703 pro-

903 1712 978 1747 pria;
993 1717 1119 1740 manente
1136 1713 1242 1741 interim
1261 1717 1357 1740 natura
1381 1713 1489 1742 deitatis
1504 1718 1613 1749 experte
1629 1722 1689 1748 pas-

903 1757 999 1786 sionis.
1015 1757 1071 1786 Hac
1085 1758 1157 1785 enim
1173 1758 1279 1785 ratione
1294 1757 1330 1785 illi
1346 1757 1462 1786 ﬂectitur
1475 1766 1554 1786 omne
1567 1766 1647 1794 genu,
1663 1764 1690 1786 et

901 1803 990 1833 omnis
1002 1804 1093 1839 lingua
1105 1805 1249 1832 conﬁtetur
1260 1804 1321 1840 quia
1334 1804 1463 1834 Dominus
1473 1804 1552 1834 Jesus
1564 1806 1688 1834 Christus

901 1849 928 1878 in
942 1850 1025 1887 gloria
1040 1850 1129 1878 Patris
1139 1851 1172 1878 ".
1187 1852 1284 1879 Amen.

95 1978 120 1994 "
138 1977 147 2004 Ι
166 1976 230 2006 Cor.
243 1985 286 2012 Itt,
303 1978 347 2008 ll.
384 1979 408 1996 "
427 1980 495 2009 Ibid.
514 1980 556 2009 l0.
597 1982 620 1999 ⁷⁵
639 1980 649 2009 l
667 1981 732 2010 Cor.
755 1990 793 2017 tv,
809 1983 835 2011 l.
874 1983 897 2000 "‘
918 1983 1035 2019 Philipp.
1054 1991 1084 2018 tt,
1103 1983 1146 2018 10,
1165 1985 1210 2012 Η.
