1907 3038
233 181 302 210 1563
362 218 367 224 Ι
746 188 774 214 S.
795 188 932 216 CYRILLI
953 190 1186 220 ALEXANDRINI
1206 193 1365 222 ARCHIEP.
1804 196 1864 226 1368

234 257 1860 289 κτα-..πεξξξξεὲξ

717 365 1002 432 SANCTI
1050 371 1376 435 CYRILLI

834 493 1071 524 ALEXANDRINI
1090 496 1251 528 ARCHIEP.

412 591 669 639 SCHOLIA
714 595 788 640 DE
829 596 1284 644 [NCARNATIONE
1324 601 1676 646 UNIGENITI.

255 699 302 730 (Ex
321 700 381 725 edit.
397 701 424 726 Ρ.
439 702 564 733 Garuerii,
577 703 641 736 Opp
656 704 726 731 Harii
737 705 890 736 Mercator“,
907 706 1155 768 Mditmgagleptis
1168 707 1261 734 Grecis
1273 715 1329 741 quae
1342 709 1450 735 Joannes
1459 708 1600 735 Ambenus
1615 714 1648 734 ex
1661 706 1752 732 codice
1766 706 1844 738 Regio

852 895 1233 950 ADMONITIO.

266 1082 410 1112 Tractatos
426 1085 488 1117 iste,
506 1089 558 1113 non
574 1087 747 1121 pratstanllor
761 1093 842 1122 quam
857 1086 962 1119 utilior.
976 1087 1134 1116 inscribitur
1158 1088 1268 1118 Scholia
1283 1089 1315 1116 de
1329 1089 1514 1116 incarnatione
1531 1089 1669 1125 Unigem’ti
1684 1098 1694 1117 .-
1721 1096 1863 1126 propterea

227 1130 297 1163 quod
312 1131 433 1158 continet
447 1138 499 1158 non
519 1134 623 1158 tantum
637 1132 846 1168 explicatiouem
869 1133 950 1160 trium
974 1138 1071 1161 vocum
1089 1133 1238 1162 dimcilium
1261 1134 1412 1168 intellectu,
1430 1134 1566 1169 Christus,
1589 1133 1764 1169 Emmanuel,
1779 1136 1862 1167 Jun.

226 1183 341 1209 quarum
359 1177 526 1210 prmnotione
543 1185 611 1214 opus
628 1182 670 1206 est
686 1179 719 1206 ad
735 1178 894 1214 mysterium
916 1179 1113 1208 incarnationis
1138 1180 1286 1210 Dominicae
1312 1181 1499 1215 tractandum;
1526 1182 1573 1210 sed
1591 1183 1676 1210 etiam
1703 1183 1862 1211 solutionem

227 1223 371 1257 implicata:
388 1226 556 1259 quaestionis,
579 1228 716 1261 quomodo
738 1227 799 1255 dua:
823 1233 942 1261 naturae,
961 1228 1021 1255 sine
1041 1221 1200 1258 confusione
1222 1235 1252 1257 et
1268 1230 1458 1263 conversione,
1479 1232 1656 1259 convenerint
1680 1231 1708 1259 in
1734 1233 1863 1260 unitatem

226 1279 349 1304 personae
370 1270 478 1308 divinae,
496 1281 610 1310 eamque
632 1284 686 1304 non
714 1277 843 1312 σχετικὴν
872 1280 900 1303 et
924 1273 1069 1314 moralem,
1093 1277 1141 1306 sed
1165 1276 1285 1314 φυσικὴν
1309 1282 1337 1306 et
1358 1277 1553 1306 substantivam
1578 1288 1584 1305 :
1606 1279 1652 1314 qui
1673 1279 1763 1307 cardo
1787 1279 1864 1307 totius

224 1319 384 1353 quaestionis
402 1325 476 1349 tanta
493 1323 676 1350 commotione
691 1323 774 1351 totius
787 1323 861 1351 orbis
876 1324 995 1360 agitatae.

261 1366 319 1400 Quo
332 1373 444 1396 auctore
455 1367 573 1404 scriptus
589 1369 637 1403 sit,
646 1369 771 1397 dubitare
789 1378 843 1397 non
858 1370 932 1404 licet,
945 1379 1007 1401 cum
1022 1368 1212 1406 Theodoretus
1225 1370 1251 1398 in
1263 1371 1384 1400 secundo
1396 1370 1505 1407 dialogo
1516 1371 1562 1406 qui
1577 1372 1679 1400 dicitur
1693 1371 1864 1407 lnconfutu,

225 1413 281 1441 Leo
293 1413 405 1450 Magnus
418 1415 531 1450 epistola
546 1413 593 1449 97,
604 1414 750 1444 concilium
763 1415 986 1445 Chalcedonense
1000 1417 1108 1445 actione
1120 1416 1138 1444 Ξ
1151 1416 1177 1444 in
1193 1416 1258 1449 line.
1273 1415 1418 1445 Facundos
1432 1417 1636 1446 llermianeusis
1647 1419 1727 1446 libris
1736 1426 1772 1446 vn
1788 1423 1816 1446 et
1828 1427 1864 1451 xt.

226 1460 359 1491 Leontius
376 1459 556 1490 scholasticus
567 1462 653 1491 librat
667 1468 761 1490 contra
773 1463 951 1492 Nestorianos
961 1468 988 1492 ct
1001 1463 1195 1499 Eotycbianos,
1208 1463 1317 1498 aliique,
1335 1472 1388 1492 non
1401 1468 1506 1493 tantum
1522 1464 1604 1499 hujus
1619 1465 1722 1500 operis,
1737 1470 1864 1500 tanquam

226 1516 241 1535 a
260 1508 361 1543 Cyrillo
376 1510 453 1550 editi,
470 1511 660 1545 meminerint,
679 1512 728 1540 sed
746 1519 779 1540 ex
797 1519 830 1539 eo
845 1518 954 1547 quoque
972 1511 1006 1539 ad
1024 1504 1240 1539 conﬁrmandam
1260 1508 1339 1539 ﬁdem
1360 1511 1517 1540 testimonia
1537 1512 1769 1548 deprompserint.
1790 1511 1863 1539 Adde

226 1555 298 1588 quod
320 1556 346 1583 in
367 1555 529 1584 bibliotheca
556 1557 639 1593 Regia
666 1558 778 1585 Parisiis
798 1565 852 1585 non
876 1556 983 1586 modica
1002 1564 1067 1592 pars
1090 1556 1186 1585 Graece
1211 1557 1336 1591 habetur,
1359 1557 1456 1594 Cyrilli
1476 1558 1588 1586 nomine
1614 1557 1759 1594 inscripta,
1785 1566 1863 1594 quant

226 1601 346 1630 Joannes
359 1603 506 1630 Autbertos
521 1604 658 1631 transtulit
672 1604 697 1631 in
715 1611 790 1632 suam
805 1603 923 1638 Operum
934 1602 1028 1639 Cyrilli
1041 1602 1280 1632 Graeco-Latinam
1293 1604 1452 1637 editionem,
1465 1608 1539 1632 totno
1554 1603 1588 1637 V,
1607 1609 1688 1639 parte
1703 1612 1722 1632 t.

262 1650 321 1684 Quo
350 1655 472 1686 tempore
499 1652 665 1687 compositus
694 1651 786 1686 fuerit,
809 1651 945 1688 conjicere
966 1658 1002 1680 ex
1020 1657 1053 1679 eo
1077 1651 1152 1686 licet,
1178 1651 1251 1688 quod
1279 1651 1332 1680 etsi
1356 1656 1452 1679 contra
1482 1651 1641 1680 Nestorium
1665 1656 1781 1680 sanctus
1803 1651 1863 1679 ﬁdei

227 1697 354 1726 defensor
377 1699 509 1733 disputet,
527 1707 588 1728 eum
605 1703 697 1727 tamen
718 1699 828 1727 nomine
842 1707 896 1727 non
919 1697 1050 1734 appellet;
1071 1696 1169 1727 solitus
1187 1696 1291 1735 alioqui
1311 1706 1365 1727 non
1385 1703 1497 1734 tacere,
1513 1704 1576 1735 post
1591 1699 1863 1733 condemnationem,

228 1744 283 1772 imo
298 1750 324 1772 et
340 1752 404 1773 ante
420 1745 684 1779 condemnationem,
707 1746 800 1774 statim
820 1751 902 1781 atque
925 1746 960 1773 lis
983 1746 1062 1782 quasi
1083 1746 1218 1775 intentata
1235 1751 1297 1780 est,
1317 1750 1492 1782 coeptumque
1512 1746 1555 1781 agi
1577 1745 1655 1779 jure,
1679 1745 1706 1773 id
1724 1750 1786 1779 est,
1805 1753 1864 1781 post

229 1793 340 1820 missam
362 1800 424 1820 cum
450 1793 548 1820 summi
569 1793 707 1827 pontiﬁcis
743 1793 840 1821 litteris
862 1794 1040 1828 depositionis
1061 1794 1224 1822 sententiain
1243 1793 1449 1822 continentibus
1471 1793 1630 1829 aynodicam
1649 1800 1684 1821 ex
1700 1793 1863 1828 Egyptiaea

227 1841 331 1875 synodo
346 1840 501 1874 epistolam,
517 1841 661 1876 capitaque
681 1840 836 1873 duodecim,
851 1841 897 1876 qui
923 1841 1146 1873 anathematismi
1162 1841 1304 1873 dicuntur.
1325 1841 1499 1876 Compositus
1521 1841 1604 1877 igitur
1625 1841 1679 1869 dici
1702 1841 1786 1869 debet
1803 1845 1864 1869 ante

228 1886 374 1913 concilium
388 1886 563 1921 Ephesiuum.

264 1934 318 1963 Sed
335 1943 388 1970 quo
407 1936 433 1963 in
456 1935 527 1970 loco,
543 1943 630 1970 quove
650 1931 804 1964 distinctius
823 1936 965 1971 tempore?
984 1935 1094 1971 Ephesi,
1119 1935 1275 1971 opinabitur
1295 1936 1366 1964 l'orte
1384 1935 1536 1971 quispiam,
1557 1940 1622 1963 tunc
1644 1927 1860 1971 cum-Cyrillos,

227 1984 294 2019 ipsis
311 1984 482 2019 exigentibus
507 1985 668 2017 catholicis,
691 1992 828 2020 exponere
853 1989 966 2012 coactus
991 1987 1033 2012 est
1055 1985 1197 2018 nonnulla,
1221 1992 1283 2020 que
1305 1985 1388 2021 paulo
1414 1984 1457 2012 vel
1485 1984 1615 2017 duriora,
1639 1984 1684 2011 vel
1705 1984 1861 2013 obscuriora

227 2032 389 2059 videbantur
413 2032 439 2058 in
462 2032 713 2066 anathematismis,
733 2032 882 2067 pmsertim
902 2037 932 2059 ut
949 2031 1120 2067 propulsaret
1141 2032 1270 2060 invidiam
1287 2032 1339 2059 sibi
1360 2032 1394 2059 ab
1418 2031 1584 2058 tlversariis
1602 2030 1767 2063 conﬂatam,
1788 2031 1861 2065 quasi

228 2085 290 2105 cum
304 2078 505 2113 Apollinaristis
519 2079 644 2113 sentiret,
660 2079 766 2106 unicam
781 2086 842 2106 esse
860 2078 887 2105 in
903 2078 1014 2106 Christo
1031 2083 1168 2111 naturam,
1186 2086 1349 2113 versumque
1362 2078 1387 2105 in
1401 2085 1510 2105 carnem
1528 2077 1645 2105 Verbum
1658 2077 1792 2105 divinum.

261 2124 317 2160 Ego
333 2132 398 2152 vero
414 2125 586 2152 Alexandriae
600 2125 731 2160 scriptum
745 2129 821 2159 puto.
835 2124 912 2160 longe
925 2129 1004 2152 antea
1018 2133 1025 2150 :
1043 2125 1160 2160 Cyrillus
1185 2131 1302 2160 namque
1319 2130 1464 2159 antequam
1484 2125 1670 2158 responderet.
1689 2124 1733 2152 vel
1750 2124 1862 2151 Andreae

228 2174 425 2206 Samosateno,
453 2173 495 2201 vel
516 2172 702 2206 Theodoreto,
727 2173 973 2201 anathematismos
995 2173 1278 2208 reprehendentibus,
1306 2173 1332 2200 id
1358 2172 1450 2207 operis
1473 2172 1606 2206 suscepit,
1635 2180 1691 2207 qtto
1718 2173 1861 2200 instrueret

229 2220 416 2254 disputaturos
431 2227 480 2254 pro
495 2219 559 2251 ﬁde,
573 2218 607 2246 de
620 2218 716 2253 primis
730 2218 807 2253 quasi
822 2218 981 2246 notionibus
995 2225 1090 2246 vocum
1100 2238 1108 2252 ,
1125 2222 1207 2252 atque
1224 2218 1284 2245 aliis
1298 2217 1445 2250 nonnullis,
1461 2218 1560 2252 quibus
1577 2217 1648 2244 inter
1669 2217 1860 2252 disputandum

227 2274 293 2294 usus
308 2266 387 2293 foret.
403 2265 535 2293 Instruxit
550 2271 625 2296 vero,
644 2263 696 2291 nisi
718 2271 760 2291 me
781 2264 850 2291 fallit
866 2264 974 2299 opinio,
992 2271 1053 2292 cum
1072 2264 1189 2299 primum
1210 2263 1330 2291 ferveret
1351 2263 1465 2298 qumstio
1483 2262 1551 2297 apud
1575 2263 1778 2291 Alexandrinos
1790 2284 1797 2294 .
1815 2272 1861 2292 ncc

228 2315 296 2343 satis
307 2313 394 2340 adhuc
411 2313 492 2340 animi
512 2311 706 2339 exercitatione
722 2312 820 2340 eruditi
835 2316 941 2345 essent;
957 2319 1076 2347 cumque
1098 2312 1155 2346 ipse
1174 2311 1257 2339 etiam
1276 2311 1393 2345 primum
1411 2310 1528 2346 Cyrillus
1550 2318 1600 2345 pro
1619 2311 1733 2338 Christo
1748 2319 1860 2346 pugnant

228 2369 289 2388 cum
304 2359 430 2387 Nestorio
449 2359 540 2390 iniret,
559 2358 630 2386 datis
647 2359 786 2393 pri0ribus
804 2358 902 2386 litteris
917 2357 996 2385 ollicii
1015 2357 1213 2385 monitricibns.
1236 2357 1360 2391 Scriptus
1375 2361 1417 2384 est
1436 2356 1519 2391 igitur
1539 2360 1674 2384 tractatus
1694 2356 1748 2384 iste
1770 2357 1859 2384 eodem

229 2408 287 2435 fere
303 2413 424 2442 tempore
439 2412 493 2440 quo
503 2404 618 2440 epistola
642 2405 675 2433 ad
695 2398 845 2433 monachos
868 2403 989 2440 Egypti,
1020 2404 1047 2432 id
1067 2409 1120 2437 est,
1142 2405 1191 2432 sub
1214 2404 1332 2431 medium
1353 2407 1399 2430 aut
1420 2403 1516 2430 saltem
1537 2402 1588 2430 sub
1612 2403 1694 2430 ﬁnem
1713 2411 1781 2431 ann.
1802 2403 1860 2431 429.

228 2455 302 2483 Idem
316 2455 388 2483 enim
399 2460 440 2482 est
453 2455 594 2490 utriusque
607 2459 808 2490 argumentum,
821 2462 871 2482 nec
884 2455 956 2483 aliud
969 2455 1075 2482 videtur
1089 2456 1237 2483 discrimen
1252 2461 1334 2489 quam
1348 2454 1480 2486 metltodi,
1495 2461 1555 2489 qua:
1569 2453 1595 2480 in
1609 2452 1725 2488 epistola
1743 2452 1861 2481 oratoria

229 2502 315 2538 magis
330 2507 381 2535 est,
400 2502 426 2529 in
443 2501 561 2529 Scholiis
578 2501 636 2529 l‘ere
653 2502 824 2530 scholastica.

264 2550 292 2577 ln
305 2557 364 2577 eam
380 2557 422 2577 me
437 2549 600 2578 sententiam
615 2549 755 2584 impellunt
772 2549 833 2576 tria.
850 2549 982 2583 Primum,
995 2550 1066 2585 quod
1079 2549 1189 2578 Scholia
1208 2554 1272 2578 ante
1289 2549 1434 2577 concilium
1452 2549 1619 2584 Ephesinum
1634 2548 1738 2582 scripta
1754 2548 1822 2580 sint,
1836 2551 1861 2574 ut

226 2603 305 2625 antea
322 2596 474 2624 conlectum
486 2601 548 2624 est:
569 2603 618 2623 nec
634 2603 716 2629 parvo
736 2601 824 2623 tamen
842 2601 972 2630 tempore,
991 2605 1052 2624 cum
1073 2597 1196 2624 Andreas
1218 2596 1415 2624 Samosateuus
1438 2597 1508 2631 apud
1529 2595 1706 2624 Anastasium
1729 2594 1859 2621 Sinaitam

228 2644 341 2676 hujusce
361 2643 450 2677 operis
473 2648 600 2677 tanquam
622 2642 770 2677 pervulgati
796 2642 959 2670 meminerit.
988 2642 1119 2677 Alterum,
1140 2643 1212 2678 qttod
1237 2644 1360 2671 videatur
1376 2643 1552 2671 elementaria
1572 2641 1696 2674 quaedam
1720 2640 1859 2670 doctrina.

228 2690 339 2718 rudibus
369 2690 563 2719 controversia:
594 2689 709 2724 ingeniis
735 2691 859 2717 tradita:
887 2691 1040 2718 continetur
1067 2691 1140 2719 enim
1171 2692 1342 2727 expositione
1381 2699 1496 2724 vocum,
1522 2689 1802 2724 distinctionibusque
1831 2689 1860 2715 ad

228 2738 391 2769 rltjectiones
408 2737 550 2764 solvendas
568 2737 742 2768 necessariis,
755 2741 781 2764 et
802 2738 933 2772 exemplis
950 2738 982 2764 ad
1006 2745 1062 2765 rem
1079 2739 1266 2773 explicandam
1290 2738 1378 2766 factis.
1406 2738 1538 2768 Tertium,
1555 2736 1626 2771 quod
1648 2736 1675 2763 in
1697 2742 1783 2770 opere
1807 2739 1859 2762 toto

226 2784 296 2812 nulla
311 2791 358 2818 per
373 2791 401 2810 se
415 2784 461 2809 ﬁat
475 2783 577 2810 mentio
593 2782 637 2809 Dei
652 2782 805 2816 pontiﬁcis;
828 2784 874 2810 sed
896 2791 989 2810 eorum
1015 2788 1120 2811 tantum
1139 2792 1199 2818 quae
1217 2785 1242 2810 in
1257 2785 1345 2818 primo
1362 2783 1476 2811 Ncstorii
1497 2789 1622 2810 sermone
1639 2781 1820 2816 secundoque
1837 2785 1859 2807 et

226 2831 306 2857 tertio
323 2834 416 2855 contra
437 2829 498 2855 ﬁdei
519 2828 638 2863 regulam
655 2827 790 2862 leguntur.
807 2837 867 2855 cum
883 2834 971 2857 tamen
991 2830 1072 2864 digna
1093 2830 1162 2857 foret
1183 2831 1232 2857 ista
1248 2831 1375 2864 quaestio,
1393 2838 1453 2864 qnze
1471 2832 1635 2856 tractaretur
1654 2831 1769 2862 propter
1786 2834 1857 2854 suam

227 2878 283 2904 sim
299 2874 486 2904 subtilitatem,
503 2874 559 2900 sive
574 2873 772 2900 ttt'ccssit:tlettt.
791 2873 854 2900 Orta
877 2883 940 2902 vero
953 2882 994 2904 cst
1013 2884 1044 2902 ex
1064 2875 1173 2902 humilia
1195 2875 1282 2902 Procli
1303 2883 1317 2902 a
1337 2875 1459 2904 Ncstorio
1481 2873 1606 2903 acerbius
1631 2873 1814 2909 reprehensa,
1832 2873 1858 2899 de

227 2931 279 2959 qua
295 2921 361 2949 nihil
379 2921 466 2948 afferri
486 2920 570 2954 potuit
584 2920 667 2947 nuntii
685 2919 875 2948 Alexandriam
895 2929 956 2949 ante
970 2923 1112 2950 deﬁnitum
1129 2923 1260 2950 hactenus
1275 2928 1389 2957 tempus.
