1907 3038
84 161 154 190 1365
548 163 694 192 SCHOLIA
712 165 756 192 DE
778 164 837 193 INC.

966 166 1035 194 ONE
1055 164 1241 196 UNlCENlTI.
1653 170 1719 198 1366

116 219 156 247 De
171 220 318 256 interprete
332 222 412 256 paulo
425 220 560 250 difﬁcilior
574 228 616 251 est
628 224 753 258 quazstiu.
773 224 902 260 Quisquis
922 225 968 253 ille
987 226 1080 259 fuerit,
1094 227 1182 262 ipsum
1201 230 1309 262 oportet
1326 226 1422 261 quinto
1445 226 1547 254 saeculo
1564 226 1718 261 scripsisse,

83 266 139 294 imo
156 269 319 303 temporibus
335 270 427 305 Cyrilii
445 279 451 297 :
475 271 607 305 siquidem
625 279 657 298 ex
677 272 727 300 hac
743 273 800 306 ipsa
821 274 956 306 versione,
977 282 1037 309 qua:
1061 283 1132 302 nunc
1153 275 1279 306 habetur,
1296 279 1324 302 et
1339 274 1393 301 Leo
1410 273 1521 309 Magnus
1538 273 1630 300 statim
1658 279 1719 307 post

81 312 186 340 obitum
200 314 291 350 Cyrilii
307 320 434 350 tanquam
450 324 483 344 ev
499 317 618 352 vulgata,
632 322 658 345 et
672 319 815 346 concilium
832 318 1064 353 Chalcedonense,
1087 325 1114 348 et
1136 320 1277 348 Facundus
1293 319 1495 347 Hermianensis
1525 319 1735 354 decerpserint.1

81 366 145 392 quae
158 359 224 387 locis
237 366 316 389 antea
328 362 419 389 citatis
428 363 559 391 referunt.
569 364 721 392 Crediderit
733 373 784 392 non
798 365 934 393 immerito
945 367 1091 401 quispiam,
1099 366 1272 394 tribuendum
1283 366 1335 394 hoc
1345 373 1412 401 opus
1422 365 1468 392 uni
1479 371 1511 392 ex
1527 348 1731 401 Alexandrinis!

82 402 141 450 illis
154 413 269 439 quorum
286 406 459 436 Latinitatem
473 409 542 444 apud
556 414 680 437 sanctum
695 410 873 438 leestinum
885 396 1175 446 Cyrinus-excusabat,
1189 419 1251 438 cum
1265 396 1375 438 chartas
1387 410 1509 436 mitteret
1520 408 1553 436 ab
1564 409 1598 436 iis
1611 396 1729 450 versas!

82 447 186 478 Verum
202 453 366 486 opinabilius
383 455 500 488 videtur,
520 456 694 491 interpretem
716 457 808 485 dicere
831 457 947 484 Marium
968 458 1168 491 Mercatorem,
1188 458 1277 485 virum
1298 456 1402 491 alioqui
1426 455 1546 482 mclioris
1564 455 1721 482 Latinitatis

80 495 215 524 scientem
230 507 236 525 :
253 505 314 525 nam
333 504 360 526 et
374 499 444 526 inter
454 499 513 534 ejus
526 508 607 535 opera
622 502 757 536 reperitur
778 502 804 529 in
821 506 937 537 utroque
953 502 1137 536 manuscripto
1156 502 1260 534 codice,
1278 509 1334 536 quo
1355 501 1396 528 usi
1416 507 1529 531 sumus;
1546 503 1573 526 et
1591 507 1621 526 ea
1641 506 1721 527 aetate

81 542 162 575 vixit,
176 550 227 578 qua
244 545 425 579 scribebatur,
437 551 464 574 et
481 547 578 575 ardore
593 548 653 575 lidei
669 547 793 576 incensus
806 547 901 575 Latina
922 548 986 575 fecit
1017 555 1077 584 quae
1098 547 1186 576 (ἶνεεεί
1202 549 1360 575 defensores
1376 546 1438 573 lidei
1461 545 1630 577 scriberent;
1651 549 1678 572 et
1693 545 1720 572 in

80 588 243 621 prafatione
265 590 299 618 ad
326 599 464 621 sermones
487 593 606 621 Nestorii
625 598 792 622 contestatus
816 600 872 628 est,
900 602 930 623 se
956 595 1109 623 Latinitatis
1135 595 1207 630 leges
1233 593 1370 629 sprevisse
1391 593 1417 619 in
1443 591 1573 626 operibus
1601 589 1719 618 Nestorii

79 634 231 670 Cyrillique
243 638 389 666 vertendis.
406 638 439 666 In
457 639 561 674 quibus,
579 640 677 675 inquit,
698 641 803 668 verbum
830 641 862 668 de
882 641 968 675 verbo,
986 642 1012 668 in
1033 646 1161 676 quantum
1175 641 1234 675 fieri
1255 640 1341 674 potuit
1361 641 1474 665 conatui
1495 645 1553 664 sum
1575 635 1721 663 translator

79 681 237 716 exprimere,
254 691 285 710 ne
299 684 374 718 prius
386 684 514 719 [aleariae
531 687 615 722 magis
637 695 717 722 quam
734 696 808 715 verus
824 693 916 723 postea
935 688 1063 722 probarer
1083 689 1225 722 interpres.
1245 687 1285 714 Da
1308 686 1393 721 igitur
1408 685 1526 716 uetiiam,
1541 684 1582 719 pie
1595 684 1685 714 lector,
1697 683 1720 710 si

79 734 129 755 aut
145 730 232 756 minus
247 731 332 758 oratio
359 731 503 765 luculenta,
523 738 570 761 aut
587 736 723 762 verborum
743 736 891 771 ubicunque
907 741 1128 771 prwaumptorum
1151 736 1251 763 novitas
1273 742 1364 762 aurem
1383 734 1452 768 forte
1474 731 1624 767 perculerit.
1644 731 1720 764 Elegi

79 774 289 803 obtrectatorum
319 777 417 813 linguis
442 781 527 815 magis
545 781 653 815 exponi,
676 789 755 817 quant
782 791 799 809 α
825 784 933 810 veritate
955 791 1078 811 sensuum
1095 782 1279 817 exprimenda,
1310 781 1353 808 ubi
1382 788 1457 807 omne
1480 783 1518 806 est
1544 779 1576 805 de
1605 776 1720 810 falsitate

79 821 239 856 periculum,
252 823 355 858 longius
370 825 504 855 aberrare.

120 867 179 895 Non
199 869 266 897 levis
283 878 366 906 opera
382 873 505 907 ponenda
527 875 604 902 nobis
619 874 669 903 fuit
689 875 715 902 in
731 876 899 903 emendanda
911 876 1038 902 versione
1058 878 1112 901 tam
1128 873 1251 908 antiqua,
1264 873 1378 908 ideoque
1391 872 1424 900 ab
1439 870 1720 902 exscriiientibus,.ut

81 913 124 946 lit,
139 921 266 951 corrupta
280 926 287 945 :
302 917 431 952 juverunt
448 921 557 956 quidem
571 922 747 957 manuscripti
763 923 870 954 codices
882 926 910 950 et
926 921 987 949 libri
1001 921 1071 957 typis
1083 920 1187 949 excusi.
1204 921 1239 948 At
1255 927 1317 947 cum
1338 926 1390 946 una
1414 918 1450 946 sit
1470 917 1591 945 omnium
1615 915 1718 946 versio,

79 968 168 997 eaque
191 973 242 992 non
267 967 356 995 minus
372 976 387 995 a
409 970 523 997 notariis
539 970 694 1005 depravata,
710 979 790 1007 quam
818 971 852 998 ab
879 971 1028 1005 interprete
1053 970 1184 1005 neglecta,
1207 969 1315 1004 quoties
1335 976 1388 995 non
1414 965 1720 1002 praeluxeruntGrtera,

79 1011 266 1044 praeluxerant
282 1022 345 1042 vero
362 1023 414 1043 non
437 1024 518 1051 saepe,
539 1018 713 1045 divinandum
736 1019 797 1051 fuit,
818 1024 847 1047 ut
867 1027 935 1054 quas
960 1019 1130 1046 adhibuisset
1150 1025 1230 1045 voces
1253 1017 1405 1050 interpres,
1435 1014 1644 1042 restitueremus
1670 1020 1718 1047 pro

79 1058 173 1085 virili:
193 1059 313 1095 religioni
325 1061 396 1088 enim
411 1062 461 1089 fuit
478 1063 547 1091 ullas
563 1069 680 1097 mutare,
698 1073 748 1093 nec
765 1065 788 1093 si
803 1065 913 1093 aliunde
928 1065 1062 1097 licuisset.
1076 1064 1260 1099 potuissemus
1279 1067 1379 1094 tamen,
1394 1068 1455 1088 cum
1479 1059 1588 1087 deﬁciat
1607 1059 1719 1086 Graccus

81 1111 172 1134 textus
201 1107 227 1134 in
255 1108 392 1143 pluribus;
415 1117 496 1145 quem
519 1111 591 1138 enim
619 1113 768 1148 habemus,
790 1114 832 1141 vel
856 1121 889 1142 ex
916 1114 1098 1146 Theodoreto,
1114 1112 1157 1140 vel
1180 1120 1212 1140 ex
1228 1108 1442 1139 Chalcedonensi
1472 1108 1588 1143 synodo,
1617 1107 1658 1135 vel
1685 1115 1718 1134 ex

78 1149 244 1178 bibliotheca
259 1151 341 1187 Regia
359 1159 486 1188 acceptus
501 1159 552 1182 est.

116 1197 209 1225 Prodit
223 1206 288 1227 vero
303 1201 431 1229 eximium
447 1209 526 1236 opus,
542 1206 569 1230 et
589 1209 605 1229 a
625 1201 727 1230 sanctis
743 1201 869 1229 Patribus
887 1201 1001 1229 summis
1022 1201 1145 1229 laudibus
1167 1205 1309 1234 ornatum,
1325 1209 1378 1228 non
1400 1204 1503 1228 tantum
1531 1199 1719 1231 emendatius,

76 1244 151 1277 quod
165 1247 237 1271 certe
250 1244 309 1272 leve
326 1254 378 1273 non
393 1252 434 1274 est
446 1255 454 1280 ;
467 1247 513 1275 sed
525 1252 622 1283 quarta
636 1247 692 1275 fere
711 1252 787 1282 parte
806 1247 921 1280 auctius,
937 1254 1019 1282 quam
1040 1247 1154 1282 legatur,
1174 1247 1215 1274 vel
1238 1247 1308 1282 apud
1331 1247 1425 1282 Cyrilli
1448 1253 1561 1281 operum
1577 1245 1697 1273 editores
1709 1265 1726 1277 ,.

79 1289 122 1316 vel
139 1291 209 1324 apud
222 1292 399 1320 conciliorum
412 1294 584 1323 eollectores.
601 1294 671 1328 Quid
687 1299 775 1322 autem
788 1294 858 1322 desit
871 1294 898 1322 in
915 1294 1030 1329 vulgatis
1044 1294 1121 1321 libris
1138 1294 1330 1327 indicabimus,
1347 1293 1391 1321 ubi
1405 1293 1458 1320 erit
1471 1299 1552 1327 opus.

120 1336 227 1373 Vulgati
245 1340 352 1368 codices
372 1342 455 1369 totius
470 1342 561 1376 operis
580 1342 681 1370 habent
692 1342 780 1376 capita
802 1342 896 1377 viginti
915 1347 943 1369 et
962 1347 1041 1375 octo;
1060 1343 1260 1376 manuscriptus
1279 1341 1417 1368 Marianus
1440 1339 1550 1375 triginta
1575 1339 1716 1374 quinque;

79 1383 194 1412 Photius
213 1393 265 1413 non
278 1386 354 1421 plura
371 1388 555 1415 novemdecim
573 1393 708 1421 numerat,
721 1389 838 1416 redactis
857 1388 961 1416 scilicet
974 1389 1006 1415 ad
1030 1389 1101 1416 hunc
1118 1395 1260 1415 numerum
1281 1386 1470 1422 cunctis,qu
1487 1386 1557 1420 apud
1579 1385 1646 1412 alios
1665 1392 1718 1412 non

79 1432 182 1465 optima
196 1439 261 1460 sane
274 1433 308 1461 de
327 1442 407 1462 causa
423 1440 594 1470 separantur.
610 1436 705 1471 Opera!
719 1438 836 1472 pretium
852 1442 895 1465 est
915 1436 1003 1464 Photii
1016 1437 1097 1464 verba
1115 1436 1292 1464 exscribere:
1309 1434 1404 1462 Lectus
1427 1439 1466 1462 eu
1481 1435 1543 1462 item
1562 1434 1631 1460 alter
1653 1433 1720 1460 liber

78 1478 119 1505 sic
143 1478 308 1513 inscriptus.-
329 1479 463 1509 Scuouou
487 1489 520 1509 De
548 1482 690 1510 Umoemrt
710 1490 920 1510 ISCARNATIONE.
944 1482 1002 1515 Quo
1020 1482 1076 1509 hate
1095 1481 1150 1516 fere
1167 1486 1345 1516 exponuntur,
1368 1479 1433 1515 quid
1453 1483 1491 1506 ut
1514 1478 1651 1509 Christus;
1667 1485 1720 1512 qua

79 1524 183 1552 ratione
197 1526 381 1562 intelligendus
400 1527 575 1561 Emmanuel;
593 1529 657 1564 quid
671 1533 707 1556 est
723 1529 803 1556 Jecur
821 1529 958 1562 Christus;
973 1529 1054 1564 juxta
1072 1529 1136 1564 quid
1155 1528 1203 1556 Dei
1226 1527 1340 1555 Verbum
1360 1527 1459 1554 dictum
1478 1530 1516 1554 est
1536 1525 1719 1559 homo;jurta

79 1571 145 1606 quid
169 1577 322 1599 evacuatur»
343 1581 397 1600 eue
419 1573 469 1601 Dei
497 1573 611 1601 Verbum
631 1575 750 1608 dicitur;
778 1575 909 1610 quomodo
927 1575 990 1602 item
1012 1575 1132 1602 Christus
1156 1582 1225 1601 unus
1245 1578 1298 1606 est;
1324 1572 1455 1608 quomodo
1482 1571 1563 1599 etiam
1591 1579 1657 1598 unus
1681 1575 1719 1597 est

81 1618 410 1655 Emmanuel;quamnam
424 1623 537 1650 dicimur
549 1631 604 1650 esse
617 1624 841 1651 exinanitionem?
855 1623 924 1651 Item
942 1625 974 1652 de
992 1625 1077 1660 ignita
1094 1625 1208 1650 carbone
1227 1623 1282 1650 viro
1306 1623 1338 1649 ab
1355 1621 1441 1654 Isaia,
1461 1620 1569 1656 aliaque
1579 1624 1721 1654 praterea,

81 1665 123 1692 his
140 1669 226 1693 tamen
238 1667 338 1701 omnia,
353 1668 439 1701 capita
453 1669 551 1695 dei-em.
567 1668 744 1709 Ifermagnam
757 1678 816 1697 vero
829 1669 973 1705 legentibus
987 1671 1131 1698 utilitatem
1145 1670 1211 1698 liber
1224 1670 1267 1696 hic
1280 1669 1377 1704 aﬂerre
1387 1673 1481 1702 potest.

119 1711 207 1739 Aliam
225 1712 310 1740 videri
327 1718 415 1747 potest
435 1713 577 1741 Facundns
596 1714 800 1743 liermianensis
815 1715 842 1743 in
855 1717 948 1744 codice
967 1723 1021 1752 quo
1034 1723 1100 1744 usus
1119 1719 1162 1743 est
1181 1715 1354 1750 partitionem
1382 1714 1518 1741 invenisse
1533 1722 1540 1740 :
1567 1721 1628 1740 nam
1646 1713 1718 1748 quod

82 1759 198 1787 Photius
215 1765 340 1788 octavum
356 1767 437 1796 caput
449 1769 510 1790 esse
523 1762 637 1796 indicat,
649 1763 793 1798 septimum
811 1764 868 1798 ipse
884 1769 979 1797 vocat;
997 1764 1131 1792 decimum
1146 1770 1220 1793 vero.
1234 1761 1306 1798 quod
1321 1761 1390 1796 apud
1406 1760 1533 1788 Photium
1545 1760 1717 1787 undecimum

81 1805 204 1840 ponitur.
220 1805 266 1834 Sic
279 1807 351 1834 enim
365 1806 481 1835 scribit:
497 1807 612 1844 Cyrillus
627 1809 655 1836 in
669 1809 736 1837 libro
755 1817 830 1845 queat
851 1809 960 1837 Scholia
984 1810 1156 1845 nuncupavit,
1182 1809 1260 1836 titulo
1279 1809 1406 1843 septimo,
1424 1814 1506 1841 quam
1521 1813 1581 1834 esse
1599 1806 1718 1833 dicimus

82 1852 287 1885 adt-nationem,
301 1853 402 1885 anima,
419 1853 516 1889 inquit,
534 1855 622 1882 omnia
641 1863 700 1889 qum
712 1859 774 1883 sunt
787 1857 914 1891 corporis,
929 1860 982 1884 etc.
999 1856 1069 1892 (Lib.
1088 1864 1125 1888 xi.
1144 1864 1169 1884 c.
1184 1856 1224 1890 7.)
1239 1854 1270 1883 Et
1282 1859 1375 1889 postea
1389 1862 1395 1879 :
1410 1853 1513 1880 Rursus
1525 1857 1611 1879 autent
1627 1853 1717 1880 eodem

82 1900 164 1928 libro.
177 1900 255 1927 titulo
269 1900 379 1934 decimo,
392 1901 454 1936 quid
473 1901 582 1934 dixerit,
594 1902 633 1929 uel
648 1904 713 1938 quid
736 1904 822 1938 prima
839 1904 926 1938 fronte
942 1906 1014 1932 solus
1032 1906 1086 1938 ipse
1108 1903 1200 1931 titulus
1220 1903 1362 1937 pra'ferat,
1382 1902 1567 1933 advertamus;
1588 1909 1649 1932 nan}
1669 1902 1718 1928 hoc

81 1946 110 1972 in
127 1945 175 1973 illo
187 1954 216 1974 se
228 1951 393 1974 ostensurum
406 1955 461 1975 esse
474 1948 596 1982 promisit
612 1949 702 1976 dicens
717 1948 823 1985 (lbid.),
847 1951 917 1985 quod
934 1956 962 1979 et
976 1951 1093 1978 aduuato
1110 1949 1164 1977 Deo
1184 1948 1272 1976 Verbo
1294 1955 1356 1975 vere
1377 1946 1550 1978 humanitati,
1568 1947 1717 1974 inconfusre

82 1999 175 2021 tamen
186 1993 344 2021 substantia:
359 1994 568 2028 permanserint.
587 1994 673 2030 thue
694 1995 742 2023 hoc
755 1998 878 2032 probaret
895 1999 1004 2034 subjecit
1018 1998 1070 2026 ista
1084 2005 1093 2025 :
1106 1997 1233 2025 Erectum
1249 2000 1289 2023 est
1316 1994 1465 2022 secundum
1485 1993 1531 2020 Dei
1550 1992 1715 2021 voluntatem

82 2040 212 2067 sanctum
226 2037 432 2066 tabernaculum
449 2046 499 2073 per
513 2040 663 2072 desertum,
677 2044 730 2068 etc.

120 2085 280 2120 Quanquam
299 2085 327 2112 in
344 2090 488 2121 utrumque
507 2086 596 2114 locum
615 2086 695 2115 facile
708 2087 797 2123 potuit
812 2088 937 2116 mendum
961 2089 1091 2123 irrepere,
1114 2088 1136 2116 si
1154 2087 1233 2115 modo
1258 2085 1356 2114 litteris
1381 2085 1523 2118 Romanis,
1537 2090 1567 2113 ut
1587 2086 1717 2114 credibile

80 2136 138 2163 est,
151 2139 199 2164 vn,
213 2138 252 2163 xt,
268 2139 399 2159 numerus
413 2132 533 2167 scriptus
545 2131 580 2159 sit
594 2139 602 2159 :
618 2133 706 2167 potuit
721 2133 793 2161 enim
809 2133 888 2161 facile
905 2134 1012 2161 detrahi
1031 2135 1057 2162 in
1080 2141 1134 2161 uno
1154 2133 1224 2165 loco,
1239 2136 1266 2159 et
1286 2132 1313 2158 in
1335 2131 1420 2158 altero
1437 2130 1497 2157 addi
1512 2130 1547 2158 ab
1570 2130 1716 2158 incuriosis

83 2178 204 2206 librariis
221 2178 301 2205 tertia
318 2178 430 2206 vocalis.
447 2179 537 2212 Quare
549 2179 670 2207 Facundi
687 2180 769 2209 lectio
786 2181 947 2216 corrigenda
964 2181 1029 2209 mihi
1045 2181 1161 2214 videtur,
1177 2179 1320 2207 retinenda
1336 2177 1436 2210 Photii,
1455 2177 1603 2205 contractis
1621 2182 1712 2206 tamen

83 2227 111 2254 in
137 2233 219 2253 unum
237 2226 372 2261 capitibus
396 2226 501 2254 duobus
526 2228 559 2255 de
580 2228 699 2256 carbone
723 2230 766 2258 vel
790 2229 867 2257 lilio:
885 2237 946 2264 quae
975 2228 1098 2264 exempla
1121 2229 1154 2256 ad
1178 2229 1215 2261 id,
1229 2227 1302 2262 quod
1325 2226 1354 2253 in
1379 2224 1457 2254 titulo
1475 2225 1640 2260 propositum
1664 2230 1714 2257 est,

83 2273 254 2308 probandum
269 2273 371 2307 pariter
386 2274 552 2301 conducunt.

122 2319 155 2345 Et
168 2325 232 2345 vero
246 2325 294 2352 par
305 2323 347 2346 est
361 2319 482 2352 credere,
498 2328 577 2348 suum
591 2320 706 2354 singulis
720 2321 856 2356 capitibus
871 2321 1033 2356 inscriptum
1049 2321 1132 2348 fuisse
1145 2324 1339 2355 argumentum
1353 2319 1424 2355 quod
1443 2318 1611 2346 tractandum
1627 2317 1714 2352 foret;

85 2374 141 2392 non
165 2366 230 2394 item
246 2366 272 2393 id
297 2367 455 2402 contigisse,
477 2366 549 2401 quod
574 2366 600 2393 in
621 2366 698 2394 libris
719 2368 800 2394 editis
826 2367 933 2403 legitur,
957 2372 988 2395 ut
1011 2367 1114 2402 singula
1140 2367 1228 2400 capita
1254 2367 1378 2402 singulis,
1392 2367 1448 2394 sive
1465 2367 1638 2398 testimoniis,
1657 2366 1714 2393 sive

82 2412 218 2446 exentplis
233 2412 394 2441 inconcinne
406 2417 434 2440 et
449 2412 590 2448 ἀμεθόδως
607 2413 800 2441 tribuerentur.
820 2413 977 2441 Mercatoris
995 2421 1076 2446 porro
1089 2413 1174 2440 codex
1190 2412 1257 2440 nihil
1278 2413 1425 2448 adjumenti
1446 2411 1571 2440 conferre
1584 2411 1667 2438 valuit
1680 2409 1716 2438 ad

83 2457 248 2485 alterutram
266 2458 422 2492 opinionem
438 2459 661 2491 conﬁrmandam,
678 2459 809 2494 siquidem
831 2459 921 2487 titulos
933 2459 1015 2486 habet
1032 2459 1092 2486 sine
1107 2458 1168 2486 ullis
1183 2459 1312 2486 numeris.

126 2503 212 2537 igitur
228 2505 334 2531 tametsi
350 2504 505 2532 distributio
518 2505 648 2539 capitum,
661 2513 721 2540 qua:
743 2513 791 2533 usu
807 2510 914 2538 recepta
932 2510 984 2538 est,
1002 2504 1126 2539 religiose
1139 2505 1270 2532 servanda
1286 2505 1331 2538 sit,
1347 2505 1433 2533 visum
1456 2510 1498 2534 est
1516 2510 1605 2533 tamen
1627 2513 1715 2540 operte

85 2549 206 2584 pretium
224 2548 293 2581 fore,
310 2549 332 2576 si
345 2550 459 2585 singulis
474 2551 610 2585 capitibus
627 2551 796 2579 Scholiorum
813 2551 901 2579 Photii
914 2551 1019 2579 numeri
1032 2559 1094 2578 cum
1107 2551 1222 2585 vulgatis
1235 2555 1448 2586 apponerentur,
1460 2556 1488 2579 et
1506 2552 1560 2587 hic,
1572 2552 1716 2588 propositis

83 2595 257 2631 singulorum
272 2596 391 2630 capitum
405 2603 437 2624 ex
460 2596 613 2625 Mercatore
628 2598 724 2631 titulis,
743 2605 791 2632 per
806 2598 942 2634 synopsim
960 2602 1046 2625 tutum
1066 2604 1135 2632 opus
1150 2596 1335 2624 exhiberetur.

493 2668 586 2703 Cyrilli
600 2669 714 2703 episcopi
732 2669 901 2697 Alexandria
918 2670 950 2697 de
968 2668 1149 2696 incarnatione
1164 2666 1306 2702 Uuigcniti.

68 2746 72 2756 λ
120 2737 216 2766 Car-ur
233 2735 253 2763 Ι.
270 2736 338 2770 Quid
349 2741 391 2764 est
405 2735 536 2765 Christus.

119 2785 188 2813 CAP.
210 2783 240 2811 11.
262 2783 382 2817 Qualiter
395 2783 505 2818 intelligi
523 2784 620 2811 dchcat
637 2783 802 2811 Emmanuel.

123 2831 191 2858 Car.
214 2829 256 2856 Ill.
273 2828 340 2862 Quid
356 2834 396 2856 est
412 2828 501 2856 Iesus.

126 2878 192 2905 Car.
216 2875 260 2903 IV.
282 2875 367 2908 Quam
381 2875 415 2902 ob
430 2882 536 2901 causam
554 2875 633 2901 homo
650 2874 748 2901 dictum
764 2874 798 2901 sit
814 2874 859 2901 Πρί
877 2873 1004 2901 Verbum.
