  <div class='ocr_page' id='page_1' title='image "/cluster/home/n/w/nwhite01/storage/ocr_20150623/75/njp.32101077772786/793.png"; bbox 0 0 1907 3038; ppageno 0'>
   <div class='ocr_carea' id='block_1_1' title="bbox 212 151 1847 186">
    <p class='ocr_par' dir='ltr' id='par_1_1' title="bbox 212 151 1847 186">
     <span class='ocr_line' id='line_1_1' title="bbox 212 151 1847 186; baseline 0.001 -3"><span class='ocrx_word' id='word_1_1' title='bbox 212 156 280 184; x_wconf 78' lang='lat' dir='ltr'><strong>I367</strong></span> <span class='ocrx_word' id='word_1_2' title='bbox 705 156 734 184; x_wconf 90' lang='lat' dir='ltr'><strong>s.</strong></span> <span class='ocrx_word' id='word_1_3' title='bbox 755 157 892 186; x_wconf 77' lang='lat' dir='ltr'><strong>CYBILLI</strong></span> <span class='ocrx_word' id='word_1_4' title='bbox 911 156 1146 185; x_wconf 79' lang='lat' dir='ltr'><strong>ALEXANDRINI</strong></span> <span class='ocrx_word' id='word_1_5' title='bbox 1164 156 1324 186; x_wconf 78' lang='lat' dir='ltr'><strong>ARCHIEP.</strong></span> <span class='ocrx_word' id='word_1_6' title='bbox 1777 151 1847 181; x_wconf 71' lang='lat'><strong>1569</strong></span> 
     </span>
    </p>
   </div>
   <div class='ocr_carea' id='block_1_2' title="bbox 244 214 1148 250">
    <p class='ocr_par' dir='ltr' id='par_1_2' title="bbox 244 214 1148 250">
     <span class='ocr_line' id='line_1_2' title="bbox 244 214 1148 250; baseline 0.004 -9"><span class='ocrx_word' id='word_1_7' title='bbox 244 214 312 242; x_wconf 73' lang='lat' dir='ltr'><strong>Car.</strong></span> <span class='ocrx_word' id='word_1_8' title='bbox 332 214 364 242; x_wconf 85' lang='lat' dir='ltr'><strong>V.</strong></span> <span class='ocrx_word' id='word_1_9' title='bbox 383 215 467 250; x_wconf 80' lang='lat' dir='ltr'><strong>Quam</strong></span> <span class='ocrx_word' id='word_1_10' title='bbox 483 217 518 243; x_wconf 88' lang='lat' dir='ltr'><strong>ob</strong></span> <span class='ocrx_word' id='word_1_11' title='bbox 528 222 637 243; x_wconf 78' lang='lat' dir='ltr'><strong>causam</strong></span> <span class='ocrx_word' id='word_1_12' title='bbox 650 215 818 243; x_wconf 92' lang='lat' dir='ltr'><strong>exinanitum</strong></span> <span class='ocrx_word' id='word_1_13' title='bbox 833 216 941 245; x_wconf 75' lang='lat' dir='ltr'><strong>dicatur</strong></span> <span class='ocrx_word' id='word_1_14' title='bbox 955 216 1002 245; x_wconf 87' lang='lat' dir='ltr'><strong>Dei</strong></span> <span class='ocrx_word' id='word_1_15' title='bbox 1022 217 1148 245; x_wconf 81' lang='lat' dir='ltr'><strong>Verbum.</strong></span> 
     </span>
    </p>
   </div>
   <div class='ocr_carea' id='block_1_3' title="bbox 245 260 782 296">
    <p class='ocr_par' dir='ltr' id='par_1_3' title="bbox 245 260 782 296">
     <span class='ocr_line' id='line_1_3' title="bbox 245 260 782 296; baseline 0.004 -9"><span class='ocrx_word' id='word_1_16' title='bbox 245 260 310 288; x_wconf 72' lang='lat' dir='ltr'><strong>Car.</strong></span> <span class='ocrx_word' id='word_1_17' title='bbox 333 261 375 288; x_wconf 86' lang='lat' dir='ltr'><strong>VI.</strong></span> <span class='ocrx_word' id='word_1_18' title='bbox 396 263 536 296; x_wconf 87' lang='lat' dir='ltr'><strong>Quomodo</strong></span> <span class='ocrx_word' id='word_1_19' title='bbox 553 270 622 289; x_wconf 91' lang='lat' dir='ltr'><strong>unus</strong></span> <span class='ocrx_word' id='word_1_20' title='bbox 645 261 782 289; x_wconf 87' lang='lat' dir='ltr'><strong>Christus.</strong></span> 
     </span>
    </p>
   </div>
   <div class='ocr_carea' id='block_1_4' title="bbox 244 307 806 342">
    <p class='ocr_par' dir='ltr' id='par_1_4' title="bbox 244 307 806 342">
     <span class='ocr_line' id='line_1_4' title="bbox 244 307 806 342; baseline 0.004 -8"><span class='ocrx_word' id='word_1_21' title='bbox 244 307 309 335; x_wconf 76' lang='lat' dir='ltr'><strong>CAP.</strong></span> <span class='ocrx_word' id='word_1_22' title='bbox 330 307 383 336; x_wconf 87' lang='lat' dir='ltr'><strong>VII.</strong></span> <span class='ocrx_word' id='word_1_23' title='bbox 401 309 538 342; x_wconf 82' lang='lat' dir='ltr'><strong>Quomodo</strong></span> <span class='ocrx_word' id='word_1_24' title='bbox 550 315 620 336; x_wconf 89' lang='lat' dir='ltr'><strong>unus</strong></span> <span class='ocrx_word' id='word_1_25' title='bbox 637 308 806 336; x_wconf 81' lang='lat' dir='ltr'><strong>Emmanuel.</strong></span> 
     </span>
    </p>
   </div>
   <div class='ocr_carea' id='block_1_5' title="bbox 246 353 918 388">
    <p class='ocr_par' dir='ltr' id='par_1_5' title="bbox 246 353 918 388">
     <span class='ocr_line' id='line_1_5' title="bbox 246 353 918 388; baseline 0 -8"><span class='ocrx_word' id='word_1_26' title='bbox 246 353 312 381; x_wconf 74' lang='lat' dir='ltr'><strong>CAP.</strong></span> <span class='ocrx_word' id='word_1_27' title='bbox 330 353 396 381; x_wconf 88' lang='lat' dir='ltr'><strong>VIII.</strong></span> <span class='ocrx_word' id='word_1_28' title='bbox 412 357 496 388; x_wconf 86' lang='lat' dir='ltr'><strong>Quam</strong></span> <span class='ocrx_word' id='word_1_29' title='bbox 513 362 573 382; x_wconf 87' lang='lat' dir='ltr'><strong>esse</strong></span> <span class='ocrx_word' id='word_1_30' title='bbox 586 355 701 383; x_wconf 85' lang='lat' dir='ltr'><strong>dicimus</strong></span> <span class='ocrx_word' id='word_1_31' title='bbox 716 354 918 382; x_wconf 87' lang='lat' dir='ltr'><strong>adunationcm.</strong></span> 
     </span>
    </p>
   </div>
   <div class='ocr_carea' id='block_1_6' title="bbox 245 391 1844 436">
    <p class='ocr_par' dir='ltr' id='par_1_6' title="bbox 245 391 1844 436">
     <span class='ocr_line' id='line_1_6' title="bbox 245 391 1844 436; baseline -0.003 -10"><span class='ocrx_word' id='word_1_32' title='bbox 245 399 310 427; x_wconf 73' lang='lat' dir='ltr'><strong>Car.</strong></span> <span class='ocrx_word' id='word_1_33' title='bbox 332 399 376 426; x_wconf 81' lang='lat' dir='ltr'><strong>IX.</strong></span> <span class='ocrx_word' id='word_1_34' title='bbox 395 400 469 433; x_wconf 88' lang='lat' dir='ltr'><strong>Quod</strong></span> <span class='ocrx_word' id='word_1_35' title='bbox 493 401 673 436; x_wconf 73' lang='lat' dir='ltr'><strong>incorporalis</strong></span> <span class='ocrx_word' id='word_1_36' title='bbox 689 400 840 428; x_wconf 78' lang='lat' dir='ltr'><strong>divinitatis</strong></span> <span class='ocrx_word' id='word_1_37' title='bbox 862 405 962 433; x_wconf 91' lang='lat' dir='ltr'><strong>corpus</strong></span> <span class='ocrx_word' id='word_1_38' title='bbox 978 397 1047 424; x_wconf 78' lang='lat' dir='ltr'><strong>facta</strong></span> <span class='ocrx_word' id='word_1_39' title='bbox 1062 395 1143 423; x_wconf 80' lang='lat' dir='ltr'><strong>fuerit</strong></span> <span class='ocrx_word' id='word_1_40' title='bbox 1158 395 1214 429; x_wconf 85' lang='lat' dir='ltr'><strong>ipsa</strong></span> <span class='ocrx_word' id='word_1_41' title='bbox 1235 400 1298 421; x_wconf 90' lang='lat' dir='ltr'><strong>caro</strong></span> <span class='ocrx_word' id='word_1_42' title='bbox 1321 392 1424 420; x_wconf 80' lang='lat' dir='ltr'><strong>habens</strong></span> <span class='ocrx_word' id='word_1_43' title='bbox 1447 391 1565 419; x_wconf 84' lang='lat' dir='ltr'><strong>animam</strong></span> <span class='ocrx_word' id='word_1_44' title='bbox 1584 392 1780 421; x_wconf 61' lang='lat' dir='ltr'><strong>rationabili-ru</strong></span> <span class='ocrx_word' id='word_1_45' title='bbox 1795 403 1802 426; x_wconf 85' lang='lat'><strong>;</strong></span> <span class='ocrx_word' id='word_1_46' title='bbox 1819 401 1844 422; x_wconf 78' lang='lat' dir='ltr'><strong>et</strong></span> 
     </span>
    </p>
   </div>
   <div class='ocr_carea' id='block_1_7' title="bbox 210 438 1845 480">
    <p class='ocr_par' dir='ltr' id='par_1_7' title="bbox 210 438 1845 480">
     <span class='ocr_line' id='line_1_7' title="bbox 210 438 1845 480; baseline -0.003 -9"><span class='ocrx_word' id='word_1_47' title='bbox 210 446 282 480; x_wconf 85' lang='lat' dir='ltr'><strong>quod</strong></span> <span class='ocrx_word' id='word_1_48' title='bbox 307 445 330 471; x_wconf 93' lang='lat' dir='ltr'><strong>si</strong></span> <span class='ocrx_word' id='word_1_49' title='bbox 348 452 377 471; x_wconf 84' lang='lat' dir='ltr'><strong>ea</strong></span> <span class='ocrx_word' id='word_1_50' title='bbox 403 454 417 472; x_wconf 72' lang='grc' dir='ltr'><strong>ιι</strong></span> <span class='ocrx_word' id='word_1_51' title='bbox 444 455 473 474; x_wconf 79' lang='lat' dir='ltr'><strong>se</strong></span> <span class='ocrx_word' id='word_1_52' title='bbox 499 447 618 474; x_wconf 78' lang='lat' dir='ltr'><strong>dividere</strong></span> <span class='ocrx_word' id='word_1_53' title='bbox 645 446 818 477; x_wconf 84' lang='lat' dir='ltr'><strong>voluerimus,</strong></span> <span class='ocrx_word' id='word_1_54' title='bbox 847 444 938 479; x_wconf 86' lang='lat' dir='ltr'><strong>procul</strong></span> <span class='ocrx_word' id='word_1_55' title='bbox 961 443 1044 470; x_wconf 89' lang='lat' dir='ltr'><strong>dubio</strong></span> <span class='ocrx_word' id='word_1_56' title='bbox 1069 441 1290 469; x_wconf 86' lang='lat' dir='ltr'><strong>Iabel&#39;actabimus</strong></span> <span class='ocrx_word' id='word_1_57' title='bbox 1312 438 1562 476; x_wconf 87' lang='lat' dir='ltr'><strong>dispensationem,</strong></span> <span class='ocrx_word' id='word_1_58' title='bbox 1590 446 1652 474; x_wconf 65' lang='lat' dir='ltr'><strong>quae</strong></span> <span class='ocrx_word' id='word_1_59' title='bbox 1677 439 1704 467; x_wconf 91' lang='lat' dir='ltr'><strong>in</strong></span> <span class='ocrx_word' id='word_1_60' title='bbox 1732 442 1845 470; x_wconf 59' lang='lat' dir='ltr'><strong>Christo</strong></span> 
     </span>
    </p>
   </div>
   <div class='ocr_carea' id='block_1_8' title="bbox 210 491 379 524">
    <p class='ocr_par' dir='ltr' id='par_1_8' title="bbox 210 491 379 524">
     <span class='ocr_line' id='line_1_8' title="bbox 210 491 379 524; baseline 0 -7"><span class='ocrx_word' id='word_1_61' title='bbox 210 491 379 524; x_wconf 70' lang='lat' dir='ltr'><strong>intelligitur.</strong></span> 
     </span>
    </p>
   </div>
   <div class='ocr_carea' id='block_1_9' title="bbox 244 532 1709 570">
    <p class='ocr_par' dir='ltr' id='par_1_9' title="bbox 244 532 1709 570">
     <span class='ocr_line' id='line_1_9' title="bbox 244 532 1709 570; baseline 0.001 -8"><span class='ocrx_word' id='word_1_62' title='bbox 244 536 309 562; x_wconf 60' lang='lat' dir='ltr'><strong>Car.</strong></span> <span class='ocrx_word' id='word_1_63' title='bbox 330 536 364 564; x_wconf 82' lang='lat' dir='ltr'><strong>X.</strong></span> <span class='ocrx_word' id='word_1_64' title='bbox 385 537 460 570; x_wconf 87' lang='lat' dir='ltr'><strong>Quod</strong></span> <span class='ocrx_word' id='word_1_65' title='bbox 474 537 592 564; x_wconf 87' lang='lat' dir='ltr'><strong>adunan</strong></span> <span class='ocrx_word' id='word_1_66' title='bbox 610 537 663 565; x_wconf 90' lang='lat' dir='ltr'><strong>Deo</strong></span> <span class='ocrx_word' id='word_1_67' title='bbox 678 537 766 565; x_wconf 87' lang='lat' dir='ltr'><strong>Verbo</strong></span> <span class='ocrx_word' id='word_1_68' title='bbox 783 543 845 564; x_wconf 87' lang='lat' dir='ltr'><strong>vere</strong></span> <span class='ocrx_word' id='word_1_69' title='bbox 861 534 1035 567; x_wconf 85' lang='lat' dir='ltr'><strong>humanitati,</strong></span> <span class='ocrx_word' id='word_1_70' title='bbox 1050 533 1199 561; x_wconf 59' lang='lat' dir='ltr'><strong>inconfusus</strong></span> <span class='ocrx_word' id='word_1_71' title='bbox 1219 539 1308 561; x_wconf 92' lang='lat' dir='ltr'><strong>tamen</strong></span> <span class='ocrx_word' id='word_1_72' title='bbox 1325 532 1484 561; x_wconf 63' lang='lat' dir='ltr'><strong>substantiae</strong></span> <span class='ocrx_word' id='word_1_73' title='bbox 1497 536 1709 568; x_wconf 89' lang='lat' dir='ltr'><strong>permanserint.</strong></span> 
     </span>
    </p>
   </div>
   <div class='ocr_carea' id='block_1_10' title="bbox 244 579 1844 617">
    <p class='ocr_par' dir='ltr' id='par_1_10' title="bbox 244 579 1844 617">
     <span class='ocr_line' id='line_1_10' title="bbox 244 579 1844 617; baseline -0.001 -7"><span class='ocrx_word' id='word_1_74' title='bbox 244 583 309 610; x_wconf 74' lang='lat' dir='ltr'><strong>CAP.</strong></span> <span class='ocrx_word' id='word_1_75' title='bbox 330 582 377 611; x_wconf 79' lang='lat' dir='ltr'><strong>XI.</strong></span> <span class='ocrx_word' id='word_1_76' title='bbox 397 584 482 617; x_wconf 85' lang='lat' dir='ltr'><strong>Quod,</strong></span> <span class='ocrx_word' id='word_1_77' title='bbox 499 592 560 612; x_wconf 83' lang='lat' dir='ltr'><strong>curn</strong></span> <span class='ocrx_word' id='word_1_78' title='bbox 575 589 648 612; x_wconf 89' lang='lat' dir='ltr'><strong>esset</strong></span> <span class='ocrx_word' id='word_1_79' title='bbox 669 584 739 612; x_wconf 84' lang='lat' dir='ltr'><strong>Deus</strong></span> <span class='ocrx_word' id='word_1_80' title='bbox 767 583 895 615; x_wconf 82' lang='lat' dir='ltr'><strong>Verbum,</strong></span> <span class='ocrx_word' id='word_1_81' title='bbox 914 581 1000 610; x_wconf 81' lang='lat' dir='ltr'><strong>lactus</strong></span> <span class='ocrx_word' id='word_1_82' title='bbox 1021 582 1057 609; x_wconf 88' lang='lat' dir='ltr'><strong>sit</strong></span> <span class='ocrx_word' id='word_1_83' title='bbox 1074 582 1164 613; x_wconf 90' lang='lat' dir='ltr'><strong>homo,</strong></span> <span class='ocrx_word' id='word_1_84' title='bbox 1189 588 1240 608; x_wconf 89' lang='lat' dir='ltr'><strong>nec</strong></span> <span class='ocrx_word' id='word_1_85' title='bbox 1265 580 1344 607; x_wconf 90' lang='lat' dir='ltr'><strong>homo</strong></span> <span class='ocrx_word' id='word_1_86' title='bbox 1365 579 1537 614; x_wconf 76' lang='lat' dir='ltr'><strong>simpliciter,</strong></span> <span class='ocrx_word' id='word_1_87' title='bbox 1558 581 1627 608; x_wconf 84' lang='lat' dir='ltr'><strong>nuda</strong></span> <span class='ocrx_word' id='word_1_88' title='bbox 1644 582 1844 616; x_wconf 84' lang='lat' dir='ltr'><strong>conjunctione</strong></span> 
     </span>
    </p>
   </div>
   <div class='ocr_carea' id='block_1_11' title="bbox 210 626 1732 667">
    <p class='ocr_par' dir='ltr' id='par_1_11' title="bbox 210 626 1732 667">
     <span class='ocr_line' id='line_1_11' title="bbox 210 626 1732 667; baseline -0.001 -11"><span class='ocrx_word' id='word_1_89' title='bbox 210 631 368 663; x_wconf 86' lang='lat' dir='ltr'><strong>honoratus,</strong></span> <span class='ocrx_word' id='word_1_90' title='bbox 384 636 497 658; x_wconf 84' lang='lat' dir='ltr'><strong>vocatus</strong></span> <span class='ocrx_word' id='word_1_91' title='bbox 510 632 545 659; x_wconf 86' lang='lat' dir='ltr'><strong>sit</strong></span> <span class='ocrx_word' id='word_1_92' title='bbox 558 632 592 658; x_wconf 86' lang='lat' dir='ltr'><strong>ad</strong></span> <span class='ocrx_word' id='word_1_93' title='bbox 608 639 697 666; x_wconf 86' lang='lat' dir='ltr'><strong>parem</strong></span> <span class='ocrx_word' id='word_1_94' title='bbox 712 631 869 667; x_wconf 73' lang='lat' dir='ltr'><strong>dignitatem</strong></span> <span class='ocrx_word' id='word_1_95' title='bbox 884 630 929 657; x_wconf 83' lang='lat' dir='ltr'><strong>Dci</strong></span> <span class='ocrx_word' id='word_1_96' title='bbox 946 629 1038 660; x_wconf 83' lang='lat' dir='ltr'><strong>Verbi.</strong></span> <span class='ocrx_word' id='word_1_97' title='bbox 1055 629 1112 656; x_wconf 88' lang='lat' dir='ltr'><strong>sive</strong></span> <span class='ocrx_word' id='word_1_98' title='bbox 1129 627 1329 660; x_wconf 90' lang='lat' dir='ltr'><strong>auctoritatem,</strong></span> <span class='ocrx_word' id='word_1_99' title='bbox 1348 627 1418 655; x_wconf 86' lang='lat' dir='ltr'><strong>sicut</strong></span> <span class='ocrx_word' id='word_1_100' title='bbox 1433 626 1594 661; x_wconf 81' lang='lat' dir='ltr'><strong>qnibusdam</strong></span> <span class='ocrx_word' id='word_1_101' title='bbox 1611 628 1732 655; x_wconf 83' lang='lat' dir='ltr'><strong>videtur.</strong></span> 
     </span>
    </p>
   </div>
   <div class='ocr_carea' id='block_1_12' title="bbox 243 676 1265 711">
    <p class='ocr_par' dir='ltr' id='par_1_12' title="bbox 243 676 1265 711">
     <span class='ocr_line' id='line_1_12' title="bbox 243 676 1265 711; baseline -0.001 -7"><span class='ocrx_word' id='word_1_102' title='bbox 243 677 308 704; x_wconf 64' lang='lat' dir='ltr'><strong>Car.</strong></span> <span class='ocrx_word' id='word_1_103' title='bbox 331 677 389 705; x_wconf 80' lang='lat' dir='ltr'><strong>XII.</strong></span> <span class='ocrx_word' id='word_1_104' title='bbox 405 679 482 711; x_wconf 84' lang='lat' dir='ltr'><strong>Quod</strong></span> <span class='ocrx_word' id='word_1_105' title='bbox 494 679 618 706; x_wconf 79' lang='lat' dir='ltr'><strong>Christus</strong></span> <span class='ocrx_word' id='word_1_106' title='bbox 635 679 714 707; x_wconf 86' lang='lat' dir='ltr'><strong>Jcsus</strong></span> <span class='ocrx_word' id='word_1_107' title='bbox 725 683 834 706; x_wconf 81' lang='lat' dir='ltr'><strong>vocetur</strong></span> <span class='ocrx_word' id='word_1_108' title='bbox 847 679 927 706; x_wconf 91' lang='lat' dir='ltr'><strong>homo</strong></span> <span class='ocrx_word' id='word_1_109' title='bbox 943 677 1030 704; x_wconf 78' lang='lat' dir='ltr'><strong>factus</strong></span> <span class='ocrx_word' id='word_1_110' title='bbox 1045 677 1116 704; x_wconf 89' lang='lat' dir='ltr'><strong>Deus</strong></span> <span class='ocrx_word' id='word_1_111' title='bbox 1135 676 1265 703; x_wconf 85' lang='lat' dir='ltr'><strong>Verbum.</strong></span> 
     </span>
    </p>
   </div>
   <div class='ocr_carea' id='block_1_13' title="bbox 242 720 1840 758">
    <p class='ocr_par' dir='ltr' id='par_1_13' title="bbox 242 720 1840 758">
     <span class='ocr_line' id='line_1_13' title="bbox 242 720 1840 758; baseline -0.003 -8"><span class='ocrx_word' id='word_1_112' title='bbox 242 723 307 750; x_wconf 66' lang='lat' dir='ltr'><strong>Car.</strong></span> <span class='ocrx_word' id='word_1_113' title='bbox 329 723 398 752; x_wconf 75' lang='lat' dir='ltr'><strong>XIII.</strong></span> <span class='ocrx_word' id='word_1_114' title='bbox 417 725 492 758; x_wconf 92' lang='lat' dir='ltr'><strong>Quod</strong></span> <span class='ocrx_word' id='word_1_115' title='bbox 505 725 630 753; x_wconf 83' lang='lat' dir='ltr'><strong>Christus</strong></span> <span class='ocrx_word' id='word_1_116' title='bbox 642 733 693 752; x_wconf 93' lang='lat' dir='ltr'><strong>non</strong></span> <span class='ocrx_word' id='word_1_117' title='bbox 713 725 749 752; x_wconf 90' lang='lat' dir='ltr'><strong>sit</strong></span> <span class='ocrx_word' id='word_1_118' title='bbox 761 725 841 752; x_wconf 88' lang='lat' dir='ltr'><strong>homo</strong></span> <span class='ocrx_word' id='word_1_119' title='bbox 854 723 1006 758; x_wconf 82' lang='grc' dir='ltr'><strong>Θεοφόρος,</strong></span> <span class='ocrx_word' id='word_1_120' title='bbox 1023 730 1073 751; x_wconf 87' lang='lat' dir='ltr'><strong>nec</strong></span> <span class='ocrx_word' id='word_1_121' title='bbox 1089 722 1248 757; x_wconf 88' lang='lat' dir='ltr'><strong>simpliciter</strong></span> <span class='ocrx_word' id='word_1_122' title='bbox 1268 723 1294 749; x_wconf 95' lang='lat' dir='ltr'><strong>in</strong></span> <span class='ocrx_word' id='word_1_123' title='bbox 1319 722 1427 749; x_wconf 87' lang='lat' dir='ltr'><strong>homine</strong></span> <span class='ocrx_word' id='word_1_124' title='bbox 1450 721 1610 749; x_wconf 91' lang='lat' dir='ltr'><strong>inhabitarit</strong></span> <span class='ocrx_word' id='word_1_125' title='bbox 1628 721 1676 748; x_wconf 87' lang='lat' dir='ltr'><strong>Dei</strong></span> <span class='ocrx_word' id='word_1_126' title='bbox 1702 720 1840 753; x_wconf 86' lang='lat' dir='ltr'><strong>Verbum;</strong></span> 
     </span>
    </p>
   </div>
   <div class='ocr_carea' id='block_1_14' title="bbox 174 761 1282 805">
    <p class='ocr_par' dir='ltr' id='par_1_14' title="bbox 174 761 1282 805">
     <span class='ocr_line' id='line_1_14' title="bbox 174 761 1282 805; baseline -0.004 -7"><span class='ocrx_word' id='word_1_127' title='bbox 174 761 178 765; x_wconf 18' lang='lat' dir='ltr'><strong>i</strong></span> <span class='ocrx_word' id='word_1_128' title='bbox 208 769 257 795; x_wconf 67' lang='lat' dir='ltr'><strong>sed</strong></span> <span class='ocrx_word' id='word_1_129' title='bbox 269 770 353 804; x_wconf 72' lang='lat' dir='ltr'><strong>magis</strong></span> <span class='ocrx_word' id='word_1_130' title='bbox 368 778 431 799; x_wconf 87' lang='lat' dir='ltr'><strong>caro</strong></span> <span class='ocrx_word' id='word_1_131' title='bbox 447 771 481 798; x_wconf 83' lang='lat' dir='ltr'><strong>sit.</strong></span> <span class='ocrx_word' id='word_1_132' title='bbox 493 771 607 804; x_wconf 75' lang='lat' dir='ltr'><strong>factum,</strong></span> <span class='ocrx_word' id='word_1_133' title='bbox 621 771 678 798; x_wconf 84' lang='lat' dir='ltr'><strong>sive</strong></span> <span class='ocrx_word' id='word_1_134' title='bbox 692 771 773 798; x_wconf 88' lang='lat' dir='ltr'><strong>Itomo</strong></span> <span class='ocrx_word' id='word_1_135' title='bbox 788 770 934 805; x_wconf 79' lang='lat' dir='ltr'><strong>perfectus,</strong></span> <span class='ocrx_word' id='word_1_136' title='bbox 947 769 1095 797; x_wconf 88' lang='lat' dir='ltr'><strong>secundum</strong></span> <span class='ocrx_word' id='word_1_137' title='bbox 1113 768 1282 803; x_wconf 81' lang='lat' dir='ltr'><strong>St-ripturas.</strong></span> 
     </span>
    </p>
   </div>
   <div class='ocr_carea' id='block_1_15' title="bbox 243 813 1284 850">
    <p class='ocr_par' dir='ltr' id='par_1_15' title="bbox 243 813 1284 850">
     <span class='ocr_line' id='line_1_15' title="bbox 243 813 1284 850; baseline -0.003 -8"><span class='ocrx_word' id='word_1_138' title='bbox 243 815 308 843; x_wconf 60' lang='lat' dir='ltr'><strong>Car.</strong></span> <span class='ocrx_word' id='word_1_139' title='bbox 331 815 397 843; x_wconf 78' lang='lat' dir='ltr'><strong>XIV.</strong></span> <span class='ocrx_word' id='word_1_140' title='bbox 418 815 491 842; x_wconf 77' lang='lat' dir='ltr'><strong>Dicta</strong></span> <span class='ocrx_word' id='word_1_141' title='bbox 509 815 666 850; x_wconf 87' lang='lat' dir='ltr'><strong>apostolica,</strong></span> <span class='ocrx_word' id='word_1_142' title='bbox 680 815 706 843; x_wconf 92' lang='lat' dir='ltr'><strong>in</strong></span> <span class='ocrx_word' id='word_1_143' title='bbox 725 815 824 850; x_wconf 88' lang='lat' dir='ltr'><strong>quibus</strong></span> <span class='ocrx_word' id='word_1_144' title='bbox 840 814 911 842; x_wconf 86' lang='lat' dir='ltr'><strong>Deus</strong></span> <span class='ocrx_word' id='word_1_145' title='bbox 927 814 1081 841; x_wconf 86' lang='lat' dir='ltr'><strong>nominatus</strong></span> <span class='ocrx_word' id='word_1_146' title='bbox 1096 813 1131 840; x_wconf 85' lang='lat' dir='ltr'><strong>sit</strong></span> <span class='ocrx_word' id='word_1_147' title='bbox 1149 813 1284 840; x_wconf 82' lang='lat' dir='ltr'><strong>Christus.</strong></span> 
     </span>
    </p>
   </div>
   <div class='ocr_carea' id='block_1_16' title="bbox 243 858 1839 897">
    <p class='ocr_par' dir='ltr' id='par_1_16' title="bbox 243 858 1839 897">
     <span class='ocr_line' id='line_1_16' title="bbox 243 858 1839 897; baseline -0.003 -9"><span class='ocrx_word' id='word_1_148' title='bbox 243 862 308 888; x_wconf 82' lang='lat' dir='ltr'><strong>CAP.</strong></span> <span class='ocrx_word' id='word_1_149' title='bbox 330 861 387 888; x_wconf 78' lang='lat' dir='ltr'><strong>XV.</strong></span> <span class='ocrx_word' id='word_1_150' title='bbox 404 861 544 894; x_wconf 86' lang='lat' dir='ltr'><strong>Quomodo</strong></span> <span class='ocrx_word' id='word_1_151' title='bbox 559 866 685 897; x_wconf 83' lang='lat' dir='ltr'><strong>oporteat</strong></span> <span class='ocrx_word' id='word_1_152' title='bbox 699 862 867 897; x_wconf 73' lang='lat' dir='ltr'><strong>intelligere:</strong></span> <span class='ocrx_word' id='word_1_153' title='bbox 886 860 996 888; x_wconf 84' lang='lat' dir='ltr'><strong>Verbum</strong></span> <span class='ocrx_word' id='word_1_154' title='bbox 1016 868 1078 887; x_wconf 75' lang='lat' dir='ltr'><strong>caro</strong></span> <span class='ocrx_word' id='word_1_155' title='bbox 1102 859 1202 894; x_wconf 81' lang='lat' dir='ltr'><strong>factum</strong></span> <span class='ocrx_word' id='word_1_156' title='bbox 1225 864 1274 891; x_wconf 77' lang='lat' dir='ltr'><strong>est,</strong></span> <span class='ocrx_word' id='word_1_157' title='bbox 1293 864 1317 886; x_wconf 79' lang='lat' dir='ltr'><strong>et</strong></span> <span class='ocrx_word' id='word_1_158' title='bbox 1334 860 1457 887; x_wconf 79' lang='lat' dir='ltr'><strong>habitavit</strong></span> <span class='ocrx_word' id='word_1_159' title='bbox 1479 861 1506 887; x_wconf 84' lang='lat' dir='ltr'><strong>in</strong></span> <span class='ocrx_word' id='word_1_160' title='bbox 1530 860 1603 888; x_wconf 72' lang='lat' dir='ltr'><strong>nobis</strong></span> <span class='ocrx_word' id='word_1_161' title='bbox 1620 868 1630 887; x_wconf 89' lang='lat'><strong><em>:</em></strong></span> <span class='ocrx_word' id='word_1_162' title='bbox 1653 863 1681 887; x_wconf 85' lang='lat' dir='ltr'><strong>ct</strong></span> <span class='ocrx_word' id='word_1_163' title='bbox 1702 858 1839 893; x_wconf 80' lang='lat' dir='ltr'><strong>quomodo</strong></span> 
     </span>
    </p>
   </div>
   <div class='ocr_carea' id='block_1_17' title="bbox 209 905 1356 943">
    <p class='ocr_par' dir='ltr' id='par_1_17' title="bbox 209 905 1356 943">
     <span class='ocr_line' id='line_1_17' title="bbox 209 905 1356 943; baseline -0.001 -9"><span class='ocrx_word' id='word_1_164' title='bbox 209 907 325 934; x_wconf 87' lang='lat' dir='ltr'><strong>mittitur</strong></span> <span class='ocrx_word' id='word_1_165' title='bbox 341 907 458 935; x_wconf 86' lang='lat' dir='ltr'><strong>Verbum</strong></span> <span class='ocrx_word' id='word_1_166' title='bbox 473 909 545 943; x_wconf 91' lang='lat' dir='ltr'><strong>quod</strong></span> <span class='ocrx_word' id='word_1_167' title='bbox 560 909 631 936; x_wconf 89' lang='lat' dir='ltr'><strong>Deus</strong></span> <span class='ocrx_word' id='word_1_168' title='bbox 647 913 708 942; x_wconf 85' lang='lat' dir='ltr'><strong>est;</strong></span> <span class='ocrx_word' id='word_1_169' title='bbox 723 907 856 943; x_wconf 91' lang='lat' dir='ltr'><strong>quomodo</strong></span> <span class='ocrx_word' id='word_1_170' title='bbox 874 907 1011 942; x_wconf 88' lang='lat' dir='ltr'><strong>proprium</strong></span> <span class='ocrx_word' id='word_1_171' title='bbox 1029 905 1112 940; x_wconf 84' lang='lat' dir='ltr'><strong>ipsius</strong></span> <span class='ocrx_word' id='word_1_172' title='bbox 1133 905 1231 933; x_wconf 90' lang='lat' dir='ltr'><strong>dicitur</strong></span> <span class='ocrx_word' id='word_1_173' title='bbox 1246 913 1356 941; x_wconf 90' lang='lat' dir='ltr'><strong>corpus.</strong></span> 
     </span>
    </p>
   </div>
   <div class='ocr_carea' id='block_1_18' title="bbox 242 953 1108 989">
    <p class='ocr_par' dir='ltr' id='par_1_18' title="bbox 242 953 1108 989">
     <span class='ocr_line' id='line_1_18' title="bbox 242 953 1108 989; baseline -0.002 -9"><span class='ocrx_word' id='word_1_174' title='bbox 242 953 307 980; x_wconf 65' lang='lat' dir='ltr'><strong>Car.</strong></span> <span class='ocrx_word' id='word_1_175' title='bbox 330 953 400 983; x_wconf 82' lang='lat' dir='ltr'><strong>XVI.</strong></span> <span class='ocrx_word' id='word_1_176' title='bbox 418 954 560 987; x_wconf 90' lang='lat' dir='ltr'><strong>Quomodo</strong></span> <span class='ocrx_word' id='word_1_177' title='bbox 579 954 744 989; x_wconf 76' lang='lat' dir='ltr'><strong>intelligatur</strong></span> <span class='ocrx_word' id='word_1_178' title='bbox 761 954 890 986; x_wconf 79' lang='grc' dir='ltr'><strong>Θεοτόχος</strong></span> <span class='ocrx_word' id='word_1_179' title='bbox 908 954 988 989; x_wconf 74' lang='lat' dir='ltr'><strong>Virgo</strong></span> <span class='ocrx_word' id='word_1_180' title='bbox 1004 957 1108 980; x_wconf 86' lang='lat' dir='ltr'><strong>sancta.</strong></span> 
     </span>
    </p>
   </div>
   <div class='ocr_carea' id='block_1_19' title="bbox 242 998 1247 1034">
    <p class='ocr_par' dir='ltr' id='par_1_19' title="bbox 242 998 1247 1034">
     <span class='ocr_line' id='line_1_19' title="bbox 242 998 1247 1034; baseline -0.002 -8"><span class='ocrx_word' id='word_1_181' title='bbox 242 1001 306 1027; x_wconf 65' lang='lat' dir='ltr'><strong>Car.</strong></span> <span class='ocrx_word' id='word_1_182' title='bbox 328 999 410 1029; x_wconf 81' lang='lat' dir='ltr'><strong>XVII.</strong></span> <span class='ocrx_word' id='word_1_183' title='bbox 429 1000 505 1033; x_wconf 89' lang='lat' dir='ltr'><strong>Quod</strong></span> <span class='ocrx_word' id='word_1_184' title='bbox 520 1001 589 1028; x_wconf 88' lang='lat' dir='ltr'><strong>Deus</strong></span> <span class='ocrx_word' id='word_1_185' title='bbox 604 1000 760 1028; x_wconf 88' lang='lat' dir='ltr'><strong>nominetur</strong></span> <span class='ocrx_word' id='word_1_186' title='bbox 771 1005 797 1028; x_wconf 91' lang='lat' dir='ltr'><strong>et</strong></span> <span class='ocrx_word' id='word_1_187' title='bbox 815 1002 905 1031; x_wconf 88' lang='lat' dir='ltr'><strong>homo,</strong></span> <span class='ocrx_word' id='word_1_188' title='bbox 925 1006 1060 1034; x_wconf 74' lang='lat' dir='ltr'><strong>apparens</strong></span> <span class='ocrx_word' id='word_1_189' title='bbox 1076 998 1247 1033; x_wconf 78' lang='lat' dir='ltr'><strong>Uuigenitus.</strong></span> 
     </span>
    </p>
   </div>
   <div class='ocr_carea' id='block_1_20' title="bbox 242 1043 1835 1082">
    <p class='ocr_par' dir='ltr' id='par_1_20' title="bbox 242 1043 1835 1082">
     <span class='ocr_line' id='line_1_20' title="bbox 242 1043 1835 1082; baseline -0.001 -9"><span class='ocrx_word' id='word_1_190' title='bbox 242 1046 307 1074; x_wconf 55' lang='lat' dir='ltr'><strong>Car.</strong></span> <span class='ocrx_word' id='word_1_191' title='bbox 329 1046 422 1074; x_wconf 78' lang='lat' dir='ltr'><strong>XVIII.</strong></span> <span class='ocrx_word' id='word_1_192' title='bbox 442 1047 479 1074; x_wconf 90' lang='lat' dir='ltr'><strong>De</strong></span> <span class='ocrx_word' id='word_1_193' title='bbox 496 1047 596 1074; x_wconf 90' lang='lat' dir='ltr'><strong>Christi</strong></span> <span class='ocrx_word' id='word_1_194' title='bbox 611 1047 747 1081; x_wconf 87' lang='lat' dir='ltr'><strong>passione,</strong></span> <span class='ocrx_word' id='word_1_195' title='bbox 764 1046 836 1082; x_wconf 89' lang='lat' dir='ltr'><strong>quod</strong></span> <span class='ocrx_word' id='word_1_196' title='bbox 850 1046 913 1074; x_wconf 84' lang='lat' dir='ltr'><strong>utile</strong></span> <span class='ocrx_word' id='word_1_197' title='bbox 931 1046 975 1073; x_wconf 89' lang='lat' dir='ltr'><strong>sit.</strong></span> <span class='ocrx_word' id='word_1_198' title='bbox 995 1046 1070 1079; x_wconf 91' lang='lat' dir='ltr'><strong>Quod</strong></span> <span class='ocrx_word' id='word_1_199' title='bbox 1091 1046 1239 1073; x_wconf 84' lang='lat' dir='ltr'><strong>secundum</strong></span> <span class='ocrx_word' id='word_1_200' title='bbox 1257 1044 1328 1072; x_wconf 84' lang='lat' dir='ltr'><strong>aliud</strong></span> <span class='ocrx_word' id='word_1_201' title='bbox 1348 1048 1375 1071; x_wconf 90' lang='lat' dir='ltr'><strong>et</strong></span> <span class='ocrx_word' id='word_1_202' title='bbox 1391 1044 1464 1071; x_wconf 86' lang='lat' dir='ltr'><strong>aliud</strong></span> <span class='ocrx_word' id='word_1_203' title='bbox 1489 1044 1522 1072; x_wconf 90' lang='lat' dir='ltr'><strong>de</strong></span> <span class='ocrx_word' id='word_1_204' title='bbox 1544 1051 1598 1071; x_wconf 92' lang='lat' dir='ltr'><strong>uno</strong></span> <span class='ocrx_word' id='word_1_205' title='bbox 1615 1044 1711 1071; x_wconf 88' lang='lat' dir='ltr'><strong>eodem</strong></span> <span class='ocrx_word' id='word_1_206' title='bbox 1727 1043 1835 1077; x_wconf 74' lang='lat' dir='ltr'><strong>dicitur,</strong></span> 
     </span>
    </p>
   </div>
   <div class='ocr_carea' id='block_1_21' title="bbox 208 1093 538 1122">
    <p class='ocr_par' dir='ltr' id='par_1_21' title="bbox 208 1093 538 1122">
     <span class='ocr_line' id='line_1_21' title="bbox 208 1093 538 1122; baseline 0.006 -2"><span class='ocrx_word' id='word_1_207' title='bbox 208 1101 258 1120; x_wconf 87' lang='lat' dir='ltr'><strong>nec</strong></span> <span class='ocrx_word' id='word_1_208' title='bbox 272 1093 416 1121; x_wconf 86' lang='lat' dir='ltr'><strong>dividimus</strong></span> <span class='ocrx_word' id='word_1_209' title='bbox 434 1094 459 1121; x_wconf 93' lang='lat' dir='ltr'><strong>iu</strong></span> <span class='ocrx_word' id='word_1_210' title='bbox 475 1093 538 1122; x_wconf 88' lang='lat' dir='ltr'><strong>duo.</strong></span> 
     </span>
    </p>
   </div>
   <div class='ocr_carea' id='block_1_22' title="bbox 243 1137 1612 1175">
    <p class='ocr_par' dir='ltr' id='par_1_22' title="bbox 243 1137 1612 1175">
     <span class='ocr_line' id='line_1_22' title="bbox 243 1137 1612 1175; baseline -0.001 -9"><span class='ocrx_word' id='word_1_211' title='bbox 243 1140 307 1166; x_wconf 63' lang='lat' dir='ltr'><strong>Car.</strong></span> <span class='ocrx_word' id='word_1_212' title='bbox 328 1139 400 1168; x_wconf 79' lang='lat' dir='ltr'><strong>XIX.</strong></span> <span class='ocrx_word' id='word_1_213' title='bbox 422 1140 557 1168; x_wconf 76' lang='lat' dir='ltr'><strong>Adversus</strong></span> <span class='ocrx_word' id='word_1_214' title='bbox 575 1139 635 1168; x_wconf 89' lang='lat' dir='ltr'><strong>illos</strong></span> <span class='ocrx_word' id='word_1_215' title='bbox 650 1141 698 1175; x_wconf 90' lang='lat' dir='ltr'><strong>qui</strong></span> <span class='ocrx_word' id='word_1_216' title='bbox 716 1139 803 1171; x_wconf 84' lang='lat' dir='ltr'><strong>aiunt,</strong></span> <span class='ocrx_word' id='word_1_217' title='bbox 818 1139 889 1174; x_wconf 93' lang='lat' dir='ltr'><strong>quod</strong></span> <span class='ocrx_word' id='word_1_218' title='bbox 909 1139 964 1166; x_wconf 88' lang='lat' dir='ltr'><strong>sola</strong></span> <span class='ocrx_word' id='word_1_219' title='bbox 981 1138 1112 1166; x_wconf 88' lang='lat' dir='ltr'><strong>relatione</strong></span> <span class='ocrx_word' id='word_1_220' title='bbox 1129 1138 1212 1164; x_wconf 88' lang='lat' dir='ltr'><strong>Deum</strong></span> <span class='ocrx_word' id='word_1_221' title='bbox 1225 1137 1342 1165; x_wconf 85' lang='lat' dir='ltr'><strong>Verbum</strong></span> <span class='ocrx_word' id='word_1_222' title='bbox 1354 1137 1468 1165; x_wconf 88' lang='lat' dir='ltr'><strong>deceant</strong></span> <span class='ocrx_word' id='word_1_223' title='bbox 1485 1137 1612 1164; x_wconf 84' lang='lat' dir='ltr'><strong>humana.</strong></span> 
     </span>
    </p>
   </div>
   <div class='ocr_carea' id='block_1_23' title="bbox 243 1182 1835 1221">
    <p class='ocr_par' dir='ltr' id='par_1_23' title="bbox 243 1182 1835 1221">
     <span class='ocr_line' id='line_1_23' title="bbox 243 1182 1835 1221; baseline -0.001 -8"><span class='ocrx_word' id='word_1_224' title='bbox 243 1187 298 1213; x_wconf 84' lang='lat' dir='ltr'><strong>Etsi</strong></span> <span class='ocrx_word' id='word_1_225' title='bbox 315 1194 395 1220; x_wconf 86' lang='lat' dir='ltr'><strong>porro</strong></span> <span class='ocrx_word' id='word_1_226' title='bbox 410 1186 529 1220; x_wconf 89' lang='lat' dir='ltr'><strong>quinque</strong></span> <span class='ocrx_word' id='word_1_227' title='bbox 548 1187 649 1221; x_wconf 85' lang='lat' dir='ltr'><strong>capita,</strong></span> <span class='ocrx_word' id='word_1_228' title='bbox 667 1194 752 1220; x_wconf 78' lang='lat' dir='ltr'><strong>eaque</strong></span> <span class='ocrx_word' id='word_1_229' title='bbox 773 1185 888 1220; x_wconf 82' lang='lat' dir='ltr'><strong>prolixa,</strong></span> <span class='ocrx_word' id='word_1_230' title='bbox 901 1192 961 1220; x_wconf 69' lang='lat' dir='ltr'><strong>qua:</strong></span> <span class='ocrx_word' id='word_1_231' title='bbox 978 1184 1058 1219; x_wconf 72' lang='lat' dir='ltr'><strong>vulgo</strong></span> <span class='ocrx_word' id='word_1_232' title='bbox 1078 1184 1216 1217; x_wconf 81' lang='lat' dir='ltr'><strong>deﬁciunt,</strong></span> <span class='ocrx_word' id='word_1_233' title='bbox 1236 1183 1373 1211; x_wconf 78' lang='lat' dir='ltr'><strong>Mariauus</strong></span> <span class='ocrx_word' id='word_1_234' title='bbox 1394 1182 1478 1210; x_wconf 90' lang='lat' dir='ltr'><strong>codex</strong></span> <span class='ocrx_word' id='word_1_235' title='bbox 1500 1183 1663 1218; x_wconf 80' lang='lat' dir='ltr'><strong>suppeditet,</strong></span> <span class='ocrx_word' id='word_1_236' title='bbox 1680 1183 1724 1210; x_wconf 79' lang='lat' dir='ltr'><strong>vix</strong></span> <span class='ocrx_word' id='word_1_237' title='bbox 1751 1185 1835 1211; x_wconf 88' lang='lat' dir='ltr'><strong>ausim</strong></span> 
     </span>
    </p>
   </div>
   <div class='ocr_carea' id='block_1_24' title="bbox 208 1230 1836 1268">
    <p class='ocr_par' dir='ltr' id='par_1_24' title="bbox 208 1230 1836 1268">
     <span class='ocr_line' id='line_1_24' title="bbox 208 1230 1836 1268; baseline -0.001 -8"><span class='ocrx_word' id='word_1_238' title='bbox 208 1237 296 1260; x_wconf 89' lang='lat' dir='ltr'><strong>tamen</strong></span> <span class='ocrx_word' id='word_1_239' title='bbox 308 1233 450 1267; x_wconf 87' lang='lat' dir='ltr'><strong>spondere,</strong></span> <span class='ocrx_word' id='word_1_240' title='bbox 463 1233 612 1260; x_wconf 87' lang='lat' dir='ltr'><strong>etiautnum</strong></span> <span class='ocrx_word' id='word_1_241' title='bbox 625 1233 760 1268; x_wconf 77' lang='lat' dir='ltr'><strong>integrum</strong></span> <span class='ocrx_word' id='word_1_242' title='bbox 772 1241 839 1268; x_wconf 90' lang='lat' dir='ltr'><strong>opus</strong></span> <span class='ocrx_word' id='word_1_243' title='bbox 853 1233 907 1266; x_wconf 90' lang='lat' dir='ltr'><strong>edi,</strong></span> <span class='ocrx_word' id='word_1_244' title='bbox 921 1233 943 1260; x_wconf 88' lang='lat' dir='ltr'><strong>si</strong></span> <span class='ocrx_word' id='word_1_245' title='bbox 958 1241 1010 1268; x_wconf 86' lang='lat' dir='ltr'><strong>qua</strong></span> <span class='ocrx_word' id='word_1_246' title='bbox 1024 1233 1090 1261; x_wconf 81' lang='lat' dir='ltr'><strong>ﬁdes</strong></span> <span class='ocrx_word' id='word_1_247' title='bbox 1103 1232 1246 1260; x_wconf 83' lang='lat' dir='ltr'><strong>Anastasio</strong></span> <span class='ocrx_word' id='word_1_248' title='bbox 1265 1231 1377 1258; x_wconf 71' lang='lat' dir='ltr'><strong>Sinaitze</strong></span> <span class='ocrx_word' id='word_1_249' title='bbox 1392 1239 1400 1258; x_wconf 88' lang='lat'><strong>:</strong></span> <span class='ocrx_word' id='word_1_250' title='bbox 1417 1231 1483 1258; x_wconf 85' lang='lat' dir='ltr'><strong>citat</strong></span> <span class='ocrx_word' id='word_1_251' title='bbox 1495 1231 1566 1257; x_wconf 88' lang='lat' dir='ltr'><strong>enim</strong></span> <span class='ocrx_word' id='word_1_252' title='bbox 1583 1230 1674 1258; x_wconf 91' lang='lat' dir='ltr'><strong>locum</strong></span> <span class='ocrx_word' id='word_1_253' title='bbox 1686 1231 1722 1258; x_wconf 86' lang='lat' dir='ltr'><strong>de</strong></span> <span class='ocrx_word' id='word_1_254' title='bbox 1737 1235 1836 1258; x_wconf 85' lang='lat' dir='ltr'><strong>statere</strong></span> 
     </span>
    </p>
   </div>
   <div class='ocr_carea' id='block_1_25' title="bbox 207 1278 1835 1318">
    <p class='ocr_par' dir='ltr' id='par_1_25' title="bbox 207 1278 1835 1318">
     <span class='ocr_line' id='line_1_25' title="bbox 207 1278 1835 1318; baseline -0.001 -11"><span class='ocrx_word' id='word_1_255' title='bbox 207 1286 314 1314; x_wconf 88' lang='lat' dir='ltr'><strong>reperto</strong></span> <span class='ocrx_word' id='word_1_256' title='bbox 340 1281 367 1308; x_wconf 89' lang='lat' dir='ltr'><strong>in</strong></span> <span class='ocrx_word' id='word_1_257' title='bbox 392 1289 441 1309; x_wconf 91' lang='lat' dir='ltr'><strong>ore</strong></span> <span class='ocrx_word' id='word_1_258' title='bbox 462 1282 556 1316; x_wconf 82' lang='lat' dir='ltr'><strong>piscis,</strong></span> <span class='ocrx_word' id='word_1_259' title='bbox 570 1282 615 1318; x_wconf 89' lang='lat' dir='ltr'><strong>qui</strong></span> <span class='ocrx_word' id='word_1_260' title='bbox 636 1290 690 1310; x_wconf 92' lang='lat' dir='ltr'><strong>non</strong></span> <span class='ocrx_word' id='word_1_261' title='bbox 713 1283 849 1317; x_wconf 90' lang='lat' dir='ltr'><strong>reperitur</strong></span> <span class='ocrx_word' id='word_1_262' title='bbox 872 1283 898 1310; x_wconf 87' lang='lat' dir='ltr'><strong>in</strong></span> <span class='ocrx_word' id='word_1_263' title='bbox 929 1282 1057 1315; x_wconf 89' lang='lat' dir='ltr'><strong>Scholiis,</strong></span> <span class='ocrx_word' id='word_1_264' title='bbox 1080 1281 1229 1315; x_wconf 79' lang='lat' dir='ltr'><strong>cujusmodi</strong></span> <span class='ocrx_word' id='word_1_265' title='bbox 1253 1287 1324 1307; x_wconf 90' lang='lat' dir='ltr'><strong>nunc</strong></span> <span class='ocrx_word' id='word_1_266' title='bbox 1350 1280 1493 1307; x_wconf 76' lang='lat' dir='ltr'><strong>habentur;</strong></span> <span class='ocrx_word' id='word_1_267' title='bbox 1528 1278 1580 1306; x_wconf 83' lang='lat' dir='ltr'><strong>Sed</strong></span> <span class='ocrx_word' id='word_1_268' title='bbox 1598 1279 1678 1307; x_wconf 85' lang='lat' dir='ltr'><strong>valde</strong></span> <span class='ocrx_word' id='word_1_269' title='bbox 1698 1279 1835 1314; x_wconf 86' lang='lat' dir='ltr'><strong>suspicor,</strong></span> 
     </span>
    </p>
   </div>
   <div class='ocr_carea' id='block_1_26' title="bbox 207 1325 1834 1365">
    <p class='ocr_par' dir='ltr' id='par_1_26' title="bbox 207 1325 1834 1365">
     <span class='ocr_line' id='line_1_26' title="bbox 207 1325 1834 1365; baseline 0 -12"><span class='ocrx_word' id='word_1_270' title='bbox 207 1327 379 1356; x_wconf 81' lang='lat' dir='ltr'><strong>Anastasium</strong></span> <span class='ocrx_word' id='word_1_271' title='bbox 394 1329 524 1356; x_wconf 82' lang='lat' dir='ltr'><strong>memoria</strong></span> <span class='ocrx_word' id='word_1_272' title='bbox 538 1329 642 1364; x_wconf 82' lang='lat' dir='ltr'><strong>lapsum</strong></span> <span class='ocrx_word' id='word_1_273' title='bbox 659 1336 709 1364; x_wconf 91' lang='lat' dir='ltr'><strong>pro</strong></span> <span class='ocrx_word' id='word_1_274' title='bbox 720 1330 773 1357; x_wconf 90' lang='lat' dir='ltr'><strong>alio</strong></span> <span class='ocrx_word' id='word_1_275' title='bbox 787 1336 869 1365; x_wconf 88' lang='lat' dir='ltr'><strong>opere</strong></span> <span class='ocrx_word' id='word_1_276' title='bbox 893 1329 1001 1357; x_wconf 89' lang='lat' dir='ltr'><strong>Scholia</strong></span> <span class='ocrx_word' id='word_1_277' title='bbox 1025 1329 1168 1363; x_wconf 76' lang='lat' dir='ltr'><strong>posuisse:</strong></span> <span class='ocrx_word' id='word_1_278' title='bbox 1191 1334 1278 1362; x_wconf 85' lang='lat' dir='ltr'><strong>eoque</strong></span> <span class='ocrx_word' id='word_1_279' title='bbox 1302 1325 1469 1362; x_wconf 88' lang='lat' dir='ltr'><strong>probabilior</strong></span> <span class='ocrx_word' id='word_1_280' title='bbox 1492 1326 1610 1360; x_wconf 88' lang='lat' dir='ltr'><strong>suspicio</strong></span> <span class='ocrx_word' id='word_1_281' title='bbox 1626 1327 1749 1357; x_wconf 83' lang='lat' dir='ltr'><strong>videtur,</strong></span> <span class='ocrx_word' id='word_1_282' title='bbox 1765 1326 1834 1361; x_wconf 84' lang='lat' dir='ltr'><strong>quod</strong></span> 
     </span>
    </p>
   </div>
   <div class='ocr_carea' id='block_1_27' title="bbox 207 1371 1836 1410">
    <p class='ocr_par' dir='ltr' id='par_1_27' title="bbox 207 1371 1836 1410">
     <span class='ocr_line' id='line_1_27' title="bbox 207 1371 1836 1410; baseline 0 -11"><span class='ocrx_word' id='word_1_283' title='bbox 207 1371 304 1400; x_wconf 86' lang='lat' dir='ltr'><strong>librum</strong></span> <span class='ocrx_word' id='word_1_284' title='bbox 317 1374 415 1409; x_wconf 80' lang='grc' dir='ltr'>ὁδηγοῦ</span> <span class='ocrx_word' id='word_1_285' title='bbox 431 1375 620 1403; x_wconf 87' lang='lat' dir='ltr'><strong>recordatione</strong></span> <span class='ocrx_word' id='word_1_286' title='bbox 633 1375 723 1410; x_wconf 88' lang='lat' dir='ltr'><strong>potius</strong></span> <span class='ocrx_word' id='word_1_287' title='bbox 737 1383 818 1410; x_wconf 90' lang='lat' dir='ltr'><strong>quam</strong></span> <span class='ocrx_word' id='word_1_288' title='bbox 832 1375 947 1404; x_wconf 86' lang='lat' dir='ltr'><strong>lectione</strong></span> <span class='ocrx_word' id='word_1_289' title='bbox 960 1379 1100 1402; x_wconf 87' lang='lat' dir='ltr'><strong>auctorum</strong></span> <span class='ocrx_word' id='word_1_290' title='bbox 1119 1381 1149 1402; x_wconf 83' lang='lat' dir='ltr'><strong>se</strong></span> <span class='ocrx_word' id='word_1_291' title='bbox 1162 1373 1348 1408; x_wconf 85' lang='lat' dir='ltr'><strong>composuisse</strong></span> <span class='ocrx_word' id='word_1_292' title='bbox 1363 1377 1477 1400; x_wconf 80' lang='lat' dir='ltr'><strong>testatus</strong></span> <span class='ocrx_word' id='word_1_293' title='bbox 1490 1373 1536 1404; x_wconf 91' lang='lat' dir='ltr'><strong>sit,</strong></span> <span class='ocrx_word' id='word_1_294' title='bbox 1552 1377 1718 1407; x_wconf 87' lang='lat' dir='ltr'><strong>moneatque</strong></span> <span class='ocrx_word' id='word_1_295' title='bbox 1736 1372 1836 1399; x_wconf 84' lang='lat' dir='ltr'><strong>idcirco</strong></span> 
     </span>
    </p>
   </div>
   <div class='ocr_carea' id='block_1_28' title="bbox 207 1419 1158 1457">
    <p class='ocr_par' dir='ltr' id='par_1_28' title="bbox 207 1419 1158 1457">
     <span class='ocr_line' id='line_1_28' title="bbox 207 1419 1158 1457; baseline 0 -9"><span class='ocrx_word' id='word_1_296' title='bbox 207 1419 335 1448; x_wconf 88' lang='lat' dir='ltr'><strong>lectorem</strong></span> <span class='ocrx_word' id='word_1_297' title='bbox 349 1423 382 1448; x_wconf 89' lang='lat' dir='ltr'><strong>de</strong></span> <span class='ocrx_word' id='word_1_298' title='bbox 394 1422 621 1457; x_wconf 75' lang='lat' dir='ltr'><strong>recognoscendis</strong></span> <span class='ocrx_word' id='word_1_299' title='bbox 635 1422 677 1449; x_wconf 91' lang='lat' dir='ltr'><strong>vel</strong></span> <span class='ocrx_word' id='word_1_300' title='bbox 695 1423 775 1450; x_wconf 89' lang='lat' dir='ltr'><strong>etiam</strong></span> <span class='ocrx_word' id='word_1_301' title='bbox 793 1422 969 1450; x_wconf 84' lang='lat' dir='ltr'><strong>restituendis</strong></span> <span class='ocrx_word' id='word_1_302' title='bbox 986 1422 1158 1450; x_wconf 85' lang='lat' dir='ltr'><strong>testimoniis.</strong></span> 
     </span>
    </p>
   </div>
   <div class='ocr_carea' id='block_1_29' title="bbox 241 1465 1835 1503">
    <p class='ocr_par' dir='ltr' id='par_1_29' title="bbox 241 1465 1835 1503">
     <span class='ocr_line' id='line_1_29' title="bbox 241 1465 1835 1503; baseline -0.001 -10"><span class='ocrx_word' id='word_1_303' title='bbox 241 1465 391 1495; x_wconf 83' lang='lat' dir='ltr'><strong>Occasione</strong></span> <span class='ocrx_word' id='word_1_304' title='bbox 415 1475 495 1503; x_wconf 90' lang='lat' dir='ltr'><strong>porro</strong></span> <span class='ocrx_word' id='word_1_305' title='bbox 512 1468 694 1502; x_wconf 87' lang='lat' dir='ltr'><strong>Scholiorum,</strong></span> <span class='ocrx_word' id='word_1_306' title='bbox 712 1477 745 1496; x_wconf 87' lang='lat' dir='ltr'><strong>ex</strong></span> <span class='ocrx_word' id='word_1_307' title='bbox 773 1469 869 1502; x_wconf 89' lang='lat' dir='ltr'><strong>quibus</strong></span> <span class='ocrx_word' id='word_1_308' title='bbox 895 1469 944 1495; x_wconf 91' lang='lat' dir='ltr'><strong>tria</strong></span> <span class='ocrx_word' id='word_1_309' title='bbox 975 1468 1129 1496; x_wconf 88' lang='lat' dir='ltr'><strong>testimonia</strong></span> <span class='ocrx_word' id='word_1_310' title='bbox 1151 1467 1340 1496; x_wconf 86' lang='lat' dir='ltr'><strong>Theodoretus</strong></span> <span class='ocrx_word' id='word_1_311' title='bbox 1361 1466 1473 1495; x_wconf 84' lang='lat' dir='ltr'><strong>adduxit</strong></span> <span class='ocrx_word' id='word_1_312' title='bbox 1498 1474 1524 1494; x_wconf 90' lang='lat' dir='ltr'><strong>In</strong></span> <span class='ocrx_word' id='word_1_313' title='bbox 1549 1465 1671 1494; x_wconf 84' lang='lat' dir='ltr'><strong>secundo</strong></span> <span class='ocrx_word' id='word_1_314' title='bbox 1703 1465 1835 1492; x_wconf 73' lang='lat' dir='ltr'><strong>Eranista:</strong></span> 
     </span>
    </p>
   </div>
   <div class='ocr_carea' id='block_1_30' title="bbox 206 1510 1834 1548">
    <p class='ocr_par' dir='ltr' id='par_1_30' title="bbox 206 1510 1834 1548">
     <span class='ocr_line' id='line_1_30' title="bbox 206 1510 1834 1548; baseline 0.001 -11"><span class='ocrx_word' id='word_1_315' title='bbox 206 1511 322 1546; x_wconf 75' lang='lat' dir='ltr'><strong>dialogo,</strong></span> <span class='ocrx_word' id='word_1_316' title='bbox 337 1513 542 1547; x_wconf 81' lang='lat' dir='ltr'><strong>praetermittere</strong></span> <span class='ocrx_word' id='word_1_317' title='bbox 557 1520 609 1540; x_wconf 90' lang='lat' dir='ltr'><strong>non</strong></span> <span class='ocrx_word' id='word_1_318' title='bbox 624 1520 748 1548; x_wconf 88' lang='lat' dir='ltr'><strong>possum,</strong></span> <span class='ocrx_word' id='word_1_319' title='bbox 766 1513 830 1547; x_wconf 91' lang='lat' dir='ltr'><strong>quid</strong></span> <span class='ocrx_word' id='word_1_320' title='bbox 851 1512 1012 1546; x_wconf 75' lang='lat' dir='ltr'><strong>coniecerim</strong></span> <span class='ocrx_word' id='word_1_321' title='bbox 1029 1513 1064 1540; x_wconf 84' lang='lat' dir='ltr'><strong>de</strong></span> <span class='ocrx_word' id='word_1_322' title='bbox 1088 1513 1250 1540; x_wconf 86' lang='lat' dir='ltr'><strong>testimoniis</strong></span> <span class='ocrx_word' id='word_1_323' title='bbox 1267 1513 1334 1546; x_wconf 89' lang='lat' dir='ltr'><strong>illis,</strong></span> <span class='ocrx_word' id='word_1_324' title='bbox 1347 1519 1407 1547; x_wconf 66' lang='lat' dir='ltr'><strong>qua:</strong></span> <span class='ocrx_word' id='word_1_325' title='bbox 1427 1512 1454 1539; x_wconf 89' lang='lat' dir='ltr'><strong>in</strong></span> <span class='ocrx_word' id='word_1_326' title='bbox 1474 1511 1589 1539; x_wconf 83' lang='lat' dir='ltr'><strong>concilio</strong></span> <span class='ocrx_word' id='word_1_327' title='bbox 1615 1510 1834 1538; x_wconf 82' lang='lat' dir='ltr'><strong>Chalcedonensi</strong></span> 
     </span>
    </p>
   </div>
   <div class='ocr_carea' id='block_1_31' title="bbox 205 1551 1835 1594">
    <p class='ocr_par' dir='ltr' id='par_1_31' title="bbox 205 1551 1835 1594">
     <span class='ocr_line' id='line_1_31' title="bbox 205 1551 1835 1594; baseline 0 -10"><span class='ocrx_word' id='word_1_328' title='bbox 205 1558 293 1591; x_wconf 82' lang='lat' dir='ltr'><strong>sancti</strong></span> <span class='ocrx_word' id='word_1_329' title='bbox 310 1557 408 1585; x_wconf 87' lang='lat' dir='ltr'><strong>Leonis</strong></span> <span class='ocrx_word' id='word_1_330' title='bbox 419 1551 539 1592; x_wconf 57' lang='lat' dir='ltr'><strong>epistolae</strong></span> <span class='ocrx_word' id='word_1_331' title='bbox 552 1559 693 1594; x_wconf 85' lang='lat' dir='ltr'><strong>subjuncta</strong></span> <span class='ocrx_word' id='word_1_332' title='bbox 712 1562 776 1586; x_wconf 87' lang='lat' dir='ltr'><strong>sunt</strong></span> <span class='ocrx_word' id='word_1_333' title='bbox 790 1567 797 1586; x_wconf 75' lang='grc' dir='ltr'>ε</span> <span class='ocrx_word' id='word_1_334' title='bbox 814 1566 846 1586; x_wconf 88' lang='lat' dir='ltr'><strong>ea</strong></span> <span class='ocrx_word' id='word_1_335' title='bbox 859 1566 982 1592; x_wconf 88' lang='lat' dir='ltr'><strong>nempea</strong></span> <span class='ocrx_word' id='word_1_336' title='bbox 1000 1558 1172 1586; x_wconf 85' lang='lat' dir='ltr'><strong>Theodorcto</strong></span> <span class='ocrx_word' id='word_1_337' title='bbox 1191 1558 1318 1593; x_wconf 82' lang='lat' dir='ltr'><strong>adjuncta</strong></span> <span class='ocrx_word' id='word_1_338' title='bbox 1336 1566 1414 1591; x_wconf 86' lang='lat' dir='ltr'><strong>esse;</strong></span> <span class='ocrx_word' id='word_1_339' title='bbox 1433 1565 1495 1585; x_wconf 87' lang='lat' dir='ltr'><strong>nam</strong></span> <span class='ocrx_word' id='word_1_340' title='bbox 1510 1558 1600 1585; x_wconf 89' lang='lat' dir='ltr'><strong>omnia</strong></span> <span class='ocrx_word' id='word_1_341' title='bbox 1617 1557 1732 1584; x_wconf 87' lang='lat' dir='ltr'><strong>totidem</strong></span> <span class='ocrx_word' id='word_1_342' title='bbox 1746 1557 1835 1584; x_wconf 80' lang='lat' dir='ltr'><strong>verbis</strong></span> 
     </span>
    </p>
   </div>
   <div class='ocr_carea' id='block_1_32' title="bbox 206 1601 1835 1638">
    <p class='ocr_par' dir='ltr' id='par_1_32' title="bbox 206 1601 1835 1638">
     <span class='ocr_line' id='line_1_32' title="bbox 206 1601 1835 1638; baseline 0 -11"><span class='ocrx_word' id='word_1_343' title='bbox 206 1601 350 1636; x_wconf 71' lang='lat' dir='ltr'><strong>indialogo</strong></span> <span class='ocrx_word' id='word_1_344' title='bbox 361 1610 441 1637; x_wconf 87' lang='lat' dir='ltr'><strong>quem</strong></span> <span class='ocrx_word' id='word_1_345' title='bbox 453 1602 521 1635; x_wconf 85' lang='lat' dir='ltr'><strong>dixi,</strong></span> <span class='ocrx_word' id='word_1_346' title='bbox 537 1603 674 1637; x_wconf 76' lang='lat' dir='ltr'><strong>leguntur,</strong></span> <span class='ocrx_word' id='word_1_347' title='bbox 689 1603 816 1638; x_wconf 89' lang='lat' dir='ltr'><strong>nullaque</strong></span> <span class='ocrx_word' id='word_1_348' title='bbox 827 1604 856 1630; x_wconf 80' lang='lat' dir='ltr'><strong>iit</strong></span> <span class='ocrx_word' id='word_1_349' title='bbox 872 1603 897 1630; x_wconf 92' lang='lat' dir='ltr'><strong>in</strong></span> <span class='ocrx_word' id='word_1_350' title='bbox 912 1608 965 1630; x_wconf 88' lang='lat' dir='ltr'><strong>tota</strong></span> <span class='ocrx_word' id='word_1_351' title='bbox 979 1603 1094 1637; x_wconf 87' lang='lat' dir='ltr'><strong>cpistola</strong></span> <span class='ocrx_word' id='word_1_352' title='bbox 1106 1603 1164 1630; x_wconf 87' lang='lat' dir='ltr'><strong>sive</strong></span> <span class='ocrx_word' id='word_1_353' title='bbox 1177 1605 1288 1637; x_wconf 89' lang='lat' dir='ltr'><strong>mentio,</strong></span> <span class='ocrx_word' id='word_1_354' title='bbox 1302 1603 1360 1630; x_wconf 87' lang='lat' dir='ltr'><strong>sive</strong></span> <span class='ocrx_word' id='word_1_355' title='bbox 1373 1603 1518 1637; x_wconf 83' lang='lat' dir='ltr'><strong>promissio</strong></span> <span class='ocrx_word' id='word_1_356' title='bbox 1533 1601 1748 1629; x_wconf 77' lang='lat' dir='ltr'><strong>aﬂ‘erendorum.</strong></span> <span class='ocrx_word' id='word_1_357' title='bbox 1763 1601 1835 1628; x_wconf 88' lang='lat' dir='ltr'><strong>Adde</strong></span> 
     </span>
    </p>
   </div>
   <div class='ocr_carea' id='block_1_33' title="bbox 205 1647 1835 1684">
    <p class='ocr_par' dir='ltr' id='par_1_33' title="bbox 205 1647 1835 1684">
     <span class='ocr_line' id='line_1_33' title="bbox 205 1647 1835 1684; baseline 0.001 -11"><span class='ocrx_word' id='word_1_358' title='bbox 205 1648 277 1682; x_wconf 85' lang='lat' dir='ltr'><strong>quod</strong></span> <span class='ocrx_word' id='word_1_359' title='bbox 293 1648 479 1676; x_wconf 86' lang='lat' dir='ltr'><strong>Theodoretus</strong></span> <span class='ocrx_word' id='word_1_360' title='bbox 494 1657 508 1676; x_wconf 88' lang='lat' dir='ltr'><strong>a</strong></span> <span class='ocrx_word' id='word_1_361' title='bbox 523 1649 650 1677; x_wconf 82' lang='lat' dir='ltr'><strong>Facundo</strong></span> <span class='ocrx_word' id='word_1_362' title='bbox 667 1649 768 1676; x_wconf 88' lang='lat' dir='ltr'><strong>dicitur</strong></span> <span class='ocrx_word' id='word_1_363' title='bbox 783 1649 934 1676; x_wconf 84' lang='lat' dir='ltr'><strong>asseruissc</strong></span> <span class='ocrx_word' id='word_1_364' title='bbox 946 1650 1076 1676; x_wconf 85' lang='lat' dir='ltr'><strong>adversus</strong></span> <span class='ocrx_word' id='word_1_365' title='bbox 1093 1649 1251 1676; x_wconf 60' lang='lat' dir='ltr'><strong>Palmstinos</strong></span> <span class='ocrx_word' id='word_1_366' title='bbox 1273 1653 1300 1676; x_wconf 93' lang='lat' dir='ltr'><strong>et</strong></span> <span class='ocrx_word' id='word_1_367' title='bbox 1313 1648 1482 1684; x_wconf 87' lang='lat' dir='ltr'><strong>Illyricianos</strong></span> <span class='ocrx_word' id='word_1_368' title='bbox 1496 1648 1675 1676; x_wconf 86' lang='lat' dir='ltr'><strong>reclamantes</strong></span> <span class='ocrx_word' id='word_1_369' title='bbox 1691 1647 1835 1682; x_wconf 87' lang='lat' dir='ltr'><strong>epistolam</strong></span> 
     </span>
    </p>
   </div>
   <div class='ocr_carea' id='block_1_34' title="bbox 204 1694 1834 1733">
    <p class='ocr_par' dir='ltr' id='par_1_34' title="bbox 204 1694 1834 1733">
     <span class='ocr_line' id='line_1_34' title="bbox 204 1694 1834 1733; baseline 0 -12"><span class='ocrx_word' id='word_1_370' title='bbox 204 1694 314 1728; x_wconf 88' lang='lat' dir='ltr'><strong>Leonis,</strong></span> <span class='ocrx_word' id='word_1_371' title='bbox 328 1696 444 1723; x_wconf 87' lang='lat' dir='ltr'><strong>adducto</strong></span> <span class='ocrx_word' id='word_1_372' title='bbox 459 1697 573 1730; x_wconf 88' lang='lat' dir='ltr'><strong>scilicet,</strong></span> <span class='ocrx_word' id='word_1_373' title='bbox 594 1701 623 1723; x_wconf 91' lang='lat' dir='ltr'><strong>ut</strong></span> <span class='ocrx_word' id='word_1_374' title='bbox 633 1697 734 1724; x_wconf 89' lang='lat' dir='ltr'><strong>habent</strong></span> <span class='ocrx_word' id='word_1_375' title='bbox 745 1701 805 1733; x_wconf 70' lang='lat' dir='ltr'><strong>acta</strong></span> <span class='ocrx_word' id='word_1_376' title='bbox 819 1696 928 1724; x_wconf 83' lang='lat' dir='ltr'><strong>concilii</strong></span> <span class='ocrx_word' id='word_1_377' title='bbox 942 1696 1173 1724; x_wconf 89' lang='lat' dir='ltr'><strong>Chalcedonensis</strong></span> <span class='ocrx_word' id='word_1_378' title='bbox 1184 1716 1192 1729; x_wconf 93' lang='lat'><strong>,</strong></span> <span class='ocrx_word' id='word_1_379' title='bbox 1205 1696 1377 1728; x_wconf 86' lang='lat' dir='ltr'><strong>testimonio,</strong></span> <span class='ocrx_word' id='word_1_380' title='bbox 1395 1695 1465 1730; x_wconf 93' lang='lat' dir='ltr'><strong>quod</strong></span> <span class='ocrx_word' id='word_1_381' title='bbox 1481 1696 1553 1722; x_wconf 91' lang='lat' dir='ltr'><strong>inter</strong></span> <span class='ocrx_word' id='word_1_382' title='bbox 1565 1695 1711 1730; x_wconf 68' lang='lat' dir='ltr'><strong>subiuncta</strong></span> <span class='ocrx_word' id='word_1_383' title='bbox 1727 1694 1834 1730; x_wconf 78' lang='lat' dir='ltr'><strong>legitur.</strong></span> 
     </span>
    </p>
   </div>
   <div class='ocr_carea' id='block_1_35' title="bbox 204 1740 1834 1778">
    <p class='ocr_par' dir='ltr' id='par_1_35' title="bbox 204 1740 1834 1778">
     <span class='ocr_line' id='line_1_35' title="bbox 204 1740 1834 1778; baseline 0 -11"><span class='ocrx_word' id='word_1_384' title='bbox 204 1740 264 1768; x_wconf 79' lang='lat' dir='ltr'><strong>Non</strong></span> <span class='ocrx_word' id='word_1_385' title='bbox 280 1741 374 1768; x_wconf 83' lang='lat' dir='ltr'><strong>luisset</strong></span> <span class='ocrx_word' id='word_1_386' title='bbox 386 1749 449 1769; x_wconf 86' lang='lat' dir='ltr'><strong>vero</strong></span> <span class='ocrx_word' id='word_1_387' title='bbox 461 1743 578 1770; x_wconf 82' lang='lat' dir='ltr'><strong>adducto</strong></span> <span class='ocrx_word' id='word_1_388' title='bbox 593 1750 671 1777; x_wconf 87' lang='lat' dir='ltr'><strong>opus,</strong></span> <span class='ocrx_word' id='word_1_389' title='bbox 684 1743 707 1770; x_wconf 91' lang='lat' dir='ltr'><strong>si</strong></span> <span class='ocrx_word' id='word_1_390' title='bbox 720 1743 776 1777; x_wconf 82' lang='lat' dir='ltr'><strong>iam</strong></span> <span class='ocrx_word' id='word_1_391' title='bbox 787 1743 907 1778; x_wconf 62' lang='lat' dir='ltr'><strong>epistola:</strong></span> <span class='ocrx_word' id='word_1_392' title='bbox 920 1742 1092 1776; x_wconf 72' lang='lat' dir='ltr'><strong>subiunctum</strong></span> <span class='ocrx_word' id='word_1_393' title='bbox 1105 1747 1176 1769; x_wconf 84' lang='lat' dir='ltr'><strong>esset</strong></span> <span class='ocrx_word' id='word_1_394' title='bbox 1193 1750 1200 1768; x_wconf 93' lang='lat'><strong>:</strong></span> <span class='ocrx_word' id='word_1_395' title='bbox 1216 1742 1310 1769; x_wconf 84' lang='lat' dir='ltr'><strong>fuisset</strong></span> <span class='ocrx_word' id='word_1_396' title='bbox 1325 1742 1397 1769; x_wconf 91' lang='lat' dir='ltr'><strong>enim</strong></span> <span class='ocrx_word' id='word_1_397' title='bbox 1417 1741 1510 1777; x_wconf 91' lang='lat' dir='ltr'><strong>procul</strong></span> <span class='ocrx_word' id='word_1_398' title='bbox 1522 1741 1603 1769; x_wconf 90' lang='lat' dir='ltr'><strong>dubio</strong></span> <span class='ocrx_word' id='word_1_399' title='bbox 1623 1741 1707 1768; x_wconf 80' lang='lat' dir='ltr'><strong>simul</strong></span> <span class='ocrx_word' id='word_1_400' title='bbox 1723 1741 1834 1775; x_wconf 82' lang='lat' dir='ltr'><strong>lectum,</strong></span> 
     </span>
    </p>
   </div>
   <div class='ocr_carea' id='block_1_36' title="bbox 205 1787 1834 1824">
    <p class='ocr_par' dir='ltr' id='par_1_36' title="bbox 205 1787 1834 1824">
     <span class='ocr_line' id='line_1_36' title="bbox 205 1787 1834 1824; baseline -0.002 -7"><span class='ocrx_word' id='word_1_401' title='bbox 205 1788 312 1823; x_wconf 75' lang='lat' dir='ltr'><strong>aliaque</strong></span> <span class='ocrx_word' id='word_1_402' title='bbox 334 1789 453 1822; x_wconf 86' lang='lat' dir='ltr'><strong>pariter,</strong></span> <span class='ocrx_word' id='word_1_403' title='bbox 479 1789 501 1816; x_wconf 94' lang='lat' dir='ltr'><strong>si</strong></span> <span class='ocrx_word' id='word_1_404' title='bbox 523 1790 604 1817; x_wconf 90' lang='lat' dir='ltr'><strong>modo</strong></span> <span class='ocrx_word' id='word_1_405' title='bbox 631 1790 721 1824; x_wconf 88' lang='lat' dir='ltr'><strong>aliqua</strong></span> <span class='ocrx_word' id='word_1_406' title='bbox 735 1794 826 1817; x_wconf 88' lang='lat' dir='ltr'><strong>essent</strong></span> <span class='ocrx_word' id='word_1_407' title='bbox 850 1794 915 1817; x_wconf 88' lang='lat' dir='ltr'><strong>tunc</strong></span> <span class='ocrx_word' id='word_1_408' title='bbox 939 1790 1077 1824; x_wconf 87' lang='lat' dir='ltr'><strong>temporis.</strong></span> <span class='ocrx_word' id='word_1_409' title='bbox 1104 1790 1172 1823; x_wconf 87' lang='lat' dir='ltr'><strong>Quid</strong></span> <span class='ocrx_word' id='word_1_410' title='bbox 1194 1789 1264 1824; x_wconf 91' lang='lat' dir='ltr'><strong>quod</strong></span> <span class='ocrx_word' id='word_1_411' title='bbox 1290 1796 1305 1816; x_wconf 93' lang='lat' dir='ltr'><strong>a</strong></span> <span class='ocrx_word' id='word_1_412' title='bbox 1330 1788 1502 1816; x_wconf 83' lang='lat' dir='ltr'><strong>Theodoreto</strong></span> <span class='ocrx_word' id='word_1_413' title='bbox 1525 1792 1573 1815; x_wconf 89' lang='lat' dir='ltr'><strong>aut</strong></span> <span class='ocrx_word' id='word_1_414' title='bbox 1588 1793 1663 1816; x_wconf 88' lang='lat' dir='ltr'><strong>certe</strong></span> <span class='ocrx_word' id='word_1_415' title='bbox 1683 1787 1720 1815; x_wconf 90' lang='lat' dir='ltr'><strong>ab</strong></span> <span class='ocrx_word' id='word_1_416' title='bbox 1739 1788 1773 1815; x_wconf 91' lang='lat' dir='ltr'><strong>iis</strong></span> <span class='ocrx_word' id='word_1_417' title='bbox 1791 1788 1834 1822; x_wconf 86' lang='lat' dir='ltr'><strong>qui</strong></span> 
     </span>
    </p>
   </div>
   <div class='ocr_carea' id='block_1_37' title="bbox 205 1833 1834 1869">
    <p class='ocr_par' dir='ltr' id='par_1_37' title="bbox 205 1833 1834 1869">
     <span class='ocr_line' id='line_1_37' title="bbox 205 1833 1834 1869; baseline 0 -9"><span class='ocrx_word' id='word_1_418' title='bbox 205 1833 367 1862; x_wconf 79' lang='lat' dir='ltr'><strong>Theodoreti</strong></span> <span class='ocrx_word' id='word_1_419' title='bbox 394 1835 514 1869; x_wconf 85' lang='lat' dir='ltr'><strong>partibus</strong></span> <span class='ocrx_word' id='word_1_420' title='bbox 540 1835 700 1868; x_wconf 83' lang='lat' dir='ltr'><strong>studebant,</strong></span> <span class='ocrx_word' id='word_1_421' title='bbox 727 1843 831 1863; x_wconf 86' lang='lat' dir='ltr'><strong>versam</strong></span> <span class='ocrx_word' id='word_1_422' title='bbox 859 1835 886 1862; x_wconf 90' lang='lat' dir='ltr'><strong>in</strong></span> <span class='ocrx_word' id='word_1_423' title='bbox 915 1842 1067 1862; x_wconf 88' lang='lat' dir='ltr'><strong>sermonem</strong></span> <span class='ocrx_word' id='word_1_424' title='bbox 1101 1834 1225 1862; x_wconf 83' lang='lat' dir='ltr'><strong>Graecum</strong></span> <span class='ocrx_word' id='word_1_425' title='bbox 1260 1835 1402 1869; x_wconf 86' lang='lat' dir='ltr'><strong>epistolam</strong></span> <span class='ocrx_word' id='word_1_426' title='bbox 1430 1834 1566 1868; x_wconf 89' lang='lat' dir='ltr'><strong>proditum</strong></span> <span class='ocrx_word' id='word_1_427' title='bbox 1593 1838 1659 1866; x_wconf 87' lang='lat' dir='ltr'><strong>est,</strong></span> <span class='ocrx_word' id='word_1_428' title='bbox 1684 1833 1742 1861; x_wconf 89' lang='lat' dir='ltr'><strong>imo</strong></span> <span class='ocrx_word' id='word_1_429' title='bbox 1769 1838 1798 1861; x_wconf 86' lang='lat' dir='ltr'><strong>et</strong></span> <span class='ocrx_word' id='word_1_430' title='bbox 1819 1841 1834 1860; x_wconf 85' lang='lat' dir='ltr'><strong>a</strong></span> 
     </span>
    </p>
   </div>
   <div class='ocr_carea' id='block_1_38' title="bbox 205 1882 1833 1921">
    <p class='ocr_par' dir='ltr' id='par_1_38' title="bbox 205 1882 1833 1921">
     <span class='ocr_line' id='line_1_38' title="bbox 205 1882 1833 1921; baseline 0.001 -13"><span class='ocrx_word' id='word_1_431' title='bbox 205 1882 371 1909; x_wconf 81' lang='lat' dir='ltr'><strong>vertentibus</strong></span> <span class='ocrx_word' id='word_1_432' title='bbox 388 1882 520 1915; x_wconf 85' lang='lat' dir='ltr'><strong>vitiatam,</strong></span> <span class='ocrx_word' id='word_1_433' title='bbox 535 1884 606 1921; x_wconf 83' lang='lat' dir='ltr'><strong>quod</strong></span> <span class='ocrx_word' id='word_1_434' title='bbox 622 1888 788 1918; x_wconf 90' lang='lat' dir='ltr'><strong>postremum</strong></span> <span class='ocrx_word' id='word_1_435' title='bbox 806 1882 861 1910; x_wconf 90' lang='lat' dir='ltr'><strong>Leo</strong></span> <span class='ocrx_word' id='word_1_436' title='bbox 876 1883 933 1918; x_wconf 87' lang='lat' dir='ltr'><strong>ipse</strong></span> <span class='ocrx_word' id='word_1_437' title='bbox 949 1883 1072 1917; x_wconf 88' lang='lat' dir='ltr'><strong>queritur</strong></span> <span class='ocrx_word' id='word_1_438' title='bbox 1092 1883 1162 1917; x_wconf 89' lang='lat' dir='ltr'><strong>apttd</strong></span> <span class='ocrx_word' id='word_1_439' title='bbox 1177 1882 1344 1910; x_wconf 83' lang='lat' dir='ltr'><strong>Marcianum</strong></span> <span class='ocrx_word' id='word_1_440' title='bbox 1368 1883 1570 1918; x_wconf 88' lang='lat' dir='ltr'><strong>imperatorem.</strong></span> <span class='ocrx_word' id='word_1_441' title='bbox 1587 1882 1710 1910; x_wconf 81' lang='lat' dir='ltr'><strong>Accedat</strong></span> <span class='ocrx_word' id='word_1_442' title='bbox 1731 1883 1814 1910; x_wconf 88' lang='lat' dir='ltr'><strong>etiam</strong></span> <span class='ocrx_word' id='word_1_443' title='bbox 1825 1903 1833 1916; x_wconf 86' lang='lat'><strong>,</strong></span> 
     </span>
    </p>
   </div>
   <div class='ocr_carea' id='block_1_39' title="bbox 206 1927 1834 1964">
    <p class='ocr_par' dir='ltr' id='par_1_39' title="bbox 206 1927 1834 1964">
     <span class='ocr_line' id='line_1_39' title="bbox 206 1927 1834 1964; baseline 0.001 -10"><span class='ocrx_word' id='word_1_444' title='bbox 206 1927 276 1964; x_wconf 91' lang='lat' dir='ltr'><strong>quod</strong></span> <span class='ocrx_word' id='word_1_445' title='bbox 294 1928 319 1954; x_wconf 95' lang='lat' dir='ltr'><strong>in</strong></span> <span class='ocrx_word' id='word_1_446' title='bbox 335 1927 446 1962; x_wconf 89' lang='lat' dir='ltr'><strong>epistola</strong></span> <span class='ocrx_word' id='word_1_447' title='bbox 462 1928 583 1962; x_wconf 81' lang='lat' dir='ltr'><strong>pontifex</strong></span> <span class='ocrx_word' id='word_1_448' title='bbox 599 1928 675 1963; x_wconf 88' lang='lat' dir='ltr'><strong>plura</strong></span> <span class='ocrx_word' id='word_1_449' title='bbox 691 1928 869 1962; x_wconf 78' lang='lat' dir='ltr'><strong>Iidei&#39;capita,</strong></span> <span class='ocrx_word' id='word_1_450' title='bbox 886 1935 940 1955; x_wconf 94' lang='lat' dir='ltr'><strong>non</strong></span> <span class='ocrx_word' id='word_1_451' title='bbox 959 1932 1061 1955; x_wconf 87' lang='lat' dir='ltr'><strong>tantum</strong></span> <span class='ocrx_word' id='word_1_452' title='bbox 1078 1928 1209 1955; x_wconf 78' lang='lat' dir='ltr'><strong>adversus</strong></span> <span class='ocrx_word' id='word_1_453' title='bbox 1226 1927 1386 1963; x_wconf 85' lang='lat' dir='ltr'><strong>Eutychem,</strong></span> <span class='ocrx_word' id='word_1_454' title='bbox 1401 1928 1447 1955; x_wconf 88' lang='lat' dir='ltr'><strong>sed</strong></span> <span class='ocrx_word' id='word_1_455' title='bbox 1461 1928 1542 1955; x_wconf 86' lang='lat' dir='ltr'><strong>etiam</strong></span> <span class='ocrx_word' id='word_1_456' title='bbox 1559 1933 1654 1956; x_wconf 90' lang='lat' dir='ltr'><strong>contra</strong></span> <span class='ocrx_word' id='word_1_457' title='bbox 1676 1927 1834 1956; x_wconf 87' lang='lat' dir='ltr'><strong>Nestorium</strong></span> 
     </span>
    </p>
   </div>
   <div class='ocr_carea' id='block_1_40' title="bbox 205 1975 1833 2012">
    <p class='ocr_par' dir='ltr' id='par_1_40' title="bbox 205 1975 1833 2012">
     <span class='ocr_line' id='line_1_40' title="bbox 205 1975 1833 2012; baseline -0.001 -9"><span class='ocrx_word' id='word_1_458' title='bbox 205 1981 341 2010; x_wconf 79' lang='lat' dir='ltr'><strong>exponat;</strong></span> <span class='ocrx_word' id='word_1_459' title='bbox 358 1983 407 2002; x_wconf 91' lang='lat' dir='ltr'><strong>nec</strong></span> <span class='ocrx_word' id='word_1_460' title='bbox 419 1975 471 2002; x_wconf 83' lang='lat' dir='ltr'><strong>alia</strong></span> <span class='ocrx_word' id='word_1_461' title='bbox 488 1980 576 2002; x_wconf 88' lang='lat' dir='ltr'><strong>tamen</strong></span> <span class='ocrx_word' id='word_1_462' title='bbox 593 1976 744 2004; x_wconf 88' lang='lat' dir='ltr'><strong>testimonia</strong></span> <span class='ocrx_word' id='word_1_463' title='bbox 757 1977 919 2009; x_wconf 89' lang='lat' dir='ltr'><strong>subdantur,</strong></span> <span class='ocrx_word' id='word_1_464' title='bbox 930 1985 1010 2012; x_wconf 86' lang='lat' dir='ltr'><strong>quam</strong></span> <span class='ocrx_word' id='word_1_465' title='bbox 1024 1984 1085 2011; x_wconf 65' lang='lat' dir='ltr'><strong>quas</strong></span> <span class='ocrx_word' id='word_1_466' title='bbox 1101 1977 1134 2003; x_wconf 89' lang='lat' dir='ltr'><strong>ad</strong></span> <span class='ocrx_word' id='word_1_467' title='bbox 1150 1976 1352 2004; x_wconf 84' lang='lat' dir='ltr'><strong>distinctionem</strong></span> <span class='ocrx_word' id='word_1_468' title='bbox 1367 1979 1524 2002; x_wconf 88' lang='lat' dir='ltr'><strong>naturarum</strong></span> <span class='ocrx_word' id='word_1_469' title='bbox 1538 1975 1718 2003; x_wconf 88' lang='lat' dir='ltr'><strong>asserendam</strong></span> <span class='ocrx_word' id='word_1_470' title='bbox 1734 1976 1833 2008; x_wconf 84' lang='lat' dir='ltr'><strong>valent,</strong></span> 
     </span>
    </p>
   </div>
   <div class='ocr_carea' id='block_1_41' title="bbox 206 2021 1835 2057">
    <p class='ocr_par' dir='ltr' id='par_1_41' title="bbox 206 2021 1835 2057">
     <span class='ocr_line' id='line_1_41' title="bbox 206 2021 1835 2057; baseline 0.001 -10"><span class='ocrx_word' id='word_1_471' title='bbox 206 2027 320 2054; x_wconf 62' lang='lat' dir='ltr'><strong>quaeque</strong></span> <span class='ocrx_word' id='word_1_472' title='bbox 332 2021 357 2048; x_wconf 92' lang='lat' dir='ltr'><strong>in</strong></span> <span class='ocrx_word' id='word_1_473' title='bbox 371 2021 477 2056; x_wconf 78' lang='lat' dir='ltr'><strong>dialogo</strong></span> <span class='ocrx_word' id='word_1_474' title='bbox 493 2021 538 2056; x_wconf 90' lang='lat' dir='ltr'><strong>qui</strong></span> <span class='ocrx_word' id='word_1_475' title='bbox 556 2021 655 2049; x_wconf 90' lang='lat' dir='ltr'><strong>dicitur</strong></span> <span class='ocrx_word' id='word_1_476' title='bbox 667 2021 839 2057; x_wconf 77' lang='lat' dir='ltr'><strong>luconfustu,</strong></span> <span class='ocrx_word' id='word_1_477' title='bbox 856 2023 976 2050; x_wconf 86' lang='lat' dir='ltr'><strong>adhibita</strong></span> <span class='ocrx_word' id='word_1_478' title='bbox 992 2023 1097 2050; x_wconf 81' lang='lat' dir='ltr'><strong>fuerant</strong></span> <span class='ocrx_word' id='word_1_479' title='bbox 1119 2022 1152 2049; x_wconf 88' lang='lat' dir='ltr'><strong>ad</strong></span> <span class='ocrx_word' id='word_1_480' title='bbox 1170 2029 1228 2055; x_wconf 84' lang='lat' dir='ltr'><strong>eos,</strong></span> <span class='ocrx_word' id='word_1_481' title='bbox 1241 2021 1287 2056; x_wconf 90' lang='lat' dir='ltr'><strong>qui</strong></span> <span class='ocrx_word' id='word_1_482' title='bbox 1311 2021 1481 2049; x_wconf 86' lang='lat' dir='ltr'><strong>Theodoreto</strong></span> <span class='ocrx_word' id='word_1_483' title='bbox 1502 2021 1708 2056; x_wconf 83' lang='lat' dir='ltr'><strong>Apollinarismi</strong></span> <span class='ocrx_word' id='word_1_484' title='bbox 1727 2023 1835 2049; x_wconf 77' lang='lat' dir='ltr'><strong>nomine</strong></span> 
     </span>
    </p>
   </div>
   <div class='ocr_carea' id='block_1_42' title="bbox 207 2067 1834 2104">
    <p class='ocr_par' dir='ltr' id='par_1_42' title="bbox 207 2067 1834 2104">
     <span class='ocr_line' id='line_1_42' title="bbox 207 2067 1834 2104; baseline 0.001 -11"><span class='ocrx_word' id='word_1_485' title='bbox 207 2068 323 2102; x_wconf 82' lang='lat' dir='ltr'><strong>suspecti</strong></span> <span class='ocrx_word' id='word_1_486' title='bbox 342 2073 429 2100; x_wconf 84' lang='lat' dir='ltr'><strong>erant,</strong></span> <span class='ocrx_word' id='word_1_487' title='bbox 450 2067 647 2101; x_wconf 81' lang='lat' dir='ltr'><strong>confutandos;</strong></span> <span class='ocrx_word' id='word_1_488' title='bbox 667 2076 721 2095; x_wconf 92' lang='lat' dir='ltr'><strong>non</strong></span> <span class='ocrx_word' id='word_1_489' title='bbox 737 2068 885 2096; x_wconf 80' lang='lat' dir='ltr'><strong>aﬂ&#39;erantur</strong></span> <span class='ocrx_word' id='word_1_490' title='bbox 898 2077 958 2104; x_wconf 77' lang='lat' dir='ltr'><strong>qua:</strong></span> <span class='ocrx_word' id='word_1_491' title='bbox 972 2077 1005 2098; x_wconf 87' lang='lat' dir='ltr'><strong>cx</strong></span> <span class='ocrx_word' id='word_1_492' title='bbox 1023 2069 1099 2098; x_wconf 91' lang='lat' dir='ltr'><strong>libris</strong></span> <span class='ocrx_word' id='word_1_493' title='bbox 1114 2073 1208 2097; x_wconf 89' lang='lat' dir='ltr'><strong>contra</strong></span> <span class='ocrx_word' id='word_1_494' title='bbox 1223 2067 1376 2096; x_wconf 79' lang='lat' dir='ltr'><strong>Nestorium</strong></span> <span class='ocrx_word' id='word_1_495' title='bbox 1397 2067 1517 2102; x_wconf 84' lang='lat' dir='ltr'><strong>scriptis,</strong></span> <span class='ocrx_word' id='word_1_496' title='bbox 1537 2068 1563 2094; x_wconf 93' lang='lat' dir='ltr'><strong>in</strong></span> <span class='ocrx_word' id='word_1_497' title='bbox 1581 2067 1639 2102; x_wconf 92' lang='lat' dir='ltr'><strong>ipso</strong></span> <span class='ocrx_word' id='word_1_498' title='bbox 1653 2068 1738 2094; x_wconf 88' lang='lat' dir='ltr'><strong>etiam</strong></span> <span class='ocrx_word' id='word_1_499' title='bbox 1752 2068 1834 2095; x_wconf 81' lang='lat' dir='ltr'><strong>citato</strong></span> 
     </span>
    </p>
   </div>
   <div class='ocr_carea' id='block_1_43' title="bbox 207 2113 460 2149">
    <p class='ocr_par' dir='ltr' id='par_1_43' title="bbox 207 2113 460 2149">
     <span class='ocr_line' id='line_1_43' title="bbox 207 2113 460 2149; baseline 0 -9"><span class='ocrx_word' id='word_1_500' title='bbox 207 2113 312 2148; x_wconf 78' lang='lat' dir='ltr'><strong>dialogo</strong></span> <span class='ocrx_word' id='word_1_501' title='bbox 327 2114 460 2149; x_wconf 67' lang='lat' dir='ltr'><strong>leguntur.</strong></span> 
     </span>
    </p>
   </div>
   <div class='ocr_carea' id='block_1_44' title="bbox 242 2157 1833 2193">
    <p class='ocr_par' dir='ltr' id='par_1_44' title="bbox 242 2157 1833 2193">
     <span class='ocr_line' id='line_1_44' title="bbox 242 2157 1833 2193; baseline 0 -8"><span class='ocrx_word' id='word_1_502' title='bbox 242 2158 340 2192; x_wconf 77' lang='lat' dir='ltr'><strong>Quanti</strong></span> <span class='ocrx_word' id='word_1_503' title='bbox 358 2167 421 2187; x_wconf 88' lang='lat' dir='ltr'><strong>vero</strong></span> <span class='ocrx_word' id='word_1_504' title='bbox 437 2159 515 2193; x_wconf 82' lang='lat' dir='ltr'><strong>pretii</strong></span> <span class='ocrx_word' id='word_1_505' title='bbox 533 2159 569 2186; x_wconf 85' lang='lat' dir='ltr'><strong>sit</strong></span> <span class='ocrx_word' id='word_1_506' title='bbox 580 2157 736 2193; x_wconf 88' lang='lat' dir='ltr'><strong>opusculum</strong></span> <span class='ocrx_word' id='word_1_507' title='bbox 753 2158 834 2193; x_wconf 84' lang='lat' dir='ltr'><strong>istud,</strong></span> <span class='ocrx_word' id='word_1_508' title='bbox 849 2160 985 2186; x_wconf 82' lang='lat' dir='ltr'><strong>:cstimare</strong></span> <span class='ocrx_word' id='word_1_509' title='bbox 1003 2159 1066 2186; x_wconf 88' lang='lat' dir='ltr'><strong>licet</strong></span> <span class='ocrx_word' id='word_1_510' title='bbox 1082 2158 1123 2186; x_wconf 90' lang='lat' dir='ltr'><strong>vel</strong></span> <span class='ocrx_word' id='word_1_511' title='bbox 1139 2159 1201 2186; x_wconf 85' lang='lat' dir='ltr'><strong>inde</strong></span> <span class='ocrx_word' id='word_1_512' title='bbox 1213 2159 1341 2192; x_wconf 84' lang='lat' dir='ltr'><strong>maxime,</strong></span> <span class='ocrx_word' id='word_1_513' title='bbox 1353 2157 1424 2193; x_wconf 87' lang='lat' dir='ltr'><strong>quod</strong></span> <span class='ocrx_word' id='word_1_514' title='bbox 1439 2165 1518 2185; x_wconf 91' lang='lat' dir='ltr'><strong>nemo</strong></span> <span class='ocrx_word' id='word_1_515' title='bbox 1537 2157 1594 2186; x_wconf 77' lang='lat' dir='ltr'><strong>fere</strong></span> <span class='ocrx_word' id='word_1_516' title='bbox 1607 2158 1833 2192; x_wconf 86' lang='lat' dir='ltr'><strong>consequentium</strong></span> 
     </span>
    </p>
   </div>
   <div class='ocr_carea' id='block_1_45' title="bbox 206 2204 1831 2242">
    <p class='ocr_par' dir='ltr' id='par_1_45' title="bbox 206 2204 1831 2242">
     <span class='ocr_line' id='line_1_45' title="bbox 206 2204 1831 2242; baseline -0.002 -8"><span class='ocrx_word' id='word_1_517' title='bbox 206 2210 393 2240; x_wconf 82' lang='lat' dir='ltr'><strong>tractatorum,</strong></span> <span class='ocrx_word' id='word_1_518' title='bbox 409 2207 453 2242; x_wconf 87' lang='lat' dir='ltr'><strong>qui</strong></span> <span class='ocrx_word' id='word_1_519' title='bbox 469 2206 629 2234; x_wconf 81' lang='lat' dir='ltr'><strong>auctoritate</strong></span> <span class='ocrx_word' id='word_1_520' title='bbox 644 2207 736 2242; x_wconf 90' lang='lat' dir='ltr'><strong>Cyrilli</strong></span> <span class='ocrx_word' id='word_1_521' title='bbox 754 2207 780 2234; x_wconf 90' lang='lat' dir='ltr'><strong>iu</strong></span> <span class='ocrx_word' id='word_1_522' title='bbox 801 2208 928 2242; x_wconf 86' lang='lat' dir='ltr'><strong>mysterio</strong></span> <span class='ocrx_word' id='word_1_523' title='bbox 943 2207 1138 2234; x_wconf 87' lang='lat' dir='ltr'><strong>Incarnatiouis</strong></span> <span class='ocrx_word' id='word_1_524' title='bbox 1150 2206 1309 2241; x_wconf 84' lang='lat' dir='ltr'><strong>exponendo</strong></span> <span class='ocrx_word' id='word_1_525' title='bbox 1325 2206 1364 2232; x_wconf 90' lang='lat' dir='ltr'><strong>uti</strong></span> <span class='ocrx_word' id='word_1_526' title='bbox 1384 2205 1507 2238; x_wconf 87' lang='lat' dir='ltr'><strong>voluerit,</strong></span> <span class='ocrx_word' id='word_1_527' title='bbox 1519 2204 1703 2232; x_wconf 82' lang='lat' dir='ltr'><strong>testimonium</strong></span> <span class='ocrx_word' id='word_1_528' title='bbox 1722 2204 1831 2239; x_wconf 89' lang='lat' dir='ltr'><strong>aliquod</strong></span> 
     </span>
    </p>
   </div>
   <div class='ocr_carea' id='block_1_46' title="bbox 205 2251 1833 2288">
    <p class='ocr_par' dir='ltr' id='par_1_46' title="bbox 205 2251 1833 2288">
     <span class='ocr_line' id='line_1_46' title="bbox 205 2251 1833 2288; baseline 0 -10"><span class='ocrx_word' id='word_1_529' title='bbox 205 2259 238 2278; x_wconf 84' lang='lat' dir='ltr'><strong>ex</strong></span> <span class='ocrx_word' id='word_1_530' title='bbox 251 2252 366 2279; x_wconf 81' lang='lat' dir='ltr'><strong>St‘llOlllS</strong></span> <span class='ocrx_word' id='word_1_531' title='bbox 379 2260 430 2279; x_wconf 91' lang='lat' dir='ltr'><strong>non</strong></span> <span class='ocrx_word' id='word_1_532' title='bbox 443 2252 597 2287; x_wconf 85' lang='lat' dir='ltr'><strong>sumpserit.</strong></span> <span class='ocrx_word' id='word_1_533' title='bbox 615 2252 689 2279; x_wconf 87' lang='lat' dir='ltr'><strong>Adde</strong></span> <span class='ocrx_word' id='word_1_534' title='bbox 703 2253 774 2287; x_wconf 91' lang='lat' dir='ltr'><strong>quod</strong></span> <span class='ocrx_word' id='word_1_535' title='bbox 791 2252 910 2288; x_wconf 86' lang='lat' dir='ltr'><strong>CyriIIus</strong></span> <span class='ocrx_word' id='word_1_536' title='bbox 921 2252 980 2286; x_wconf 89' lang='lat' dir='ltr'><strong>ipse</strong></span> <span class='ocrx_word' id='word_1_537' title='bbox 992 2252 1074 2279; x_wconf 81' lang='lat' dir='ltr'><strong>videri</strong></span> <span class='ocrx_word' id='word_1_538' title='bbox 1088 2252 1172 2286; x_wconf 85' lang='lat' dir='ltr'><strong>possit</strong></span> <span class='ocrx_word' id='word_1_539' title='bbox 1189 2252 1259 2279; x_wconf 92' lang='lat' dir='ltr'><strong>hanc</strong></span> <span class='ocrx_word' id='word_1_540' title='bbox 1270 2259 1346 2279; x_wconf 90' lang='lat' dir='ltr'><strong>suant</strong></span> <span class='ocrx_word' id='word_1_541' title='bbox 1358 2251 1590 2278; x_wconf 88' lang='lat' dir='ltr'><strong>elucubrationem</strong></span> <span class='ocrx_word' id='word_1_542' title='bbox 1612 2251 1833 2281; x_wconf 80' lang='lat' dir='ltr'><strong>commendasse.</strong></span> 
     </span>
    </p>
   </div>
   <div class='ocr_carea' id='block_1_47' title="bbox 205 2296 1833 2333">
    <p class='ocr_par' dir='ltr' id='par_1_47' title="bbox 205 2296 1833 2333">
     <span class='ocr_line' id='line_1_47' title="bbox 205 2296 1833 2333; baseline -0.001 -9"><span class='ocrx_word' id='word_1_543' title='bbox 205 2305 266 2325; x_wconf 88' lang='lat' dir='ltr'><strong>cum</strong></span> <span class='ocrx_word' id='word_1_544' title='bbox 283 2299 415 2326; x_wconf 88' lang='lat' dir='ltr'><strong>scribcret</strong></span> <span class='ocrx_word' id='word_1_545' title='bbox 431 2298 540 2333; x_wconf 75' lang='lat' dir='ltr'><strong>EttiOgio</strong></span> <span class='ocrx_word' id='word_1_546' title='bbox 554 2306 561 2323; x_wconf 71' lang='grc' dir='ltr'><strong><em>ι</em></strong></span> <span class='ocrx_word' id='word_1_547' title='bbox 575 2297 772 2333; x_wconf 83' lang='lat' dir='ltr'><strong>Complectitur,</strong></span> <span class='ocrx_word' id='word_1_548' title='bbox 783 2299 881 2333; x_wconf 90' lang='lat' dir='ltr'><strong>inquit,</strong></span> <span class='ocrx_word' id='word_1_549' title='bbox 895 2299 962 2325; x_wconf 76' lang='lat' dir='ltr'><strong>idem</strong></span> <span class='ocrx_word' id='word_1_550' title='bbox 976 2298 1042 2324; x_wconf 81' lang='lat' dir='ltr'><strong>liber</strong></span> <span class='ocrx_word' id='word_1_551' title='bbox 1055 2298 1102 2325; x_wconf 72' lang='lat' dir='ltr'><strong>sub</strong></span> <span class='ocrx_word' id='word_1_552' title='bbox 1120 2297 1200 2332; x_wconf 82' lang='lat' dir='ltr'><strong>ﬁnem</strong></span> <span class='ocrx_word' id='word_1_553' title='bbox 1221 2297 1308 2324; x_wconf 77' lang='lat' dir='ltr'><strong>breves</strong></span> <span class='ocrx_word' id='word_1_554' title='bbox 1322 2297 1450 2332; x_wconf 71' lang='lat' dir='ltr'><strong>quasdam</strong></span> <span class='ocrx_word' id='word_1_555' title='bbox 1467 2297 1500 2323; x_wconf 77' lang='lat' dir='ltr'><strong>de</strong></span> <span class='ocrx_word' id='word_1_556' title='bbox 1517 2296 1616 2323; x_wconf 71' lang='lat' dir='ltr'><strong>Christi</strong></span> <span class='ocrx_word' id='word_1_557' title='bbox 1637 2296 1833 2330; x_wconf 70' lang='lat' dir='ltr'><strong>dispensatione</strong></span> 
     </span>
    </p>
   </div>
   <div class='ocr_carea' id='block_1_48' title="bbox 206 2341 1834 2379">
    <p class='ocr_par' dir='ltr' id='par_1_48' title="bbox 206 2341 1834 2379">
     <span class='ocr_line' id='line_1_48' title="bbox 206 2341 1834 2379; baseline -0.001 -8"><span class='ocrx_word' id='word_1_558' title='bbox 206 2345 391 2379; x_wconf 71' lang='lat' dir='ltr'><strong>expositiones,</strong></span> <span class='ocrx_word' id='word_1_559' title='bbox 403 2352 496 2379; x_wconf 78' lang='lat' dir='ltr'><strong>easque</strong></span> <span class='ocrx_word' id='word_1_560' title='bbox 508 2344 629 2377; x_wconf 72' lang='lat' dir='ltr'><strong>pulchras</strong></span> <span class='ocrx_word' id='word_1_561' title='bbox 640 2345 782 2371; x_wconf 84' lang='lat' dir='ltr'><strong>admodum</strong></span> <span class='ocrx_word' id='word_1_562' title='bbox 793 2350 816 2371; x_wconf 90' lang='lat' dir='ltr'><strong>et</strong></span> <span class='ocrx_word' id='word_1_563' title='bbox 829 2344 916 2371; x_wconf 72' lang='lat' dir='ltr'><strong>utiles.</strong></span> <span class='ocrx_word' id='word_1_564' title='bbox 931 2344 1044 2378; x_wconf 83' lang='lat' dir='ltr'><strong>Oportet</strong></span> <span class='ocrx_word' id='word_1_565' title='bbox 1061 2344 1132 2370; x_wconf 92' lang='lat' dir='ltr'><strong>cnim</strong></span> <span class='ocrx_word' id='word_1_566' title='bbox 1154 2343 1338 2377; x_wconf 84' lang='lat' dir='ltr'><strong>expositiones</strong></span> <span class='ocrx_word' id='word_1_567' title='bbox 1353 2350 1420 2377; x_wconf 82' lang='lat' dir='ltr'><strong>quas</strong></span> <span class='ocrx_word' id='word_1_568' title='bbox 1439 2346 1582 2374; x_wconf 83' lang='lat' dir='ltr'><strong>memorat,</strong></span> <span class='ocrx_word' id='word_1_569' title='bbox 1604 2341 1646 2369; x_wconf 88' lang='lat' dir='ltr'><strong>vel</strong></span> <span class='ocrx_word' id='word_1_570' title='bbox 1670 2349 1684 2368; x_wconf 94' lang='lat' dir='ltr'><strong>a</strong></span> <span class='ocrx_word' id='word_1_571' title='bbox 1701 2341 1834 2374; x_wconf 83' lang='lat' dir='ltr'><strong>Scholiis,</strong></span> 
     </span>
    </p>
   </div>
   <div class='ocr_carea' id='block_1_49' title="bbox 207 2388 1834 2425">
    <p class='ocr_par' dir='ltr' id='par_1_49' title="bbox 207 2388 1834 2425">
     <span class='ocr_line' id='line_1_49' title="bbox 207 2388 1834 2425; baseline -0.001 -10"><span class='ocrx_word' id='word_1_572' title='bbox 207 2391 249 2416; x_wconf 78' lang='lat' dir='ltr'><strong>vel</strong></span> <span class='ocrx_word' id='word_1_573' title='bbox 265 2398 279 2416; x_wconf 90' lang='lat' dir='ltr'><strong>a</strong></span> <span class='ocrx_word' id='word_1_574' title='bbox 297 2395 481 2424; x_wconf 79' lang='lat' dir='ltr'><strong>consequente</strong></span> <span class='ocrx_word' id='word_1_575' title='bbox 499 2394 616 2418; x_wconf 89' lang='lat' dir='ltr'><strong>tractatu</strong></span> <span class='ocrx_word' id='word_1_576' title='bbox 631 2391 665 2418; x_wconf 89' lang='lat' dir='ltr'><strong>de</strong></span> <span class='ocrx_word' id='word_1_577' title='bbox 679 2391 868 2418; x_wconf 89' lang='lat' dir='ltr'><strong>lncarnatione</strong></span> <span class='ocrx_word' id='word_1_578' title='bbox 885 2390 979 2423; x_wconf 86' lang='lat' dir='ltr'><strong>Verbi,</strong></span> <span class='ocrx_word' id='word_1_579' title='bbox 991 2390 1032 2417; x_wconf 87' lang='lat' dir='ltr'><strong>vel</strong></span> <span class='ocrx_word' id='word_1_580' title='bbox 1049 2398 1063 2416; x_wconf 86' lang='lat' dir='ltr'><strong>a</strong></span> <span class='ocrx_word' id='word_1_581' title='bbox 1081 2390 1186 2425; x_wconf 73' lang='lat' dir='ltr'><strong>dialogo</strong></span> <span class='ocrx_word' id='word_1_582' title='bbox 1202 2389 1344 2423; x_wconf 86' lang='lat' dir='ltr'><strong>subjuncto</strong></span> <span class='ocrx_word' id='word_1_583' title='bbox 1360 2396 1413 2416; x_wconf 91' lang='lat' dir='ltr'><strong>non</strong></span> <span class='ocrx_word' id='word_1_584' title='bbox 1430 2388 1539 2416; x_wconf 82' lang='lat' dir='ltr'><strong>diﬂ&#39;erre</strong></span> <span class='ocrx_word' id='word_1_585' title='bbox 1552 2397 1559 2414; x_wconf 90' lang='lat'>:</span> <span class='ocrx_word' id='word_1_586' title='bbox 1573 2395 1662 2423; x_wconf 90' lang='lat' dir='ltr'><strong>neque</strong></span> <span class='ocrx_word' id='word_1_587' title='bbox 1673 2388 1748 2415; x_wconf 90' lang='lat' dir='ltr'><strong>enim</strong></span> <span class='ocrx_word' id='word_1_588' title='bbox 1762 2388 1834 2415; x_wconf 91' lang='lat' dir='ltr'><strong>aliud</strong></span> 
     </span>
    </p>
   </div>
   <div class='ocr_carea' id='block_1_50' title="bbox 207 2434 1836 2472">
    <p class='ocr_par' dir='ltr' id='par_1_50' title="bbox 207 2434 1836 2472">
     <span class='ocr_line' id='line_1_50' title="bbox 207 2434 1836 2472; baseline -0.001 -10"><span class='ocrx_word' id='word_1_589' title='bbox 207 2436 343 2470; x_wconf 87' lang='lat' dir='ltr'><strong>quidpiam</strong></span> <span class='ocrx_word' id='word_1_590' title='bbox 359 2437 478 2470; x_wconf 75' lang='lat' dir='ltr'><strong>Scripsit,</strong></span> <span class='ocrx_word' id='word_1_591' title='bbox 494 2437 527 2464; x_wconf 90' lang='lat' dir='ltr'><strong>de</strong></span> <span class='ocrx_word' id='word_1_592' title='bbox 541 2445 595 2472; x_wconf 89' lang='lat' dir='ltr'><strong>quo</strong></span> <span class='ocrx_word' id='word_1_593' title='bbox 612 2437 722 2464; x_wconf 86' lang='lat' dir='ltr'><strong>dubium</strong></span> <span class='ocrx_word' id='word_1_594' title='bbox 737 2444 797 2465; x_wconf 88' lang='lat' dir='ltr'><strong>esse</strong></span> <span class='ocrx_word' id='word_1_595' title='bbox 813 2437 908 2471; x_wconf 89' lang='lat' dir='ltr'><strong>possit.</strong></span> <span class='ocrx_word' id='word_1_596' title='bbox 926 2436 959 2463; x_wconf 88' lang='lat' dir='ltr'><strong>At</strong></span> <span class='ocrx_word' id='word_1_597' title='bbox 981 2435 1071 2463; x_wconf 83' lang='lat' dir='ltr'><strong>diﬂ‘ert</strong></span> <span class='ocrx_word' id='word_1_598' title='bbox 1084 2435 1204 2471; x_wconf 81' lang='lat' dir='ltr'><strong>profecto</strong></span> <span class='ocrx_word' id='word_1_599' title='bbox 1219 2442 1234 2462; x_wconf 89' lang='lat' dir='ltr'><strong>a</strong></span> <span class='ocrx_word' id='word_1_600' title='bbox 1250 2439 1433 2470; x_wconf 87' lang='lat' dir='ltr'><strong>consequente</strong></span> <span class='ocrx_word' id='word_1_601' title='bbox 1451 2438 1567 2462; x_wconf 86' lang='lat' dir='ltr'><strong>tractatu</strong></span> <span class='ocrx_word' id='word_1_602' title='bbox 1586 2434 1632 2468; x_wconf 89' lang='lat' dir='ltr'><strong>qui</strong></span> <span class='ocrx_word' id='word_1_603' title='bbox 1653 2441 1751 2461; x_wconf 81' lang='lat' dir='ltr'><strong>revera</strong></span> <span class='ocrx_word' id='word_1_604' title='bbox 1766 2440 1836 2461; x_wconf 82' lang='lat' dir='ltr'><strong>unus</strong></span> 
     </span>
    </p>
   </div>
   <div class='ocr_carea' id='block_1_51' title="bbox 208 2481 1835 2519">
    <p class='ocr_par' dir='ltr' id='par_1_51' title="bbox 208 2481 1835 2519">
     <span class='ocr_line' id='line_1_51' title="bbox 208 2481 1835 2519; baseline 0.001 -11"><span class='ocrx_word' id='word_1_605' title='bbox 208 2484 315 2517; x_wconf 83' lang='lat' dir='ltr'><strong>quidam</strong></span> <span class='ocrx_word' id='word_1_606' title='bbox 339 2492 428 2511; x_wconf 80' lang='lat' dir='ltr'><strong>sermo</strong></span> <span class='ocrx_word' id='word_1_607' title='bbox 444 2489 503 2517; x_wconf 80' lang='lat' dir='ltr'><strong>est;</strong></span> <span class='ocrx_word' id='word_1_608' title='bbox 528 2485 619 2512; x_wconf 79' lang='lat' dir='ltr'><strong>diﬂ‘ert</strong></span> <span class='ocrx_word' id='word_1_609' title='bbox 635 2485 716 2511; x_wconf 90' lang='lat' dir='ltr'><strong>etiam</strong></span> <span class='ocrx_word' id='word_1_610' title='bbox 740 2492 755 2511; x_wconf 90' lang='lat' dir='ltr'><strong>a</strong></span> <span class='ocrx_word' id='word_1_611' title='bbox 778 2484 883 2519; x_wconf 73' lang='lat' dir='ltr'><strong>dialogo</strong></span> <span class='ocrx_word' id='word_1_612' title='bbox 903 2490 963 2510; x_wconf 90' lang='lat' dir='ltr'><strong>mox</strong></span> <span class='ocrx_word' id='word_1_613' title='bbox 983 2484 1076 2510; x_wconf 85' lang='lat' dir='ltr'><strong>dicto:</strong></span> <span class='ocrx_word' id='word_1_614' title='bbox 1097 2483 1158 2518; x_wconf 89' lang='lat' dir='ltr'><strong>quis</strong></span> <span class='ocrx_word' id='word_1_615' title='bbox 1178 2483 1250 2510; x_wconf 88' lang='lat' dir='ltr'><strong>enim</strong></span> <span class='ocrx_word' id='word_1_616' title='bbox 1273 2483 1405 2518; x_wconf 79' lang='lat' dir='ltr'><strong>dialogum</strong></span> <span class='ocrx_word' id='word_1_617' title='bbox 1431 2481 1566 2514; x_wconf 76' lang='grc' dir='ltr'><strong>ἐκθέσεως</strong></span> <span class='ocrx_word' id='word_1_618' title='bbox 1589 2481 1700 2509; x_wconf 90' lang='lat' dir='ltr'><strong>nomine</strong></span> <span class='ocrx_word' id='word_1_619' title='bbox 1723 2481 1835 2516; x_wconf 86' lang='lat' dir='ltr'><strong>proprio</strong></span> 
     </span>
    </p>
   </div>
   <div class='ocr_carea' id='block_1_52' title="bbox 198 2527 1657 2565">
    <p class='ocr_par' dir='ltr' id='par_1_52' title="bbox 198 2527 1657 2565">
     <span class='ocr_line' id='line_1_52' title="bbox 198 2527 1657 2565; baseline -0.002 -9"><span class='ocrx_word' id='word_1_620' title='bbox 198 2529 342 2565; x_wconf 70' lang='lat' dir='ltr'><strong>~appellet?</strong></span> <span class='ocrx_word' id='word_1_621' title='bbox 354 2530 514 2565; x_wconf 84' lang='lat' dir='ltr'><strong>Quanquam</strong></span> <span class='ocrx_word' id='word_1_622' title='bbox 534 2531 620 2565; x_wconf 90' lang='lat' dir='ltr'><strong>potuit</strong></span> <span class='ocrx_word' id='word_1_623' title='bbox 634 2531 757 2565; x_wconf 76' lang='lat' dir='ltr'><strong>dialogus</strong></span> <span class='ocrx_word' id='word_1_624' title='bbox 774 2529 898 2564; x_wconf 78' lang='lat' dir='ltr'><strong>subjungi</strong></span> <span class='ocrx_word' id='word_1_625' title='bbox 916 2529 1041 2561; x_wconf 89' lang='lat' dir='ltr'><strong>Scholiis,</strong></span> <span class='ocrx_word' id='word_1_626' title='bbox 1053 2535 1082 2556; x_wconf 92' lang='lat' dir='ltr'><strong>ut</strong></span> <span class='ocrx_word' id='word_1_627' title='bbox 1096 2529 1213 2564; x_wconf 90' lang='lat' dir='ltr'><strong>epitome</strong></span> <span class='ocrx_word' id='word_1_628' title='bbox 1233 2529 1355 2563; x_wconf 61' lang='lat' dir='ltr'><strong>quaedam</strong></span> <span class='ocrx_word' id='word_1_629' title='bbox 1369 2533 1396 2555; x_wconf 91' lang='lat' dir='ltr'><strong>et</strong></span> <span class='ocrx_word' id='word_1_630' title='bbox 1411 2527 1484 2554; x_wconf 88' lang='lat' dir='ltr'><strong>velut</strong></span> <span class='ocrx_word' id='word_1_631' title='bbox 1496 2527 1657 2562; x_wconf 80' lang='grc' dir='ltr'><strong>ὑπόμνημα.</strong></span> 
     </span>
    </p>
   </div>
   <div class='ocr_carea' id='block_1_53' title="bbox 242 2575 1835 2611">
    <p class='ocr_par' dir='ltr' id='par_1_53' title="bbox 242 2575 1835 2611">
     <span class='ocr_line' id='line_1_53' title="bbox 242 2575 1835 2611; baseline -0.001 -9"><span class='ocrx_word' id='word_1_632' title='bbox 242 2579 328 2611; x_wconf 86' lang='lat' dir='ltr'><strong>Quam</strong></span> <span class='ocrx_word' id='word_1_633' title='bbox 358 2583 484 2605; x_wconf 80' lang='lat' dir='ltr'><strong>accurata</strong></span> <span class='ocrx_word' id='word_1_634' title='bbox 509 2578 636 2605; x_wconf 85' lang='lat' dir='ltr'><strong>methodo</strong></span> <span class='ocrx_word' id='word_1_635' title='bbox 667 2578 704 2611; x_wconf 72' lang='lat' dir='ltr'><strong>sit</strong></span> <span class='ocrx_word' id='word_1_636' title='bbox 727 2578 931 2611; x_wconf 86' lang='lat' dir='ltr'><strong>conscriptum,</strong></span> <span class='ocrx_word' id='word_1_637' title='bbox 959 2585 990 2604; x_wconf 88' lang='lat' dir='ltr'><strong>ex</strong></span> <span class='ocrx_word' id='word_1_638' title='bbox 1018 2577 1090 2604; x_wconf 87' lang='lat' dir='ltr'><strong>serie</strong></span> <span class='ocrx_word' id='word_1_639' title='bbox 1117 2581 1240 2610; x_wconf 89' lang='lat' dir='ltr'><strong>apertum</strong></span> <span class='ocrx_word' id='word_1_640' title='bbox 1273 2580 1323 2604; x_wconf 90' lang='lat' dir='ltr'><strong>est.</strong></span> <span class='ocrx_word' id='word_1_641' title='bbox 1355 2575 1471 2611; x_wconf 85' lang='lat' dir='ltr'><strong>Cyrillus</strong></span> <span class='ocrx_word' id='word_1_642' title='bbox 1499 2582 1513 2602; x_wconf 83' lang='lat' dir='ltr'><strong>a</strong></span> <span class='ocrx_word' id='word_1_643' title='bbox 1540 2575 1705 2610; x_wconf 87' lang='lat' dir='ltr'><strong>simplicium</strong></span> <span class='ocrx_word' id='word_1_644' title='bbox 1737 2581 1835 2601; x_wconf 83' lang='lat' dir='ltr'><strong>vocum</strong></span> 
     </span>
    </p>
   </div>
   <div class='ocr_carea' id='block_1_54' title="bbox 208 2622 1833 2660">
    <p class='ocr_par' dir='ltr' id='par_1_54' title="bbox 208 2622 1833 2660">
     <span class='ocr_line' id='line_1_54' title="bbox 208 2622 1833 2660; baseline -0.001 -9"><span class='ocrx_word' id='word_1_645' title='bbox 208 2625 433 2659; x_wconf 84' lang='lat' dir='ltr'><strong>interpretatione</strong></span> <span class='ocrx_word' id='word_1_646' title='bbox 450 2633 563 2653; x_wconf 88' lang='lat' dir='ltr'><strong>exorsus</strong></span> <span class='ocrx_word' id='word_1_647' title='bbox 580 2626 709 2660; x_wconf 84' lang='lat' dir='ltr'><strong>exponit,</strong></span> <span class='ocrx_word' id='word_1_648' title='bbox 725 2625 789 2659; x_wconf 92' lang='lat' dir='ltr'><strong>quid</strong></span> <span class='ocrx_word' id='word_1_649' title='bbox 810 2625 845 2652; x_wconf 86' lang='lat' dir='ltr'><strong>sit</strong></span> <span class='ocrx_word' id='word_1_650' title='bbox 866 2624 1008 2657; x_wconf 89' lang='lat' dir='ltr'><strong>Christus,</strong></span> <span class='ocrx_word' id='word_1_651' title='bbox 1026 2625 1090 2660; x_wconf 89' lang='lat' dir='ltr'><strong>quid</strong></span> <span class='ocrx_word' id='word_1_652' title='bbox 1114 2624 1281 2656; x_wconf 82' lang='lat' dir='ltr'><strong>Emmanuel,</strong></span> <span class='ocrx_word' id='word_1_653' title='bbox 1302 2624 1364 2658; x_wconf 87' lang='lat' dir='ltr'><strong>quid</strong></span> <span class='ocrx_word' id='word_1_654' title='bbox 1380 2623 1473 2656; x_wconf 81' lang='lat' dir='ltr'><strong>Jesus,</strong></span> <span class='ocrx_word' id='word_1_655' title='bbox 1489 2623 1553 2658; x_wconf 88' lang='lat' dir='ltr'><strong>quid</strong></span> <span class='ocrx_word' id='word_1_656' title='bbox 1572 2630 1652 2656; x_wconf 89' lang='lat' dir='ltr'><strong>unus,</strong></span> <span class='ocrx_word' id='word_1_657' title='bbox 1673 2622 1741 2657; x_wconf 85' lang='lat' dir='ltr'><strong>quid</strong></span> <span class='ocrx_word' id='word_1_658' title='bbox 1757 2622 1833 2650; x_wconf 91' lang='lat' dir='ltr'><strong>unio.</strong></span> 
     </span>
    </p>
   </div>
   <div class='ocr_carea' id='block_1_55' title="bbox 208 2668 1835 2707">
    <p class='ocr_par' dir='ltr' id='par_1_55' title="bbox 208 2668 1835 2707">
     <span class='ocr_line' id='line_1_55' title="bbox 208 2668 1835 2707; baseline -0.002 -9"><span class='ocrx_word' id='word_1_659' title='bbox 208 2671 269 2698; x_wconf 83' lang='lat' dir='ltr'><strong>Mox</strong></span> <span class='ocrx_word' id='word_1_660' title='bbox 289 2673 321 2698; x_wconf 86' lang='lat' dir='ltr'><strong>ad</strong></span> <span class='ocrx_word' id='word_1_661' title='bbox 338 2672 547 2707; x_wconf 80' lang='lat' dir='ltr'><strong>propositiones,</strong></span> <span class='ocrx_word' id='word_1_662' title='bbox 563 2680 623 2707; x_wconf 72' lang='lat' dir='ltr'><strong>qua:</strong></span> <span class='ocrx_word' id='word_1_663' title='bbox 645 2672 670 2699; x_wconf 93' lang='lat' dir='ltr'><strong>in</strong></span> <span class='ocrx_word' id='word_1_664' title='bbox 687 2673 737 2699; x_wconf 88' lang='lat' dir='ltr'><strong>hac</strong></span> <span class='ocrx_word' id='word_1_665' title='bbox 755 2671 867 2698; x_wconf 87' lang='lat' dir='ltr'><strong>materia</strong></span> <span class='ocrx_word' id='word_1_666' title='bbox 890 2671 1015 2706; x_wconf 88' lang='lat' dir='ltr'><strong>ttsurpari</strong></span> <span class='ocrx_word' id='word_1_667' title='bbox 1033 2671 1130 2703; x_wconf 87' lang='lat' dir='ltr'><strong>solent,</strong></span> <span class='ocrx_word' id='word_1_668' title='bbox 1154 2671 1304 2698; x_wconf 87' lang='lat' dir='ltr'><strong>oralionem</strong></span> <span class='ocrx_word' id='word_1_669' title='bbox 1331 2670 1477 2697; x_wconf 85' lang='lat' dir='ltr'><strong>deﬂectens</strong></span> <span class='ocrx_word' id='word_1_670' title='bbox 1503 2669 1641 2701; x_wconf 81' lang='lat' dir='ltr'><strong>edisserit,</strong></span> <span class='ocrx_word' id='word_1_671' title='bbox 1657 2676 1710 2703; x_wconf 85' lang='lat' dir='ltr'><strong>qua</strong></span> <span class='ocrx_word' id='word_1_672' title='bbox 1730 2668 1835 2696; x_wconf 87' lang='lat' dir='ltr'><strong>ratione</strong></span> 
     </span>
    </p>
   </div>
   <div class='ocr_carea' id='block_1_56' title="bbox 205 2714 1833 2750">
    <p class='ocr_par' dir='ltr' id='par_1_56' title="bbox 205 2714 1833 2750">
     <span class='ocr_line' id='line_1_56' title="bbox 205 2714 1833 2750; baseline 0.001 -7"><span class='ocrx_word' id='word_1_673' title='bbox 205 2718 331 2746; x_wconf 82' lang='lat' dir='ltr'><strong>Christus</strong></span> <span class='ocrx_word' id='word_1_674' title='bbox 349 2717 383 2744; x_wconf 88' lang='lat' dir='ltr'><strong>sit</strong></span> <span class='ocrx_word' id='word_1_675' title='bbox 408 2725 488 2749; x_wconf 79' lang='lat' dir='ltr'><strong>unus,</strong></span> <span class='ocrx_word' id='word_1_676' title='bbox 515 2725 584 2744; x_wconf 84' lang='lat' dir='ltr'><strong>unus</strong></span> <span class='ocrx_word' id='word_1_677' title='bbox 603 2717 774 2749; x_wconf 86' lang='lat' dir='ltr'><strong>Emmanuel,</strong></span> <span class='ocrx_word' id='word_1_678' title='bbox 797 2725 865 2744; x_wconf 86' lang='lat' dir='ltr'><strong>unus</strong></span> <span class='ocrx_word' id='word_1_679' title='bbox 882 2714 972 2749; x_wconf 85' lang='lat' dir='ltr'><strong>Jcsits,</strong></span> <span class='ocrx_word' id='word_1_680' title='bbox 997 2718 1023 2744; x_wconf 88' lang='lat' dir='ltr'><strong>id</strong></span> <span class='ocrx_word' id='word_1_681' title='bbox 1050 2721 1103 2749; x_wconf 88' lang='lat' dir='ltr'><strong>est,</strong></span> <span class='ocrx_word' id='word_1_682' title='bbox 1122 2725 1191 2744; x_wconf 88' lang='lat' dir='ltr'><strong>unus</strong></span> <span class='ocrx_word' id='word_1_683' title='bbox 1219 2717 1360 2748; x_wconf 87' lang='lat' dir='ltr'><strong>Dominus,</strong></span> <span class='ocrx_word' id='word_1_684' title='bbox 1383 2721 1434 2743; x_wconf 87' lang='lat' dir='ltr'><strong>etc.</strong></span> <span class='ocrx_word' id='word_1_685' title='bbox 1458 2716 1526 2743; x_wconf 91' lang='lat' dir='ltr'><strong>Tum</strong></span> <span class='ocrx_word' id='word_1_686' title='bbox 1553 2716 1690 2750; x_wconf 89' lang='lat' dir='ltr'><strong>quomodo</strong></span> <span class='ocrx_word' id='word_1_687' title='bbox 1713 2716 1833 2744; x_wconf 85' lang='lat' dir='ltr'><strong>Verbum</strong></span> 
     </span>
    </p>
   </div>
   <div class='ocr_carea' id='block_1_57' title="bbox 207 2762 1834 2796">
    <p class='ocr_par' dir='ltr' id='par_1_57' title="bbox 207 2762 1834 2796">
     <span class='ocr_line' id='line_1_57' title="bbox 207 2762 1834 2796; baseline 0.001 -7"><span class='ocrx_word' id='word_1_688' title='bbox 207 2765 314 2789; x_wconf 87' lang='lat' dir='ltr'><strong>dicatur</strong></span> <span class='ocrx_word' id='word_1_689' title='bbox 324 2762 503 2794; x_wconf 85' lang='lat' dir='ltr'><strong>exinanitum,</strong></span> <span class='ocrx_word' id='word_1_690' title='bbox 521 2762 594 2789; x_wconf 87' lang='lat' dir='ltr'><strong>carni</strong></span> <span class='ocrx_word' id='word_1_691' title='bbox 611 2763 728 2795; x_wconf 84' lang='lat' dir='ltr'><strong>unitum,</strong></span> <span class='ocrx_word' id='word_1_692' title='bbox 746 2763 845 2789; x_wconf 82' lang='lat' dir='ltr'><strong>factum</strong></span> <span class='ocrx_word' id='word_1_693' title='bbox 862 2762 960 2796; x_wconf 85' lang='lat' dir='ltr'><strong>homo,</strong></span> <span class='ocrx_word' id='word_1_694' title='bbox 980 2771 1029 2790; x_wconf 77' lang='lat' dir='ltr'><strong>nec</strong></span> <span class='ocrx_word' id='word_1_695' title='bbox 1046 2763 1106 2790; x_wconf 89' lang='lat' dir='ltr'><strong>ideo</strong></span> <span class='ocrx_word' id='word_1_696' title='bbox 1126 2768 1214 2789; x_wconf 86' lang='lat' dir='ltr'><strong>latncn</strong></span> <span class='ocrx_word' id='word_1_697' title='bbox 1232 2768 1362 2790; x_wconf 88' lang='lat' dir='ltr'><strong>mutatum</strong></span> <span class='ocrx_word' id='word_1_698' title='bbox 1375 2783 1382 2795; x_wconf 92' lang='lat'><strong>,</strong></span> <span class='ocrx_word' id='word_1_699' title='bbox 1401 2767 1446 2788; x_wconf 88' lang='lat' dir='ltr'><strong>aut</strong></span> <span class='ocrx_word' id='word_1_700' title='bbox 1463 2762 1603 2790; x_wconf 78' lang='lat' dir='ltr'><strong>divinitate</strong></span> <span class='ocrx_word' id='word_1_701' title='bbox 1618 2767 1746 2790; x_wconf 83' lang='lat' dir='ltr'><strong>exutum.</strong></span> <span class='ocrx_word' id='word_1_702' title='bbox 1766 2762 1834 2790; x_wconf 85' lang='lat' dir='ltr'><strong>Hinc</strong></span> 
     </span>
    </p>
   </div>
   <div class='ocr_carea' id='block_1_58' title="bbox 207 2808 1835 2844">
    <p class='ocr_par' dir='ltr' id='par_1_58' title="bbox 207 2808 1835 2844">
     <span class='ocr_line' id='line_1_58' title="bbox 207 2808 1835 2844; baseline 0.002 -11"><span class='ocrx_word' id='word_1_703' title='bbox 207 2818 259 2841; x_wconf 86' lang='lat' dir='ltr'><strong>qun</strong></span> <span class='ocrx_word' id='word_1_704' title='bbox 274 2814 351 2843; x_wconf 68' lang='lat' dir='ltr'><strong>pacto</strong></span> <span class='ocrx_word' id='word_1_705' title='bbox 368 2808 492 2835; x_wconf 82' lang='lat' dir='ltr'><strong>Christus</strong></span> <span class='ocrx_word' id='word_1_706' title='bbox 510 2816 561 2835; x_wconf 85' lang='lat' dir='ltr'><strong>non</strong></span> <span class='ocrx_word' id='word_1_707' title='bbox 579 2809 613 2835; x_wconf 81' lang='lat' dir='ltr'><strong>sit</strong></span> <span class='ocrx_word' id='word_1_708' title='bbox 627 2809 708 2836; x_wconf 87' lang='lat' dir='ltr'><strong>homo</strong></span> <span class='ocrx_word' id='word_1_709' title='bbox 725 2809 865 2844; x_wconf 67' lang='grc' dir='ltr'><strong>θεοφόρος,</strong></span> <span class='ocrx_word' id='word_1_710' title='bbox 881 2815 926 2835; x_wconf 88' lang='lat' dir='ltr'><strong>aut</strong></span> <span class='ocrx_word' id='word_1_711' title='bbox 944 2810 1053 2837; x_wconf 85' lang='lat' dir='ltr'><strong>numine</strong></span> <span class='ocrx_word' id='word_1_712' title='bbox 1069 2810 1185 2841; x_wconf 82' lang='lat' dir='ltr'><strong>amatus,</strong></span> <span class='ocrx_word' id='word_1_713' title='bbox 1202 2811 1248 2837; x_wconf 74' lang='lat' dir='ltr'><strong>scd</strong></span> <span class='ocrx_word' id='word_1_714' title='bbox 1263 2817 1324 2836; x_wconf 88' lang='lat' dir='ltr'><strong>vcrc</strong></span> <span class='ocrx_word' id='word_1_715' title='bbox 1344 2810 1422 2836; x_wconf 85' lang='lat' dir='ltr'><strong>humo</strong></span> <span class='ocrx_word' id='word_1_716' title='bbox 1440 2810 1519 2842; x_wconf 74' lang='lat' dir='ltr'><strong>Deus,</strong></span> <span class='ocrx_word' id='word_1_717' title='bbox 1538 2810 1635 2836; x_wconf 81' lang='lat' dir='ltr'><strong>deinde</strong></span> <span class='ocrx_word' id='word_1_718' title='bbox 1659 2817 1711 2844; x_wconf 86' lang='lat' dir='ltr'><strong>qua</strong></span> <span class='ocrx_word' id='word_1_719' title='bbox 1730 2809 1835 2837; x_wconf 84' lang='lat' dir='ltr'><strong>ratione</strong></span> 
     </span>
    </p>
   </div>
   <div class='ocr_carea' id='block_1_59' title="bbox 208 2854 1833 2895">
    <p class='ocr_par' dir='ltr' id='par_1_59' title="bbox 208 2854 1833 2895">
     <span class='ocr_line' id='line_1_59' title="bbox 208 2854 1833 2895; baseline 0.001 -13"><span class='ocrx_word' id='word_1_720' title='bbox 208 2855 326 2883; x_wconf 72' lang='lat' dir='ltr'><strong>Verbum</strong></span> <span class='ocrx_word' id='word_1_721' title='bbox 344 2854 515 2889; x_wconf 79' lang='lat' dir='ltr'><strong>perhibeatur</strong></span> <span class='ocrx_word' id='word_1_722' title='bbox 532 2855 557 2882; x_wconf 90' lang='lat' dir='ltr'><strong>in</strong></span> <span class='ocrx_word' id='word_1_723' title='bbox 581 2855 657 2883; x_wconf 81' lang='lat' dir='ltr'><strong>nobis</strong></span> <span class='ocrx_word' id='word_1_724' title='bbox 672 2855 803 2890; x_wconf 80' lang='lat' dir='ltr'><strong>habitare,</strong></span> <span class='ocrx_word' id='word_1_725' title='bbox 820 2858 852 2883; x_wconf 84' lang='lat' dir='ltr'><strong>ad</strong></span> <span class='ocrx_word' id='word_1_726' title='bbox 874 2864 922 2884; x_wconf 86' lang='lat' dir='ltr'><strong>nos</strong></span> <span class='ocrx_word' id='word_1_727' title='bbox 944 2857 1023 2890; x_wconf 71' lang='lat' dir='ltr'><strong>tuitti=</strong></span> <span class='ocrx_word' id='word_1_728' title='bbox 1037 2865 1136 2895; x_wconf 84' lang='lat' dir='ltr'><strong>corpus</strong></span> <span class='ocrx_word' id='word_1_729' title='bbox 1156 2857 1255 2884; x_wconf 78' lang='lat' dir='ltr'><strong>habere</strong></span> <span class='ocrx_word' id='word_1_730' title='bbox 1282 2856 1428 2892; x_wconf 82' lang='lat' dir='ltr'><strong>proprium,</strong></span> <span class='ocrx_word' id='word_1_731' title='bbox 1454 2862 1480 2883; x_wconf 83' lang='lat' dir='ltr'><strong>ct</strong></span> <span class='ocrx_word' id='word_1_732' title='bbox 1504 2856 1638 2892; x_wconf 85' lang='lat' dir='ltr'><strong>quomodo</strong></span> <span class='ocrx_word' id='word_1_733' title='bbox 1666 2855 1833 2890; x_wconf 80' lang='lat' dir='ltr'><strong>intelligatur</strong></span> 
     </span>
    </p>
   </div>
  </div>
