1907 3038
69 154 131 182 1569
519 155 664 184 εειιοιιΑ
683 156 727 184 DE
746 156 850 186 INCAR

910 159 1006 188 I'IONE
1024 161 1210 191 UNIGENITI.
1617 167 1685 196 1⁸570

68 211 190 242 Θεοτόκος
205 210 284 246 Virgo
299 214 403 238 sancta.
426 210 547 239 Tandem
569 213 641 247 quod
665 212 823 250 Unigenitus
840 215 866 242 in
887 224 972 245 carne
995 218 1092 246 visibili
1109 227 1243 254 apparens
1267 219 1420 248 nominetur
1437 220 1507 248 Deus
1527 225 1555 249 et
1581 222 1681 250 homo:

69 258 195 294 quomodo
215 265 320 292 passus,
334 263 362 285 et
376 259 403 285 in
414 266 468 294 quo
483 264 620 294 postremo
634 260 731 288 refellit
744 269 791 290 eos
807 262 852 296 qui
868 263 984 291 humana
997 273 1051 292 non
1075 265 1127 293 alia
1144 266 1247 294 ratione
1268 267 1349 294 Deum
1367 267 1462 294 decere
1476 271 1580 301 putant,
1599 277 1679 303 quam

69 305 192 333 relatione
207 305 273 332 sola.
296 305 440 340 Caeterum,
460 307 530 341 quod
552 307 609 341 jam
632 309 735 342 monui,
757 310 976 340 distinctionibus
1002 313 1036 340 ad
1066 313 1239 342 declinandas
1268 315 1494 343 heterodoxorum
1520 315 1685 349 olrjecliones

69 351 172 379 milibus
185 350 290 386 singula
307 349 364 378 fere
379 351 467 387 capita
481 351 562 386 plena
579 355 656 380 sunt.

73 462 1658 482 Ἦ

451 544 601 603 ΤΟΥ
637 544 867 603 ΑΓΙΟΥ

903 541 1287 604 ΚΥΡΙΛΛΟΥ

838 664 918 692 ΠΕΡΙ

164 759 286 801 ΤΗΣ
323 758 910 804 ΕΝΑΝΘΡΩΠΗΣΕΩΣ
947 761 1077 804 ΤΟΥ
1115 762 1582 807 ΜΟΝΟΓΕΝΟΥΣ.

544 937 828 1003 SANCTI
889 940 1212 1003 CYRILLI

250 1064 503 1112 SCHOLIA
541 1064 614 1109 DE
652 1062 1106 1110 INCARNATIONE
1148 1065 1492 1112 UNIGENITI.
1528 1110 1530 1113 .

363 1243 488 1270 ΚΕΦΑΛ.
508 1244 548 1271 A’.
860 1245 885 1274 Δ

295 1301 326 1327 Τί
343 1301 429 1327 ἐστιν
449 1301 467 1327 ὁ
484 1302 622 1335 Χριστός;
710 1336 731 1342 _

100 1357 136 1384 Τὸ
152 1356 270 1392 Χριστὸς
290 1356 376 1392 ὄνομα
393 1356 456 1383 οὕτε
474 1357 538 1393 ὅρου
564 1356 679 1392 δύναμιν
693 1357 766 1393 ἔχει,
789 1357 852 1384 οὔτε

68 1403 117 1437 μὴν
135 1403 186 1437 τήν
199 1411 270 1435 τινος
285 1402 388 1434 οὐσίαν,
406 1403 420 1429 ὅ
438 1402 538 1429 τίποτέ
549 1402 606 1429 ἐστι
623 1403 767 1438 σημαίνει·
784 1403 851 1430 καθ-

68 1449 136 1484 άπερ
157 1448 255 1484 ἀμέλει
280 1449 327 1475 καὶ
351 1449 381 1475 τὸ
403 1448 564 1484 ἄνθρωπος,
582 1448 598 1484 ἢ
622 1448 724 1480 ἵππος,
741 1448 757 1485 ἦ
776 1448 849 1484 βοῦς.

66 1495 231 1530 ηράγματος
244 1491 274 1521 δὲ’
291 1493 391 1529 μᾶλλον
405 1494 600 1529 ἑνεργουμὲνου
613 1494 677 1530 περί
695 1503 755 1521 τινα
768 1496 853 1521 ποιεῖ-

64 1549 107 1567 ται
128 1541 257 1576 δήλωσιν.
276 1540 374 1575 Ἐλαίῳ
390 1540 440 1575 μὲν
457 1540 579 1575 ἐχρίοντο
596 1540 652 1567 τῶν
668 1541 852 1576 ἀρχαιοτέρων

63 1587 142 1619 τινὲς,
161 1586 235 1613 κατὰ
249 1595 281 1621 γε
298 1586 337 1622 τῷ
350 1586 410 1620 Θεῷ
421 1586 451 1613 τὺ
466 1586 591 1621 τηνικάδε
602 1586 708 1614 δοκοῦν.
725 1587 780 1614 Καὶ
790 1587 852 1614 σύν-

64 1634 137 1669 θημα
153 1633 292 1668 βασιλείας
305 1631 340 1669 ἦν
353 1634 369 1668 ἡ
381 1633 471 1668 χρίσις
489 1633 590 1664 αὐτοῖς.
607 1632 745 1668 Ἐχρίοντο
763 1633 790 1660 δὲ
805 1633 852 1660 καὶ

62 1681 85 1707 οὶ
108 1679 250 1715 προφῆται
279 1678 382 1714 νοητῶς
403 1678 442 1714 τῷ
462 1679 532 1714 ἁγίῳ
545 1678 696 1714 Πνεύματι,
711 1678 791 1706 ὥστε,
805 1680 853 1705 καὶ

62 1725 189 1752 ἐντεῦθεν
208 1724 387 1760 ὀνομάζεσθαι
406 1724 543 1760 χριστούς.
557 1724 659 1751 Ψάλλει
679 1724 744 1758 γοῦν
763 1725 777 1751 ὁ
799 1733 853 1760 μα-

62 1771 158 1805 κάριος
177 1770 258 1796 Δασιδ
271 1771 303 1796 ὲκ
316 1769 463 1804 προσώπου
475 1768 522 1796 τοῦ
533 1770 611 1801 Θεοῦ,
623 1770 668 1796 καί
682 1778 746 1805 φησι
759 1778 766 1785 ·
783 1779 793 1795 t
807 1769 853 1804 Μὴ

63 1817 184 1843 ἅπτεσθε
199 1816 254 1842 τῶν
268 1816 386 1851 χριστῶν
402 1815 521 1849 μου,κα“ι
536 1816 564 1842 ὲν
576 1817 632 1847 τοῖς
647 1815 798 1851 προφήταις
816 1815 853 1850 μὴ

62 1863 258 1898 πονηρεὺεσθε.
274 1872 283 1888 r
299 1862 367 1898 Φησὶ
383 1862 413 1891 δὲ
422 1861 468 1888 καὶ
483 1863 497 1888 ὁ
515 1863 659 1898 προφήτης
680 1862 853 1898 Ἀϐϐακούμ·

1231 1246 1308 1275 CAP.
1329 1247 1348 1275 Ι.

1162 1303 1232 1336 Quid
1245 1309 1283 1331 ut
1298 1304 1429 1333 Christus.

939 1359 1021 1394 779
1031 1359 1132 1387 Christi
1149 1367 1245 1388 nomen
1259 1369 1308 1388 nec
1317 1361 1479 1390 deﬁnitionis
1497 1363 1550 1391 vim
1568 1365 1687 1400 obtinet,

903 1412 953 1432 nec
966 1405 1116 1440 cujuspiam
1138 1407 1329 1442 substantiam,
1355 1409 1442 1443 qualis
1462 1410 1516 1442 sit,
1537 1410 1688 1445 significat,

902 1449 974 1477 sicut
990 1450 1059 1478 forte
1074 1451 1165 1484 homo,
1177 1457 1224 1479 aut
1240 1461 1336 1487 equus,
1349 1458 1395 1481 aut
1409 1454 1476 1487 hos;
1489 1455 1535 1482 sed
1555 1455 1592 1482 rei
1606 1456 1689 1489 magis

902 1502 962 1529 qum
978 1495 1004 1522 in
1023 1495 1115 1530 aliquo
1131 1501 1238 1530 agatur,
1262 1498 1344 1525 habet
1360 1498 1584 1533 signiﬁcationem
1599 1508 1605 1526 :
1631 1500 1690 1527 oleo

904 1548 1022 1576 namque
1034 1541 1202 1576 ungebantur
1212 1542 1320 1577 quidam
1334 1543 1515 1578 superiorum,
1529 1544 1605 1578 juxta
1618 1547 1689 1580 quod

903 1587 959 1615 Deo
981 1592 1044 1615 tunc
1065 1588 1194 1622 temporis
1211 1588 1344 1623 placebat,
1367 1593 1394 1616 et
1417 1590 1522 1625 signum
1541 1590 1615 1625 regni
1639 1590 1691 1618 illis

903 1636 963 1659 erat
976 1632 1079 1659 unctio.
1101 1632 1280 1667 Ungebantur
1299 1640 1388 1661 autem
1409 1639 1435 1662 et
1449 1635 1585 1670 prophetm
1603 1636 1691 1663 sensi-

904 1678 994 1706 biliter
1010 1677 1112 1713 Spiritu
1129 1684 1236 1711 sancto,
1253 1685 1284 1706 ut
1296 1679 1358 1707 inde
1368 1687 1474 1714 quoque
1488 1681 1693 1708 nominarentur

905 1723 1011 1751 christi.
1036 1724 1156 1759 Denique
1178 1723 1273 1752 beatus
1297 1724 1379 1751 David
1403 1725 1493 1759 psallit
1517 1733 1548 1752 ex
1577 1734 1690 1760 persona

905 1773 963 1806 Dei,
979 1777 1004 1801 et
1020 1774 1058 1800 ait
1075 1781 1081 1799 :
1104 1782 1113 1799 ι
1128 1772 1218 1800 Nolite
1235 1779 1346 1808 tangere
1367 1774 1483 1800 christos
1508 1781 1599 1806 meos,
1617 1778 1643 1800 et
1665 1774 1691 1800 iu

905 1818 1044 1853 prophetis
1066 1818 1133 1846 meis
1156 1819 1237 1846 nolite
1260 1819 1400 1854 malignari
1416 1819 1434 1846 '.
1461 1828 1470 1845 ι
1493 1819 1537 1846 Ait
1557 1823 1646 1846 autem
1666 1823 1694 1846 ct

906 1865 1035 1898 propheta
1051 1863 1177 1891 Hahaeuc
1195 1873 1202 1890 :
1223 1872 1232 1889 t
1253 1864 1337 1891 Existi
1352 1865 1385 1891 ad
1402 1864 1515 1892 salutem
1531 1864 1621 1899 populi
1639 1865 1692 1896 tui,

64 1918 74 1934 ε
89 1909 220 1944 Ἐξῆλϐες
244 1910 284 1941 εἰς
305 1908 440 1944 σωτηρίαν
461 1908 526 1935 λαοῦ
550 1916 607 1940 σου,
623 1907 670 1934 τοῦ
693 1907 778 1935 σῶσαι
791 1909 853 1940 τοὺς

910 1915 935 1936 ut
948 1910 1068 1938 salvares
1085 1910 1202 1937 christos
1213 1914 1273 1937 tuos
1285 1910 1306 1936 '.
1320 1919 1329 1935 ι

61 1954 193 1989 χριστούς
214 1963 271 1981 σου.
288 1963 298 1980 ι

103 1999 168 2027 Ἐπὶ
187 1999 216 2026 δέ
231 2008 263 2034 γε
285 1999 332 2026 τοῦ
352 1999 460 2026 πάντων
476 1998 554 2035 ἡμῶν
571 1999 699 2034 Σωτῆρος
720 1999 854 2035 Χριστοῦ,

61 2047 154 2082 χρῐσιν
177 2047 227 2082 μὲν
243 2046 369 2081 γενέσθαι
383 2047 484 2081 φαμέν,
507 2046 579 2081 Πλὴν
595 2045 657 2071 οὔτε
679 2045 856 2081 συμϐολικὴν,

61 2093 99 2124 ὡς
116 2093 214 2128 ἐλαίῳ,
226 2092 379 2128 ὁρωμένην,
393 2092 454 2118 οὔτε
467 2091 519 2128 μὴν
542 2092 591 2126 τὴν
606 2091 643 2123 ὡς
661 2092 690 2117 ἐν
716 2092 808 2128 χάριτι
823 2094 857 2128 τῇ

61 2140 223 2174 προφητικῇ
234 2146 241 2154 ·
254 2138 311 2164 ἁλλ⁸
324 2138 384 2165 οὐδὲ
395 2138 571 2174 ὲκείνην,τὴν
587 2138 625 2170 ὡς
643 2138 673 2165 ἔν
686 2147 718 2173 γε
737 2138 776 2174 τῷ
790 2147 856 2174 προ-

61 2184 236 2219 χειρίζεσθαι
254 2183 401 2220 νοουμένην
415 2183 482 2219 πρὸς
498 2184 667 2219 κατόρθωσιν
679 2184 727 2211 τοῦ
737 2185 857 2212 τοιούτου

60 2231 105 2257 διὰ
116 2238 191 2262 τινος
210 2230 387 2265 πράγματος”
403 2230 493 2256 ὁποῖόν
505 2238 532 2256 τι
554 2230 680 2264 γενέσθαι
696 2231 795 2266 φαμὲν,
811 2230 859 2257 καὶ

41 2278 48 2284 ”
61 2276 109 2302 ἐπὶ
122 2275 218 2311 Κύρου
230 2276 276 2302 τοῦ
287 2275 400 2311 Περσῶν
411 2285 441 2302 τε
457 2276 504 2302 καὶ
518 2276 617 2311 Μήδων
627 2275 857 2311 βεϐασιλευκότος,

60 2321 91 2354 ὃς
121 2322 344 2357 κατεστράτευσε
366 2323 415 2357 τῆς
437 2321 625 2354 Βαὸυλωνίων,
655 2321 859 2357 παραθήγοντος

61 2369 101 2400 εἰς
113 2369 198 2395 τοῦτο
214 2368 296 2394 αὑτὸν
321 2368 369 2394 τοῦ
392 2369 481 2394 πάντα
501 2368 637 2403 ἰσχύοντος
649 2367 728 2394 Θεοῦ.
746 2367 859 2403 Εἴρηται

60 2415 129 2450 γὰρ,
151 2423 162 2440 ί
186 2413 264 2441 Οὕτω
283 2414 356 2449 λέγει
381 2414 484 2450 Κύριος
498 2414 538 2449 τῷ
555 2410 658 2450 χριστῷ
686 2423 737 2449 μου
757 2414 857 2449 Κύρῳ,

60 2458 92 2487 οὗ
111 2459 256 2494 ἐκράτησα
273 2459 323 2494 τῆς
346 2459 445 2492 δεξιᾶς.
464 2468 473 2485 ι
494 2460 591 2486 Καίτοι
609 2468 642 2493 γε
666 2459 860 2494 εἰδωλολάτρης

62 2506 201 2541 ὑπάρχων
212 2505 291 2540 ἀνὴρ,
309 2504 465 2540 ὠνόμασται
482 2505 602 2540 χριστὸς,
620 2505 663 2531 διὰ
674 2505 704 2532 τὺ
715 2505 797 2531 οἱονεὶ
812 2513 855 2531 κε-

61 2551 180 2586 χρῖπθαι
211 2550 278 2586 πρὸς
301 2550 412 2585 βασιλέα
425 2551 457 2585 τῇ
476 2550 578 2577 ἄνωθεν
599 2550 697 2586 ψῆφον
714 2550 859 2585 προκεχει-

941 2001 970 2028 In
987 2001 1096 2028 Christo
1111 2005 1202 2027 autem
1226 2000 1348 2027 omnium
1374 1999 1514 2028 Salvatore
1538 2000 1692 2027 unctionem

907 2046 1016 2081 quidem
1030 2046 1127 2073 iactam
1143 2053 1203 2073 esse
1218 2045 1351 2072 dicimus:
1369 2050 1495 2072 caeterum
1518 2052 1604 2080 neque
1620 2052 1694 2080 sym-

907 2092 1034 2125 bolicam,
1047 2092 1123 2126 quasi
1135 2092 1194 2119 oleo
1210 2092 1320 2124 factam,
1335 2098 1385 2118 nec
1398 2091 1476 2125 quasi
1493 2090 1519 2117 in
1534 2091 1618 2125 gratia
1634 2098 1695 2124 pro-

907 2139 1014 2174 phetica
1026 2147 1034 2171 ;
1047 2139 1094 2165 sed
1112 2145 1162 2165 nec
1177 2137 1262 2171 illam,
1276 2145 1336 2172 quae
1347 2137 1506 2172 intelligitur
1518 2137 1575 2164 ﬁeri
1588 2137 1620 2163 ad
1635 2145 1694 2171 pcr-

909 2185 1051 2213 fectionem
1070 2184 1183 2219 alicujus
1199 2184 1352 2218 huiusmodi
1376 2183 1491 2219 negotii,
1522 2183 1627 2218 qualem
1653 2183 1693 2209 fa-

909 2227 983 2260 ctam
1001 2238 1060 2259 esse
1071 2231 1187 2259 dicimus
1206 2231 1233 2258 in
1257 2230 1327 2265 Cyro
1342 2230 1485 2258 Persarum
1511 2234 1538 2257 et
1558 2228 1694 2256 Medorum

909 2285 982 2312 rege.
997 2276 1097 2304 Contra
1114 2275 1277 2310 Babylonios
1292 2276 1364 2303 enim
1384 2275 1427 2302 ille
1447 2275 1522 2302 duxit
1535 2274 1695 2306 exercitum,

909 2323 1056 2358 instigante
1068 2323 1157 2357 ipsum
1170 2321 1196 2348 in
1210 2320 1235 2348 id
1250 2321 1303 2348 Deo
1317 2322 1513 2356 omnipotente.
1533 2319 1636 2347 Dictum
1655 2322 1697 2346 est

909 2368 1003 2395 enim:
1031 2376 1040 2392 ἰ
1060 2367 1123 2394 Haec
1148 2366 1215 2394 dicit
1240 2366 1369 2393 Dominus
1394 2366 1498 2394 christo
1524 2373 1583 2392 meo
1608 2365 1695 2400 Cyro,

911 2413 989 2448 cujus
1002 2413 1165 2448 apprehendi
1179 2413 1317 2439 dexteram
1330 2413 1351 2440 ³.
1372 2422 1381 2438 ›
1403 2412 1485 2447 Atqui
1505 2411 1549 2439 ille
1568 2411 1618 2443 vir,
1635 2419 1695 2438 cum

910 2463 984 2487 esset
1001 2460 1133 2487 idolorum
1150 2459 1248 2491 cultor,
1262 2459 1419 2486 nominatus
1433 2464 1475 2485 est
1492 2459 1621 2490 christus,
1638 2457 1697 2484 idet)

911 2507 982 2540 quod
1001 2506 1077 2540 quasi
1096 2510 1194 2533 unctus
1209 2510 1251 2533 est
1264 2505 1290 2532 in
1303 2512 1425 2540 regnum,
1441 2505 1544 2531 ctelcsti
1559 2503 1695 2537 sull‘ragio,

912 2557 939 2579 et
957 2552 1098 2579 ordinatus
1121 2557 1162 2580 est
1179 2559 1195 2579 a
1218 2551 1273 2579 Deo
1291 2555 1320 2578 ut
1340 2550 1502 2578 Bahvlonem
1525 2550 1697 2578 vehementer

62 2597 159 2632 ριπαί
174 2605 204 2623 τε
219 2597 294 2632 παρὰ
304 2596 371 2623 Θεοῦ
382 2596 453 2623 κατὰ
468 2596 566 2632 κράτος
583 2597 696 2632 αἰρῆσαι
708 2597 756 2632 τὴν
773 2597 853 2648 Βαϐυ-

913 2603 1091 2633 expugnaret.

60 2643 118 2668 λων
123 2642 185 2669 ίων.
337 2663 340 2666 .

101 2688 216 2713 Ἐκεῖνο
240 2687 268 2714 δὲ
300 2686 428 2721 μᾶλλον..
443 2707 449 2713 .
472 2687 580 2722 Ἐπειδὴ
605 2686 673 2721 γὰρ,
693 2687 736 2714 διὰ
763 2688 810 2723 τὴν
828 2689 869 2714 ἐν’

68 2733 165 2767 Ἀδὰμ
187 2731 363 2768 παρὸιόασιν,
402 2733 579 2767 βεϐασίλευκε
610 2733 679 2759 κατὰ
711 2733 818 2760 πάντων
840 2735 856 2768 ἡ

61 2778 205 2814 ἁμαρτία,
222 2779 331 2814 ἀπέπτη
346 2779 373 2805 δὲ
384 2779 411 2805 τὸ
423 2778 532 2813 Πνεῦμα
549 2779 578 2805 τὸ
595 2779 684 2812 ἅγιον·
699 2781 744 2805 κκὶ
762 2780 856 2814 γέγονε

948 2686 1015 2713 illud
1027 2691 1116 2713 autem
1129 2686 1214 2720 magis
1231 2686 1264 2713 de
1277 2685 1396 2713 Christo.
1413 2685 1542 2719 Quoniam
1554 2685 1623 2712 enim
1639 2693 1697 2719 pro-

913 2737 973 2766 pter
987 2732 1052 2760 Adze
1071 2732 1319 2767 praevaricationem
1336 2732 1345 2747 ⁵
1363 2735 1523 2767 regnaverat
1540 2739 1619 2765 supra
1636 2739 1695 2758 om-

913 2786 960 2806 nes
979 2783 1131 2813 peccatum,
1148 2782 1175 2805 et
1188 2777 1305 2813 Spiritus
1323 2779 1355 2806 ab
1378 2777 1542 2805 humanitate
1563 2776 1695 2804 discesse-

101 2868 109 2882 '
126 2867 191 2895 Psal
214 2875 265 2900 Civ,
282 2868 322 2895 l5.
361 2869 370 2883 ²
386 2868 482 2895 liabm‘.
497 2867 770 2907 ιιι,15,]ιιυηι1ᾹΧ.”
807 2867 815 2873 ⁴
829 2867 851 2895 is

914 2875 956 2899 Lv,
973 2867 995 2895 l.
1034 2867 1040 2882 "
1060 2866 1137 2895 Rom.
1152 2875 1177 2900 ν,
1194 2867 1234 2894 Η.
