1907 3038
217 156 284 186 1371
700 156 731 184 S.
750 153 883 183 CYRILLI
901 152 999 182 ALEX.

1064 150 1137 180 ‘RINI
1154 149 1313 180 ARCHIEP.
1779 147 1853 176 £572

218 221 262 243 rat
273 215 294 247 '.
311 215 347 242 oh
370 221 485 250 eamque
508 220 619 243 causam
648 214 675 242 in
701 214 781 242 malis
807 213 935 241 omnibus
958 201 999 239 illa

1064 210 1157 246 ταύτης
1171 210 1252 237 ῑνεκα
1260 209 1312 244 τῆς
1325 207 1414 240 αἰτίας
1422 207 1452 234 ὲν
1462 207 1542 235 παντὶ
1553 207 1643 243 καχῷε
1654 206 1709 233 ἔδει
1724 206 1752 232 δὲ
1769 206 1854 233 πάλιν

219 261 398 294 Versabatur;
419 267 486 294 opus
505 265 595 289 autem
611 264 670 287 erat
695 265 725 287 ut
745 267 866 292 rursum,
885 267 933 294 per
955 259 999 286 Dei

1064 256 1123 292 ιλέῳ
1134 256 1214 288 Θεοῦ,
1223 255 1291 291 πρὸς
1301 255 1332 282 τὺ
1339 256 1369 281 ὲν
1380 255 1477 291 ἀρχαῖς
1486 254 1688 281 ἀναδαίνουσαν
1698 252 1852 288 ἀξιωθῆναι

219 305 436 335 miscricordiam
451 306 478 332 in
490 304 632 339 pristinum
647 309 783 337 revocata,
798 305 928 340 Spiritum
946 311 999 332 me-

1064 302 1103 330 τοῢ
1115 302 1185 330 Πνεύ
1190 310 1274 338 ματος
1283 311 1290 318 ·
1305 300 1520 337 δνηνθρώπησιν
1531 302 1546 327 ὸ
1557 300 1706 336 μονογενὴς
1721 299 1770 326 τοῦ
1782 299 1851 325 Θεοῦ

220 357 326 378 reretur
339 360 345 378 :
360 351 439 378 homo
452 350 550 376 factum
568 354 610 377 est
623 351 788 384 unigenitum
813 351 859 378 Dei
873 350 999 384 Verbuml

1064 349 1149 383 Nm.
1164 348 1254 383 Ὠφθη
1268 356 1299 374 τε
1313 349 1371 380 τοῖς
1385 347 1433 374 ἐπὶ
1446 347 1498 382 γῆς
1509 346 1578 382 μετὰ
1591 346 1690 381 γηΐνου
1709 345 1850 380 σώματος,

219 403 247 423 et
271 404 332 424 cum
357 401 465 423 terreno
489 402 605 430 corpore
633 397 749 424 terrenis
774 397 908 431 apparuit.
943 397 999 424 Fuil

1064 392 1114 421 tiu
1127 394 1240 429 γέγονεν
1253 393 1390 429 ἁμαρτίας
1405 392 1558 429 ἐλεύθερος,
1569 392 1612 419 ίνα
1626 393 1655 418 ὲν
1668 391 1745 426 αότῷ
1759 400 1791 417 τε
1804 391 1851 418 καὶ

219 443 300 468 etiam
320 441 431 468 liberum
455 448 470 468 a
489 447 612 476 peccato,
631 445 661 468 ut
679 446 707 469 et
731 442 758 469 in
780 443 849 476 ipso.
875 447 902 470 et
924 443 952 470 iu
972 450 999 470 ec

1064 441 1129 476 tdvtp
1137 442 1191 472 τοῖς
1201 441 1248 476 τῆς
1257 439 1431 475 ἁμαρτησίας
1441 439 1592 474 αὐχήμασι,
1607 439 1624 473 ἡ
1636 437 1786 472 ἀνθρώπου
1800 438 1851 471 φύ-

219 487 287 518 solo,
304 486 464 514 innocentis
476 486 599 514 laudibus
620 491 716 514 natura
730 487 846 515 hominis
858 493 999 522 coronata,

1064 494 1097 518 τις
1113 485 1318 522 στεφανουμένη
1327 485 1538 520 χαταπλουτήσῃ
1549 484 1578 511 τὺ
1588 483 1703 519 Πνεῦμα
1716 483 1747 509 τὸ
1760 483 1850 518 amr

219 532 320 566 Spiritu
347 537 441 560 sancto
465 532 614 567 ditaretur,
635 540 668 561 ae
693 533 733 560 sic
759 532 999 562 reformantur-ad

1064 532 1267 569 ιναμορφωθείη
1285 540 1316 559 τε
1329 531 1401 559 οὓτω
1415 531 1485 567 πρὸς
1493 530 1559 558 Θεὸν
1575 530 1609 557 δι’
1625 529 1776 565 ἁγιασμοῦ.
1790 530 1853 555 Δια-

218 575 303 603 Deum
329 583 378 610 per
407 577 658 606 sanctiﬁcationem.
690 578 772 614 780
796 577 905 606 Transit
931 578 999 607 enim

1064 578 1142 605 ἰαίνει
1156 578 1185 604 δὲ
1200 577 1272 604 οὕτω
1287 577 1334 605 καὶ
1348 578 1390 610 είς
1402 577 1477 613 ἡμᾶς
1488 576 1506 611 ἡ
1517 576 1610 612 χάρις,
1623 575 1713 612 ἀρχὴν
1728 574 1852 601 λαϐοῦσα

217 622 251 649 ad
273 631 322 650 nos
339 631 446 658 quoque
463 624 548 658 grati
575 629 663 659 erepta
680 633 696 652 a
719 625 837 658 Christo,
853 625 898 660 qui
916 630 959 653 est
977 625 999 653 in

1064 623 1173 659 Ι(ριιντδν
1187 623 1233 650 τδν
1250 623 1279 650 ὲν
1293 624 1359 658 ἡμῖν
1380 622 1566 658 πρωτότοκον.
1579 621 1635 651 Καὶ
1657 620 1704 647 διὰ
1718 620 1801 647 τοῦτο
1814 619 1853 646 δι-

218 669 296 695 nobis
316 668 526 703 primogenilus;
551 669 632 704 idque
655 677 704 698 nos
719 670 818 698 docens
837 670 932 698 beatus
953 670 999 698 Da-

1064 669 1161 695 ἳάσκων
1169 669 1243 704 ἡμᾶς
1253 669 1268 696 ό
1282 668 1417 703 μακάριος
1427 667 1525 703 ψάλλει
1540 666 1624 693 Δαϐὶδ
1634 666 1704 701 πρὸς
1714 666 1761 692 τὸν
1774 665 1850 692 Υίόν·

217 714 261 740 vid
277 714 364 747 psallit
387 714 420 740 ad
434 714 532 741 Filium
547 723 554 741 :
573 723 584 740 ι
601 715 722 743 Dilexisti
733 714 864 749 justitiam
884 720 911 743 et
923 715 999 750 odisti

1064 724 1067 741 l
1085 715 1248 750 Ἠγάπησας
1259 713 1444 748 δικαιοσύνην,
1459 712 1508 740 καὶ
1525 712 1661 748 ἐμίσησας
1674 711 1796 741 ἀδικίαν,
1808 711 1851 737 διὰ

217 759 399 794 iniquitatem,
418 760 478 787 ideo
500 760 578 788 unxit
595 765 621 789 te
638 760 710 789 Deus
724 761 794 790 Deus
809 766 869 790 tuus
883 761 942 790 oleo
956 761 999 789 lae-

1064 759 1135 787 τοῦτο
1158 758 1251 797 ἔχρισέ
1267 768 1298 786 σε
1320 759 1334 786 ὁ
1350 759 1417 791 Θεὸς
1432 759 1445 786 ό
1461 757 1528 790 Θεὸς
1547 766 1594 784 σου
1609 757 1701 784 ἔλαιον
1717 756 1851 791 ἀγαλλιά-

218 805 285 832 titim
299 805 319 832 ‘.
339 814 348 831 ι

1064 815 1137 838 ιεως.
1155 815 1165 832 ι

254 850 356 878 Ui-ctus
366 856 408 879 est.
419 852 502 887 igitur
510 852 634 887 exemplo
645 857 738 880 nostro
748 852 832 881 Filius
845 853 999 882 innocentia

1091 851 1242 887 Κέχρισται
1261 850 1354 877 τοίνυν
1374 849 1437 877 καθ’
1451 850 1526 886 ἡμᾶς
1548 849 1732 884 ἀνθρωπίνως
1749 849 1763 875 ὸ
1786 848 1851 880 Υἱὸς

216 895 351 929 laudibus,
371 902 408 930 et,
426 903 456 924 ut
473 902 536 925 ante
557 897 624 930 dixi,
648 897 675 925 in
693 898 750 932 ipso
770 902 866 926 natura
887 899 999 928 hominis

1064 899 1111 930 ςοῖς
1125 899 1176 933 τῆς
1190 896 1400 932 ἁναμαρτησίας
1421 896 1555 928 ἐπαίνοις,
1569 895 1607 927 ὡς
1625 894 1734 930 ἔφημεν
1745 903 1751 909 ·
1774 895 1850 921 ἐκλε-

216 941 399 974 illustrata,et
419 943 497 978 digna
510 943 567 978 jam
589 943 681 971 sortiri
702 943 835 979 Spiritum
858 949 999 979 sanctuml

1064 943 1280 980 taprrpupptvqc
1294 943 1323 969 ὲν
1346 942 1422 978 αὐτῷ
1437 942 1488 978 τῆς
1499 942 1546 968 τοῦ
1567 941 1713 977 ἀνθρώπου
1730 940 1848 975 φύσεως,

214 986 269 1021 jzuu
287 995 338 1013 non
359 987 555 1020 discessurum,
575 988 646 1016 sicut
668 993 758 1022 antea,
779 990 826 1016 sed
844 997 999 1018 mansurum

1064 990 1132 1023 ἰξίας
1151 999 1180 1016 τε
1196 989 1246 1025 ήδη
1264 989 1418 1024 γενομένης
1429 988 1477 1015 τοῦ
1500 988 1602 1024 χρῆναι
1624 988 1774 1025 μετασχεῖν
1801 987 1848 1014 τοῦ

193 1071 199 1077 _
216 1032 302 1067 magis
315 1032 340 1059 in
355 1033 420 1067 ipsa.
434 1033 550 1069 ideoque
561 1034 693 1070 scriptum
708 1040 759 1068 est,
776 1036 847 1070 quod
864 1045 874 1061 ι
891 1036 999 1065 descen-

1064 1037 1132 1074 ιγίου
1159 1035 1318 1072 Πνεύματος
1329 1043 1336 1050 ·
1353 1035 1404 1062 οὐκ
1427 1035 1632 1070 ἀποφοιτῶντος
1649 1034 1691 1061 ἑτι
1707 1034 1781 1061 καθά
1804 1034 1849 1061 καὶ

216 1080 255 1104 dit
276 1078 301 1104 in
322 1086 382 1106 eum
411 1079 547 1114 Spiritus,
564 1084 592 1108 et
618 1081 719 1108 mansit
745 1089 826 1116 super
849 1082 936 1117 ipsum
951 1083 972 1110 ⁷.
989 1092 999 1110 ι

1064 1091 1084 1110 τν
1099 1081 1208 1119 ἀρχαίς,
1233 1080 1488 1118 δμφιλοχωροῦντος
1502 1081 1531 1108 δὲ
1554 1080 1656 1117 μᾶλλον
1677 1081 1760 1117 αὐτῇ.
1778 1081 1848 1107 Ταύ-

215 1122 323 1150 Dicitur
347 1131 412 1159 ergo
438 1124 563 1153 Christus
585 1125 633 1154 Dei
662 1125 791 1160 Verbum,
806 1127 877 1163 qu’od
893 1133 999 1164 propter

1064 1136 1128 1165 :nzot
1140 1127 1188 1154 καὶ
1202 1127 1369 1162 γέγραπται,
1386 1126 1427 1152 ὅτι
1440 1134 1450 1151 ι
1464 1125 1597 1160 Κατέπτη
1615 1125 1666 1160 μὲν
1681 1125 1728 1151 ἐπὶ
1740 1125 1848 1160 Χριστῷ

214 1176 265 1196 nos
282 1174 308 1196 et
323 1169 407 1198 nostri
428 1171 526 1199 similis
550 1171 632 1199 homo
645 1176 687 1199 est
703 1172 819 1205 factum,
837 1177 865 1201 et
880 1174 906 1201 in
928 1175 999 1202 servi

1064 1175 1082 1201 τὸ
1097 1172 1221 1208 Πνεῦμα,
1239 1172 1379 1208 μεμένηκε
1391 1171 1420 1198 δὲ
1432 1172 1475 1198 ἐπ’
1488 1171 1579 1198 αὐτόν.
1597 1180 1606 1197 ι
1622 1171 1742 1204 Λέγεται
1760 1170 1848 1196 τοίνυν

214 1212 302 1240 forma
317 1222 324 1240 :
341 1218 368 1241 et
385 1215 493 1250 ungitur
508 1215 618 1250 quidem
633 1216 760 1249 humane,
778 1216 925 1244 secundum
940 1225 999 1244 car-

1064 1219 1168 1256 ἰριστδς
1185 1220 1200 1246 ὁ
1214 1218 1260 1245 τοῦ
1278 1217 1348 1245 Θεοῦ
1364 1218 1451 1252 Λόγος
1465 1217 1479 1243 ὁ
1496 1217 1529 1244 δι’
1545 1217 1620 1252 ἡμᾶς
1636 1217 1684 1243 καὶ
1700 1217 1762 1243 καθ’
1775 1217 1847 1252 ἡμᾶς

214 1265 295 1291 netu;
311 1259 386 1294 ungit
407 1265 496 1288 autem
519 1260 610 1289 divine
635 1269 684 1290 suo
712 1261 815 1298 Spiritu
837 1270 885 1291 eos
903 1263 950 1299 qui
973 1264 999 1292 in

1064 1262 1205 1297 ίνθρωπος,
1220 1261 1267 1289 καὶ
1284 1261 1314 1288 ὲν
1335 1260 1368 1296 τῇ
1389 1260 1436 1287 τοῦ
1455 1260 1552 1288 δούλου
1571 1263 1682 1297 μορφῇ-
1704 1261 1753 1288 xui.
1775 1261 1848 1296 χριό-

213 1303 301 1338 ipsuut
318 1305 443 1334 credunt.

1064 1316 1133 1340 ιενος
1146 1307 1196 1343 μὲν
1211 1306 1391 1342 ἀνθρωπίνως
1403 1306 1475 1333 κατὰ
1484 1306 1535 1342 τὴν
1544 1307 1643 1343 σάρκα,
1654 1307 1745 1342 χρίων
1754 1307 1783 1333 δὲ
1795 1307 1847 1333 Θεῖ-

695 1387 702 1393 .
1051 1353 1108 1385 πῶς
1120 1352 1160 1388 τῷ
1175 1352 1234 1388 ἰδίῳ
1251 1351 1390 1388 Πνεύματι
1404 1352 1469 1384 τοὺς
1478 1353 1518 1385 είς
1536 1353 1619 1380 αὐτὸν
1637 1353 1828 1384 πιστεύοντας.

542 1397 620 1426 CAP.
640 1398 674 1426 ll.

336 1462 456 1496 Qualiter
469 1463 583 1500 intelligi
598 1464 689 1492 deum
707 1464 874 1494 Emmanuel.
1050 1441 1430 1500 f?f'23_7*f_.“._i‘f‘i§°
1468 1441 1847 1500 Ζῗξῗ-.ἳ¹1ἷ¹¹ἶ.ἷῖἷ¹έῗῖ¹ῗίἳ-ἷ¹ἶῗῖ

1467 1486 1845 1529 deitatem‘etltumauitatem;

1466 1537 1494 1560 et
1508 1533 1602 1568 ingens
1617 1538 1663 1561 est
1677 1533 1761 1560 nimis
1773 1532 1846 1561 αισα.

1467 1580 1552 1608 reutia
1567 1585 1738 1607 naturarum.

1050 1450 1144 1477 κριτον
1177 1440 1233 1476 γὰρ
1263 1440 1294 1467 τὺ
1328 1440 1430 1475 μεταξῦ

1051 1489 1178 1525 θεότητος
1215 1489 1263 1516 καὶ
1289 1488 1431 1523 ἀνθρωπό-

1049 1545 1147 1572 ιεηϊος⁸
1182 1536 1230 1563 καὶ
1267 1534 1351 1571 πολλή
1387 1544 1431 1568 τις

1051 1584 1121 1617 ἄγαν
1132 1582 1188 1610 τῶν
1201 1581 1309 1618 φύσιών
1324 1583 1399 1608 ἔστιν
1412 1582 1432 1618 ἡ

1051 1628 1178 1664 διαφορά.
1267 1628 1270 1631 ’

247 1530 404 1558 Emmanuel
416 1533 571 1560 nominatur
583 1532 653 1560 Deus
663 1532 792 1566 Verbum,
823 1534 895 1569 quod
912 1534 1000 1563 Abra-

212 1577 253 1604 Ine
269 1585 362 1605 semen
381 1579 568 1613 apprehendit,
586 1583 613 1606 et
628 1579 753 1607 similiter
772 1587 805 1608 ac
820 1587 870 1608 nos
883 1581 997 1615 partici-i

210 1623 370 1656 pavitcarni
383 1628 411 1652 et
421 1625 545 1660 sanguini
558 1625 580 1652 ⁸.
606 1624 802 1660 Interpretatur
833 1631 924 1655 autem
938 1628 1001 1655 Επι-

210 1669 328 1702 rmtnuel,
348 1669 481 1696 nobiscum
502 1669 581 1698 Deus.
603 1670 771 1698 Conlitemur
791 1676 880 1700 autem
906 1673 1002 1701 nobisc-

210 1721 271 1740 cum
290 1714 372 1743 fuisse
390 1716 434 1742 Dei
453 1715 579 1748 Verbum,
607 1723 660 1743 non
674 1717 814 1745 localiter:
828 1717 854 1745 in
866 1725 920 1754 quo
928 1719 1001 1747 enim

210 1760 270 1787 loco
294 1769 347 1788 non
365 1765 407 1788 est
429 1761 514 1794 Deus.
536 1762 581 1795 qui
609 1761 703 1797 implet
721 1763 831 1790 omnia?
853 1763 908 1791 Nec
931 1765 1002 1800 quod

209 1805 306 1833 adesse
317 1806 396 1833 nobis
406 1806 576 1841 conspicitur
592 1807 684 1834 auxilii
706 1808 829 1842 ratione;
846 1809 947 1837 dictum
961 1815 1003 1840 est

210 1850 282 1877 enim
297 1850 349 1878 hoc
367 1850 447 1878 modo
462 1851 496 1879 ad
512 1850 603 1879 Jesum
625 1851 710 1879 lilium
730 1851 823 1881 Nave:
846 1862 856 1880 ι
882 1854 915 1882 Et
932 1855 1003 1885 sicut

209 1903 284 1922 erum
305 1904 366 1923 cum
392 1896 493 1932 Moyse,
517 1898 553 1924 ita
574 1905 623 1926 ero
643 1903 671 1926 et
687 1903 776 1928 tecum
789 1899 810 1926 ⁸.
828 1908 838 1926 ι
863 1899 916 1928 Sed
930 1902 1002 1936 quod

210 1941 311 1969 factum
326 1948 368 1970 est
388 1944 415 1970 in
439 1944 552 1977 nostris,
573 1944 599 1971 id
616 1949 670 1976 est,
695 1945 723 1972 in
751 1944 931 1980 humanitate,
948 1954 1002 1974 non

210 1988 338 2016 derelicta
355 1996 404 2016 sua
420 1994 517 2018 natura
534 1997 542 2016 :
568 1990 775 2020 inconvertibile
797 1995 840 2020 est
860 1992 934 2020 enim
951 2000 1002 2021 aa-

210 2039 273 2062 tura‘
288 2034 333 2062 Dei
350 2035 481 2064 Verbum.

247 2080 382 2108 Caeterum
400 2089 482 2116 quam
497 2082 532 2111 ob
543 2089 665 2114 causam.
682 2089 744 2110 eum
758 2082 838 2118 plane
849 2083 957 2111 dicatur
968 2082 1002 2112 ad

209 2123 300 2152 ’eallln
322 2125 406 2153 litium
420 2125 506 2159 Nave,
521 2128 592 2162 quod
607 2136 618 2153 ι
635 2127 706 2156 sicut
719 2135 794 2156 eram
814 2135 877 2156 cum
895 2127 997 2164 Moyse,

210 2171 251 2198 sic
263 2178 310 2198 cro
323 2176 427 2204 tecum,
446 2181 456 2198 ›
476 2180 528 2200 non
550 2177 592 2201 est
612 2178 701 2201 tamen
719 2173 874 2201 nominatus
895 2173 1002 2202 Emma-

209 2217 291 2244 nuel?
309 2217 366 2252 Ipsa
384 2222 475 2245 autem
494 2218 564 2246 ratio
578 2223 618 2246 est
633 2227 640 2244 :
663 2220 714 2247 etsi
734 2220 806 2247 enim
824 2227 887 2247 cum
911 2220 1001 2255 aliquo

209 2266 364 2290 sanctorum
382 2263 464 2290 fuisse
477 2263 599 2297 dicatur;
617 2271 670 2291 non
693 2269 783 2293 tamen
801 2265 942 2293 nobiscum
959 2265 1000 2292 fa-

209 2313 283 2335 ctum
299 2315 359 2336 esse
374 2308 489 2336 dicimus
507 2308 591 2336 Deum
610 2308 740 2342 Verbum,
756 2310 808 2338 nisi
823 2317 856 2338 eo
880 2314 1001 2345 tempore

210 2360 264 2387 quo
278 2352 356 2386 juxta
375 2353 446 2387 quod
461 2352 526 2382 dicit
548 2353 670 2388 Baruch,
689 2363 700 2380 ι
719 2354 746 2381 in
768 2359 840 2382 terra
854 2355 928 2382 visus
941 2359 999 2388 est,

208 2401 238 2423 et
254 2397 323 2423 inter
338 2396 462 2425 homines
487 2403 664 2426 conversatus
686 2403 738 2431 est,
751 2402 778 2426 et
797 2406 906 2426 omnem
928 2399 998 2427 viam

209 2441 352 2470 inveniens
364 2442 523 2479 disciplinae,
540 2447 567 2471 et
582 2444 649 2472 dans
662 2451 721 2472 eam
735 2443 818 2472 Jacob
834 2452 918 2479 puero
936 2452 998 2478 suo,

209 2493 236 2515 et
249 2487 329 2515 Israel
341 2488 440 2517 dilecto
451 2497 466 2518 a
486 2497 516 2517 se
531 2498 539 2517 :
557 2489 613 2525 ipse
627 2494 669 2518 est
682 2490 754 2517 enim
772 2490 843 2518 Deus
856 2494 958 2523 noster,
973 2494 1001 2518 et

208 2540 262 2561 non
278 2535 477 2569 comparabitur
487 2535 557 2563 alius
568 2536 602 2563 ad
612 2543 673 2564 eum
688 2537 720 2564 '°.
739 2545 749 2562 ι

244 2579 378 2611 Quantum
398 2582 469 2608 enim
491 2581 523 2609 ad
539 2581 585 2608 Dei
660 2581 741 2608 Ὅσον
758 2582 807 2616 μὲν
821 2582 875 2618 γὰρ
886 2579 952 2618 ἧκεν
961 2583 1000 2615 είς

208 2629 330 2652 naturam
356 2627 484 2661 pertinet,
518 2635 586 2655 non—
622 2628 653 2655 τὺ
667 2627 735 2655 εἶναι
746 2629 812 2662 Θεὸς
823 2629 893 2656 κατὰ
908 2629 999 2664 φύσιν,

207 2671 271 2699 dum
285 2672 488 2701 eratnobiscum
499 2682 506 2707 ;
519 2674 586 2701 mul-
622 2675 673 2702 οὒκ
692 2673 726 2710 ἦν
742 2675 800 2711 μεθ’
813 2676 903 2712 ἡμῶν·
919 2675 1001 2710 ἀσύγ-

270 2764 336 2800 ticn.
352 2771 388 2800 vi.
401 2763 427 2790 5.
466 2764 476 2780 ⁸
491 2764 562 2800 ῐξδιιΙ.
576 2775 646 2800 XLIV,
659 2768 685 2796 8.
723 2767 819 2796 'Joan.
835 2776 853 2800 ι,
867 2768 910 2796 32.
948 2768 999 2796 ⁸114

1065 2776 1093 2800 ιι,
1111 2767 1151 2795 H.
1190 2767 1199 2782 '
1215 2767 1294 2795 Josue
1308 2773 1326 2798 ι,
1341 2772 1365 2792 v.

207 2808 235 2833 χ,
255 2799 277 2824 1.
317 2798 337 2813 ¹¹
356 2799 404 2825 lsa.
421 2807 468 2830 vn,
485 2799 526 2827 Η.

1088 1675 1204 1710 Ideoque
1226 1674 1333 1702 divinus
1354 1673 1440 1701 David
1466 1673 1499 1699 ad
1525 1671 1730 1707 proximitatem
1757 1671 1848 1706 mysti-

1052 1729 1110 1749 cam
1135 1721 1191 1757 [al.
1219 1721 1346 1748 unionem
1370 1717 1582 1754 arctissimam].
1607 1718 1692 1746 Deum
1719 1717 1846 1750 Verbum,

1052 1767 1123 1802 quod
1147 1766 1267 1795 nondum
1285 1766 1319 1794 ad
1345 1772 1395 1794 nos
1411 1769 1533 1797 venerat,
1558 1764 1684 1796 vocabat,
1709 1765 1807 1792 dicens
1821 1765 1846 1791 iu

1053 1813 1167 1848 spiritu:
1185 1821 1195 1838 ι
1208 1812 1249 1840 0b
1263 1812 1339 1847 quid,
1354 1811 1485 1843 Domine,
1509 1810 1657 1838 discessisti
1675 1809 1757 1844 longe
1773 1809 1818 1836 “7
1834 1819 1844 1836 ι

1088 1858 1127 1894 (l)
1143 1857 1212 1893 Ergo
1232 1857 1288 1892 jam
1305 1864 1358 1884 non
1381 1856 1518 1889 discessit,
1539 1855 1586 1883 sed
1611 1856 1756 1882 nobiseum
1785 1855 1844 1886 fuit,

1052 1903 1097 1938 qui
1113 1910 1176 1930 cum
1191 1902 1334 1930 mansisset
1349 1902 1374 1930 id
1398 1901 1469 1936 quod
1480 1905 1551 1933 erat,
1571 1900 1753 1935 apprehendit
1766 1900 1845 1926 Abra-

1053 1948 1095 1976 hae
1105 1955 1209 1980 semen,
1223 1952 1252 1975 ut
1265 1947 1320 1975 dixi
1334 1956 1341 1981 ;
1355 1947 1460 1981 accepit
1482 1950 1572 1973 autem
1597 1946 1680 1973 etiam
1697 1946 1771 1973 servi
1792 1946 1846 1972 for-

1052 2001 1138 2026 mam,
1150 1998 1179 2021 et
1191 1997 1354 2027 conspectus
1370 1992 1452 2019 homo
1464 1991 1491 2018 in
1507 1995 1578 2018 terra
1595 1994 1649 2017 est.

1088 2039 1216 2068 Christus
1227 2046 1293 2066 vero
1308 2041 1336 2066 et
1350 2036 1509 2066 Emmanuel
1522 2036 1646 2064 eumdem
1665 2035 1747 2062 nobis
1763 2034 1845 2062 ﬁlium

1052 2087 1205 2121 designant,
1220 2085 1317 2120 partim
1332 2085 1393 2119 quia
1408 2088 1506 2112 unctus
1525 2087 1567 2111 est
1581 2089 1658 2109 more
1671 2086 1785 2113 nostro,
1798 2081 1845 2107 hu-

1053 2140 1142 2161 mana:
1155 2131 1271 2159 hominis
1287 2136 1391 2159 natum
1409 2129 1534 2165 spiritum
1552 2128 1704 2162 accipiens,
1723 2132 1753 2153 ut
1770 2127 1796 2153 in
1818 2133 1846 2153 se

1053 2179 1112 2214 ipso
1129 2183 1156 2206 et
1180 2178 1265 2213 primo
1287 2176 1336 2212 [αι.
1359 2177 1476 2204 humana
1506 2179 1601 2202 natura
1623 2174 1750 2207 spiritum
1776 2172 1846 2199 θεοῖο

1053 2226 1144 2261 piente
1162 2225 1189 2251 in
1205 2224 1273 2258 ipso,
1295 2227 1324 2250 ut
1341 2221 1450 2257 primo].
1466 2220 1573 2248 Positua
1585 2224 1627 2247 est
1639 2219 1713 2246 enim
1727 2219 1845 2252 primor-

1054 2271 1128 2299 dium
1144 2270 1262 2305 generis,
1278 2276 1371 2296 rursus
1389 2268 1446 2302 ipse
1466 2274 1580 2302 ungens,
1593 2270 1622 2293 ut
1642 2265 1727 2296 Deus,
1744 2264 1845 2297 Spiritu

1053 2320 1148 2345 saneto
1160 2323 1208 2343 eos
1220 2315 1264 2348 qui
1287 2314 1314 2341 in
1332 2321 1362 2341 se
1374 2313 1489 2341 credunt
1501 2321 1509 2340 :
1529 2312 1639 2346 partim,
1652 2311 1715 2345 quia
1729 2310 1782 2338 fuit
1799 2318 1846 2335 no-

1053 2363 1156 2391 biscum
1171 2361 1320 2389 secundum
1331 2367 1399 2394 quas
1414 2359 1493 2386 modo
1508 2358 1611 2386 reddidi
1627 2358 1760 2389 rationes,
1773 2361 1800 2383 et
1815 2357 1846 2382 de

1053 2416 1087 2436 eo
1102 2416 1150 2436 nos
1165 2407 1229 2434 facit
1248 2411 1337 2434 certos
1353 2405 1436 2433 lsaias
1455 2405 1586 2440 propheta
1609 2403 1726 2430 dicens:
1749 2412 1759 2429 ι
1779 2403 1846 2429 Ecce

1052 2455 1129 2490 virgo
1144 2453 1171 2481 in
1194 2457 1272 2480 utero
1288 2451 1414 2486 accipiet,
1429 2456 1456 2478 et
1471 2450 1559 2485 pariet
1576 2449 1672 2481 ﬁlium.
1692 2454 1721 2476 et
1736 2449 1844 2476 vocabi-

1054 2504 1098 2527 tur
1113 2507 1210 2527 nomen
1232 2498 1290 2533 ejus
1306 2497 1466 2525 Emmanuel
1481 2497 1514 2523 ”.
1533 2505 1542 2522 ι
1564 2495 1633 2523 Cum
1656 2495 1730 2522 enim
1753 2499 1844 2521 szrltt'la

1054 2545 1148 2580 Virgo,
1160 2553 1192 2572 ex
1206 2544 1308 2579 Spiritu
1319 2543 1428 2578 quidem
1441 2547 1537 2570 sancto
1549 2547 1694 2576 praegnans
1704 2545 1748 2567 est
1765 2539 1843 2569 farta.

1053 2593 1158 2628 peperit
1168 2595 1258 2619 autem
1276 2589 1424 2618 secundum
1437 2595 1547 2616 carnem
1562 2587 1666 2619 lilium;
1686 2591 1751 2612 tunc
1765 2586 1844 2612 etiam

1055 2637 1214 2666 Emmanuel
1234 2637 1323 2664 dictus
1348 2640 1409 2663 est:
1439 2635 1489 2662 fuit
1512 2635 1583 2661 enim
1613 2633 1769 2664 nobiscum,
1799 2639 1844 2665 per

1054 2683 1190 2712 carnalem
1214 2671 1416 2718 generationem
1441 2679 1637 2715 incorporalis;
1661 2684 1689 2705 et
1718 2679 1744 2706 id
1769 2683 1842 2707 erat.

1407 2763 1544 2791 "Baruch
1571 2769 1611 2793 ιιι⁷
1639 2760 1686 2788 58.
1729 2760 1748 2775 ¹¹
1770 2759 1839 2786 Psal.

244 2878 282 2913 (Ι)
299 2878 410 2911 Βαίυι.τ
429 2878 565 2912 Discessit,
583 2881 627 2908 sed
657 2881 789 2909 nobiscum
818 2879 886 2914 fuit;
901 2881 956 2915 qui,
985 2884 1036 2908 etc.
1064 2879 1143 2906 Eon.
