1907 3038
66 200 75 206 _
89 166 160 194 ms

549 162 697 191 SCHOLIA
715 162 759 191 DE
778 162 1032 194 INCARNATIONE
1052 165 1237 195 UNIGENlTl.

1648 168 1716 196 1375

87 223 160 257 quod
173 228 220 257 per
235 229 329 250 vocem
346 221 429 249 David
444 221 665 257 signiﬁcabatur:
685 232 694 248 ι
709 223 779 250 Deus
792 223 878 250 mani-
892 226 915 256 Α
930 225 1052 261 eximium
1070 226 1210 259 Dominus,
1230 230 1323 261 utpote
1337 226 1383 262 qui
1399 231 1496 254 natura
1514 230 1540 255 et
1558 227 1670 254 veritate
1682 235 1716 254 ex

88 269 158 295 teste
181 268 288 299 veniet,
314 267 387 295 Deus
414 273 517 300 noster,
543 271 570 294 et
592 275 644 294 non
663 268 753 295 silebit
769 269 810 300 ";
827 277 836 294 ι
851 272 878 295 et

86 313 154 339 illud
171 313 266 347 opinor
279 321 286 340 :
301 323 310 339 t
329 313 388 348 ipse
403 313 448 349 qui
465 313 571 340 loculus
583 321 654 346 sum,
665 318 763 348 praesto
775 321 847 342 sum.
865 324 875 340 ι

88 359 207 387 Locutus
221 360 292 386 enim
315 367 363 394 per
377 360 534 395 prophetas,
551 364 580 386 ut
601 360 769 395 incorporale
791 361 878 389 adhuc

88 404 220 439 Verbum,
238 405 348 433 advenit
365 405 446 433 etiam
461 405 647 440 corporaliter.

410 460 487 488 CAP.
511 459 558 488 lli.

324 550 327 552 I
364 517 436 550 Quid
452 521 491 545 est
508 515 598 545 Iesus.

123 575 156 602 Vl
181 574 287 610 quidem
314 574 512 608 intentionum,
540 582 591 610 qua
618 578 740 610 opertcat
763 583 778 602 a
801 575 877 604 nobis

86 627 171 647 unum
187 620 240 648 dici
258 618 356 647 Filium
373 619 431 652 Dei,
450 621 615 647 tantumdem
633 625 684 654 est,
702 625 729 648 et
741 612 877 654 Christus,

85 667 113 689 ‹·ῑ
127 662 295 694 Etntnanuel,
310 667 336 690 et
355 661 450 696 Iesus;
464 669 492 691 et
515 663 542 691 ld
563 664 670 699 quidem
693 665 770 699 quasi
791 673 825 693 ex
849 673 879 693 re

87 715 186 736 nouum
210 714 250 736 est
275 708 396 736 factum:
425 717 435 735 ε
452 709 510 743 ipse
535 709 620 742 enim,
644 710 740 745 inquit,
764 707 880 739 'salrabit

85 754 218 788 populum
233 762 311 781 suum
325 759 339 781 a
355 755 473 790 peccatis
490 756 546 782 suis
562 754 595 788 “.
615 764 624 782 ι
647 755 878 789 Quemadmodum

84 800 159 826 enim
175 797 334 827 Emmanuel
353 798 534 834 signiﬁcabat,
555 808 604 836 per
619 801 821 836 generationem
844 809 878 829 ex

89 845 206 872 muliere
234 846 376 873 nobiscum
401 845 502 873 factum
530 846 612 874 fuisse
633 847 678 874 Dei
697 845 832 880 Verbum;
851 851 879 875 et

84 891 223 924 Christus,
250 890 312 926 quia
331 891 420 919 factus
443 891 542 924 homo,
565 896 662 920 unctus
682 893 781 920 dicitur
801 893 878 927 juxta
893 905 915 934 Β

86 943 138 964 nos
161 936 298 964 immane:
324 937 361 964 ita
379 937 462 964 etiam
485 935 574 970 Jesus,
602 938 673 974 quod
694 938 810 966 salvavit
828 945 877 967 nos

84 988 165 1009 suum
181 983 319 1017 populum,
330 983 403 1018 quod
418 984 536 1011 maxime
547 990 608 1011 eum
620 984 790 1013 demonstrat
814 991 878 1016 vere

83 1032 114 1054 et
130 1032 228 1054 natura
243 1029 364 1055 otnuiutn
384 1028 538 1056 Dominum.
554 1029 647 1065 Neque
669 1031 740 1058 enim
760 1031 877 1060 hominis

84 1074 238 1101 communis
253 1078 377 1103 creatura
392 1082 454 1103 esse
469 1076 593 1110 dicatur;
609 1077 703 1104 deceat
717 1081 806 1105 autem
820 1085 878 1105 ma-

84 1120 127 1154 gis
150 1121 240 1148 omnia
276 1122 366 1150 dicere
401 1129 461 1150 esse
483 1121 637 1157 Unlgeniti,
657 1123 709 1151 etsi
734 1123 821 1152 factus
843 1124 879 1152 sit

84 1165 179 1193 homo.

123 1211 201 1239 Dicet
217 1211 287 1239 forte
300 1212 397 1248 aliquis
411 1222 418 1240 :
434 1212 515 1248 Atqui
531 1214 629 1250 llloysis
641 1214 729 1242 dictus
741 1219 782 1242 est
795 1222 878 1250 popu-

84 1256 128 1284 lus
144 1257 237 1285 Israel.
257 1258 296 1285 Ad
315 1258 366 1286 hoc
381 1259 512 1290 dicemus,
524 1260 595 1294 quod
609 1259 656 1286 Dei
670 1260 780 1294 quidem
794 1268 879 1296 popu-

84 1302 128 1329 lus
149 1304 302 1331 nominatus
316 1305 362 1337 sit,
383 1308 410 1331 et
431 1303 457 1331 id
478 1311 537 1331 erat
559 1313 663 1332 verum.
687 1305 788 1333 Verum
812 1313 880 1341 quo-

84 1348 162 1375 niam
176 1349 210 1376 ad
228 1348 406 1376 defectionem
423 1347 555 1376 deductus
567 1354 620 1382 est,
641 1354 667 1376 et
685 1350 797 1377 vitulttm
815 1348 879 1377 fecit

83 1401 136 1428 per
151 1394 296 1427 desertum,
313 1395 489 1422 iuhonoratus
501 1400 543 1422 est
555 1402 567 1421 τι
584 1395 638 1422 Ι)εο
650 1404 657 1423 :
671 1402 723 1422 non
739 1395 809 1422 enim
821 1395 877 1431 jam

84 1448 167 1467 suum
182 1441 322 1468 naminare
342 1440 468 1475 populum
491 1439 664 1476 dignabatur,
680 1441 726 1468 sed
743 1448 803 1468 eum
823 1442 878 1476 iam

85 1486 192 1513 homini
206 1486 363 1514 destinavit.
385 1486 420 1513 At
444 1493 493 1513 uos
519 1494 571 1514 uott
598 1487 657 1514 ita:
683 1487 784 1522 proprii
806 1487 877 1514 enim

86 1539 184 1559 smnus
200 1531 257 1564 filii,
272 1539 305 1559 eo
318 1532 390 1566 quod
402 1536 430 1559 et
451 1532 522 1559 Deus
533 1532 578 1566 sit,
593 1537 676 1567 etpcr
690 1533 775 1566 ipsum
788 1536 877 1560 creata

930 271 985 299 Deo
1004 277 1083 300 natus
1098 277 1140 300 est
1155 273 1246 300 Patre.
1264 273 1298 300 Et
1312 273 1338 300 id
1356 273 1433 300 nobis
1451 273 1654 301 evidentissime
1672 281 1718 300 sa-

927 317 1115 352 pientissimus
1138 318 1235 346 Paulus
1257 318 1398 346 ostendit:
1416 328 1425 344 ι
1440 318 1547 346 Primus
1568 318 1653 350 enim,
1677 319 1718 346 in-

928 363 998 398 quit,
1015 363 1095 390 homo
1107 371 1140 390 ex
1152 369 1223 390 terra
1236 364 1269 391 de
1285 364 1366 396 limo;
1388 363 1524 391 secundus
1541 371 1557 391 e
1575 363 1644 391 coelo
1655 363 1690 390 ὀ.
1705 373 1714 389 ι

963 408 1045 443 Atqui
1063 408 1143 444 Virgo
1158 414 1251 437 sancta
1270 409 1375 444 peperit
1392 410 1521 444 templum
1550 409 1637 437 Verbo
1656 409 1717 436 uui-

928 458 1003 488 tum;
1023 455 1071 483 sed
1084 461 1101 482 e
1114 456 1184 483 caelo
1204 455 1313 488 dicitttr,
1330 459 1357 483 et
1383 460 1457 483 recte
1477 456 1585 490 quidem
1608 454 1718 482 Emtm-

928 500 992 529 nuel
1007 510 1014 528 :
1027 501 1142 536 desuper
1159 501 1234 529 enim
1251 506 1279 530 et
1297 509 1330 529 ex
1351 489 1503 529 substantia
1525 501 1570 528 Dei
1592 505 1619 527 et
1631 501 1717 528 Patris
1743 489 1753 524 ἒ

927 550 1022 573 natum
1040 551 1084 574 est
1106 547 1222 574 Verbum
1244 547 1328 582 ipsius
1342 555 1350 574 :
1362 547 1502 575 descendit
1520 554 1586 574 vero
1601 547 1634 574 ad
1657 554 1717 580 nos,

929 595 993 618 tunc
1010 599 1072 619 cum
1086 591 1186 619 factum
1200 595 1244 620 est
1262 592 1362 625 homo;
1378 588 1467 619 tamen
1488 592 1527 619 sic
1545 599 1655 627 quoque
1669 592 1719 620 de-

928 645 1010 673 super
1022 642 1074 666 est.
1088 638 1217 666 Testatus
1234 642 1275 666 est
1290 643 1380 666 autem
1399 639 1478 674 781
1495 638 1616 666 Joannes
1634 639 1668 666 de
1685 646 1719 667 eo

929 684 1020 712 dicens
1043 694 1051 712 :
1076 693 1086 710 ι
1117 684 1168 717 Qui
1201 684 1343 713 desursum
1371 685 1465 717 venit,
1508 693 1591 720 supra
1624 692 1718 712 omnes

928 735 970 758 est
980 731 1014 758 ".
1031 739 1042 757 ι
1062 731 1096 758 Et
1118 731 1177 766 ipse
1197 731 1321 760 Christus
1344 731 1384 759 ait
1405 732 1438 759 ad
1464 731 1591 766 populum
1613 731 1718 759 Judteo~

929 784 1010 804 rum:
1024 786 1035 803 ε
1049 777 1104 806 Vas
1123 778 1250 808 deorsum
1274 777 1361 810 estis.
1380 785 1432 812 ego
1448 777 1567 812 desuper
1588 784 1648 804 sum
1658 777 1691 803 ".
1705 785 1716 801 ι

929 821 963 850 Ει
981 831 1095 852 rursus:
1112 833 1121 849 ι
1138 823 1196 859 Ego
1206 830 1259 851 non
1272 830 1334 851 sum
1353 830 1387 850 ex
1406 824 1457 851 hoc
1473 823 1572 850 mundo
1582 823 1616 854 “,
1631 831 1641 849 ι
1656 822 1718 848 licet

929 876 993 904 pars
1004 869 1095 896 mundi
1108 870 1178 898 sicut
1189 870 1273 898 homo
1283 874 1451 904 nuncupatus
1463 869 1511 902 sit;
1523 868 1571 895 sed
1586 873 1645 895 erat
1657 875 1717 894 cum

930 914 981 942 hoc
999 921 1109 949 quoque
1131 922 1214 950 supra
1239 914 1370 942 mundum
1394 918 1423 941 ut
1443 913 1523 941 Deus.
1548 912 1719 939 Meminimus

928 960 1000 989 enim
1013 960 1091 994 plane
1103 960 1220 988 dicentis
1234 969 1242 987 :
1259 969 1268 986 (
1285 959 1318 986 Et
1330 966 1410 986 nemo
1427 958 1551 986 ascendit
1566 958 1592 991 in
1606 957 1718 990 realmn,

929 1006 982 1034 nisi
1000 1006 1046 1041 qui
1065 1006 1205 1035 descendit
1225 1006 1258 1033 de
1273 1005 1344 1033 casio
1358 1004 1443 1033 Filius
1459 1003 1577 1031 hominis
1588 1003 1622 1030 “.
1639 1012 1648 1028 ι
1667 1002 1719 1030 De-

929 1051 1069 1080 scendisse
1091 1055 1183 1079 autem
1201 1050 1318 1078 dicimus
1330 1051 1364 1077 de
1388 1049 1458 1077 ccelo
1477 1048 1574 1076 Filium
1591 1047 1723 1088 hominis,

929 1104 978 1132 per
992 1097 1121 1127 unitatem
1138 1096 1378 1131 dispensntorism,
1401 1095 1489 1122 Verbo
1509 1095 1644 1121 tribuente
1657 1101 1719 1128 pro-

929 1144 994 1180 prize
1011 1143 1086 1171 carui
1107 1143 1201 1178 gloriae
1212 1151 1269 1171 suae
1289 1147 1316 1170 et
1332 1142 1429 1170 divinat
1448 1141 1598 1176 maiestatis
1611 1139 1720 1167 claritu-

930 1190 1032 1220 dinem.

1260 1245 1338 1273 CAP.
1356 1244 1389 1272 Υ.

931 1303 1017 1337 Quam
1038 1304 1069 1331 ob
1088 1310 1197 1330 causam
1223 1303 1386 1333 exinanitum
1409 1302 1508 1329 dicitur
1524 1301 1571 1330 Dei
1596 1301 1719 1330 Verbum.

966 1359 1077 1388 Plenum
1101 1362 1248 1389 secundum
1275 1365 1419 1394 naturam,
1445 1365 1472 1388 et
1495 1368 1530 1388 es
1547 1360 1619 1388 omni
1644 1365 1721 1394 parte

929 1407 1080 1442 perfectum
1105 1407 1188 1434 Deum
1215 1407 1343 1439 Verbum,
1366 1411 1393 1433 ct
1418 1406 1581 1433 distribuens
1611 1412 1644 1432 ex
1671 1412 1719 1432 sua

929 1452 1098 1487 plenitudine
1115 1451 1186 1479 bona
1207 1459 1255 1479 sua
1275 1456 1419 1484 creaturas,
1440 1458 1473 1478 eo
1486 1450 1557 1484 quod
1572 1450 1610 1477 ait
1625 1458 1631 1476 :
1648 1459 1657 1475 ι
1673 1449 1722 1476 Εἷς

929 1497 1040 1524 fundam
1063 1497 1095 1524 de
1112 1496 1214 1531 Spiritu
1237 1504 1297 1524 meo
1310 1504 1391 1532 super
1410 1503 1518 1524 omnem
1536 1502 1644 1523 carnem
1658 1496 1690 1522 ’⁵.
1708 1505 1718 1522 ι

931 1543 1104 1570 Exiuanilum
1122 1543 1258 1576 dicimus;
1274 1543 1343 1570 nihil
1358 1543 1386 1570 in
1402 1548 1496 1571 natura
1516 1542 1624 1577 propria
1637 1542 1723 1569 viola-

86 1578 146 1604 sint
161 1578 262 1604 omnia.
289 1577 327 1605 lta
344 1579 417 1605 enim
441 1579 480 1605 ait
504 1578 607 1605 David:
629 1587 638 1604 ι
669 1577 800 1611 Quoniam
822 1578 916 1612 ipseG
933 1593 1001 1621 mm,
1022 1596 1083 1621 nec,
1100 1593 1130 1616 ut
1149 1589 1228 1616 aliter
1251 1596 1281 1617 se
1303 1589 1427 1622 habent,
1441 1593 1647 1620 commntum“.
1672 1596 1722 1616 nec

86 1625 156 1652 fecit.
171 1632 230 1657 uos,
243 1629 270 1652 et
282 1633 334 1652 non
352 1624 404 1659 ipsi
420 1631 488 1658 nos;
514 1631 562 1651 nos
579 1628 668 1651 autem
696 1624 810 1659 populus
829 1631 878 1659 pa-

86 1678 164 1698 scua:
185 1670 253 1705 eius,
270 1674 298 1697 et
313 1677 378 1697 oves
391 1677 487 1697 manus
505 1670 563 1705 ejus
576 1669 608 1697 ι’.
624 1678 633 1696 ι
654 1669 774 1704 Denique
797 1669 878 1697 etiam

87 1717 149 1750 ipse
168 1716 202 1743 de
220 1715 297 1743 nobis
309 1715 399 1743 dixit:
413 1724 423 1741 ‹
439 1714 511 1743 Oves
531 1722 598 1743 mea
614 1721 706 1742 vocem
729 1721 816 1742 meam
829 1721 880 1743 auo

86 1763 166 1790 tliunt
185 1766 213 1790 et
225 1767 375 1797 sequunutr
385 1769 427 1789 me
439 1761 472 1788 “.
494 1770 504 1787 ι
520 1761 554 1789 Et
575 1769 686 1788 rursus:
700 1769 710 1786 ε
731 1761 806 1788 Alias
816 1767 881 1790 ove!

87 1809 189 1840 habeo,
206 1816 265 1842 quae
279 1815 331 1835 non
350 1811 414 1836 sunt
430 1815 464 1834 ex
479 1808 530 1835 hoc
550 1807 625 1840 ovili,
644 1811 671 1835 et
695 1807 754 1834 illas
774 1811 882 1842 oportet

86 1863 136 1883 me
147 1862 323 1890 congregare,
336 1859 362 1881 et
376 1855 420 1881 ﬁet
433 1861 502 1880 unus
512 1861 588 1888 grex.
600 1859 628 1880 et
639 1860 710 1880 unus
720 1858 813 1888 pastor
822 1854 854 1880 ".
868 1862 878 1879 ι

87 1902 237 1929 Mandabat
254 1905 344 1928 autem
357 1900 441 1927 etiam
456 1899 536 1927 beato
548 1899 628 1926 Petro
642 1906 649 1923 :
666 1907 675 1927 ι
692 1899 786 1926 Simon
800 1898 882 1926 Joan-

87 1948 153 1980 nis,
179 1954 254 1974 anms
279 1947 340 1973 inc?
368 1945 452 1974 Pasce
477 1951 559 1980 agnos
589 1952 664 1973 meos
680 1962 689 1976 ,
709 1950 791 1979 pasce
818 1950 883 1973 oves

87 2000 166 2020 meas
181 1993 213 2020 ".
234 2000 244 2018 ι

412 2047 490 2076 CAP.
511 2046 556 2074 ιν.

125 2106 211 2140 Quum
229 2105 259 2132 ob
273 2113 379 2132 causam
396 2103 443 2131 Dei
464 2103 574 2131 Verbum
594 2104 690 2130 dictant
710 2104 744 2130 sit
759 2105 845 2131 Immo.

126 2162 212 2189 llutuo
229 2161 397 2188 nominatum
416 2165 468 2192 est,

88 2216 153 2235 cum
168 2208 203 2234 sit
222 2212 315 2234 natura
333 2208 411 2238 Dens,
424 2206 469 2233 Dei

88 2253 181 2281 l'utris
191 2252 309 2280 Verbum
323 2260 330 2278 :
342 2252 468 2286 quoniam

87 2301 217 2328 similiter
252 2307 284 2326 ac
314 2307 362 2326 nos
407 2306 470 2326 san-

87 2346 165 2382 guini
203 2344 412 2372 communicavit
442 2348 469 2371 et

87 2392 167 2431 carui
200 2391 232 2416 η.
262 2389 307 2417 Sic
326 2391 397 2417 enim
417 2395 469 2416 ter-

88 2438 165 2466 renis
175 2437 310 2471 apparuit,
323 2445 375 2463 non
391 2436 470 2463 amit-

89 2490 152 2511 tens
181 2484 206 2510 id
228 2483 300 2518 quod
324 2487 399 2515 erat,
423 2482 470 2510 sed

542 2159 702 2195 Ἀνθρωπος
716 2159 883 2195 ὠνόμασται,

506 2203 595 2230 καίτοι
617 2203 687 2230 κατὰ
700 2203 780 2238 φύσιν
798 2204 885 2240 ὑπάρ-

507 2258 560 2285 χων
573 2250 650 2282 Θεὸς,
665 2251 678 2276 ὁ
697 2251 730 2277 ὲκ
747 2251 814 2277 Θεοῦ
830 2252 886 2278 Πα-

506 2295 569 2330 τρὸς
585 2295 681 2329 Λόγος,
700 2296 737 2328 ὡς
758 2305 886 2334 μετεσχη-

508 2341 564 2372 κὼς
579 2341 705 2377 αἵματος,
723 2343 769 2368 καὶ
784 2343 885 2376 σαρκὸς

510 2387 707 2423 παραπλησίως
714 2389 730 2423 ή
735 2389 791 2423 μῖν.
797 2389 885 2425 Ὠφϐη

507 2434 561 2469 γὰρ
588 2434 659 2461 οὕτω
680 2437 736 2467 τοῖς
759 2436 805 2462 ἐπὶ
821 2436 884 2471 γῆς,

507 2481 553 2507 καὶ
582 2481 611 2507 οὺ
635 2481 727 2517 μεθεὶς
748 2481 816 2516 ὅπερ
840 2479 885 2517 ἦν,

88 2537 235 2557 assumens
293 2528 470 2556 humanitatis
507 2527 564 2554 ἀλλ’
581 2528 610 2554 ἐν
633 2528 783 2564 προσλήψει
805 2537 885 2562 γεγο-

89 2581 218 2602 naturam
250 2574 275 2601 in
292 2582 339 2602 sua
367 2574 473 2602 ratione
507 2573 559 2605 νὼς
582 2574 631 2609 τῆς
657 2574 717 2600 καθ’
738 2575 811 2610 ἡμᾶς
839 2576 887 2602 ἀν-

88 2622 182 2656 perfec
187 2627 252 2650 tum.
508 2620 522 2647 θ
528 2621 755 2656 ρωπότητος,τελε
759 2622 804 2654 tu);
812 2621 888 2656 ἐχού-

509 2676 558 2703 σης
572 2668 643 2694 κατὰ
656 2668 703 2695 τὸν
718 2669 782 2696 ἴδιον
795 2669 884 2704 λόγον.

130 2712 326 2740 Verumtamen
350 2717 377 2740 et
400 2713 425 2740 iu
451 2713 618 2741 humanitate
640 2715 708 2741 Deus
727 2717 836 2747 mansit,
858 2721 885 2742 ct

128 2802 149 2818 ¹³
169 2802 238 2828 ΡειειΙ.
253 2808 323 2834 sunt,
337 2802 363 2827 5.
420 2802 439 2817 “
458 2802 549 2829 Matth.
566 2803 642 2830 1.2!.

92 2838 112 2854 ¹’³
134 2838 216 2864 Ilcbt’.
231 2845 260 2867 It,
276 2838 316 2863 Ην.
356 2838 377 2852 ²⁰
395 2837 403 2863 Ι
420 2839 478 2864 (ζων.
497 2846 538 2867 λγ,

638 2839 656 2853 ¹¹
675 2838 752 2865 Junii.
768 2847 804 2871 Ill,
821 2839 863 2866 5i.

93 2873 113 2888 "
131 2874 182 2899 lsu.
200 2880 270 2904 κων,
285 2873 310 2898 5.
350 2873 370 2886 ’ἦ
386 2873 393 2897 l
411 2873 471 2899 (lor.
489 2873 577 2905 \ttt,5,
595 2874 621 2899 ii.

697 2804 717 2819 ”
736 2803 805 2830 Psul.
821 2805 913 2836 xcrv,.’

912 2841 933 2855 "
951 2839 1027 2868 Joau.
1046 2849 1102 2874 \ttt,
1115 2841 1159 2868 ‘25.

933 1633 1047 1661 inferius
1063 1641 1095 1660 ex
1111 1634 1163 1660 ulla
1176 1639 1252 1669 parte
1261 1633 1363 1660 factum
1376 1634 1598 1661 :inconvertihile
1612 1633 1684 1661 enim
1696 1638 1724 1661 et

933 1678 1101 1706 immutabile
1120 1682 1162 1706 est
1183 1679 1270 1713 ipsum
1288 1685 1412 1714 quoque,
1436 1679 1507 1706 sicut
1528 1683 1556 1705 et
1580 1682 1724 1713 generator

933 1725 1031 1758 ipsius,
1056 1728 1084 1751 et
1120 1731 1258 1759 nunquam
1285 1722 1334 1751 fuit
1361 1723 1497 1759 passionis
1521 1723 1602 1751 ullius
1628 1731 1723 1758 capax.

934 1770 1048 1803 Quando
1062 1777 1126 1797 vero
1143 1769 1245 1797 factum
1262 1769 1311 1796 fuit
1323 1777 1399 1803 caro,
1417 1768 1442 1796 id
1458 1773 1500 1796 est
1522 1769 1614 1800 homo,
1632 1769 1726 1796 huma-

934 1816 1030 1844 nitatis
1046 1819 1234 1850 paupertatem
1258 1815 1395 1849 propriam
1423 1814 1474 1841 sibi
1499 1814 1571 1841 fecit.
1593 1813 1726 1848 Primum,

934 1863 1006 1898 quod
1021 1862 1104 1888 semel
1124 1862 1205 1888 homo
1218 1861 1254 1888 sit
1269 1861 1367 1893 factus,
1388 1861 1439 1888 etsi
1457 1860 1618 1888 remanserit
1632 1860 1703 1887 Deus
1717 1871 1725 1888 ;

935 1908 1034 1935 deinde
1047 1908 1118 1942 quod
1135 1907 1204 1934 servi
1220 1907 1335 1933 formam
1353 1906 1502 1940 acceperit,
1515 1905 1560 1939 qui
1578 1905 1725 1932 secundum

935 1959 1012 1981 suam
1037 1957 1161 1980 naturam
1189 1952 1258 1979 liber
1279 1956 1332 1984 cst,
1354 1956 1448 1986 utpote
1470 1950 1565 1979 Filius.
1583 1951 1672 1986 Atque
1687 1951 1725 1978 ita

936 2004 997 2024 cum
1012 1997 1049 2024 sit
1069 1998 1125 2031 ipse
1142 1997 1234 2032 gloriae
1247 1995 1386 2027 Dominus,
1402 1995 1514 2031 gloriatn
1536 1996 1635 2023 dicitur
1650 1996 1726 2024 acci-

936 2049 1019 2077 pere;
1037 2050 1098 2069 curu
1114 2042 1150 2069 sit
1170 2043 1227 2077 ipse
1245 2042 1309 2074 vita,
1326 2042 1455 2068 viviﬁcari
1473 2041 1639 2076 perhibetur,
1658 2047 1685 2069 et
1699 2042 1725 2069 in

936 2095 1031 2116 omnes
1043 2088 1142 2123 accipit
1154 2092 1326 2123 potestatem,
1339 2094 1399 2114 cum
1415 2087 1448 2114 sit
1461 2088 1518 2122 ipse
1529 2096 1574 2114 rex
1588 2087 1725 2121 omnium;

937 2142 1053 2169 cumque
1067 2135 1122 2161 Deo
1134 2135 1168 2162 sit
1180 2134 1294 2168 :equalis
1310 2133 1395 2166 Patri,
1410 2134 1538 2161 obediens
1550 2133 1601 2160 fuit
1616 2140 1724 2161 crucem

939 2187 1043 2217 passus,
1062 2185 1089 2207 et
1109 2185 1216 2206 caetera.
1231 2178 1331 2206 Verum
1349 2187 1409 2206 cum
1433 2179 1490 2206 haec
1507 2179 1612 2213 quidem
1630 2179 1726 2205 Imma-

940 2226 1031 2252 nitatis
1051 2233 1185 2252 mensura:
1212 2226 1375 2252 conveniunt
1388 2244 1395 2256 ,
1414 2232 1444 2252 ea
1471 2229 1559 2251 tamen
1581 2223 1725 2251 familiaria

902 2258 923 2286 θ
939 2271 1013 2298 ducit
1037 2279 1097 2299 esse
1120 2279 1180 2298 cutn
1209 2278 1303 2303 carne,
1324 2275 1351 2298 et
1369 2270 1462 2305 implet
1484 2270 1724 2305 diSpensationem,

940 2326 1052 2345 mancus
1065 2318 1135 2353 quod
1151 2321 1220 2344 erat.

1261 2372 1336 2402 CAP.
1359 2372 1403 2400 Vl.

1117 2430 1254 2462 Quomodo
1271 2439 1340 2458 unus
1357 2435 1394 2457 ut
1414 2429 1546 2459 Christus.

974 2486 1086 2513 Divinus
1104 2485 1206 2513 Paulus
1225 2486 1320 2514 scribit
1336 2494 1342 2513 :
1362 2495 1373 2511 ε
1394 2485 1452 2513 Etsi
1470 2490 1533 2513 sunt
1551 2485 1588 2512 dii
1605 2485 1680 2512 multi
1698 2489 1726 2512 et

938 2532 1039 2560 domini
1059 2532 1134 2559 multi
1158 2533 1184 2559 in
1201 2532 1281 2565 ctulo,
1296 2537 1324 2559 et
1339 2532 1365 2558 in
1382 2538 1471 2564 terra;
1495 2532 1541 2559 scd
1563 2532 1641 2558 nobis
1655 2539 1726 2559 unus

937 2579 1008 2607 Deus
1024 2579 1113 2608 Pater.
1136 2586 1168 2606 ex
1185 2586 1237 2612 quo
1257 2579 1359 2609 omnia,
1378 2583 1405 2604 et
1429 2585 1477 2604 nos
1491 2585 1523 2604 ex
1547 2585 1596 2609 eo;
1611 2582 1637 2604 et
1655 2584 1726 2604 unus

937 2624 1068 2652 Dominus
1088 2623 1168 2651 Jesus
1186 2624 1324 2656 Christus,
1347 2631 1395 2658 per
1411 2631 1490 2657 quem
1509 2623 1611 2655 omnia,
1629 2627 1656 2649 et
1676 2629 1725 2649 uos

935 2678 982 2705 per
992 2678 1053 2698 eum
1065 2671 1098 2698 “.
1115 2680 1124 2697 ι
1139 2671 1174 2697 At
1185 2678 1249 2698 vero
1261 2670 1477 2703 sapientissimus
1489 2668 1608 2696 Joannes
1619 2670 1653 2696 de
1669 2668 1724 2695 Deo

936 2717 1023 2744 Verbo
1035 2717 1112 2750 dixit,
1131 2718 1201 2752 quod
1221 2726 1230 2742 ‹
1247 2716 1335 2743 omnia
1350 2723 1398 2750 per
1412 2716 1498 2750 ipsum
1517 2715 1585 2743 facta
1605 2719 1678 2748 sttnt,
1694 2719 1722 2742 et

992 2806 1013 2820 ’⁵
1029 2805 1105 2832 Juau;
1120 2815 1146 2834 κ.
1158 2806 1202 2832 ‘27.
1255 2806 1276 2820 ”
1297 2805 1361 2832 Ibitl.
1379 2803 1419 2830 l6.
1476 2803 1497 2819 "‘
1514 2802 1592 2829 Joau.
1606 2810 1663 2834 xxt,
1677 2801 1719 2827 i7.

1215 2841 1236 2856 ”
1251 2840 1328 2868 Suam.
1343 2848 1396 2873 xtv,
1415 2840 1453 2866 10'.
1493 2839 1514 2854 “
1530 2838 1606 2866 Joau.
1621 2844 1663 2870 ttt,
1677 2836 1722 2864 l5.
