1907 3038
190 158 262 184 1575

190 264 246 287 tem
266 260 362 288 beatus
378 261 490 289 Gabriel
509 264 610 288 sanctze
628 260 731 296 Virgini
752 262 846 290 dicens
861 271 868 289 :
887 271 897 288 ι
910 263 981 291 Ecce

190 307 329 341 concipies
345 308 372 333 in
387 312 476 339 utero,
492 311 519 334 et
534 307 624 340 paries
638 307 749 341 Filium,
765 312 793 335 et
809 309 919 337 vocabis
932 317 981 337 no-

190 359 253 380 men
272 353 330 387 ejus
350 351 441 379 Jesum
453 352 486 378 “.
501 362 510 378 ι
525 351 593 380 Cum
617 352 697 388 igitur
714 361 763 388 per
777 353 916 382 Christum
936 354 980 383 Je-

191 407 251 426 sum
265 399 354 426 omnia
370 398 479 426 divinus
493 398 594 426 Paulus
608 398 678 427 facta
687 406 749 428 esse
764 404 978 435 commemoret;

192 445 335 472 conﬁrmet
348 449 437 471 autem
451 444 505 471 vim
518 445 672 478 sententias,
685 449 713 472 et
723 445 848 480 opillcem
857 446 979 474 omnium

190 491 276 518 fuisse
295 490 378 517 Deum
393 489 574 525 evangelizet,
592 498 651 518 rem
667 498 759 519 veram
783 492 878 519 dicens
893 499 978 520 evan-

190 537 286 571 gelista
309 536 435 570 divinus;
453 537 575 572 designet
590 542 680 565 autem
704 538 785 565 etiam
811 538 899 572 angeli
915 545 977 571 vox,

189 589 254 609 vere
265 589 298 609 ex
311 587 405 609 sancta
420 581 529 616 Virgine
543 587 634 609 natum
650 590 710 610 esse
725 583 817 610 Jesum
829 583 978 616 Christum,

190 634 242 654 nec
260 627 363 661 absque
377 627 547 655 humanitate
561 627 737 663 intelligimus
748 628 831 656 Deum
842 628 979 662 Verbum;

189 673 236 700 sed
255 681 338 700 unum
355 673 469 701 dicimus
484 682 517 701 ex
537 674 670 702 ambobus
691 674 829 708 ellectum,
853 679 881 702 et
896 675 979 703 Deum

190 719 327 746 hominem
350 719 462 753 factum,
485 720 610 752 eumdem
628 729 661 748 ex
686 720 777 754 Patre,
799 725 829 749 ut
850 721 979 755 Verbum,

189 770 286 792 natum
301 765 405 798 divine,
419 770 447 793 et
457 773 490 793 ex
505 765 620 794 muliere
634 766 764 800 humane,
777 771 806 794 ut
817 767 955 795 hominem
971 777 978 795 :

190 818 243 838 non
267 815 394 845 tanquam
417 815 446 838 ut
464 811 612 839 secundum
627 812 789 839 substantire
807 812 913 840 initium
931 820 979 840 vo-

191 861 283 883 catum
300 861 364 884 tunc
380 864 442 884 cum
466 859 613 885 secundum
631 864 742 885 carnem
763 858 862 885 dicitur
880 863 977 892 natus;

191 902 239 929 sed
255 907 348 929 natum
365 903 473 937 quidem
492 907 555 931 ante
565 903 658 931 omnia
673 904 784 937 secula,
805 904 923 932 instante
937 908 981 932 ta—
997 895 1018 923 Β

190 954 252 974 men
275 951 409 983 tempore,
432 956 486 983 quo
507 948 639 976 debuerat
662 949 776 985 implere
800 950 982 985 dispensatio—

191 1000 264 1024 nem,
282 997 374 1020 natum
399 993 482 1021 etiam
501 1001 533 1021 ex
555 995 670 1022 muliere
688 995 836 1023 secundum
858 1004 980 1025 carnem.

192 1037 287 1074 Uirgo,
299 1038 351 1065 etsi
370 1038 415 1065 alii
431 1039 512 1066 simili
529 1039 712 1074 appellatione
733 1041 820 1068 vocati
836 1046 898 1069 sunt
912 1042 984 1070 chri-

191 1084 237 1115 stl,
253 1091 323 1111 unus
339 1088 429 1111 tamen
454 1089 497 1111 est
516 1091 564 1120 per
579 1092 660 1120 quem
684 1086 787 1119 omnia,
801 1086 883 1115 .lesus
898 1087 981 1115 Chri-

190 1133 268 1162 stus;
294 1137 346 1156 non
364 1130 435 1164 quod
456 1130 538 1158 homo
555 1130 592 1157 sit
616 1130 704 1158 factus
725 1132 816 1167 opil'ex
836 1133 981 1170 omnium,]

190 1175 236 1202 sed
260 1176 332 1210 quod
350 1175 422 1204 Deus
443 1175 580 1204 Verbum:
600 1186 610 1203 ‹
625 1178 676 1205 Per
693 1186 772 1213 quem
796 1179 887 1206 omnia
910 1179 982 1207 facta

190 1225 264 1252 sunt,
291 1220 416 1248 similiter
441 1228 473 1248 ac
499 1229 549 1249 nos
573 1222 746 1258 partlciparit
770 1225 845 1252 carni
868 1229 896 1252 et
920 1233 983 1253 san-

189 1267 263 1301 guini
275 1267 309 1299 ",
326 1276 335 1292 ι
352 1271 379 1294 et
393 1273 564 1302 nuncupatus
577 1269 614 1296 sit
630 1270 722 1303 homo,
745 1278 796 1298 non
814 1276 904 1299 tamen
920 1279 983 1307 per-

190 1311 290 1338 diderit
303 1319 375 1345 esse,
393 1313 463 1347 quod
477 1318 537 1340 erat
553 1322 560 1340 :
578 1315 615 1341 ita
628 1315 701 1342 enim
718 1320 745 1343 ct
761 1316 787 1343 iu
801 1323 884 1344 carne
896 1316 983 1345 lactus

193 1357 354 1393 intelligitur
382 1360 480 1388 merito
496 1361 587 1396 opifex
602 1362 734 1389 omnium.

451 1528 533 1563 732
548 1528 626 1556 CAP.
647 1528 717 1557 νιιι.

332 1584 420 1618 Quam
437 1593 493 1612 esse
512 1586 625 1613 dicimur
640 1586 840 1614 adunationem.

997 1570 1019 1600 G

229 1652 268 1686 (Ι)
286 1652 422 1680 Adunatio
434 1652 525 1680 multis
534 1653 622 1681 modis
632 1653 759 1688 impletur
770 1653 901 1688 :sejuncti
911 1653 983 1680 enim

193 1698 315 1725 nonnulli
332 1698 431 1726 aﬁectu
450 1699 493 1726 vel
507 1699 656 1731 voluntate,
669 1704 697 1727 et
714 1699 901 1727 discordantes
914 1699 984 1727 inter

193 1751 233 1775 se,
254 1744 369 1771 adunari
391 1744 531 1778 dicuntur,
550 1752 600 1779 per
626 1745 875 1773 reconciliationem
896 1746 984 1773 socia-

194 1789 262 1822 lem,
279 1790 401 1824 deposita
419 1789 568 1817 simultate.
594 1790 715 1818 Adunari
734 1791 798 1819 item
822 1791 938 1819 dicimus
951 1798 984 1820 ea

193 1842 255 1869 quas
270 1834 322 1862 sibi
341 1834 575 1870 conglutinantur,
588 1835 647 1862 sive
661 1834 749 1863 modis
764 1835 825 1862 aliis
838 1835 984 1863 conferun.

194 1885 250 1912 tur,
264 1885 311 1907 aut
327 1888 374 1915 per
386 1881 625 1915 compositionem,
637 1886 684 1908 aut
696 1887 743 1916 per
758 1881 923 1916 mistionem,
938 1887 985 1910 aut

193 1935 242 1962 per
259 1927 492 1961 lemperationem.
506 1926 622 1960 Quoties
641 1932 732 1954 autem
750 1923 903 1955 'adunatum
923 1935 985 1956 esse

194 1977 294 2000 nostra:
309 1977 410 2000 natura:
428 1972 474 2000 Dei
491 1973 610 2001 Verbum
626 1973 752 2006 dicimus,
766 1974 842 2001 omni
863 1974 984 2002 humana

193 2019 358 2054 cogitatione
368 2019 541 2046 adunationis
554 2018 614 2054 ejus
630 2019 726 2047 modus
739 2019 848 2047 videtur
859 2026 921 2047 esse
935 2028 985 2047 su-

193 2065 295 2099 perior.
313 2064 406 2100 Neque
422 2065 494 2092 enim
511 2073 560 2100 per
572 2072 654 2100 supra
668 2065 789 2100 scriptos
807 2065 902 2094 modos
913 2065 983 2094 facta

192 2113 236 2136 est
257 2116 356 2136 arcana
381 2109 437 2142 illa,
457 2113 485 2137 et
505 2109 572 2136 nulli
590 2109 700 2144 penitus
721 2113 797 2143 nota,
822 2110 873 2137 nisi
897 2112 922 2138 ei
940 2110 984 2139 cui

193 2154 284 2182 omnia
299 2158 360 2182 nota
375 2158 449 2188 sunt,
465 2154 541 2182 uuio.

705 156 734 184 S.
755 156 892 185 CYRILLI
911 157 1147 185 ALEXANDRlNl
1167 156 1326 185 ARCHIEP.

191 215 293 248 absque
313 222 346 242 eo
367 214 469 242 factum
485 218 528 242 est
543 214 610 242 nihil
624 214 657 242 ".
674 223 683 240 ι
702 214 914 251 Evangelizabat
933 225 982 244 au-
995 219 1019 248 Α

1766 154 1834 182 1376

1350 214 1430 243 CAP.
1448 213 1504 242 VII.

1191 262 1330 296 Quomodo
1353 269 1421 288 unus
1439 266 1475 288 est
1497 259 1667 287 Emmanuel.

1060 308 1220 336 Novissimis
1244 307 1352 335 saeculis
1381 306 1452 334 Deus
1478 305 1595 333 Verbum
1622 306 1708 334 homo
1731 305 1834 334 dicitur

1030 353 1132 387 factus,
1157 357 1193 387 et,
1219 353 1290 381 sicut
1311 353 1350 381 ait
1368 352 1478 380 divinus
1497 351 1609 384 Paulus,
1629 361 1640 377 ι
1656 359 1708 387 per
1725 351 1835 379 sacriﬁ-

1030 401 1101 428 cium
1127 407 1205 427 suum
1223 398 1414 427 manifestatus
1437 403 1479 425 est
1489 396 1549 423 “.‘i
1570 397 1604 424 Et
1625 398 1769 432 quodnam
1792 401 1834 424 est

1030 444 1221 473 sacriﬁcium?
1238 454 1247 471 ι
1264 444 1350 471 Suum
1366 443 1438 470 enim
1451 449 1552 477 corpus
1563 442 1666 469 obtulit
1685 450 1736 477 pro
1752 441 1834 469 nobis

1031 489 1059 516 in
1076 490 1187 518 odorem
1210 488 1356 516 suavitatis
1377 487 1433 515 Deo
1457 491 1485 515 et
1504 486 1592 518 Patri,
1615 491 1644 514 et
1661 487 1780 514 intravit
1806 487 1834 514 in

1031 540 1125 563 sancta
1150 534 1246 567 semel,
1271 542 1324 561 non
1349 540 1399 569 per
1423 533 1584 568 sanguinem
1608 532 1763 566 hircorum,
1786 537 1835 560 aut

1031 586 1181 614 taurorum,
1197 580 1245 608 sed
1263 587 1311 615 per
1326 587 1407 607 suum
1428 579 1602 615 sanguinem.
1617 578 1665 606 Sic
1679 578 1754 605 enim
1770 585 1834 605 cre-

1031 626 1157 655 dentibus
1175 627 1201 654 iu
1224 634 1253 654 se
1276 626 1464 654 remissionem
1486 627 1513 653 in
1535 630 1670 653 aeternum
1691 631 1834 659 compara-

1032 673 1071 700 vit
1084 672 1116 699 ³¹.
1135 681 1145 698 ι
1171 672 1244 707 Ergo
1266 671 1376 707 plurimi
1395 671 1506 706 quidem
1534 676 1597 699 ante
1624 671 1715 706 ipsum
1739 672 1833 698 sancti

1031 719 1126 752 fuere;
1150 719 1198 746 sed
1217 725 1298 746 nemo
1312 724 1405 745 eorum
1422 717 1582 745 Emmanuel
1603 716 1764 744 nominatus
1779 721 1831 744 est.

1031 765 1118 799 Quam
1141 765 1176 792 ob
1199 764 1333 792 causam?
1351 763 1477 791 Nondum
1499 763 1572 791 enim
1588 768 1703 791 venerat
1725 768 1833 798 tempus

1031 818 1084 846 quo
1099 811 1210 839 deberet
1224 817 1286 837 esse
1307 809 1460 842 nobiscum,
1485 809 1511 837 id
1525 814 1578 842 cst,
1595 810 1622 836 in
1644 814 1768 837 nostram
1786 817 1834 836 ve-

1031 857 1092 885 nire
1105 862 1232 884 naturam
1246 863 1295 891 per
1312 863 1437 888 carnem,
1451 855 1476 884 is
1494 855 1539 890 qui
1554 860 1597 883 est
1612 856 1687 883 omni
1704 855 1833 890 superior

1033 906 1170 930 creatura.
1195 901 1271 929 Unus
1287 900 1369 936 igitur
1391 901 1563 934 Emmanuel,
1586 901 1671 929 semel
1692 901 1768 928 enim
1795 901 1834 928 l'a-

1033 952 1093 976 ctus
1109 953 1151 976 est
1173 947 1254 975 homo
1279 946 1453 983 Unigenitus,
1475 951 1539 974 tunc
1553 955 1617 975 cum
1634 955 1683 982 per
1706 953 1831 975 sanctam

1033 993 1174 1028 Virginem
1205 993 1409 1028 generationem
1437 993 1575 1021 carnalem
1608 1001 1757 1028 perpessus
1781 1000 1832 1022 est.

1033 1039 1142 1068 Dictum
1156 1044 1198 1068 est
1213 1039 1286 1067 enim
1304 1043 1332 1067 et
1356 1039 1390 1066 ad
1405 1038 1497 1067 Jesum
1513 1039 1598 1066 lilium
1613 1040 1689 1067 Nave
1703 1049 1710 1067 :
1728 1050 1737 1065 ι
1756 1039 1833 1073 Quod

1033 1093 1082 1114 ero
1107 1090 1196 1113 tecum
1207 1085 1239 1112 ³⁸.
1258 1094 1268 1111 ι
1285 1085 1321 1112 At
1341 1092 1394 1112 non
1417 1090 1478 1112 erat
1502 1085 1547 1113 ille
1572 1085 1747 1113 Emmanuel.
1772 1085 1835 1112 Fuit

1034 1132 1117 1160 etiam
1134 1139 1195 1159 cum
1212 1131 1324 1168 Moyse;
1340 1131 1387 1158 sed
1403 1139 1453 1159 nec
1472 1131 1517 1159 ille
1531 1131 1695 1159 Emmanuel
1709 1132 1833 1159 nomina-

1035 1182 1078 1206 tus
1093 1182 1146 1206 est.
1164 1177 1250 1214 lgitur
1266 1177 1375 1212 quoties
1390 1177 1516 1205 audimus
1532 1184 1630 1205 nomen
1654 1176 1726 1204 Filio
1738 1177 1834 1204 datum

1034 1232 1106 1259 esse,
1135 1233 1145 1251 ι
1162 1225 1305 1252 nobiscum
1330 1224 1413 1256 Deus,
1429 1233 1439 1250 ι
1466 1223 1607 1258 sapienter
1632 1223 1832 1258 intelligamus,

1034 1278 1088 1298 non
1109 1269 1146 1298 ita
1166 1270 1253 1305 ipsum
1268 1269 1354 1297 fuisse
1369 1269 1512 1297 nobiscum
1529 1269 1690 1297 novissimis
1704 1269 1834 1304 tempori-

1032 1316 1098 1350 bus,
1114 1317 1186 1344 sicut
1201 1315 1300 1344 dicitur
1314 1316 1461 1350 aliquando
1473 1315 1558 1343 fuisse
1568 1320 1629 1343 cum
1646 1315 1770 1343 sanctis:
1784 1316 1835 1344 illis

1035 1362 1108 1390 enim
1133 1366 1193 1392 erat
1215 1366 1320 1389 tantum
1343 1361 1469 1396 adjutor;
1490 1361 1633 1389 nobiscum
1659 1366 1754 1388 autem
1776 1360 1834 1393 fuit,

1035 1407 1064 1435 id
1076 1412 1128 1441 est,
1143 1408 1232 1435 lactus
1241 1411 1284 1435 est
1299 1406 1398 1435 similis
1413 1407 1513 1440 nostri,
1529 1414 1590 1434 cum
1603 1415 1682 1435 suam
1701 1415 1757 1434 non
1770 1407 1836 1433 ami-

1036 1454 1117 1482 sisset
1136 1458 1282 1482 naturam:
1297 1458 1339 1480 est
1355 1454 1428 1480 enim
1451 1452 1682 1486 inconvertibilis.
1707 1458 1740 1480 ut
1755 1453 1834 1481 Deus.

1338 1521 1465 1547 ΚΕΦΑΔ.
1486 1521 1528 1548 ιιι.

1116 1578 1195 1611 Τίνα,
1213 1577 1301 1613 φησι,
1312 1578 1442 1614 λέγομεν
1455 1576 1533 1605 εἶναι
1549 1578 1607 1613 τὴν
1623 1578 1753 1605 ἕνωσιν.

1069 1646 1108 1674 Τὸ
1125 1646 1175 1682 τῆς
1198 1646 1321 1679 ἐνώσεως
1336 1647 1433 1682 χρῆμα
1449 1647 1521 1674 κατὰ
1536 1647 1653 1678 πολλοὺς
1668 1647 1837 1674 ἐπιτελεῖται

1034 1691 1166 1727 τρόπους·
1189 1691 1349 1728 διῃρημένοι
1372 1692 1428 1728 γᾶρ
1447 1701 1521 1724 τινες
1541 1692 1614 1719 κατὰ
1636 1692 1761 1720 διάθεσιν
1793 1693 1837 1719 καὶ

1035 1737 1159 1774 γνώμην,
1176 1738 1224 1772 καὶ
1241 1738 1423 1773 διχονοοῦντες
1450 1739 1519 1774 πρὸς
1536 1739 1687 1774 ἀλλήλους,
1711 1738 1836 1765 ἑνοῦσθαι

1035 1783 1159 1818 λέγονται
1173 1784 1246 1811 κατὰ
1260 1783 1398 1819 σύμϐασιν
1407 1783 1530 1819 φιλικὴν,
1546 1784 1578 1810 ἐκ
1593 1785 1681 1819 μέσον
1694 1784 1836 1815 ποιοῦντες

1034 1830 1085 1862 τὰς
1104 1829 1252 1866 διαφοράς·
1276 1829 1403 1856 ὲνοῦσθαι
1428 1829 1458 1856 δέ
1479 1838 1570 1865 φαμεν
1586 1830 1635 1856 καὶ
1658 1829 1692 1856 τὰ
1710 1829 1835 1864 ἀλλήλοις

1035 1876 1206 1912 κολλώμενα,
1222 1877 1307 1912 ἤγουν
1339 1875 1530 1911 συνηνεγμένα
1555 1875 1617 1903 καθ’
1643 1875 1760 1910 ἑτέρους
1776 1875 1836 1909 τρό-

1035 1930 1115 1954 πους,
1137 1921 1155 1958 ἦ
1179 1921 1250 1948 κατὰ
1267 1919 1431 1956 παράθεσιν,
1447 1920 1464 1954 ἢ
1485 1919 1569 1955 μίξιν,
1584 1919 1602 1954 ἢ
1625 1920 1749 1955 κρᾶσιν·
1773 1919 1835 1945 ὅταν

1035 1964 1084 1994 οῦν
1099 1966 1226 1994 ἑνοῦσθαι
1245 1965 1363 2001 λέγομεν
1378 1967 1412 2000 τῇ
1435 1964 1496 1992 καθ’
1519 1966 1594 2000 ἡμᾶς
1619 1964 1702 1999 φύσει
1724 1964 1772 1990 τὸν
1788 1963 1835 1990 τοῦ

1036 2012 1105 2040 Θεοῦ
1118 2013 1216 2047 Λόγον,
1230 2011 1364 2047 κρείττων
1377 2011 1477 2046 ὁρᾶται
1490 2010 1541 2045 τῆς
1550 2010 1698 2046 ἀνθρώπου
1715 2010 1835 2041 διανοίας

1036 2058 1050 2084 ὀ
1061 2060 1111 2094 τῆς
1123 2058 1245 2089 ἑνώσεως
1257 2057 1355 2092 τρόπος
1368 2064 1375 2071 '
1389 2056 1420 2082 οὐ
1435 2056 1489 2092 γάρ
1501 2065 1542 2083 τοι
1554 2056 1615 2083 καθ’
1628 2057 1678 2083 ἕνα
1692 2056 1750 2082 τῶν
1764 2057 1835 2092 εἰρη-

1038 2105 1126 2140 μένων
1155 2104 1245 2131 ἐστίν·
1270 2103 1429 2139 ἀπόρρητος
1445 2102 1474 2129 δὲ
1497 2103 1648 2136 παντελῶς,
1673 2103 1723 2129 καὶ
1745 2103 1834 2129 οὐδενὶ

1036 2151 1107 2187 τάχα
1121 2151 1176 2178 τῶν
1205 2151 1290 2178 ὅντων
1311 2149 1510 2184 διεγνωσμένος
1521 2170 1528 2183 ,
1544 2149 1614 2185 πλὴν
1634 2150 1676 2176 ὅτι
1693 2149 1769 2184 μόνῳ
1795 2149 1834 2183 τῷ

1037 2197 1126 2225 πάντα
1145 2197 1227 2223 εἰδότι
1239 2195 1309 2231 Θεῷ.

245 2242 280 2270 Ει
304 2243 371 2270 nihil
402 2242 517 2276 mirum,
536 2242 559 2270 si
582 2242 608 2269 in
640 2242 794 2277 huiusmodi
820 2243 981 2279 cogitatione

1073 2242 1129 2269 Καὶ
1147 2241 1302 2276 θαυμαστὸν
1327 2241 1419 2274 οὐδὲν,
1438 2241 1463 2268 εἰ
1482 2240 1537 2267 τῶν
1566 2239 1696 2266 τοιούτων
1724 2239 1835 2265 ἐννοιῶν

191 2289 347 2320 vincamur,
370 2296 431 2315 cum
449 2296 493 2315 res
509 2292 630 2322 nostras,
654 2291 790 2325 quomodo
811 2298 841 2318 se
855 2291 982 2323 habeant,

191 2335 376 2369 inquirentes,
398 2333 468 2360 ultra
486 2336 595 2362 modum
611 2339 712 2363 nostra!
735 2336 833 2363 mentis
850 2335 982 2364 inventio-

192 2388 254 2408 nem
277 2387 337 2407 esse
358 2379 556 2413 conﬁteamur;
572 2387 749 2416 quonamque
771 2381 850 2418 modo
864 2382 983 2409 animam

192 2425 313 2453 hominis
334 2433 384 2453 suo
400 2426 509 2461 corpori
526 2427 672 2454 adunatam
686 2434 747 2455 esse
762 2428 906 2463 putemus?
917 2427 983 2461 Quis

191 2475 235 2498 est
251 2471 297 2505 qui
307 2470 339 2498 id
352 2471 437 2505 possit
451 2471 625 2506 exprimere?
637 2472 690 2500 Sed
707 2473 729 2499 si
745 2477 852 2507 oportet
866 2480 923 2507 eos,
936 2473 982 2508 qui

192 2524 274 2553 parva
291 2524 323 2544 ea
347 2517 391 2544 vix
418 2517 570 2553 intelligere
595 2519 717 2552 soleant;
741 2519 795 2546 imo
819 2524 846 2547 et
870 2527 917 2548 eos
936 2520 981 2554 qui

192 2563 298 2591 valeant
315 2563 477 2599 intelligere,
501 2570 555 2592 tam
571 2565 685 2593 subtiles
702 2572 744 2593 res
763 2570 791 2592 et
804 2573 911 2593 omnem
935 2573 981 2592 ra-

192 2611 293 2637 tionem
318 2611 544 2639 transcendentcs
569 2611 724 2646 conjectare
743 2622 749 2638 :
767 2613 883 2640 dicimus
909 2612 980 2647 quod

191 2655 288 2683 deceat
303 2657 425 2690 cogitare
440 2657 577 2692 (quamvis
601 2659 690 2686 minor
707 2658 742 2686 sit
756 2658 843 2686 oratio
858 2657 892 2685 ad
909 2658 980 2685 veri-

227 2769 340 2799 "Joan.
365 2780 383 2804 ι,
411 2772 438 2799 3.
486 2773 508 2788 “
523 2772 587 2800 Luc.
615 2773 691 2806 |,5l.
744 2774 766 2789 "
785 2773 864 2802 cht‘.
892 2782 920 2807 ιι,
949 2773 990 2800 ll.

1037 2286 1197 2323 ἡττώμεθα·
1215 2288 1260 2314 ὅτε
1275 2288 1310 2315 τὰ
1327 2288 1388 2314 καθ’
1407 2288 1482 2323 ἡμᾶς
1497 2287 1597 2317 αὐτοὺς
1623 2286 1699 2317 ὅπως
1721 2284 1756 2311 ἂν
1779 2285 1834 2320 ἔχοι

1037 2333 1257 2369 διερευνώμενοι,
1271 2335 1322 2369 τῆς
1346 2333 1463 2368 ἐνούσης
1484 2333 1551 2368 ἡμῖν
1566 2331 1686 2362 διανοίας
1702 2330 1836 2357 ἐπέκεινα

1037 2380 1087 2415 τὴν
1102 2379 1256 2414 κατάληψιν
1267 2379 1455 2415 ὁμολογοῦμεν
1468 2377 1689 2414 ὑπάρχειν.Τίνα
1702 2376 1759 2411 γὰρ
1775 2376 1835 2412 τρό-

1039 2434 1088 2452 πον
1104 2425 1226 2461 ἡνῶσθαι
1246 2424 1362 2460 νοοῦμεν
1384 2425 1434 2461 τὴν
1450 2424 1498 2452 τοῦ
1523 2424 1669 2460 ἀνθρώπου
1689 2423 1783 2458 ψυχὴν
1797 2423 1836 2457 τῷ

1039 2471 1097 2507 ἰδίῳ
1110 2472 1234 2507 σώματι;
1251 2471 1300 2503 Τίς
1325 2472 1339 2498 ὁ
1358 2471 1462 2507 φράσαι
1484 2471 1649 2505 δυνάμενοςζ
1664 2469 1696 2496 Ei
1715 2469 1744 2496 δὲ
1771 2469 1834 2503 χρὴ,

1037 2518 1125 2554 μικρὰ
1142 2518 1189 2545 καὶ
1199 2517 1276 2553 μόλις
1291 2518 1392 2545 ἐννοεῖν
1412 2517 1553 2549 εἰωθότας,
1566 2517 1613 2543 καὶ
1621 2516 1715 2542 λαλεῖν
1731 2515 1836 2550 ίσχὺον-

1034 2573 1100 2598 τας,
1117 2564 1172 2591 τῶν
1189 2563 1275 2595 οὕτως
1302 2564 1401 2599 ἰσχνῶν
1413 2584 1420 2597 ,
1440 2564 1487 2591 καὶ
1511 2562 1581 2598 ὑπὲρ
1607 2562 1671 2589 νοῦν
1689 2561 1739 2588 καὶ
1756 2560 1836 2594 λόγον

1035 2611 1208 2646 πραγμάτων
1220 2611 1494 2647 κατατεκμήρασθαι,
1508 2609 1610 2644 φαμὲν,
1622 2609 1664 2634 ὅτι
1682 2607 1785 2642 πρέποι
1803 2606 1836 2632 ἂν

1035 2659 1150 2686 ἒννοετψ
1166 2658 1251 2694 μείων
1260 2659 1290 2686 δὲ
1306 2659 1416 2690 πάντως
1428 2657 1478 2692 τῆς
1493 2655 1623 2692 ἀληθείας
1635 2655 1650 2682 ὀ
1663 2655 1745 2689 λόγος
1755 2662 1762 2668 ·
1778 2661 1837 2680 τοι-

1043 2772 1066 2788 ³ο
1084 2772 1165 2801 Hebr.
1182 2781 1219 2804 ιχ,
1236 2772 1279 2800 ΙΞ.
1338 2771 1358 2787 ³*
1375 2771 1442 2799 Ibid.
1484 2771 1504 2787 "
1520 2770 1603 2799 Josue
1617 2778 1634 2804 I,
1650 2778 1678 2798 ν.

227 2873 264 2906 (1)
296 2874 443 2904 Autbcrtus
468 2876 619 2904 versionem
652 2877 809 2906 Mcrcutoris
839 2876 1086 2915 emendareivoluit
1108 2885 1139 2905 cx
1155 2876 1258 2904 Grtcco.
