1907 3038
54 146 66 174 ί
71 145 123 180 581

517 146 662 174 SCHOLIA
684 147 727 174 Dis
747 148 1002 177 ΙΝΩΛΚΝΑἸἸΟΝΕ
1023 149 1209 180 UNlGENlTl.

1616 157 1685 185 138!

51 206 86 232 ὲκ
105 203 193 237 ξύλων
207 204 348 240 ἀσήπτων,
360 203 406 231 δύο
424 204 535 240 πήχεων
551 206 600 232 καὶ
613 206 730 240 ἡμίσους
750 206 781 232 τὸ
797 206 839 241 μῆ

902 208 984 236 monii
1000 216 1033 236 ex
1051 209 1130 245 lignis
1147 211 1365 246 imputribilibus,
1382 212 1463 248 785
1481 213 1594 241 duorum
1610 216 1684 244 cubi-

52 259 101 282 κος
116 259 122 264 ·
136 250 183 276 καὶ
195 251 295 284 πήχεος
309 251 355 277 καὶ
372 251 487 286 ἡμίσους
504 250 534 277 τὸ
546 251 645 283 πλάτος
655 259 663 266 ⁸
678 252 725 278 καὶ
741 252 842 287 πήχεος

51 295 102 322 καὶ
133 294 247 331 ἡμίσους
275 295 306 322 τὸ
333 295 415 330 ὕψος·
443 296 490 323 καὶ
515 297 739 333 καταχρυσώσεις
757 298 841 333 αὐτὴν

51 341 159 376 χρυσίῳ
172 341 295 376 καθαρῷ,
309 341 410 375 ἔξωθεν
438 342 486 369 καὶ
503 342 603 369 ἔσωθεν
623 342 776 378 χρυσώσεις
791 343 841 369 αύ-

49 387 115 421 τήν.
136 386 216 413 Ἀλλὰ
231 387 261 413 τὸ
273 387 325 420 μὲν
340 386 463 422 ἄσηπτον
480 386 558 419 ξύλον
574 387 616 422 εῐη
638 387 671 414 ἂν
694 388 733 419 εἰς
758 387 843 415 τύπον

50 431 99 458 τοῦ
113 432 251 468 ἀφθάρτου
269 432 395 468 σώματος
408 441 414 447 ·
431 433 553 468 ἄσηπτος
573 433 627 469 γὰρ
647 434 664 468 ἡ
680 433 789 470 κέδρος
811 435 842 461 τὸ

50 478 79 504 δὲ
96 478 220 513 χρυσίον,
246 478 283 510 ὡς
304 478 355 514 ὕλη
379 478 433 505 τῶν
459 479 547 507 ἄλλων
575 479 770 515 ύπερηρμένη,
793 481 843 516 τῆς

51 523 129 554 θείας
144 525 210 559 ἡμῖν
220 524 313 556 οὐσίας
326 525 549 561 κατασημήνειεν
564 525 598 552 ἂν
614 525 663 560 τὴν
677 526 823 561 ὑπεροχήν.

88 569 186 605 ’Λθρει
200 570 237 602 δὲ,
251 571 324 602 ὅπως
337 571 353 604 ἡ
370 570 483 602 κιὸωτὺς
498 571 546 606 ὅλη
560 572 718 606 κεχρύσωτο
739 571 844 607 χρυσίῳ

51 614 166 651 καθαρῷ
202 616 302 643 ἔσωθεν
328 617 374 643 καὶ
396 616 506 648 ἔξωθεν.
530 617 637 644 Ἦνωτο
662 618 710 652 μὲν
730 618 784 654 γὰρ
809 618 842 654 τῇ

51 661 119 696 ἁγίᾳ.
133 663 215 697 σαρκὶ
227 662 293 694 Θεὸς
307 662 344 689 ὢν
359 663 373 689 ὁ
388 663 474 697 Λόγος
484 671 490 677 ·
512 664 558 690 καὶ
572 663 660 696 τοῦτο,
678 661 766 698 οἶμαι,
785 664 844 691 ἐστὶ

50 708 82 734 τὸ
103 707 202 740 ἔξωθεν
225 708 414 744 κεχρύσῶσθαι
424 709 473 744 τὴν
483 709 610 737 κιϐωτόν.
624 709 684 736 Ὅτι
694 709 723 736 δὲ
738 709 785 736 καὶ
796 709 844 745 τὴν

51 753 166 780 ἐνοῦσαν
176 753 215 789 τῷ
231 755 338 789 σώματι
353 754 442 790 ψυχὴν
458 755 569 791 λογικὴν
590 756 659 783 ἰδίαν
683 757 841 793 ἐποιήσατο,

52 800 235 833 καταδείξειεν
246 801 279 828 ἂν
294 801 323 828 τὸ
335 801 491 828 italico)st
506 802 590 837 αὐτὴν
605 804 844 838 καταχρυσοῦσθαι

50 845 107 872 δεῖν
130 845 267 878 ἐπιτάξαι.
285 846 347 872 Ὅτι
362 846 409 872 καὶ
431 846 580 882 ἁσύγχυτοι
605 849 793 884 μεμενήκασιν
814 849 844 876 αἱ

897 258 984 281 torum
997 260 1024 282 et
1036 256 1138 284 dimidii
1153 258 1334 292 longitudine;
1351 264 1377 286 et
1395 259 1533 287 initur-aliis
1543 268 1603 287 eam
1618 269 1685 289 auro

895 307 972 334 puro,
990 305 1066 328 extra
1081 305 1108 330 et
1128 303 1197 330 intra
1216 304 1355 331 inaurabis
1370 305 1470 331 eam“.
1486 314 1495 331 ι
1513 306 1565 334 Sed
1583 307 1684 342 ligtuim

895 346 1015 380 quidem,
1033 354 1094 373 cum
1110 347 1275 382 imputribile
1290 349 1336 381 sit,
1349 354 1391 376 est
1403 350 1488 383 ﬁgura
1507 351 1629 385 corporis
1644 352 1684 378 in-

897 392 1016 425 corrupti
1033 401 1041 418 :
1056 392 1230 426 imputribilis
1252 394 1326 421 enim
1350 395 1464 428 cedrus;
1496 403 1592 424 aurum
1609 405 1684 430 vero,

895 437 972 471 quasi
992 438 1118 465 materies
1134 438 1194 466 aliis
1208 441 1364 475 pretiosior,
1376 441 1473 469 divinae
1489 442 1567 470 nobis
1581 443 1683 472 indicat

896 482 1058 511 substantiae
1076 484 1257 518 majestatem.

930 572 1070 601 Attendite
1095 573 1176 608 igitur
1197 574 1325 608 quoniam
1344 582 1405 603 arca
1430 580 1484 602 tota
1510 577 1632 604 inaurata
1648 579 1685 606 sit

895 623 963 645 auro
977 625 1046 652 puro
1066 624 1142 646 extra
1161 625 1188 646 et
1212 619 1292 646 intra.
1310 620 1451 648 Adunatus
1469 622 1577 656 quidem
1595 622 1684 651 fuerat

897 667 996 690 sanctae
1018 663 1092 690 carni
1119 663 1189 690 Deus
1204 662 1332 695 Verbum,
1349 670 1376 691 et
1400 664 1427 691 id
1450 670 1501 697 est,
1525 670 1554 691 ut
1578 667 1682 699 npium',

897 714 988 735 arcam
999 707 1085 735 fuisse
1099 713 1174 736 extra
1189 709 1350 736 inauratam.
1361 708 1438 742 Quod
1450 718 1514 738 vero
1525 714 1551 738 et
1564 711 1681 738 animam

897 753 1095 786 rationabilem,
1110 762 1170 789 quae
1186 756 1295 789 corpori
1309 756 1406 787 inerat,
1422 756 1556 791 propriam
1576 757 1682 790 fecerit,

897 806 931 826 ex
947 799 999 827 hoc
1011 804 1131 834 apparet,
1147 800 1217 835 quod
1232 805 1260 828 et
1273 801 1342 829 intra
1358 809 1449 829 arcam
1467 802 1624 836 pra-ceperit
1639 802 1682 829 iu-

898 845 998 872 aurari.
1017 844 1105 880 [Quod
1122 851 1210 872 autem
1228 852 1331 874 natura:
1345 847 1403 874 sive
1415 847 1573 875 substantia;
1589 847 1682 876 incon-

52 891 158 926 φύσεις,
183 892 268 927 ἤγουν
293 892 466 925 ὑποστάσεις,
488 893 613 919 ἐντεῦθεν
642 894 780 930 εἰσόμεθα.
807 895 839 921 Τὶ

896 889 963 918 fusae
989 891 1149 924 manserint,
1164 892 1226 919 hinc
1249 894 1351 920 scimus
1367 902 1373 920 :
1389 901 1484 920 aurutn
1500 894 1570 920 enim
1588 900 1683 929 snper—

51 937 107 972 γάρ
119 946 160 964 τοι
173 938 283 973 χρυσίον
296 937 532 974 ἂπαληλειμμένον
545 939 583 974 τῷ
594 939 675 974 ξύλῳ,
690 941 844 976 μεμένηκεν

51 984 121 1020 ὅπερ
135 982 168 1020 ἧν
179 993 185 1000 ·
211 984 258 1012 καὶ
271 984 449 1011 κατεπλούτίι
465 985 515 1020 μὲν
531 985 562 1012 τὺ
574 985 652 1018 ξύλον
665 986 711 1013 τοῦ
732 987 843 1022 χρυσίου

51 1029 101 1063 τὴν
113 1029 192 1063 δόξαν
201 1038 207 1045 ·
225 1031 295 1066 πλὴν
307 1031 358 1058 οὐκ
371 1032 478 1068 ἀπέστη
489 1032 537 1058 τοῦ
550 1030 620 1060 εἶναι
633 1032 721 1066 ξύλον.
740 1035 801 1065 Ὅτι
814 1035 844 1062 δὲ

52 1075 68 1109 ή
87 1075 202 1107 κιϐωτὸς
224 1076 264 1107 εἰς
278 1076 364 1103 τύπον
385 1077 633 1112 παραλαμϐάνεται
653 1078 700 1105 τοῦ
714 1079 843 1114 Χριστοῦ,

50 1119 94 1147 διὰ
110 1120 214 1147 πολλῶν
229 1121 261 1148 ἄν
276 1129 318 1152 τις
328 1122 495 1150 πιστώσεται
507 1123 776 1159 λόγωψπροεόἀόιζε
790 1126 844 1161 γὰρ

49 1165 105 1192 τῶν
119 1164 149 1198 ἐξ
167 1167 283 1203 Ἰσραὴλ,
301 1167 421 1204 ζητοῦσα
433 1169 526 1200 αὐτοῖς
540 1169 704 1197 ἀνάπαυσιν.
724 1171 796 1206 Ἔφη
815 1170 843 1197 δέ

51 1220 104 1238 που
113 1213 161 1238 καὶ
171 1214 184 1239 ὀ
197 1214 323 1249 Χριστός·
340 1223 349 1239 ι
361 1214 546 1250 Ποριύσομαι,
555 1216 604 1244 καὶ
614 1215 754 1251 ἑτοιμάσω
762 1217 844 1244 τόπον

49 1257 129 1293 ὑμῖν.
141 1268 151 1284 ι

367 1326 444 1354 CAP.
464 1326 523 1354 ΧΠ.

51 1378 129 1417 Quod
144 1388 201 1406 cum
213 1385 277 1407 esset
299 1380 366 1408 Deus
389 1380 510 1416 Verbum,
527 1382 614 1416 factus
633 1383 668 1409 ait
690 1383 777 1417 homo,
797 1393 844 1412 nec

87 1415 166 1440 homo
189 1416 343 1454 ιὶιιψιίςίιει·
357 1438 363 1445 ,
388 1415 665 1454 nudatonjuuftione
688 1415 842 1454 honoratus,

87 1455 194 1476 voratus
206 1451 238 1476 sit
250 1452 284 1476 ad
298 1459 386 1481 parem
397 1452 552 1485 dignitatem
565 1452 613 1481 Dei
633 1452 721 1485 Verbi.
731 1455 784 1483 sive
795 1451 843 1482 ui-

85 1485 248 1516 ctoritatem,
267 1486 336 1512 sicut
356 1486 513 1520 quibusdam
532 1487 647 1515 videtur.

86 1540 201 1567 Divinus
220 1540 319 1569 Paulus
330 1541 351 1557 ἰ
373 1550 498 1577 magnum
515 1543 622 1578 quidem
636 1544 676 1572 ait
702 1552 762 1573 esse
785 1553 842 1581 tay-

49 1586 165 1613 sterium
189 1586 307 1621 pietatis.
332 1587 441 1614 Etvere
455 1588 492 1615 ita
521 1595 551 1619 se
574 1597 618 1619 res
642 1591 842 1621 liabetzmani-

50 1631 165 1658 festatus
179 1637 221 1659 est
232 1632 304 1659 enim
322 1633 349 1660 in
363 1640 456 1666 came,
480 1641 541 1660 cum
554 1634 592 1662 sit
606 1634 677 1663 Deus
703 1635 820 1665 Verbum
832 1646 839 1670 ;

47 1677 213 1711 justiﬁeatus
225 1683 266 1705 est
280 1684 368 1706 autem
387 1679 416 1706 in
431 1678 544 1712 Spiritu.
564 1678 643 1707 Nullo
663 1680 734 1707 enim
762 1680 842 1708 modo

50 1723 154 1750 nostris
168 1723 272 1750 videtur
288 1724 491 1752 inﬁrmitatibus
514 1725 659 1758 contineri,
677 1725 741 1753 licet
763 1725 842 1760 juxta

50 1775 102 1796 nos
124 1769 206 1796 homo
225 1769 261 1796 sit
284 1768 393 1796 iactus:
413 1776 466 1796 non
489 1770 562 1797 enim
586 1769 652 1798 fecit
675 1776 840 1805 peccatum:

49 1814 179 1848 apparuit
195 1818 285 1841 autem
314 1819 342 1841 et
370 1814 485 1849 angelis.
512 1814 607 1848 Neque
635 1816 706 1844 enim
729 1823 842 1850 genera-

50 1857 154 1883 tionem
161 1857 246 1891 ipsius
255 1858 403 1886 secundum
414 1865 523 1884 carnem
552 1858 745 1892 ignoraveruut
755 1868 762 1886 :
770 1868 842 1894 prat-

49 1902 158 1929 dicatus
183 1908 271 1930 autem
299 1908 326 1930 et
349 1903 489 1938 gentibus,
515 1904 592 1938 quasi
622 1905 694 1932 Deus
708 1905 789 1932 homo
802 1906 842 1934 l'a-

48 1953 128 1980 ctus;
153 1948 189 1974 ita
213 1953 303 1975 autem
328 1949 447 1976 creditus
472 1953 514 1976 est
553 1948 581 1976 in
608 1950 718 1979 mundo.
739 1950 841 1981 Proba-

49 1994 90 2020 vit
115 1998 205 2020 autem
223 1994 333 2022 divinus
349 1993 449 2022 Paulus
473 1994 511 2021 ita
537 1994 681 2022 scribens:
701 2003 710 2020 ι
728 1995 842 2031 Propter

49 2038 123 2073 quod
139 2045 272 2066 memores
286 2042 384 2071 estote,
398 2039 470 2074 quod
485 2038 632 2073 aliquando
647 2047 693 2066 vos
708 2046 801 2075 gentes
812 2042 840 2071 in

48 2091 146 2117 carne,
156 2085 201 2119 qui
228 2084 349 2112 dicimini
371 2084 544 2119 prazputium,
558 2085 592 2112 ab
616 2092 647 2113 ea
668 2093 728 2120 qua
742 2086 841 2118 didtur

49 2130 223 2158 circumcisio
249 2130 283 2157 iu
303 2137 386 2157 carne
408 2129 564 2157 manulacta
582 2137 588 2156 :
605 2129 667 2164 quia
694 2131 777 2159 eratis
794 2131 840 2159 illo

50 2180 174 2211 tempore
186 2177 246 2204 siue
254 2175 364 2203 Christo
377 2175 487 2203 alienati
504 2183 518 2202 a
531 2175 738 2204 conversatione
745 2175 839 2208 hnel,

895 936 1012 971 positum
1037 937 1108 972 ligno
1132 938 1236 965 mansit
1263 938 1288 965 id
1310 939 1381 973 quod
1406 945 1476 971 erat,
1493 943 1519 965 et
1535 940 1682 966 ornabatur
1700 943 1703 947 '

893 983 1001 1017 quidem
1015 982 1115 1018 lignum
1131 984 1188 1010 auri
1202 984 1298 1012 decore
1310 993 1317 1018 ;
1335 990 1426 1012 tamen
1442 986 1543 1020 liguuut
1557 993 1617 1013 esse
1629 993 1680 1012 nou

894 1028 982 1056 desiit.
996 1027 1072 1061 Quod
1089 1035 1152 1056 vero
1168 1036 1229 1057 arca
1249 1030 1275 1057 in
1291 1030 1390 1058 Christi
1416 1030 1564 1064 accipiatur
1585 1031 1681 1065 iii-agi.

894 1081 967 1107 nem,
982 1074 1104 1108 pluribus
1126 1080 1215 1110 potest
1233 1075 1440 1110 probationibus
1464 1076 1594 1103 declarari
1610 1075 1658 1112 (Ι).
1675 1075 1681 1111 1

894 1119 1108 1148 Prteambulabat
1122 1121 1193 1148 cuitu
1210 1121 1251 1149 his
1267 1122 1311 1155 qui
1327 1126 1391 1149 sunt
1404 1129 1435 1149 ex
1449 1122 1540 1154 Israel,
1555 1129 1680 1158 quaerens

894 1166 961 1200 ipsis
986 1166 1120 1200 requiem.
1137 1166 1183 1194 Ai‘t
1207 1166 1305 1194 alicubi
1332 1171 1359 1194 et
1381 1166 1527 1195 Christus:
1550 1175 1560 1193 ι
1576 1167 1632 1199 Ibo,
1655 1172 1682 1194 ct

890 1212 995 1246 parabo
1011 1211 1087 1243 vobis
1100 1212 1189 1241 locum
1197 1213 1231 1240 ³⁰.
1248 1222 1258 1238 ι

928 1301 1070 1337 Credimus
1085 1302 1177 1338 igitur,
1190 1310 1241 1329 non
1258 1302 1284 1329 in
1299 1310 1382 1330 unum
1399 1303 1485 1330 nostri
1501 1302 1615 1330 similem
1629 1302 1683 1330 dci-

894 1352 949 1375 tate
962 1355 1010 1383 per
1022 1348 1137 1385 gratiam
1153 1348 1326 1380 honoratum,
1344 1355 1378 1375 ne
1393 1348 1510 1376 cultores
1523 1355 1584 1375 esse
1597 1348 1682 1375 homi-

893 1394 937 1422 nis
951 1394 1124 1429 detegamnr;
1139 1393 1186 1421 sed
1199 1394 1225 1421 in
1241 1394 1382 1421 Dominum
1393 1393 1489 1429 magis,
1499 1393 1544 1428 qui
1555 1394 1580 1420 in
1590 1394 1681 1420 servili

893 1439 982 1468 forma
1001 1440 1161 1474 comparuit,
1177 1445 1205 1467 et
1221 1439 1265 1474 qui
1282 1439 1333 1466 fuit
1349 1447 1411 1466 vere
1431 1440 1515 1467 nostri
1532 1439 1640 1471 similis,
1655 1444 1682 1467 et

893 1484 921 1513 in
936 1485 1105 1513 humanitate
1119 1489 1207 1512 tamen
1224 1485 1294 1513 Deus
1311 1485 1411 1512 mansit
1425 1494 1431 1512 :
1445 1485 1517 1513 Deus
1530 1486 1601 1513 enim
1618 1485 1683 1513 Ver-

894 1530 969 1564 bum,
983 1538 1064 1559 carne
1076 1536 1224 1566 assumpta,
1242 1539 1295 1559 non
1313 1532 1437 1566 deposuit
1457 1532 1529 1567 quod
1541 1537 1618 1566 erat;
1637 1533 1681 1559 in—

856 1559 877 1589 c
895 1559 1024 1613 telligitur
1037 1581 1126 1604 tamen
1142 1559 1211 1605 idem
1227 1577 1300 1605 Deus
1315 1559 1395 1605 simul
1410 1581 1437 1606 et
1450 1559 1541 1606 b'omo.

929 1623 961 1651 Et
980 1624 1043 1652 ﬁdei
1066 1624 1174 1660 quidem
1196 1623 1266 1652 ratio
1283 1624 1319 1651 ita
1336 1631 1367 1651 se
1381 1623 1472 1656 habet,
1489 1629 1516 1652 et
1530 1629 1604 1652 recte
1621 1625 1682 1659 qui-

893 1669 965 1699 dem.
979 1669 1032 1697 Sed
1054 1671 1076 1697 si
1099 1670 1168 1698 forte
1191 1669 1291 1704 aliquis
1313 1669 1396 1702 dicat,
1415 1669 1486 1704 Quid
1505 1670 1567 1696 mali
1589 1674 1641 1703 est,
1657 1671 1680 1698 si

891 1713 1059 1750 intelligatur
1081 1714 1163 1741 homo
1188 1713 1286 1741 similis
1302 1714 1390 1741 nostri
1407 1715 1607 1748 apprehendere
1624 1715 1681 1741 dei-

893 1763 987 1790 tatem,
1005 1766 1037 1786 ae
1056 1766 1108 1786 non
1121 1759 1208 1793 magis
1222 1758 1294 1787 Deus
1310 1759 1482 1787 bomo'lieri?
1506 1760 1681 1794 respondebi-

893 1811 953 1830 mus
981 1804 1053 1831 mille
1078 1812 1139 1832 esse
1159 1812 1219 1839 Quae
1234 1805 1371 1833 c0ntrario
1392 1809 1505 1839 possunt
1530 1805 1639 1840 opponi,
1653 1811 1680 1833 et

893 1857 960 1886 pene
976 1851 1057 1878 etiam
1083 1856 1149 1878 nutu
1172 1850 1364 1886 signiﬁcantia,
1378 1858 1427 1878 nos
1448 1855 1575 1886 oportere
1598 1852 1680 1880 reniti

891 1900 1057 1928 constanter,
1074 1902 1123 1924 nec
1138 1896 1250 1933 crede-re
1266 1896 1302 1925 ita
1317 1903 1387 1923 esse.

927 1941 984 1976 Age
998 1942 1082 1974 enim,
1092 1947 1154 1969 ante
1163 1941 1216 1969 alia
1229 1942 1451 1976 dispensationis,
1460 1950 1519 1977 quae
1527 1950 1587 1970 cum
1596 1951 1680 1972 carne

892 1987 963 2017 facta
987 1992 1039 2020 est,
1057 1987 1164 2015 modum
1191 1994 1348 2020 cernamus,
1366 1992 1394 2014 et
1417 1993 1570 2016 nostrarum
1588 1997 1678 2016 rertun

891 2037 1018 2063 naturam
1026 2034 1153 2064 subtilius
1168 2038 1369 2068 perscrutemur
1383 2042 1390 2060 :
1407 2034 1556 2068 periclitata
1572 2040 1614 2062 est
1629 2035 1679 2062 lio-

891 2080 971 2109 minis
987 2085 1096 2112 natura,
1108 2085 1136 2108 et
1151 2080 1279 2116 depressa
1295 2083 1336 2108 est
1349 2077 1428 2107 malis
1440 2081 1579 2114 extremis,
1597 2082 1678 2109 malc-

890 2126 1008 2155 diclione
1023 2129 1051 2155 et
1065 2131 1150 2155 morte
1164 2126 1302 2157 damnata,
1317 2130 1344 2152 et
1360 2126 1463 2162 peccati
1487 2126 1590 2160 laqueis
1609 2127 1679 2154 irrc-

890 2172 949 2204 tita.
967 2173 1086 2204 errabat,
1101 2177 1130 2200 et
1148 2176 1206 2200 erat
1222 2171 1307 2209 786
1331 2171 1357 2200 in
1382 2173 1517 2205 tenebris;
1533 2173 1615 2200 Deum
1632 2181 1680 2200 ne-

47 2226 77 2249 et
96 2221 218 2256 hospites
239 2225 474 2252 testamentorum,
491 2221 679 2257 promissionis
695 2229 769 2257 spem
784 2230 838 2251 non
854 2218 994 2255 Dsciebat
1015 2225 1089 2251 eum,
1105 2217 1151 2254 qui
1175 2222 1217 2246 est
1240 2223 1335 2246 natura
1358 2222 1385 2246 el
1409 2218 1539 2251 νοτῖῑοιες
1562 2226 1609 2253 Ι)Γο
1624 2220 1678 2247 ι)εο

47 2266 188 2296 habentes.
199 2271 226 2294 et
234 2266 291 2294 sine
299 2266 354 2293 Deo
363 2266 389 2292 in
406 2265 457 2293 hoc
469 2265 568 2293 mundo
576 2266 646 2294 ³¹·³³.
658 2275 668 2292 ι
682 2265 767 2294 Erant
779 2274 844 2305 ergo

47 2316 144 2346 gentes
157 2311 183 2338 in
200 2312 299 2339 mundo
320 2311 380 2338 sine
397 2311 462 2343 Deo,
479 2319 540 2338 cum
558 2311 660 2346 absque
674 2310 783 2339 Christo
798 2320 840 2340 es-

46 2362 120 2385 sent.
139 2356 240 2384 Verum
259 2357 387 2392 quoniam
413 2364 475 2384 eum
499 2363 562 2384 vere
587 2362 614 2384 et
637 2361 732 2385 natura
756 2358 841 2386 Deum

46 2411 110 2430 esse
133 2408 313 2438 agnoverunt,
333 2403 398 2438 ipsa:
415 2410 522 2438 quoque
543 2404 577 2431 ab
594 2411 627 2431 eo
643 2404 742 2438 agnita:
763 2409 837 2438 sunt,

47 2448 130 2476 ﬁdem
142 2449 312 2481 conﬁtentes,
323 2455 350 2476 et
362 2449 420 2483 ipse
437 2454 591 2484 assumptus
615 2455 658 2479 est
683 2451 709 2478 in
741 2451 837 2486 εισι-ιιι,

45 2501 122 2524 certe
138 2497 239 2524 divina.
259 2496 352 2524 Psallit
367 2497 438 2523 enim
455 2497 550 2524 beatus
565 2496 668 2524 David:
688 2505 698 2522 ι
711 2498 839 2525 Ascendit

46 2543 121 2570 Deus
143 2543 170 2570 in
191 2543 320 2578 iubilo".
334 2552 344 2569 ι
363 2543 493 2570 Ascendit
516 2543 589 2570 enim
605 2548 680 2571 certe
695 2550 756 2575 cum
777 2551 838 2570 ror-

45 2595 124 2623 μοι-ο,
136 2596 187 2616 nec
199 2589 226 2616 in
242 2589 313 2617 nuda
329 2589 430 2616 deitate
443 2597 450 2616 :
467 2588 537 2616 Deus
551 2589 624 2616 enim
638 2594 699 2618 erat
711 2589 837 2616 incarna-

46 2640 102 2661 his.

82 2711 106 2727 ²⁹
137 2710 222 2738 Exod.
234 2711 358 2745 xxv,10.

410 2711 432 2727 ³⁶
453 2711 530 2740 Joan.
542 2719 597 2746 xtv,
611 2712 638 2739 5.

45 2751 68 2768 =-
87 2747 166 2773 Itom.
181 2754 200 2776 ι.
212 2746 258 2773 25.

689 2711 710 2726 ⁸¹
728 2710 737 2737 Ι
752 2711 822 2738 Tim.
845 2718 886 2743 Ill,
913 2710 957 2738 16.

891 2263 977 2292 coluit
988 2263 1181 2293 creaturam".
1193 2263 1334 2298 Quomodo
1344 2263 1424 2299 igitur
1437 2263 1588 2298 hujusmodi
1601 2264 1678 2292 malis

892 2313 997 2346 poterat
1018 2309 1147 2338 liberari?
1169 2310 1210 2337 An
1233 2309 1297 2337 illud
1320 2309 1453 2342 dicemus,
1469 2311 1538 2344 quod
1559 2309 1598 2337 l'as
1619 2315 1677 2338 erat

892 2356 1052 2385 humanitati
1072 2353 1195 2383 divinam
1225 2362 1350 2383 naturam
1374 2356 1596 2390 apprehendere,
1618 2364 1678 2391 qu:e

893 2403 1009 2430 nesciret
1023 2403 1145 2434 omnino,
1165 2403 1252 2436 qualis
1266 2406 1340 2430 esset
1353 2403 1469 2437 dignitas
1483 2408 1584 2429 naturae
1595 2402 1678 2429 cmic—

892 2448 958 2478 stis.
982 2455 1043 2474 cum
1067 2451 1141 2477 esset
1161 2447 1321 2482 ignorantia:
1344 2449 1464 2476 tenebris
1484 2453 1630 2483 occupata,
1650 2453 1678 2476 et

892 2493 995 2529 peccati
1011 2493 1137 2521 sordibus
1151 2493 1313 2527 inquinata?
1331 2493 1473 2527 Quomodo
1488 2499 1591 2528 poterat
1618 2495 1675 2521 ﬁeri

888 2545 919 2567 ut
942 2539 1155 2574 spprelienderet
1178 2544 1299 2566 sanctam
1322 2544 1469 2572 naturam,
1493 2545 1520 2567 et
1542 2540 1677 2574 acciperet

889 2586 1013 2621 gloriam,
1026 2592 1106 2620 quam
1129 2591 1209 2611 nemo
1226 2584 1355 2617 inveniat,
1369 2585 1420 2612 nisi
1439 2586 1590 2619 acceperit?
1603 2585 1675 2613 Cou-

889 2633 1017 2661 cedamus
1038 2632 1111 2659 enim
1138 2631 1208 2665 quod
1229 2631 1385 2664 cognoverit
1400 2630 1526 2663 fortasse,
1541 2635 1569 2658 ct
1580 2626 1676 2658 scierit

1009 2710 1068 2727 ³²ι³³
1085 2709 1183 2745 Ephes.
1198 2715 1228 2740 ιι,
1256 2708 1299 2741 il,
1326 2708 1369 2736 l2.
1428 2710 1450 2725 "
1465 2709 1536 2736 Psal.
1559 2717 1631 2741 XLVI,
1646 2708 1674 2736 6.

81 2816 120 2851 (l)
142 2815 216 2842 llune
233 2821 340 2851 quoque
359 2813 501 2851 locum_ex
520 2812 614 2851 eadem
630 2812 755 2841 versione
767 2812 832 2840 citat
853 2813 996 2842 Facundus
1026 2814 1134 2842 ibidem.
1165 2814 1235 2842 Citat
1249 2813 1330 2842 etiam
1348 2812 1475 2841 Leontius
1485 2811 1630 2847 Byzantius
1646 2810 1674 2838 in

43 2848 98 2879 ltiti:
120 2851 181 2878 libri
201 2848 281 2885 primi
298 2848 432 2876 adversus
453 2848 646 2883 Eutychianos.
