1907 3038
210 148 280 174 1535

703 143 732 171 S.
751 142 886 171 CYlllLLl
906 141 1142 170 ALEXANDRINI
1162 141 1324 170 ARCHIEP.

1782 141 1794 168 1
1799 142 1849 168 588

209 204 412 239 apprehendere
435 204 518 232 Deum
542 202 604 239 [pro
620 202 770 239 deitatem].
790 203 856 236 Quis
883 208 926 230 est
949 203 996 237 qui
1010 206 1032 234 Α
1049 202 1173 230 deitatis?
1192 201 1239 230 Vel
1259 201 1396 237 quomodo
1408 208 1461 229 non
1474 200 1509 229 sit
1521 200 1610 229 factus
1623 199 1790 233 altissimus,
1805 202 1850 234 qui

208 250 352 277 docuerit?
375 249 539 283 «Quomodo
567 247 639 275 enim
667 248 800 280 credent,
827 248 877 275 nisi
904 248 999 275 audie-

211 295 312 322 rint“?
326 305 335 321 ι
353 294 485 322 Caeterum
506 300 558 320 non
585 293 610 320 id
634 297 676 319 est
693 292 897 327 apprehendere
912 291 1000 320 deita-

211 347 277 371 tem.
292 346 318 368 ct
332 340 536 369 convenientem
556 339 580 365 ei
595 338 709 373 gloriam
726 346 833 372 capere.

248 387 319 421 Ergo
336 386 476 413 decentius
497 384 543 416 sit,
557 388 586 410 et
605 388 680 410 recte
692 383 812 417 quidem,
828 382 865 409 ita
886 381 1000 415 sentire,

211 434 282 468 quod
297 438 405 460 servare
417 430 510 457 volens
523 430 549 456 id
561 429 633 464 quod
646 429 775 463 perierat,
788 428 955 456 descendens
966 428 1001 455 ad

212 487 260 506 nos
283 479 352 504 Deus
371 476 500 508 Verbum,
525 483 573 510 per
592 476 664 511 quod
687 475 791 506 omnia,
809 479 838 501 et
861 474 887 501 in
912 474 938 501 id
959 480 1000 506 se,

210 525 282 559 quod
304 530 358 550 non
380 526 450 554 erat,
471 521 594 554 immisit,
611 525 640 548 ut
660 525 688 548 et
712 520 830 548 hominis
853 525 959 552 natura,
975 519 1002 547 id

210 569 281 604 quod
304 576 356 596 non
368 573 436 601 erat,
454 567 545 601 ﬁeret;
561 571 589 595 et
608 565 707 593 divime
722 565 872 601 maiestatis
886 565 1002 600 dignita-

211 615 283 642 tibus
299 622 346 650 per
359 613 548 641 adunationem
565 617 718 648 patescens,
734 619 794 646 quae
809 611 948 638 sublevata
961 614 1004 638 est

211 661 298 695 magis
320 659 388 686 ultra
410 664 546 690 naturam,
568 665 649 693 quam
670 657 763 692 dejicit
783 656 852 684 infra
877 661 1001 684 naturam

212 706 393 734 invertihilem
408 705 504 732 Deum.
521 703 692 731 Conveniens
709 709 778 736 erat,
795 707 824 730 ut
838 702 1003 736 incorrupti-

212 753 274 780 bilis
290 757 386 778 natura
404 749 620 785 apprehenderet
635 748 848 783 corruptibilem,
865 752 895 775 ut
912 754 972 775 eam
987 754 1002 774 a

212 798 386 832 corruptione
413 796 552 824 liberaret.
577 795 748 823 Conveniens
774 799 835 822 erat
859 801 932 826 eum,
957 792 1002 828 qui

212 851 326 879 peccare
341 852 393 871 non
412 847 535 875 noverat,
545 849 606 869 cum
622 841 810 876 peccatoribus
824 840 1002 873 conformari,

1051 248 1078 276 in
1092 248 1206 284 gloriam
1219 255 1364 283 supernam
1379 247 1550 275 ascenderit?

1085 293 1169 329 Igitur
1184 293 1299 321 dicimus
1313 300 1365 320 non
1384 293 1520 320 hominem
1545 292 1630 320 Deum
1656 299 1720 319 esse
1735 291 1850 323 factum.

1050 340 1098 367 sed
1113 340 1203 375 potius
1216 339 1317 367 iactum
1327 346 1388 367 esse
1399 338 1426 366 in
1438 339 1614 371 exinanitate,
1623 342 1738 373 propter
1753 337 1851 364 him]:-

1052 386 1174 419 nitatem,
1186 385 1270 414 Deum
1281 385 1410 419 Verbum,
1423 385 1469 420 qui
1483 385 1580 412 eratin
1591 384 1750 419 aqualitate
1762 384 1853 412 Patris

1051 436 1078 460 et
1094 432 1180 459 forma
1199 441 1206 459 :
1229 431 1385 459 exinanitus
1400 436 1442 459 est
1464 431 1537 459 enim
1553 431 1606 458 hoc
1628 430 1722 464 modo,
1739 435 1854 465 propter

1052 477 1258 505 similitudinem
1279 481 1412 510 nostram,
1426 484 1489 505 cum
1506 481 1579 504 esset
1592 476 1700 511 plenus,
1717 481 1748 503 ut
1770 477 1870 516 Dens._l

1052 523 1214 551 Humiliatus
1227 526 1269 550 est
1283 527 1394 558 propter
1409 529 1533 556 carnem,
1547 522 1585 549 ita
1603 526 1632 549 ut
1644 530 1659 549 a
1677 522 1779 549 divina:
1795 519 1868 558 ηιξ-ξ

1050 569 1158 605 jestatis
1182 554 1292 604 fastigio
1314 554 1367 597 non
1390 554 1556 602 descendat;
1571 570 1665 596 sedem
1678 569 1753 595 enim
1771 554 1869 595 habet,-

1052 614 1224 643 altissimam.
1247 614 1347 642 Factus
1373 619 1415 643 est
1441 615 1468 642 in
1491 613 1671 642 similitudine
1697 614 1854 645 hominum,

1052 668 1114 688 cum
1132 660 1169 688 sit
1181 660 1302 695 ejusdem
1319 660 1412 688 forma:
1425 668 1488 688 cum
1501 659 1593 692 Patre,
1605 664 1702 694 utpote
1718 660 1798 694 cujus
1812 665 1855 686 est

1054 705 1139 741 ﬁgura
1154 706 1327 734 substantia.
1340 706 1440 734 Verum
1458 706 1586 740 quoniam
1601 706 1685 733 semel
1706 706 1797 732 factus
1813 711 1855 731 est

1050 752 1128 786 juxta
1146 759 1206 785 nos,
1221 752 1379 780 ascendisse
1401 752 1501 780 dicitur
1516 760 1578 779 cum
1595 757 1679 778 carne
1695 751 1723 777 in
1739 750 1853 785 gloriam

1054 798 1173 830 deitatis,
1189 805 1270 832 quam
1287 801 1424 832 patentem
1439 796 1549 832 quidem
1574 796 1656 824 habet
1682 796 1764 830 quasi
1792 803 1855 830 pro-

1053 845 1153 879 prism,
1172 844 1225 871 alio
1241 848 1330 871 tamen
1345 848 1425 878 pacto
1437 843 1464 870 in
1478 850 1509 871 ea
1523 843 1586 876 fuit,
1600 847 1715 877 propter
1730 842 1855 868 humani-

213 877 242 917 ut
260 894 369 924 peccata
391 891 586 923 compesceret.
600 886 833 921 Quemadmodum
849 886 921 913 enim
941 885 1003 913 ubi-

1090 898 1137 918 Lem
1152 899 1159 918 :
1174 890 1305 918 Dominus
1316 890 1389 918 enim
1406 889 1527 918 omnium
1547 896 1609 917 esse
1623 889 1760 921 creditur,
1775 889 1853 915 eliatn

216 943 324 970 cunque
343 935 386 962 lux
414 934 511 967 fuerit,
530 933 617 969 caligo
640 933 734 960 interit
752 932 943 965 tenebrarum;
967 931 1004 958 ita

214 983 294 1010 etiam
325 981 530 1008 immortalitate
554 984 688 1015 prasente
701 1000 709 1013 ,
725 979 814 1007 omnis
830 982 905 1006 certe
921 978 1005 1012 pestis

215 1028 324 1064 fugitiva
341 1027 476 1060 discedet;
493 1031 520 1054 et
535 1031 669 1061 praesente
681 1033 714 1053 eo
738 1025 784 1060 qui
798 1029 937 1060 peccatum
951 1031 1004 1052 non

215 1074 288 1101 novit
308 1073 466 1108 (quietiam
483 1071 624 1106 proprium
641 1071 694 1098 sibi
706 1077 805 1105 corpus
819 1069 919 1102 ell'ecit,
933 1069 1005 1105 quod

214 1124 257 1147 est
271 1119 331 1146 sine
344 1118 382 1154 (ι)
396 1116 528 1153 peccato),
542 1118 620 1144 cedet
634 1123 716 1144 omne
731 1120 881 1151 peccatum.

249 1165 326 1199 Quod
350 1172 415 1192 vero
434 1163 561 1196 Verbum,
575 1170 636 1190 cum
662 1166 735 1190 esset
750 1161 832 1195 Deus,
851 1162 953 1190 factum
970 1162 1007 1190 sit

214 1211 307 1242 homo,
321 1215 349 1237 et
365 1217 417 1237 non
433 1209 521 1244 magis
534 1209 615 1235 homo
629 1207 856 1243 τεθεοποιημένος
870 1207 1005 1243 intelliga-

215 1262 258 1285 tur
272 1256 405 1289 Christus,
420 1256 502 1283 etiam
523 1263 557 1282 ex
574 1255 660 1282 sacris
683 1253 794 1281 Litteris
808 1254 898 1282 enitar
912 1259 1005 1281 osten-

215 1305 289 1331 dere.
313 1303 357 1330 Ait
373 1303 454 1338 igitur
468 1303 563 1334 beatus
577 1300 677 1328 Paulus
692 1301 725 1328 de
743 1299 889 1336 Unigenito
905 1310 912 1328 :
930 1309 939 1325 t
953 1299 1005 1334 Qui

215 1358 275 1377 cum
300 1349 327 1376 in
350 1349 436 1376 forma
461 1347 508 1375 Dei
529 1352 613 1380 esset,
633 1355 686 1374 non
713 1347 835 1381 rapinam
859 1346 1006 1374 arbitratus

214 1403 268 1430 est,
281 1401 310 1423 ut
324 1400 397 1422 esset
411 1394 522 1428 aequalis
535 1394 604 1426 Deo;
617 1393 664 1420 sed
677 1393 826 1420 esinanivit
839 1400 878 1425 se,
891 1393 1006 1420 formam

215 1442 286 1470 servi
311 1441 459 1476 accipiens,
477 1440 503 1467 in
527 1439 731 1466 similitudinem
754 1439 893 1466 hominum
908 1437 1005 1471 factus,

215 1493 244 1516 et
259 1487 352 1515 habitu
370 1487 496 1513 inventus
511 1490 540 1512 ut
558 1485 649 1512 homo.
667 1484 823 1512 Humiliavit
838 1491 897 1513 sese
919 1484 1006 1512 factus

1055 944 1117 964 cum
1137 943 1231 964 carne.

1092 982 1225 1011 Flectitur
1237 986 1327 1010 autem
1343 981 1395 1017 ipsi
1409 987 1491 1008 omne
1505 988 1588 1016 genu,
1603 984 1631 1008 et
1647 981 1675 1008 id
1692 988 1750 1008 non
1765 981 1797 1007 ad
1810 980 1854 1006 do-

1055 1028 1141 1056 lorem
1152 1033 1180 1057 et
1192 1027 1384 1056 contumeliam
1396 1026 1496 1060 Patris,
1509 1026 1557 1054 sed
1570 1026 1659 1061 magis
1671 1027 1708 1053 ad
1722 1026 1834 1061 gloriam
1847 1035 1852 1052 :

1055 1075 1157 1110 gaudet
1177 1074 1261 1108 enim,
1273 1078 1300 1102 et
1311 1073 1490 1109 gloriﬁcatur,
1500 1073 1563 1100 dum
1586 1072 1620 1099 ab
1635 1072 1800 1099 hominibus
1815 1072 1856 1099 Fi-

1056 1121 1109 1149 lius
1120 1120 1260 1153 adoratur,
1270 1120 1334 1147 licet
1350 1119 1438 1146 factus
1450 1119 1486 1146 sit
1496 1118 1592 1146 similis
1604 1118 1706 1145 nostri.
1721 1118 1854 1152 Scriptum

1055 1174 1121 1195 vero
1137 1171 1179 1195 est
1194 1174 1291 1194 rursus
1305 1175 1312 1193 :
1331 1174 1341 1192 (
1355 1164 1414 1193 Non
1430 1165 1504 1193 enim
1527 1164 1640 1200 angelos
1663 1164 1854 1199 apprehendit,

1056 1213 1104 1241 sed
1115 1219 1208 1241 semen
1221 1212 1355 1246 Abrahae;
1369 1212 1441 1240 unde
1453 1211 1546 1238 debuit
1557 1218 1606 1245 per
1617 1210 1714 1238 omnia
1732 1209 1855 1237 fratribus

1058 1258 1248 1287 assimilari".
1268 1267 1278 1284 ι
1311 1258 1382 1286 Ecce
1408 1264 1500 1286 semen
1528 1257 1646 1284 Abrahae
1675 1256 1856 1291 apprehendit

1057 1305 1175 1334 Verbum
1192 1305 1276 1339 Deus,
1291 1309 1319 1332 et
1339 1311 1393 1332 non
1414 1304 1507 1336 homo,
1530 1303 1622 1331 nescio
1639 1302 1706 1337 quis
1723 1302 1810 1329 nostri
1823 1302 1856 1328 si-

1057 1352 1130 1381 milis
1145 1352 1273 1380 deitatem
1288 1350 1476 1386 apprehendit,
1491 1354 1519 1378 et
1541 1350 1598 1385 ipse
1621 1349 1706 1376 nobis
1726 1349 1857 1376 assimila-

1058 1402 1111 1431 tur,
1133 1402 1161 1425 et
1185 1401 1356 1432 nuncupatur
1380 1396 1465 1423 frater
1490 1400 1595 1428 noster,
1618 1400 1650 1422 ut
1672 1396 1783 1427 homo,
1810 1402 1857 1421 non

1057 1448 1190 1479 quantum
1203 1448 1245 1471 est
1262 1443 1294 1471 ad
1311 1443 1419 1470 deitatis
1438 1446 1575 1469 naturam.
1599 1451 1608 1468 ι
1625 1442 1768 1475 Quoniam
1788 1442 1856 1475 pueri

1057 1489 1329 1518 communicaverunt
1342 1488 1420 1516 carni
1436 1492 1463 1516 et
1473 1487 1611 1523 sanguini,
1621 1491 1650 1515 et
1661 1488 1724 1521 ipse
1736 1486 1858 1514 similiter

215 1533 345 1560 obediens
360 1539 446 1566 usque
459 1531 493 1558 ad
511 1535 636 1563 mortem,
653 1534 768 1556 tnortem
792 1535 883 1557 autem
902 1529 1003 1557 crucis.

1090 1536 1232 1571 urticipavit
1248 1535 1298 1568 eis,
1313 1539 1344 1562 ut
1357 1541 1406 1570 per
1423 1539 1537 1562 mortem
1555 1534 1716 1561 destrueret
1736 1540 1801 1560 eum
1817 1533 1856 1567 qui

215 1580 363 1614 Propterea
376 1583 404 1606 et
419 1577 490 1605 Deus
513 1578 601 1612 ipsum
617 1577 843 1611 superexaltavit,
857 1581 885 1605 et
897 1576 1008 1604 donavit

215 1624 253 1652 illi
266 1631 363 1651 nomen
376 1623 447 1658 quod
458 1626 500 1650 est
515 1630 596 1657 super
609 1629 690 1649 onme
706 1626 852 1655 nomen,nt
862 1622 888 1649 in
899 1622 1009 1649 nomine

215 1670 279 1698 Jesu
293 1670 394 1697 Christi
410 1677 490 1696 otnne
505 1676 574 1704 genu
594 1668 720 1696 ﬂectatur
733 1668 897 1700 caelestium,
911 1673 939 1695 et
954 1671 1010 1695 ter-

218 1724 357 1747 renormn,
371 1720 400 1742 et
412 1715 592 1746 infernorum,
605 1719 632 1741 et
645 1714 734 1740 omnis
745 1714 836 1749 lingua
847 1714 1009 1741 conﬁteatur

217 1763 289 1798 quod
305 1762 435 1789 Dominus
447 1760 527 1788 Jesus
543 1760 670 1787 Christus
686 1760 712 1787 in
727 1760 812 1795 gloria
832 1764 874 1788 est
896 1760 941 1788 Dei
954 1760 1007 1787 Pa-

218 1809 267 1836 tris
275 1808 308 1834 "’.

254 1854 339 1887 Quem
364 1853 447 1888 igitur
470 1851 605 1884 dicemus,
621 1851 648 1878 in
673 1850 760 1878 l‘orma
785 1849 832 1878 Dei
854 1857 924 1883 esse,
940 1849 1009 1877 etin

217 1898 372 1934 aequalitate
389 1897 488 1929 Patris,
503 1902 530 1924 et
545 1897 602 1924 haec
617 1903 668 1923 non
683 1896 806 1932 rapinam
824 1895 986 1922 arbitratum
999 1903 1007 1929 ;

217 1945 265 1973 sed
280 1943 454 1971 descendisse
466 1943 551 1978 magis
562 1943 588 1969 in
601 1941 807 1974 exinanitatem,
819 1946 846 1968 et
856 1941 882 1968 in
893 1941 1009 1968 formam

217 1991 301 2023 servi,
310 1995 335 2018 el
346 1998 375 2017 se
385 1989 586 2020 humiliantcm,
596 1993 623 2015 et
635 1989 659 2015 in
673 1987 876 2015 similitudinem
889 1992 1009 2015 nostram

217 2038 299 2064 fuisse
314 2035 431 2063 factum?
456 2034 484 2062 Si
510 2035 647 2062 hominem
663 2034 763 2061 factum
780 2042 814 2061 ex
830 2034 946 2061 muliere
961 2041 1010 2060 nu-

218 2084 280 2109 dum
302 2087 330 2109 et
347 2081 434 2109 solum
451 2090 457 2108 :
473 2081 609 2115 quomodo
626 2079 742 2107 habebat
757 2079 965 2114 plenitudinem,
980 2083 1010 2106 ut

218 2128 383 2162 intelligatur
407 2126 579 2154 exinanitus?
605 2125 652 2153 Vel
678 2125 704 2153 in
732 2133 782 2160 qua
809 2130 888 2153 antea
905 2125 1010 2160 positus

216 2174 387 2205 celsitudine,
403 2177 489 2200 semet
506 2171 666 2199 humiliasse
680 2170 796 2198 dicitur?
814 2170 860 2198 Vel
876 2171 1010 2206 quomodo

1059 1582 1203 1617 imperium
1223 1581 1329 1609 obtinet
1344 1580 1452 1613 mortis,
1469 1580 1495 1607 id
1509 1584 1560 1613 est,
1577 1579 1732 1611 diabolum,
1750 1583 1779 1606 et
1799 1579 1857 1605 libe-

1060 1624 1135 1656 raret
1147 1635 1195 1655 eos
1205 1626 1252 1662 qui
1264 1627 1360 1654 timore
1375 1625 1472 1653 mortis
1487 1632 1535 1660 per
1546 1632 1656 1652 omnem
1670 1624 1758 1651 vitam
1772 1624 1856 1650 nativa

1060 1673 1271 1700 continebantur
1286 1670 1459 1700 servitute".
1470 1679 1480 1697 ι
1495 1670 1568 1697 Ecce
1585 1670 1686 1696 iterum
1704 1670 1776 1703 ipse,
1791 1668 1858 1695 simi-

1060 1717 1123 1746 liter
1139 1725 1172 1745 ae
1189 1725 1249 1749 nos,
1263 1716 1433 1752 participavit
1447 1715 1571 1752 sanguini
1586 1720 1612 1742 et
1625 1715 1716 1746 carni,
1729 1720 1758 1742 et
1773 1721 1804 1741 ea
1819 1721 1857 1740 res

1059 1770 1171 1790 causam
1199 1762 1282 1790 habet
1312 1761 1488 1796 coniunctam
1511 1761 1603 1789 statim
1626 1768 1659 1788 ac
1684 1761 1857 1794 proximam;

1060 1809 1191 1844 scriptum
1214 1812 1257 1835 est
1279 1808 1352 1834 enim
1369 1815 1377 1836 ε
1397 1817 1407 1833 ‹
1420 1806 1488 1834 Nam
1513 1808 1586 1842 quod
1613 1806 1789 1841 impossibile
1803 1810 1859 1832 erat

1060 1855 1124 1890 legi,
1143 1854 1170 1881 in
1193 1861 1247 1889 quo
1273 1853 1462 1880 iniirmabatur
1485 1853 1513 1880 in
1538 1859 1632 1885 carne,
1661 1852 1736 1879 Deus
1763 1851 1857 1878 Filium

1062 1907 1139 1927 suum
1165 1899 1240 1926 misit
1265 1898 1292 1926 in
1315 1898 1492 1926 similitudine
1514 1898 1605 1925 carnis
1631 1897 1750 1932 peccati,
1778 1902 1805 1923 et
1827 1897 1857 1922 de

1061 1950 1173 1982 peccato
1200 1945 1341 1972 damnavit
1366 1949 1509 1981 peccatum
1527 1945 1554 1972 in
1573 1944 1700 1971 carne".
1717 1953 1727 1969 ι
1744 1943 1858 1970 Attende

1063 1991 1174 2024 lterum,
1188 1991 1260 2025 quod
1277 1997 1330 2018 non
1347 1991 1428 2018 homo
1442 1989 1574 2017 ali‘ect'ans
1594 1994 1722 2016 naturam
1741 1990 1856 2016 divinam

1062 2038 1229 2070 ostenditur,
1249 2041 1277 2064 et
1301 2037 1334 2063 ad
1359 2037 1420 2071 ejus
1439 2036 1599 2071 dignitatem
1620 2035 1792 2068 ascendens;
1813 2037 1856 2062 sed

1061 2084 1173 2112 tnittens
1190 2083 1276 2118 magis
1290 2081 1389 2109 Filium
1405 2089 1483 2110 suum
1501 2081 1572 2109 Deus
1586 2086 1614 2108 et
1631 2081 1728 2114 Pater,
1742 2082 1770 2108 in
1789 2081 1858 2108 simi-

1062 2129 1179 2157 litudine
1207 2129 1297 2157 carnis
1321 2129 1439 2164 peccati,
1469 2132 1499 2156 ut
1524 2128 1678 2155 destrueret
1704 2134 1854 2162 peccatum.

1062 2175 1143 2211 787
1159 2175 1229 2211 Ergo
1247 2175 1372 2207 verbum,
1385 2182 1445 2202 cum
1461 2174 1532 2202 Deus
1547 2174 1593 2206 sit,
1612 2181 1642 2201 se
1659 2174 1685 2201 in
1705 2174 1858 2201 exinanita-

218 2221 244 2247 in
261 2219 468 2247 similitudinem
483 2219 621 2244 hominum
639 2217 726 2244 factus
737 2221 789 2249 est,
803 2216 849 2252 qui
869 2217 895 2244 id
911 2221 971 2244 erat
982 2221 1010 2245 et
1024 2225 1048 2256 υ
1063 2226 1116 2249 tem
1133 2223 1215 2249 homo
1232 2216 1319 2248 {aclus
1333 2221 1455 2252 immisit,
1474 2225 1501 2248 et
1518 2227 1570 2247 non
1589 2219 1673 2247 homo
1685 2220 1856 2254 simpliciter,

217 2272 296 2294 antea
306 2273 354 2300 per
364 2270 501 2296 naturam,
510 2264 560 2290 etsi
575 2263 600 2290 id
613 2263 699 2291 factus
711 2264 781 2291 forte
789 2271 841 2291 non
853 2263 1008 2291 diceretur?

218 2312 268 2341 libi
286 2316 375 2338 autem
399 2309 556 2337 exinanitus
579 2314 631 2342 est,
651 2317 793 2337 assumens
811 2309 1006 2345 plenitudinem

524 2376 599 2405 CAP.
621 2375 690 2404 Xlll.

268 2433 345 2466 Quod
357 2433 476 2461 Christus
488 2433 566 2461 Iesus
577 2439 683 2460 vocetur
692 2434 771 2461 homo
782 2433 868 2468 factus
879 2433 950 2461 Deus

550 2469 672 2496 Verbum.

252 2526 466 2561 Dispensationis
476 2526 608 2554 incarnati
620 2526 758 2560 Uuigeniti
771 2526 928 2561 mysterium
939 2527 1003 2554 sub-

214 2572 286 2599 tilius
311 2572 531 2603 considerantes,
559 2572 584 2598 id
608 2571 765 2604 asserimus,
796 2571 874 2599 Iidem
903 2577 1002 2599 rectam

213 2623 354 2644 servantes
370 2622 397 2644 et
407 2626 500 2645 veram
514 2626 521 2644 :
535 2618 606 2651 quod
621 2617 707 2652 ipsum
717 2616 805 2645 Patris
817 2617 863 2645 Dei
876 2617 1003 2651 Verbum,

215 2663 284 2690 Deus
300 2671 378 2690 verus
389 2671 422 2690 ex
437 2663 493 2690 Deo
509 2671 584 2695 vero,
603 2668 629 2690 et
644 2663 735 2689 lutncn
767 2663 801 2690 de
830 2663 943 2697 lumine,
959 2663 1001 2690 in—

249 2764 273 2780 ³⁸
291 2763 369 2790 Rom.
385 2771 410 2795 Χ,
430 2763 472 2790 16.
511 2763 533 2778 ³⁷
552 2762 668 2797 Philipp.
685 2770 714 2793 tl,
729 2762 809 2790 ϐ-Η.

1060 2266 1181 2295 divinam
1200 2267 1314 2303 gloriam
1333 2266 1475 2300 affectans,
1493 2266 1620 2294 Christus
1641 2266 1765 2294 videtur.

1339 2377 1464 2405 ΚΕΦΑΔ.
1485 2376 1533 2404 1Γ’.

1060 2435 1125 2462 ὀτι
1138 2435 1266 2469 Χριστὸς
1279 2434 1400 2468 Ἰησοῦς
1409 2434 1543 2461 καλεῖται
1557 2434 1690 2469 γεγονὼς
1700 2434 1856 2468 ἅνθρωπος

1305 2471 1321 2496 ὁ
1337 2470 1391 2497 τοῦ
1410 2470 1484 2496 Θεοῦ
1496 2471 1601 2504 Λόγος.

1093 2528 1150 2563 Τῆς
1185 2527 1254 2563 μετὰ
1283 2527 1385 2562 σαρκὸς
1417 2527 1576 2561 οἰκονομίας
1607 2525 1656 2552 τοῦ
1684 2524 1854 2560 Μονογενοῦς

1057 2573 1298 2609 πολυπραγμονεῖν
1336 2572 1477 2603 ἐθέλοντες
1503 2572 1534 2598 τὸ
1562 2572 1737 2607 μυστήριον,
1768 2570 1854 2597 ἐκεῖνό

1058 2627 1159 2654 φαμεν,
1177 2619 1255 2652 δόξαν
1269 2619 1376 2654 ἔχοντες
1394 2618 1494 2654 ἀληθῆ,
1513 2618 1561 2645 καὶ
1577 2618 1670 2644 πίστιν
1687 2617 1786 2653 ὀρθὴν,
1800 2618 1854 2644 ὅτι·

1057 2673 1111 2701 περ
1135 2665 1216 2697 αὐτὸς
1237 2665 1252 2691 ὀ
1277 2666 1309 2692 ὲκ
1335 2664 1402 2691 Θεοῦ
1429 2664 1536 2700 Πατρὸς
1554 2664 1651 2698 Λόγος,
1678 2665 1694 2691 ὁ
1727 2663 1853 2700 ἀληθινὸς

849 2763 871 2778 ’³
891 2763 972 2791 llebr.
988 2771 1018 2796 ιι,
1036 2763 1079 2797 l6,
1097 2764 1140 2792 l7.
1181 2765 1203 2782 ³⁸
1221 2765 1287 2794 ibid.
1303 2766 1345 2800 Η,
1358 2765 1403 2800 15.
1441 2765 1464 2782 ⁸⁸
1482 2764 1560 2793 Rom.
1573 2771 1632 2798 vni,
1645 2764 1672 2792 5.

247 2855 288 2890 (Ι)
310 2854 402 2882 Balnz.
423 2854 486 2890 legit
506 2855 532 2880 in
556 2862 604 2889 pro
623 2854 689 2888 sine,
710 2855 822 2889 reetius,
844 2860 872 2882 ut
891 2856 1006 2884 videtur.
1028 2856 1106 2884 EDIT.
