1907 3038
103 129 171 158 1389

558 126 702 156 SCIIOLIA
725 129 767 156 DE
788 116 1043 157 INCKRNATIONE
1066 126 1252 154 UNIGENITI.

1662 129 1730 157 i390

101 194 150 214 nas
175 193 282 213 sursum
308 184 582 220 superohumhrautes
607 187 704 220 pennis
724 188 781 215 suis
807 195 888 222 super
904 191 924 218 Α
941 186 1029 213 minus
1063 191 1155 213 noster
1183 185 1261 213 Iesus
1280 185 1414 217 Christus,
1441 185 1557 219 imagine
1577 190 1604 214 et
1634 187 1729 222 ﬁgura,

99 232 314 269 propitiatoriqu
325 231 464 264 ;elvultus
472 239 566 259 eorum
579 233 729 260 adimiceut
745 234 888 268 respicien-

100 286 140 307 tes
153 278 367 314 propitiatorium
380 283 460 304 erunt
469 278 501 305 ⁵⁷,
512 287 521 303 ι
537 278 662 313 Euigma
672 280 853 306 certissimum
863 279 888 306 id

99 326 147 357 sit,
165 325 247 351 Deum
263 323 379 351 Verbum
392 323 474 349 etiaut
489 323 514 350 in
533 324 700 352 humanitate
716 325 798 351 Deum
813 332 889 352 mau-

98 371 222 403 sisse,et
237 370 262 396 iu
288 377 335 396 sua
358 369 442 403 gloria
465 376 497 396 ac
523 369 680 404 majestate,
700 371 750 398 etsi
778 376 890 405 propter

101 415 331 449 dispensationem
359 415 446 442 factus
478 415 512 442 sit
537 416 634 442 similis
664 416 772 443 nostri:
796 417 890 451 Propi-

99 462 236 488 tiatorium
252 468 368 494 namque
380 467 427 494 per
443 461 520 487 iidem
538 462 625 488 factus
637 466 678 488 est
691 462 768 489 nobis
781 461 889 489 Emma-

100 506 171 533 nuel.
193 505 220 533 Id
244 511 332 532 autem
359 505 436 532 nobis
459 505 644 540 comprobavit
672 507 889 540 sapientissimus

98 551 217 579 Joannes
246 552 338 578 dicens
362 559 369 577 :
392 560 401 576 ι
420 551 524 584 Filioli,
541 552 632 579 scribo
661 552 752 583 vobis,
778 557 806 579 ιιι
835 560 888 579 non

99 598 216 631 peccetis
230 606 237 630 ;
252 599 299 624 sed
315 598 339 624 si
358 597 420 631 quis
442 599 610 631 peccaverit,
626 598 825 626 consolatorem
843 599 889 625 Ita-

104 643 199 670 betnus
224 644 295 677 apud
328 642 453 674 Patrem,
483 641 574 669 Jesum
600 643 735 670 Christum
759 643 859 676 justum
880 651 887 676 ;

100 693 129 715 el
145 689 202 723 ipse
217 693 259 715 est
290 688 442 723 pt'opiliatio
472 696 520 722 pro
543 689 659 722 peccatis
679 690 777 716 nostris
791 689 860 715 tau».
876 698 885 713 ,

99 734 155 761 Nec
171 742 222 761 non
247 735 326 761 etiam
346 735 462 767 Paulus,
490 745 498 759 ιι
513 734 597 767 Quem
626 735 773 769 proposuit,
791 734 887 768 inquit,

99 779 172 807 Deus
192 781 392 815 propitiatorem
409 788 457 814 per
479 781 556 806 iidem
574 781 599 806 in
614 788 663 807 suo
680 781 811 815 sanguine
831 780 885 806 δυ.»

135 826 268 854 Caeterum
289 834 369 854 cerne
380 826 526 854 Cherubint
540 827 746 853 cirrutttstautcs
760 827 888 860 propitia-

98 873 215 905 torium,
229 878 256 900 et
271 873 548 906 superobumbruntes
563 874 672 907 quidem
684 873 780 907 pennis
795 882 803 905 ;
817 881 884 900 con-
903 864 922 891 Β

98 925 193 945 versos
226 924 315 946 autem
342 919 374 946 ad
400 919 634 953 propitiatorium.
656 924 683 946 et
715 926 783 952 pene
811 919 886 946 nutui

98 962 240 991 Dominico
252 964 357 991 oculum
382 965 560 992 intendentes.
579 964 618 992 Ad
639 964 683 991 Dei
698 964 770 991 enim
790 963 886 991 volun-

97 1013 180 1036 tatem
197 1013 299 1036 tantum
323 1010 431 1042 respicit
448 1013 540 1036 sancta
566 1009 717 1036 cwlestium
743 1008 886 1042 spirituum

97 1053 260 1085 multitudo,
275 1059 302 1080 et
325 1062 461 1088 nunquam
485 1054 530 1082 Dei
556 1055 672 1081 satiatur
700 1059 820 1088 aspectu.
848 1054 886 1080 Ita

96 1099 196 1126 Filium
223 1101 353 1135 propheta
383 1101 466 1129 isaias
493 1101 592 1128 vidisse
614 1108 644 1128 se
669 1101 732 1127 dicit
766 1101 792 1127 in
823 1101 886 1127 sede

95 1146 228 1172 altissima
251 1151 280 1174 et
299 1147 525 1178 eminentissima,
550 1146 789 1174 circumstantibus
802 1145 885 1173 Sera-

95 1191 172 1226 phittt
184 1196 211 1219 et
222 1191 430 1227 obsequentihus
442 1193 466 1219 ei
482 1197 511 1219 ιιι
522 1192 577 1219 Deo
589 1192 610 1207 “
620 1205 626 1211 -

373 1258 454 1293 790
469 1258 544 1285 CAP.
562 1257 620 1285 xv.

326 1317 404 1343 Aliud
423 1316 455 1343 de
471 1316 543 1352 virga
559 1315 653 1343 Moris.

134 1374 322 1403 Destinabatur
346 1373 489 1408 aliquando
506 1373 612 1400 divinus
635 1372 740 1408 Moyses
760 1378 789 1399 ut
804 1372 886 1400 Israel

95 1421 132 1448 ab
143 1421 331 1456 Egyptiorum
342 1420 468 1447 violentia
486 1419 623 1446 liberaret.
639 1418 737 1446 Verum
757 1419 885 1452 qttoniaut

96 1474 209 1494 necesse
235 1470 294 1492 erat
320 1473 382 1497 eos,
403 1465 447 1499 qui
474 1465 523 1492 sub
539 1465 601 1499 jugo
626 1469 718 1491 essent
749 1464 886 1492 servitutis

96 1513 224 1545 insolitae,
246 1513 319 1546 prius
341 1512 438 1539 docere
472 1511 543 1545 quod
570 1511 609 1538 eis
637 1510 706 1537 Deus
728 1510 784 1544 jam
812 1514 884 1537 esset

96 1559 299 1589 reconciliatus,
317 1557 435 1592 prodigia
450 1564 512 1583 eum
530 1556 618 1583 facere
641 1556 790 1589 imperabat
805 1565 811 1583 :
830 1555 884 1589 ple-

97 1611 211 1638 rumque
222 1604 293 1630 enim
315 1602 474 1630 miraculum
495 1609 544 1629 nos
562 1601 670 1629 adducit
690 1602 715 1628 in
729 1602 819 1629 tidem.
839 1602 884 1629 Ait

97 1650 180 1685 igitur
193 1649 298 1684 Moyses
313 1648 346 1676 ad
361 1648 445 1676 Deuut
462 1647 674 1681 omnipotentem
689 1655 695 1674 :
716 1655 725 1672 ι
745 1646 772 1673 Si
791 1651 881 1673 autem

96 1702 150 1722 uon
164 1694 326 1721 crediderint
341 1693 416 1723 mihi,
435 1699 521 1727 neque
533 1691 665 1719 audierint
680 1698 771 1719 vocem
783 1699 882 1724 nteant,

95 1740 216 1768 dicentes
233 1748 240 1766 :
258 1739 315 1766 Non
330 1739 453 1774 apparuit
468 1738 513 1765 tibi
530 1738 600 1765 Deus
614 1746 621 1770 ;
635 1738 698 1772 quid
711 1737 797 1764 dicant
813 1737 884 1765 illis?

98 1785 171 1812 Dixit
187 1785 283 1811 deinde
303 1784 430 1811 Dominus
449 1791 455 1809 :
476 1783 545 1816 Quid
564 1783 614 1810 hoc
640 1788 683 1810 est
702 1783 772 1817 quod
790 1787 833 1810 θοι
856 1783 882 1810 itt

97 1838 178 1858 manu
200 1835 243 1858 tua
258 1830 269 1856 τ
285 1829 433 1864 Respondit
449 1838 457 1856 :
473 1829 563 1864 Virga.
591 1829 622 1856 Et
641 1830 678 1856 ait
699 1829 735 1856 illi
753 1838 760 1856 :
778 1829 883 1863 Projice

97 1875 170 1902 illam
182 1876 207 1902 iu
223 1880 321 1902 terram
336 1884 341 1906 ;
357 1880 384 1902 et
394 1874 464 1902 facta
476 1879 516 1901 cst
529 1881 651 1908 serpens,
663 1879 691 1901 et
703 1874 768 1909 fugit
778 1874 883 1909 Moyses

96 1921 131 1948 ab
145 1927 187 1947 ea.
207 1920 240 1947 Et
257 1920 323 1948 dixit
337 1919 464 1946 Dominus
480 1919 512 1945 ad
531 1917 637 1954 Moysen
656 1926 664 1945 :
680 1919 801 1946 Extende
824 1926 882 1945 ma-

98 1974 162 1993 num
178 1971 267 1998 mam,
285 1971 312 1994 et
328 1965 497 2000 apprehende
520 1966 631 1993 caudam
648 1964 706 1998 ejus
721 1974 728 1997 ;
745 1970 772 1992 et
787 1969 882 1992 exten-

97 2012 165 2039 detts
179 2020 286 2039 manum
307 2012 483 2046 apprehendit
495 2013 618 2044 caudam,
634 2016 660 2038 et
676 2011 744 2038 facta
759 2016 799 2038 est
810 2012 882 2046 virga

97 2057 125 2085 in
149 2065 227 2085 manu
246 2059 313 2092 ejus.
329 2058 360 2085 Et
384 2057 452 2085 dixit
471 2057 506 2085 illi
528 2065 534 2084 ί
550 2057 584 2085 Ut
603 2057 712 2084 credant
737 2057 802 2092 tibi,
820 2057 882 2092 quia

97 2103 220 2138 apparuit
235 2103 280 2131 tibi
303 2102 430 2130 Dominus
453 2103 523 2131 Deus
543 2107 647 2137 palrum
669 2110 796 2134 suorum,
814 2103 883 2130 Deus

97 2150 244 2180 Abraham.
262 2154 290 2176 et
311 2149 379 2176 Deus
391 2149 476 2181 lsaac.
491 2153 517 2176 et
536 2148 604 2175 Deus
619 2148 701 2176 Jacob
711 2149 744 2175 δ’.
763 2158 772 2174 ι
789 2149 884 2176 Auitu-

941 236 1049 266 propler
1060 231 1288 264 dispensationem
1311 231 1408 257 factam
1422 238 1482 257 cum
1495 239 1576 258 carne
1591 251 1598 264 ,
1616 240 1663 266 pro
1675 241 1731 260 ser-

940 281 1020 311 pente
1033 277 1165 311 accipitur
1181 284 1262 309 aereo,
1280 284 1359 310 quem
1381 276 1468 303 erexit
1486 276 1606 311 Moyses,
1620 283 1649 304 ut
1672 285 1732 305 ser-

942 327 1051 356 pentum
1082 330 1188 349 morsus
1208 327 1314 349 arceret
1331 322 1365 350 ".
1396 321 1522 349 Aiteuim
1543 332 1550 350 :
1568 332 1576 348 ι
1608 322 1640 350 Ει
1663 324 1733 350 sicut

941 368 1045 403 Moyses
1067 369 1196 395 exaltavit
1215 373 1366 402 serpentem
1382 368 1407 395 in
1421 369 1526 396 deserto
1538 389 1544 400 ,
1563 369 1599 395 ita
1621 374 1730 403 oportet

940 415 1053 442 exaltari
1075 413 1171 441 Filium
1191 414 1319 445 hominis,
1342 419 1370 440 ut
1388 422 1482 442 omnes
1505 415 1549 449 qui
1572 416 1685 442 credunt.
1703 417 1730 442 in

941 460 1039 494 ipsum,
1056 468 1108 487 non
1122 465 1243 495 pereant,
1255 461 1300 487 sed
1312 460 1427 487 habeant
1438 460 1519 487 vitam
1532 466 1660 488 :eteruatn
1671 461 1704 488 ⁵⁸.
1719 471 1727 486 ι

941 506 1172 539 Quemadmodum
1187 506 1258 533 cuitu
1276 514 1387 540 serpens
1411 506 1498 533 factus
1512 514 1545 533 ex
1558 515 1611 534 aere
1637 507 1731 534 salutis

940 557 999 581 erat
1014 553 1230 587 periclitantibus
1241 560 1322 579 causa
1340 553 1526 588 (sanabuntur
1541 554 1612 580 eniut
1629 554 1654 580 in
1668 562 1729 580 etnn

941 600 1117 633 respicientes
1131 599 1140 634 )
1157 608 1163 626 :
1181 606 1214 626 eo
1227 599 1306 626 modo
1319 600 1397 626 etiam
1414 600 1542 626 Dominus
1554 599 1633 626 Jesus
1653 600 1731 627 Citri-

941 650 1000 672 stus
1024 645 1064 672 eis
1089 645 1133 679 qui
1163 652 1223 671 eum
1252 645 1342 671 vident
1368 645 1473 679 quidem
1496 646 1522 672 in
1554 645 1730 672 similitudine

941 690 1128 725 malignorum,
1141 699 1173 717 co
1188 691 1258 725 quod
1278 691 1363 717 lactus
1374 691 1408 718 sit
1426 691 1515 724 homo,
1537 699 1587 717 non
1605 691 1730 724 ignorant

941 741 1030 762 tamen
1058 737 1129 770 quod
1158 736 1229 763 Deus
1246 737 1281 763 sit
1302 736 1424 763 vititicus
1448 744 1528 763 causa
1546 737 1596 762 erit
1614 738 1689 768 vitm,
1703 743 1730 764 ct

940 781 985 808 dat
999 789 1076 816 posse
1089 782 1214 808 animalia
1230 789 1361 810 venenosa
1375 783 1471 815 vitare,
1485 783 1510 809 id
1518 788 1569 814 est,
1581 783 1729 809 contrarias

940 831 1014 861 potes
1019 832 1042 852 ta
1047 832 1095 854 tes.

973 871 1001 897 id
1014 879 1119 905 quoque
1132 871 1210 904 hujus
1224 872 1261 898 rei
1279 872 1363 905 iigura
1376 873 1421 906 sit,
1434 873 1505 906 quod
1523 873 1643 906 Moyseos
1654 874 1726 908 virga

938 916 1027 951 virgas
1049 917 1117 943 alias
1131 917 1311 949 ('evoravcrit,
1330 926 1398 952 quas
1413 919 1438 944 in
1460 923 1559 945 terram
1575 919 1644 953 magi
1666 927 1729 953 pro-

934 961 1056 995 jeccraut
1076 961 1109 988 ⁵⁷.
1131 961 1218 996 lbitur
1233 963 1306 996 virga
1320 963 1429 997 quidem
1450 963 1476 990 iu
1494 968 1593 990 terram
1611 964 1728 998 projecta

937 1012 978 1034 est
995 1016 1003 1040 ;
1024 1016 1075 1034 non
1093 1011 1182 1035 tamen
1199 1016 1305 1042 semper
1319 1010 1458 1036 remansit.
1481 1010 1626 1043 Resutnpla
1639 1015 1727 1038 autem

939 1053 1035 1080 iterum
1070 1053 1123 1081 fuit
1135 1054 1205 1088 quod
1220 1059 1279 1080 erat
1293 1063 1299 1080 :
1318 1062 1378 1081 naut
1395 1055 1455 1082 licet
1474 1055 1543 1083 l'acla
1558 1057 1603 1088 sit,
1623 1061 1651 1083 ιιι
1666 1062 1728 1084 aute

938 1097 1003 1129 dixi,
1014 1099 1038 1125 in
1049 1099 1223 1125 similitttditte
1236 1103 1327 1126 nostra
1342 1099 1428 1126 Patris
1440 1100 1525 1135 virga,
1540 1100 1565 1127 id
1573 1100 1726 1133 est,Filius,

938 1152 985 1179 per
997 1153 1076 1179 quem
1093 1146 1174 1172 habet
1185 1145 1305 1172 omniunt
1326 1150 1484 1179 potestatem
1502 1155 1509 1178 ;
1529 1151 1660 1179 attamen,
1677 1148 1728 1174 lm-

937 1190 1008 1223 pleta
1038 1191 1254 1225 dispensatione,
1281 1192 1409 1219 revolavit
1439 1193 1464 1218 in
1483 1192 1597 1225 omium,
1625 1198 1652 1219 et
1676 1193 1726 1220 fuit

939 1237 1036 1264 iterum
1062 1242 1189 1272 tauquam
1214 1238 1238 1265 in
1267 1247 1345 1265 tnanu
1368 1239 1455 1266 Patris
1485 1239 1559 1274 virga
1592 1240 1728 1275 alquitatis

937 1289 968 1309 ac
985 1283 1057 1318 regni
1072 1291 1078 1309 :
1092 1285 1167 1311 sedet
1194 1285 1264 1311 enim
1286 1285 1319 1311 ad
1335 1285 1472 1312 dexteram
1495 1285 1630 1312 Geuiloris
1642 1287 1683 1312 sui
1697 1287 1723 1313 in

937 1329 1043 1362 propria
1063 1329 1212 1363 majestate,
1231 1330 1309 1357 sedes
1328 1330 1474 1358 altissimas
1484 1331 1609 1358 obtinens
1622 1332 1726 1363 ,‘etia'n

938 1380 998 1400 cum
1016 1381 1097 1401 carne
1111 1374 1145 1401 ⁸⁸.

1249 1440 1324 1469 CAP.
1345 1440 1415 1469 xw.
1603 1479 1607 1482 ν

971 1496 1052 1523 Aliud
1064 1497 1096 1524 de
1110 1505 1189 1524 manu
1203 1497 1413 1532 Moysisleprosa
1429 1504 1452 1525 et
1472 1500 1571 1535 integre
1585 1506 1690 1527 sanata.

973 1563 982 1579 ι
998 1553 1067 1581 Dixit
1082 1556 1209 1581 Intemad
1221 1562 1281 1582 eum
1303 1556 1372 1582 Deus
1385 1557 1513 1584 Dominus
1524 1557 1621 1584 iterum
1634 1566 1640 1584 :
1655 1558 1726 1585 lnfcr

935 1608 1043 1627 manum
1057 1606 1129 1627 luant
1147 1601 1172 1627 itt
1190 1601 1276 1628 sinum
1290 1605 1363 1628 tutttu
1378 1611 1385 1634 ;
1401 1608 1426 1630 el
1440 1603 1550 1637 protulit
1564 1611 1672 1631 manum
1691 1604 1726 1631 de

935 1647 995 1674 sinu
1013 1653 1072 1678 suo,
1088 1652 1115 1673 et
1129 1647 1198 1674 facta
1214 1651 1255 1674 est
1269 1654 1364 1674 manus
1380 1648 1440 1682 ejus
1459 1648 1528 1676 sicut
1543 1649 1598 1676 nix.
1619 1650 1648 1676 Et
1658 1651 1725 1677 dixit

936 1691 1030 1718 iterum
1047 1701 1053 1718 :
1069 1691 1140 1719 lnl’er
1158 1699 1264 1718 tuanuut
1283 1696 1354 1718 luant
1372 1693 1397 1719 itt
1422 1694 1509 1720 sittum
1528 1698 1602 1721 tuum
1619 1701 1666 1722 :et
1683 1695 1723 1722 itt-

936 1737 994 1763 tulit
1008 1745 1115 1764 manum
1135 1745 1211 1765 suam
1233 1738 1357 1765 ittsiuum
1379 1747 1474 1771 suum,
1494 1745 1521 1766 et
1540 1741 1649 1775 protulit
1664 1749 1723 1768 eam

935 1783 968 1810 de
979 1783 1039 1810 sinu
1054 1790 1149 1815 suo,et
1166 1784 1262 1811 iterum
1278 1785 1401 1812 restituta
1414 1790 1456 1812 est
1473 1785 1498 1812 iu
1509 1786 1626 1813 colorem
1634 1788 1724 1814 carnis

935 1829 993 1863 ejus
1004 1830 1036 1856 ".
1055 1838 1064 1855 ι
1087 1829 1192 1857 Manum
1205 1831 1237 1856 ad
1253 1831 1390 1857 dexteram
1411 1831 1456 1858 Dei
1474 1836 1501 1858 et
1519 1831 1607 1859 Patris
1627 1840 1721 1860 verum

935 1874 1031 1901 Filium
1043 1875 1100 1908 ejus
1117 1875 1207 1902 divina
1222 1875 1360 1910 Scriptura
1377 1877 1508 1904 nominat.
1524 1878 1631 1905 luduxit
1648 1880 1720 1906 enim

935 1920 1022 1955 ipSum
1048 1921 1180 1948 dicentem
1200 1930 1207 1947 :
1225 1930 1234 1946 ι
1258 1921 1314 1955 Ego
1342 1929 1422 1948 manu
1449 1931 1507 1950 mea
1532 1925 1635 1952 ﬁrmavi
1665 1934 1722 1954 cce—

935 1965 988 1992 luut
1004 1966 1027 1981 ⁶⁰
1048 1974 1055 1998 ;
1077 1975 1085 1991 ι
1113 1973 1163 1992 nec
1189 1973 1241 1992 non
1271 1966 1354 1993 etiam
1375 1967 1456 1994 David
1475 1968 1581 1997 divinus
1603 1976 1695 1998 cantat
1714 1982 1720 2000 :

937 2021 947 2036 ι
960 2011 1047 2039 Verbo
1063 2011 1168 2038 Domini
1185 2011 1244 2039 cmli
1260 2012 1356 2040 firmati
1372 2018 1435 2040 sunt
1447 2014 1469 2030 ⁶¹
1499 2023 1508 2040 ι
1530 2015 1615 2043 Cerne
1630 2017 1721 2052 igitur,

935 2058 961 2084 in
978 2058 1066 2086 sinum
1080 2058 1187 2092 quidem
1205 2058 1303 2093 Moysis
1324 2059 1412 2086 adhuc
1429 2067 1538 2088 manum
1557 2061 1615 2096 ejus
1629 2064 1721 2090 occul—

936 2104 1001 2135 tari,
1019 2109 1047 2131 et
1063 2105 1180 2131 nondum
1207 2104 1306 2131 factam
1332 2105 1464 2140 leprosum
1477 2126 1484 2138 ,
1502 2108 1636 2142 prolatam
1656 2118 1721 2138 vero

934 2151 1025 2178 statim
1053 2150 1185 2185 leprosam
1213 2150 1312 2178 factam
1327 2161 1334 2178 :
1350 2152 1447 2180 deinde
1469 2161 1531 2180 mox
1560 2154 1661 2182 illatam
1673 2175 1680 2188 ,
1695 2163 1722 2183 et

97 2195 209 2221 adverte
239 2194 267 2221 in
290 2193 333 2221 his
357 2198 454 2223 natura
484 2197 511 2220 ει
548 2193 662 2220 νετὶιίιιϐ
696 2192 794 2219 Filium
822 2192 881 2224 Dei.
899 2204 1029 2233 Drursus
1058 2196 1204 2230 prolatam,
1232 2202 1259 2223 et
1288 2197 1320 2224 de
1345 2203 1442 2225 emero
1472 2207 1523 2226 non
1561 2200 1719 2234 leprosam:

98 2246 226 2274 tauquam
256 2240 377 2275 quaedam
403 2239 478 2274 virga
504 2239 538 2265 sit
562 2239 671 2271 Patris;
691 2239 763 2272 virga
793 2243 881 2265 autem

97 2287 204 2321 insigne
218 2291 260 2313 est
283 2285 380 2320 regni:
401 2293 411 2310 ι
431 2284 501 2312 Filio
517 2284 588 2311 enim
616 2284 688 2311 dedit
708 2284 807 2321 habere
822 2291 882 2311 om-

97 2333 172 2360 nium
196 2336 353 2366 potestatem
374 2331 406 2357 ⁸³.
432 2340 441 2356 ι
457 2330 532 2358 Unde
549 2330 631 2357 etiam
651 2329 757 2357 divinus
772 2330 855 2358 David
875 2339 883 2357 :

98 2389 108 2405 ι
132 2377 255 2405 Thronus
270 2382 340 2410 tuus,
356 2378 451 2412 inquit,
469 2377 548 2409 Deus,
564 2376 589 2403 in
600 2377 726 2403 smculum
738 2376 838 2408 saeculi,
858 2381 885 2404 et

96 2425 168 2459 virga
180 2423 324 2458 aequitatis,
336 2425 409 2458 virga
423 2421 497 2458 regni
508 2423 603 2449 tui“.t
621 2422 673 2449 Sed
691 2429 751 2449 eam
768 2423 882 2457 projecit

93 2471 122 2499 in
138 2475 248 2502 terram,
264 2470 289 2496 id
300 2474 358 2501 est,
375 2476 487 2503 corpore
499 2473 606 2495 terreno
620 2469 806 2500 circumdedit,
823 2469 880 2496 sive

93 2525 144 2552 per
167 2515 361 2544 humanitatem
389 2515 462 2542 misit
480 2514 505 2540 in
533 2519 632 2541 terram
651 2523 657 2541 :
676 2519 739 2541 tunc
756 2514 826 2541 enim
853 2515 878 2540 in

91 2562 269 2589 similitudine
283 2560 369 2588 factus
384 2565 425 2587 est
442 2561 619 2594 malignorum
640 2560 791 2592 hominum,
803 2559 879 2587 scili-

92 2613 137 2635 cet
152 2607 326 2642 malignitatis
345 2607 448 2640 signum
465 2612 506 2632 est
520 2613 641 2640 serpens.

109 2654 187 2688 Quod
200 2658 287 2679 autem
300 2659 391 2680 verum
403 2653 447 2683 sit,
461 2652 522 2679 hinc
535 2652 645 2679 scimus.
666 2651 723 2686 Ipse
737 2653 809 2679 cuint
822 2651 878 2679 Do-

93 2737 116 2753 "
168 2735 253 2763 Exod.
265 2744 329 2767 xxv,
344 2736 386 2762 i7.

92 2779 158 2803 xvn,
172 2771 199 2798 2.
236 2771 259 2787 ⁵⁵
277 2771 346 2798 Psal.
367 2779 439 2802 XLIV,
469 2771 494 2796 7.

91 2808 116 2822 "
131 2804 215 2833 Exod.
230 2813 268 2838 tv,
279 2807 305 2833 6.
362 2806 383 2821 “
398 2806 449 2834 lsa.
463 2813 556 2839 sunt,
572 2806 613 2833 l5.

93 2842 116 2858 “
133 2842 219 2870 Levit.
233 2849 292 2874 xui,
305 2841 333 2868 2,

425 2735 481 2751 δυ’
499 2734 597 2763 lJoan.
613 2743 643 2768 ιι,
666 2736 690 2767 1,
709 2736 736 2762 2.

532 2772 556 2786 ⁵⁵
572 2771 652 2798 Num.
680 2779 736 2802 xu,
765 2770 792 2798 8.

776 2736 798 2751 '°
816 2735 893 2761 Rom.
908 2743 949 2768 ιιι,
978 2735 1023 2763 2ἵὶ.

832 2771 854 2785 ⁵³
886 2770 964 2798 Joan.
998 2778 1039 2802 ιιι,
1069 2772 1111 2798 Η.

669 2807 690 2822 δι
708 2805 777 2833 Psal.
793 2813 877 2839 χχιιι,
889 2806 916 2833 6.

936 2252 945 2268 ι
955 2242 1136 2269 Restitutaest
1147 2242 1229 2274 enim,
1245 2241 1341 2276 inquit,
1357 2242 1383 2269 in
1397 2243 1514 2270 colorem
1525 2244 1614 2271 carnis
1625 2245 1693 2279 ejus.
1709 2255 1718 2270 ι

933 2288 1004 2322 Ergo
1027 2279 1145 2322 quandiu
1182 2288 1289 2322 quidem
1320 2293 1379 2315 erat
1406 2289 1432 2315 in
1459 2289 1519 2316 sinu
1548 2289 1634 2317 Patris
1651 2291 1720 2318 Deus

934 2331 1061 2364 Verbum,
1080 2331 1230 2358 divinitatis
1246 2332 1334 2359 nitore
1352 2332 1488 2367 fulgebat;
1506 2342 1598 2361 verum
1611 2336 1720 2370 quando

934 2376 1023 2411 aliquo
1053 2377 1132 2403 modo
1163 2383 1238 2403 extra
1263 2377 1313 2404 fuit
1342 2385 1390 2412 per
1419 2379 1630 2408 incarnationem
1662 2382 1720 2409 sive

934 2422 1156 2458 ὲνανορώπησιν,
1175 2424 1262 2450 lactus
1285 2431 1325 2451 est
1346 2433 1355 2448 α
1379 2425 1405 2452 in
1429 2426 1604 2454 similitudine
1630 2430 1720 2454 carnis

934 2469 1054 2503 peccati.
1075 2474 1101 2495 et
1126 2470 1196 2496 inter
1225 2470 1332 2504 iniquos
1358 2476 1498 2505 reputatus
1522 2477 1564 2499 est
1579 2473 1611 2498 “.
1644 2483 1654 2499 ι
1673 2475 1719 2502 Ait

934 2515 1003 2542 cuitu
1017 2515 1123 2541 divinus
1136 2514 1254 2548 Paulus,
1272 2525 1281 2541 ι
1302 2523 1363 2543 ettm
1381 2517 1425 2551 qui
1443 2522 1582 2551 peccatum
1601 2527 1653 2545 ttou
1670 2527 1718 2546 no-

932 2565 1018 2592 verat,
1029 2568 1076 2595 pro
1089 2560 1159 2588 nobit
1177 2567 1315 2595 peccatum
1331 2562 1422 2595 fuisse,
1436 2568 1463 2590 ιιι
1478 2571 1526 2590 nos
1540 2564 1665 2592 lieremus
1674 2565 1719 2600 ju-

933 2606 1005 2633 stitia
1026 2607 1051 2633 in
1065 2607 1121 2641 ipso
1140 2607 1173 2634 ".
1196 2616 1206 2633 ι
1225 2606 1280 2634 Hoc
1291 2608 1418 2635 existimo
1433 2608 1533 2643 lepram
1550 2610 1714 2644 srgnilicare.

933 2652 1086 2680 immundus
1108 2654 1179 2683 enim
1195 2654 1342 2681 secundum
1362 2654 1446 2690 legem
1467 2656 1589 2691 leprosus
1604 2657 1636 2684 “.
1665 2658 1717 2685 Sed

1598 2740 1621 2756 ⁸³
1636 2739 1714 2767 Joan.

1431 2774 1454 2789 "
1483 2775 1553 2801 Psal.
1586 2783 1656 2806 xuv,
1687 2775 1715 2802 7.

1456 2809 1478 2825 εδ
1494 2810 1502 2836 l
1517 2810 1579 2837 Cor.
1608 2818 1635 2843 ν,
1669 2810 1714 2836 21.

1064 2736 1085 2751 ⁵¹
1104 2736 1154 2764 lsa.
1168 2744 1204 2767 Vt.
1220 2737 1244 2763 l.
1282 2736 1304 2752 "
1323 2737 1407 2764 Exod.
1435 2746 1471 2771 tv,
1498 2740 1558 2768 1-5.

1150 2772 1172 2787 ⁸⁷
1192 2772 1275 2798 Exod.
1304 2781 1341 2807 IV.
1364 2773 1390 2799 Ξ.

955 2807 977 2822 ⁵³
994 2806 1072 2834 Rom.
1088 2815 1144 2838 vui,
1160 2807 1191 2840 Ii;
1207 2807 1258 2834 lsa.
1273 2816 1333 2841 Litt,
1372 2808 1415 2836 12.
