1907 3038
166 142 212 170 1'59
219 142 226 167 l

163 197 291 234 quoniam
311 195 408 222 iterum
423 193 449 220 in
466 193 524 220 sinu
548 190 595 217 l'uit
611 190 698 218 Patris
712 189 721 223 (
733 192 887 222 assumptus
912 190 952 212 cst
968 187 988 215 Α

164 247 190 272 in
208 241 432 271 resurrectionem
455 247 469 266 a
488 236 636 271 mortuis),
654 234 755 269 prolata
779 234 875 260 iterum
897 238 954 257 ma-

164 298 215 317 nus
228 288 370 315 videbatur
387 285 483 312 munda
501 282 648 309 2'adveniet
666 281 737 307 enim
758 283 819 314 post
835 283 954 312 tempora

167 331 476 363 Dominusttostchesus
489 329 627 360 Christus,
641 327 666 353 itt
681 326 837 353 sinceritate
862 323 956 350 divini-

167 382 229 408 tatis
243 387 269 408 et
282 373 376 415 gloria,
398 376 522 411 quamvis
537 374 743 401 similitudinem
762 376 880 398 nostrattt
902 377 954 396 non

167 427 318 462 projecerit.
343 425 388 450 Ait
405 423 476 450 enim
493 427 519 448 et
536 422 631 448 beattts
651 418 752 446 Paulus
775 418 809 445 de
819 417 928 444 Christo
945 425 952 442 :

170 483 181 499 t
196 474 263 506 Quia
279 470 360 500 semel
377 473 498 496 mortuus
509 472 551 494 est
566 467 599 494 ad
614 466 755 493 IltUilOl‘lllII
772 462 955 491 exltattrienda

169 523 288 553 peccata.
309 516 433 543 Secundo
451 515 507 541 sitte
524 518 632 548 peccato
644 511 782 546 apparebit
797 513 956 543 exspectan-

170 565 239 590 tibus
260 570 289 589 se
314 562 342 588 in
360 561 473 588 salutetur
489 559 521 586 “.
549 569 557 584 ι
576 558 646 593 Ergo
660 557 765 592 quoties
785 556 863 582 ttobis
880 561 956 581 sacra

168 609 270 636 Littera
287 608 409 634 nominat
422 604 668 635 Cltristumlcsum,
683 602 761 637 791
776 608 808 628 ne
820 601 956 628 hominem

168 663 288 682 seorsum
318 652 468 689 putaveris,
494 658 545 677 non
573 657 634 677 vere
665 650 782 675 adunato
821 647 870 681 ipsi
904 646 957 672 Deo

172 701 258 728 Verbo
275 709 282 732 ;
304 699 349 726 sed
364 697 563 725 existimaveris
580 695 662 730 magis
674 695 760 728 ipsum
780 700 838 720 eSse
850 700 881 719 ett
905 691 957 717 Deo

170 751 197 772 et
214 745 294 780 Patre
321 744 436 771 Verlnnn
455 741 548 768 Jesutn
569 741 723 770 Christum,
737 747 796 765 cum
812 737 900 765 {notus
924 737 958 764 sit

171 793 259 819 lt"tl|0.

477 855 550 882 CAP.
568 853 648 882 XVII.

173 914 249 947 Quod
265 913 383 941 Chrislus
401 921 450 939 non
464 918 518 939 erat
530 913 605 947 homo
617 910 754 947 θεοφρρος,
767 917 812 935 nec
827 907 955 947 simplici:

173 941 210 975 ὧν
232 952 259 976 in
281 950 383 975 [tantine
411 947 563 974 inhabilat‘il
585 946 652 972 Deus
670 941 808 974 ‘Verbum;
825 943 869 969 θεά
889 941 957 976 quod

174 985 255 1044 magis
268 992 329 1010 cura
345 984 378 1009 sit
391 983 499 1017 factum,
513 982 565 1008 sive
576 982 651 1007 homo
663 981 799 1014 perfectus,
818 978 958 1005 secundant

175 1036 182 1043 ι
196 1024 333 1044 ειίυτιιιγιι.

175 1027 333 1053 δειίρηιναε.

210 1087 261 1120 Qui
286 1086 364 1113 [idem
390 1085 489 1113 habent
515 1086 540 1111 in
568 1084 676 1112 Christo
705 1082 904 1110 immaculatatn
934 1084 961 1107 et

176 1132 258 1160 rectis
270 1131 396 1159 omnibus
407 1130 539 1165 suII'ragiis
556 1130 767 1164 comprobatam,
787 1128 878 1155 dicant
889 1127 961 1154 vide-

176 1179 238 1206 licet
256 1178 327 1212 quod
343 1178 437 1211 ipseex
452 1177 504 1203 Deo
515 1175 594 1203 Patre
607 1176 676 1203 Deus
691 1173 808 1202 Verbum
823 1174 849 1200 ιιι
867 1173 961 1199 exina-

177 1225 288 1251 nitatem
331 1222 518 1252 descenderit,
560 1222 673 1248 Iortnatu
706 1219 777 1247 servi
815 1219 960 1254 accipiens,

177 1270 367 1304 propriumque
387 1269 436 1296 sibi
451 1267 555 1294 faciens
578 1274 687 1301 corpus,
713 1265 785 1300 quod
806 1269 848 1292 est
869 1268 961 1291 natum

178 1323 210 1343 ex
222 1315 348 1349 Virgine;
361 1314 430 1348 quod
448 1313 535 1340 factus
550 1313 585 1340 sit
602 1312 683 1339 nostri
702 1311 807 1344 similis,
821 1316 848 1338 et
861 1317 964 1337 nuncu-

180 1365 258 1394 palus
268 1359 351 1386 Filius
364 1358 489 1386 houtinis.
505 1358 551 1384 Est
565 1361 654 1384 autem
665 1356 735 1383 Deus
746 1356 852 1391 quidem
866 1363 963 1382 secun-

180 1406 242 1431 dum
252 1405 373 1438 spiritum
389 1412 396 1436 ;
413 1404 492 1430 hotno
502 1409 590 1430 autem
604 1403 673 1429 idern
686 1402 832 1429 secundum
844 1408 962 1428 carnem.

182 1450 281 1477 Deinde
294 1450 398 1477 divinus
412 1449 511 1476 Paulus
523 1449 676 1476 Judazornm
696 1448 821 1482 populum
843 1448 963 1481 alloque-

182 1496 260 1523 batur
279 1497 391 1523 dicens:
407 1505 415 1521 t
432 1495 602 1522 Multifariatu
626 1495 770 1529 multisque
793 1494 880 1521 modis
902 1494 964 1520 olim

183 1542 252 1570 Deus
260 1542 371 1576 loquens
383 1543 504 1577 patribus
515 1542 540 1568 in
553 1542 701 1576 prophetis,
711 1541 864 1568 novissimis
874 1541 965 1567 diebus

184 1589 243 1616 istis
253 1588 357 1616 locutus
369 1592 409 1615 est
422 1589 499 1615 nobis
514 1589 539 1614 in
553 1588 619 1614 Filio
631 1587 661 1614 ⁸⁶.
684 1597 692 1613 ι
709 1588 739 1613 Iit
752 1594 867 1621 quonam
890 1586 968 1613 modo

184 1634 349 1669 intelligatur
366 1634 470 1661 locutus
489 1633 572 1661 fuisse
587 1633 656 1661 Deus
676 1638 702 1660 et
718 1633 798 1660 Pater
816 1632 969 1660 novissimis

184 1679 277 1706 diebus
293 1679 318 1705 itt
332 1679 422 1707 Filio?
442 1678 558 1705 Locutus
574 1683 615 1706 est
628 1679 699 1706 enim
715 1678 912 1713 antiquioribus
923 1685 970 1711 per

185 1730 271 1764 ipsum
292 1729 359 1755 dans
373 1727 469 1762 legem,
483 1733 510 1754 et
536 1728 635 1754 idcirco
647 1728 703 1761 ipse
723 1726 806 1753 Filius
824 1733 887 1753 suos
904 1725 970 1752 dicit

184 1782 245 1801 esse
260 1781 411 1804 sermones,
424 1781 471 1808 per
482 1773 708 1808 sapientissimum
721 1772 827 1808 Moysen
841 1772 968 1807 prolatos.

185 1819 228 1846 Ait
239 1819 309 1845 enim
326 1827 332 1845 :
353 1827 362 1843 t
377 1818 464 1845 Nolite
481 1824 574 1852 putare
589 1819 650 1853 quia
671 1819 731 1845 veni
755 1818 859 1845 solvere
873 1818 967 1853 legem,

186 1867 395 1901 autprophetas.
414 1864 471 1892 Non
486 1866 545 1892 veni
566 1865 679 1896 solvere.
701 1865 747 1892 sed
763 1865 883 1900 implere.
903 1864 969 1891 Dico

185 1912 257 1939 enim
277 1912 363 1944 vobis,
377 1912 430 1938 iota
442 1920 534 1943 untun,
548 1916 596 1938 aut
611 1919 679 1938 unus
694 1919 826 1946 apex-non
845 1910 969 1938 transibit

187 1967 200 1985 a
213 1959 371 1993 lege,donec
382 1959 471 1985 omnia
486 1959 559 1985 ﬁant.
573 1958 675 1986 Caelum
683 1963 711 1985 et
725 1962 793 1984 terra
808 1957 967 1988 transibunt,

187 2006 267 2032 verba
288 2009 376 2032 autem
400 2011 458 2032 mea
484 2012 535 2031 non
556 2005 707 2032 transibunt
726 2004 759 2030 ⁵⁷.
776 2013 784 2029 ι
802 2003 877 2030 Adde
887 2003 968 2030 etiam

187 2052 322 2085 prophetae
352 2058 443 2078 vocent
470 2059 477 2077 ι
508 2060 515 2075 ι
540 2049 599 2084 Ipse
634 2051 678 2084 qui
706 2050 844 2084 loquebar,
872 2053 969 2083 prtesto

187 2108 246 2128 sum
262 2100 294 2128 “.
314 2109 322 2125 ι
345 2099 416 2133 Ergo
440 2105 501 2124 eum
532 2097 617 2122 lactus
644 2101 686 2122 est
711 2095 794 2122 Filius
819 2096 844 2121 in
876 2101 968 2126 carne,

189 2153 252 2174 tttoc
276 2147 380 2173 loeutus
404 2149 446 2171 est
476 2145 551 2171 nobis
578 2144 658 2170 Pater
692 2143 717 2169 iIt
735 2142 802 2176 ipso,
836 2141 905 2168 sicut
932 2141 970 2167 ait

189 2193 282 2220 beatus
315 2190 423 2221 Paulus,
451 2189 603 2216 novissimis
628 2188 761 2215 diebus".
797 2186 849 2214 Sed
869 2194 902 2212 tte
921 2193 968 2220 pa-

189 2246 246 2264 tum
258 2237 410 2268 credamus,
427 2237 499 2270 quod
515 2228 570 2269 ipse
585 2235 620 2261 sit
634 2234 678 2260 ille
689 2234 733 2268 qui
748 2234 829 2260 etiattt
846 2237 907 2259 ante
920 2240 969 2258 sa:-

188 2284 248 2312 cula
279 2282 372 2315 Filius,
401 2282 489 2308 intulit
515 2282 628 2307 slatiut:
649 2280 723 2307 «Per
747 2287 825 2314 quem
854 2278 918 2305 fecit
944 2282 971 2303 et

188 2330 285 2358 steeula
301 2329 367 2361 ⁷⁸,ι
394 2327 563 2361 splendorem
591 2327 670 2353 etiam
690 2326 780 2359 gloria:
803 2329 830 2350 et
859 2324 970 2355 Iitturam

189 2373 346 2403 substantiae
362 2372 449 2398 Patris
466 2380 525 2398 esse
544 2378 758 2398 connuentorans
771 2370 803 2395 “.

226 2421 311 2448 Ilotno
327 2420 406 2454 igitur
420 2420 505 2446 Iactus
519 2423 558 2446 est
581 2424 644 2443 vere
664 2416 687 2443 is
707 2423 754 2449 per
771 2421 850 2449 quem
866 2413 930 2440 fecit
944 2417 971 2440 et

189 2468 285 2497 saeutla
301 2467 369 2495 Deus
384 2467 480 2498 Pater;
495 2470 521 2492 et
537 2473 599 2496 non,
616 2469 644 2489 ut
660 2460 778 2489 nonnulli
801 2459 974 2490 existimant,

190 2517 216 2542 itt
233 2514 341 2542 homine
359 2513 419 2545 fuit,
436 2518 463 2539 ut
485 2515 564 2538 homo
589 2508 751 2543 intelligatur
772 2514 787 2533 a
811 2505 887 2533 ttobis
910 2509 969 2531 tan-

189 2569 268 2595 quam
283 2559 365 2586 Deum
377 2556 478 2584 habens
491 2555 697 2582 inltabitautem.
714 2551 779 2577 Nam
793 2550 815 2576 si
830 2550 887 2576 haec
899 2551 971 2574 recte

189 2613 218 2632 se
234 2605 332 2632 habere
359 2609 419 2630 vere
433 2601 581 2630 conﬁdunt,
595 2602 814 2631 supervacaneus
825 2601 886 2620 esse
899 2593 969 2618 vide-

190 2652 261 2678 bitur
272 2650 367 2676 beatus
379 2647 541 2681 evangelista
560 2643 680 2671 Joannes
698 2642 791 2670 dicens
808 2647 815 2666 :
833 2648 842 2665 t
858 2639 890 2665 Et
905 2637 971 2666 Ver-

190 2698 252 2724 bum
268 2702 331 2722 earu
345 2694 443 2720 factum
455 2697 496 2719 est
510 2691 544 2718 ".
561 2700 570 2716 »
588 2689 637 2716 Ubi
651 2689 720 2714 enim
736 2686 882 2714 necessitas
895 2685 972 2710 ἐναν-

224 2769 246 2784 ⁶³
265 2767 345 2795 Hebr.
361 2775 398 2796 ιχ.
411 2764 454 2792 Ξ8.
493 2765 515 2780 ⁵⁵
532 2763 611 2791 Hebr.
627 2762 685 2794 1,1.
722 2761 742 2776 ⁸⁷
761 2761 854 2788 Matth.
870 2769 894 2791 v,
910 2760 951 2786 I7.

190 2805 211 2819 "
227 2804 304 2831 .loau.
320 2810 340 2833 ι,
353 2802 395 2828 Μ.
450 2801 473 2816 ⁷³
492 2800 575 2828 Levit.
594 2806 670 2833 νιιιιγι,
691 2797 733 2827 Ι⁰ὶ;
750 2797 757 2823 l
772 2798 833 2823 (lor.
861 2804 896 2828 vt,
915 2796 958 2824 16.

191 2839 212 2854 "‘
229 2839 237 2865 I
252 2839 314 2866 Cor.
328 2844 364 2869 vt,
383 2836 422 2863 I9.
587 2832 600 2840 ’

671 132 700 160 S.
720 127 857 158 CVRILLI
875 105 1110 155 Αιιῑχλκιιίιικι
1129 121 1288 150 ARCHIEP.

991 2760 1012 2775 ⁸⁸
1031 2759 1081 2785 Isa.
1097 2766 1146 2788 ιιι,
1159 2757 1184 2783 8.

1726 114 1736 139 ί
1742 113 1800 140 39‘!

1004 180 1192 218 ορωπήσεωςῗ
1205 180 1258 206 Aut
1271 183 1355 212 quare
1373 175 1540 202 incarnatttm
1554 171 1619 199 dicit
1631 170 1715 198 Deum
1730 170 1799 195 Ver-

1005 229 1078 258 bum,
1101 228 1122 254 si
1147 233 1198 252 nou
1220 225 1309 252 factus
1325 227 1367 249 est
1386 220 1470 247 caro?
1489 219 1536 246 Vis
1556 217 1800 251 ὲνανθρωπήσεως

1003 282 1030 302 et
1042 274 1158 301 similem
1171 271 1256 299 nostri
1267 278 1329 298 eum
1342 268 1443 295 factum
1455 273 1516 293 esse
1525 264 1671 299 signiﬁcat,
1685 268 1713 289 et
1722 269 1800 288 utan-

1004 320 1172 347 sissetamen
1190 317 1229 344 sic
1242 321 1347 350 quoque
1375 313 1462 348 ipsum
1489 317 1570 344 supra
1594 316 1658 340 nos,
1682 307 1739 334 itno
1752 314 1801 333 su-

1004 374 1052 401 pra
1069 366 1222 392 universam
1238 363 1323 397 ipsam
1336 364 1500 388 creaturam.

1040 412 1171 446 Oportere
1193 415 1280 436 atttetn
1301 406 1437 436 existimo,
1453 411 1484 431 ea
1504 411 1563 438 quzc
1578 402 1645 433 dixi,
1665 398 1801 433 exetnplis

1005 458 1086 484 etiatu
1108 455 1285 490 comprobare
1308 457 1335 479 et
1356 450 1530 486 persuadere,
1547 447 1619 482 quod
1633 446 1801 479 Uuigen‘ttus

1006 503 1096 530 factus
1114 502 1150 529 sit
1166 502 1256 530 homo,
1273 506 1300 526 et
1320 498 1355 525 sit
1369 496 1449 527 Deus,
1466 495 1546 522 etiant
1565 501 1625 520 cntu
1650 499 1747 522 carne,
1770 498 1802 516 ac

1007 557 1060 577 nou
1080 554 1184 576 tantum
1200 545 1358 574 inhabitarit
1375 543 1402 570 iu
1423 542 1543 571 homine,
1564 539 1697 573 (λεωφόρον
1712 538 1802 572 ipsum

1006 596 1134 626 eﬂicicns,
1153 599 1281 628 tanquam
1303 591 1380 622 alios,
1395 589 1440 623 qui
1456 587 1605 615 divinitatis
1622 585 1708 619 ipsius
1726 584 1803 610 fuere

1007 641 1161 678 participes.

1304 715 1380 742 CAP.
1400 713 1491 741 XVIII.

1009 777 1084 809 Quod
1098 775 1255 804 Emmanuel
1272 773 1354 800 Deum
1368 772 1486 798 habuerit
1499 771 1576 797 aliter
1592 768 1802 800 inhabitanlem,

1325 816 1403 843 quant
1424 815 1479 833 "08.

972 867 993 893 Β
1043 868 1087 895 Ait
1100 866 1198 895 alicubi
1214 866 1287 893 Deus
1305 865 1337 892 de
1358 864 1454 892 nobis:
1471 873 1481 890 t
1496 863 1655 890 Inhahitaho
1680 861 1708 888 in
1726 861 1802 895 ipsis,

1009 920 1035 942 et
1049 913 1231 944 iuantbulabo,
1252 916 1279 938 et
1295 918 1340 937 ero
1355 910 1422 944 ipsis
1439 909 1521 941 Deus,
1537 914 1562 934 et
1576 908 1624 942 ipsi
1640 912 1723 934 erunt
1737 906 1802 932 mihi

1010 960 1121 995 populus
1136 959 1169 985 ⁷³.
1188 967 1196 983 ι
1218 957 1272 983 Nec
1294 963 1346 983 non
1366 956 1448 982 etiam
1475 955 1531 989 ipse
1555 954 1686 980 Dominus
1711 957 1804 978 ttOstt‘r

1009 1005 1088 1033 Jesus
1101 1004 1225 1031 Christus
1243 1011 1249 1029 :
1273 1011 1282 1027 t
1299 1002 1367 1028 Ecce
1382 1009 1432 1036 ego
1456 1001 1552 1032 venio;
1570 1005 1597 1027 et
1612 1000 1633 1026 si
1654 999 1718 1033 quis
1737 998 1801 1024 tnilti

1010 1050 1156 1086 aperuerit,
1184 1049 1288 1076 intrabo
1311 1055 1371 1082 ego,
1397 1051 1425 1073 et
1446 1045 1514 1081 apud
1533 1053 1594 1072 cum
1622 1045 1752 1074 castrabo.
1778 1049 1804 1070 et

1011 1097 1100 1129 Pater,
1112 1101 1139 1123 et
1154 1096 1186 1122 ad
1201 1102 1262 1121 eum
1274 1094 1421 1124 veniemus,
1437 1097 1464 1119 et
1476 1091 1643 1118 mansionem
1657 1091 1729 1125 apud
1741 1097 1802 1116 eum

1013 1142 1184 1170 faciemus“.
1203 1151 1212 1168 ι
1233 1140 1367 1168 Nominati
1382 1146 1476 1166 sumus
1487 1138 1568 1165 etiam
1582 1137 1714 1171 templum
1735 1136 1801 1162 Dei:

1015 1200 1023 1215 t
1043 1190 1093 1217 Vos
1114 1188 1196 1220 enittt,
1223 1186 1318 1222 inquit,
1337 1185 1435 1219 templa
1449 1184 1515 1212 estis
1538 1183 1583 1210 Dei
1607 1183 1660 1209 vivi
1683 1183 1717 1207 ⁷⁵.
1735 1191 1743 1207 ι
1773 1181 1803 1208 Et

1014 1242 1106 1263 rursus
1118 1244 1123 1262 :
1134 1244 1142 1260 ι
1154 1233 1268 1262 Nescitis
1276 1239 1389 1267 corpora
1401 1235 1490 1258 vestra
1502 1229 1629 1264 templum
1646 1235 1707 1255 esse
1720 1228 1804 1262 Spiri-

1015 1286 1056 1308 tus
1070 1280 1166 1313 sancti,
1180 1279 1223 1314 qui
1237 1283 1278 1306 est
1297 1278 1321 1305 itt
1337 1277 1422 1309 vobis,
1435 1283 1512 1310 quem
1526 1275 1630 1302 habetis
1641 1283 1656 1300 ξι
1668 1274 1725 1300 Deo
1735 1274 1779 1300 "2
1793 1283 1802 1298 ι

1018 1327 1114 1354 Verum
1126 1327 1146 1353 si
1160 1326 1196 1352 ita
1210 1325 1295 1357 aiunt,
1307 1324 1392 1358 ipsutn
1411 1329 1518 1357 quoque
1531 1329 1559 1348 sc
1575 1321 1676 1348 habere
1695 1319 1805 1346 Emma-

1015 1373 1267 1405 nuel,et,tanquam
1279 1374 1497 1403 unumquemque
1507 1373 1639 1399 nostrum,
1651 1365 1806 1392 inhabitan-

1017 1423 1069 1444 tcut
1079 1417 1104 1444 in
1114 1424 1173 1444 sese
1183 1416 1265 1442 Deum
1277 1414 1415 1446 habuisse,
1430 1417 1521 1447 aperte
1531 1412 1733 1445 conﬁteantur;
1745 1419 1805 1437 ctttu

1017 1462 1102 1496 ipsum
1128 1460 1236 1487 adorari
1259 1459 1439 1492 conspiciunt,
1459 1462 1512 1484 tam
1531 1465 1545 1483 a
1569 1456 1657 1488 nobis,
1674 1464 1757 1490 quam
1773 1455 1806 1482 ab

1017 1507 1128 1543 angelis,
1144 1506 1170 1533 iu
1189 1505 1256 1533 ctelo
1271 1506 1371 1540 pariter
1386 1508 1412 1531 et
1425 1503 1450 1530 iu
1469 1508 1551 1535 terra,
1567 1502 1734 1529 erubescant
1747 1506 1806 1528 tan-

1019 1562 1097 1589 quam
1121 1553 1226 1580 diversa
1251 1551 1392 1586 alienaqttc
1417 1549 1573 1581 sentientes,
1589 1553 1617 1575 et
1640 1548 1806 1575 Litterarum

1019 1607 1158 1627 sacrarunt
1179 1598 1344 1632 propositum
1363 1597 1523 1627 nescientes,
1546 1602 1595 1622 nec
1620 1595 1755 1621 habentes
1781 1593 1806 1619 in

1019 1653 1048 1673 se
1065 1645 1154 1676 Iidem,
1172 1651 1251 1679 quant
1271 1643 1348 1670 nobis
1365 1642 1542 1673 tradiderunt,
1566 1641 1612 1675 qui
1631 1640 1658 1667 itt
1675 1639 1807 1673 principio

1019 1695 1046 1718 et
1059 1691 1193 1722 viderunt,
1211 1693 1238 1715 et
1254 1688 1475 1714 ministraverqu
1495 1685 1592 1712 Verbo.

1055 1736 1084 1763 Si
1105 1741 1194 1762 autem
1216 1735 1316 1766 dicaut,
1334 1733 1405 1768 quod
1422 1736 1562 1767 propterea
1585 1731 1655 1758 Deus
1671 1730 1719 1763 sit,
1738 1735 1763 1757 et
1780 1734 1807 1756 ut

1020 1783 1090 1809 Deus
1104 1781 1279 1816 gloriticetnr,
1297 1781 1359 1814 quia
1377 1779 1402 1806 in
1416 1786 1448 1806 eo
1460 1783 1562 1804 tantunt
1579 1777 1745 1804 iuhabitatit
1761 1776 1804 1803 Dei

1018 1829 1106 1857 Patris
1127 1828 1262 1859 Verhtnu,
1282 1833 1313 1853 ac
1330 1833 1381 1853 nou
1404 1829 1556 1860 propterea,
1577 1824 1641 1858 quia
1661 1823 1752 1850 I‘actns
1772 1823 1806 1850 sit

1020 1876 1118 1907 homo;
1130 1874 1239 1901 audient
1252 1880 1344 1900 rursus
1359 1880 1372 1899 a
1386 1871 1462 1898 nobis
1477 1870 1523 1897 :Si
1536 1870 1580 1904 iis,
1592 1870 1638 1904 qui
1652 1869 1804 1895 inhabitan-

1021 1927 1073 1949 tem
1092 1921 1116 1948 iu
1137 1928 1165 1947 se
1179 1919 1262 1946 Deum
1279 1918 1432 1951 habuerint,
1447 1916 1511 1944 satis
1522 1921 1573 1945 est.
1587 1919 1615 1942 ttt
1630 1915 1732 1942 idcirco
1745 1922 1805 1941 vere

1019 1969 1055 1996 dii
1073 1975 1133 1995 esse
1146 1967 1258 2002 possint,
1273 1969 1300 1992 et
1314 1965 1347 1992 ab
1365 1963 1519 1990 hominibus
1539 1962 1698 1993 adorentur,
1714 1968 1806 1987 omnes

1019 2021 1086 2042 sane
1103 2013 1190 2048 angeli
1207 2012 1384 2044 hominesque
1399 2011 1454 2036 siut
1474 2009 1508 2036 dii
1522 2013 1549 2035 et
1565 2007 1714 2038 adorandi;
1730 2007 1806 2033 inha-

1020 2060 1168 2088 bitatenim
1188 2059 1257 2085 Dctts
1275 2058 1300 2084 in
1317 2055 1417 2083 sanctis
1428 2053 1540 2088 angelis.
1562 2052 1710 2079 llabuiutus
1726 2052 1806 2078 etiam

1021 2113 1069 2133 nos
1086 2105 1174 2140 ipsmn
1190 2104 1215 2130 in
1232 2103 1309 2130 nobis
1322 2109 1369 2137 per
1383 2101 1515 2134 Spiritum
1531 2104 1671 2132 sanctum;
1691 2099 1739 2125 sed
1754 2106 1805 2124 non

1020 2151 1118 2179 sufﬁcit
1131 2151 1181 2177 hoc
1195 2149 1347 2179 ostendere,
1366 2151 1460 2173 natura
1472 2145 1536 2172 deos
1547 2150 1573 2171 ct
1595 2144 1748 2171 adorandus
1763 2151 1806 2170 eos

986 2212 1008 2239 Β
1022 2198 1066 2232 qui
1085 2197 1183 2224 habent
1201 2194 1331 2229 Spiritum
1346 2197 1480 2219 sanetum.
1499 2191 1582 2225 Igitur
1598 2198 1650 2217 non
1666 2194 1806 2224 propterea

1021 2242 1093 2269 Deus
1111 2247 1162 2272 est,
1176 2247 1202 2267 et
1216 2240 1369 2267 adorandus
1383 2236 1552 2269 Emmanuel,
1564 2237 1636 2271 quod
1651 2236 1808 2263 iubabitarit

1020 2289 1046 2315 itt
1064 2295 1106 2318 eo.
1133 2293 1258 2321 tanquam
1284 2287 1310 2312 itt
1336 2284 1442 2312 homine
1465 2283 1611 2314 communi,
1637 2287 1665 2310 et
1687 2289 1807 2309 seorsum

1021 2333 1195 2368 intelligendo
1219 2337 1246 2359 et
1262 2333 1288 2358 itt
1304 2336 1378 2366 parte
1399 2331 1481 2357 Deum
1505 2328 1639 2361 Verbum;
1664 2328 1712 2354 sed
1737 2327 1808 2361 quod

1021 2380 1120 2406 factum
1143 2379 1179 2406 sit
1191 2385 1266 2410 caro,
1286 2378 1380 2408 idest,
1398 2376 1479 2402 honto
1498 2384 1504 2402 :
1530 2375 1628 2402 mansit
1643 2374 1716 2402 ettint
1740 2374 1808 2400 idem

1020 2429 1047 2452 et
1060 2425 1139 2457 Deus,
1156 2430 1183 2452 et
1196 2422 1360 2450 adorandus.

1282 2489 1362 2525 792
1381 2487 1458 2516 car.
1477 2486 1547 2513 Χιλ.

1059 2551 1136 2577 Dicta
1155 2549 1300 2583 apostolica
1318 2546 1456 2609 ing/uitia:
1477 2545 1546 2572 Deus
1565 2543 1718 2570 nominatus
1738 2547 1775 2569 est

1380 2587 1479 2608 mstus.

1380 2587 1479 2608 ΠΙδΙΙιδ.

1062 2642 1099 2669 De
1113 2640 1243 2676 mysterio
1259 2638 1351 2665 dicens
1366 2636 1512 2664 secundum
1530 2634 1669 2662 Christum
1686 2642 1692 2660 :
1711 2642 1720 2658 t
1736 2632 1810 2666 Quod

1021 2689 1090 2720 aliis,
1098 2686 1195 2721 inquit,
1207 2683 1428 2720 generationibus
1436 2689 1489 2708 non
1499 2685 1540 2708 est
1550 2679 1672 2715 agnitum
1683 2678 1747 2705 ﬁliis
1762 2677 1810 2704 lto-

1471 2752 1494 2767 "
1512 2750 1578 2778 ibid.
1591 2750 1619 2776 2.
1660 2750 1683 2765 ἰ
1704 2749 1770 2776 ibid.
1783 2748 1809 2775 5.

1568 2786 1591 2801 ⁷⁸
1610 2785 1619 2812 I
1634 2784 1698 2812 Cor.
1713 2792 1755 2816 III,
1771 2784 1810 2810 Π.

1234 2755 1254 2770 ³⁸
1273 2753 1354 2781 Hebr.
1370 2761 1390 2784 ι,
1406 2753 1430 2779 ’I.

1015 2795 1036 2810 ⁷”
1055 2796 1137 2829 Apoc.
1160 2799 1198 2824 ιιι,
1226 2790 1274 2822 20;
1302 2789 1379 2816 Joan.
1396 2795 1449 2820 xlv,
1478 2788 1520 2814 16.
