1907 3038
92 229 162 256 1395

554 230 696 257 δαιιιιιιλ
720 230 763 256 lii".
781 230 1039 258 lNCAllNATlONE
1061 229 1244 258 UNIGENFTI.

1655 230 1721 257 1596

91 287 362 319 Ininuin,sicntnuue
373 287 518 314 revelatum
529 288 679 315 estsanctis
689 289 874 323 apostolis".i
893 290 915 317 Λ
932 297 940 313 ι
958 287 1090 323 Apparuit
1102 288 1173 315 enim
1187 288 1270 323 gratia
1286 287 1332 314 Dei
1349 287 1492 314 salvatoris
1507 287 1642 318 omnibus,
1658 294 1722 314 eru-

92 333 146 360 Et:
173 342 183 358 ι
199 332 355 368 Mysterium
373 335 444 368 quod
469 335 656 361 absconditum
680 335 731 362 fuit
744 343 758 362 a
776 335 882 363 saeculis

91 384 120 405 et
134 379 365 413 generationibus,
383 387 453 407 nunc
465 384 556 407 autem
574 380 745 407 manifestato
763 386 805 408 est
817 388 880 407 san-

89 423 142 450 ctis
157 423 225 457 ejus,
241 424 339 459 quibus
353 425 437 452 voluit
452 426 572 453 revelare
589 426 696 453 divitias
712 427 804 461 gloria:
822 434 881 462 my-

89 471 166 498 sterii
182 471 260 504 hujus
272 471 300 498 in
312 472 449 506 gentibus,
464 473 536 507 quod
553 478 593 500 cst
607 473 743 507 Christus,
761 475 787 501 in
806 474 882 502 vobis

89 523 153 550 spes
176 516 278 551 gloriae,
294 525 374 551 quem
396 526 446 545 nos
466 519 699 546 annuntiainus".
720 530 728 546 I
748 521 776 547 Si
802 521 883 555 igitur

89 567 133 589 est
154 562 294 598 θεοφόρος,
310 569 335 591 et
353 572 406 591 non
427 565 498 592 Deus
519 573 593 597 vere,
609 567 746 600 quomodo
767 567 822 601 ipse
841 571 882 594 est

88 607 193 635 divitiae
207 609 298 643 gloriae
317 611 449 644 mystcrii,
463 612 534 645 quod
548 612 723 639 annuutiatur
738 613 884 648 gentibus?

92 652 139 679 Vel
157 655 291 688 quomodo
304 655 414 683 omnino
428 657 497 684 Deus
509 658 706 685 annnutiatur?

411 711 486 738 CAP.
505 711 563 739 ΧΧ.

442 769 532 795 Aliud.

129 829 138 845 I
157 820 222 848 \‘olo
236 822 308 849 cnim
326 830 373 850 vos
390 823 462 851 scire
480 825 588 860 qualem
604 827 814 856 sollicitudinem
835 832 882 858 ba-

90 865 168 892 heam
189 875 236 901 pro
248 868 323 895 vobis
334 874 361 895 et
377 877 424 904 pro
439 870 471 898 iis
483 871 528 905 qui
541 878 602 899 sunt
615 873 764 908 Laodicea',
778 881 804 903 et
819 878 880 911 qui-

89 919 197 946 cunque
224 921 276 940 non
305 915 430 943 viderunt
447 916 542 944 facient
572 927 658 946 Ineam
684 921 710 948 in
737 930 828 954 carne,
854 929 882 950 ιιι

90 958 267 986 (‘unsolentnr
282 961 363 988 corda
389 962 520 996 ipsorum,
539 965 663 1003 instructi
688 968 713 993 in
736 968 880 1002 charitatc,
899 969 918 995 Β

89 1008 116 1050 et
130 1003 156 1030 in
172 1012 265 1032 omnes
278 1006 384 1034 divitias
399 1009 575 1042 plenitudinis
588 1012 750 1045 intellectus,
766 1015 792 1042 in
807 1017 881 1050 agni-

92 1048 193 1076 tionem
218 1051 338 1085 mystcrii
356 1051 403 1080 Dei
430 1054 530 1082 Christi
548 1055 581 1082 ⁷⁸.
599 1065 608 1081 i
630 1056 698 1085 Ecce
724 1048 879 1094 mysterium

92 1094 150 1126 Dei,
165 1097 321 1130 mysterium
340 1099 461 1126 nominat
472 1100 582 1133 Christi,
595 1110 621 1130 ct
638 1104 716 1137 plene
731 1105 879 1140 intelligere

88 1141 219 1174 quosdam
233 1142 290 1169 vult
305 1143 330 1170 in
345 1145 508 1179 agnitionem
524 1147 618 1181 ipsius.
634 1149 692 1182 Quo
703 1150 784 1183 igitur
800 1152 879 1180 intel-

90 1186 161 1213 lectu
184 1195 251 1222 opus
268 1194 338 1221 erat,
365 1190 516 1219 volentibus
533 1193 632 1220 Chriin
657 1197 814 1230 mysterium
840 1198 880 1224 di-

87 1239 179 1265 scere,
193 1233 214 1259 si
233 1233 341 1261 fuerant
358 1237 487 1270 audituri,
508 1240 578 1272 quod
602 1240 765 1269 inhabitarct
789 1243 814 1269 in
833 1244 880 1270 lio-

88 1277 163 1304 mine
183 1277 274 1305 Deus?
297 1279 370 1314 Opus
391 1287 432 1309 est
453 1287 542 1311 autem
569 1286 652 1312 nimio
678 1288 825 1321 intellectu,
852 1296 880 1316 nt

87 1322 161 1349 scias
174 1327 267 1351 contra
283 1327 355 1359 quod
377 1326 505 1361 Verbum,
531 1337 592 1356 cum
620 1331 656 1358 sit
681 1333 760 1365 Deus,
779 1333 879 1362 factum

87 1369 123 1396 sit
142 1369 234 1396 homo.

401 1429 476 1458 CAP.
498 1431 567 1459 XXI.

446 1488 535 1515 Aliud.

129 1550 138 1566 ι
159 1541 177 1566 Α
195 1541 269 1569 vobis
286 1542 356 1569 enim
374 1545 462 1570 sonuit
477 1552 566 1572 seruio
582 1546 698 1580 honuni,
717 1557 769 1576 non
791 1551 877 1580 solum

88 1586 116 1612 in
133 1585 289 1614 Macedonia
306 1593 332 1615 et
344 1589 461 1624 Achaia;
477 1592 523 1618 sed
536 1593 608 1620 omni
625 1594 683 1622 loco
696 1596 761 1623 lldcs
777 1603 878 1632 vestra,

88 1641 150 1666 qum
166 1639 207 1660 est
221 1634 254 1661 ad
275 1634 370 1668 Deum,
384 1637 466 1664 exivit
481 1637 514 1665 ⁸ο.
532 1647 540 1664 ι
560 1639 628 1667 Ecce
643 1641 739 1668 iterum
756 1643 780 1670 in
796 1644 878 1674 Deum
894 1653 915 1681 (ι

89 1679 169 1706 tidem
184 1680 281 1708 factam
302 1689 363 1709 esse
379 1691 582 1718 commemorat,
596 1689 746 1715 enmetiam
758 1684 883 1720 Christus

88 1726 176 1753 dicat:
192 1735 200 1752 ι
217 1727 265 1760 Qui
282 1729 370 1755 credit
385 1729 410 1756 in
424 1738 476 1763 tne,
489 1730 570 1758 habet
582 1732 662 1760 vitam
679 1739 806 1763 aeternam
819 1737 853 1765 ⁸³.
871 1750 880 1764 ι

88 1773 248 1801 Sermonem
264 1779 354 1802 autem
370 1777 587 1810 pr1cdicationem
605 1779 669 1807 dicit
686 1782 717 1808 de
733 1782 830 1817 seipse.

757 1826 760 1835 l

394 1843 435 1870 CA
441 1844 469 1871 P.
492 1844 574 1873 XXII.

439 1900 531 1929 Aliud.

127 1963 137 1979 Ι
157 1955 209 1988 ipsi
236 1957 306 1983 enim
332 1958 407 1985 scitis
425 1959 566 1986 introitum
591 1966 711 1989 nostrum
730 1965 799 1998 apud
821 1973 879 1997 vos,

86 2000 216 2035 quoniam
241 2010 293 2029 non
310 2003 398 2031 inanis
418 2004 488 2037 fuit;
509 2006 555 2032 sed
571 2011 634 2034 ante
653 2009 734 2034 multa
757 2011 840 2044 passi,
854 2016 880 2037 et

86 2048 262 2076 contumeliis
278 2048 377 2081 alfecti.
396 2050 465 2078 sicut
476 2052 563 2084 scitis,
581 2052 606 2080 in
625 2052 767 2088 Philippis,
784 2056 876 2082 conl‘isi

87 2092 190 2120 fuimus
204 2094 229 2120 in
245 2095 300 2122 Deo
319 2096 435 2130 colloqui
451 2097 483 2124 ad
502 2105 549 2125 vos
570 2099 744 2135 Evangelium
763 2102 807 2129 Dei
821 2103 854 2128 δ’.
866 2112 875 2128 ι

86 2137 159 2166 Ecce
179 2139 291 2174 loquens
306 2141 331 2168 in
354 2142 420 2176 Deo,
442 2143 488 2170 Dei
513 2144 685 2180 Evangelium
701 2149 876 2181 memoravit;

86 2185 134 2219 qui
147 2186 275 2220 prtedicat
293 2187 420 2222 gentibus
434 2189 583 2218 Christum.

387 2254 463 2283 CAP.
484 2255 576 2284 XXII}.

437 2311 530 2340 Aliud.

127 2377 138 2394 ι
148 2367 348 2401 Recordamini,
359 2369 467 2403 fratres,
478 2369 596 2398 laborem
608 2375 728 2398 nostrum
740 2377 767 2398 et
779 2380 875 2399 aerum-

85 2424 160 2447 nam,
179 2421 259 2443 nocte
272 2420 298 2442 et
312 2415 353 2442 die
365 2421 521 2451 operantes,
537 2425 569 2443 ne
581 2425 659 2451 quem
676 2421 795 2445 vestrum
809 2426 872 2452 gra-

84 2469 223 2493 varcmus;
236 2462 438 2496 prmdieavimus
450 2462 621 2497 Evangelimn
631 2462 677 2490 Dei
691 2463 758 2490 inter
769 2463 866 2491 vos”.i

85 2506 121 2534 Et
137 2506 234 2533 iterum
251 2512 257 2530 :
278 2515 288 2531 ‹
302 2505 447 2540 Propterea
469 2511 496 2533 et
512 2514 562 2534 nos
577 2506 678 2542 gratias
698 2507 802 2542 agimus
819 2507 871 2535 Deo

83 2553 146 2579 sine
171 2552 391 2584 intermissione;
417 2553 543 2587 quoniam
567 2561 628 2579 cum
646 2553 833 2588 percepissetis
856 2562 871 2580 a

83 2597 166 2625 nobis
179 2598 406 2629 vcrbum,auditn
423 2597 468 2625 Dei
488 2598 641 2632 excepistis,
655 2607 706 2626 non
721 2604 748 2626 ιιι
761 2600 871 2627 verbum

83 2642 237 2675 hominum,
252 2643 298 2670 sed
312 2647 341 2669 ιιι
353 2643 462 2670 verbmn
478 2643 535 2676 Dei,
549 2644 593 2678 qui
605 2649 732 2678 operatur
747 2645 774 2671 in
785 2645 871 2677 vobis,

82 2689 131 2723 qui
153 2689 306 2716 credidistis
329 2689 362 2716 ⁸³.
381 2699 390 2715 ι
416 2689 512 2716 Nonne
533 2690 673 2717 evidenter
698 2691 872 2725 Evangelium

84 2733 149 2766 Dei,
161 2738 185 2761 et
204 2735 249 2762 Dei
266 2736 376 2762 verbum
392 2735 609 2769 przcdicationem
628 2736 661 2762 de
678 2736 787 2764 Christo
797 2744 872 2764 cem-

83 2780 239 2807 memorat?
253 2781 350 2815 quippe
364 2781 389 2807 id
401 2780 525 2808 onmibus
542 2781 792 2809 manifestissimum
807 2786 847 2809 est
863 2790 871 2808 ε

122 2883 145 2898 ⁷⁷
163 2882 259 2916 Ephcs.
277 2890 315 2914 ιιι,
330 2883 355 2909 ὃ.
395 2884 416 2898 ⁷⁸
431 2883 532 2911 Coloss.
549 2892 567 2915 I,
580 2885 624 2912 ‘26.

84 2919 109 2933 ’³
129 2917 250 2944 [The-ss.
268 2926 296 2948 ιι,
311 2918 335 2943 6.
393 2918 414 2933 ⁸³
443 2919 505 2945 ibid.
524 2920 564 2946 13.

84 2955 107 2968 ""
119 2951 207 2981 σευ-ιι.
224 2960 242 2985 I,
256 2954 281 2979 li.
321 2953 342 2968 π’
360 2953 423 2980 ibid.

664 2885 686 2899 "’
703 2885 805 2911 Coloss.
821 2892 849 2915 it,
865 2885 888 2911 l.

621 2920 653 2935 ἰ·
672 2919 723 2946 'l‘it.
744 2928 782 2961 _u,
818 2921 859 2947 ll.
899 2920 920 2935 ”
938 2919 1036 2947 Jcrem.
1063 2927 1081 2951 t,
1104 2920 1129 2946 5.

933 336 1008 362 diens
1026 343 1084 368 nos,
1103 340 1132 362 ut
1155 336 1319 367 abnegantes
1343 335 1509 369 impietatem
1537 340 1564 362 et
1580 335 1720 362 saecularia

932 381 1076 413 desideria,
1105 380 1195 408 sobrie
1218 387 1244 408 et
1264 380 1337 413 jnste
1351 385 1378 408 et
1395 382 1438 416 pie
1462 382 1595 412 vivamus,
1621 380 1646 407 in
1673 380 1723 407 hoc

932 427 1042 458 swenlo,
1068 432 1258 460 exspectant-'5
1283 427 1389 454 beatam
1415 434 1502 462 spem,
1524 431 1552 454 et
1576 426 1720 453 adventum

932 471 1024 506 gloria:
1035 473 1121 507 magni
1132 472 1176 500 Dei
1185 477 1211 499 et
1221 472 1368 500 Salvatoris
1378 472 1462 499 nostri
1473 471 1536 499 Jesu
1549 472 1649 499 Christi
1660 470 1720 497 ⁸⁸⁸.»

933 518 1003 545 Ecce
1024 518 1104 552 Deus,
1128 523 1157 546 et
1178 527 1302 554 magnus,
1328 519 1484 554 plenissime
1503 519 1656 545 nominatus
1681 523 1724 545 est

935 565 1064 592 Dominus
1077 571 1170 593 uoster
1182 565 1260 593 Iesus
1275 566 1400 593 Christus
1415 575 1422 593 :
1436 566 1491 600 ipse
1504 570 1545 592 est
1562 566 1633 591 enim
1645 564 1722 598 cujus

933 611 1075 637 adventum
1101 611 1193 645 gloria:
1225 617 1433 646 exspectantes,
1463 612 1552 638 sobrie
1580 612 1670 637 vivere
1695 615 1723 637 et

933 657 1207 691 irreprebensibiliter
1239 658 1408 685 festinamus.
1438 657 1491 684 Sed
1521 658 1543 683 si
1575 662 1617 683 est
1639 657 1721 683 homo

933 701 1073 737 θεοφόρος,
1090 704 1226 736 quomodo
1240 704 1274 730 sit
1289 711 1401 738 magnus
1416 703 1506 729 Deus?
1523 701 1568 729 Vel
1588 702 1723 736 quomodo

933 747 1011 775 beata
1029 755 1091 783 spes
1106 748 1131 774 in
1144 749 1226 775 eum?
1239 747 1377 782 Siquidem
1393 755 1474 775 verus
1486 753 1528 775 est
1545 747 1671 781 profecto.
1678 746 1722 773 Je-

934 793 1032 820 remias
1045 793 1158 820 dicens:
1180 802 1189 818 ι
1209 793 1367 820 Maledictus
1383 794 1428 828 qui
1448 800 1522 828 spem
1548 801 1625 820 suam
1647 793 1723 827 ponit

933 839 959 865 in
976 839 1084 865 homine
1097 839 1129 864 ⁸⁵.
1147 848 1156 864 ι
1176 838 1269 874 Neque
1279 840 1350 866 cnim
1367 839 1448 866 Deum
1465 840 1549 873 ipsum
1566 839 1651 873 pessit
1663 838 1722 865 elli-

933 892 1004 917 cere,
1020 890 1050 912 ut
1070 890 1135 912 ante
1148 885 1215 916 dixi,
1235 886 1260 912 id
1279 886 1350 920 quod
1368 892 1410 913 est
1434 887 1515 913 Deum
1536 891 1654 920 portare.
1672 885 1722 912 De-

934 931 1015 964 nique
1031 931 1146 958 doceant
1158 939 1218 963 nos,
1236 931 1298 965 quid
1313 932 1438 966 impediat
1453 931 1519 958 alios
1532 931 1613 958 etiam
1629 939 1722 957 mnnes

934 978 998 1005 deos
1014 984 1080 1004 esse
1097 982 1123 1004 et
1136 977 1300 1009 adorandus,
1313 978 1357 1012 qui
1375 978 1400 1003 in
1416 984 1445 1004 so
1461 977 1603 1003 habuerint
1619 976 1723 1004 Deum!

933 1023 1016 1050 Deum
1034 1028 1122 1050 autent
1139 1028 1166 1050 et
1184 1031 1308 1059 magnum
1325 1028 1350 1050 et
1367 1024 1487 1054 beatum,
1504 1023 1645 1050 habentem
1662 1024 1722 1050 illu—

933 1070 1106 1097 minutionem
1129 1070 1266 1097 Christum
1286 1070 1405 1096 nominat
1431 1070 1525 1096 beatus
1542 1069 1652 1101 Paulus,
1677 1070 1721 1103 qui

933 1116 1068 1143 invenitur
1079 1116 1172 1143 dicens
1186 1116 1219 1143 de
1230 1115 1331 1143 Iudicis
1343 1121 1369 1142 et
1381 1115 1541 1142 Emmanuel
1555 1124 1562 1141 :
1578 1124 1587 1140 ‹
1603 1114 1721 1147 Quorum

932 1167 1033 1195 patres,
1051 1166 1075 1188 ct
1093 1165 1294 1193 testamentum,
1312 1167 1338 1188 et
1355 1161 1559 1195 promissioncs,
1576 1165 1646 1187 etex
1660 1161 1721 1195 qui-

932 1208 981 1235 bus
998 1208 1123 1235 Christus
1143 1208 1292 1235 secundum
1310 1214 1431 1240 carnem,
1448 1207 1493 1240 qtii
1511 1211 1550 1233 est
1569 1215 1649 1240 super
1664 1215 1722 1233 om-

933 1254 974 1280 nia
992 1253 1148 1280 benedictus
1164 1260 1189 1279 ιιι
1205 1253 1302 1279 saecula
1321 1252 1493 1279 sasculornm.
1513 1253 1599 1279 Amen
1621 1252 1654 1278 "°.
1674 1262 1684 1278 ›

966 1299 1042 1332 Quod
1067 1306 1132 1326 vero
1149 1299 1295 1326 secundum
1323 1299 1440 1325 divinam
1468 1299 1659 1324 rcvclationem
1681 1299 1720 1324 fa—

931 1346 1017 1372 ciebat
1034 1345 1266 1379 prmdicationem,
1281 1345 1450 1379 perspicuum
1466 1343 1506 1375 lit,
1522 1344 1579 1378 ipso
1594 1343 1700 1370 dicente
1713 1353 1720 1370 ι

934 1399 944 1415 ‹
967 1390 1068 1417 Deinde
1090 1394 1149 1425 post
1165 1397 1250 1416 annos
1267 1389 1471 1424 quattuordecim
1491 1389 1587 1415 iterum
1612 1390 1720 1416 asecndi

932 1436 1144 1472 Hierosolymam
1161 1443 1222 1462 cum
1242 1435 1377 1466 Barnal-a,
1390 1440 1529 1469 assumpto
1549 1435 1630 1461 etiam
1648 1433 1719 1461 Tito.

931 1482 1044 1509 Ascendi
1067 1487 1156 1508 autem
1178 1483 1325 1509 secundum
1346 1480 1549 1512 revelationeni,
1565 1485 1592 1507 et
1609 1480 1719 1513 exposui

931 1527 971 1555 eis
993 1527 1179 1562 Evangelium,
1201 1527 1272 1561 quod
1295 1527 1413 1561 pncdico
1430 1525 1574 1561 gentibus;
1599 1533 1720 1552 seorsum

931 1579 1020 1601 autem
1048 1574 1079 1600 iis
1103 1574 1148 1608 qui
1173 1573 1336 1600 videbantur
1348 1572 1449 1607 aliquid
1468 1579 1538 1604 esse,
1557 1579 1591 1598 ne
1611 1572 1680 1599 forte
1695 1572 1720 1598 in

931 1627 1044 1646 vacuum
1055 1627 1205 1650 currerent,
1219 1623 1264 1646 aut
1276 1619 1456 1646 cucurrissent
1473 1618 1506 1645 ".
1527 1628 1535 1645 ι
1548 1618 1628 1653 793
1641 1618 1721 1645 Chri-

933 1671 1004 1692 stum
1017 1666 1168 1700 praedicans
1183 1666 1317 1701 gentibus,
1335 1670 1363 1692 ιιι
1382 1665 1477 1697 Deum,
1495 1665 1614 1692 divinum
1632 1666 1719 1692 nomi-

934 1717 980 1738 nat
994 1712 1078 1745 ipsius
1097 1711 1195 1746 ubique
1215 1712 1383 1746 mysterium.
1405 1712 1533 1738 Ascendit
1552 1719 1599 1745 per
1617 1711 1721 1738 revela-

934 1758 1032 1784 tioncln
1059 1757 1284 1792 Hierosolymam,
1306 1761 1333 1784 et
1357 1758 1484 1791 exposuit
1506 1757 1549 1783 his
1570 1757 1616 1791 qui
1647 1757 1721 1783 vidc—

933 1803 1032 1829 bantur
1046 1801 1146 1837 aliquid
1168 1809 1239 1833 esse,
1260 1801 1284 1828 id
1300 1806 1351 1833 est,
1377 1801 1480 1828 sanctis
1502 1801 1643 1836 apostolis,
1664 1802 1721 1828 sive

932 1848 1082 1882 discipulis,
1100 1855 1134 1875 ne
1151 1848 1220 1874 forte
1236 1847 1262 1874 in
1279 1854 1391 1874 vacuum
1412 1852 1514 1874 currat.
1529 1848 1596 1875 Cum
1610 1855 1673 1874 vero
1687 1847 1720 1873 ab

933 1892 1127 1927 Hierosolymis
1143 1892 1338 1922 descendisset,
1355 1896 1382 1918 et
1406 1899 1499 1918 rursus
1521 1892 1640 1925 gentium
1657 1900 1719 1925 gre—

931 1939 1009 1971 gibus
1024 1937 1202 1969 interfuisset,
1214 1936 1403 1963 emcndavitne
1415 1936 1514 1970 aliquid
1525 1944 1555 1962 ex
1569 1936 1720 1969 prioribus?

930 1984 1024 2012 Nonne
1043 1983 1225 2018 perseveravit
1249 1982 1332 2008 Deum
1353 1982 1485 2008 conlitens
1497 1981 1657 2008 Christum?
1671 1981 1719 2007 At-

930 2038 982 2066 que
996 2030 1056 2058 idco
1073 2029 1167 2056 scribit
1180 2028 1340 2063 quibusdam
1363 2036 1370 2054 :
1388 2037 1398 2054 ‹
1417 2027 1499 2054 Miror
1517 2028 1588 2061 quod
1606 2028 1645 2054 sic
1664 2029 1717 2054 cllo

931 2075 1126 2103 transferimini
1142 2074 1175 2102 ab
1189 2081 1230 2106 eo,
1246 2074 1290 2107 qui
1313 2080 1360 2100 vos
1378 2074 1483 2100 vocavit
1500 2073 1525 2100 in
1542 2073 1612 2099 aliud
1636 2080 1718 2099 cvan-

929 2123 1039 2158 gelium,
1057 2121 1128 2156 quod
1146 2127 1197 2147 non
1210 2124 1250 2147 est
1265 2119 1347 2150 aliud,
1361 2119 1412 2146 nisi
1430 2119 1511 2154 aliqui
1531 2123 1593 2146 sunt
1608 2125 1718 2145 conlur-

929 2169 1023 2196 bantes
1037 2175 1084 2194 vos
1099 2171 1125 2194 et
1139 2166 1259 2194 volentes
1277 2170 1435 2193 convertere
1452 2164 1624 2200 Evangelinm
1639 2164 1716 2191 fibri-

928 2215 961 2243 sli
980 2214 1014 2240 ".
1033 2223 1041 2239 I
1064 2213 1109 2240 Ait
1131 2217 1220 2239 autem
1246 2211 1343 2239 iterum
1368 2220 1374 2237 :
1401 2221 1410 2237 ι
1432 2210 1484 2238 Sed
1511 2211 1562 2238 etsi
1594 2219 1642 2237 nos
1671 2216 1718 2237 aut

928 2261 1039 2295 angelus
1063 2260 1097 2286 de
1121 2258 1190 2285 caelo
1214 2257 1441 2292 evangelizaverit
1459 2257 1544 2287 vobis,
1571 2262 1668 2291 praeter
1691 2257 1716 2283 id

929 2307 999 2341 quod
1023 2305 1175 2339 accepistis,
1198 2303 1339 2330 anathema
1356 2303 1390 2329 sit
1405 2303 1439 2330 '".
1466 2313 1475 2329 ι
1494 2303 1546 2330 Pro
1562 2311 1613 2337 qua
1636 2303 1716 2335 igitur

929 2360 1008 2380 causa
1030 2351 1097 2378 alios
1114 2358 1208 2377 oniucs
1225 2350 1364 2382 omittens,
1382 2350 1445 2376 licet
1461 2349 1544 2376 Deum
1561 2349 1714 2376 inhabitan-

929 2404 983 2425 tcm
995 2397 1148 2429 habuerint,
1161 2396 1246 2424 solum
1258 2394 1420 2430 praedicabat
1429 2394 1522 2422 Jesum
1536 2395 1606 2422 sicut
1620 2395 1714 2421 Deum.

1225 2473 1298 2501 CAP.
1320 2450 1418 2500 XXIV...

1273 2530 1364 2558 Aliud;

963 2599 1098 2634 Scriptum
1114 2603 1156 2626 est
1170 2599 1202 2626 dc
1226 2598 1333 2626 Christo
1352 2607 1359 2624 :
1383 2607 1391 2622 ι
1408 2597 1474 2624 Cum
1492 2603 1579 2625 autent
1599 2602 1670 2624 esset
1686 2597 1712 2624 in

928 2644 1121 2680 Hierosolymis
1134 2644 1160 2671 in
1181 2645 1222 2672 die
1240 2644 1318 2676 festo,
1336 2644 1412 2670 multi
1434 2643 1606 2670 crediderunt
1623 2643 1648 2669 in
1665 2651 1712 2668 nu—

929 2691 1000 2717 mine
1013 2691 1071 2725 ejns
1088 2691 1209 2718 videntes
1225 2691 1301 2724 signa
1316 2698 1376 2724 qua:
1399 2689 1532 2721 faciebat;
1548 2688 1605 2722 ipse
1622 2694 1710 2715 autem

925 2735 1004 2763 lesns
1015 2745 1066 2763 non
1078 2736 1203 2764 credebat
1215 2744 1244 2763 se
1258 2736 1327 2768 illis;
1340 2735 1409 2770 quod
1422 2735 1479 2769 ipse
1492 2735 1596 2762 sciebat
1606 2741 1710 2765 omnes,

927 2787 953 2809 et
968 2783 1038 2817 quod
1051 2790 1104 2809 non
1116 2790 1225 2810 necesse
1239 2782 1363 2814 habebat,
1380 2786 1408 2808 ιιι
1418 2781 1515 2816 aliquis
1527 2781 1708 2808 testimonium

1468 2882 1490 2897 ἰ’
1509 2881 1624 2908 l'l'hess.
1639 2889 1668 2914 ιι,
1681 2881 1709 2907 Ξ.

1474 2918 1496 2933 ⁸⁷
1511 2917 1597 2945 Calat.
1621 2924 1651 2949 ιι,
1683 2917 1706 2945 1(

1198 2884 1219 2898 ⁸⁸
1235 2882 1312 2909 Juan.
1329 2891 1374 2914 ιιι,
1385 2882 1430 2910 25.

1170 2919 1191 2933 λδ
1210 2917 1288 2945 Bonl.
1315 2925 1349 2951 tv,
1381 2918 1407 2945 9.

928 2885 950 2899 ³⁰
968 2885 1086 2912 LThcss.
1101 2884 1158 2915 1,8.
