1907 3038
189 222 258 250 L395

698 223 726 250 S.
747 223 884 250 CYlllLLl
907 221 1138 249 ALEXANDRINI
1159 221 1317 248 AllClllEP.

1748 221 1817 248 I396

189 280 343 314 perhiberet
359 280 391 306 de
406 280 534 308 homine:
557 281 612 315 ipse
632 280 702 307 cnim
720 280 822 307 sciebat
835 280 898 314 quid
914 285 973 307 erat
986 282 1010 310 Α
1023 287 1083 306 esse
1109 279 1181 310 talia,
1199 279 1226 305 iu
1254 279 1351 312 quibus
1388 278 1519 306 habitavit
1543 278 1613 306 Deus
1637 280 1822 314 omnipotens.

189 326 215 351 in
232 326 340 352 homine
360 327 405 353 ¹⁹·.
423 336 432 351 ι
445 326 472 353 Si
495 327 574 352 homo
589 332 661 353 essat
682 327 820 362 θεοφόρος,
843 328 976 361 qutmtodo

189 379 242 398 non
256 371 360 405 decepti
377 377 438 398 stmt
457 371 544 403 multi,
562 372 606 405 qui
626 372 821 407 Hierosolymis
835 373 862 398 in
878 381 975 399 nomen

188 418 247 451 ejus
266 417 457 445 crediderunt?
495 417 540 444 Vel
561 425 645 452 quare
668 419 740 446 solus
761 419 895 453 cognoscit
918 425 977 452 quae

189 467 251 488 sunt
270 462 295 488 lu
313 462 437 493 homine,
454 469 514 489 cum
539 463 687 497 praesertim
707 470 785 490 neuio
803 464 872 490 alios
891 463 978 490 sciat?

189 507 313 533 Finxisse
324 507 394 533 enim
407 506 507 533 dicitur
520 508 589 534 Deus
601 508 681 534 corda
694 513 784 534 nostra
796 507 932 542 sigillatim
942 508 974 534 '°.

191 551 237 578 Vel
253 559 336 585 quare
350 551 423 579 solus
441 552 556 578 remittit.
573 553 761 587 pcccata?Ait
774 553 866 580 cuitu:
885 563 894 579 ‹
909 553 976 586 Quia

189 601 346 632 potestatem
358 598 438 625 habet
448 597 530 625 Filius
543 599 567 625 in
579 603 650 625 terra
662 600 797 626 remittere
807 605 915 633 peccata
924 600 957 626 ⁹¹.
965 609 974 625 ι

189 644 279 676 Quare
298 643 371 670 solus
388 649 485 678 praater
500 645 568 671 alios
590 652 713 672 assessor
727 646 803 671 sedet
820 646 868 672 Dei
880 651 907 672 et
924 645 976 671 Pa-

190 690 261 716 tris?
278 689 367 723 Quare
384 690 433 717 soli
445 691 632 725 obsequuntur
649 691 756 724 attgeli?
772 692 826 718 Cur
849 699 898 718 nos
917 692 978 724 qni-

190 735 250 762 dem
273 735 365 762 docuit
384 743 555 762 communem
573 741 669 770 putare
686 736 805 767 Patrem,
826 738 871 770 qui
888 742 930 764 est
949 737 976 764 in

189 781 265 808 ett-lis
276 790 284 813 ;
297 782 349 808 sibi
366 787 455 809 autem
471 789 531 809 eum
547 782 700 816 specialiter
716 783 872 810 scribebat?

225 827 278 854 Sed
294 827 362 854 forte
377 827 452 854 dices
465 828 536 861 quod
552 827 704 861 huiusmodi
719 835 799 854 voces
819 827 978 854 iuhabitanti

192 871 278 898 Verbo
295 872 455 906 deputatula‘.
466 873 529 899 sint.
545 871 638 898 Nonne
651 873 734 907 igitur
750 880 812 899 eum
825 873 977 906 oportebat,

186 917 263 949 juxta
277 917 416 952 prophetis
427 918 631 944 convenientem
643 918 902 951 meusnram,ipsnm
912 925 976 951 quo-

190 971 242 997 que
257 963 367 990 dicere:
385 972 395 988 ι
412 963 473 989 llzcc
486 962 552 989 dicit
564 962 710 995 Dominus?
726 973 735 987 ι
757 962 853 989 γεω...
871 970 931 987 cum
947 969 977 988 ea

191 1015 338 1043 quaempra
348 1009 434 1042 legem
445 1009 551 1035 sancire
561 1009 650 1039 Vt-llt-t,
665 1016 805 1034 assumens
818 1008 868 1034 sibi
880 1016 977 1035 conve-

192 1055 308 1081 nientem
321 1054 467 1089 lt-gislalori
481 1055 682 1085 auctoritatem,
696 1054 784 1080 aiebat
803 1063 810 1080 ι
829 1063 838 1078 ι
853 1055 907 1088 ligo
920 1054 979 1080 dico

193 1100 268 1128 vobis
282 1101 306 1116 ο·
319 1101 368 1135 (ι).
389 1110 399 1126 .

227 1145 367 1177 Quomodo
381 1144 498 1171 liberum
515 1152 544 1171 se
561 1145 608 1174 ait,
625 1149 650 1170 et
662 1150 719 1170 ‘non
740 1144 885 1170 obnoxium
906 1144 980 1170 Deo?

191 1191 253 1217 Ideo
263 1191 326 1225 quia
341 1195 383 1218 est
407 1191 489 1217 Filius
504 1191 531 1218 in
556 1191 693 1217 veritate?
711 1190 743 1216 Et
767 1191 789 1216 si
808 1195 879 1217 esset
901 1191 980 1216 homo

191 1235 329 1271 Θεοφόρος,
346 1241 454 1263 essetne
477 1236 559 1262 etiam
580 1235 648 1263 liber
662 1235 810 1262 secundum
835 1234 979 1262 naturam?

194 1282 277 1316 llujus
297 1282 368 1308 enini
387 1281 456 1309 Deus
480 1281 557 1313 liber,
580 1287 660 1315 atque
682 1281 787 1308 solutus
809 1286 851 1307 cst
876 1291 882 1308 :
907 1281 979 1309 Solus

192 1328 263 1354 enim
274 1328 349 1361 quasi
368 1327 467 1354 tributa
480 1328 599 1353 omnium
611 1327 711 1361 exigit;
727 1332 755 1353 et
778 1335 908 1360 tanquam
922 1327 981 1354 loco

192 1375 341 1402 debitorum
351 1375 385 1401 ab
394 1373 519 1401 omnibus
531 1373 627 1406 recipit
639 1373 806 1407 religionem.
825 1373 878 1400 Etsi
893 1374 981 1399 exitus

193 1419 259 1453 legis
274 1426 301 1445 et
314 1420 506 1453 prophetarum
524 1418 647 1446 Christus
664 1423 716 1451 est,
733 1423 776 1445 cst
794 1426 883 1445 autem
901 1420 981 1445 homo

193 1465 320 1499 ιἐοφόρος
332 1474 339 1497 ;
353 1472 441 1492 nonne
456 1465 547 1493 dicere
568 1465 659 1496 liceat,
677 1465 748 1498 quod
763 1466 980 1500 prophetit-arum

193 1512 411 1545 pr.t.dicationum
425 1513 514 1540 exitus
530 1511 770 1548 ἁνῦρωπολατρως
786 1512 863 1539 nobis
879 1512 980 1539 crimen

193 1558 348 1585 induxerit?

230 1604 332 1630 Deinde
347 1603 388 1630 lex
401 1603 507 1637 quidem
524 1604 687 1636 przrdicabat
699 1615 705 1632 :
718 1615 726 1630 ι
742 1605 882 1632 hominum
898 1605 980 1631 Deum

195 1653 269 1676 tutuo
282 1649 417 1678 adorabis,
436 1655 462 1676 et
477 1649 512 1675 illi
527 1649 574 1676 soli
590 1651 692 1678 scrries
705 1651 738 1676 ν’.
755 1660 764 1675 ι
780 1651 838 1683 Qua
851 1659 902 1677 nos
920 1659 982 1678 eru-

194 1693 296 1720 ditione
312 1694 435 1727 perduxit
451 1694 486 1720 ad
506 1694 655 1725 Christum,
673 1695 748 1727 quasi
766 1695 797 1721 ad
819 1695 982 1729 agnitionem

195 1737 250 1764 illis
271 1739 316 1772 qui
331 1738 359 1765 in
373 1739 478 1766 umbris
488 1739 595 1766 {iterant
623 1740 754 1773 potiorem
768 1750 775 1766 :
791 1746 983 1774 spernentesne

196 1784 277 1819 igitur
290 1785 372 1811 Deum
387 1785 455 1819 legis
469 1789 497 1811 et
512 1786 841 1819 prophetarumadorare,
858 1786 982 1812 adorabi-

195 1838 256 1856 mtts
271 1830 407 1857 hominem
433 1830 573 1857 habentem
598 1831 678 1857 Donni
696 1832 908 1858 iubahilmdctu?
933 1831 981 1859 Ubi

195 1875 266 1901 enim
283 1875 461 1907 prmstahilius
475 1880 535 1901 erat
555 1876 636 1902 Deum
657 1876 790 1909 intelligi?
809 1876 837 1902 lu
852 1876 931 1906 t-uxlo,
948 1884 982 1902 an

196 1919 222 1945 in
237 1920 330 1946 terra?
340 1920 366 1947 In
383 1920 537 1954 Serapbim,
551 1929 584 1948 an
602 1922 628 1948 in
644 1926 753 1949 terreno
767 1924 902 1955 corpore?

231 1965 259 1992 Si
274 1971 334 1992 erat
353 1966 435 1993 homo
453 1967 591 2002 θεοφόρος,
613 1968 747 2001 quomodo
764 1977 773 1993 α
790 1971 982 2002 propemodum

195 2018 228 2037 ac
249 2018 297 2038 nos
318 2012 488 2046 participavit
504 2014 577 2039 carui
599 2020 630 2039 ac
643 2014 768 2047 sanguini
784 2013 829 2039 “?
849 2024 858 2040 ι
880 2014 945 2040 Nam
960 2015 982 2041 si

195 2057 261 2088 quis
276 2056 346 2083 Deus
361 2057 531 2090 inhabitavit,
549 2059 599 2085 hoc
612 2058 636 2085 ei
652 2059 759 2090 sullicit,
775 2064 803 2085 ut
815 2060 942 2086 similiter
952 2068 984 2087 ac

197 2109 249 2129 nos
258 2103 431 2137 participaret
450 2104 525 2130 carni
543 2110 570 2131 et
589 2104 732 2138 sanguini;
752 2110 777 2132 et
793 2105 829 2132 ita
845 2106 886 2132 his
901 2107 984 2140 parti-

195 2148 287 2181 cipare
300 2149 325 2175 id
342 2149 430 2183 ipsum
443 2150 576 2183 cst,quod
592 2151 727 2177 hominem
746 2150 931 2179 factumesse:
943 2153 983 2178 in-

196 2194 327 2226 habitavit
347 2200 436 2222 autem
453 2201 480 2222 et
502 2196 528 2221 iu
549 2196 639 2222 multis
662 2197 780 2229 sanctis;
802 2197 882 2224 homo
903 2198 985 2232 igitur

199 2247 252 2267 non
276 2241 371 2273 setnel,
389 2241 436 2267 sed
459 2241 607 2274 smpissime
629 2242 716 2270 laetus
734 2248 784 2270 est.
810 2243 899 2276 Quare
920 2251 984 2277 ergo

200 2295 210 2310 ι
227 2285 309 2312 semel
322 2286 347 2312 iu
364 2287 596 2314 consummatione
608 2288 777 2320 seculorum,
790 2289 815 2315 in
828 2289 985 2315 destructio-
1001 2305 1022 2331 ο

200 2337 260 2357 nem
270 2331 383 2364 peccati,
392 2338 440 2365 per
449 2330 563 2358 hostiam
575 2339 650 2359 sitam
659 2333 757 2360 dicitur
765 2334 920 2368 apparuisse
931 2335 980 2360 "2’:

198 2376 338 2408 Quomodo
358 2382 449 2403 autem
465 2385 545 2403 unum
565 2378 640 2405 nobis
662 2378 740 2405 Verbi
759 2380 901 2407 adventum
916 2389 982 2414 pra:-

197 2422 290 2448 dicaut
302 2421 398 2450 (lirium
416 2422 571 2457 Scriptura},
586 2425 607 2450 si
623 2424 751 2460 ϐεοφόρος
769 2430 826 2452 erat
840 2427 940 2453 homo?
953 2427 980 2454 Si

199 2467 325 2501 templum
340 2473 366 2495 et
381 2469 437 2503 ipse
450 2469 536 2496 factus
549 2475 589 2496 est
603 2470 660 2502 Dei,
681 2471 813 2504 quomodo
825 2479 850 2498 et
866 2473 891 2498 in
906 2473 982 2499 nobis

197 2513 278 2540 etiam
303 2513 427 2542 Christus
443 2515 506 2542 est?
531 2516 640 2543 Sicutne
663 2517 789 2550 templum
813 2518 838 2544 iu
859 2519 983 2552 templis?

197 2561 237 2586 An
252 2563 281 2586 ut
296 2559 366 2586 Deus
381 2561 466 2595 magis
479 2561 504 2587 in
519 2562 625 2596 tmuplis
639 2570 685 2596 per
701 2561 830 2596 Spiritum
841 2563 854 2589 ?
873 2564 900 2590 Si
921 2563 980 2590 Osc-

197 2604 279 2639 φὸρος
298 2609 356 2631 erat
372 2607 461 2638 homo,
479 2613 527 2632 cur
548 2611 588 2633 cst
602 2607 686 2633 solius
706 2607 788 2641 ipsius
801 2614 899 2641 Corpus
915 2608 981 2634 vivi-

200 2649 302 2676 ticum?
329 2650 490 2685 Oportuerat
525 2653 597 2679 enim
623 2652 737 2680 aliorum
767 2654 846 2680 etiam
869 2663 980 2688 corpora

234 2728 268 2742 ⁸’”
284 2728 364 2756 Joan.
379 2735 407 2758 ιι,
424 2727 471 2755 25.
501 2728 606 2754 “Psal.
621 2736 708 2758 χχιιι,
724 2729 766 2756 $5.

197 2763 219 2779 ”
239 2762 319 2790 Hebr.
341 2771 378 2794 η,
397 2763 441 2790 26.

495 2763 518 2778 ’⁸
536 2763 617 2790 Hebr.
647 2772 674 2794 κ,
694 2764 740 2796 28.
761 2765 806 2793 29.

198 2799 207 2813 ²
228 2797 316 2824 Galat.
338 2805 358 2829 Ι,
379 2798 421 2824 16.

460 2798 470 2813 ³
487 2798 564 2825 Deut.
586 2807 614 2830 ι,
633 2798 679 2826 2-2.

860 2766 882 2781 ’⁷
905 2765 985 2794 Ilcbt'.

804 2730 824 2745 "
841 2729 934 2756 Matth.
950 2738 988 2762 ix,
1002 2732 1027 2758 6.

1017 2775 1045 2798 H,
1069 2768 1110 2795 lli.

1062 325 1177 359 Scripsit
1191 331 1280 351 autem
1297 324 1394 352 alicubi
1404 325 1486 360 etiam
1500 325 1607 352 divinus
1622 325 1724 352 Paulus
1739 335 1746 352 :
1763 336 1773 352 α
1787 326 1823 354 Ir-

1028 372 1106 398 titam
1131 372 1233 398 faciens
1250 371 1310 404 quis
1329 371 1413 405 legem
1430 370 1541 404 Moysis,
1554 371 1613 398 sine
1627 371 1684 398 ulla
1707 373 1824 399 misera-

1028 417 1100 444 tione
1122 417 1228 445 duobus
1251 422 1298 444 aut
1316 411 1403 444 trib’us
1421 417 1535 444 testibus
1561 418 1688 450 moritur,
1720 422 1825 451 quanto

1028 465 1114 498 magis
1128 464 1229 498 putatis
1239 463 1375 490 deteriora
1391 463 1642 497 mererisupplicla,
1657 464 1704 497 qui
1723 464 1823 491 Filium

1029 511 1076 537 Dei
1090 509 1302 539 couculcaverit.
1318 513 1343 535 et
1355 509 1512 543 satiguiuem
1525 511 1679 536 testamenti
1690 510 1823 544 pollutum

1027 556 1133 584 duxerit
1146 555 1191 582 "?
1206 565 1214 580 ι
1228 555 1308 589 Atqui
1322 555 1410 582 divina
1422 559 1482 582 erat
1494 555 1547 587 lex,
1564 560 1591 582 et
1605 556 1736 582 mandata
1751 557 1824 583 dicta

1027 610 1075 636 per
1091 602 1213 635 angelus.
1238 600 1378 633 Quomodo
1395 601 1475 634 igitur
1490 601 1588 635 dignus
1608 602 1663 628 erit
1684 602 1824 629 deteriore

1027 646 1171 680 supplicio,
1191 645 1236 679 qui
1249 645 1379 679 pollutum
1393 645 1500 672 duxerit
1516 646 1676 680 sanguinem
1698 647 1826 673 Christi?

1029 692 1075 718 Vel
1087 691 1222 726 quomodo
1234 691 1321 724 potior
1332 695 1373 717 est
1388 691 1529 725 religione,
1545 699 1604 725 qua:
1616 697 1657 718 cst
1672 694 1824 719 secundum

1029 738 1124 770 legem,
1138 736 1205 763 lides
1216 736 1242 762 iu
1257 735 1415 762 Christum?
1427 735 1491 767 Sed,
1507 739 1536 762 ut
1546 737 1602 768 jam
1615 741 1680 763 ante
1693 737 1825 768 diximus,

1027 783 1151 810 Christus
1164 790 1215 809 non
1235 781 1331 809 similis
1348 782 1461 808 aliorum
1480 787 1649 816 sanctorum,
1666 784 1750 810 homo
1767 784 1825 810 Geo‘

1029 828 1122 863 φόρος,
1135 829 1180 854 sed
1202 828 1273 854 Deus
1287 827 1371 861 magis
1385 835 1457 859 vere,
1472 831 1499 854 et
1513 829 1586 854 omni
1607 829 1709 856 mundo
1727 830 1826 855 celsio-

1029 882 1085 901 rem
1101 873 1219 907 possidet
1230 872 1354 906 gloriam,
1371 873 1513 907 quodcum
1529 873 1599 900 Deus
1612 873 1646 900 sit
1663 877 1762 900 natura
1779 873 1825 901 Dei

1033 918 1159 949 Verbum.
1185 918 1273 945 factus
1294 923 1336 945 est
1361 926 1435 949 caro,
1467 919 1524 946 sive
1551 919 1632 946 homo
1655 918 1796 953 perfectus
1817 928 1823 946 :

997 956 1016 982 Β
1032 965 1180 991 animation
1196 965 1268 990 enim
1281 969 1309 991 et
1325 965 1486 991 rationabile
1500 972 1570 996 esse,
1587 965 1660 998 quod
1674 965 1824 991 adnuatmn

1032 1015 1074 1038 est
1087 1011 1124 1041 ei.
1145 1009 1226 1046 794
1242 1010 1376 1037 credimus
1393 1016 1503 1044 corpus,
1524 1015 1550 1037 ct
1575 1017 1637 1037 vera
1651 1009 1766 1037 omnino
1786 1015 1826 1036 est

1032 1055 1169 1081 adultatio.

1337 1144 1411 1172 CAP.
1433 1143 1515 1171 XXV.

1035 1202 1170 1234 Quomodo
1185 1207 1302 1235 oporteat
1316 1202 1478 1235 intelligere:
1491 1212 1500 1227 ί
1517 1199 1629 1228 Verbum
1643 1209 1706 1228 mro
1724 1201 1824 1236 factum

1068 1243 1116 1267 eti,
1133 1244 1156 1263 et
1172 1238 1299 1264 [militat-it
1319 1237 1346 1263 iu
1361 1238 1453 1269 tlobia;
1472 1247 1481 1262 ι
1498 1242 1522 1263 et
1539 1238 1671 1272 quomodo
1686 1238 1823 1270 propritim

1069 1273 1150 1307 ipsius
1165 1273 1271 1299 «lica/ur
1282 1281 1384 1306 corpus.

1070 1328 1168 1355 Semen
1185 1328 1299 1355 Abrahae
1316 1327 1527 1362 apprehendisse
1545 1326 1662 1354 Verbum
1672 1326 1719 1353 Dei
1732 1326 1823 1361 unige-

1035 1375 1130 1404 nitum.
1156 1374 1250 1400 beatus
1283 1373 1382 1400 Paulus
1407 1378 1600 1400 commemorat
1625 1372 1667 1404 ";
1696 1379 1747 1398 nec
1775 1379 1824 1398 non

1035 1420 1126 1452 etiam,
1143 1421 1213 1453 quod
1232 1420 1424 1454 propemodum
1442 1427 1473 1446 ac
1489 1426 1538 1446 nos
1557 1419 1732 1452 participavit
1751 1418 1824 1445 carui

1035 1470 1062 1492 et
1084 1466 1207 1499 sanguini
1224 1466 1258 1492 ’⁸.
1282 1466 1414 1492 Memores
1430 1471 1519 1492 autent
1536 1473 1629 1491 sumus
1641 1465 1726 1491 etiam
1744 1463 1826 1490 Joan-

1036 1510 1093 1542 nis;
1112 1511 1149 1537 ait
1163 1511 1234 1537 enim
1249 1520 1255 1538 :
1274 1520 1283 1536 t
1303 1511 1418 1537 Verbum
1433 1519 1495 1536 caro
1510 1510 1609 1536 lactant
1626 1515 1679 1540 est,
1701 1515 1730 1536 et
1753 1509 1827 1536 babi-

1036 1555 1101 1581 tarit
1117 1556 1141 1581 iu
1161 1555 1238 1582 nobis
1248 1555 1282 1582 ”.
1299 1565 1308 1580 ι
1326 1555 1389 1582 Idne
1403 1555 1484 1590 igitur
1503 1554 1551 1582 [nil
1573 1555 1744 1589 propositum
1763 1555 1828 1580 viris

1036 1600 1213 1634 spiritalibus,
1230 1601 1337 1632 docere,
1357 1601 1426 1634 quod
1444 1601 1489 1627 Dei
1504 1599 1623 1627 Verbum
1638 1599 1828 1627 conversionis

1035 1647 1069 1671 sit
1087 1647 1210 1679 patiens;
1227 1652 1273 1672 aut
1288 1647 1357 1680 quod
1374 1647 1459 1680 ipsum
1475 1646 1514 1673 l'as
1528 1646 1562 1673 sit
1573 1646 1826 1676 commutationem,

1034 1699 1094 1726 qua:
1115 1693 1199 1725 magis
1217 1698 1348 1719 creatura:
1363 1692 1515 1723 conveniat,
1535 1692 1669 1719 sustinere
1684 1700 1690 1718 :
1716 1691 1785 1718 adeo
1801 1695 1829 1718 ut

1035 1738 1059 1763 iit
1076 1737 1147 1771 quod
1175 1745 1227 1763 non
1245 1741 1314 1768 erat,
1337 1737 1449 1763 forsitan
1468 1736 1494 1762 iu
1519 1737 1544 1762 id
1566 1743 1613 1761 sua
1634 1739 1733 1769 sponte
1746 1736 1827 1761 dere-

1034 1783 1105 1814 niat;
1131 1787 1179 1808 aut
1200 1782 1268 1808 alitis
1286 1786 1380 1808 contra
1403 1782 1486 1816 ipsius
1504 1781 1670 1807 voluntatem
1690 1781 1725 1806 ad
1747 1779 1826 1805 aliaat

1035 1835 1157 1856 naturam
1181 1828 1351 1862 itupellatur?
1373 1828 1454 1855 absit.
1470 1827 1559 1854 Manet
1580 1835 1697 1861 namque
1712 1827 1794 1856 idem,
1813 1834 1826 1851 a

1034 1884 1082 1902 sua
1099 1881 1193 1902 natura
1206 1875 1447 1902 commutationem
1461 1882 1568 1901 omttem
1582 1873 1742 1903 excludeus.
1762 1880 1826 1899 con-

1036 1923 1167 1948 \‘crsiunis
1179 1922 1301 1948 umbram
1317 1921 1440 1948 nesciens
1453 1921 1505 1955 pati
1519 1931 1525 1946 2
1543 1920 1593 1947 lixa
1610 1925 1652 1947 est
1667 1919 1742 1945 enim
1756 1927 1827 1945 sem-

1034 1974 1081 2001 per
1095 1967 1121 1992 iu
1134 1967 1191 1993 suis
1206 1973 1322 2000 superna
1339 1965 1382 1992 illa
1397 1965 1569 1999 celestisque
1585 1969 1690 1990 natura.

1070 2013 1209 2044 Quomodo
1234 2012 1316 2045 igitur
1336 2012 1452 2038 Verbum
1467 2019 1531 2038 caro
1555 2011 1655 2037 factum
1670 2009 1716 2041 sit,
1735 2009 1828 2035 ridere

1036 2065 1145 2085 necesse
1156 2063 1207 2085 est.
1221 2057 1339 2084 Primum
1349 2058 1456 2091 quidem
1466 2057 1554 2083 divina
1565 2056 1707 2089 Scriptura
1717 2062 1748 2080 ea
1754 2062 1826 2081 mem

1035 2103 1193 2138 plerumque
1205 2104 1325 2129 mnuluat
1339 2103 1486 2135 hominem,
1500 2106 1527 2129 et
1542 2102 1618 2136 quasi
1630 2109 1661 2128 ex
1681 2106 1760 2135 parte
1771 2101 1828 2127 ani-

1036 2150 1113 2176 malis
1130 2150 1213 2176 totius
1229 2150 1453 2184 signiﬁcationem
1473 2149 1548 2179 facit,
1570 2155 1620 2174 nec
1641 2155 1695 2174 non
1713 2147 1798 2174 etiam
1812 2156 1825 2172 a

1036 2196 1091 2223 sola
1107 2197 1194 2223 anima
1207 2197 1340 2223 interdum
1363 2195 1529 2222 tantumdem
1549 2196 1619 2229 agit;
1636 2195 1770 2228 scriptum
1786 2199 1827 2220 est

1036 2242 1107 2268 enim
1120 2241 1190 2274 quod
1206 2250 1215 2266 ‹
1234 2241 1339 2268 Videbit
1357 2241 1448 2268 omnis
1460 2248 1526 2267 caro
1540 2241 1660 2267 salutare
1673 2240 1722 2267 Dei
1736 2241 1756 2266 '.
1774 2249 1783 2265 Ι
1796 2240 1827 2266 Et

1038 2288 1095 2322 ipse
1109 2288 1214 2314 divinus
1235 2287 1352 2314 Paulus:
1375 2297 1383 2312 I
1403 2286 1459 2313 Non
1474 2287 1609 2317 consensi,
1631 2286 1730 2320 inquit,
1753 2285 1826 2312 carui

1039 2339 1065 2361 rt
1076 2334 1200 2368 sanguini
1213 2335 1234 2361 ’.
1249 2343 1257 2359 ι
1277 2334 1416 2360 Allocutus
1428 2338 1468 2360 est
1483 2339 1573 2359 autem
1587 2341 1633 2360 eos
1651 2333 1697 2366 qui
1713 2337 1778 2358 sunt
1794 2339 1826 2358 ex

1039 2380 1118 2407 Israel
1133 2380 1252 2413 pontifex
1267 2379 1371 2414 Moyses
1386 2389 1392 2406 :
1412 2389 1421 2405 ι
1438 2379 1465 2406 In
1481 2380 1649 2414 septuaginta
1663 2384 1691 2405 et
1707 2378 1828 2413 quinque

1035 2426 1175 2453 animabus
1190 2427 1384 2453 dest-cnderuut
1406 2431 1494 2460 patres
1511 2425 1548 2452 tui
1572 2426 1597 2452 in
1616 2424 1765 2460 Egyptuut
1778 2425 1798 2450 ³.
1816 2435 1824 2449 ι

1035 2472 1088 2499 Sed
1105 2480 1156 2498 non
1170 2472 1270 2498 idcirco
1282 2472 1392 2503 dixeris,
1407 2473 1479 2507 quod
1495 2472 1573 2498 nuda:
1585 2476 1611 2498 et
1624 2471 1683 2498 sine
1698 2471 1827 2498 carnibus

1036 2519 1131 2544 animm
1157 2518 1181 2544 in
1210 2517 1353 2552 .‘ngptum
1374 2518 1576 2551 descenderint;
1596 2524 1645 2544 nec
1661 2524 1744 2551 porro
1756 2516 1826 2550 quod

1035 2564 1160 2591 inanimis
1187 2564 1357 2598 corporibus,
1389 2569 1416 2591 et
1445 2563 1510 2590 Solis
1539 2563 1681 2594 carnibus,
1708 2562 1827 2588 salutare

1035 2617 1112 2636 suum
1131 2610 1200 2636 Deus
1218 2610 1369 2638 indulserit.
1389 2609 1500 2643 Quoties
1520 2610 1601 2644 igitur
1617 2609 1744 2635 audimus
1766 2615 1826 2635 ear-

1036 2663 1096 2682 uem
1112 2656 1211 2683 factum
1227 2663 1286 2683 esse
1303 2656 1432 2688 Verbum,
1452 2656 1587 2682 hominem
1603 2655 1780 2689 intelligimus
1794 2661 1827 2680 ex

1066 2733 1088 2748 "
1103 2732 1197 2759 Matth.
1211 2739 1236 2764 ν,
1248 2732 1291 2759 52.

1148 2768 1170 2783 ³⁸
1190 2769 1256 2795 ibid.
1288 2769 1328 2796 Η.

1331 2733 1354 2749 ³³
1372 2733 1448 2759 Deut.
1464 2740 1501 2761 vr.
1515 2732 1557 2758 l3.

1367 2769 1389 2784 ”
1403 2767 1484 2795 δοκι.
1505 2775 1526 2799 t,
1549 2767 1590 2793 ιι.

1599 2732 1622 2748 ’θ
1640 2730 1724 2758 Hebr.
1737 2740 1768 2762 tt,
1783 2732 1823 2758 Ν.

1630 2767 1637 2782 ¹
1656 2766 1724 2794 Luc.
1740 2775 1783 2799 ut,
1799 2767 1822 2794 6.

235 2887 275 2924 (Ι)
295 2887 406 2916 Videtur
419 2889 518 2924 aliquid
537 2889 579 2917 hic
592 2889 699 2922 deesse;
718 2891 754 2921 id,
778 2889 884 2924 Opinor,
909 2890 980 2924 quod
999 2891 1156 2919 Anastasius
1190 2892 1294 2919 suam
1309 2898 1440 2920 memorat
1455 2894 1488 2920 de
1508 2898 1608 2920 statere
1641 2893 1667 2920 in
1694 2894 1825 2921 tributum

197 2923 341 2958 pensitato.
