1907 3038
95 176 164 205 1397

553 176 696 205 SCHOLIA
718 177 761 205 DE
781 174 1041 206 INCARNATIONE
1062 179 1247 210 EMGENITI.

1655 187 1664 212 Ι
1671 186 1722 213 391i
1726 199 1734 202 υ

89 238 180 266 anima
195 241 223 264 et
238 243 360 271 corpore.
377 236 488 264 Factum
505 241 547 264 est
568 242 657 264 autem
673 237 801 270 Verbum,
817 245 877 265 cunt

957 240 996 267 ιδν
1026 240 1080 268 οἶδε
1114 243 1244 278 μονογενῆ
1268 242 1312 270 τὸν
1349 243 1420 270 enim
1442 248 1523 269 unum
1544 249 1603 270 csse
1627 242 1722 270 Filium

89 285 126 312 sit
139 284 221 316 Deus,
234 284 313 311 ltomo
322 283 469 319 perfectus,
477 291 575 318 corpus
586 285 720 319 accipiens
731 285 880 311 animattnn

89 335 119 357 et
138 325 309 362 rationabile,
333 330 413 364 idque
427 330 477 357 sibi
494 337 557 357 vere
570 330 701 357 adunavit
720 339 727 359 ε
746 332 882 365 quomodo

91 377 150 412 ipse
167 377 246 408 sciat,
261 376 362 404 nostris
378 377 450 404 enim
469 377 592 404 sensibus
608 377 762 411 hujusntodi
777 377 881 412 cogita-

90 424 178 451 tiones
191 423 301 450 omnino
313 424 386 450 cernl
403 429 454 450 non
466 427 577 457 possunt
593 432 600 450 :
613 427 640 450 et
658 428 827 458 nuncupatus
842 430 883 451 est

91 469 175 496 Filius
195 469 322 497 hominis.

127 515 179 542 Sed
195 516 217 542 si
232 520 339 550 oportet
354 520 481 550 tanqttam
500 515 526 542 in
539 516 678 551 speculum
697 509 885 544 intuentes‘di-

91 567 167 594 cere,
182 560 318 594 coniectat
333 560 424 596 aliquo
440 561 521 588 tnodo
541 568 636 589 sensus
668 562 813 594 humanus,
831 563 879 590 ad-

93 611 208 634 unatnm
225 607 309 634 fuisse
324 606 442 634 Verbum
453 607 559 641 corpori
579 607 687 635 habenti
705 608 822 635 animam
840 615 884 635 ra-

94 652 251 679 tionabilem
267 651 384 686 qualiter
398 653 478 680 etiam
495 653 612 680 hominis
625 653 743 681 animam
759 658 808 681 Suo
824 661 884 682 cor-

94 698 166 733 pori,
179 698 264 732 ipsam
277 698 385 733 quidem
399 696 513 726 divers'm
527 702 639 733 naturae,
655 688 779 727 sortitam
795 705 884 727 tamen

94 743 312 771 communionem
332 744 577 778 adunationemque
604 751 664 771 cum
692 750 823 780 corpore;
856 751 885 771 ut

93 794 164 822 pene
178 789 303 816 videatur
318 795 371 816 non
386 795 448 816 esse
462 788 514 816 alia
528 794 625 824 praeter
640 795 748 824 corpus,
765 796 797 817 eo
812 790 884 824 quod

94 840 144 868 per
159 834 381 868 compositionem
397 840 430 862 ex
445 838 559 869 utroque
572 835 672 862 animal
691 842 771 862 unum
786 835 886 863 cilicia-

95 884 150 913 tnr,
167 884 293 907 manente
306 885 395 907 tamen
411 879 479 914 ipsa,
497 884 526 907 ut
543 885 606 908 ante
621 881 780 913 memoravi,
796 881 821 907 in
836 888 884 908 sua

95 930 205 952 natura.
221 925 292 958 Ergo
315 933 368 952 non
392 932 439 960 per
454 926 692 953 commutationem
709 931 756 954 aut
772 932 884 954 com-er-

95 970 201 997 sionetn
216 970 351 997 hominem
365 969 466 997 factum
487 970 531 996 Dei
547 970 662 997 dicimus
678 970 814 1003 Verbum;
834 979 883 998 nec

96 1022 220 1049 prorsus,
235 1015 306 1050 quod
322 1015 392 1042 Deus
408 1022 468 1043 esse
482 1015 608 1049 desierit;
624 1014 669 1043 sed
685 1017 756 1050 quod
773 1023 883 1044 carnem

96 1060 234 1094 accipiens
254 1069 287 1089 ex
305 1062 426 1095 muliere,
442 1067 469 1089 et
482 1062 506 1090 ei
522 1068 553 1089 ex
571 1066 647 1090 utero
661 1065 805 1094 adunatns.
819 1064 886 1091 exiit

97 1106 180 1135 homo
197 1107 266 1135 ident
283 1109 363 1138 simul
379 1113 405 1136 et
427 1109 512 1142 Deus;
529 1114 617 1144 neque
637 1108 683 1136 Dei
700 1115 727 1136 et
741 1109 828 1137 Patris
842 1115 887 1145 ge-

96 1152 268 1180 nerationem
288 1157 416 1181 aeternam
437 1155 592 1190 projicicns,
608 1153 735 1182 sustinuit
753 1160 888 1190 tempora-

97 1197 162 1230 lem,
178 1207 210 1226 ex
226 1199 338 1228 muliere
353 1200 416 1227 inde
440 1200 558 1233 initium,
578 1206 607 1228 ut
631 1207 711 1232 esset.
740 1202 887 1236 accipiens.

97 1245 276 1273 Permittebat
298 1251 387 1273 autem
400 1247 474 1274 carni
495 1247 610 1281 propriae
630 1254 685 1275 sum
704 1252 807 1275 naturae
823 1249 889 1283 legi-

97 1291 149 1318 ltus
172 1291 257 1323 nasci,
280 1293 431 1320 nativitatis
455 1293 560 1320 ratione
584 1294 725 1320 dumtaxat.
754 1294 888 1321 Caeterum

98 1336 181 1364 habet
199 1337 224 1364 in
250 1343 279 1364 se
302 1337 402 1372 aliquid
421 1339 454 1365 ab
484 1339 600 1366 humana
622 1344 718 1366 natura
733 1340 887 1368 dissimile:

98 1387 180 1411 natus
195 1388 235 1411 est
246 1385 318 1411 enim
330 1391 362 1412 ex
375 1384 496 1419 Virgine,
506 1389 533 1412 et
544 1386 617 1413 solus
633 1386 712 1413 habet
724 1386 762 1423 (i)
776 1390 890 1415 matrem

98 1429 258 1464 innuptam;
280 1430 381 1458 factum
406 1434 493 1459 autem
512 1432 600 1467 ipsum
620 1433 702 1460 etiam
723 1438 846 1466 carnem,
865 1441 893 1463 et

98 1476 128 1502 in
146 1476 223 1503 nobis
249 1477 426 1510 inhabitasse,
444 1478 610 1513 evangelista
636 1484 840 1514 commemorat,
864 1487 893 1508 ut

98 1526 215 1555 utroque
229 1523 429 1556 comprobaret,
445 1527 471 1550 et
485 1523 584 1550 factum
604 1524 687 1551 fuisse
706 1525 853 1559 hominem,
866 1532 892 1554 et

101 1574 182 1593 suum
198 1574 251 1595 non
267 1569 417 1602 perdidisse
432 1578 438 1596 :
453 1568 552 1597 mansit
563 1571 634 1597 enim
649 1570 720 1605 qttod
735 1577 804 1599 erat.

152 1612 312 1648 lutelligitur
362 1619 480 1650 namque
551 1615 660 1642 Νοεῖται
691 1616 745 1652 γὰρ
772 1619 895 1651 πάντως,

97 1661 175 1685 certe
202 1662 330 1692 tanquam
356 1660 427 1688 aliud
452 1661 478 1688 in

99 1704 155 1731 alio
191 1705 353 1740 inhabitare,
380 1707 406 1734 id
427 1713 477 1739 est,

100 1749 192 1777 divina
208 1757 301 1779 natura
319 1753 345 1779 in
361 1753 480 1780 humani-

100 1800 175 1828 tate,
195 1804 246 1824 non
268 1805 393 1833 perpessa
409 1805 482 1827 com-

101 1842 274 1875 mixtionem,
286 1849 333 1871 aut
344 1844 482 1873 confusio-

101 1895 187 1921 nem,
217 1893 263 1917 aut
290 1892 482 1920 commutatio—

102 1940 178 1967 nem,
195 1941 224 1963 nt
251 1943 322 1964 esset
340 1937 412 1973 quod
429 1946 481 1966 non

102 1987 175 2009 erat.
197 1981 330 2016 Quidquid
358 1985 428 2012 enim
454 1985 480 2012 in

103 2027 161 2054 aiio
174 2027 293 2056 habitare
305 2030 411 2064 dicitur,
429 2039 482 2058 non

103 2073 193 2106 ipsum
203 2075 298 2105 itttale.
308 2076 387 2110 quale
396 2081 437 2104 est
458 2076 482 2104 id

104 2118 133 2145 in
148 2125 201 2153 quo
215 2120 336 2154 habitat;
351 2122 396 2148 sed
412 2120 483 2149 aliud

105 2166 134 2192 in
163 2166 215 2192 alio
243 2166 329 2201 magis
362 2167 486 2203 intelligi-

107 2215 162 2237 tur.
178 2211 211 2237 At
225 2218 289 2238 vero
307 2212 333 2238 in
347 2213 427 2240 Verbi
442 2220 486 2241 na-

107 2261 169 2283 tttra
187 2261 214 2284 et
231 2256 422 2291 humanitatis,
438 2267 482 2286 so.

108 2303 162 2329 lam
169 2303 431 2331 nobisdillerentiam
439 2306 484 2332 de-

106 2349 195 2384 signat
216 2350 356 2378 diversitas
376 2357 437 2379 natu
443 2360 484 2379 ra-

108 2402 178 2422 rum.
190 2395 265 2423 Unus
280 2397 351 2424 enim
366 2405 397 2425 cx
413 2403 485 2426 utro-

107 2448 161 2475 que
177 2441 336 2480 intelligitur
350 2443 484 2472 Christus.

110 2486 180 2521 Ergo
188 2488 416 2522 inconfusiouemt
424 2497 487 2519 ante

108 2534 176 2565 dixi,
189 2541 305 2568 servata.
321 2535 487 2566 inhabitasse

111 2579 228 2607 Verbum
241 2581 276 2608 ait
288 2582 314 2609 in
326 2583 403 2611 ttobis
417 2593 424 2611 :
437 2585 488 2612 scit

147 2670 158 2685 ⁸
174 2669 277 2697 Coloss.
293 2677 322 2703 tt,
342 2671 368 2699 9.

517 1661 554 1693 ὡς
576 1661 669 1697 ἕτερον
694 1664 721 1689 ἐν
744 1664 845 1700 ἑτέρῳ,
867 1665 897 1691 τὺ

517 1707 673 1739 κατοικοῦν,
694 1706 765 1735 τοῦτ’
779 1708 863 1741 ἐστιν,
881 1711 897 1745 ἡ

518 1753 577 1781 θεία
600 1754 678 1789 φύσις
705 1756 734 1782 ὲν
755 1756 897 1791 ἀνθρωπό-

518 1809 589 1836 τητι,
600 1803 644 1828 καὶ
655 1803 683 1829 οὐ
694 1802 818 1829 παθοῦσα
833 1812 898 1839 φωρ

521 1848 582 1884 μὸν,
596 1848 612 1884 ἥ
625 1849 755 1884 ἀνάχυσιν
767 1858 838 1881 τινα,
851 1851 898 1877 καὶ

522 1895 698 1930 μετάστασιν,
714 1895 762 1931 τὴν
778 1896 816 1927 ei;
830 1896 899 1931 ὅπερ

518 1941 567 1968 οὐκ
586 1939 630 1977 ἦν.
655 1941 691 1968 Τὸ
704 1942 758 1978 γὰρ
783 1941 898 1969 ἐνοικεῖν

519 1987 605 2025 ἑτέρῳ
618 1987 774 2022 λεγόμενον,
788 1987 838 2014 οὐκ
850 1987 899 2014 αὐ-

518 2035 549 2061 τὸ
556 2033 678 2069 γέγονεν,
690 2034 759 2069 ὅπερ
772 2034 830 2061 ἐστὶ
840 2032 899 2061 τοῦ-

519 2085 560 2110 το,
570 2078 598 2104 ὲν
611 2074 633 2112 ᾧ
649 2078 782 2105 κατοικεῖ·
795 2079 897 2105 νοεῖται

520 2123 654 2160 δὲμᾶλλον
665 2125 707 2152 Ere
713 2134 757 2161 ρον
765 2126 793 2151 ἐν
802 2126 897 2161 ἑτέρῳ.

528 2169 571 2197 Ἐν
588 2170 616 2197 δέ
636 2179 668 2205 γε
694 2172 726 2206 τῇ
749 2171 828 2206 φύσει
851 2171 898 2198 τοῦ

524 2218 622 2252 Λόγου,
638 2220 685 2245 καὶ
698 2217 897 2255 τῆςάνορωπό-

934 289 1023 324 σάρκα
1059 289 1225 324 γενόμενον,
1264 289 1313 316 καὶ
1349 289 1514 324 unigenitum
1530 295 1638 316 carnem
1666 289 1723 316 fac-

933 333 1191 370 ὲνανορωπήσαντα.
1350 340 1416 367 tum,
1431 338 1458 362 et
1472 335 1620 362 hominem.

970 379 1009 416 (2)
1026 380 1115 408 Carne
1126 387 1215 409 autem
1235 381 1299 409 mihi
1314 382 1420 409 videtur
1436 381 1544 409 divinus
1555 379 1724 415 Evangelia-tta

936 429 1019 452 totam
1037 426 1176 462 sapienter
1195 430 1318 454 naturam
1342 426 1481 454 hominum
1507 426 1648 453 nominare
1663 434 1671 453 :
1687 425 1725 452 ait

935 472 1006 498 enim
1023 470 1140 499 Verbum
1156 471 1321 499 inhabitasse
1338 473 1363 499 in
1381 472 1468 505 nobis,
1485 477 1537 498 non
1554 470 1678 504 alterius,
1695 475 1736 497 ut»

934 523 983 552 ego
998 517 1103 552 opinor,
1117 517 1214 553 gratia,
1229 517 1441 545 incarnationem
1450 516 1532 544 Verbi
1545 517 1643 544 factam
1655 523 1726 548 esse,

935 569 1168 597 commemorans;
1188 563 1239 591 nisi
1253 568 1282 590 ut
1296 563 1378 590 etiam
1391 568 1449 596 nos,
1463 562 1624 598 participato
1642 561 1727 596 ipsius

935 617 983 645 per
1002 609 1135 645 Spiritum
1153 615 1276 637 sanctunt
1290 608 1457 644 locupletati,
1475 608 1629 642 adoptionis
1647 608 1727 635 bene-

937 655 1025 683 llcium
1041 657 1218 684 lncraremur.
1238 655 1323 691 igitur
1340 657 1367 682 in
1385 654 1495 683 Christo
1511 656 1640 682 unitatetn
1654 660 1728 681 sunt-

936 709 1007 728 mam
1024 708 1168 737 veramque
1179 701 1315 729 credimus
1329 700 1437 729 iactant.
1452 698 1499 728 Sin
1511 706 1601 728 atttem
1613 701 1638 727 in
1652 699 1729 726 nobis

937 746 1061 774 Christus
1077 746 1228 774 inhabitare
1241 746 1360 778 dicatur,
1378 745 1506 781 σχετικὴν
1522 745 1580 780 ipse
1593 743 1672 771 faciet
1688 743 1729 770 in-

937 791 1145 820 habitationetn.
1159 791 1217 820 Non
1232 797 1321 819 autem
1339 799 1400 819 cum
1419 790 1488 818 Deus
1503 790 1603 818 dicitttr
1623 789 1729 816 inhabi-

938 842 1009 866 tasse
1025 839 1051 864 in
1068 837 1178 865 Christo
1195 845 1202 865 :
1223 847 1232 863 «
1252 836 1413 865 lnhabitavit
1429 842 1545 871 namque
1556 836 1582 863 in
1597 843 1629 862 eo
1643 834 1731 862 omnis

938 882 1076 917 plenitudo
1091 882 1243 910 divinitatis
1260 882 1475 917 corporaliter‘;
1492 892 1500 908 ι
1519 890 1572 910 non
1588 889 1637 916 per
1649 878 1731 916 parti-

936 928 1064 962 cipatunt,
1081 929 1122 955 vel
1139 928 1232 964 σχέσιν
1244 928 1406 964 simplicem,
1425 928 1502 963 quasi
1521 928 1578 955 sole
1591 928 1729 956 illucente.

936 980 982 1003 aut
996 976 1057 1011 igne
1075 974 1186 1002 insitum
1202 975 1254 1002 sibi
1270 975 1385 1002 calorem
1400 972 1460 1001 aliis
1476 973 1654 1006 immittente;
1672 972 1731 1003 sed.

937 1026 966 1049 ut
981 1023 1017 1050 ita
1033 1020 1132 1055 dicam,
1156 1020 1212 1056 ipsa
1235 1018 1326 1049 divina
1350 1021 1511 1056 sinceraque
1529 1024 1637 1050 natura,
1657 1019 1732 1054 juxta

937 1072 1021 1095 totum
1041 1067 1066 1095 id
1082 1068 1152 1103 quod
1169 1072 1221 1099 est,
1238 1066 1462 1094 inhabitationent
1477 1066 1527 1093 sibi
1544 1064 1670 1099 faciente,
1685 1072 1733 1100 per

938 1120 1042 1146 veram,
1057 1116 1086 1139 ut
1100 1117 1162 1140 ante
1176 1112 1306 1143 diximus,
1326 1112 1468 1142 unitatem,
1490 1110 1516 1137 in
1537 1108 1636 1144 templo
1661 1109 1732 1145 quod

938 1164 980 1186 est
994 1163 1085 1185 natum
1103 1166 1136 1186 ex
1150 1157 1260 1193 Virgine
1275 1164 1282 1184 :
1299 1158 1336 1184 ita
1353 1157 1424 1185 enim
1445 1163 1515 1184 unus
1537 1161 1564 1184 et
1579 1159 1631 1189 cst,
1647 1159 1676 1183 ct
1690 1155 1733 1182 in-

941 1204 1068 1239 telligitur
1080 1204 1205 1231 Christus
1221 1203 1310 1231 Jcsus.

976 1251 1053 1284 Quod
1069 1258 1132 1278 vero
1150 1251 1176 1278 in
1190 1250 1394 1285 expressionum
1411 1257 1515 1277 sutnma
1537 1254 1628 1276 noster
1643 1255 1734 1275 sermo

941 1297 1074 1328 vincatur,
1088 1303 1140 1323 non
1156 1296 1277 1330 negabo;
1299 1296 1346 1323 sed
1364 1303 1415 1323 non
1439 1295 1542 1322 Idcirco
1556 1294 1656 1322 Christi
1677 1301 1734 1328 my-

941 1341 1052 1367 sterium
1066 1349 1119 1368 non
1135 1341 1281 1374 credatur;
1295 1341 1342 1367 sed
1358 1340 1445 1374 magis
1457 1340 1492 1367 sit
1510 1340 1609 1366 tnerito
1625 1339 1735 1365 mirabi-

942 1385 1004 1414 lius.
1019 1387 1125 1420 Quanto
1142 1386 1214 1414 enim
1232 1384 1304 1413 outni
1321 1391 1362 1413 est
1385 1390 1474 1413 mente
1494 1385 1618 1419 superius
1638 1388 1664 1411 et
1680 1391 1736 1411 scr-

943 1441 1033 1466 tnone,
1049 1437 1123 1460 tanto
1139 1433 1223 1468 magis
1238 1432 1308 1459 ultra
1329 1439 1437 1459 omnem
1462 1429 1670 1458 admirationem
1688 1437 1735 1463 po-

944 1480 1060 1507 nendum
1078 1482 1115 1507 est
1122 1500 1128 1507 .

979 1525 1094 1553 Carnem
1120 1532 1184 1552 vero
1202 1525 1302 1552 factum
1327 1524 1458 1556 Verbum,
1476 1520 1504 1549 id
1529 1526 1580 1554 est,
1600 1521 1735 1548 hominem

909 1584 930 1614 ρ
946 1572 1109 1607 perfectum,
1125 1579 1176 1599 non
1192 1571 1309 1598 dicimus
1337 1576 1463 1597 mensttra
1481 1567 1604 1603 corporis
1617 1571 1735 1614 compro-

949 1618 1041 1651 hendi,
1058 1618 1084 1645 id
1106 1618 1176 1644 cnim
1203 1616 1399 1651 ineptissinuun
1414 1620 1474 1648 est;
1494 1613 1541 1642 sed
1566 1612 1677 1647 implere
1699 1611 1736 1638 sic

949 1672 1055 1701 quoque
1070 1664 1217 1696 credimus,
1236 1664 1304 1691 sicut
1321 1663 1398 1694 solet,
1421 1661 1519 1689 coelum
1537 1666 1564 1688 et
1582 1664 1694 1691 terram,
1711 1662 1735 1685 et

949 1718 1008 1745 quae
1020 1709 1135 1737 inferius
1149 1709 1235 1745 posita
1254 1713 1318 1736 sunt.
1337 1717 1344 1735 :
1360 1708 1449 1735 munia
1467 1706 1566 1734 etenitn
1581 1705 1659 1740 plena
1676 1709 1736 1731 sttnt

949 1757 1014 1788 Deo,
1028 1761 1055 1784 et
1070 1757 1159 1783 omnia
1176 1756 1224 1791 ipsi
1241 1754 1351 1790 parvula
1369 1758 1443 1781 sunt.
1460 1755 1494 1780 At
1515 1752 1650 1787 quomodo
1665 1755 1692 1776 et
1711 1750 1737 1776 in

948 1803 1072 1838 singulis,
1085 1808 1112 1830 et
1126 1803 1152 1829 in
1168 1802 1294 1829 omnibus
1309 1806 1382 1828 totus
1397 1802 1443 1832 sit,
1461 1800 1597 1827 itttellcetu
1613 1797 1740 1830 dictuque

949 1848 1055 1876 diiiicilc
1071 1853 1123 1880 est,
1141 1848 1195 1874 imo
1212 1854 1277 1874 vero
1293 1846 1375 1873 etiam
1398 1843 1573 1880 impossibile.
1597 1842 1624 1869 Id
1638 1847 1738 1872 autem,

949 1900 979 1922 ut
991 1894 1138 1928 opinor,eo
1150 1891 1360 1927 possidet,quod
1375 1892 1551 1925 incorporeus
1564 1888 1596 1917 sit
1613 1893 1640 1915 et
1656 1887 1741 1915 indis-

949 1939 1090 1976 pet‘tibilis.

983 1984 1125 2019 Proprium
1142 1989 1232 2010 autem
1259 1982 1339 2010 Verbi
1357 1990 1457 2017 corpus
1477 1982 1577 2009 dicitur
1592 1989 1608 2008 a
1631 1979 1709 2007 nobis
1731 1987 1738 2005 :

949 2039 1002 2059 non
1022 2030 1248 2065 quemadmodum
1267 2028 1393 2063 propritts
1414 2032 1456 2055 est
1473 2027 1590 2054 hominis
1604 2026 1683 2056 risus,
1699 2024 1739 2052 vel

948 2078 1010 2113 equi
1025 2076 1159 2108 hinnitus;
1184 2075 1231 2103 sed
1249 2075 1330 2109 quod,
1354 2074 1454 2100 factum
1472 2074 1556 2108 ipsius
1574 2080 1621 2108 per
1636 2073 1739 2098 aduna—

950 2124 1049 2151 tionem
1065 2130 1168 2154 veram,
1191 2121 1363 2157 instrumenti
1380 2120 1404 2147 ei
1427 2120 1547 2154 praebeat
1564 2119 1691 2150 oliiciutn,
1707 2118 1740 2144 ad

949 2170 1149 2205 exsequendum
1163 2175 1193 2196 ea
1209 2175 1267 2203 qum
1289 2174 1364 2194 more
1384 2165 1464 2193 solito
1480 2171 1618 2200 operatur,
1640 2165 1742 2200 absque

950 2217 1009 2245 solo
1024 2220 1143 2251 peccato.

522 2273 613 2300 τητος,
637 2265 721 2300 μόνην
755 2266 821 2300 ἡμῖν
851 2274 883 2300 ση

985 2263 1032 2292 Sin
1046 2271 1109 2291 vero
1127 2263 1198 2290 Deus
1216 2261 1330 2289 Veritum
1349 2259 1430 2287 etiam
1447 2258 1558 2285 tnissutn
1575 2256 1656 2284 fuisse
1672 2255 1741 2284 forte

523 2310 613 2345 μαίνει
632 2310 764 2346 διαφορὰν
777 2311 830 2338 τῶν
848 2311 899 2345 φύς

521 2365 589 2383 σεων
620 2356 650 2382 τὸ
683 2357 819 2392 διάφορον.
852 2355 899 2389 Εἷς

521 2401 574 2436 γὰρ
599 2400 628 2434 ἐξ
666 2402 767 2436 ἀμφοῖν
800 2403 902 2429 νοεῖται

522 2447 647 2482 Χριστός.
661 2447 766 2474 Οὐκοῦν
777 2447 806 2473 τὺ
815 2447 899 2481 ἀσύγ-

523 2504 603 2530 χυτον
612 2492 717 2530 εὖμάλοι
731 2494 899 2530 τετηρηκὼς,

524 2540 605 2575 φησὶν
619 2541 647 2566 ἐν
664 2541 731 2575 ἡμῖν
749 2540 901 2575 ἐσκηνωκέ-

524 2595 568 2613 vzt
587 2587 631 2613 τὸν
654 2587 749 2622 Λόγον.
764 2587 831 2613 Ἕνα
848 2586 901 2621 γὰρ

149 2759 189 2794 (1)
211 2759 239 2786 ld
264 2765 315 2791 est,
339 2768 398 2795 qua:
420 2763 470 2789 viri
492 2762 660 2796 amplexibus
685 2762 825 2795 inquinata
851 2770 901 2788 non

116 2795 222 2832 inisset.
244 2796 365 2832 [iubendi
384 2798 457 2823 enim
484 2795 642 2825 vocabulum
670 2805 743 2832 strpe
768 2797 903 2832 reperitur

116 2832 143 2858 in
159 2831 294 2858 obscenis.
311 2830 378 2858 llinc
396 2831 458 2858 illud
472 2840 504 2858 cx
523 2832 665 2865 Evangelia
685 2830 714 2858 υξ
734 2832 816 2858 Marci
829 2840 835 2858 z
850 2831 904 2857 Ne-

117 2873 167 2899 que
194 2866 300 2896 nubem.
322 2873 402 2900 neque
418 2867 556 2894 Imitentur.
591 2868 622 2894 Et
644 2867 688 2893 lih.
707 2875 746 2896 vr.
768 2867 905 2900 Capitula-

119 2902 188 2928 riqu
205 2908 263 2934 cap.
281 2900 333 2927 209
349 2909 355 2927 1
373 2902 403 2928 Si
420 2903 472 2936 ipse
487 2907 571 2929 (auten
595 2904 718 2935 innuptas
738 2901 775 2928 t‘rl
796 2902 905 2935 innupta

953 2310 1070 2342 dicatur,
1088 2317 1121 2336 ne
1136 2309 1197 2343 quis
1214 2311 1333 2334 vcstrutn
1356 2309 1500 2336 terreatur,
1519 2303 1582 2329 illud
1597 2302 1718 2337 cogitans
1732 2309 1739 2326 :

953 2356 1011 2390 Quo
1026 2359 1117 2390 perget
1129 2355 1328 2388 incorporeum,
1340 2352 1381 2379 vel
1397 2357 1449 2385 quo
1467 2350 1543 2376 cedet
1557 2349 1579 2375 is
1596 2356 1649 2382 quo
1663 2347 1739 2382 plena

952 2408 1018 2430 sunt
1032 2401 1145 2429 omnia?
1160 2400 1235 2427 Sciat
1258 2403 1347 2426 atttetn
1372 2396 1466 2432 magis,
1490 2394 1561 2430 quod
1576 2393 1608 2421 sit
1631 2397 1658 2419 et
1673 2391 1741 2419 alius

955 2447 1091 2475 missionis
1103 2448 1207 2474 modus.
1222 2445 1278 2472 Non
1293 2450 1321 2471 ut
1334 2444 1422 2471 locum
1435 2442 1467 2470 de
1480 2441 1550 2473 loco,
1560 2440 1603 2475 qtti
1617 2439 1740 2470 mittitur,

956 2499 1057 2526 mutet;
1073 2493 1120 2521 sed
1138 2499 1165 2519 ut
1183 2491 1362 2519 tninisterium
1379 2489 1465 2524 magis
1478 2495 1587 2515 sacrum
1600 2484 1740 2520 suscipiat,

955 2541 1025 2575 quod
1052 2539 1132 2566 etiam
1156 2538 1294 2572 discipulis
1320 2537 1470 2572 injttnctum
1497 2541 1557 2561 esse
1583 2531 1744 2560 discimusa

955 2585 1062 2613 Christo
1077 2584 1195 2612 omnium
1215 2583 1364 2610 Salvatorc.

957 2761 1138 2794 permanseril.
1159 2760 1257 2787 BaLuz.

990 2796 1028 2830 (2)
1049 2796 1113 2827 Qun:
1127 2801 1285 2829 sequuntur,
1303 2794 1435 2830 usquead
1448 2794 1548 2830 luctatn
1569 2793 1660 2830 Jacobi
1681 2800 1741 2830 curn

954 2827 1050 2863 angelo
1073 2827 1266 2864 eaqnc’vcrba,
1287 2836 1346 2862 cap.
1370 2828 1398 2855 5|
1413 2848 1420 2860 ,
1444 2829 1609 2855 latitudinem
1635 2827 1742 2864 raptoris

955 2865 1023 2900 ejus,
1037 2863 1133 2893 tlesuut
1148 2866 1173 2892 in
1189 2864 1351 2892 editionibus
1365 2864 1488 2899 vulgatis,
1501 2869 1526 2891 ct
1541 2871 1609 2890 mtttc
1626 2863 1743 2898 primum

956 2901 1080 2928 eduntur.
