1907 3038
215 169 283 196 1593

707 170 736 197 S.
755 169 893 197 CVRILLI
913 169 1147 199 ALEXANDRINI
1167 173 1328 201 ARCllIEP.

1784 175 1850 203 I530

250 225 369 260 Denique
386 226 466 253 etiam
490 226 598 254 divinus
620 224 720 255 Paulus
743 229 782 255 ait
808 228 841 255 de
866 228 998 256 Christo:
1014 230 1035 258 Δ
1055 241 1063 253 ι
1079 230 1163 258 Amen
1183 232 1243 260 dico
1268 233 1355 267 vobis,
1374 238 1518 268 antequam
1539 234 1680 261 Abraham
1699 239 1787 266 esset,
1802 241 1848 270 ego

216 280 225 296 ε
245 271 324 306 Ergo,
337 271 433 298 fratres
447 273 543 304 sancti,
556 273 704 301 vocationis
717 274 833 301 corlestis
843 274 997 308 participes,

214 317 383 344 considerate
410 317 558 351 apostolum
586 324 612 344 et
640 320 795 352 pontiﬁcem
822 320 1000 348 confessionis

214 368 314 390 nostrae
338 362 429 390 Jesum
442 364 462 388 ³.
480 373 490 389 ι
512 364 703 392 Animadverte
724 370 813 393 autem
832 368 913 401 quod,
937 375 998 393 cum

213 416 273 436 eum
299 408 494 435 ministrantem
521 409 659 436 hominum
684 419 759 438 more
780 413 913 444 ostendit,
937 413 998 439 licet

214 458 307 480 natura
323 453 357 480 sit
373 453 451 484 Deus.
469 459 532 481 tunc
550 455 574 481 ei
592 456 673 482 etiam
696 457 811 484 ollicintu
835 458 999 492 apostolatus

212 498 332 525 attribttit
353 508 359 525 :
383 499 448 525 nihil
471 505 571 532 autem,
588 505 616 527 ttt
631 507 693 529 ante
712 503 839 535 diximus,
853 503 997 530 absurdum

211 547 262 574 est,
280 543 302 570 si
322 543 391 570 Deus
407 543 523 571 Verbum
543 546 611 572 mitti
635 547 716 574 etiam
741 548 845 575 dicatur
866 557 880 575 a
900 548 996 583 Patre;

212 588 302 622 implet
318 596 433 623 namque
449 591 600 618 certissime
621 593 723 625 omnia,
742 598 768 620 et
793 594 856 620 nulli
878 594 936 622 loco
952 603 998 629 pe-

211 634 281 660 nitus
295 633 370 661 deest
386 643 393 661 ε
410 643 460 662 nos
481 643 545 662 vero
568 636 692 664 immanis
716 639 826 666 vocibus
844 640 932 667 divina
956 641 997 667 in-

211 684 399 714 terpretantes,
416 681 619 716 ﬁgttrationibus
637 685 758 718 corporis
775 685 936 712 immortalis
952 694 998 712 tta-

210 728 277 751 turte
290 725 516 759 dispensationem
532 728 649 756 solemus
663 729 822 764 intelligere.

247 771 366 804 Denique
392 780 452 799 cum
481 779 590 801 sanctus
619 774 735 808 Spiritus
761 776 850 802 omnia
879 777 996 811 impleat,

210 817 302 843 setibil
321 817 414 845 beatus
433 818 540 849 Paulus.
557 824 584 845 et
608 820 673 846 dicit
699 829 704 847 :
724 830 732 845 ι
750 820 881 854 Quoniam
907 829 995 850 autent

209 864 274 889 estis
292 863 349 894 lilii,
372 864 444 890 misit
472 864 542 891 Deus
567 864 695 900 Spiritutn
720 866 781 893 Filii
806 868 845 894 sui
866 868 891 894 in
916 869 995 895 corda

210 912 311 938 nostra,
323 908 347 933 in
365 917 417 942 quo
428 909 574 936 clamamus
590 920 595 936 :
609 910 683 937 Abba
699 911 808 939 Patet".
821 921 830 938 ι
850 913 893 939 Ait
905 919 992 940 autem
1012 909 1030 937 8

209 957 235 978 et
253 953 310 986 ipse
325 953 448 981 Salvator
465 963 471 980 ι
489 964 497 980 ι
515 955 627 988 Expedit
642 956 727 988 vobis,
744 963 771 983 ut
785 965 833 990 ego
845 965 920 989 eam;
935 966 994 984 nam

208 998 230 1023 si
250 1005 302 1024 non
327 999 429 1029 abiero.
453 999 609 1027 Parui-lctus
635 1009 687 1027 non
711 1003 799 1028 veniet
817 1004 850 1028 ad
873 1011 920 1030 vos
940 1004 960 1030 ⁷.
983 1012 993 1029 t

209 1040 320 1076 Oportet
333 1043 413 1078 igitur
426 1044 457 1070 ad
471 1046 602 1072 rationem
616 1047 723 1080 pietatis
734 1048 823 1074 omnia
837 1048 993 1080 referentes,

207 1092 278 1113 certa
293 1089 456 1121 cogitatione
472 1091 570 1117 sectari
592 1100 598 1116 :
618 1091 643 1118 id
662 1092 733 1119 enim
758 1092 886 1120 facientes
905 1095 994 1122 nobis-

207 1133 327 1167 metipsis
343 1134 460 1162 maxime
474 1135 663 1169 profuerintus.

503 1224 576 1252 CAP.
598 1224 692 1253 XXVI.

257 1290 392 1320 ()uomodo
411 1291 566 1326 intelligitur
585 1294 715 1326 Θεοτὸκος
736 1295 815 1330 Virgo
832 1304 934 1324 sancta.

238 1354 333 1382 Natum
351 1361 389 1382 est
405 1358 513 1391 quidem
530 1360 752 1389 inzestimahiliter
769 1363 886 1390 Verbum
905 1365 949 1392 Dei
964 1371 990 1393 et

202 1399 305 1431 Patris;
324 1408 350 1428 et
367 1403 422 1430 Itmc
437 1406 575 1438 generatio
596 1414 703 1433 omnem
720 1415 827 1435 sensum
848 1411 990 1444 cogitatio-

202 1454 318 1481 nemque.
337 1451 512 1482 transcendit,
531 1456 556 1478 et
573 1457 614 1479 est.
630 1453 791 1488 incorporali
806 1461 909 1484 naturte
923 1465 990 1485 cun-

201 1492 322 1520 \'eniens.
338 1493 528 1522 Verumtamen
551 1497 577 1523 id
599 1500 668 1532 quod
688 1505 779 1526 natum
798 1507 850 1533 est,
867 1504 989 1537 proprius

201 1542 293 1570 partus
307 1538 466 1573 intelligitur
477 1541 623 1574 Genitoris,
634 1549 658 1570 et
673 1545 792 1579 ejusdem
807 1555 867 1573 cum
883 1556 915 1575 eo
928 1550 990 1576 sub-

201 1584 325 1614 stantia';
353 1585 466 1620 idcoque
486 1588 566 1614 etiam
583 1589 667 1617 Filius
694 1593 855 1624 nominatur,
883 1595 990 1622 nomine

201 1629 458 1662 scilicetindicante
475 1635 549 1667 quasi
575 1643 665 1662 veram
687 1638 876 1674 sinceramque
893 1649 989 1674 proge-

202 1673 287 1705 niem;
308 1675 353 1701 sed
369 1684 429 1702 cum
443 1678 478 1704 Sil.
492 1678 568 1704 vivus
584 1679 609 1706 in
626 1685 756 1708 teternum
772 1682 862 1716 Pater,
880 1693 990 1712 necesse

201 1723 253 1750 est,
269 1727 328 1743 eum
345 1729 450 1754 quoque
467 1723 558 1750 vivere
579 1725 604 1751 in
619 1731 760 1758 :eternum,
785 1734 893 1762 propter
909 1739 987 1765 qttcnt

200 1768 241 1788 ρει
270 1763 358 1791 Pater.
385 1766 468 1800 Igitur
494 1777 503 1792 ι
523 1768 548 1794 In
577 1771 709 1805 principio
734 1778 792 1799 erat
808 1763 935 1807 Verbum,
963 1781 988 1802 et

201 1808 271 1835 Deus
295 1815 352 1836 erat
381 1811 508 1844 Verbum,
533 1819 559 1841 et
584 1820 642 1842 erat
668 1817 748 1843 etiam
779 1818 894 1847 Verbunt
918 1824 987 1856 apud

200 1854 282 1882 Deum
300 1856 320 1887 ⁸,
338 1866 346 1881 ι
366 1862 393 1882 ut
406 1859 620 1892 sapientissimus
641 1862 807 1898 Evangelista
826 1873 988 1894 commemo-

200 1906 251 1925 rat.
276 1900 302 1926 ln
322 1905 553 1932 consummatione
575 1913 664 1933 autem
689 1913 849 1944 temporum,
877 1919 988 1948 propter

199 1954 248 1974 nos
264 1947 396 1979 homines,
414 1955 441 1976 et
461 1956 572 1984 propter
591 1959 710 1980 nostram
730 1957 841 1983 salutem
862 1958 987 1986 incarna-

200 1997 255 2018 tnm
272 1998 322 2025 est,
345 1999 371 2021 ct
386 1996 467 2021 homo
487 2002 528 2023 est
552 1997 670 2032 factum;
695 2008 746 2027 non
770 2003 894 2031 amittens
916 2006 985 2037 quod

199 2043 268 2070 erat,
285 2039 331 2065 sed
349 2040 468 2067 retinens
491 2041 724 2071 inconvertibilem
747 2054 822 2072 suam
849 2054 984 2081 naturant,

199 2087 226 2109 et
241 2092 347 2118 semper
359 2085 383 2110 itt
399 2086 548 2114 divinitatis
564 2089 671 2124 fastigio
688 2091 862 2125 collocatam;
877 2094 985 2121 subiens

201 2133 290 2156 tamen
307 2136 416 2165 propter
432 2140 479 2159 nos
496 2133 693 2168 dispensatorie
711 2137 983 2172 exinanitatem;nec

199 2175 364 2203 inhonoraus
390 2177 437 2212 [id
463 2185 516 2210 cst,
542 2188 592 2206 non
619 2181 789 2219 despiciens]
817 2187 982 2219 pauperiem,

197 2228 255 2253 qnzc
280 2221 402 2248 humana:
429 2229 531 2250 naturae
547 2227 672 2252 convenit
695 2236 701 2253 :
726 2235 786 2254 nam
802 2232 813 2253 ἰ
830 2237 890 2256 cum
913 2236 983 2258 esset

196 2264 280 2296 dives,
296 2274 396 2299 pauper
409 2272 449 2293 est
467 2268 563 2300 l'actus,
580 2270 649 2296 sicut
663 2272 792 2306 scriptum
810 2279 851 2300 est
867 2284 872 2301 :
889 2281 918 2302 ιιι
934 2283 982 2302 nos

195 2315 352 2344 paupertate
380 2311 437 2344 ejus
458 2313 553 2340 divites
578 2321 698 2343 essemus
724 2319 743 2343 '.
763 2328 772 2344 t
805 2318 915 2346 Factum
942 2326 983 2348 est

197 2355 278 2389 igitur
297 2355 387 2386 homo,
405 2362 430 2383 et
447 2360 645 2392 generationem
659 2370 691 2388 ex
706 2364 816 2391 muliere
825 2373 933 2399 passum
943 2367 982 2393 di-

196 2399 274 2425 citur.
292 2399 374 2434 igitur
387 2407 527 2435 propterea
541 2405 611 2438 quod
635 2414 666 2432 cx
684 2414 774 2435 sancta
796 2409 902 2444 Virgine
921 2419 982 2439 vere

194 2445 245 2471 sibi
257 2446 401 2473 adunatum
414 2455 510 2482 corpus
524 2452 676 2484 acceperit;
696 2453 757 2481 inde
776 2456 905 2483 Θεοτόκον
921 2465 980 2485 esse

195 2489 309 2516 dicimus
331 2490 466 2525 Virginem
488 2499 621 2527 sanctam,
641 2497 703 2530 quia
727 2498 751 2524 id
777 2500 902 2534 humane,
926 2503 983 2529 sive

194 2536 340 2562 secundum
354 2544 462 2564 carnem
480 2540 593 2574 peperit,
610 2541 671 2568 licet
684 2543 796 2571 haberet
807 2551 869 2573 ante
884 2549 980 2575 merula

193 2584 392 2615 gerierationcm
409 2593 440 2612 ex
456 2585 545 2613 Patre.

229 2625 337 2659 Opinari
360 2635 448 2656 autent
476 2631 619 2658 nonnullos
643 2632 760 2660 Verbum
785 2635 847 2664 hinc
873 2637 979 2665 ittitiunt

192 2671 278 2698 fuisse
295 2672 430 2708 'sortitnm,
454 2685 513 2703 cntn
537 2677 618 2705 homo
636 2679 671 2705 sit
697 2679 808 2712 factum,
835 2683 979 2716 impietatis

191 2721 234 2744 est
257 2718 408 2754 l'urorisque
433 2721 628 2755 plenissimum.
657 2724 709 2752 Eos
732 2728 830 2754 etettint
852 2729 979 2764 insipien-

193 2763 312 2792 tissimus
323 2773 392 2798 esse,
406 2769 564 2795 monstravit
580 2770 636 2804 ipse
647 2771 770 2799 Salvator
781 2774 813 2799 de
824 2782 852 2801 se
867 2775 957 2804 dit-eus
970 2786 977 2804 :

226 2843 236 2858 ⁵
252 2843 334 2871 llebr.
358 2854 398 2875 ιιι,
421 2848 444 2873 l.

484 2849 493 2862 ⁶
513 2847 600 2875 Culat.
618 2858 653 2882 tv,
675 2852 700 2878 6.

196 2875 216 2890 ”
231 2877 309 2906 .loau.
332 2889 350 2913 ι,
365 2881 408 2908 30.

739 2853 748 2867 ⁷
768 2853 844 2880 .loan.
866 2863 920 2885 va.
937 2857 963 2884 7.

449 2882 469 2897 ³³
486 2882 562 2908 Joau.
579 2892 603 2916 .\,
619 2885 662 2912 ‘23.

704 2887 746 2913 “l
767 2889 829 2915 Cor.
847 2898 866 2921 t,
880 2892 914 2918 ‘25

1002 2860 1011 2875 ³
1028 2860 1105 2889 Joau.
1126 2871 1143 2895 ι,
1163 2864 1186 2891 l.

1051 283 1111 303 sum
1131 277 1201 305 ¹⁰·¹¹.
1226 289 1235 304 ι
1261 279 1402 314 Quomodo
1423 280 1496 306 enim
1515 279 1595 307 aliter
1620 285 1687 307 ante
1711 280 1845 307 Abraham

1050 328 1121 353 erat,
1137 324 1182 358 qni
1199 323 1289 350 multis
1305 329 1364 358 post
1385 325 1550 359 temporibus
1564 325 1721 352 secundum
1739 332 1846 352 carnem

1051 373 1129 395 natus
1147 370 1210 396 est?
1230 369 1302 397 Salis
1320 375 1409 397 autem
1432 371 1514 406 ipsos,
1529 375 1558 397 ut
1573 371 1681 406 opinor,
1704 371 1848 403 redargnet

1050 413 1159 441 divinus
1171 414 1289 442 Joannes
1301 416 1392 444 dicens
1406 425 1414 444 ε
1428 426 1437 442 ι
1450 417 1500 444 Hic
1511 421 1580 449 erat,
1591 417 1625 444 de
1635 424 1692 450 quo
1705 424 1762 450 ego
1774 417 1846 443 dixi:

1050 458 1111 486 Post
1126 467 1168 486 me
1181 462 1252 488 venit
1265 462 1316 493 vir,
1329 462 1372 496 qui
1388 467 1510 490 anteme
1522 462 1611 490 lactus
1623 468 1676 494 est,
1691 462 1758 497 quia
1776 463 1848 497 prior

1049 513 1091 532 me
1108 513 1165 532 erat
1179 506 1208 533 ¹¹.
1231 515 1240 531 t
1848 517 1850 529 ῖ

1086 551 1177 587 794⁸
1199 552 1440 586 Prtetermittentes
1462 554 1544 589 igitur
1566 554 1593 581 iu
1619 562 1648 581 re
1669 559 1726 581 tam
1752 553 1844 580 frivola

1048 597 1107 623 sine
1121 606 1204 624 causa
1224 603 1341 632 certare,
1362 600 1395 627 ad
1413 600 1477 627 illttd
1496 601 1582 635 magis
1600 600 1760 631 veniamus,
1776 600 1845 634 quod

1048 642 1129 668 etiam
1149 643 1322 671 emolumenti
1346 645 1447 679 aliquid
1469 646 1554 680 possit
1570 645 1679 677 aﬂ'erre,
1703 653 1739 672 ne
1762 645 1845 672 mole-

1048 690 1089 713 ste
1109 686 1196 714 lerant
1216 689 1334 715 nonnulli
1356 689 1507 721 audientes,
1528 697 1588 716 esse
1611 694 1739 716 sanetam
1759 687 1843 722 Virgi-

1049 739 1110 758 nem
1131 732 1273 766 Gsozdxov,
1293 742 1342 761 nec
1358 735 1558 762 incredulitatis
1577 734 1700 762 Iudaicae
1715 742 1783 761 snas
1799 742 1844 767 op-

1048 778 1139 812 pleant
1153 784 1267 811 mentes,
1281 780 1335 807 into
1347 788 1410 807 vero
1429 782 1509 808 etiam
1522 782 1661 816 paganica
1681 781 1840 815 impietatis.

1048 823 1129 850 Judaei
1153 825 1251 851 etenim
1277 826 1503 860 aggrediebantur
1529 827 1667 854 Christum
1692 827 1840 854 dieeutes:

1051 879 1060 894 ι
1076 869 1114 897 De
1131 870 1201 897 bono
1215 879 1295 906 opere
1309 880 1361 899 non
1380 872 1529 907 lapidannts
1545 878 1585 904 te;
1602 874 1649 900 sed
1662 873 1697 900 de
1715 873 1840 907 blasphe-

1048 916 1110 947 mia,
1125 917 1266 950 quodcum
1279 917 1316 944 sis
1328 917 1420 948 ltonto,
1433 918 1500 945 facis
1512 922 1538 945 te
1555 918 1682 946 Deum”.
1703 928 1713 945 ι
1730 920 1764 945 At
1780 926 1840 945 vero

1048 961 1094 987 lilii
1123 969 1287 996 paganorum
1314 963 1443 990 Ecclesia:
1467 966 1592 998 dogmata
1614 965 1767 996 derident.
1795 972 1839 990 an—

1046 1007 1149 1034 dientes
1164 1015 1195 1034 ex
1210 1009 1320 1035 muliere
1335 1008 1418 1036 Deum
1440 1017 1500 1037 esse
1521 1011 1712 1044 progenitum;
1736 1012 1784 1038 sed
1804 1011 1838 1037 illi

1045 1053 1152 1085 quidem
1170 1062 1225 1081 sua:
1241 1055 1383 1084 dementia:
1403 1057 1521 1084 exedent
1543 1057 1662 1087 fructus.
1680 1063 1709 1084 et
1730 1057 1838 1084 audient

1045 1107 1059 1126 a
1088 1101 1214 1128 nobisu
1231 1101 1335 1129 Stultus
1361 1102 1441 1129 stulte
1467 1103 1596 1138 loquitur.
1625 1108 1653 1130 ct
1681 1111 1732 1131 car
1757 1104 1838 1137 ipsius

1045 1153 1111 1172 vana
1128 1147 1266 1182 intelliget.
1282 1158 1290 1173 ι
1313 1147 1402 1175 Nostri
1423 1149 1494 1176 enim
1522 1150 1644 1184 mysterii
1668 1150 1755 1180 ratio,
1776 1150 1838 1177 licet

1043 1191 1143 1220 Judaeis
1163 1194 1199 1220 sit
1218 1194 1386 1226 scandalum,
1409 1196 1534 1229 gentibus
1552 1201 1641 1223 autem
1662 1196 1785 1223 stultitia
1798 1197 1834 1229 “;

1043 1238 1119 1265 nobis
1135 1243 1234 1271 tamen,
1258 1240 1329 1274 quod
1348 1241 1459 1273 scimus,
1473 1249 1537 1268 vere
1556 1247 1599 1268 est
1620 1242 1798 1274 admirabile,
1811 1247 1837 1268 et

1043 1283 1170 1316 salutare,
1187 1289 1213 1310 et
1230 1285 1418 1318 dignissimum
1433 1286 1505 1312 credi
1522 1296 1528 1313 :
1544 1291 1571 1313 et
1591 1287 1613 1314 si
1630 1293 1704 1314 esset
1727 1288 1836 1314 omnino

1042 1327 1195 1362 quisquam,
1210 1330 1254 1363 qui
1274 1330 1364 1358 dicere
1383 1332 1505 1364 auderet,
1528 1333 1598 1359 hanc
1614 1340 1731 1359 carnem
1752 1338 1835 1360 terre-

1042 1381 1102 1400 nam
1122 1375 1199 1401 nndte
1222 1376 1370 1403 divinitatis
1392 1377 1475 1404 fuisse
1501 1378 1672 1412 genitricem,
1703 1386 1732 1406 et
1755 1387 1788 1407 ex
1805 1387 1834 1406 ea

1040 1424 1163 1446 creatura
1187 1421 1260 1447 omni
1280 1422 1446 1455 superiorem
1474 1428 1562 1449 natant
1588 1423 1674 1450 fuisse
1696 1431 1832 1457 naturam,

1042 1464 1145 1492 insania
1163 1466 1187 1492 id
1208 1472 1279 1493 esset
1296 1472 1322 1494 et
1345 1467 1430 1493 furor.
1451 1467 1544 1502 Neque
1561 1469 1632 1495 enim
1659 1477 1695 1496 ex
1715 1476 1788 1497 terra
1798 1472 1833 1498 di-

1043 1511 1103 1537 vina
1117 1517 1157 1538 est
1174 1511 1244 1538 facta
1258 1517 1371 1543 natura;
1391 1521 1440 1540 nec
1459 1515 1635 1548 corruptibile
1652 1515 1835 1550 incorruptio-

1042 1556 1084 1583 nis
1101 1557 1175 1583 radix
1204 1565 1321 1592 unquam
1346 1558 1412 1591 ﬁet;
1435 1567 1484 1586 nec
1509 1561 1664 1587 mortalitas
1689 1563 1778 1594 pariet
1797 1563 1834 1588 vi-

1043 1605 1096 1628 tam
1111 1610 1118 1633 ;
1135 1609 1185 1629 nec
1200 1603 1323 1635 corporis
1339 1602 1485 1630 tractabilis
1511 1605 1684 1639 incorporale
1710 1606 1756 1632 [iet
1771 1615 1832 1639 ger-

1041 1655 1120 1679 men;
1138 1655 1186 1674 ncc
1209 1649 1357 1675 increatuut
1376 1657 1390 1675 a
1415 1656 1507 1677 creato
1525 1657 1670 1685 nascetur;
1693 1660 1744 1680 nec
1762 1653 1830 1686 quod

1041 1693 1142 1726 absque
1158 1694 1242 1724 initio,
1261 1695 1293 1720 ab
1307 1702 1339 1721 eo
1352 1695 1422 1729 quod
1440 1696 1519 1722 habet
1532 1697 1650 1723 initium.

1076 1739 1174 1765 Verum
1197 1740 1327 1773 qnoniant
1354 1740 1400 1767 Dei
1423 1741 1538 1768 Verbum
1558 1743 1636 1775 jnvta
1662 1752 1713 1771 nos
1734 1745 1830 1772 factum

1039 1790 1098 1810 esse
1114 1783 1290 1817 aﬂirntamus,
1307 1790 1333 1812 et
1349 1786 1448 1814 nostris
1463 1789 1623 1821 Corporibus
1638 1797 1739 1824 corpus
1757 1798 1830 1817 surn-

1041 1829 1128 1862 psisse
1157 1830 1306 1862 consimile,
1333 1831 1414 1865 idque
1439 1832 1489 1858 sibi
1516 1834 1658 1861 verissime
1684 1836 1828 1867 adnnasse,

1039 1881 1138 1901 arcana
1159 1875 1389 1912 inenarrabiliqne
1405 1880 1520 1911 ratione,
1537 1885 1563 1906 et
1576 1881 1616 1907 sic
1634 1881 1774 1909 hominem
1793 1883 1825 1909 fa»

1038 1923 1111 1945 ctum
1128 1921 1274 1948 carnaliter
1287 1927 1378 1950 ttattttn
1394 1931 1465 1956 esse,
1481 1926 1544 1960 quid
1558 1926 1708 1953 absttrdunt
1725 1934 1778 1960 est,
1792 1929 1830 1955 vel

1039 1966 1110 1998 quod
1133 1967 1208 1993 credi
1232 1975 1284 1994 nmt
1309 1968 1421 1997 debeat?
1442 1971 1508 1998 Cum
1531 1975 1686 2006 praesertim
1715 1976 1829 2003 hominis

1039 2011 1139 2044 anima,
1157 2017 1184 2038 ut
1199 2013 1348 2047 srepissime
1362 2015 1490 2049 diximus,
1509 2026 1570 2044 cuttt
1585 2020 1619 2046 sit
1643 2026 1750 2048 natura:
1766 2021 1829 2048 alte-

1037 2057 1094 2084 rius
1107 2063 1203 2091 prmter
1218 2067 1326 2094 corpus,
1342 2067 1468 2089 nascatur
1485 2068 1574 2091 tanten
1598 2074 1660 2092 cunt
1680 2067 1751 2100 ipso,
1771 2076 1827 2094 cmtt

1038 2103 1072 2129 sit
1096 2103 1119 2130 ei
1143 2104 1270 2136 adunata,
1298 2114 1346 2133 nec
1367 2108 1510 2142 quisquam
1532 2110 1683 2138 arbitretur
1704 2118 1826 2140 natumut

1002 2158 1022 2184 ι)
1037 2150 1158 2182 corporis
1175 2152 1272 2178 animm
1296 2153 1401 2181 initittm
1427 2156 1548 2188 pra-here
1569 2159 1752 2192 substantiae;
1782 2163 1825 2188 sed

1035 2195 1155 2220 immittit
1171 2197 1277 2229 quidem
1294 2198 1377 2231 ipsam
1394 2199 1618 2230 inatstimabilitcr
1636 2205 1708 2232 Deus
1725 2206 1752 2232 in
1770 2215 1826 2233 eor-

1035 2248 1094 2274 pns,
1110 2246 1134 2266 ct
1159 2249 1219 2267 cum
1246 2242 1303 2275 ipso
1322 2244 1404 2271 etiam
1428 2246 1567 2274 nascitur:
1583 2257 1666 2276 unum
1684 2255 1774 2278 tanien
1795 2260 1825 2279 ex

1035 2289 1148 2318 utroque,
1164 2285 1262 2312 animal
1278 2288 1432 2320 definimus.
1449 2291 1584 2319 hominem
1608 2294 1726 2321 scilicet.
1747 2295 1826 2331 Igitur

1036 2329 1152 2357 Verbum
1175 2332 1282 2364 quidem
1308 2333 1378 2361 Deus
1402 2341 1472 2367 erat,
1496 2336 1598 2364 factum
1615 2345 1659 2366 est
1685 2329 1777 2368 autem
1801 2346 1826 2368 et

1037 2375 1127 2405 homo,
1146 2380 1171 2401 ct
1182 2376 1244 2410 quia
1260 2382 1350 2405 uatum
1363 2384 1404 2405 est
1419 2381 1566 2407 secundum
1580 2389 1704 2414 carnem,
1720 2389 1827 2418 propter

1037 2419 1232 2448 humanitatem
1256 2424 1439 2451 necessarium
1462 2431 1514 2457 est,
1540 2433 1569 2454 ut
1588 2435 1649 2461 qum
1672 2429 1762 2462 ipsum
1781 2438 1825 2463 pe-

1034 2468 1114 2501 perit,
1130 2469 1165 2494 sit
1180 2467 1327 2500 Θεοτόκοςτ
1346 2478 1406 2497 ttam
1419 2471 1440 2498 si
1456 2480 1508 2499 tton
1524 2474 1628 2507 peperit
1643 2475 1739 2507 Deum,
1755 2481 1825 2503 certe

1036 2519 1085 2538 nec
1105 2513 1208 2539 dicetur
1233 2513 1313 2545 Dens,
1330 2515 1376 2548 qui
1394 2520 1436 2542 est
1456 2517 1489 2543 ab
1510 2518 1566 2550 ipsa
1591 2521 1771 2554 progenitus;
1785 2522 1823 2548 sin

1034 2565 1099 2583 vero
1116 2557 1197 2584 Deum
1215 2558 1300 2592 ipsum
1322 2560 1420 2587 divinae
1437 2560 1586 2596 Scriptura:
1603 2565 1758 2596 nominant,
1781 2575 1824 2601 pe-

1035 2602 1102 2634 perit
1120 2603 1175 2636 ipsa
1200 2603 1282 2631 Deum
1305 2605 1440 2634 hominem
1463 2607 1575 2640 factum,
1591 2610 1726 2644 siquidem
1747 2613 1824 2639 homo

1034 2647 1112 2673 aliter
1132 2649 1189 2675 lieri
1213 2657 1265 2676 non
1290 2656 1390 2684 posset,
1417 2653 1468 2679 ttisi
1495 2661 1542 2687 per
1565 2657 1773 2689 generationem
1792 2667 1821 2685 ex

1034 2693 1155 2720 muliere.
1173 2694 1313 2726 Quomodo
1332 2697 1413 2731 igitur
1428 2705 1480 2724 non
1495 2699 1541 2730 sit,
1561 2707 1622 2733 quae
1640 2702 1728 2736 ipsum
1743 2711 1822 2738 pepe-

1034 2737 1238 2772 rit,'_Oeoréxoq?
1251 2740 1325 2774 Quod
1337 2747 1426 2769 atttetn
1446 2743 1515 2771 Deus
1529 2745 1564 2771 sit
1579 2754 1669 2780 verus,
1685 2750 1732 2782 qui
1746 2754 1822 2776 natus

1033 2782 1094 2809 inde
1107 2788 1157 2815 est,
1175 2791 1205 2811 ex
1223 2785 1313 2812 divina
1335 2787 1475 2822 Scriptura
1490 2789 1631 2818 discimus.

1225 2866 1234 2880 ⁵
1251 2865 1269 2892 ll
1289 2866 1349 2893 Cor.
1368 2875 1426 2900 vttt,
1448 2869 1472 2895 9.
1515 2870 1573 2886 ³⁰·¹¹
1590 2870 1669 2899 Joan.
1694 2881 1754 2906 vm,
1772 2873 1818 2900 5B.
