1907 3038
71 199 133 226 I-S'JI

357 257 433 286 CAP.
454 258 560 286 XXVII.

332 315 409 342 Dicta
430 316 461 342 de
475 316 592 343 Christo.

108 381 116 397 ι
131 372 201 400 Ecce
224 373 299 408 virgo
321 373 346 399 in
365 377 441 400 utero
462 373 587 408 accipiet,
607 378 634 400 ct
651 373 736 406 pariet
757 371 854 404 tilium,

66 423 93 444 ιι
115 419 253 446 vocabunt
274 419 444 453 nomen.ejus
465 419 620 446 Emmanuel
635 419 668 445 ".
686 428 696 444 ι
714 418 853 452 Quomodo

66 470 133 497 ergo
149 464 175 490 id
191 465 261 498 quod
280 469 371 491 natum
390 471 432 492 est
450 472 482 491 ex
498 469 590 491 sancta
609 464 728 499 Virgine,
746 463 854 489 Emma-

67 509 128 536 nuel
152 511 316 543 nominatur,
337 518 398 537 cum
420 511 588 543 Emmanuel,
604 515 632 537 ut
656 515 718 536 alite
733 509 798 540 dixi.
816 509 853 536 si-

67 555 179 589 gniticet
204 557 230 583 in
257 562 349 583 nostra
374 561 469 583 natura
495 562 605 591 propter
628 564 740 584 carnem
771 555 853 582 fuisse

68 600 198 634 Verbum,
222 602 292 636 quod
318 609 360 630 est
384 603 454 630 Deus
477 611 556 630 vertis
574 603 607 630 de
631 604 683 629 Deo
700 602 784 629 vero?
800 601 852 628 Sed

67 648 156 675 facins
174 653 215 675 est
230 649 387 676 Emmanuel
404 658 410 676 :
426 649 576 677 exinanivit
596 649 668 676 enim
683 657 712 676 se
725 648 758 680 “,
772 655 852 682 gene-

65 694 200 720 rationem
215 699 336 722 nostram
352 700 380 722 et
399 695 515 722 similem
530 703 634 729 passus,
652 702 683 721 ac
698 695 737 722 sic
761 694 853 720 nobis-

66 747 129 766 cum
155 745 328 768 conversatus
353 745 405 768 cst.
427 741 496 775 Ergo
516 745 543 767 et
564 741 634 768 Deus
660 740 685 766 in
709 747 805 771 carne.
826 745 853 766 et

65 785 198 817 Θεοτόκος
210 794 273 813 vere
287 791 328 813 est
348 795 407 820 qua:
422 795 482 814 enin
498 786 654 818 carnaliter,
677 787 734 813 sive
754 793 853 813 secun-

66 831 132 859 dum
149 839 257 859 carnem
278 833 428 868 generavit.

347 889 422 916 CAP.
452 888 569 916 XXVIII.

412 944 502 972 Aliud.

105 1011 115 1027 ‹
131 1002 265 1035 Quoniam
286 1009 380 1028 omnes
401 1001 498 1028 stolam
521 1001 582 1028 dolo
597 1006 800 1036 congregatam,
825 1005 852 1028 et

63 1050 256 1075 vestimentum
275 1056 336 1075 cum
361 1049 572 1075 commutatione
595 1053 736 1082 reponent,
756 1053 783 1075 et
806 1055 852 1075 vo-

64 1095 132 1127 Ient,
147 1095 170 1121 si
192 1094 305 1121 fuissent
327 1094 370 1120 isti
396 1094 545 1127 combusti;
570 1094 697 1128 quoniam
722 1094 850 1128 parvulus

63 1145 146 1168 natus
170 1145 211 1167 est
237 1139 324 1170 nobis.
345 1145 371 1167 et
397 1139 467 1166 Iilius
491 1139 570 1167 datus
592 1144 634 1167 est
660 1140 749 1173 nobis,
774 1140 852 1175 cujus

62 1187 232 1221 principatus
258 1187 346 1213 Iactus
362 1192 403 1213 est
420 1186 446 1212 iu
469 1185 583 1213 humero
604 1186 672 1220 ejus,
696 1190 722 1212 et
740 1191 852 1212 vocatur

63 1241 163 1260 nomen
177 1233 233 1267 ejus
245 1233 335 1267 magni
349 1231 455 1260 consilii
472 1232 584 1259 nuntius
596 1232 629 1259 ‘7.
645 1241 654 1258 ι
671 1231 767 1262 Audis,
779 1232 851 1266 quod

63 1287 134 1313 puer
151 1279 303 1306 nominatus
321 1279 366 1310 sit,
382 1278 510 1313 quodque
525 1278 727 1312 generationem
745 1279 779 1306 sit
799 1285 851 1305 no-

62 1330 128 1351 sti-.1:
151 1325 266 1352 similem
288 1332 393 1359 passus.
418 1325 454 1350 At
470 1331 531 1350 eum
550 1331 662 1358 puerum
682 1324 781 1351 cmlum
803 1331 851 1358 per

62 1371 169 1398 stellam
186 1371 364 1398 clarissimam
378 1370 522 1403 indicavit;
537 1370 607 1405 magi
621 1370 805 1397 adoraverunt
816 1378 851 1397 ex

62 1417 168 1444 ultimis
185 1421 264 1443 terra:
275 1416 406 1443 limitibus
423 1417 619 1449 adventantes;
632 1416 719 1451 angeli
735 1416 850 1450 pastori-

62 1462 114 1488 bus
127 1462 360 1496 evangelilabant,
382 1462 549 1488 Salvatorem
566 1469 626 1489 esse
646 1467 735 1488 nattitn
756 1462 849 1488 dicen-

64 1512 118 1539 tes,
133 1513 162 1535 ei.
174 1515 267 1542 pacem
284 1515 333 1534 nec
349 1515 401 1535 non
419 1509 501 1535 etiam
516 1508 603 1535 Patris
617 1509 714 1535 bonam
728 1510 850 1535 volunta-

63 1559 118 1580 tem
137 1555 350 1581 annuutiantes:
371 1564 381 1580 ι
397 1554 446 1581 Est
463 1556 550 1589 magni
569 1555 674 1582 consilii
699 1555 820 1583 nuntius.
837 1564 848 1580 ι

525 201 669 230 SCIIOIJA
690 201 732 228 DE
751 199 1007 228 INCAIINATIONE
1024 199 1208 228 UNIGENITI.

867 260 894 289 Δ
907 263 948 285 est
964 258 1135 286 benedictum
1152 257 1178 285 in
1201 261 1281 284 terra.
1299 255 1419 284 Observa
1434 257 1522 282 autem
1540 255 1612 288 quod
1630 262 1692 289 pro-

1624 195 1632 222 I
1640 195 1691 224 402‘.

905 304 992 338 priam
1009 304 1129 331 nominet
1145 308 1272 336 matrem,
1294 309 1353 336 quae
1367 309 1444 329 sumn
1460 300 1566 335 peperit
1579 307 1691 333 corpus.

905 350 975 384 Ergo
997 350 1018 377 si
1042 350 1125 377 Deum
1145 357 1238 376 verum
1261 355 1291 375 se
1310 354 1371 374 esse
1394 348 1544 381 cognoscit,
1564 346 1607 372 illa
1631 353 1691 380 qua:

903 405 967 425 eum
981 396 1127 424 carna‘liter
1141 396 1256 431 peperit,
1271 395 1402 425 Θεοτόκος
1416 394 1524 425 dicitur,
1541 397 1568 420 et
1582 392 1690 427 quidem

905 447 978 470 recte
992 452 998 470 :
1012 443 1053 470 sin
1077 450 1140 470 vero
1165 449 1217 469 non
1239 445 1281 469 est
1308 441 1390 472 Deus,
1408 440 1432 466 id
1458 440 1530 473 qttod
1552 438 1691 469 audacter,

906 489 960 515 imo
971 488 1061 522 potius
1072 487 1205 515 scelerate
1217 485 1336 514 nonnulli
1348 485 1478 516 sentiunt,
1492 483 1593 519 privari
1609 490 1690 517 opor-

906 539 944 562 tet
962 535 1047 568 ipsam
1067 533 1203 569 Virginem
1219 537 1340 559 sanctam
1358 532 1409 558 hoc
1431 530 1539 558 nomine
1555 537 1608 565 quo
1625 529 1690 556 Θεο-

904 580 984 611 τόκος
1000 587 1062 607 esse
1086 579 1201 606 dicatur.

1200 643 1275 671 CAP.
1295 641 1393 670 XXIX.

906 713 982 746 Quod
999 713 1067 740 Deus
1083 713 1234 739 nominatur
1245 716 1267 737 ei
1283 711 1360 737 homo
1376 717 1506 743 apparatis
1523 706 1691 742 Uuigenitus.

940 781 1066 808 Salomon
1093 780 1130 806 ait
1158 785 1239 804 orans
1254 798 1260 804 .
1281 787 1289 802 ι
1308 777 1340 804 Et
1364 783 1452 808 nunc,
1483 775 1595 801 Domine
1621 774 1691 800 Deus

905 827 997 858 Israel,
1016 825 1144 852 credibile
1161 825 1207 851 tiat
1222 824 1333 850 verbum
1350 828 1436 853 tuum,
1458 822 1528 855 quod
1544 821 1648 847 locutus
1663 827 1692 847 es

904 881 987 908 puero
1003 876 1048 899 tuo
1064 871 1158 898 David.
1181 871 1286 904 Ergone
1297 868 1426 896 credibile
1444 872 1483 894 cst
1496 867 1567 902 quod
1585 867 1692 893 habita-

904 920 942 945 vit
954 918 1025 944 Deus
1037 924 1096 944 cum
1112 915 1268 942 hominibus
1285 914 1311 940 in
1326 919 1397 940 terra
1406 913 1448 938 "'2
1463 922 1472 937 ι
1489 912 1689 942 Animadverte,

903 964 973 999 quod
989 963 1102 990 miretur
1116 961 1197 989 Verbi
1214 959 1429 986 incarnationem
1445 966 1451 984 :
1470 958 1602 984 habitavit
1615 965 1692 983 nam-

902 1017 955 1044 que
971 1017 1031 1036 cum
1046 1008 1199 1035 hominibtis
1212 1006 1237 1032 in
1252 1010 1334 1037 terra,
1349 1012 1408 1030 cum
1424 1004 1504 1030 homo
1519 1007 1560 1029 est
1576 1001 1690 1033 factum,

903 1064 945 1084 res
962 1057 1033 1083 enim
1046 1053 1213 1082 incredibilis
1233 1051 1385 1078 videbatur.
1405 1049 1532 1083 Alioquin
1556 1048 1690 1082 quomodo

907 1103 932 1129 id
951 1101 1114 1136 praecipuum
1131 1098 1258 1133 quiddam
1277 1098 1322 1130 sit,
1344 1095 1387 1123 vel
1406 1095 1540 1129 quomodo
1564 1094 1590 1121 id
1608 1094 1691 1119 mira-

904 1149 975 1175 tione
992 1147 1112 1181 dignum,
1131 1152 1192 1171 cum
1212 1144 1281 1170 Deus
1301 1144 1334 1169 ab
1354 1143 1406 1172 his.
1425 1148 1484 1176 utne
1508 1140 1565 1175 ipse
1580 1146 1692 1166 creave-

902 1194 947 1226 rit,
968 1201 1021 1220 non
1045 1191 1175 1222 discedat,
1194 1189 1286 1216 fovens
1303 1196 1334 1215 ea
1353 1187 1467 1218 scilicet,
1483 1191 1509 1213 et
1528 1193 1558 1212 ea
1583 1185 1691 1219 quidem

903 1239 1055 1270 continens,
1074 1244 1133 1271 qua:
1148 1237 1203 1270 jam
1222 1236 1292 1262 facta
1315 1238 1396 1264 sunt;
1414 1240 1445 1259 ea
1460 1239 1525 1259 vero
1547 1238 1607 1266 qum
1623 1237 1692 1256 non-

902 1286 965 1312 duin
990 1284 1059 1310 facta
1086 1287 1165 1313 sunt,
1191 1281 1306 1309 creans?
1324 1278 1482 1307 Miracnlnm
1508 1283 1596 1304 autem
1625 1283 1690 1303 vere

902 1330 1079 1367 prmcipuum,
1098 1328 1168 1363 quod
1181 1327 1207 1354 in
1226 1331 1296 1354 terra
1312 1334 1374 1354 cum
1389 1324 1545 1352 hominibus
1561 1323 1692 1350 habitarit

902 1379 983 1405 homo
1008 1378 1095 1403 factus
1120 1376 1200 1407 Deus,
1227 1374 1301 1408 iuxta
1324 1371 1519 1407 promissiones
1538 1370 1592 1404 jam
1613 1373 1691 1395 antea

902 1424 977 1451 datas
998 1423 1090 1450 divino
1109 1421 1209 1452 David;
1228 1420 1359 1454 scriptum
1382 1422 1424 1445 est
1445 1417 1518 1443 enim
1537 1426 1544 1442 :
1560 1426 1569 1440 ι
1587 1414 1693 1441 Juravit

902 1468 1032 1496 Dominus
1064 1467 1145 1493 David
1174 1466 1336 1497 veritatem,
1373 1468 1400 1490 et
1430 1470 1482 1489 non
1515 1461 1692 1488 frustrabitur

901 1522 961 1542 eam
972 1514 1004 1539 ".
1023 1523 1032 1538 ι
1052 1511 1121 1546 Quid
1143 1517 1234 1538 alitem
1252 1509 1374 1544 iuravit?
1391 1517 1400 1533 ‹
1418 1507 1454 1534 De
1483 1507 1570 1533 fructu
1586 1505 1690 1532 ventris

903 1563 940 1588 tui
970 1567 1067 1595 ponam
1091 1566 1173 1592 super
1195 1558 1286 1584 sedem
1316 1560 1389 1582 tuam
1402 1555 1435 1580 ’7.
1453 1563 1462 1579 ι
1490 1553 1522 1580 Ει
1545 1560 1609 1578 vero
1633 1551 1690 1582 ille,

65 1599 247 1626 Manifestavit
270 1600 370 1626 etenim
398 1600 475 1627 nobis
495 1600 583 1627 Patris
605 1601 779 1632 voluntatem,
806 1601 848 1628 cui
863 1603 884 1631 C
901 1606 1023 1641 quamvis
1041 1604 1211 1636 credidisset,
1230 1601 1302 1636 quod
1337 1607 1474 1634 nunquant
1497 1599 1611 1631 abneget
1630 1603 1692 1630 pro-

65 1654 75 1670 ι
90 1646 116 1672 in
134 1653 168 1672 eo
184 1645 346 1679 complacuit
359 1645 452 1672 orbem
473 1646 579 1673 salvare
597 1651 730 1672 terrarum
742 1646 775 1677 ιη,
793 1656 802 1672 ι
822 1651 849 1673 et

64 1699 111 1725 per
127 1694 214 1726 ipsum
239 1697 267 1719 et
289 1692 315 1718 in
340 1692 397 1726 ipso
422 1692 551 1718 mundum
574 1692 626 1718 sibi
649 1692 846 1719 reconciliare:

63 1739 171 1765 Christo
184 1738 257 1765 enim
273 1738 451 1769 reconciliati,
468 1738 522 1764 Deo
534 1746 627 1764 sinnus
639 1738 805 1765 reconciliati
816 1738 849 1770 '9,

65 1784 135 1810 Dens
150 1788 192 1810 est
212 1784 282 1810 enim
299 1791 362 1810 vere
380 1783 463 1810 Filius
488 1784 533 1810 Dei
549 1789 574 1811 et
594 1783 691 1811 Patris.
709 1784 848 1816 Quodnam

64 1830 148 1863 igitur
168 1829 202 1856 sit
220 1829 308 1855 Patris
322 1829 477 1861 consilium,
493 1829 571 1861 cujus
587 1829 666 1856 nobis
681 1829 762 1856 fuerit
778 1837 849 1856 unn-

65 1874 129 1907 tins,
150 1874 208 1908 ipse
223 1874 331 1901 docebit
355 1874 469 1900 dicens:
489 1883 498 1900 ι
515 1873 551 1900 It-i
568 1873 641 1900 enim
665 1874 760 1900 dilexit
779 1873 849 1900 Deus

65 1918 206 1950 mundum,
232 1922 260 1943 ut
283 1917 380 1943 Filium
405 1925 482 1944 suum
510 1918 675 1951 unigenitum
701 1918 788 1950 daret,
821 1922 850 1945 ut

63 1962 154 1989 omnis
170 1962 216 1996 qtii
233 1962 321 1989 credit
340 1962 365 1988 in
383 1962 480 1995 ipsum,
495 1970 546 1989 non
562 1967 666 1997 pereat,
683 1963 731 1989 sed
753 1963 850 1990 habeat

64 2008 147 2034 vitam
162 2008 333 2035 aeternam”.
351 2018 359 2034 ι
373 2008 456 2035 Filius
475 2013 564 2035 autem
581 2009 733 2042 unigenilns
751 2009 795 2036 ille
810 2015 851 2037 est

62 2054 108 2088 qui
132 2059 175 2080 est
191 2061 222 2080 ex
240 2059 333 2081 sancta
347 2053 458 2087 Virgine
476 2057 637 2087 procreatus
652 2062 659 2080 :
677 2054 762 2088 ipsntn
777 2055 850 2081 (enim

64 2099 184 2127 Verbum
195 2099 275 2126 homo
285 2099 395 2131 I'acttnn,
406 2101 476 2133 quod
488 2100 537 2126 fuit
548 2098 617 2126 Deus
626 2099 652 2126 in
665 2107 758 2132 carne,
771 2108 802 2129 ac
812 2100 851 2127 sic

64 2146 182 2173 terrenis
198 2145 332 2180 apparuit.
352 2145 473 2179 Denique
488 2145 594 2172 dicebat
608 2154 614 2172 :
633 2155 642 2171 ι
657 2145 708 2178 Qui
724 2145 811 2172 credit
823 2145 850 2172 in

62 2200 118 2225 me,
135 2192 215 2219 habet
226 2192 307 2218 vitam
324 2196 452 2219 aeternam
465 2191 497 2218 “.
515 2201 524 2217 ι
541 2191 615 2224 Quod
630 2199 693 2218 vero
705 2199 753 2225 per
765 2192 850 2224 ipsum

61 2245 91 2265 ct
107 2240 134 2265 in
151 2239 207 2272 ipso
222 2239 365 2265 credamus
377 2236 462 2270 Patri,
479 2238 633 2272 explanavit.
647 2238 757 2266 dicens:
777 2247 786 2263 ι
801 2238 851 2271 Qui

903 1653 1059 1680 tniSsionem
1075 1653 1146 1679 Deus
1165 1649 1347 1683 omnipotens,
1367 1651 1455 1673 tamen
1477 1645 1564 1678 ipsum
1580 1650 1692 1678 genera-

902 1699 983 1726 tionis
996 1698 1084 1725 locum
1103 1696 1235 1723 curiosius
1251 1693 1419 1728 inquirebat,
1438 1691 1552 1725 ideoque
1567 1689 1690 1716 dicebat:

905 1756 914 1771 ι
930 1745 958 1772 Si
979 1743 1127 1771 ascendero
1152 1748 1232 1775 super
1255 1741 1354 1767 lectmn
1379 1738 1455 1770 strati
1474 1736 1538 1768 mei,
1557 1736 1577 1762 si
1593 1735 1692 1761 dedero

903 1797 1027 1817 somnum
1048 1787 1135 1814 oculis
1155 1786 1232 1817 meis,
1252 1789 1298 1811 aut
1321 1782 1456 1817 palpebris
1473 1781 1540 1808 meis
1560 1779 1692 1806 dormita-

903 1836 1014 1865 tionem,
1031 1838 1078 1860 aut
1094 1833 1213 1866 requiem
1229 1830 1395 1864 temporibus
1418 1828 1495 1860 meis,
1515 1827 1602 1853 donec
1616 1825 1692 1852 inve-

903 1881 973 1907 niam
991 1880 1077 1907 locum
1096 1878 1220 1908 Domino,
1240 1874 1442 1902 tabernaculum
1462 1874 1516 1899 Deo
1531 1871 1616 1899 Jacob
1626 1871 1660 1896 "’.
1679 1879 1690 1896 ›

904 1926 1004 1953 Deinde
1026 1932 1085 1950 cum
1110 1923 1134 1949 id
1149 1929 1256 1956 quoque
1282 1920 1474 1954 pcr'spiritum
1492 1918 1648 1952 reperisset,
1666 1920 1694 1942 et

902 1970 1020 1999 carnalis
1042 1967 1222 2004 generationis
1242 1965 1379 2000 Uuigeniti
1399 1965 1487 1991 locum
1507 1963 1690 1998 cognovisset,

902 2016 1106 2051 evangelizabat
1140 2019 1167 2041 et
1197 2013 1303 2040 dicebat
1329 2021 1335 2038 :
1364 2021 1373 2037 ‹
1395 2010 1552 2037 Audivimus
1576 2017 1635 2036 eam
1665 2011 1691 2036 in

904 2063 1034 2097 Ephrala,
1049 2071 1058 2087 ι
1078 2062 1166 2093 idest,
1184 2060 1208 2086 in
1226 2059 1383 2090 Bethleem;
1402 2067 1410 2082 ι
1425 2056 1576 2084 invenimus
1592 2064 1650 2083 eam
1665 2057 1691 2082 in

903 2110 1005 2143 campis
1020 2108 1094 2135 silvze
1103 2107 1137 2134 ‘9.
1156 2116 1164 2132 I
1189 2106 1264 2140 Quod
1283 2112 1346 2132 vero
1360 2104 1452 2132 dicens
1463 2104 1590 2138 Ephrata,
1605 2103 1691 2137 signi-

904 2155 966 2182 ticet
989 2154 1126 2180 Bethleem
1142 2173 1149 2185 ,
1173 2153 1302 2186 propheta
1328 2150 1514 2184 comprobavit
1538 2158 1544 2175 :
1572 2158 1580 2174 ι
1597 2149 1628 2175 Et
1645 2155 1691 2180 tu,

904 2198 1052 2230 Bethleem,
1067 2198 1161 2225 domus
1178 2197 1293 2231 Ephrata
1310 2196 1343 2222 ³ο.
1360 2205 1369 2221 i
1388 2195 1507 2222 Observa
1521 2198 1610 2220 autent
1629 2201 1693 2227 quo-

906 2245 984 2272 modo
1003 2251 1076 2274 eum,
1094 2251 1173 2277 quem
1194 2243 1347 2270 crediderat
1361 2240 1570 2275 creattnnjuxta
1596 2247 1645 2266 nos
1664 2240 1690 2266 in

61 2286 155 2313 credit
169 2286 194 2312 in
215 2291 267 2316 me,
283 2292 334 2311 non
348 2284 435 2312 credit
450 2284 476 2310 in
490 2292 542 2316 me,
559 2284 605 2311 sed
619 2284 645 2310 in
661 2291 721 2310 eum
738 2284 782 2317 qui
799 2283 849 2310 mi-

905 2291 1032 2325 Ephrata,
1058 2290 1140 2316 Deum
1162 2288 1245 2316 Jacoh
1272 2288 1401 2320 nominet,
1429 2287 1507 2322 cujus
1532 2286 1692 2312 inhabitaiio

59 2332 100 2358 sit
123 2331 216 2363 me";
232 2340 241 2355 ι
258 2335 284 2357 et
301 2339 307 2356 :
327 2339 336 2355 ι
353 2329 402 2362 Qui
417 2329 484 2356 vidit
498 2336 552 2362 me,
578 2329 643 2356 vidit
659 2337 721 2356 eum
737 2329 782 2364 qui
801 2330 850 2356 itii-

59 2378 97 2405 sit
116 2385 158 2404 ine
171 2377 204 2404 ".
220 2386 229 2402 ι

100 2431 110 2448 ι
127 2423 224 2449 Audite
246 2415 299 2453 ine,
321 2420 424 2454 insulae,
448 2426 475 2449 et
499 2421 639 2454 attendite,
662 2427 765 2456 gentes.
789 2422 852 2450 Post

60 2469 180 2497 multum
206 2469 334 2503 temporis
349 2468 442 2499 stabit,
459 2467 524 2495 dicit
544 2468 691 2501 Dominus;
716 2476 748 2495 ex
775 2475 852 2496 utero

61 2516 163 2543 matris
184 2515 321 2542 vocabunt
343 2521 439 2541 nomen
459 2521 546 2541 meum
559 2514 592 2541 ".
610 2523 620 2540 ›
644 2514 710 2541 Cum
733 2513 850 2542 Verbum

59 2562 98 2588 sit
113 2561 197 2592 Deus,
210 2568 263 2587 non
277 2559 412 2595 ignoravit
423 2560 494 2594 quod
506 2559 706 2593 generationem
722 2560 850 2593 patietur,

60 2615 97 2634 ex
115 2607 231 2633 muliere
252 2607 420 2634 incarnaium
437 2611 546 2639 propter
563 2612 611 2632 nos
636 2604 744 2633 Sciebat
763 2611 851 2633 autem

61 2653 139 2687 quati
164 2652 304 2679 vocabitur
331 2651 456 2678 Christus
477 2651 554 2678 Jesus
579 2659 593 2677 τι
619 2650 674 2678 Deo
701 2658 727 2678 et
755 2651 851 2683 Ialre;

61 2698 194 2726 omnibus
216 2698 295 2725 nobis
312 2705 408 2725 novum
423 2696 472 2724 ﬁlii
490 2705 588 2724 nomen
604 2697 763 2732 prtedicans,
781 2700 852 2732 quod

101 2810 125 2826 ’⁸
144 2810 194 2837 Isa.
216 2816 264 2838 vn,
281 2807 412 2841 “Juxta
432 2805 525 2833 .‘lIatlh.
543 2812 569 2834 et
588 2793 679 2860 Cyrilli
696 2807 847 2836 lectionem.
884 2811 905 2826 ¹⁶
921 2811 1033 2845 Philipp.
1057 2820 1086 2843 ιι,
1103 2812 1128 2838 7.

101 2846 162 2860 1......
193 2852 200 2860 .
228 2843 263 2860 0n
314 2844 334 2859 ts
351 2842 416 2860 an
442 2849 455 2860 11
481 2842 513 2860 In
562 2842 585 2857 ιο
620 2850 671 2860 mm
697 2850 723 2860 111
754 2843 786 2860 m
835 2845 855 2860 at
881 2844 944 2860 tm...
1034 2846 1064 2860 i-i
1113 2848 1128 2860 ιι

64 2846 174 2873 Coloss.
193 2852 213 2873 ι.
228 2844 271 2870 ΞΟ.
314 2844 334 2859 ’³
351 2844 426 2868 Rom.
442 2844 523 2868 v.10.
562 2844 585 2857 “
604 2844 682 2869 .loan.
697 2850 736 2873 III,
754 2844 795 2871 I6.
835 2845 855 2860 ²¹
877 2844 954 2872 Joan.
979 2844 1014 2877 vi,
1030 2846 1074 2872 4⁵1.

64 2889 141 2912 XLIX,
161 2880 184 2912 I,
211 2877 397 2914 juxtaHIJIX.
413 2877 445 2914 "_
467 2876 629 2914 IIMParalip.
657 2885 693 2909 vr,
712 2878 753 2906 I7,
780 2879 855 2913 juxta
876 2880 957 2908 ιχχ,
996 2881 1018 2897 so
1032 2881 1074 2908 ι)δέ

61 2846 174 2873 Coloss.
193 2852 213 2873 ι.
228 2843 271 2870 20.
314 2844 334 2859 ’³
351 2842 426 2868 Rom.
442 2842 523 2868 ν.10.
562 2842 585 2857 ³⁸
604 2842 682 2869 Joan.
697 2850 736 2873 III,
754 2843 795 2871 I6.

64 2917 88 2932 "
106 2917 173 2943 ibid.
191 2912 219 2942 ϐξ
259 2914 280 2929 ³⁷⁵
294 2913 372 2940 .\Iirli.
391 2920 415 2943 ν,
432 2912 458 2938 ‘3.
499 2912 518 2926 ³¹
540 2912 609 2938 I‘sal.
633 2920 702 2944 uti,
724 2914 764 2940 I0.

906 2335 955 2362 fuit
973 2335 998 2361 in
1015 2333 1190 2361 tabernaculo
1206 2343 1212 2361 :
1228 2334 1262 2360 ibi
1279 2333 1352 2360 enim
1371 2333 1475 2368 peperit
1489 2330 1581 2358 .Icsum
1595 2334 1690 2357 sancta

907 2382 998 2416 Virgo.
1150 2371 1152 2373 ’

939 2427 1065 2454 Nominat
1081 2430 1169 2453 autent
1185 2432 1245 2451 eum
1259 2429 1288 2451 et
1303 2424 1366 2450 alibi
1387 2423 1469 2450 Deum
1491 2422 1626 2450 Abraham
1646 2422 1686 2448 di-

905 2481 970 2500 cens
987 2482 993 2500 :
1011 2482 1019 2498 ι
1035 2471 1173 2505 Principes
1188 2469 1346 2504 populorum
1369 2469 1524 2504 congregati
1547 2473 1610 2495 sunt
1631 2475 1692 2494 cum

907 2519 960 2546 Deo
981 2517 1164 2545 Abraham".
1184 2526 1192 2541 ι
1209 2516 1282 2542 Penc
1299 2516 1369 2542 enim
1396 2516 1494 2542 mentis
1517 2522 1571 2541 suae
1595 2513 1690 2544 oculis,

908 2572 954 2599 per
966 2563 1187 2590 illuminationem
1198 2561 1314 2595 Spiritus
1326 2561 1425 2592 sancti,
1439 2560 1589 2587 futurorum
1602 2561 1692 2587 scien-

908 2610 942 2636 tia
965 2609 1098 2641 eruditns,
1116 2608 1250 2643 principes
1272 2607 1442 2643 populorum,
1468 2609 1493 2634 id
1517 2613 1568 2640 est,
1584 2611 1691 2634 sanctos

908 2655 1044 2689 apostolus
1066 2656 1090 2681 in
1117 2654 1220 2681 Domini
1245 2654 1328 2680 nostri
1352 2653 1416 2681 Jesu
1440 2654 1538 2680 Christi
1564 2654 1691 2686 cernebat

908 2702 1047 2736 obsequio.
1070 2701 1136 2728 Cum
1155 2700 1236 2735 igitur
1254 2709 1263 2725 (
1278 2699 1349 2726 Deus
1369 2699 1504 2726 Abraham
1523 2709 1531 2724 ι
1548 2705 1574 2726 et
1595 2709 1603 2724 ι
1619 2698 1691 2725 Deus

1188 2811 1208 2826 "’
1229 2811 1278 2839 lsa.
1300 2818 1338 2842 xi,
1360 2809 1387 2843 5,
1401 2807 1515 2841 6,juxta
1535 2806 1616 2834 LXX.
1668 2805 1689 2824 ¹⁸

1188 2854 1227 2870 an,
1249 2854 1295 2870 ni.
1313 2845 1357 2870 Μ.
1396 2844 1418 2859 ’³
1436 2844 1499 2870 ibid.
1515 2842 1558 2869 45.
1598 2842 1621 2858 ’⁸
1639 2842 1688 2868 Isa.

1436 2851 1499 2871 IDIII.
1515 2851 1558 2869 ιιι).
1599 2851 1621 2858 ⁵*
1639 2851 1688 2868 IS!!-

1113 2847 1136 2862 ⁸⁸
1151 2846 1228 2874 .Iuan.
1249 2854 1295 2878 Ill,
1313 2845 1357 2872 Μ.
1396 2845 1418 2859 ’³
1436 2845 1499 2871 ibid.
1515 2845 1558 2869 45.
1598 2845 1621 2858 ’⁵
1639 2845 1688 2868 ιςιι.

1118 2890 1210 2906 cvxxt.
1233 2882 1272 2906 II.
1330 2882 1350 2897 ’⁷
1373 2880 1437 2906 ibid.
1493 2879 1515 2894 ’⁸
1545 2878 1610 2906 ibid.
1630 2877 1689 2904 55-

996 2881 1018 2897 ⁵⁸
1032 2881 1101 2909 Psal.
1118 2890 1210 2911 cxxxt.
1233 2882 1272 2908 II.
1330 2882 1350 2897 ’⁷
1373 2880 1437 2908 ibid.
