1907 3038
203 204 269 232 H05

711 197 740 226 S.
761 197 899 224 CYRILLI
918 193 1152 222 ALEXANDRIM
1172 191 1328 220 ABCHIEP.

1754 179 1769 206 ,Ι
1777 178 1826 205 ΗΜ

203 260 295 291 iaeob,
311 268 320 284 ι
342 257 388 293 qui
405 262 447 286 est
467 262 546 284 natus
561 263 593 283 ex
623 255 746 288 muliere,
769 254 922 282 nominatus
938 253 982 285 sit,
1001 256 1021 284 Α
1037 252 1125 277 anima
1149 257 1217 277 utea.
1235 258 1243 273 ι
1265 247 1335 274 Deus
1350 251 1465 279 namque
1483 246 1524 269 est
1541 244 1636 268 natura
1654 235 1825 293 Emma‘uuel.

203 312 286 340 quare
300 312 352 331 non
365 304 400 332 sit
414 304 494 338 Virgo
506 307 599 329 asttcta
618 300 766 333 Θεοτόιωςῖ)

417 346 419 349 ’
500 365 576 394 CAP.
601 365 686 393 xxx.

550 433 640 460 Aliud.

240 490 372 527 Propheta
398 489 523 519 Ilabacttc
539 499 547 519 :
566 500 575 517 ‹
592 491 718 522 Domine,
741 489 844 524 inquit,
871 488 987 516 inaudivi

205 539 324 566 auditum
341 541 427 568 tuum.
441 542 468 564 et
494 537 582 564 timui.
600 535 775 563 Consideravi
789 542 869 569 opera
884 540 939 566 tua,
963 538 990 560 et

205 584 310 618 expavi.
330 583 357 610 In
378 584 466 610 medio
487 584 601 609 duorum
623 581 778 608 animalium
797 580 988 614 cognosceris:

207 630 233 656 in
252 629 395 655 adventum
414 628 540 662 temporis
559 627 710 654 ostenderis
730 626 755 652 in
769 633 822 652 eo:
840 625 902 650 dum
923 632 990 650 cott-

208 675 313 702 turbata
333 674 413 701 fuerit
432 674 521 700 anima
537 680 606 703 mea,
625 673 650 698 in
667 672 705 698 ira
727 670 917 698 misericordia:
934 677 991 695 tne-

207 730 266 748 tnor
284 720 348 748 eris.
372 720 441 747 Dens
464 720 497 747 de
516 718 638 745 Theman
661 717 760 749 veniet,
787 720 814 743 et
835 720 945 742 sanctus
960 715 993 741 tio

207 771 299 795 monte
318 767 424 794 Pharao
437 766 470 792 ³².
487 775 497 790 ι
517 765 596 796 Vide,
619 763 754 798 quomodo
772 763 797 789 in
825 762 911 788 medio
924 761 992 787 duo-

208 821 267 839 t-um
282 812 441 839 animalium
456 814 634 845 cognoscetur
649 818 657 836 :
675 817 736 835 nam
750 816 810 835 cum
826 813 906 835 natus
921 813 993 835 esset

206 866 238 885 ex
264 857 386 889 muliere,
400 862 426 883 et
445 857 557 883 vixisset
579 863 664 890 usque
687 855 720 880 ad
740 859 843 888 tempus
869 853 992 887 pretiosae

206 903 312 935 erucis;
328 912 337 928 ι
355 902 448 929 Gnatia
476 901 533 933 Dei,
549 901 619 928 sicut
647 901 684 926 ait
708 900 801 926 beatus
819 899 927 930 Paulus,
945 905 991 932 per

206 956 285 975 suum
301 955 399 982 corpus
411 955 459 981 pro
470 946 594 974 omnibus
607 946 724 980 gustavit
737 949 850 971 mortem
862 944 894 971 ³³.
911 953 919 968 ι
939 943 991 970 Sed

206 994 332 1028 quoniam
356 998 452 1019 natura
481 997 540 1019 erat
567 992 654 1024 Deus,
678 991 827 1018 resurrexit.
849 991 936 1018 denuo
965 989 991 1016 in

208 1040 401 1074 sempiternam
416 1039 508 1065 vitam.
524 1038 653 1072 Cognitns
667 1042 710 1064 est
725 1037 871 1071 igiturhic,
886 1035 931 1070 qui
944 1043 992 1070 pro

209 1086 287 1114 nobis
301 1085 445 1120 pretiosam
461 1084 589 1111 sustinuit
602 1091 709 1111 erucem
730 1084 756 1109 in
774 1083 862 1109 medio
878 1083 992 1109 duornut

207 1131 374 1158 animalium.
389 1129 455 1156 Nam
473 1129 530 1163 ipse
542 1129 640 1156 alicubi
655 1129 693 1156 ait
708 1129 742 1155 ad
758 1127 865 1155 Iudaeos
879 1137 886 1154 :
905 1136 914 1153 ι
926 1126 992 1154 Cum

207 1173 392 1202 enitaveritis
407 1172 505 1199 Filium
523 1173 652 1204 hominis,
669 1178 723 1199 tum
744 1172 912 1206 cognoscetis
929 1171 993 1205 quia

206 1228 257 1254 ego
279 1228 338 1248 sutn
351 1220 384 1247 “.
402 1229 412 1246 ι
432 1221 498 1248 Vide
518 1220 614 1250 etiam,
637 1219 772 1253 quomodo
795 1218 876 1244 Deum
906 1218 992 1251 ipsum

207 1267 361 1299 nominans,
388 1274 422 1293 ex
445 1266 565 1293 Theman
591 1269 747 1297 venturum,
776 1269 802 1290 ct
829 1271 862 1290 et:
889 1263 993 1290 I’haran

209 1316 300 1339 monte
312 1313 465 1346 pronuntiat
481 1313 686 1346 (interpretatur
698 1315 787 1337 autem
802 1310 924 1337 Theutan
939 1311 994 1336 An—

207 1359 294 1391 ster):
311 1358 435 1392 apparuit
458 1358 530 1384 enim
554 1357 688 1388 Christus,
718 1363 769 1382 non
796 1363 809 1381 a
839 1352 995 1389 regionibus

206 1403 360 1438 Aquilonis,
386 1403 434 1431 sed
459 1404 493 1430 ab
517 1403 629 1429 australi
656 1401 760 1432 Judaaa,
786 1401 811 1427 in
839 1409 892 1436 qua
912 1401 994 1427 etiam

208 1450 344 1478 Bethleem
360 1455 412 1478 est.
430 1450 495 1478 Cum
519 1450 600 1483 igitur
615 1449 649 1478 is.
663 1448 709 1482 qui
733 1448 862 1474 Dominus
880 1451 906 1473 et
928 1447 996 1474 Deus

208 1497 364 1524 nominatus
377 1502 428 1528 est,
445 1503 477 1522 ex
492 1495 582 1523 .lnda'a
599 1495 702 1521 venerit
721 1493 843 1523 australi,
860 1498 938 1518 natus
956 1496 996 1518 est

208 1543 279 1570 enim
302 1543 327 1569 iu
351 1542 508 1574 Bethleem;
523 1541 656 1576 quomodo
681 1547 734 1567 non
757 1539 792 1566 sit
808 1544 900 1566 sancta
915 1538 996 1572 Virgo

208 1587 356 1620 Θεοτόκοςῗ

503 1643 578 1672 CAP.
601 1642 698 1670 XXXI.

559 1700 650 1727 Aliud.

245 1759 275 1787 In
297 1758 396 1788 Genesi
424 1757 554 1791 scriptum
578 1761 619 1783 est
642 1765 648 1782 :
669 1766 677 1781 t
694 1754 883 1784 Snbremansit
907 1760 996 1782 autent

210 1805 294 1834 Iacob
308 1805 392 1837 solus,
409 1808 437 1831 et
448 1802 601 1830 luctabatur
613 1803 693 1829 homo
710 1809 769 1828 eum
793 1802 852 1835 ipso
866 1809 949 1835 usque
964 1801 997 1828 ad

212 1860 291 1880 tuane
305 1860 312 1878 :
329 1850 394 1877 vidit
409 1854 498 1876 autem
513 1848 583 1883 quod
607 1856 658 1874 nou
673 1846 831 1882 pra-valeret
846 1848 878 1873 ad
898 1846 996 1881 ipsum,

210 1902 238 1926 et
255 1896 345 1931 tetigit
370 1895 536 1922 latitudinem
554 1892 635 1928 795
648 1892 756 1919 femoris
777 1892 851 1929 ejus,
870 1900 930 1919 cum
956 1892 997 1919 ln-

210 1947 331 1970 ctaretur
348 1949 408 1968 cnnt
429 1948 471 1973 eo,
490 1946 518 1966 et
535 1938 603 1966 dixit
619 1939 642 1965 ei
660 1948 666 1964 :
688 1938 797 1964 Dimitte
821 1945 874 1969 me,
899 1946 995 1965 ascen-

212 1989 251 2016 dit
271 1989 342 2016 enitn
355 1993 440 2014 ortus.
462 1986 508 2012 Ille
531 1990 619 2012 autem
639 1983 727 2011 dixit:
747 1984 804 2010 Non
828 1989 854 2011 te
877 1983 996 2017 dimitto,

212 2035 263 2063 nisi
275 2033 447 2063 benetlixcris
458 2031 524 2059 mihi
538 2031 571 2058 ³⁵.
589 2040 599 2057 ι
618 2030 650 2058 Et
663 2035 721 2066 post
737 2031 788 2057 alia
808 2039 814 2058 :
834 2041 842 2056 ι
857 2031 998 2058 Benedixit

211 2086 301 2109 autent
319 2088 380 2107 eum
397 2079 445 2112 ibi,
460 2084 487 2106 et
504 2078 610 2105 vocavit
626 2085 722 2104 nomen
740 2077 790 2104 loci
806 2077 886 2108 illius.
903 2075 996 2104 faciem

213 2129 258 2156 Dei
273 2137 279 2155 :
296 2127 351 2154 vidi
369 2126 453 2158 ettim,
469 2123 568 2160 inquit,
595 2123 677 2151 Detnn
699 2123 767 2150 facie
789 2123 821 2149 ad
841 2122 948 2155 faciem,
971 2125 999 2150 et

211 2165 313 2204 salvata
336 2179 378 2201 est
402 2173 491 2199 anima
518 2170 735 2198 mea:ascendit
762 2176 850 2198 autem
882 2170 938 2203 sol,
971 2174 999 2197 et

211 2221 319 2248 transiit
346 2220 428 2247 facies
454 2219 515 2251 Dei;
541 2219 598 2251 ipse
620 2223 708 2244 autem
736 2215 869 2244 titubabat
895 2209 998 2243 femore

1040 297 1142 323 Dii-itur
1164 300 1253 322 autem
1279 294 1362 320 etiatu
1380 291 1464 318 facies
1483 289 1540 316 Dei.
1560 287 1626 314 Nam
1647 289 1692 312 est
1713 291 1723 309 ‹
1742 282 1826 315 figura

1037 341 1194 370 substantia:
1218 340 1306 367 Patris
1317 338 1350 371 "’,
1371 347 1380 363 ι
1395 341 1420 364 et
1442 335 1478 362 ita
1500 341 1529 361 se
1553 331 1666 359 vocabat
1694 327 1767 362 apud
1781 325 1829 352 Ju—

1038 389 1122 420 daeos,
1137 394 1197 414 cum
1212 386 1313 412 diceret
1329 382 1361 409 tlc
1374 382 1428 409 Deo
1440 385 1466 408 et
1483 379 1581 407 Patre:
1597 386 1606 402 ‹
1624 375 1718 409 Neque
1731 371 1829 420 facit-tn

1039 432 1096 465 ejus
1114 416 1227 462 iidistis,
1244 436 1270 457 et
1291 428 1401 456 verbum
1425 426 1483 460 ejus
1506 430 1558 451 non
1580 420 1685 448 habetis
1706 419 1736 445 in
1752 416 1830 443 vobis

1040 485 1164 508 manens,
1183 476 1246 510 quia
1273 481 1352 511 quem
1376 471 1449 500 misit
1466 470 1521 502 ille,
1541 468 1603 496 huic
1617 473 1666 493 vos
1691 471 1747 491 non
1767 469 1829 489 cre-

1040 522 1103 550 ditis
1116 521 1146 546 ³⁸.
1165 529 1173 546 ι

1077 567 1152 600 Quod
1169 572 1234 592 vero
1252 563 1323 591 Deus
1338 563 1372 590 sit
1385 567 1467 589 verus
1481 561 1564 587 homo
1579 558 1623 585 ille
1645 556 1691 590 qui
1707 553 1831 600 luctaba-

1043 599 1167 641 tttrictlul
1183 609 1278 641 Jaeob,
1293 614 1370 636 sacra
1395 608 1493 634 Iterum
1515 605 1603 631 littera
1621 602 1704 628 faciet
1727 599 1829 629 iidem;

1042 657 1109 685 dixit
1134 657 1205 684 enim
1223 664 1231 682 :
1251 664 1260 680 ι
1278 653 1366 688 Inquit
1396 653 1524 679 Dontiuns
1549 650 1582 676 ad
1598 647 1706 676 Jacob:
1727 644 1830 677 Surge.

1042 702 1157 730 ascende
1174 702 1200 728 in
1224 701 1311 727 locum
1334 698 1482 729 Bethleem,
1502 695 1593 723 habita
1618 694 1667 724 ibi,
1685 696 1713 718 et
1730 690 1775 717 foe
1796 689 1832 725 ibi

1043 748 1129 776 altare
1150 747 1214 778 Deo,
1236 746 1281 780 qui
1309 741 1494 779 appuruittibi
1518 748 1579 768 cum
1595 740 1704 773 fugeres
1729 744 1744 762 a
1765 734 1832 761 facie

1043 794 1135 821 fratris
1152 793 1189 820 uti
1211 792 1282 819 Esau
1294 791 1325 817 ".
1343 799 1352 815 ι
1369 789 1517 816 Revertens
1531 786 1603 813 enim
1626 791 1659 811 ex
1677 782 1833 815 Mesopota-

1045 841 1095 867 mia
1114 840 1158 867 Dei
1171 840 1259 874 jussu,
1283 842 1309 864 et
1327 837 1424 863 timens
1442 834 1524 865 Esau,
1542 831 1649 865 trajecit
1670 829 1758 856 Iacob
1771 833 1833 874 pue-

1044 895 1088 913 ros
1102 891 1128 913 et
1139 885 1229 912 omnia
1246 891 1310 910 vasa
1327 888 1375 909 sua
1389 888 1396 908 :
1416 887 1425 906 t
1443 876 1632 907 Subremansit
1644 878 1737 902 autem
1749 871 1832 903 solus,

1009 925 1029 952 Β
1043 937 1070 959 et
1085 932 1235 958 luctabatur
1249 930 1329 956 homo
1341 935 1402 954 eum
1417 933 1461 952 eo.
1478 934 1486 950 I

1333 984 1409 1012 CAP.
1431 981 1538 1010 XXXII.

1391 1039 1482 1067 Aliud.

1079 1100 1178 1129 Beatus
1202 1099 1294 1127 Daniel
1320 1097 1479 1126 horribilem
1498 1095 1628 1123 visionem
1654 1091 1736 1119 nobis
1757 1096 1833 1124 expo-

1045 1155 1111 1176 nens
1126 1157 1133 1174 :
1149 1156 1159 1173 t
1176 1146 1315 1177 Videbam,
1330 1144 1428 1178 inqttit,
1444 1143 1473 1169 in
1486 1141 1590 1168 visione
1602 1138 1704 1169 noctis.
1721 1142 1749 1164 ot
1760 1143 1832 1167 ecce.

1045 1201 1105 1221 cum
1126 1191 1242 1219 nubibus
1259 1191 1320 1218 coeli
1342 1189 1418 1224 quasi
1432 1188 1519 1215 Filius
1531 1185 1650 1214 hominis
1667 1183 1793 1213 veniens,
1809 1185 1834 1207 et

1046 1245 1132 1273 usque
1151 1238 1183 1265 ad
1199 1234 1341 1264 Vetustnm
1357 1235 1462 1262 dierum
1479 1232 1611 1268 pervenit,
1632 1235 1660 1257 et
1676 1230 1703 1256 iu
1722 1234 1834 1261 conspo-

1045 1290 1118 1312 ctnm
1132 1283 1190 1318 elus
1204 1284 1374 1310 adduxerunt
1388 1287 1461 1312 eum,
1479 1285 1507 1308 et
1522 1279 1572 1313 ipsi
1585 1278 1666 1305 dotus
1681 1280 1725 1303 est
1740 1275 1834 1304 honor,

1045 1336 1071 1360 et
1089 1338 1199 1366 regnum
1214 1336 1221 1357 ε
1235 1334 1262 1356 et
1277 1334 1372 1355 omnes
1390 1325 1491 1362 populi,
1510 1325 1606 1356 tribus,
1630 1328 1658 1350 ct
1673 1322 1772 1356 linguae
1786 1319 1834 1353 ipsi

1046 1377 1167 1405 servienti
1180 1385 1186 1404 :
1201 1378 1321 1410 potest“
1341 1374 1400 1408 ejus
1422 1377 1542 1406 potestas
1564 1371 1590 1396 in
1614 1373 1761 1398 retentum,
1778 1372 1836 1400 qua:

1047 1430 1098 1451 non
1116 1422 1341 1456 transgredietur,
1361 1425 1388 1447 et
1407 1423 1519 1454 regnum
1535 1416 1594 1450 ejus
1610 1422 1662 1442 non
1677 1417 1837 1444 corrumpe-

1048 1474 1090 1495 tur
1100 1469 1133 1496 “.
1151 1477 1160 1494 ι
1176 1467 1260 1495 Audis
1273 1465 1499 1502 quemadmodum
1512 1468 1564 1490 non
1577 1461 1716 1489 hominem
1735 1457 1836 1492 simpli-

1048 1515 1117 1542 citer
1129 1521 1158 1542 se
1172 1514 1273 1540 vidisse
1288 1515 1493 1541 commemoret,
1517 1515 1551 1536 ne
1569 1515 1640 1534 unus
1654 1514 1687 1533 ex
1705 1505 1795 1535 nobis.
1811 1510 1838 1530 et

1047 1561 1122 1595 juxta
1141 1567 1190 1587 nos
1210 1558 1368 1586 Emmanuel
1388 1564 1447 1584 esse
1468 1555 1614 1587 credatur;
1630 1554 1678 1580 seti
1700 1552 1779 1586 quasi
1794 1549 1838 1576 Fi-

1050 1609 1114 1636 lintn
1137 1606 1263 1635 hominis.
1286 1604 1344 1642 [(i)
1365 1604 1430 1632 Cum
1447 1602 1518 1629 enim
1545 1599 1663 1627 Verbum
1684 1603 1782 1625 natura
1804 1596 1838 1623 sit

1050 1654 1136 1687 Deus,
1165 1653 1211 1680 «in
1235 1651 1415 1679 similitudine
1439 1653 1530 1676 tamen
1558 1646 1700 1674 hominum
1734 1644 1835 1670 factum

1049 1700 1108 1732 fuit,
1125 1705 1152 1727 et
1169 1701 1306 1727 inventum
1322 1702 1362 1724 est
1377 1697 1470 1723 habitu
1483 1699 1512 1721 ut
1529 1695 1611 1721 homo
1623 1691 1656 1723 “,
1671 1702 1681 1717 ι
1699 1696 1731 1718 ιιι
1747 1690 1776 1716 in
1794 1697 1838 1715 oo-

1048 1747 1108 1773 dem
1134 1750 1278 1779 utrumque
1302 1742 1479 1775 intelligatur,
1508 1740 1534 1766 id
1559 1743 1618 1770 est,
1642 1745 1732 1771 neque
1758 1735 1838 1762 homo

1049 1793 1147 1823 mulus,
1160 1798 1247 1825 neque
1260 1790 1377 1817 Verbum
1394 1789 1496 1821 absque
1508 1785 1677 1813 humanitate
1690 1787 1720 1810 et
1734 1781 1837 1816 carne.|

1049 1837 1150 1864 Tamen
1167 1836 1191 1862 ei
1204 1835 1382 1871 principatum
1397 1837 1424 1860 et
1439 1833 1581 1862 honorem.
1592 1836 1652 1864 qua:
1666 1836 1778 1862 semper
1792 1827 1837 1854 ha-

1049 1882 1121 1914 beat,
1136 1881 1198 1909 data
1213 1887 1274 1908 esse
1292 1883 1508 1907 commemorat:
1525 1877 1563 1904 ait
1576 1876 1649 1903 enim
1663 1875 1738 1910 quod
1758 1884 1768 1900 ι
1783 1881 1837 1900 om-

1049 1935 1097 1955 nes
1114 1927 1216 1962 populi,
1238 1925 1334 1958 tribus,
1352 1930 1380 1952 et
1405 1924 1502 1958 linguae
1527 1922 1577 1956 ipsi
1595 1921 1728 1948 servient.
1746 1928 1756 1945 ι
1774 1919 1837 1946 Cum

1050 1973 1133 2007 igitur
1148 1973 1229 2000 etiatn
1244 1970 1271 1998 in
1287 1970 1455 1998 humanitate
1469 1969 1586 2003 positum
1603 1966 1778 2001 unigenitum
1795 1965 1838 1991 Dei

1051 2016 1168 2045 Verbum
1193 2017 1354 2044 servientem
1383 2015 1480 2042 habeat
1505 2017 1679 2044 creaturam,
1701 2015 1731 2038 et
1753 2010 1837 2037 Patris

1049 2063 1232 2098 principatum
1243 2066 1269 2089 et
1280 2067 1369 2093 suum,
1380 2060 1515 2094 pepererit
1525 2057 1774 2085 utcntseeuudum
1782 2062 1836 2082 car-

1049 2114 1110 2136 nem
1136 2107 1222 2142 ipsum
1239 2111 1331 2134 sancta
1350 2104 1445 2140 Virgo;
1461 2104 1597 2140 quomodo
1612 2108 1665 2130 non
1681 2102 1836 2135 intelligitur

1048 2154 1176 2186 Θεοτόχος
1181 2153 1194 2180 ?

1329 2204 1406 2236 CAP.
1427 2202 1546 2234 XXXIII.

211 2274 261 2295 suo
271 2266 305 2292 '°.
322 2275 332 2292 ι
346 2265 475 2299 Mystieus
486 2262 593 2298 quidem
605 2268 646 2289 cst
661 2261 862 2297 Scripturarnm
879 2269 975 2289 sensus
989 2270 993 2288 :

244 2313 250 2321 I
263 2312 269 2319 -
298 2311 380 2321 11.---
403 2309 470 2321 ‘..3...
486 2308 591 2321 ..‘..I.u.._
609 2307 756 2321 l...l..‘,........
776 2307 982 2321 ΛΙ-ΙίΙΛΙΑ-ιίτηιιιιιιὶ

1054 2269 1090 2295 De
1107 2267 1205 2295 Christi
1219 2271 1360 2299 passione;
1377 2268 1401 2290 et
1419 2262 1488 2297 quod
1504 2261 1568 2288 utile
1586 2265 1630 2291 ut.
1642 2259 1723 2321 ίἵκοιί
1752 2267 1839 2286 utun-

1088 2304 1149 2321 ,ιωη
1166 2300 1239 2321 ιιιίυιι
1257 2303 1281 2321 ΑΙ
1295 2299 1367 2321 ηΙιιιΑ
1385 2298 1416 2321 de
1430 2304 1481 2321 una
1501 2295 1629 2321 eteadem
1662 2295 1756 2321 icitur.
1785 2302 1829 2321 nec

210 2311 382 2340 subindieare
400 2309 471 2337 enint
486 2308 591 2336 videtur
605 2307 756 2335 Judaznrum
774 2307 994 2341 obluctationem,

211 2366 263 2393 qua
282 2356 427 2384 utebantur
445 2363 507 2383 cum
523 2353 642 2387 Christo,
659 2361 726 2388 pene
745 2361 804 2380 eum
822 2354 878 2388 ipso
892 2353 996 2380 luctan-

211 2409 272 2436 tes;
288 2402 334 2437 qni
351 2406 438 2428 tamen
458 2400 577 2436 superati
601 2404 675 2431 sunt,
692 2404 718 2426 et
740 2399 788 2434 ipsi
806 2399 887 2425 etiant
904 2398 991 2434 impe-

211 2441 309 2476 traturi
322 2447 535 2475 benedictionem
553 2447 646 2481 ipsius,
670 2445 691 2472 si
721 2453 768 2480 per
786 2446 865 2472 {idem
881 2445 915 2472 ad
935 2453 995 2473 euut

211 2494 364 2521 novissimis
389 2493 555 2528 temporibus
582 2500 611 2520 se
631 2492 842 2520 convertissem.
868 2491 995 2518 Attamen

210 2540 253 2568 ille
267 2544 341 2568 certe
361 2539 440 2566 homo
455 2543 525 2570 erat,
546 2537 591 2572 qui
608 2535 771 2569 luctabatur,
787 2541 814 2563 et
829 2543 890 2562 cum
905 2540 993 2562 tamen

210 2586 292 2613 Jacob
311 2585 358 2612 Dei
374 2585 470 2612 faciem
492 2583 666 2617 nominabat;
681 2591 769 2619 neque
786 2581 811 2609 id
833 2583 932 2614 solum,
947 2580 994 2608 sed

210 2631 314 2659 sciebat
328 2639 388 2659 eum
402 2631 483 2658 Deum
498 2638 558 2658 esse
570 2630 718 2657 Secundum
731 2628 870 2655 veritatem
886 2636 893 2655 :
911 2637 920 2655 ι
938 2627 995 2654 Vidi

210 2678 293 2711 enim,
310 2678 406 2712 inquit,
423 2677 506 2705 Deum
527 2674 595 2703 facie
613 2673 647 2703 ad
669 2675 777 2708 facient,
794 2679 820 2702 et
836 2674 937 2702 salvata
956 2677 997 2700 est

1087 2304 1149 2328 dum
1165 2295 1239 2327 aliud
1257 2303 1281 2327 et
1295 2299 1367 2325 aliud
1385 2298 1416 2325 de
1425 2295 1481 2324 "una
1501 2295 1629 2323 eteadem
1642 2295 1756 2327 dicitur,
1785 2302 1829 2321 nec

1084 2337 1223 2364 dividimus
1236 2337 1264 2362 in
1280 2337 1342 2362 duo.

1096 2395 1213 2422 Sam-tus
1228 2387 1326 2418 Paulus
1341 2390 1487 2417 salutarem
1512 2387 1665 2422 passionem
1687 2386 1770 2414 nobis
1794 2392 1838 2413 cx-

1047 2439 1129 2475 ponit,
1154 2440 1192 2466 ait
1209 2442 1323 2472 namque
1339 2445 1347 2466 ;
1362 2447 1370 2462 t
1386 2434 1462 2463 Nunc
1477 2435 1562 2470 gratia
1580 2432 1628 2460 Dei
1642 2440 1691 2467 pro
1704 2433 1832 2460 omnibus

1045 2487 1162 2521 gustavit
1174 2489 1287 2511 martem
1299 2483 1332 2514 ",
1347 2493 1356 2509 ι
1376 2488 1424 2509 nec
1438 2487 1488 2508 non
1501 2480 1582 2509 etiam
1599 2487 1605 2507 :
1619 2485 1630 2506 t
1640 2477 1752 2507 Tradidi
1767 2478 1837 2507 enim

1050 2532 1126 2559 vobis
1143 2530 1284 2566 imprimis,
1299 2529 1369 2565 quod
1383 2534 1409 2555 et
1423 2528 1515 2562 accepi
1535 2536 1540 2553 :
1556 2525 1684 2561 quoniam
1712 2524 1838 2553 Christus

1049 2583 1172 2606 mortuus
1189 2582 1229 2605 est
1242 2585 1290 2612 pro
1306 2576 1425 2610 peccatis
1448 2575 1562 2606 nostris.
1588 2573 1740 2601 secundum
1764 2569 1833 2598 Seri-

1050 2631 1152 2660 pturas,
1172 2627 1197 2651 el
1213 2623 1276 2657 quia
1287 2622 1407 2656 sepultus
1419 2626 1469 2653 est,
1480 2623 1507 2648 et
1519 2617 1580 2654 quia
1596 2619 1749 2646 resurrexit
1759 2615 1837 2644 tertia

1049 2672 1091 2698 die
1109 2670 1142 2697 δ’.
1172 2679 1181 2695 ι
1215 2670 1253 2697 Ad
1285 2669 1335 2695 hoc
1357 2667 1437 2695 etiam
1465 2663 1686 2701 sapientissimus
1708 2663 1806 2692 Petrus
1828 2670 1836 2688 :

257 2746 280 2762 ³²
299 2745 397 2773 llabac.
417 2754 445 2774 ιιι
458 2766 465 2777 ,
491 2746 601 2780 Iiseqq.
641 2745 663 2761 ³³
686 2744 765 2771 llehr.
785 2752 818 2776 ιι,
839 2744 866 2771 9.
905 2743 928 2759 ”
943 2741 989 2780 Joa

1049 2750 1110 2780 ny,
1137 2741 1183 2768 23.
1221 2741 1250 2780 fl:
1258 2740 1325 2767 Gen.
1355 2720 1562 2780 χξξιλτέι-εσ.
1600 2735 1624 2780 ί·
1645 2732 1836 2780 inausa-3t.

211 2781 231 2797 "
246 2781 328 2809 Ilchr.
353 2789 373 2813 ι,
387 2782 413 2808 5.
466 2781 489 2796 ³⁵
507 2779 587 2808 Ιοθιιζ
603 2789 629 2812 ν,
645 2781 688 2808 58.

728 2780 749 2795 ³9
768 2780 834 2807 Gen.
857 2787 938 2808 xxxv,
966 2779 989 2804 1.

210 2817 237 2844 9.
293 2815 316 2832 "
330 2814 340 2842 l
352 2815 414 2844 Cor.
434 2823 478 2847 xv,
496 2816 524 2842 3.
787 2813 792 2817 “

1029 2777 1050 2792 ⁸⁰
1064 2777 1128 2804 Dan.
1151 2784 1199 2808 vn,
1219 2776 1251 2803 I5
1268 2783 1343 2810 seqq.

1381 2773 1401 2789 ⁸¹
1421 2772 1535 2806 Philipp.
1554 2778 1583 2802 ιι,
1600 2770 1626 2797 7.
1666 2770 1689 2785 δ’
1709 2769 1791 2796 Ilebr.
1805 2775 1837 2799 tt,

247 2883 284 2917 (i)
307 2882 354 2912 Hic
371 2884 445 2912 locus
460 2884 575 2911 habetur
589 2883 738 2916 descriptus
763 2882 788 2908 in
811 2880 878 2908 libro
902 2881 990 2914 primo
1011 2877 1114 2906 Leontii
1135 2877 1276 2912 Byzantini
1312 2877 1438 2904 adversus
1462 2875 1645 2911 Eutycbianus
1680 2873 1733 2900 sub
1746 2873 1838 2900 ‘iucm.

212 2917 309 2946 BALU'L.
