1907 3038
50 213 121 241 1405

509 213 660 269 SCHOLIA‘
674 215 716 242 DE
733 214 988 244 INCARNA'I'IONE
1005 213 1189 243 UNlGENlTl.

1607 212 1674 240 M06

53 281 61 297 ι
83 272 203 304 Christo,
219 272 315 306 inquit,
342 279 422 306 passo
438 280 487 306 pro
499 274 575 300 nobis
592 282 674 301 carne
687 274 718 300 “.
741 284 750 299 ι
767 275 834 301 Cum
850 276 873 304 Α
888 274 968 301 Pullis
982 275 1085 301 duobus
1102 279 1275 308 comparatur
1294 273 1428 304 Christus,
1454 278 1508 298 non
1520 272 1594 306 quod
1619 273 1673 299 dno

50 326 134 345 unum
161 318 242 352 igitur
270 319 405 346 Credimus
430 319 572 346 Dominum
596 325 718 346 nostrum
743 320 834 346 Jesum

49 364 199 395 Christum,
216 364 242 390 id
255 369 308 395 est,
337 364 362 391 in
381 364 497 391 humana
523 365 610 391 forma
636 370 809 398 conspectum
827 385 835 397 ,

49 409 109 436 sive
124 409 260 436 hominem
284 409 385 436 factum
410 410 487 445 juxta
513 417 572 441 nos,
591 411 673 437 Deum
693 410 809 437 Verbum
827 429 834 442 ,

48 456 187 489 quomodo
205 461 231 483 et
250 454 402 491 passionem
419 457 468 490 ipsi
489 456 659 490 deputemus,
681 461 710 483 et
734 457 836 491 impas-

48 501 129 528 sibile
150 505 236 528 tamen
246 507 395 534 servemus,
413 506 444 528 ut
460 499 542 528 Deum
554 501 567 528 τ

83 547 154 582 Ergo
171 548 259 581 passio
273 547 483 582 dispensationis
495 551 565 580 erat,
583 554 630 574 sua
647 547 757 582 quidem
782 547 833 574 du-

48 598 129 619 cente
152 593 205 620 Deo
224 591 314 619 Verbo
334 599 378 624 ea,
406 598 467 627 qua:
494 597 557 619 sunt
585 593 693 626 propria
720 593 811 619 carnis
826 610 834 623 ,

48 644 162 672 propter
188 638 398 666 Inenarrabilem
424 638 581 671 unitatem;
611 642 738 664 manente
771 644 835 664 vero

48 689 129 710 extra
144 685 308 718 passionem,
320 688 451 720 quantum
467 684 500 710 ad
524 683 609 718 ipsius
631 687 754 710 naturam
772 691 835 718 per-

48 730 118 756 tittet
135 739 142 756 :
157 730 329 764 impassibilis
339 730 410 756 enim
427 729 497 757 Deus
512 735 564 757 est.
576 729 704 764 Neqneid
718 729 815 756 tnirnm
826 748 834 762 ,

48 783 111 802 eum
126 779 154 802 et
167 776 250 808 ipsam
269 775 385 802 hominis
400 775 518 802 animam
532 776 673 802 videamus
688 795 695 806 .
723 775 745 802 si
772 775 834 809 qttid

47 828 150 853 corpus
159 827 265 855 passum
281 820 371 852 fuerit,
384 824 460 847 extra
478 819 630 854 passionem
644 820 752 854 quidem
779 827 834 846 tua-

49 871 171 898 uentetn,
197 871 328 900 quantum
347 866 466 900 pertinet
490 866 523 893 ad
549 871 691 899 naturam;
716 870 833 892 attamen

48 919 103 938 non
119 917 197 938 extra
210 912 363 945 passionem
376 919 437 939 esse
462 911 576 945 intelligi
593 932 601 944 ,
619 918 652 938 eo
675 911 746 945 quod
768 918 833 944 pro-

48 958 138 991 prium
154 959 189 984 sit
206 964 304 992 corpus
319 956 403 992 ipsius
418 958 488 991 quod
505 958 614 992 patitur.
630 957 712 992 796
728 956 760 983 Et
774 957 834 983 licet

49 1002 204 1037 incontigua
220 1003 267 1034 sit,
294 1007 320 1030 et
339 1003 453 1037 simplex
471 1011 478 1036 ;
503 1007 592 1030 tamen
608 1003 634 1029 id
648 1003 720 1037 quod
734 1001 836 1036 patitur

49 1055 102 1074 tton
118 1051 160 1074 est
179 1047 307 1075 alienmn.
330 1048 375 1075 Sic
398 1048 532 1082 intelliges
558 1049 639 1075 etiam
666 1049 700 1075 dc
726 1047 836 1075 Christo

47 1094 170 1120 omnium
181 1093 331 1121 Suivetore.
345 1094 414 1122 Utar
425 1100 512 1122 autem
527 1095 669 1128 exemplis,
684 1102 744 1128 qua:
756 1096 834 1130 quasi

48 1146 97 1173 per
116 1139 231 1173 aenigma
252 1139 330 1166 nobis
354 1139 458 1174 possint
482 1139 642 1170 ostendere,
661 1140 734 1174 quod
756 1147 831 1167 com-

47 1184 196 1211 municarit
218 1184 326 1219 quidem
354 1185 473 1219 passioni
494 1184 676 1219 Uuigenitus,
701 1190 833 1220 quantum

49 1231 189 1264 pertint-at
203 1233 236 1257 ad
255 1230 468 1258 familiaritatem
495 1231 618 1266 corporis
634 1232 687 1264 sui.
704 1232 834 1259 manserit

46 1281 138 1303 autem
153 1277 287 1311 passionis
301 1284 409 1312 expers,
426 1282 455 1304 ut
471 1277 550 1304 Deus.

82 1322 176 1357 itaque
195 1323 265 1350 Deus
287 1323 460 1358 oumipotens
485 1323 606 1358 prodigia
628 1323 835 1357 sapientissimo

45 1368 134 1404 Moysi
148 1369 261 1402 iubebat
277 1369 394 1401 efﬁcere,
416 1376 446 1396 ιιι
456 1369 582 1396 crederet
592 1369 617 1396 ei
637 1368 721 1396 Israel
736 1389 743 1402 ,
761 1370 834 1404 quod

45 1420 120 1442 esset
136 1417 234 1442 missus
249 1423 263 1442 θ
280 1414 344 1446 Deo,
357 1419 384 1442 et
395 1420 424 1442 ut
435 1423 452 1442 ο
463 1415 588 1442 violentia
600 1415 780 1447 liberaretur;
795 1417 834 1443 ait

45 1466 157 1488 autem:
175 1471 185 1487 ι
204 1461 235 1488 Et
249 1461 365 1495 accipies
378 1469 477 1494 aquam
490 1461 524 1488 de
539 1460 659 1493 ﬂumine,
674 1466 701 1488 ct
712 1460 834 1487 elfundes

45 1513 129 1542 super
143 1513 252 1538 terram.
265 1512 292 1534 et
307 1507 360 1534 erit.
375 1515 444 1541 aqua
457 1515 539 1542 quam
550 1507 669 1542 accipies
685 1515 699 1534 a
709 1507 831 1539 ﬂumine,

45 1553 158 1588 sanguis
177 1561 259 1587 super
277 1558 377 1580 terram
403 1553 437 1580 ⁸³.
457 1563 465 1579 ι
490 1553 645 1588 Inqnimns,
668 1554 738 1588 quod
763 1560 832 1587 aqua

45 1599 157 1632 quidem
172 1599 256 1633 figura
273 1599 309 1626 sit
324 1599 397 1630 vitaz,
413 1603 440 1626 et
455 1599 525 1633 qttod
541 1599 575 1625 sit
589 1606 635 1633 per
644 1604 768 1626 naturam
779 1599 831 1625 vita
849 1618 872 1650 C

46 1645 133 1672 Filius
143 1652 176 1671 ex
194 1645 274 1672 Patre
288 1648 417 1680 tanquam
432 1653 465 1672 ex
478 1645 587 1672 ilnntine
600 1646 703 1678 exiens,
713 1645 834 1680 ejusdem

46 1693 205 1720 substantia:
232 1692 352 1726 ratione;
379 1692 469 1726 itaque
491 1692 580 1720 omnia
604 1692 730 1718 viviticat.
750 1701 760 1717 t
783 1691 835 1718 Sed

46 1747 111 1767 cunt
124 1747 232 1773 aquam,
245 1739 342 1773 inqttil,
357 1739 483 1766 effuderis
497 1746 577 1772 super
587 1744 697 1770 terram,
709 1738 761 1765 crit
773 1746 836 1764 san-

46 1785 120 1820 guis.
139 1795 149 1811 ι
166 1784 293 1817 Verbum,
309 1793 369 1812 cum
388 1785 489 1813 lactant
513 1790 554 1812 est
572 1793 636 1812 caro
659 1785 692 1812 de
706 1789 790 1817 terra,
810 1784 836 1811 id

45 1838 100 1865 est,
119 1833 226 1866 quando
237 1839 251 1858 a
269 1836 339 1859 terra
353 1839 461 1858 carnem
475 1831 525 1858 sibi
535 1831 724 1864 circumdedit,
736 1830 834 1857 tuncin

46 1889 79 1906 ea
104 1884 216 1906 mortetu
238 1883 338 1906 nostra:
363 1878 479 1906 similem
507 1877 607 1905 dicitttr
634 1885 755 1912 passum.
774 1877 836 1904 licet

46 1930 97 1958 per
112 1928 234 1950 naturam
253 1923 288 1951 sit
301 1921 366 1950 vita.

335 1991 411 2020 CAP.
428 1989 547 2018 XXXIV.
583 1986 589 1987 ί

291 2086 294 2087 ν
395 2048 487 2075 Aliud.

85 2107 115 2134 ιιι
127 2105 246 2133 Levitico
263 2106 392 2140 pollutqu
405 2105 474 2132 Deus
485 2109 512 2131 et
523 2105 690 2131 immundum
703 2106 836 2139 leprosum

47 2161 112 2179 esse
129 2153 276 2187 signitical,
294 2156 376 2186 atque
389 2151 425 2177 ita
437 2159 500 2178 ettttt
517 2150 549 2177 de
559 2150 657 2177 castris
668 2150 727 2184 t-jici
743 2151 837 2184 pra-ri-

48 2199 91 2232 pit
107 2203 232 2231 oportere
242 2197 263 2212 "
277 2205 285 2229 ς
300 2201 327 2223 et
343 2196 366 2223 si
383 2199 496 2222 sanatus
524 2193 606 2222 fuerit
630 2195 756 2226 ntorlms,
787 2195 837 2220 hoc

48 2251 112 2270 eum
140 2238 228 2277 paeto‘
241 2241 349 2276 purgari
371 2249 377 2267 ε
406 2250 415 2266 ι
444 2241 477 2268 Et
498 2241 634 2275 accipiens
657 2241 725 2267 duos
751 2240 837 2274 pullos

887 320 941 347 sint
957 320 1015 352 lilii,
1033 321 1079 346 sed
1105 320 1175 354 quod
1198 327 1268 346 unus
1293 318 1382 353 potius
1401 324 1434 344 ex
1460 317 1584 349 duobus,
1606 317 1674 343 divi-

886 366 971 392 nitate
993 370 1021 392 et
1042 366 1209 392 humanitate
1234 366 1260 391 iu
1283 365 1413 392 unitatem
1437 363 1553 391 collatis.
1578 362 1670 389 Mundi

887 417 975 439 autem
991 412 1054 447 pulli
1069 420 1076 438 :
1090 419 1178 446 neque
1194 411 1264 439 enim
1281 411 1346 438 fecit
1363 415 1502 444 peccatum
1524 410 1594 436 Deus
1621 415 1673 435 tto-

887 462 944 485 sler
958 457 1036 485 .lesus
1055 457 1195 488 Christus;
1210 457 1258 484 sed
1271 461 1331 484 erat
1354 456 1471 483 Verbum
1488 460 1625 486 sanctum,
1646 458 1674 481 et

887 503 1034 529 divinitatis
1056 506 1083 528 et
1099 501 1276 528 humanitatis
1292 501 1406 528 ratione.
1428 499 1593 527 Vulneribus
1607 506 1673 526 vero

886 553 1076 582 comparatur,
1103 547 1174 582 qttod
1189 547 1266 581 quasi
1285 547 1312 574 in
1330 546 1439 574 sublimi
1457 546 1494 572 sit
1516 552 1597 580 supra
1616 550 1672 573 ter-

887 599 955 624 ram.
975 599 1003 621 et
1021 601 1039 621 ο
1060 593 1130 621 εωΙο
1153 594 1293 628 desuper:
1313 593 1409 620 ecaelo
1428 592 1502 620 enim
1529 592 1610 619 homo
1631 595 1674 618 est

885 641 1018 672 Christus,
1037 640 1098 667 licet
1113 647 1222 666 carnem
1245 644 1340 666 saneta
1367 637 1450 672 Virgo
1464 637 1623 672 pepererit;
1639 644 1673 663 oo

886 686 965 713 modo
977 687 1057 720 igitur
1068 686 1183 719 desuper
1192 691 1218 713 et
1231 686 1264 712 de
1278 685 1358 712 coelo.
1375 685 1445 711 Deus
1457 684 1528 710 enim
1541 682 1674 715 Verbum,

886 731 957 765 quod
970 735 1013 758 est
1028 731 1144 764 desuper
1160 736 1186 758 et
1200 738 1232 758 ex
1247 731 1326 758 Patre
1338 749 1346 762 ,
1369 737 1479 757 carnem
1503 736 1536 756 ex
1563 727 1674 762 Virgine

885 781 978 804 sancta
990 777 1134 810 accipiens,
1150 780 1178 804 et
1189 783 1249 804 eam
1269 784 1346 803 suam
1360 776 1551 810 propriamque
1569 774 1666 800 existi-

886 829 972 853 mans,
991 827 1116 856 tanquam
1133 821 1156 848 si
1170 829 1231 848 eain
1252 821 1368 855 desuper
1383 826 1410 848 et
1435 820 1469 846 de
1491 819 1560 846 coelo
1589 819 1671 845 detn—

886 867 969 899 lissct,
987 867 1114 894 (licebat:
1136 876 1146 892 ι
1167 866 1250 893 Nemo
1274 866 1396 893 ascendit
1423 865 1450 891 in
1474 865 1593 896 cadum,
1619 863 1672 890 nisi

886 913 931 948 qui
947 913 981 940 de
1007 913 1076 940 cutio
1102 913 1242 939 descendit
1259 912 1344 938 Filius
1364 910 1501 942 hominis.
1523 910 1622 944 quiest
1646 909 1672 935 in

890 959 960 987 caelo
971 959 1004 986 "'.
1025 968 1035 984 ι
1054 959 1091 985 Ea
1106 959 1176 985 cnim
1203 965 1263 992 quae
1286 964 1334 984 sua
1354 961 1436 988 sunt,
1461 956 1575 990 propriae
1597 955 1671 981 carni

890 1013 998 1040 semper
1015 1004 1158 1036 attribuit;
1170 1004 1317 1030 aduttatum
1335 1009 1399 1029 vero
1411 1001 1494 1029 semel
1508 1020 1516 1032 ,
1537 1000 1594 1035 jam
1611 1007 1672 1026 cum

891 1052 947 1086 ipsa
964 1058 1045 1078 unum
1060 1050 1164 1078 scilicet
1177 1049 1336 1076 mstitnalut‘.

925 1095 1057 1124 Caeterum
1072 1096 1142 1126 vide,
1162 1095 1253 1122 occiso
1270 1102 1323 1121 uno
1347 1093 1430 1128 pullo.
1451 1091 1534 1119 lavari
1561 1091 1673 1126 quidem

888 1143 1000 1170 alterum
1014 1142 1071 1176 ejus
1088 1141 1229 1174 sanguine,
1248 1146 1337 1167 tamen
1353 1147 1406 1166 tton
1429 1138 1516 1166 emori
1530 1147 1537 1169 ς
1562 1141 1590 1164 et
1605 1137 1672 1171 quid

889 1190 940 1216 hoc
952 1188 1007 1215 sit?
1036 1187 1147 1215 Vivebat
1171 1186 1299 1218 Verbum,
1322 1185 1386 1212 licet
1415 1191 1464 1210 sua
1490 1190 1553 1210 caro
1576 1182 1672 1209 fuisset

888 1239 1022 1265 emortua,
1045 1237 1073 1260 et
1092 1239 1262 1260 communem
1286 1231 1441 1265 passionem
1460 1235 1520 1255 esse
1545 1227 1672 1258 dict-hat.

888 1285 996 1315 propter
1011 1278 1199 1306 adunationem
1211 1283 1237 1304 et
1246 1277 1455 1304 familiaritatem
1465 1282 1544 1308 quant
1557 1274 1674 1300 habebat

887 1333 947 1352 cttm
963 1332 1055 1351 carne.
1076 1322 1158 1358 igitur
1172 1322 1259 1356 ipsum
1283 1321 1391 1356 quidem
1413 1320 1500 1351 vivit,
1525 1323 1553 1346 ut
1579 1318 1672 1350 Deus;

888 1378 986 1404 corpus
997 1377 1061 1396 vero
1076 1372 1206 1403 tanquam
1220 1367 1358 1402 propritttn
1381 1366 1508 1397 faciebat,
1533 1369 1560 1391 et
1580 1364 1619 1391 sic
1645 1364 1672 1390 itt

886 1424 916 1444 se
930 1414 1099 1443 familiariter
1109 1413 1258 1448 accipiebat
1280 1412 1402 1446 corporis
1425 1412 1582 1445 passiones,
1607 1417 1668 1436 cum

887 1463 975 1496 ipsum
993 1460 1059 1487 nihil
1085 1461 1111 1486 in
1135 1464 1229 1486 natura
1256 1458 1364 1492 propria
1382 1461 1531 1491 pateretur.
1557 1455 1672 1482 Prodest

886 1508 966 1542 igitur
980 1512 1007 1533 et
1020 1505 1200 1533 necessarium
1217 1509 1268 1535 est,
1286 1504 1307 1530 si
1325 1505 1350 1529 in
1364 1511 1417 1530 uno
1430 1502 1539 1529 Christo
1554 1501 1579 1527 id
1593 1501 1667 1527 acci-

886 1554 992 1588 piamus
1010 1552 1081 1586 quod
1105 1550 1256 1578 secundum
1279 1549 1350 1576 aliud
1368 1553 1395 1576 et
1410 1549 1482 1575 aliud
1502 1548 1534 1574 de
1554 1555 1608 1573 ttno
1625 1554 1674 1573 eo-

887 1601 1002 1633 demque
1027 1598 1222 1629 constituatur,
1246 1601 1272 1623 ct
1293 1596 1363 1630 quod
1389 1595 1416 1621 in
1442 1594 1495 1620 duo
1513 1591 1595 1619 dividi
1619 1600 1674 1620 non

887 1646 1061 1680 permittatur
1074 1665 1080 1675 ,
1100 1644 1162 1671 licet
1175 1643 1280 1670 diversa
1295 1642 1366 1668 itttcr
1382 1648 1422 1671 se,
1441 1644 1469 1667 et
1484 1639 1596 1666 minime
1610 1646 1672 1665 eou-

886 1692 1030 1722 venicntia,
1046 1696 1108 1716 actu
1120 1696 1181 1716 esse
1194 1689 1327 1715 dicantur.

924 1738 970 1764 Est
984 1742 1073 1764 autettt
1092 1736 1143 1762 tale
1158 1735 1229 1769 quod
1247 1734 1318 1760 (lico.
1335 1732 1433 1759 Natum
1448 1738 1510 1758 esse
1524 1730 1674 1758 secundum

886 1790 997 1809 carnem
1012 1789 1044 1808 ex
1059 1780 1170 1807 muliere
1189 1779 1270 1806 Deum
1287 1777 1403 1804 dicimus
1426 1775 1540 1802 Verbum
1554 1793 1562 1806 ,
1578 1781 1674 1808 quant-

886 1828 927 1855 vis
944 1827 1069 1855 omnibus
1087 1827 1144 1860 ipse
1161 1825 1276 1860 prazbeal
1296 1822 1380 1854 nasci.
1398 1826 1426 1849 et
1440 1822 1473 1847 ad
1490 1821 1671 1851 nativitatem,

886 1883 945 1910 qum.
960 1874 1077 1901 nondum
1100 1878 1162 1899 nata
1176 1876 1249 1903 sunt,
1266 1876 1352 1897 vocet.
1380 1869 1533 1896 Secundum
1557 1866 1628 1894 aliud
1648 1874 1676 1893 et

887 1921 958 1948 aliud
973 1925 1064 1947 natum
1081 1923 1132 1950 est,
1145 1926 1177 1945 eo
1193 1916 1264 1952 quod
1286 1917 1366 1943 homo
1381 1915 1465 1942 nostri
1482 1913 1579 1941 similis
1594 1913 1673 1940 intel-

894 1968 1011 2001 ligatur;
1025 1969 1102 1992 vocat
1117 1968 1206 1991 autent
1221 1963 1253 1990 ad
1272 1961 1436 1989 nativitatem
1447 1960 1548 1992 omnia,
1560 1966 1592 1986 eo
1603 1958 1675 1993 quod

887 2018 982 2039 natura
997 2011 1031 2038 sit
1047 2011 1127 2038 Deus.

922 2057 1059 2090 Scriptum
1071 2060 1113 2082 est
1131 2055 1211 2082 etiam
1226 2054 1259 2080 dc
1272 2053 1330 2087 ipso
1349 2059 1355 2076 ε
1377 2060 1386 2077 r
1414 2051 1484 2078 Puer
1502 2049 1675 2085 proficiebat,

886 2109 912 2129 et
929 2099 1145 2132 confortabatur,
1169 2106 1197 2127 et
1213 2098 1377 2132 implebatur
1400 2095 1532 2130 sapientia
1559 2099 1586 2122 et
1611 2103 1675 2129 gra-

888 2149 922 2173 tia
939 2147 970 2174 ‘9.
988 2155 997 2171 ›
1015 2145 1082 2173 Cum
1105 2149 1201 2171 natura
1218 2144 1252 2169 sit
1272 2142 1421 2176 perfectum
1438 2144 1467 2166 ttt
1492 2139 1579 2173 Dens,
1602 2143 1628 2165 et
1642 2146 1675 2165 ex

886 2201 933 2218 sua
955 2191 1118 2225 plenitudine
1140 2189 1272 2224 spiritalia
1295 2187 1396 2214 sanctis
1424 2184 1562 2219 impertiat
1582 2192 1589 2215 ;
1612 2191 1675 2210 cum

887 2238 973 2270 ipsum
993 2235 1028 2262 sit
1041 2235 1181 2270 sapientia:
1197 2234 1274 2260 dator
1287 2237 1314 2258 et
1325 2231 1430 2266 gratiae,
1455 2227 1588 2264 quomodo
1613 2235 1675 2262 pro-

50 2288 177 2319 tnundos,
191 2291 218 2314 et
233 2287 333 2320 lignum
351 2287 501 2319 cedrinnm,
516 2292 543 2314 et
559 2274 708 2313 icoccinuut
726 2291 753 2313 et
772 2287 834 2321 hys-
853 2299 874 2326 υ
889 2284 942 2310 iii-it
956 2290 1031 2315 puer,
1047 2285 1074 2308 et
1085 2280 1215 2315 sapientia
1234 2279 1360 2313 impletur
1385 2283 1412 2304 et
1438 2276 1524 2310 gratia
1538 2274 1550 2301 ’ἔ
1571 2275 1676 2301 Secun-

48 2341 159 2368 sopuut,
171 2337 198 2359 et
209 2332 348 2366 praecipiet
368 2332 495 2359 sacerdos
507 2351 515 2363 ,
540 2336 567 2357 ct
583 2331 709 2358 occidens
732 2332 835 2364 pullum

50 2387 135 2406 uttttttt
152 2378 177 2405 itt
194 2386 256 2406 vase
271 2378 355 2410 lit'tili,
374 2377 399 2404 itl
424 2386 491 2412 aqua
514 2378 573 2403 viva
589 2398 597 2409 ,
629 2381 656 2403 el.
673 2377 773 2412 pttllum
791 2377 835 2410 qui

49 2427 118 2452 vivit
144 2424 261 2460 accipiet
277 2445 284 2456 ,
312 2429 340 2451 et
353 2424 455 2451 Iuvabit
482 2423 558 2450 illum
578 2424 605 2450 in
620 2424 751 2458 sanguine
767 2423 832 2456 pulli

50 2473 135 2499 ocrisi
151 2471 176 2498 in
187 2479 255 2506 aqua
271 2470 344 2502 viva,
358 2475 385 2496 et
399 2474 521 2504 aspergat
536 2477 616 2503 super
628 2476 689 2495 eum
706 2468 751 2502 qui
767 2476 832 2502 pur-

50 2522 132 2552 gattts
150 2521 186 2542 est
204 2523 218 2542 a
234 2515 306 2549 lepra
324 2515 433 2549 septies,
448 2519 476 2541 et
491 2514 606 2541 mundus
619 2513 671 2539 erit
684 2512 718 2539 ‘7.
737 2522 746 2538 ›
765 2513 835 2538 lted-

51 2563 93 2589 dit
120 2560 228 2596 quidcnt
263 2568 312 2588 nos
334 2562 448 2587 tnttndos
465 2580 473 2593 ,
495 2565 521 2587 et
540 2559 718 2595 pollutionutn
746 2559 840 2585 sordes

51 2607 150 2637 abluit,
167 2611 194 2633 et
209 2605 327 2633 carnalis
344 2604 572 2639 concupiscentize
586 2604 778 2631 mortalitatem
797 2611 838 2629 re-

53 2652 131 2686 pellit
153 2651 263 2686 sanguis
288 2650 501 2684 prctiosissimus
527 2649 645 2680 Christi,
669 2654 695 2676 et
715 2648 839 2684 purgatio

54 2697 227 2732 baptismatis
250 2696 428 2724 sacrosancti.
464 2696 597 2722 Czetet'unt
629 2695 694 2722 illud
726 2695 839 2729 aspice:

53 2744 213 2772 amittentes
237 2742 308 2770 enim
332 2742 494 2776 scriptorum
522 2742 574 2768 vim
592 2741 749 2768 examinare
769 2740 839 2774 quod

55 2789 188 2825 mysterio
216 2789 362 2824 expediat,
389 2789 415 2816 itt
443 2788 585 2823 prmsentia
619 2787 838 2815 memorabimus.

93 2891 117 2907 “
137 2890 146 2918 l
163 2891 234 2918 l‘etr.
252 2899 287 2924 tv,
308 2891 331 2919 l.

371 2891 394 2907 ⁵⁵
410 2891 493 2918 Exod.
518 2898 558 2924 tv,
571 2891 597 2918 9.

60 2927 82 2942 ⁸³
95 2926 162 2954 Luc.
183 2933 213 2957 ιι,
226 2926 270 2954 52.
371 2950 374 2951 ,

638 2890 659 2905 “
687 2889 771 2917 chit.
805 2896 862 2922 \lll,
884 2888 901 2914 2
923 2895 998 2922 seqq.

891 2329 952 2356 duttt
967 2327 1038 2354 aliud
1054 2331 1081 2353 et
1094 2326 1165 2352 aliud
1185 2334 1190 2352 :
1207 2333 1267 2351 cum
1288 2325 1323 2352 sit
1335 2323 1407 2351 enim
1434 2322 1492 2357 ipse
1505 2321 1574 2348 idem
1596 2320 1677 2347 homo

891 2373 970 2402 simul
991 2377 1018 2399 et
1040 2371 1119 2401 Deus,
1142 2375 1252 2405 propter
1276 2370 1406 2396 unitatem
1429 2367 1537 2402 quidem
1563 2365 1673 2400 propria

892 2420 964 2446 ducit
979 2419 1095 2446 humana
1108 2425 1115 2449 ;
1129 2421 1170 2444 est
1181 2422 1271 2442 autent
1287 2415 1436 2450 perfectus,
1456 2417 1484 2440 et
1497 2411 1636 2446 sapientia:
1649 2414 1677 2438 et

890 2464 983 2500 gratia:
998 2465 1087 2494 dator,
1103 2466 1132 2489 ιιι
1151 2461 1231 2488 Deus.

927 2509 1101 2543 Nuncupatus
1128 2511 1169 2534 est
1197 2506 1278 2533 etiam
1298 2509 1324 2531 et
1344 2503 1551 2538 primogenitus,
1573 2505 1601 2529 et.
1619 2501 1679 2527 uni.

891 2556 1018 2592 genitus;
1044 2554 1092 2582 sed
1118 2553 1140 2580 si
1157 2552 1218 2587 quis
1239 2551 1292 2577 vim
1314 2550 1400 2584 ipsam
1422 2549 1538 2576 scrutari
1565 2547 1679 2574 voluerit

893 2591 1051 2631 dictionum,
1068 2596 1262 2633 primogenitus
1272 2601 1323 2626 est,
1344 2594 1389 2629 qui
1405 2594 1477 2620 inter
1497 2592 1597 2620 fratres
1615 2591 1677 2626 plu-

895 2648 976 2674 rimos
989 2643 1182 2680 primogenitus
1193 2651 1201 2675 ;
1214 2642 1367 2677 nuigenitus
1384 2646 1448 2665 vero
1461 2659 1469 2670 ,
1496 2642 1525 2665 ut
1543 2636 1672 2672 unigeni-

892 2697 946 2725 ttts,
961 2700 1012 2719 non
1026 2691 1081 2725 jam
1099 2688 1304 2724 primogenitus,
1321 2693 1369 2713 nec
1383 2686 1455 2711 inter
1470 2683 1602 2719 plurimos
1618 2683 1676 2710 fra-

893 2745 957 2766 tres.
974 2738 1007 2764 At
1021 2743 1062 2764 cst
1077 2737 1144 2772 ipse.
1164 2739 1192 2762 et
1210 2735 1271 2764 hoc.
1287 2737 1314 2760 et
1330 2730 1416 2764 illud;
1438 2728 1574 2764 quomodo
1591 2727 1680 2762 ergo?

894 2785 1045 2812 Secundum
1063 2782 1134 2810 aliud
1155 2787 1193 2816 et.
1205 2779 1276 2807 aliud
1293 2787 1300 2805 :
1319 2775 1515 2813 primogenitus
1538 2774 1609 2801 enim
1623 2793 1631 2806 .
1649 2777 1679 2800 ut

1037 2886 1056 2902 ἠ
1079 2884 1166 2912 Lcrit.
1196 2891 1252 2917 xiv,
1283 2881 1374 2910 49-51.
1413 2879 1434 2895 ”‘
1454 2877 1531 2906 Joan.
1564 2884 1603 2909 ιιι,
1635 2875 1676 2903 15.
