1907 3038
223 204 234 231 l
245 204 291 232 107

736 202 765 229 S.
782 200 926 228 CYRILLI
944 197 1176 226 ALEXANDRINI
1198 196 1358 225 ARClllEP.

1795 195 1805 220 t
1814 193 1861 221 ωε

223 261 293 287 inter
304 259 382 294 797
398 260 526 294 plurimos
544 259 651 290 fratres,
669 264 777 293 propter
789 259 987 286 humanitatem
1002 267 1008 290 ;
1026 259 1048 287 Α
1063 257 1217 284 etiamtunc
1227 264 1288 283 cunt
1301 255 1326 282 in
1338 254 1429 281 multis
1440 255 1520 281 fuerit
1539 253 1670 281 l'ratt'lbus
1684 263 1691 280 :
1710 258 1779 280 tunc
1791 254 1862 279 enim

222 306 377 341 nuigenitus
393 313 473 339 porro
489 305 570 336 ident,
592 309 621 331 ut
637 305 713 332 solus
735 313 767 332 ex
785 305 844 333 solo
860 305 941 332 Patre
959 313 1010 332 na-

224 356 278 381 tus.
292 355 317 378 ct
333 356 361 377 ttt
380 352 459 376 Deus.

260 397 455 424 Sanctiﬁcatus
480 395 563 421 fuisse
589 395 689 422 dicitur
710 403 757 430 per
779 396 908 431 Spiritum
923 416 930 430 ,
950 404 1024 431 cum,

224 443 282 478 ipse
297 443 467 470 sanctilicare
487 441 575 468 soleat
591 442 769 475 accedentes;
793 443 949 476 baptizatus
968 450 1010 470 se-

223 490 338 515 tttltdutn
355 495 475 519 caruerit,
499 489 544 520 qui
563 488 589 514 in
605 494 700 515 sancto
715 488 817 521 Spirittt
843 488 1010 522 baptizabat.

223 533 364 566 Quomodo
388 534 470 567 igitur
493 535 562 561 idem
582 539 610 561 et
633 533 785 560 sanctiﬁcat
806 538 833 560 et
858 534 1012 560 sanctiﬁca-

223 583 283 609 tur,
311 579 429 612 haptizat
452 585 477 606 et
505 579 682 614 baptizatur?
711 579 864 606 Secundum
888 579 960 607 aliud
984 585 1011 607 et

223 622 294 649 aliud
310 633 317 650 :
333 625 517 651 sanctitlealnr
532 625 604 651 enim
616 625 742 656 humane,
757 625 827 652 sicut
841 625 922 652 etiam
943 627 1010 660 bap-

223 670 342 702 tizatur;
373 671 525 697 sanctiﬁcat
548 675 639 698 autem
662 671 769 703 divine,
796 676 823 698 et
841 672 960 705 baptizat
985 672 1010 698 in

223 715 327 750 Spirittt
341 723 447 742 sancto.

256 762 322 788 Cum
338 763 393 796 ipse
405 764 516 790 suscitet
527 771 597 790 mor-

221 813 280 834 tuos
295 827 302 838 ,
325 809 472 834 resurrexit
489 817 502 834 ιι
525 817 597 835 mor-

222 854 285 884 tuis,
303 859 329 880 et
341 862 399 880 cttnt
411 856 445 880 sit
462 863 509 889 per
523 861 598 882 natu-

221 909 277 927 ram
290 902 354 932 vim,
381 902 511 928 vivilicari
530 903 597 929 dici-

223 953 280 980 tur;
300 948 349 974 hut:
370 956 486 982 quonam
499 950 598 975 modo?

220 985 372 1018 Secun‘dnnt
384 994 454 1020 aliud
466 1002 561 1027 nempe
572 1000 597 1020 ct

219 1038 291 1063 aliud
314 1038 391 1072 :llht)
413 1039 483 1064 enim
511 1047 599 1065 resur-

221 1084 290 1110 rexit
310 1085 415 1118 quidem
439 1094 451 1110 :t
473 1086 595 1117 mortuis,

219 1134 245 1155 et
255 1130 383 1156 vivilli-ari
398 1131 492 1157 dicittu
504 1139 598 1158 sccun-

219 1177 279 1202 dum
310 1184 439 1211 carnem;
476 1178 596 1204 vivilicat

217 1229 304 1249 autem
323 1229 350 1250 ct
365 1225 480 1251 suscitat
494 1233 507 1251 a
523 1233 595 1251 mor-

218 1270 280 1302 tttis,
304 1275 395 1305 utpote
422 1268 506 1298 Dens.
524 1272 595 1298 I'ati—

217 1323 270 1349 tur,
293 1323 318 1344 et
343 1326 395 1345 tton
418 1320 529 1353 patitur,
550 1327 591 1346 se-

216 1363 333 1389 cundum
357 1364 427 1389 aliud
453 1370 479 1390 ct
497 1365 567 1391 aliud
585 1373 592 1390 :

215 1409 320 1442 patitur
342 1410 450 1444 quidem
478 1411 593 1438 humane

215 1461 345 1483 (πει-ηρ,οο
359 1457 428 1490 quod
444 1457 523 1482 ltonto
538 1457 590 1489 sil;

216 1501 386 1535 itupasslbilis
402 1509 489 1530 autent
503 1505 592 1532 divine

669 763 754 795 Αὐτὸς
763 765 875 799 ἐγείρων
892 765 955 796 τοὺς
968 774 1012 791 νε-

634 812 726 844 χροὸς,
739 811 770 837 ἐκ
782 811 886 846 νεκρῶν
897 812 1012 846 ἐγήγερ-

633 865 693 883 ται”
713 857 759 883 καὶ
775 857 829 889 ζῶν
844 858 915 884 κατὰ
931 857 1012 892 φύσιν

633 905 774 938 τυγχάνων
783 924 790 934 ,
821 903 1009 935 ζωοποιεῖεῖοιι

633 952 751 986 λέγεται.
770 952 823 978 Καὶ
839 953 897 984 πῶς
915 953 1011 984 10510;

635 999 701 1024 Κατ’
726 999 790 1026 ἄλλο
815 1002 862 1027 καὶ
887 1002 959 1029 ἄλλ’).
984 1002 1011 1028 '0

634 1044 687 1080 γὰρ
699 1046 776 1077 αὐτὸς
795 1048 943 1084 ἐγήγερται
962 1049 1012 1084 μὲν
1031 1086 1034 1089 _

633 1091 665 1116 ἐκ
686 1091 800 1126 νεκρῶν,
823 1092 1011 1124 ζωοποιεῖσῡαί

631 1146 661 1163 τε
684 1137 792 1171 λέγεται
817 1139 887 1166 κατὰ
911 1141 1009 1175 σάρκα,

633 1184 760 1215 ζωθποιεί
770 1186 797 1212 δὲ
811 1187 856 1213 καὶ
870 1188 1011 1222 divis-.7379;

631 1230 694 1260 τοὺς
716 1231 838 1265 νεκροὺς,
865 1231 902 1263 ὡς
926 1233 1007 1264 Θεόξ-

632 1276 741 1310 πάςχει.
768 1278 814 1303 καὶ
837 1278 865 1303 οὺ
899 1279 1007 1313 πάσχει,

632 1324 692 1348 κατ’
713 1323 776 1349 ἄλλο
798 1324 843 1349 καὶ
866 1324 942 1351 ἆ).λη”
961 1325 1009 1351 πά-

632 1378 689 1404 σχει
715 1371 763 1405 μὲν
791 1373 844 1406 γὰρ
869 1372 1005 1407 ἀνθρωπί-

629 1424 682 1447 νως
698 1417 794 1451 σαρκὶ,
817 1417 884 1443 καοὸ
906 1418 1008 1453 ἄνθρω-

629 1470 678 1494 πως
690 1471 696 1477 “
713 1463 820 1496 ἀπαθὴς
835 1464 862 1489 δέ
880 1465 937 1491 ἐστι
954 1465 1008 1491 02i-

628 1509 694 1540 κῶς,
710 1509 747 1540 ὡς
762 1509 837 1542 Θεός.

215 1553 316 1580 manet,
331 1553 358 1574 ιιι
371 1549 449 1577 Deus.

249 1594 377 1621 Adnravit
394 1596 448 1630 ipse
461 1596 599 1624 nobiseum
616 1606 621 1624 :
636 1606 645 1622 ι
668 1597 723 1624 Vos
743 1598 825 1630 enim,
842 1598 938 1633 inquit,
956 1600 989 1625 ad
1017 1602 1038 1630 C

207 1638 296 1664 .oratis
306 1639 376 1672 quod
391 1641 518 1674 nescitis;
530 1649 577 1668 nos
588 1642 731 1668 adoramus
743 1643 812 1676 qttnd
823 1643 924 1670 scimus
934 1644 974 1677 ὐς
991 1654 999 1670 ι

214 1686 241 1708 et
255 1688 296 1708 est
312 1684 393 1710 etiam
406 1685 559 1713 adorandus
577 1695 583 1711 :
601 1697 610 1712 ι
629 1687 837 1714 Flectitttrcnitn
855 1689 903 1722 ipsi
922 1697 1001 1717 mune
1044 1690 1046 1694 “

214 1735 282 1761 genti
308 1729 341 1755 ³¹.
362 1739 370 1753 ι
388 1730 442 1757 lloe
469 1739 576 1766 quoque
598 1733 744 1760 secundum
777 1733 848 1760 aliud
873 1739 900 1761 et
915 1735 998 1764 aliud.

213 1773 315 1801 Aderat
331 1775 414 1807 ettint,
428 1778 491 1810 qttia
510 1783 631 1804 naturam
644 1780 800 1814 assumpsit,
824 1788 883 1814 qua:
904 1780 1001 1809 debeat

214 1819 328 1856 adorare
343 1831 350 1854 ;
369 1823 497 1849 aduratur
513 1829 602 1850 autem
622 1832 702 1858 porro
719 1825 800 1859 idetu,
822 1828 899 1860 quasi
916 1828 1001 1862 major

213 1864 345 1893 adorante
369 1872 475 1900 natura,
501 1875 532 1895 eo
558 1869 628 1902 quod
654 1869 813 1904 intelligitur
838 1872 916 1898 Dens.
946 1874 999 1900 Ad-

212 1912 338 1940 oratione
350 1921 414 1940 vero
430 1922 481 1940 nou
496 1919 537 1941 cst
548 1915 720 1942 dividendum
737 1917 763 1942 itt
777 1918 912 1945 hominem
924 1928 999 1946 svor-

213 1966 259 1985 sus
272 1963 298 1986 et
313 1967 422 1986 scorstts
439 1959 464 1986 in
488 1960 588 1994 Deum;
610 1969 698 1996 neque
716 1970 780 1990 vero
801 1970 928 1999 tattquatn
946 1966 999 1993 Deo

212 2003 385 2037 conjunctuut
395 2006 547 2039 aequalitate
557 2007 706 2041 dignitatis,
718 2008 813 2036 divisis
828 2010 997 2043 substantiis,

212 2056 273 2076 cum
298 2050 355 2083 ipso
379 2053 485 2078 adorari
501 2051 615 2080 dicimus
643 2053 779 2080 hominem
811 2056 848 2090 (id
865 2057 936 2082 enim
951 2065 999 2084 ex—

213 2099 306 2121 trema:
321 2095 466 2130 impietatis
479 2097 664 2131 plenissimum
679 2099 732 2132 est)
750 2108 757 2126 :
770 2101 815 2127 sed
844 2109 925 2128 unum
945 2103 994 2129 ad-

211 2141 342 2167 uraudum
364 2142 499 2170 hominem
519 2143 664 2177 lactum,et
680 2146 849 2173 iucarnatunt
867 2148 910 2174 Dei
932 2147 999 2175 Ver-

212 2187 333 2220 butn;ita
350 2193 451 2219 tatueu,
468 2195 497 2215 ιιι
518 2191 659 2217 credamus
681 2200 779 2226 corpus
802 2193 825 2219 ei
848 2196 996 2221 adunatum

210 2232 328 2258 animam
343 2233 420 2266 juxta
446 2242 495 2260 nos
522 2234 649 2263 habuisse
679 2238 877 2266 rationabilem.
906 2239 996 2274 Neque

210 2275 282 2301 cuitu
300 2276 369 2303 Dens
383 2277 553 2310 omnipotens
569 2279 636 2306 duos
652 2282 848 2316 prituogeuitos
867 2287 996 2319 pt‘mcepit
1014 2270 1033 2296 υ

210 2325 346 2354 oportere,
365 2326 417 2348 tam
437 2331 450 2348 a
466 2323 544 2350 nobis
561 2332 666 2358 quanta
685 2328 787 2355 sanctis
814 2330 927 2364 angelis,
945 2333 993 2358 ad-

210 2366 295 2390 orari.
311 2364 386 2392 Unus
400 2372 440 2394 est
455 2369 538 2402 enim,
552 2370 596 2404 qui
614 2376 655 2398 est
675 2372 843 2402 introductus
858 2376 884 2402 iu
900 2378 993 2405 orbem

210 2416 341 2438 terrarum
357 2413 395 2446 ¹¹;
414 2419 440 2440 et
454 2415 475 2441 si
493 2415 700 2446 iutroductionis
724 2421 831 2447 tuodtnn
855 2423 994 2451 curiosius

210 2461 426 2491 pcrscrnlemur,
447 2461 563 2488 carnalis
593 2463 805 2497 dispensationis
832 2469 993 2503 mysteriqu

210 2500 387 2530 inveniemus.
404 2503 577 2534 Introductus
593 2513 633 2535 est
657 2515 747 2536 autem
776 2512 801 2538 iu
819 2500 912 2541 Orbem
941 2519 994 2542 lcr-

208 2546 310 2580 raruiu,
328 2554 391 2576 tunc
406 2558 465 2577 cum
484 2552 570 2580 factus
589 2560 629 2581 est
646 2555 736 2588 homo,
754 2556 814 2584 licet
834 2563 930 2585 natura
946 2568 993 2587 sua

210 2593 311 2622 distare
322 2597 354 2623 ab
366 2598 431 2625 orbe
445 2599 600 2634 longissime
613 2600 746 2633 videatur,
762 2607 787 2629 ct
803 2603 828 2629 iu
841 2604 990 2634 divinitatis

206 2639 352 2666 eminentia
363 2649 424 2669 vere
433 2650 492 2670 esse
506 2644 633 2671 credatur
651 2654 658 2672 :
676 2647 744 2673 alius
757 2654 796 2674 est
808 2648 879 2674 enim
894 2656 992 2684 pra-ter

205 2683 337 2712 elementa
350 2693 456 2715 creator
469 2689 598 2725 ipsorum.
619 2690 686 2726 Ergo
703 2700 783 2727 super
796 2701 837 2726 ea,
852 2702 910 2728 quae
926 2697 982 2730 ipse

206 2731 334 2763 condidit,
354 2735 499 2762 secundum
517 2742 640 2763 ttaturam
659 2744 717 2770 est,
736 2741 807 2774 quod
834 2746 932 2768 natura
956 2743 991 2769 sit

207 2774 287 2803 Dens.
307 2777 379 2805 Unus
399 2785 499 2813 tamen,
532 2787 560 2809 ιιι
575 2787 637 2810 ante
651 2784 705 2811 dixi
721 2805 729 2817 ,
757 2785 910 2814 adorandus
928 2793 968 2815 cst
983 2809 990 2821 ,

242 2876 264 2891 '°
274 2876 356 2915 δίψη.
377 2890 411 2915 ιν,
425 2882 469 2909 22.

242 2885 264 2891 -
280 2885 356 2906 man.
377 2890 411 2915 tv,
425 2885 469 2909 22.
528 2885 548 2900 "
567 2885 680 2921 Philipp.
698 2896 726 2921 ιι,
747 2889 787 2916 10.

205 2917 261 2944 ιμ’,
274 2912 317 2940 35.

844 2891 865 2907 ’π
885 2892 964 2920 llebr.
981 2901 1002 2927 ι,
1023 2894 1048 2922 6.

1062 307 1204 336 propterea
1223 301 1315 328 dictus
1330 305 1372 327 est
1388 300 1595 335 prinmgeuitus.

1100 347 1192 374 Unum
1208 346 1304 374 Filium
1321 347 1447 373 adoravit
1471 353 1559 372 eiectis
1586 353 1599 372 a
1618 345 1770 372 nativitate
1791 353 1839 371 sua
1855 366 1861 376 ,

1062 400 1122 419 cum
1137 400 1192 426 prie
1201 394 1281 426 εἰρυο
1294 392 1466 426 ntirabilique
1485 392 1565 418 modo
1581 395 1696 418 sanatus
1712 396 1769 418 est.
1784 390 1862 420 Nam.

1065 447 1074 463 ‹
1095 445 1155 464 cum
1177 438 1326 464 invenisset
1339 445 1400 464 ettm
1416 438 1441 464 in
1458 437 1557 471 templo
1572 435 1663 468 Iesus,
1691 436 1766 463 dirit
1788 446 1796 463 :
1826 436 1862 463 Tu

1063 484 1151 510 credis
1163 483 1188 510 itt
1209 483 1306 510 Filium
1327 483 1393 510 Dei?
1406 482 1451 509 Ille
1476 487 1566 509 autem
1585 482 1654 508 dixit
1672 491 1679 508 :
1699 481 1773 514 Quis
1798 488 1840 509 est
1855 503 1861 511 ,

1063 527 1186 558 Domine.
1202 533 1231 554 ut
1247 527 1356 554 credam
1380 528 1406 554 in
1430 535 1492 554 eum
1503 527 1548 553 ⁸³2
1576 536 1585 552 ι
1600 526 1733 554 Christus
1750 534 1820 554 vero
1840 528 1861 552 ci

1063 571 1180 604 seipsnm
1202 580 1263 598 cum
1290 580 1404 606 corpore
1429 572 1636 604 demonstrans,
1655 573 1751 599 aiebat
1770 582 1776 598 :
1805 581 1814 597 ι
1834 572 1862 599 Et

1062 617 1152 643 vidisti
1169 618 1277 652 quidem
1293 625 1366 650 cum,
1390 623 1418 645 et
1441 619 1486 653 qtti
1515 617 1633 652 loquitur
1662 623 1783 650 tecum,
1808 619 1862 652 ipse

1063 667 1105 689 est
1122 662 1155 688 “.
1172 672 1181 687 ι
1201 663 1279 689 Vides
1290 663 1362 697 quod
1383 663 1513 697 singulari
1532 671 1647 691 numero
1667 669 1766 691 utatur
1780 684 1788 695 ,
1811 673 1860 690 non

1064 708 1223 741 permittens
1251 708 1334 735 Deum
1362 714 1388 735 et
1412 710 1548 736 hominem
1578 717 1691 737 seorsus
1724 710 1858 744 intelligi;

1064 752 1119 778 itno
1141 760 1204 780 vero
1223 757 1250 779 et
1272 753 1295 780 si
1310 754 1371 788 quis
1386 754 1523 782 hominem
1552 755 1742 782 nominaverit
1757 755 1861 782 Emma-

1065 798 1137 830 nuel,
1155 799 1267 825 minime
1288 800 1395 833 quidem
1412 808 1584 827 communem
1613 801 1761 828 hominem
1779 802 1860 836 signi-

1066 846 1202 879 ﬁcaverit;
1216 847 1261 873 sed
1274 847 1320 873 Dei
1336 845 1452 873 Verbum
1464 847 1612 874 atluuatntn
1625 853 1858 876 nostra-.natune.

1068 892 1142 919 llunc
1158 893 1228 919 sicut
1246 900 1327 919 unum
1340 914 1347 925 ,
1365 893 1501 919 hominem
1527 894 1680 920 adoraverc
1709 894 1786 921 beati
1810 895 1857 921 dis-

1065 938 1155 972 cipuli,
1172 947 1233 964 rum
1250 945 1310 964 eum
1327 940 1448 966 videntes
1476 939 1552 966 miris
1574 941 1663 966 modis
1690 941 1764 967 inter
1780 949 1859 975 aquas

1063 984 1213 1015 ambulare,
1227 985 1384 1016 aduravere,
1404 985 1527 1013 dicentes
1553 994 1559 1011 :
1589 995 1598 1011 ι
1619 985 1691 1012 Vere
1716 987 1764 1014 Dei
1781 986 1858 1015 Filius

1063 1037 1092 1057 cs
1102 1030 1135 1056 ⁵³.
1156 1039 1166 1055 ι

1098 1076 1127 1103 Si
1143 1084 1209 1104 Vero
1225 1077 1359 1105 hominem
1376 1086 1437 1106 cum
1458 1079 1513 1106 Deo
1527 1079 1670 1106 coadorari
1695 1080 1855 1111 diverimnz.

1063 1122 1221 1150 divisionem
1252 1124 1476 1157 spatiosissituatu
1497 1126 1682 1153 inducemus:
1712 1127 1764 1152 σὺν
1789 1128 1854 1153 enim

1061 1176 1168 1202 semper
1184 1170 1265 1204 (quod
1282 1176 1323 1197 est
1342 1170 1435 1198 Latine
1446 1172 1528 1204 cum),
1544 1172 1594 1199 nisi
1611 1173 1639 1199 in
1656 1173 1855 1207 signiﬁcatione

1062 1215 1186 1248 unitatis,
1202 1224 1262 1250 qua:
1275 1222 1316 1244 est
1327 1225 1377 1251 per
1392 1218 1629 1252 compositionem,
1647 1224 1781 1251 ponatur,
1807 1221 1854 1245 duo

1060 1262 1172 1288 omnino
1184 1266 1261 1296 coget
1278 1263 1402 1297 intelligi.
1421 1264 1659 1296 Quemadmodum
1680 1265 1758 1292 enim
1778 1273 1851 1291 neum

1059 1306 1110 1333 sibi
1124 1311 1269 1336 convenire
1281 1309 1387 1336 dicatur
1399 1329 1407 1341 ,
1422 1317 1513 1345 neque
1523 1318 1704 1343 concinnare,
1719 1317 1765 1338 aut
1777 1312 1850 1338 eoad-

1059 1358 1197 1384 (πηγή-,θυι
1206 1355 1380 1382 coatnbnlare
1393 1365 1399 1388 ;
1414 1357 1527 1383 duarum
1540 1358 1612 1383 enitn
1626 1365 1810 1391 personarum
1819 1360 1851 1384 si-

1058 1397 1258 1431 gniﬁcationem
1273 1400 1374 1428 inducit
1387 1404 1544 1436 prmpnsitio
1560 1405 1662 1431 .verbo
1683 1407 1828 1438 przrpnsita
1846 1415 1851 1431 :

1060 1444 1095 1470 ita
1105 1445 1220 1472 etiamsi
1234 1447 1296 1479 quis
1305 1448 1445 1474 coatlorari
1457 1449 1594 1476 hominem
1602 1457 1663 1475 cum
1677 1449 1734 1476 Deo
1746 1451 1852 1482 dixerit,

1058 1489 1126 1516 duos
1146 1491 1225 1524 plane
1243 1491 1312 1519 ﬁlios
1326 1493 1403 1525 dicit,
1420 1499 1471 1520 ela
1483 1502 1544 1521 sese
1553 1495 1708 1529 disjnnctos
1722 1505 1728 1526 ;
1744 1497 1853 1523 unitatis

1060 1535 1131 1562 enim
1148 1537 1226 1568 ratio,
1240 1537 1261 1564 si
1274 1537 1299 1564 in
1313 1538 1369 1564 sola
1389 1539 1527 1574 dignitatis
1550 1541 1709 1575 :cqnalitate
1724 1542 1784 1568 sive
1806 1549 1851 1568 au-

1057 1581 1192 1608 ctoritatis
1204 1582 1378 1618 intelligatur,
1388 1592 1441 1611 non
1455 1593 1515 1612 esse
1530 1594 1592 1613 vcra
1603 1587 1792 1618 convincitur,
1811 1588 1850 1614 id-

1055 1634 1108 1661 que
1123 1636 1136 1653 a
1153 1628 1233 1656 nobis
1243 1629 1300 1664 jam
1317 1630 1438 1664 plut-ibas
1462 1637 1526 1658 ante
1549 1633 1697 1666 probatum
1727 1638 1782 1659 est.

1299 1687 1382 1722 793
1394 1687 1470 1714 CAP.
1488 1688 1597 1715 xxxv.

1054 1739 1184 1767 Adversus
1202 1741 1262 1768 t'Hos
1276 1743 1323 1776 qui
1337 1744 1424 1775 uiunl,
1446 1738 1515 1775 qitod
1539 1745 1596 1771 salu
1619 1746 1748 1772 relatione
1768 1746 1845 1772 Dama

1257 1777 1368 1804 Verbum
1386 1780 1494 1805 deceant
1510 1780 1640 1807 hum/nm.

1088 1831 1217 1859 Garriunt
1233 1833 1350 1859 nonnulli
1368 1834 1400 1860 de
1425 1835 1525 1861 carnali
1549 1836 1720 1869 dispensatio
1735 1845 1757 1863 te
1774 1836 1838 1864 Uni-

1052 1877 1145 1910 gt'niti,
1162 1882 1187 1904 et
1211 1879 1373 1910 venerabile,
1389 1887 1421 1906 ac
1443 1889 1579 1915 maguum,
1594 1887 1622 1909 et
1636 1884 1766 1916 supernis
1788 1883 1840 1917 spi-

1053 1922 1149 1948 ritilms
1163 1923 1386 1951 amabilissimum
1405 1927 1574 1960 mysterium,
1597 1935 1645 1961 per
1661 1930 1734 1963 quod
1764 1931 1841 1955 etiam

1052 1967 1149 1993 salvati
1166 1977 1270 2001 sumus,
1287 1971 1319 1995 ad
1337 1978 1433 1999 sensus
1448 1971 1558 2007 fragiles
1577 1973 1747 2005 deterentes,
1766 1975 1842 2001 decus

1051 2013 1240 2040 contaminant
1254 2014 1541 2051 pulcltritudiucmque
1554 2018 1703 2051 veritatis;
1724 2027 1784 2046 eum
1799 2028 1840 2047 eos

1051 2064 1185 2092 oporteat,
1204 2068 1256 2086 non
1271 2061 1293 2087 si
1313 2062 1376 2095 quid
1399 2062 1464 2096 ipsis
1485 2069 1559 2091 recte
1583 2065 1687 2092 habere
1709 2066 1839 2097 videatur.

1051 2104 1179 2131 roborare
1195 2106 1298 2139 conari;
1319 2107 1365 2133 sed
1382 2107 1516 2142 inspicere
1533 2110 1630 2145 magis,
1644 2111 1738 2138 subtili
1749 2117 1840 2138 acuto-

1049 2156 1100 2183 que
1110 2151 1209 2177 mentis
1219 2151 1308 2184 oculo,
1320 2159 1460 2180 sacrarunt
1481 2157 1648 2188 propositum
1662 2156 1840 2188 Litterarum,

1049 2199 1130 2229 atque
1143 2200 1246 2222 rectum
1263 2197 1298 2222 ita
1315 2197 1367 2224 iter
1381 2198 1496 2233 ingredi,
1513 2206 1652 2228 sectantes
1667 2209 1698 2228 ea
1718 2210 1779 2233 αιιιε
1794 2201 1840 2228 Pa-

1051 2245 1106 2268 Ircs
1119 2243 1283 2269 sanctissimi
1301 2245 1513 2279 exatninarunt,
1541 2248 1587 2282 qui
1609 2248 1697 2275 sancti
1725 2247 1840 2282 Spiritus

1051 2286 1291 2316 illtnniuationilnts
1314 2289 1425 2322 eruditi,
1449 2299 1565 2319 sanxere
1590 2294 1668 2320 nobis
1688 2294 1839 2329 symbolum

1051 2332 1121 2365 ﬁdei,
1139 2334 1224 2368 ipstttn
1237 2335 1368 2369 dicentes,
1385 2338 1455 2371 quod
1470 2346 1501 2365 ex
1516 2337 1604 2366 Patris
1620 2340 1777 2368 substantia
1799 2341 1839 2367 ia-

1048 2379 1243 2408 :cstimabilitcr
1258 2387 1350 2409 nattttu
1366 2388 1418 2415 est,
1439 2383 1521 2412 Deum
1546 2385 1679 2418 Verbum,
1706 2395 1755 2421 per
1772 2387 1839 2422 quod

1047 2425 1137 2452 omnia
1152 2426 1222 2453 facta
1235 2432 1308 2459 sunt,
1322 2436 1382 2464 qua:
1395 2430 1420 2456 in
1437 2431 1517 2464 cmlo,
1530 2436 1555 2458 et
1565 2440 1625 2466 qua:
1642 2433 1667 2459 in
1684 2438 1768 2465 terra,
1781 2441 1838 2466 pro-

1047 2477 1107 2506 pter
1124 2480 1172 2499 nos
1186 2473 1320 2506 homines,
1338 2480 1364 2501 ct
1386 2482 1486 2503 nostra:
1508 2478 1606 2505 salutis
1621 2486 1705 2505 causa
1722 2479 1836 2506 dCSL‘Ctl‘

1045 2517 1128 2549 disse,
1149 2517 1284 2546 hominem
1301 2519 1413 2554 factum,
1435 2530 1610 2558 passamque.
1630 2525 1790 2552 ascendisse
1813 2526 1836 2552 iu

1045 2562 1155 2594 ctelutn,
1175 2568 1318 2591 venturum
1345 2572 1405 2600 post
1424 2571 1545 2602 tempora
1565 2569 1694 2604 judicare
1713 2571 1791 2599 vivos
1811 2577 1837 2598 ct

1045 2613 1175 2636 mortuos.

1083 2654 1179 2680 Verum
1199 2657 1320 2683 nonnulli
1337 2663 1410 2691 sunt,
1425 2660 1520 2687 doctos
1538 2668 1567 2688 se
1585 2669 1646 2688 esse
1661 2663 1834 2698 scientesque

1044 2698 1156 2732 opinati,
1175 2704 1201 2726 et
1216 2702 1369 2735 supercilio,
1391 2709 1416 2730 ct
1428 2709 1531 2733 ttttuore
1548 2707 1658 2740 sulllati,
1681 2710 1728 2743 qui
1745 2710 1766 2736 si
1781 2711 1833 2737 hac

1041 2745 1120 2771 verba
1138 2746 1281 2780 audierint,
1299 2748 1442 2782 derident;
1459 2756 1485 2777 et
1498 2759 1529 2778 ea
1541 2761 1600 2786 qua:
1618 2759 1672 2780 tam
1689 2761 1763 2782 recte
1774 2761 1832 2782 sunt

1041 2790 1125 2824 dicta,
1137 2791 1312 2821 deliramenta
1329 2796 1413 2829 magis
1441 2797 1598 2825 existimant
1612 2809 1619 2826 :
1634 2807 1697 2827 cum
1720 2809 1831 2836 praeser-

1105 2893 1127 2908 "
1155 2893 1231 2921 lum.
1249 2903 1284 2928 tv,
1301 2897 1344 2931 58,
1359 2898 1400 2926 51).
1458 2900 1479 2915 "
1499 2901 1562 2928 ibid.
1597 2901 1630 2927 57
1698 2903 1720 2918 ³³
1738 2903 1829 2931 ﬂattlt.
