1907 3038
23 129 31 152 1
37 125 87 152 ιΞ-(ὶθ

480 120 625 148 SCHOLIA
646 120 688 147 DE
708 118 964 147 INCARNATIONE
985 119 1172 148 UNlGENlTL

1582 117 1650 145 MEO

20 185 64 210 tim
80 183 224 210 credamus
239 181 436 209 illuminatione
453 179 571 215 Spiritus
586 179 672 207 sancti
689 179 809 214 patuisse
823 184 845 208 A
861 179 990 213 patiente,
1007 187 1039 207 eo
1064 179 1134 214 quod
1147 186 1247 214 corpus
1274 178 1359 214 ipsius
1379 177 1468 204 fuisse
1484 176 1581 203 dicitur
1592 185 1651 211 pro-

20 231 120 257 sanctis
134 229 259 256 Patribus
270 228 410 256 scientimn
423 227 556 254 veritatis.
569 228 604 253 At
615 226 663 257 illi,
681 231 808 260 tanquam

19 277 38 303 si
57 276 107 303 soli
126 276 229 310 possint
246 275 355 301 meliora
380 273 494 305 sentire,
525 280 577 298 non
598 273 686 306 ipsum
715 272 811 298 existi-

21 327 104 353 mant.
120 321 286 356 unigenitum
309 319 353 346 Dei
370 319 479 349 Filium,
493 318 538 352 qui
552 322 593 345 est
608 325 639 345 ex
659 317 809 345 substantia

20 367 91 400 ejus,
124 368 205 393 [lenm
232 366 348 393 Verbum
378 372 486 399 passum
502 371 562 390 esse
585 371 633 390 sua
649 371 732 390 carne
760 370 810 397 pro

20 414 97 439 nobis
114 413 243 442 humane,
257 411 319 438 licet
331 418 363 437 eo
373 411 443 445 quod
457 409 528 437 Dens
541 409 710 444 intelligitur,
722 410 748 436 in
762 416 810 436 sua

20 464 118 485 natura
136 459 243 489 haheat,
261 462 289 483 ut
305 457 359 490 pati
381 464 432 483 non
448 456 532 490 possit
548 465 556 489 ;
572 455 707 482 hominem
719 460 809 483 autem

21 512 133 532 seorsus
148 509 176 530 et
189 503 332 537 separatim
345 510 405 528 eum
428 507 568 536 ponentes,
584 503 630 537 qui
652 508 693 529 est
707 510 738 529 ex
753 510 813 529 san-

21 557 61 577 cta
85 549 194 584 Virgine
218 553 385 583 procreatus.
416 547 517 573 Deinde
539 547 576 577 ei,
600 552 730 579 quantum
747 547 812 582 ipsis

23 597 142 628 videtur,
155 596 261 622 modum
279 594 371 628 gloriae
384 593 544 624 tribuentes,
571 593 716 619 adunatum
730 593 812 620 fuisse

22 642 114 668 dicunt
132 639 219 667 Verbo
237 640 282 666 Dei
299 638 386 665 Patris
404 646 410 669 ;
437 641 464 663 et
485 636 616 663 rationem
642 636 814 677 adunationis

21 691 203 720 exponentes,
220 685 347 712 donatam
360 690 421 711 esse
444 683 494 717 ipsi
517 683 608 710 dicunt
621 689 636 708 a
652 681 706 708 Deo
721 689 813 716 arqua-

22 733 130 760 litatem
154 731 307 767 dignitatis,
334 730 392 757 sive
420 729 599 760 auctoritatis,
629 734 656 755 et
678 734 706 755 ut
732 727 813 754 simili

22 776 217 811 appellatione,
233 781 260 802 et
274 775 410 807 Christus,
431 779 458 801 et
480 773 564 800 Filius
587 774 700 803 dicatur,
717 778 744 800 et
760 772 813 799 Do-

22 824 126 850 minus.
154 822 201 849 Sin
216 829 280 849 vero
299 821 380 848 etiam
403 827 498 855 passus
509 827 569 847 esse
583 819 682 854 aliquid
708 819 814 846 dicatur

26 870 122 901 homo,
139 869 185 903 qui
204 868 239 895 ab
260 867 326 902 ipsis
343 867 524 900 cxcogitalur,
544 871 670 901 oportere
693 865 768 891 aiuut
785 865 812 891 in

23 916 113 950 ipsum
128 915 210 941 Deum
235 913 350 941 Verbum
377 912 485 945 referri,
506 919 539 939 eo
554 911 624 946 quod
640 910 812 948 conjunctpm

23 962 59 988 sit
77 961 130 995 ipsi
147 959 300 994 aequalitate
315 958 467 992 dignitatis,
498 965 570 990 cum,
590 956 693 984 naturis
708 956 812 988 divisis,

24 1005 214 1040 unusquisque
231 1005 255 1031 id
273 1004 318 1036 sit,
334 1004 403 1038 quod
417 1009 469 1030 est.

73 1051 233 1086 Explanaho
256 1055 344 1077 autent
374 1050 426 1075 vim
452 1049 664 1081 sententiarum,
685 1053 813 1083 quantum

23 1099 86 1133 ipse
105 1097 228 1128 valuero,
257 1103 397 1123 sacrarum
416 1095 578 1122 Litterarum
607 1095 728 1128 exempla
753 1101 815 1128 pro-

22 1150 142 1178 ponens.
157 1142 258 1169 Esuriit
269 1141 405 1172 Christus,
428 1141 524 1167 itinere
543 1139 671 1174 fatigatus
683 1144 735 1171 est,
751 1139 815 1166 dor-

25 1189 121 1220 mivit,
140 1189 279 1223 ingressus
298 1191 338 1214 est
365 1187 390 1213 in
415 1184 576 1217 naricnlam’,
594 1185 715 1220 pulsatus
741 1190 782 1212 est
802 1193 816 1212 ει

23 1235 164 1262 ministris
186 1233 356 1265 verberibus,
373 1240 386 1258 a
407 1232 494 1259 Pilato
519 1232 669 1265 ﬂagellatus
684 1236 735 1262 est,
752 1238 816 1264 spu-

23 1282 132 1308 tamina
148 1280 262 1307 militum
279 1279 396 1313 excepit,
410 1278 455 1312 qui
470 1278 561 1305 laurea
576 1278 645 1304 latus
659 1281 816 1311 pungentes,

23 1331 137 1354 aceturn
155 1327 262 1352 mistum
277 1325 337 1352 felle
359 1325 400 1351 ori
427 1324 484 1359 ejus
510 1324 683 1355 obtulerunt;
702 1323 819 1358 gustavit

24 1378 125 1399 autem
145 1377 173 1398 et
184 1377 309 1402 mortem,
328 1378 434 1397 erucem
459 1378 563 1404 passus,
582 1374 609 1396 et
625 1369 678 1396 aha
697 1369 819 1396 convicia

21 1416 197 1445 Iudaeorum.
217 1416 278 1443 llzrc
303 1415 392 1442 omnia
419 1415 519 1442 homini
542 1415 650 1447 quidem
674 1414 821 1448 contigisse

23 1466 260 1492 commemorant,
280 1460 374 1487 referri
388 1467 452 1486 vero
473 1460 498 1485 in
512 1459 572 1486 Filii
592 1460 647 1485 veri
666 1467 818 1493 personam.

863 224 950 259 prium
968 233 976 257 ;
995 229 1085 251 manet
1099 232 1169 252 vero
1181 225 1237 259 ipse
1254 224 1434 259 impassibilis,
1443 231 1475 249 eo
1489 222 1558 256 quod
1571 223 1654 256 ipsius

862 275 904 297 est
920 270 1057 304 proprium
1070 275 1098 297 ut
1115 270 1169 304 pati
1188 278 1240 296 non
1259 270 1352 304 possit.

898 316 974 349 Quod
987 317 1009 343 si
1020 316 1189 350 glorilicatus
1202 321 1244 343 est
1255 315 1413 342 Emmanuel
1427 322 1472 348 per
1489 314 1652 347 passiOncm,

863 365 892 387 ut
920 362 976 395 ipse
1004 361 1081 392 Jixit,
1112 369 1172 388 cum
1201 369 1249 395 pro
1277 362 1354 388 nobis
1381 361 1529 394 pretiosam
1546 366 1652 385 erm-em

863 411 933 434 esset
950 414 1078 440 passurus
1094 413 1102 432 :
1116 415 1125 431 ι
1142 405 1219 433 Nunc
1243 406 1410 441 gloriﬁcatus
1437 410 1479 432 est
1505 404 1589 431 Filius
1606 404 1654 430 ho-

864 452 946 479 minis
963 452 985 468 “
1007 461 1014 485 ;
1034 461 1043 478 ›
1055 460 1113 484 cur,
1128 453 1261 486 passionis
1273 452 1386 487 gloriam
1406 452 1506 478 homini
1531 451 1653 478 tribuen-

865 503 905 525 tes
922 498 1006 525 solam
1022 499 1129 525 habenti
1147 498 1365 533 conjunctionein
1382 506 1442 525 cunt
1457 506 1488 524 eo
1508 498 1533 524 in
1561 504 1652 531 tEqu3~

864 545 940 572 litate
967 545 1114 580 dignitatis,
1141 553 1193 573 non
1215 543 1486 577 ernbescunt?Nain,
1507 544 1578 570 sicut
1603 544 1653 578 ipsi

865 592 1033 623 existimant,
1061 592 1202 626 conjunxit
1229 592 1281 618 sibi
1313 591 1460 618 secundum
1490 590 1654 616 voluntatem

864 635 951 663 Patris
963 641 990 664 et
1001 637 1190 671 complacitum
1208 637 1349 664 hominem
1369 637 1537 671 simpliciter,
1551 641 1577 663 et
1594 644 1654 663 eum

866 689 923 708 stne
951 682 1043 716 gloriae
1069 690 1160 716 parem
1192 682 1290 714 eﬂ'ccil.
1313 688 1340 710 et
1361 683 1507 713 concessit,
1530 686 1558 708 nt
1574 681 1655 708 simili

866 728 1048 762 appellatione
1063 728 1196 760 Cbrisms,
1213 733 1239 756 et
1251 728 1345 761 Filius,
1363 734 1388 755 et
1408 729 1479 755 Deus
1502 729 1657 755 nominatus

866 773 912 805 sit,
925 779 951 801 et
968 774 1108 802 Dominus.

902 819 973 855 Ergo
999 828 1085 854 neque
1106 821 1275 848 incarnatum
1302 825 1343 847 est
1366 827 1430 848 vere
1452 819 1582 850 Verbum,
1606 826 1656 846 nec

830 855 852 882 Β
867 874 976 900 prorsus
1000 868 1080 893 homo
1099 871 1141 893 est
1169 867 1278 893 factum.
1296 867 1337 893 An
1367 866 1448 898 forte,
1475 866 1557 892 etiam
1575 865 1656 891 ialsos

863 914 1060 947 mendacesque
1074 914 1163 940 dicere
1185 914 1310 941 doctores
1326 919 1436 941 sanctos
1455 913 1547 940 ιιιιιιιιῘὶ
1563 913 1655 942 totius,

865 959 967 985 nullum
993 959 1080 992 pariat
1107 959 1386 987 detrimentumiAut
1412 959 1494 994 799
1523 960 1594 986 enim
1616 959 1656 984 di-

864 1010 937 1036 cant,
952 1005 1006 1031 imo
1026 1005 1111 1039 magis
1131 1006 1280 1039 procedant
1306 1006 1332 1031 in
1360 1006 1478 1032 medimn
1506 1004 1656 1038 probaturi,

865 1051 995 1085 quodqui
1018 1051 1216 1085 conjunctionis
1234 1052 1267 1078 ab
1291 1051 1358 1085 ipsis
1380 1051 1519 1077 inducitur
1547 1050 1655 1080 modus,

865 1097 1060 1124 incarnationis
1082 1098 1180 1124 habeat
1205 1098 1276 1129 vim,
1293 1102 1319 1124 et
1335 1097 1360 1123 id
1389 1098 1434 1129 sit,
1454 1095 1573 1122 Verbum
1597 1102 1657 1121 esse

866 1142 1002 1169 hominem
1020 1142 1131 1170 factum.
1151 1144 1201 1170 Aut
1223 1143 1246 1170 si
1262 1151 1292 1169 ea
1310 1150 1362 1169 non
1383 1142 1419 1169 ita
1438 1142 1539 1168 habere
1562 1140 1656 1167 existi-

868 1193 951 1221 mant,
973 1196 1059 1222 quare
1082 1189 1280 1222 conjunctionis
1298 1188 1375 1215 nobis
1399 1187 1581 1220 inconjnncta:
1596 1194 1655 1211 lno-

868 1235 930 1261 dum
948 1235 1115 1268 excogitant,
1133 1235 1246 1261 veritate
1263 1234 1383 1268 neglecta
1399 1233 1484 1259 ?cum
1501 1233 1596 1258 deccat
1614 1238 1660 1257 eos

869 1281 959 1307 dicere
1001 1281 1160 1307 hnuninitati
1193 1285 1291 1307 nostra:
1319 1280 1466 1305 adunatmn
1496 1278 1578 1304 fuisse
1614 1277 1658 1303 Dei

873 1326 989 1353 Verbum
1004 1331 1031 1353 et
1045 1325 1154 1353 Patris:
1172 1326 1207 1352 ita
1229 1326 1300 1352 enim
1322 1332 1405 1351 carne
1423 1324 1530 1358 quidem
1552 1323 1659 1357 propria

871 1371 1032 1405 intelligatur
1053 1379 1148 1406 passus
1164 1371 1292 1398 humana.
1307 1371 1444 1404 Quantum
1461 1376 1524 1396 vero
1541 1369 1659 1403 pertinet

873 1418 905 1444 ad
923 1418 1072 1444 divinitatis
1095 1423 1230 1449 naturam,
1250 1417 1381 1444 molestiae
1397 1416 1485 1444 omnis
1507 1422 1614 1449 expers,
1632 1419 1661 1441 ut

874 1463 956 1491 Deus.

23 1510 128 1535 Alnos
158 1507 304 1538 credimus,
336 1506 406 1533 sicut
431 1507 456 1532 in
485 1514 566 1531 unum
590 1505 670 1531 Deum
703 1505 819 1536 Patrem,
835 1523 857 1551 ϐ
909 1510 984 1542 ρηοά
1006 1518 1068 1537 νει-ο
1093 1509 1249 1536 relationem
1281 1508 1462 1539 nominantes,
1485 1515 1546 1542 qua;
1568 1507 1660 1534 nesci“

22 1555 258 1588 omnipotentem,
282 1552 401 1578 onmium
434 1550 577 1577 visibilium
608 1549 821 1576 etinvisibilinm

24 1599 242 1631 factorctn;ita
277 1598 358 1625 etiam
392 1597 417 1623 in
447 1604 528 1623 unnm
559 1596 699 1622 Dominum
730 1595 823 1622 Jcsunt

22 1646 184 1676 Christum,
216 1643 311 1670 Filium
336 1644 404 1676 ejus.
434 1642 558 1669 Dividere
583 1649 647 1668 vero
671 1649 780 1668 seoISns
796 1642 823 1667 in

24 1693 173 1719 hominem
194 1689 361 1721 Emmanuel,
389 1694 416 1716 et
432 1696 541 1715 seorsus
564 1688 589 1714 in
607 1687 825 1718 Verlmm,recn-

22 1745 137 1764 sanius.
153 1736 276 1763 Scientes
301 1739 390 1760 autem
411 1735 481 1767 quod
512 1733 610 1759 factum
626 1732 660 1757 sit
675 1732 751 1765 juxta
776 1738 824 1757 nos

26 1783 157 1810 Verbum
189 1783 280 1813 homo,
308 1788 370 1807 vere
395 1781 481 1814 ipsum
504 1780 682 1812 enmdcmque
711 1777 825 1804 dicimus

24 1831 121 1857 Deum
142 1830 175 1855 de
190 1829 245 1856 Deo
262 1836 269 1860 ;
287 1829 402 1854 humane
428 1834 491 1852 vero
517 1825 651 1851 hominem
673 1823 749 1858 juxta
777 1831 826 1850 nos

21 1884 63 1902 ex
81 1875 209 1901 muliere.
229 1872 401 1899 Allirtztamns
416 1877 504 1898 autem
523 1878 603 1905 porro
619 1874 728 1905 propter
746 1869 826 1895 lann-

24 1922 199 1952 linritatem,
225 1919 315 1946 carnis
340 1918 446 1952 quidem
475 1924 535 1943 eum
555 1916 725 1942 inﬁrmitates
745 1914 826 1941 fuisse

23 1973 197 2000 perprsmm
215 1972 222 1996 ;
236 1971 358 1990 servasse
371 1971 434 1989 vero
450 1967 552 1988 natura:
569 1969 624 1988 suae
653 1960 825 1994 impassibili-

24 2018 134 2043 Iatem,
157 2018 190 2037 eo
213 2009 283 2044 quod
313 2018 363 2035 non
393 2009 472 2034 homo
489 2012 549 2034 erat
573 2007 670 2039 solum,
695 2006 739 2033 sed
756 2005 825 2032 idem

21 2058 120 2083 etiam
145 2056 216 2081 Dens
245 2060 340 2081 natura
359 2062 365 2086 ;
383 2058 409 2080 ct
434 2052 659 2086 quemadmodum
689 2050 825 2084 proprium

21 2107 96 2128 erat
114 2108 215 2135 corpus
235 2100 335 2135 ipsius,
350 2099 386 2125 ita
400 2099 480 2125 etiam
499 2097 635 2124 naturales
660 2096 780 2130 corporis
801 2100 827 2122 et

24 2147 218 2181 inculpabiles
230 2146 380 2180 passiones.
399 2151 502 2170 necnon
515 2142 597 2169 etiam
607 2151 637 2168 ca
651 2150 709 2176 quae
720 2142 744 2169 ei
755 2142 826 2168 illata

20 2197 114 2224 sunt,
134 2191 282 2226 petulantia
300 2190 500 2225 nonnullorum.

70 2238 233 2266 Patiehalur
249 2242 337 2264 autem
352 2236 563 2271 intpassibilitcr,
582 2235 644 2270 quia
659 2243 711 2262 non
727 2236 828 2264 idcirco

27 2293 70 2315 se
91 2283 257 2314 humiliavit,
274 2287 302 2309 ut
319 2287 390 2309 esset
413 2287 515 2309 tanttnn
537 2283 633 2311 similis
650 2284 735 2311 nostri
753 2292 759 2317 ;
780 2285 827 2311 St-d

20 2332 116 2368 quia,
144 2335 172 2357 ut
186 2335 248 2356 ante
264 2330 330 2360 dixi,
346 2329 372 2355 id
392 2335 494 2356 natura:
512 2339 577 2361 sua},
598 2332 635 2357 uti
649 2331 684 2358 sit
705 2332 829 2359 omnibus

21 2377 181 2411 superior,
204 2381 367 2402 reservarat.
395 2375 429 2401 At
459 2376 480 2402 si
511 2376 673 2408 diceremus,
695 2377 765 2410 quod
781 2383 829 2410 per

20 2422 250 2451 conversionem
280 2420 321 2446 vel
348 2421 585 2448 commutationem
610 2425 712 2448 natura)
735 2422 829 2448 surcin

21 2475 172 2498 naturam
204 2469 340 2495 transierit
363 2469 462 2500 carnis,
486 2474 596 2494 necesse
621 2473 680 2494 erat
706 2467 831 2494 omnibus

20 2515 131 2543 modis
150 2521 209 2545 nos,
227 2514 326 2540 invitos
346 2514 439 2545 etiam,
460 2513 593 2545 conﬁteri,
617 2520 744 2539 arcanam
761 2513 831 2539 divi-

20 2567 164 2594 namque
178 2565 301 2586 naturam
317 2560 398 2586 fuisse
409 2559 572 2593 passibilem.
591 2558 637 2585 Sin
651 2564 752 2590 autem,
770 2558 831 2586 licet

12 2610 118 2644 juxta
137 2613 187 2633 nos
203 2606 282 2632 homo
299 2606 334 2632 sit
351 2605 447 2636 factus,
463 2605 593 2632 manserit
609 2605 830 2637 incommutatus,

16 2658 82 2683 est
117 2652 191 2679 enim
221 2652 357 2686 proprium
384 2651 486 2678 ctelesti
510 2656 622 2683 nat-iraa,
651 2656 680 2678 ut
701 2652 755 2685 pali
779 2659 831 2678 non

18 2699 130 2736 possit
147 2707 155 2731 ;
171 2698 267 2725 deinde
280 2706 326 2732 per
339 2698 529 2724 adnuationem
544 2698 627 2732 ipsius
637 2697 735 2725 factum
752 2698 834 2724 l'ucrit

17 2751 146 2779 ενι-ρης
174 2744 302 2778 passibile
327 2753 333 2770 :
363 2747 469 2777 oportet
495 2749 522 2770 ut
553 2744 679 2777 patiatur,
718 2751 831 2777 corpore

669 2831 690 2846 ⁸⁸
707 2831 769 2858 11)Ῐι1.
785 2831 810 2857 7.

81 2833 104 2849 ⁵⁵
120 2832 201 2860 Joan.
219 2839 292 2864 κιαι,
314 2832 356 2858 51.
397 2831 417 2847 ‘7
434 2830 516 2857 Exod.
536 2839 589 2863 χιι,
605 2832 629 2858 5.

850 2831 872 2846 δ”
894 2831 900 2856 |
925 2830 988 2864 ltvg.
1004 2838 1063 2861 \'Ill,
1080 2830 1105 2856 Ei.

876 1556 1011 1590 quomodo
1035 1556 1070 1582 ab
1106 1555 1171 1589 ipsis
1201 1559 1306 1588 reperta
1335 1559 1386 1585 est,
1403 1554 1495 1586 gloria:
1521 1554 1662 1580 detrahant

876 1601 1079 1631 Emmanuelis;
1096 1601 1220 1634 quodque
1240 1607 1301 1626 eum
1327 1600 1371 1625 vix
1399 1607 1480 1625 unum
1508 1602 1661 1625 sanctorum

875 1647 992 1674 cl'liciant
1024 1648 1238 1682 prophetarum;
1266 1652 1292 1672 et
1320 1647 1390 1680 quod
1423 1646 1493 1672 inter
1523 1653 1663 1671 mensuras

875 1694 1042 1720 constituant
1071 1692 1258 1726 plurimorum,
1287 1693 1312 1718 in
1339 1699 1426 1726 eaque
1463 1691 1555 1724 procul
1582 1691 1663 1717 dubio

876 1739 1026 1772 capiantur,
1044 1738 1162 1772 probabo
1181 1744 1270 1770 porro,
1286 1737 1383 1764 divina:
1400 1736 1547 1770 Scriptura:
1562 1743 1664 1770 ponens

877 1784 1010 1817 exempla.

913 1829 1098 1856 Mnrnmrabut
1112 1829 1257 1862 aliquando
1277 1827 1303 1853 in
1319 1827 1424 1854 deserto
1437 1827 1568 1854 adversus
1591 1827 1665 1862 Moy-

877 1884 923 1902 seu
936 1880 963 1902 et
987 1875 1075 1901 Aaron
1102 1874 1214 1908 populus
1242 1873 1335 1902 Israel,
1363 1872 1480 1899 dicens:
1509 1881 1518 1897 ι
1555 1872 1663 1898 Utinam

879 1921 976 1948 mortui
1004 1922 1137 1951 essemus,
1167 1919 1286 1953 percussi
1304 1927 1317 1944 a
1341 1918 1456 1944 Domino
1484 1918 1509 1944 in
1537 1917 1663 1952 {Egyptm

878 1973 938 1992 cum
962 1966 1122 1991 sedcbamus
1151 1963 1184 1990 ad
1211 1963 1278 1990 ollas
1311 1963 1444 1995 carnium,
1471 1967 1498 1989 et
1520 1964 1664 1989 cdebamns

880 2019 963 2044 usque
975 2011 1007 2036 ad
1023 2010 1174 2036 satietatem
1188 2009 1221 2035 “.
1238 2018 1247 2034 ›
1260 2009 1328 2035 Dicit
1340 2009 1435 2035 deinde
1449 2009 1664 2042 sapientissimus

878 2056 984 2090 Moyses
1010 2055 1079 2090 (erat
1100 2055 1172 2082 enim
1191 2061 1360 2088 consequens
1381 2058 1433 2080 tam
1454 2058 1554 2080 temere
1580 2055 1665 2088 impa-

880 2101 975 2127 tientes
989 2101 1138 2134 confutare)
1152 2109 1158 2126 :
1175 2110 1183 2125 ι
1202 2100 1255 2127 Nos
1268 2105 1356 2126 autem
1373 2100 1436 2134 quid
1450 2099 1665 2134 sumus?Nequo

879 2146 950 2172 enim
967 2145 1096 2172 adversus
1110 2154 1159 2172 nos
1178 2151 1218 2173 est
1236 2147 1413 2174 murmuratio
1431 2151 1530 2179 vestra,
1548 2148 1593 2173 sed
1614 2149 1664 2174 ad-

846 2188 867 2215 ῐ)
881 2199 975 2219 versus
996 2192 1078 2219 Detnn
1091 2192 1125 2218 ⁵⁸.
1145 2201 1154 2218 ι
1169 2192 1309 2226 Regnabat
1323 2193 1393 2219 enim
1416 2200 1463 2227 per
1482 2193 1525 2219 illa
1546 2198 1664 2227 tempora

882 2237 961 2265 etiam
985 2238 1054 2265 Deus
1069 2239 1250 2272 omnipotens,
1267 2247 1315 2273 per
1336 2244 1444 2265 sanctos
1467 2239 1621 2273 prophetas,
1639 2240 1664 2265 in

882 2283 978 2318 populo
992 2283 1082 2310 Israel.

919 2329 957 2355 llli
973 2334 1062 2356 autem
1078 2329 1104 2355 in
1127 2329 1176 2356 hoc
1191 2329 1272 2356 etiam
1295 2329 1489 2364 pusillanimes,
1503 2331 1667 2357 accedebant

884 2375 917 2402 ad
928 2375 1046 2402 divinum
1071 2374 1194 2408 Samuel,
1220 2376 1338 2402 dicentes
1358 2384 1366 2402 :
1387 2386 1396 2402 ι
1415 2376 1484 2403 Ecce
1501 2382 1527 2403 tu
1542 2377 1665 2408 seuuisti,

883 2428 910 2450 et
932 2423 978 2449 lilii
997 2423 1032 2449 tui
1046 2430 1097 2450 non
1112 2421 1249 2449 ambulant
1264 2422 1289 2448 in
1303 2423 1352 2449 viis
1367 2423 1428 2455 tuis,
1444 2428 1471 2450 et
1483 2430 1554 2449 nunc
1567 2423 1668 2449 consti-

884 2473 929 2495 tue
945 2476 1026 2503 Super
1040 2477 1088 2495 nos
1108 2476 1209 2503 regem,
1229 2469 1273 2502 qui
1285 2469 1386 2503 jmlicet
1402 2477 1460 2502 nos,
1482 2470 1550 2496 sicut
1564 2474 1668 2495 caetera:

886 2516 984 2542 habent
999 2519 1092 2549 gentes
1107 2515 1140 2541 ⁵³.
1158 2524 1167 2540 ι
1188 2514 1297 2542 Moleste
1314 2515 1338 2542 id
1351 2516 1457 2549 quidem
1478 2515 1555 2541 niinis
1567 2514 1668 2541 ferebat

887 2561 1028 2596 propheta.
1042 2560 1087 2586 Ait
1107 2564 1196 2587 autem
1214 2560 1284 2587 Deus
1299 2560 1469 2595 omnipotens
1485 2568 1492 2586 :
1508 2568 1517 2585 ι
1536 2559 1603 2586 Audi
1619 2567 1668 2586 vo-

883 2615 941 2634 cem
959 2606 1058 2641 populi,
1086 2606 1158 2632 sicut
1184 2605 1289 2632 locutus
1304 2610 1345 2632 est
1362 2606 1393 2632 ad
1416 2610 1440 2632 te
1457 2614 1464 2638 ;
1482 2605 1544 2640 quia
1563 2612 1614 2631 non
1642 2609 1668 2630 te

883 2657 1054 2687 spreverunt,
1081 2651 1127 2678 sed
1154 2658 1196 2678 me
1224 2656 1395 2686 spreverunt,
1429 2656 1457 2677 111.
1479 2658 1531 2677 11011
1561 2657 1668 2685 regnem

883 2706 963 2732 super
974 2705 1020 2724 eos
1032 2697 1065 2723 6°.
1085 2706 1093 2721 ι

921 2743 990 2770 Dixit
1003 2747 1092 2769 autent
1114 2741 1210 2769 alicubi
1233 2741 1315 2769 etiam
1331 2742 1456 2770 Christus
1480 2743 1581 2769 sant-tis
1603 2750 1668 2777 apo-

1144 2831 1165 2845 ⁶⁰
1182 2830 1245 2857 ibid.
1265 2830 1290 2856 7.
