1907 3038
98 145 166 173 ΗΠ

562 141 709 170 SCHOLIA
731 141 776 169 DE
793 139 1050 168 INCARNATIONE
1068 138 1172 167 VERBI
1190 138 1255 166 DEI.

1645 140 1715 169 1418

138 204 234 238 Ἐρώτ.
256 203 317 233 Πῶς
343 202 381 237 τῷ
405 202 505 228 ἅπαθεῖ
528 202 621 233 ὕπνον,
647 201 692 227 καὶ
717 202 809 230 κόπον.
834 201 880 226 καὶ

966 199 1098 234 Interrog.
1118 197 1258 231 Quomodo
1274 195 1413 231 impatibili
1431 203 1566 228 somnum,
1584 196 1712 231 laborem,

97 252 204 282 πεῖναν,
222 250 268 275 καὶ
285 249 409 282 σταυρὸν,
424 248 470 274 καὶ
485 247 573 273 πάντα.
585 246 619 273 τὰ
631 246 798 280 ὑποκείμενα
818 245 881 279 φθο-

97 298 144 331 ρᾷ,
163 296 322 330 περιάπτειν
345 294 479 328 culpare;
511 294 629 326 Ἀπόκρ.
644 293 778 326 Εὐφήμει,
801 289 883 318 ὧᾱν-

98 341 204 375 ορωπε,
228 338 388 373 παρακαλῶ.
405 338 473 373 Ἤδη
495 339 634 372 προεῖπον,
655 337 736 371 σαρκὶ
762 336 881 370 παθητῇ,

98 386 191 417 καθὼς
204 386 250 413 καὶ
263 386 290 411 αἱ
303 385 371 411 Θεῖαι
381 384 488 419 Γραφαὶ
504 384 569 418 ἡμῖν
584 382 884 418 παραδεδώκασι[δεδη-

97 430 225 466 Iduum],
242 431 391 466 περιῆφθαι
401 430 446 456 τὸν
457 429 503 455 τοῦ
515 428 581 455 Θεοῦ
592 428 687 461 Λόγον,
705 429 751 454 καὶ
766 427 884 462 ἡνῶσθαι

99 479 181 504 αὐτὸν
199 479 278 512 αὐτῇ,
295 477 341 503 καὶ
363 476 395 502 δι’
411 476 494 509 αὐτῆς
517 474 656 508 πεφηνότα
678 474 723 500 τὸν
748 474 810 499 Υἱὺν
838 473 884 499 τοῦ

97 525 179 556 Θεοῦ,
203 523 250 550 τὸν
263 523 329 549 Θεὸν
344 522 439 555 Λόγον,
458 521 515 556 μετ’
529 520 613 555 αὐτῆς
635 518 718 546 ὒπνον
731 519 884 553 ὑπομεῖναι,

99 572 149 598 καὶ
174 571 268 600 κόπον,
296 569 343 596 καὶ
369 567 456 594 πάντα
479 566 513 592 τὰ
536 565 583 591 τοῦ
610 564 775 600 ἀνθρώπου,
802 563 886 598 χωρὶς

99 617 249 653 ἁμαρτίας,
266 615 295 642 οὺ
318 615 350 649 τῇ
378 613 466 648 φθορᾷ
486 612 665 645 ὑποκείμενος
676 619 682 625 ·
697 610 816 644 ἀμείνων
833 609 886 644 γὰρ

101 664 215 699 φθορᾶς,
230 663 277 689 καὶ
292 661 405 688 Θανάτου
433 661 447 686 ὁ
471 658 609 694 ἄφθαρτος
627 656 675 683 καὶ
695 655 825 688 ζωοποιὺς
839 654 885 681 τοῦ

99 710 170 736 Θεοῦ
197 709 297 742 Λόγος,
316 706 382 733 ἀλλὰ
404 705 454 740 τὴν
476 704 578 740 φθορὰν
601 702 742 730 ἀποσοϐῶν
764 700 818 727 ἀπὸ
840 700 886 726 τοῦ

100 756 199 786 γένους
223 755 275 781 τῶν
298 752 458 787 ἀνθρώπων.
482 750 538 777 Οὐκ
565 749 641 783 οἶμαι
663 747 788 783 ἔγκλημα
812 755 887 782 περι-

101 801 236 828 άπτεσθαι
252 799 366 834 βασιλεῖ,
378 798 477 824 ὁπόταν
491 795 651 830 βουλόμενος
667 792 752 819 σῶσαι
766 791 796 818 τὸ
811 791 886 823 ἴδιον,

100 847 133 873 τὸ
155 846 201 873 τοῦ
225 845 317 871 δούλου
333 846 426 879 σχῆμα
441 843 596 877 ἐνδύσηται,
613 841 668 866 Καὶ
684 839 744 870 πῶς
758 838 886 872 τολμήσει

934 245 1162 279 defatigationem,
1183 250 1301 276 crucem,
1322 241 1432 274 famem,
1452 246 1604 276 caeteraque
1625 244 1715 271 omnia

935 290 1100 324 corruptioui
1119 289 1239 324 subjecta
1260 288 1379 316 tribuere
1390 287 1514 315 audetis?
1532 286 1606 321 Resp.
1621 288 1715 320 Parce,

933 342 1034 369 (ιιιωεο,
1048 335 1207 362 maledictis.
1231 333 1290 361 Jam
1316 337 1379 360 ante
1403 332 1506 365 monui,
1531 332 1578 360 Dei
1600 332 1716 360 Verbum

934 387 1015 407 carne
1038 379 1174 413 passibili,
1197 378 1346 406 secundum
1369 377 1569 412 Seripturarum
1594 377 1719 406 traditio-

935 433 1010 457 nem,
1026 433 1057 453 se
1074 425 1207 457 induisse,
1225 428 1252 451 et
1269 431 1298 451 se
1317 423 1354 450 illi
1372 424 1463 451 unisse
1479 433 1485 450 :
1502 430 1550 458 per
1564 423 1648 457 ipsam
1669 432 1719 450 au-

935 477 987 497 tem
1013 471 1096 497 Deum
1117 469 1232 497 Verbum
1257 473 1285 496 et
1310 469 1354 496 Dei
1379 467 1475 495 Filium
1499 469 1665 502 apparuisse,
1692 474 1719 496 et

935 524 995 543 cum
1019 516 1076 550 ipsa
1090 515 1220 547 laborem,
1235 519 1262 542 et
1282 522 1405 542 somnum
1429 518 1455 541 et
1478 515 1595 541 hutnaua
1616 515 1717 549 omnia,

936 565 1044 595 peccato
1069 566 1173 588 tantum
1196 565 1319 594 excepto,
1346 560 1508 587 sustinuisse
1534 570 1541 588 :
1569 568 1621 588 non
1647 561 1719 594 quod

937 606 1103 641 corruptioni
1125 605 1292 639 subjaeeret,
1312 605 1444 640 siquidem
1466 605 1672 640 incorrttptibile
1693 611 1720 633 et

938 652 1070 678 virilicum
1087 651 1134 678 Dei
1147 650 1263 678 Verbum
1282 652 1456 685 corruptione
1473 656 1499 678 et
1518 651 1626 678 interitu
1642 652 1721 687 longe

937 698 1060 731 superius
1076 702 1132 730 est;
1148 697 1194 724 sed
1214 701 1243 723 ut
1261 697 1398 724 interitum
1417 697 1451 724 ab
1467 696 1607 724 hominum
1624 705 1722 731 genere

938 743 1117 770 submoveret.
1135 741 1189 769 Nec
1209 742 1326 769 arbitror
1342 742 1397 776 regi
1417 742 1482 768 vitio
1501 742 1569 769 verti
1591 750 1679 777 posse,
1696 743 1721 770 si

938 795 1047 816 Servare
1064 787 1134 822 quod
1153 788 1212 823 ejus
1230 788 1367 822 proprium
1386 793 1428 815 est
1443 788 1547 820 volens,
1564 788 1655 815 servili
1674 789 1723 815 ha-

940 833 996 860 bitu
1011 841 1039 860 se
1054 834 1155 861 induat.
1170 834 1203 860 Et
1217 833 1351 868 quomodo
1366 833 1497 868 quispiam
1513 834 1553 865 ei,
1570 834 1615 868 qui
1629 839 1724 868 suapte

99 901 146 923 τις
168 891 207 925 τῷ
226 892 259 925 τῇ
286 889 365 924 φύσει
390 888 523 922 ἐλευθέρῳ
543 885 678 920 ἐγκαλεῖν,
695 885 735 910 ὅτι
749 883 844 917 γέγονε
857 882 890 908 δι’

947 885 1038 906 natura
1051 880 1119 907 liber
1129 884 1181 911 est,
1193 880 1301 907 crimini
1313 884 1419 907 vertere
1432 880 1539 911 audeat,
1552 881 1722 915 quod'noslri

101 937 179 972 ἡμᾶς
192 936 344 971 ἄνθρωπος,
361 935 407 961 καὶ
424 935 452 960 ἐν
464 934 519 963 τοῖς
533 932 594 958 καθ’
608 931 681 966 ἡμᾶς
693 928 888 963 οἱκονομικῶς;

108 983 253 1017 Ἀποδὲχου
279 981 323 1007 τοῦ
349 979 454 1014 Πατρὺς
478 978 526 1013 τὴν
548 975 762 1011 φιλανθρωπίαν,
783 975 822 1000 ὅτι
845 973 889 999 τὸν

103 1030 171 1056 ῐδιον
185 1029 249 1054 Υίὺν
271 1025 453 1062 δωρεῖται-δι’
470 1024 560 1059 ἡμᾶς·
590 1023 626 1057 μὴ
652 1019 835 1057 περιεργάζου
861 1019 890 1045 rb

103 1075 231 1109 πρᾶγμα,
248 1070 413 1108 παρακαλῶ·
438 1070 471 1096 οὐ
490 1068 544 1103 γὰρ
569 1068 598 1100 ἐξ
615 1066 774 1101 Ἑλληνικῆς
796 1064 890 1098 σοφίας

103 1120 137 1146 τὸ
149 1119 306 1154 γνώρισμα·
323 1117 381 1143 οὐδὲ
395 1115 448 1142 ἀπὸ
463 1114 637 1149 φρονήματος
652 1110 798 1146 κοσμικοῦ“
815 1110 891 1136 ἁλλό-

103 1175 183 1201 τριον
195 1165 250 1198 γὰρ
262 1164 408 1198 ἑκατέρων,
426 1171 434 1186 ι
447 1161 586 1195 Μακάριος
597 1157 630 1191 εἴ,
643 1169 651 1184 ι
667 1158 748 1193 φησὶν
762 1157 776 1182 ὁ
791 1156 892 1190 Κύριος

103 1200 146 1247 τῷ
159 1212 264 1247 Πέτρῳ,
285 1220 293 1236 ‹
308 1209 398 1244 Σιμὼν
409 1207 466 1243 Βὰρ
488 1207 577 1238 Ἰωνᾶ,
595 1206 636 1232 ὃτι
659 1203 737 1238 σὰρξ,
754 1202 802 1229 καὶ
824 1200 892 1236 αἷμα

104 1260 158 1285 οὐκ
173 1256 330 1290 “nemo:
351 1264 401 1286 σοι,
414 1253 469 1280 ἀλλ’
483 1253 496 1278 6
512 1252 607 1286 Πατήρ
624 1259 684 1285 μου,
700 1250 714 1274 6
729 1250 757 1274 ἐν
775 1249 831 1279 τοῖς
849 1247 893 1273 οὐ-

106 1305 210 1340 ρανοῖς.
227 1313 236 1328 ι
259 1301 390 1336 Οὐράνιον
407 1299 436 1326 τὸ
456 1298 540 1333 δῶρον
555 1297 586 1323 τὸ
598 1296 647 1330 τῆς
661 1295 736 1326 Θείας
751 1294 892 1328 ἐπιφοιτή-

106 1356 179 1379 σεως
197 1346 244 1373 τοῦ
264 1345 328 1371 Υἰοῦ
347 1344 394 1371 τοῦ
413 1343 480 1369 Θεοῦ
500 1342 651 1377 γνώρισμα.

151 1393 250 1428 Ἐρώτ.
270 1391 334 1422 Πιῖις
346 1391 360 1416 ὁ
379 1390 433 1416 τῶν
458 1389 566 1415 πάντων
585 1387 699 1422 ποιητὴς
714 1385 779 1416 Θεὸς
798 1385 893 1418 Λόγος,

105 1441 123 1467 ὁ
137 1440 323 1476 ἀψηλάφητος.
338 1439 352 1464 6
367 1436 492 1471 ἀόρατος,
503 1436 517 1461 6
528 1433 705 1463 ἀναλλοίωτός
718 1440 747 1457 τε
759 1431 805 1458 καὶ
816 1439 894 1465 περι-

106 1486 217 1522 γραφὴν
240 1485 277 1520 μὴ
303 1483 474 1518 ἀνεχόμενος,
500 1482 528 1506 ἐν
552 1480 654 1506 εὐτελεῖ
681 1479 751 1513 ξύλῳ
781 1477 895 1512 σταυρὸν

108 1533 253 1567 ὑπέμεινε,
281 1530 327 1556 καὶ
353 1529 482 1558 θάνατονς
517 1526 636 1559 Ἀπόκρ.
662 1523 781 1550 Θάνατόν
805 1530 894 1567 φαμεν

108 1565 337 1612 ὑπομεμενηκότα
359 1572 405 1599 τὸν
426 1571 474 1597 τοῦ
496 1569 563 1596 Θεοῦ
586 1569 681 1602 Λόγον,
698 1567 745 1593 καὶ
768 1565 894 1600 σταυρὸν,

107 1624 154 1650 διὰ
168 1610 221 1657 ’τῆς
235 1620 335 1655 σαρκὸς
346 1618 396 1655 τῇς
415 1617 492 1648 ἰδίας,
511 1616 554 1642 ἴνα
572 1615 644 1650 ἡμᾶς
656 1611 798 1647 ἀπαλλάξῃ
814 1610 895 1637 θανά--

108 1678 169 1700 του,
184 1669 230 1694 καὶ
244 1667 361 1701 φθορᾶς·
378 1664 426 1699 τὴν
443 1663 511 1690 ἰδίαν
528 1661 582 1696 γὰρ
594 1659 682 1694 ψυχὴν
696 1658 816 1685 τέθεικεν
828 1656 897 1691 ὑπὲρ

110 1714 202 1750 ἡμῶν,
216 1714 265 1740 οὐκ
276 1711 416 1746 ἀλλοτρίαν
432 1707 524 1740 οὖσαν,
534 1707 550 1740 ἢ
564 1706 642 1739 ξένην
652 1704 699 1731 τοῦ
714 1704 781 1730 Θεοῦ
795 1703 880 1736 Λόγου
889 1711 895 1716 -

110 1747 266 1796 ἀπόρρητος
281 1758 335 1792 γὰρ
351 1758 367 1792 ὴ
384 1755 494 1786 ἓνωσις·
514 1753 594 1783 αὐτὸς
606 1751 660 1786 γὰρ
673 1748 763 1776 εἶπεν·
788 1758 796 1774 ι
809 1747 898 1796 Ἑξον-

111 1794 175 1834 σίαν
198 1807 251 1840 ἔχω
268 1805 315 1839 τὴν
334 1803 421 1838 ψυχήν
441 1810 490 1836 μου
513 1800 608 1831 θεῖναι,
626 1798 672 1824 καὶ
699 1795 821 1828 ἐξουσίαν
845 1794 898 1829 ἔχω

112 1853 196 1880 πάλιν
212 1851 302 1877 λαϐεῖν
319 1849 414 1883 αὑτήν.
432 1858 440 1873 ι
458 1846 564 1880 Ταύτης
580 1845 645 1870 ἴδιον
659 1843 689 1869 τὸ
702 1842 856 1877 ἀδημονεῖν,
869 1840 899 1865 τὸ

112 1900 203 1933 λύπην
219 1897 362 1931 ὑπομεῖναι
380 1891 600 1930 [ὑπομένειν],τὸ
622 1890 748 1923 ἐκδημεῖν
773 1887 826 1913 ἀπὸ
852 1885 898 1911 τοῦ

114 1944 250 1979 σώματος,
265 1942 302 1973 ὡς
316 1941 363 1967 καὶ
379 1939 478 1973 σαρκὸς
492 1936 522 1963 τὺ
536 1935 644 1970 κοπιᾷν,
657 1934 688 1960 τὸ
708 1930 898 1967 σταυροῦσοαι,

113 1991 145 2017 τὸ
159 1976 330 2018 δινίστασοαι,
346 1985 376 2011 τὸ
392 1984 537 2020 μετάρσιον
556 1980 701 2014 ὑπομένειν
724 1977 813 2004 θέσιν·
831 1976 899 2009 πλὴν

113 2037 183 2064 Θεοῦ
209 2036 242 2062 τὰ
267 2036 356 2062 πάντα
379 2033 497 2066 λέγεται,
513 2030 560 2056 καὶ
584 2027 651 2054 εἰσί·
670 2025 736 2053 Θεοῦ
751 2024 805 2059 γὰρ
822 2023 868 2050 καὶ
884 2024 900 2058 ὴ

113 2085 205 2121 ψυχή·
223 2081 290 2109 Θεοῦ
310 2081 357 2108 καὶ
376 2079 407 2105 τὸ
426 2078 515 2112 σῶμα.

158 2172 256 2206 Ἐρώτ.
276 2170 338 2201 Πῶς
363 2169 376 2194 6
399 2166 601 2200 παντοδύναμος
617 2163 701 2198 Λόγος
721 2161 767 2188 τοῦ
795 2158 902 2206 Πατρός

942 932 1023 952 causa
1045 925 1124 952 homo
1145 925 1202 951 ﬁeri
1231 925 1479 960 (Iispensatorieque
1500 926 1526 952 in
1547 927 1647 953 nostris
1664 933 1725 953 ver-

942 971 995 997 sari
1018 978 1071 997 non
1094 970 1237 997 abnuerit?
1257 970 1345 996 Patris
1369 970 1572 1004 benignitatem,
1594 971 1639 1005 qui
1663 979 1726 1005 pro-

943 1017 1028 1050 prium
1049 1017 1145 1043 Filium
1165 1020 1274 1050 propter
1291 1024 1339 1043 nos
1357 1016 1481 1048 donavit,
1501 1016 1679 1050 amplectere;
1698 1017 1724 1044 in

942 1063 1027 1096 ipsam
1045 1067 1134 1089 autem
1151 1069 1207 1089 rem
1224 1062 1368 1094 curiosius,
1386 1069 1487 1095 quaeso,
1506 1061 1560 1089 noli
1578 1063 1723 1097 inquirere.

943 1108 999 1136 Non
1019 1108 1090 1135 enim
1112 1115 1158 1142 per
1178 1107 1333 1134 Graecorum
1354 1107 1526 1141 sapientiam,
1547 1111 1593 1134 aut
1615 1107 1727 1134 munda-

943 1162 1005 1181 uutu
1023 1162 1130 1181 sensum
1148 1153 1304 1188 percipitur,
1321 1153 1368 1180 sed
1386 1153 1419 1180 ab
1436 1157 1551 1187 utroque
1567 1156 1608 1179 est
1626 1152 1725 1179 aliena.

946 1210 954 1226 ‹
966 1200 1062 1228 Beatus
1070 1208 1109 1232 es,
1120 1200 1211 1226 Simon
1223 1199 1366 1231 Bar-Jona,
1377 1208 1385 1224 ι
1395 1199 1483 1233 inquit
1493 1198 1620 1225 Dominus
1634 1198 1724 1229 Petro.

946 1257 955 1272 ‹
979 1247 1041 1281 quia
1052 1254 1116 1274 caro
1127 1251 1154 1273 et
1165 1246 1274 1280 sanguis
1288 1253 1340 1271 non
1355 1245 1492 1272 revelavit'
1503 1245 1560 1278 tibi,
1578 1245 1625 1272 sed
1646 1245 1726 1271 Pater

945 1300 1019 1319 meus
1032 1293 1077 1326 qui
1090 1297 1131 1318 est
1145 1291 1171 1318 in
1185 1291 1261 1319 caelis
1271 1291 1302 1319 ‘°.
1321 1301 1330 1316 ι
1346 1290 1412 1317 Nam
1427 1291 1508 1326 divini
1522 1291 1652 1319 adventus
1666 1291 1726 1318 Filii

945 1337 990 1365 Dei
1006 1337 1133 1372 cognitio,
1147 1336 1257 1364 caeleste
1272 1336 1371 1363 doutun
1385 1340 1437 1362 est.

981 1382 1111 1416 luterrog.
1129 1381 1268 1414 Quomodo
1281 1381 1466 1408 universorum
1480 1381 1568 1416 opifex
1582 1382 1651 1409 Deus
1662 1381 1728 1409 Ver-

945 1429 1020 1462 bum,
1035 1429 1079 1464 qui
1096 1436 1144 1455 nec
1161 1429 1242 1463 tangi,
1257 1436 1306 1454 nec
1323 1428 1407 1459 cerni,
1423 1435 1470 1454 nec
1486 1428 1594 1460 mutari,
1610 1436 1659 1456 nec
1675 1429 1729 1456 cir-

946 1474 1089 1502 cumscribi
1110 1478 1212 1508 potest,
1231 1475 1257 1500 in
1276 1473 1320 1501 vili
1341 1473 1414 1508 ligno
1433 1481 1540 1500 crucem
1561 1479 1729 1508 mortemque

946 1520 1089 1548 sustinuit?
1101 1519 1178 1555 Resp.
1194 1519 1307 1546 Mortem
1325 1524 1352 1546 et
1367 1526 1473 1546 crucem
1490 1519 1536 1546 Dei
1551 1519 1666 1547 Verbum
1682 1527 1730 1554 per

948 1567 1081 1601 propriam
1096 1574 1204 1593 carnem
1219 1566 1379 1593 sustinuisse
1392 1565 1506 1593 dicimus
1519 1574 1526 1593 :
1540 1566 1668 1594 sustinuit
1681 1573 1730 1593 au-

948 1618 1001 1640 tem
1022 1613 1092 1644 haec,
1112 1617 1141 1639 ut
1158 1620 1207 1639 nos
1224 1620 1239 1638 a
1257 1617 1343 1639 morte
1360 1616 1388 1639 et
1405 1612 1578 1646 corruptione
1597 1612 1731 1640 immunes

949 1659 1080 1686 redderet.
1095 1657 1161 1684 Nam
1179 1657 1296 1684 animam
1313 1658 1447 1691 propriam
1466 1657 1510 1684 ille
1525 1665 1573 1692 pro
1590 1657 1667 1686 nobis
1685 1666 1731 1692 po-

947 1703 1010 1735 suit,
1025 1711 1076 1730 non
1091 1702 1270 1737 peregrinam,
1284 1706 1331 1728 aut
1346 1709 1360 1728 a
1375 1701 1429 1729 Deo
1439 1701 1527 1729 Verbo
1539 1703 1654 1729 alienam
1669 1710 1676 1729 :
1691 1703 1733 1730 in-

948 1749 1113 1784 explicabilis
1126 1749 1198 1775 euirn
1211 1753 1252 1775 est
1265 1748 1338 1775 unio.
1353 1747 1411 1781 Ipse
1424 1748 1495 1774 enim
1510 1748 1567 1775 ait:
1585 1758 1594 1773 ι
1610 1747 1733 1776 Potesta-

950 1801 1002 1822 tem
1023 1795 1109 1821 habeo
1129 1794 1243 1828 ponendi
1264 1793 1380 1820 animam
1402 1800 1505 1825 tneam,
1525 1798 1552 1820 et
1572 1799 1732 1829 potestatem

950 1840 1034 1866 habeo
1054 1840 1149 1866 iterum
1168 1838 1290 1865 sumendi
1310 1838 1411 1865 eam“.
1435 1847 1444 1863 ι
1464 1837 1538 1865 Illius
1559 1840 1654 1866 anima:
1672 1847 1734 1874 pro-

950 1887 1036 1920 pritim
1062 1885 1173 1915 taedere,
1196 1883 1368 1916 contristari,
1389 1890 1404 1910 e
1425 1883 1508 1919 804
1531 1891 1644 1918 corpore
1666 1885 1734 1912 enti-

950 1938 1040 1965 grare,
1055 1930 1279 1964 quemadmodum
1295 1933 1321 1955 et
1337 1928 1411 1955 carni
1427 1936 1532 1963 quoque
1546 1930 1681 1963 peculiare
1693 1936 1735 1958 est

951 1975 1101 2010 defetigari,
1117 1973 1251 2008 cruciﬁgi,
1267 1972 1439 2004 exsuscitari,
1456 1972 1481 1998 in
1500 1973 1584 1999 altum
1600 1973 1732 2000 sublatam

951 2021 1088 2048 collocari.
1108 2019 1296 2046 Verumtamen
1317 2017 1406 2045 omnia
1429 2018 1485 2044 haec
1504 2022 1532 2044 et
1550 2017 1596 2044 Dei
1615 2021 1688 2052 sunt,
1707 2023 1735 2045 et

952 2067 999 2093 Dei
1022 2073 1082 2093 esse
1104 2065 1240 2092 dicuntur.
1265 2063 1313 2090 Dei
1334 2063 1406 2090 enim
1429 2066 1470 2089 est
1495 2062 1601 2097 anima,
1624 2063 1670 2091 Dei
1693 2069 1737 2092 est.

951 2119 1024 2140 caro.

987 2155 1119 2190 Interrog.
1136 2154 1274 2187 Quomodo
1285 2153 1455 2187 omnipotens
1466 2153 1555 2180 Patris
1563 2152 1681 2181 Verbum
1693 2161 1735 2181 re-

116 2197 264 2246 ἀνασζάσει
284 2197 467 2251 περιεπλάκη,
484 2212 529 2239 καὶ
541 2197 626 2246 ᾆθορᾷ
641 2210 654 2235 ὁ
673 2208 810 2243 ἄφθαρτος
823 2204 894 2251 [nitidi

955 2199 1090 2232 surrexit,
1109 2203 1154 2225 aut
1177 2197 1378 2232 ineorruptibile
1400 2198 1565 2232 corruptioni
1587 2198 1735 2226 obnoxium

958 2244 1065 2251 -.....
1145 2243 1163 2251 ,.
1634 2250 1637 2251 ,
1680 2243 1686 2249 .

115 2265 224 2300 vatoﬂ;
242 2264 354 2296 Ἀίτόπρ.
371 2261 473 2296 Φῦορὰν
489 2259 538 2295 μὲν
552 2259 601 2293 οὐχ
613 2257 757 2290 ὑπέμεινεν
769 2253 823 2280 οὐδ’
835 2250 904 2285 αὑτὴ

116 2315 134 2348 ἠ
152 2311 199 2338 τοῦ
216 2310 282 2337 Θεοῦ
295 2309 381 2342 Λόγου
398 2306 480 2342 σάρξ”
499 2305 582 2335 νόθως
601 2302 655 2337 γὰρ
665 2299 903 2348 διαλαμεξάνοντες,

116 2343 203 2388 νόθως
215 2355 262 2382 καὶ
277 2353 430 2388 ὲπερωτᾶτε
442 2360 448 2366 ·
467 2348 700 2386 προανεκεκρὰγει
710 2346 763 2380 γὰρ
775 2345 788 2370 6
801 2343 905 2378 προφή-

116 2411 169 2438 της
184 2401 247 2436 περ).
262 2398 358 2426 αὐτοῦ’
380 2407 389 2423 ι
405 2397 440 2422 Οὐ
456 2395 552 2426 δώσεις
567 2394 611 2420 τὸν
622 2391 694 2418 ὅσιόν
710 2399 755 2416 σου
773 2389 835 2416 ἰδεῖν
847 2388 905 2414 δια-

117 2434 233 2483 adoptiui.
247 2457 256 2473 )
270 2445 357 2476 Ι]άοος
372 2444 421 2479 μὲν
433 2442 577 2477 ὑπέμεινεν
590 2438 740 2465 ἐθελούσιον
755 2437 768 2461 ὁ
779 2434 825 2461 τοῦ
837 2434 904 2460 Θεοῦ

122 2481 199 2525 Υἱός·
215 2495 228 2519 6
240 2491 336 2528 χωρῶν
351 2492 379 2517 ὲν
395 2488 483 2523 ἑαυτῷ
498 2487 542 2514 τὸν
558 2485 698 2520 ἀχώρητον
713 2481 822 2528 Πατέρα
832 2489 838 2496 ·
855 2488 907 2514 χω-

119 2541 252 2577 ρούμενος
268 2527 295 2565 δὲ
311 2537 358 2565 καὶ
373 2536 453 2565 αὐτὸς
468 2533 520 2560 ὑπὸ
531 2532 577 2558 τοῦ
593 2530 698 2566 Πατρός
708 2538 714 2544 ·
732 2527 903 2564 χωρούμενος

118 2572 176 2623 γὰρ
199 2586 249 2612 ὑπὸ
273 2584 319 2611 τοῦ
343 2582 458 2617 Πατρὸς,
471 2581 517 2607 καὶ
530 2579 566 2605 ὢν
582 2579 610 2604 ὲν
624 2576 663 2612 τῷ
679 2575 770 2609 κόλπῳ
785 2572 831 2599 τοῦ
847 2573 904 2598 Πα-
917 2609 922 2613 _

119 2618 196 2668 έρδς,
211 2632 338 2666 ἐχωρεῖτο
354 2628 480 2663 ἀρρήτως
497 2625 543 2652 καὶ
567 2625 594 2650 ὲν
615 2623 648 2657 τῇ
673 2621 726 2668 ἰδία
746 2618 905 2668 σαρκίΠΑνῑ

120 2662 189 2704 εὲίω
210 2677 238 2701 δὲ
259 2675 416 2710 τριήμερος,
435 2669 673 2704 λαφυραγωγήσας
692 2666 738 2691 τὸν
760 2662 906 2710 ᾅδην-Ακαξ

122 2723 260 2756 ὲπέφανεν
362 2707 442 2753 μετὰ
465 2717 512 2750 τῆς
537 2714 604 2745 ἰδίας
626 2711 726 2746 σαρκὸς
742 2707 822 2756 6106-
839 2707 907 2756 Θεοῦ

123 2753 202 2798 Υιάξ·
221 2767 264 2792 ἵνα
280 2753 326 2792 καὶ
351 2764 424 2799 ἡμᾶς
439 2759 579 2794 ἀπαλλάξῃ
600 2757 715 2785 θανάτου
731 2754 778 2781 καὶ
792 2753 905 2788 φθορᾶς.

955 2245 1024 2272 fuit?
1044 2244 1122 2278 Resp.
1144 2243 1349 2277 Corruptionem
1371 2241 1441 2268 haud
1463 2242 1590 2269 sustinuit
1610 2250 1659 2270 nec
1679 2243 1736 2277 ipsa

953 2291 1060 2327 quidem
1083 2291 1127 2317 Dei
1145 2289 1224 2316 Verbi
1244 2296 1316 2315 caro.
1334 2287 1399 2314 Nam
1420 2288 1482 2322 quia
1503 2296 1597 2322 parum
1617 2289 1736 2323 legitime

954 2336 1128 2371 distinguitis,
1143 2343 1237 2369 parum
1251 2334 1332 2361 etiam
1347 2333 1465 2368 legitime
1480 2332 1662 2367 interrogatis.
1675 2333 1736 2361 lam

953 2384 1024 2411 enim
1045 2382 1144 2407 dudum
1167 2386 1228 2405 ante
1245 2379 1375 2413 propheta
1397 2378 1431 2405 de
1451 2379 1557 2406 Christo
1578 2379 1738 2412 pronuntia-

954 2433 1010 2456 rat:
1030 2437 1038 2453 ε
1061 2427 1120 2454 Non
1142 2426 1218 2452 dabis
1233 2424 1361 2451 Sanctum
1384 2430 1458 2451 tuum
1478 2425 1568 2451 videre
1589 2424 1739 2458 corruptio-

955 2483 1015 2503 nem
1026 2475 1058 2500 ”.
1076 2483 1085 2499 ›
1102 2473 1173 2500 Sane
1189 2472 1340 2506 passionem
1352 2472 1532 2498 voluntariam
1548 2471 1675 2498 sustinuit
1690 2471 1736 2498 Dei

957 2520 1051 2552 Filius,
1068 2519 1111 2552 qui
1128 2517 1234 2544 Patrem
1252 2519 1412 2544 immensum
1428 2518 1455 2544 in
1472 2525 1501 2543 se
1517 2517 1649 2549 continet,
1664 2522 1691 2543 et
1705 2517 1738 2543 ab

954 2568 1011 2601 ipso
1028 2565 1146 2592 vicissim
1167 2564 1246 2591 Patre
1266 2564 1430 2590 continetur.
1448 2562 1515 2589 Nam
1534 2571 1548 2589 a
1571 2563 1649 2589 l’atre
1666 2571 1740 2590 com-

955 2612 1115 2647 prehensus,
1134 2614 1162 2636 et
1178 2610 1203 2636 in
1222 2613 1334 2643 paterno
1351 2609 1410 2636 sinu
1428 2611 1573 2640 exsistens,
1591 2609 1740 2642 inexplica-

957 2659 1002 2686 bili
1015 2657 1131 2692 quodam
1146 2655 1225 2682 modo
1236 2655 1316 2682 etiam
1330 2655 1436 2689 propria
1448 2662 1528 2682 carne
1539 2654 1737 2682 continebatur.

957 2705 1027 2731 idem
1044 2702 1090 2730 Dei
1106 2701 1189 2729 Filius
1203 2701 1282 2729 tertia
1296 2701 1339 2728 die
1353 2700 1450 2727 revixit
1465 2699 1559 2727 inferis
1572 2698 1738 2733 despoliatis.

958 2755 985 2777 et
1002 2756 1061 2776 cum
1079 2747 1189 2782 propria
1202 2754 1283 2775 carne
1298 2746 1378 2774 nobis
1393 2745 1530 2780 apparuit,
1547 2751 1601 2779 quo
1615 2741 1739 2770 videlicet

162 2856 184 2873 “
203 2854 297 2882 Matth.
313 2861 366 2884 xvi,
383 2852 425 2878 l7.
465 2851 485 2866 ¹¹
502 2849 580 2877 Joan.
596 2848 682 2882 x,18.
721 2848 741 2864 ¹²
756 2846 827 2874 Psal.
841 2852 886 2878 xv,

952 2852 960 2877 ;
976 2843 1037 2871 Act.
1056 2850 1085 2874 tt,
1100 2841 1145 2868 51-

265 2901 400 2931 ΡΑΤιιοι..
415 2897 473 2928 Gn.
487 2895 601 2927 LXXV.

1527 2879 1565 2911 45
