1907 3038
99 196 112 222 f
119 195 166 222 421

685 191 728 219 DE
747 190 1006 219 INCARNATIONE
1026 191 1154 220 DOMlNl.

1658 192 1728 220 £422

96 253 154 280 τῶν
181 253 210 278 ἂν
233 251 338 283 τούτοις
360 250 550 286 ἀποκειμένων
574 250 680 286 μυελῶν
694 250 724 276 τδ
745 249 889 285 χρειῶδες,

952 250 1075 277 lullarum
1100 250 1257 281 utilitatettt,
1274 254 1302 276 et
1318 253 1452 283 quotquot
1476 247 1528 276 alia
1555 248 1581 275 in
1608 249 1727 277 ltumano

98 299 148 325 xui.
169 298 254 325 τᾶλλα
271 298 321 324 ὅσα
339 297 385 324 τοῦ
406 297 577 333 ἀνθρωπίνου
600 296 670 328 ζὼου
697 296 727 322 τδ
751 295 891 330 ὁρώμενον

97 343 169 378 ἔχει.
188 343 243 369 Καὶ
259 342 327 378 πρὸς
353 341 473 374 τούτοις,
498 341 561 368 νοῦν
584 341 683 367 ἔδωκεν
702 341 824 376 ἡγεμόνα
844 340 892 366 καὶ

98 389 282 425 κυϐερνήτην,
302 388 396 422 σοφίας
413 387 576 423 πληρώσας,
600 387 696 422 τέχνης
718 387 826 420 ἁπάσης
845 387 892 412 καὶ

98 435 257 470 ἐπιστήμης
270 434 425 470 ἐμπλήσας,
448 434 495 460 καὶ
514 434 622 468 λογικὸν
638 434 760 468 ἀπέφηνε
774 433 803 459 τὺ
816 433 893 468 πήλι-

99 490 148 508 νον
164 482 288 516 ἄγαλμα,
306 481 352 508 καὶ
368 481 471 507 οἰκείαν
487 481 580 507 εἰκόνα
595 480 729 515 πεποίηκε
740 480 785 506 τὸν
801 478 892 514 χοῐκὸν

99 528 262 563 ἀνδριάντα,
282 527 313 554 τὸ
332 527 445 562 ἀρχικὸν
470 526 516 553 καὶ
537 526 768 562 αὐτοκρατορικὴν
782 526 828 552 καὶ
846 525 893 561 δη-

102 573 265 609 μιουργικὸν
280 575 313 608 τῇ
331 574 412 609 νοερᾷ
436 572 509 607 ψυχῇ
526 572 573 598 καὶ
590 572 716 606 ἀθανάτῳ
736 572 894 607 δωρησάμε-

99 627 156 651 νος.
174 617 240 645 Εἶτα
256 618 367 653 βασιλέα
388 617 504 652 κτηνῶν,
521 617 569 643 καὶ
586 617 768 651 τετραπόδων,
783 617 830 643 καὶ
849 617 893 651 ἐρ-

100 664 204 696 πετῶν,
223 663 340 698 νηκτῶν,
366 663 412 689 καὶ
426 662 576 698 ἁμφιῦίων,
597 663 643 688 καὶ
656 662 711 688 τῶν
734 663 893 697 ἀεροπόρων

98 709 217 746 ὀρνίθων
239 708 436 743 ἐχειροτόνησε.
458 707 515 743 Πρὸ
536 707 563 733 δὲ
584 707 686 734 τούτων
710 707 804 742 ὥσπερ
833 707 893 733 τινὰ

99 753 227 779 παστάδα
258 752 440 788 χαριεστάτην
474 752 576 779 ἄνωθεν
604 752 735 784 ἐξέτεινεν
767 751 892 786 οὐρανὸν,

98 799 238 834 λειμῶνας
255 798 377 833 ἀστέρων
389 798 594 833 ἔγκαταπήξας,
610 798 705 832 χρείαν
721 806 751 824 τε
766 797 834 832 ὁμοῦ
847 798 894 824 καὶ

99 845 199 880 τέρψιν
214 845 397 880 παρέχοντας·
414 844 489 879 ἥλιόν
503 853 532 870 τε
550 844 670 879 ἀνίσχειν
685 843 832 876 κελεύσας,
848 844 894 871 καὶ

99 890 225 923 δύεσθαι,
252 891 299 917 καὶ
322 891 409 916 ποιεῖν
439 890 546 925 ἡμέρας
577 890 625 916 καὶ
647 889 758 921 νύκτας,
783 890 831 916 καὶ
855 889 893 924 τῷ

99 937 198 972 δρόμῳ
222 936 267 963 τὸν
294 937 391 972 χρόνον
423 937 548 973 μετρεῖν·
578 937 692 972 σελήνην
717 936 821 971 φθίνειν
847 937 895 962 καὶ

100 982 230 1017 πλήθειν,
249 982 295 1009 καὶ
308 983 366 1014 ταῖς
381 983 496 1014 πυκναῖς
513 983 674 1018 μεταϐολαῖς
687 983 762 1018 ἧδειν
777 991 808 1009 τε
826 982 894 1018 ὁμοῦ

100 1029 153 1055 καὶ
172 1028 314 1063 σημαίνειν
330 1028 429 1055 κύκλον
444 1028 489 1054 τὸν
502 1028 652 1055 ἐνιαύσιον·
667 1029 719 1063 γῆν
730 1029 759 1055 δὲ
773 1029 895 1056 κάτωθεν

102 1074 284 1109 ὑπεστόρεσε,
302 1074 347 1100 καὶ
361 1074 484 1101 ποικίλον
503 1074 572 1109 αὐτῇ
589 1074 691 1109 κόσμον
706 1074 822 1101 δέδωκεν
833 1095 839 1107 ,
855 1075 896 1106 είς

101 1120 176 1156 ἄλοη
190 1120 236 1146 καὶ
251 1120 313 1156 λήϊα
331 1120 378 1146 καὶ
394 1120 532 1155 λειμῶνας
548 1120 686 1156 διακρίνας
698 1127 705 1134 ·
729 1120 779 1156 ὕρη
795 1120 896 1156 κιρτώ-

103 1174 156 1196 σας
170 1167 207 1196 εἰς
223 1165 289 1200 ὕψος
299 1186 306 1197 ,
331 1166 379 1192 καὶ
393 1166 482 1197 νάπας
499 1166 635 1197 κοιλάνας,
650 1166 697 1193 καὶ
713 1167 793 1193 πεδία
814 1166 897 1193 ὕπτια

104 1210 156 1236 καὶ
173 1210 281 1236 lci-6:56.:
295 1210 396 1242 δείξας,
419 1211 466 1238 καὶ
482 1211 573 1247 πηγὰς
593 1211 752 1243 ἁναὸλύζειν
775 1213 802 1238 ἐν
823 1211 898 1247 μέσῳ

103 1256 255 1288 κελεύσας,
286 1257 333 1283 καὶ
364 1257 505 1292 ποταμοὺς
539 1257 645 1292 τρέχειν
675 1258 816 1289 ἄπαυστα,
851 1258 898 1284 καὶ

102 1302 189 1328 τᾶλλα
204 1301 253 1327 ὅσα
268 1301 319 1336 γῆν
332 1300 496 1333 καλλωπίζει
510 1301 557 1328 καὶ
570 1301 714 1328 θάλατταν.

105 1401 146 1429 Γν.
167 1401 219 1428 Διά
238 1401 266 1427 τί
289 1400 342 1427 τὸν
357 1400 516 1435 ἄνθρωπον
534 1402 783 1436 προσηγόρευσεν
801 1401 897 1435 Ἀδάμ.

143 1458 222 1485 οὕτω
234 1458 440 1493 δημιουργήσας
454 1458 498 1484 τὸν
512 1458 620 1493 πρῶτον
632 1458 785 1492 ἄνθρωπον,
801 1458 849 1484 καὶ
865 1459 898 1493 τῇ

105 1503 195 1530 εικόνι
211 1504 330 1538 τιμήσας
348 1503 395 1530 καὶ
409 1502 449 1538 τῷ
465 1503 561 1536 πλήθει
581 1503 636 1529 τῶν
651 1502 761 1538 δωρεῶν
781 1503 903 1530 ἀποκλύ-

107 1558 172 1582 σας,
192 1549 298 1584 τίθησιν
312 1548 386 1584 αὐτῷ
405 1549 435 1575 τὸ
448 1549 499 1584 τῆς
512 1548 620 1583 φύσεως
636 1549 736 1584 ὄνομαυ
746 1549 830 1584 ’Δδὰμ
845 1549 899 1584 γὰρ

943 296 1052 322 animali
1076 296 1168 322 videre
1182 299 1234 322 cst.
1252 294 1285 321 Et
1306 298 1406 329 praeter
1429 293 1498 328 lucc,
1523 299 1641 322 mentem
1656 296 1728 323 dedit

943 342 1039 368 (lucem
1061 346 1089 368 et
1105 341 1335 375 gubernatricem,
1352 339 1484 375 sapientia
1502 340 1645 373 imbutam,
1662 341 1728 369 artis

942 387 1031 412 omnis
1056 387 1230 421 scientiaeque
1248 393 1396 420 capacem;
1412 391 1438 413 et
1461 386 1620 413 rationalem
1649 388 1728 414 exhi—

943 431 1000 457 buit
1013 430 1114 457 luteam
1131 434 1258 462 statuam,
1274 437 1354 465 atque
1366 430 1398 458 ad
1414 431 1558 466 imaginem
1574 438 1651 458 suam
1665 439 1729 458 con~

944 475 1069 502 formavit
1083 476 1239 510 pulvereum
1250 476 1437 509 simulacrum,
1462 477 1649 510 imperativam
1662 478 1729 510 vim,

944 523 1058 550 liberum
1075 522 1228 556 arbitrium,
1245 527 1272 550 et
1289 522 1396 557 quidvis
1411 523 1564 550 fabricandi
1582 524 1729 559 potentiam

944 568 1120 595 intcllectuali
1137 569 1338 603 immortalique
1355 570 1452 596 animm
1469 571 1632 597 concedens.
1647 569 1730 597 Dein-

944 615 976 641 de
991 614 1127 641 hominem
1145 615 1308 645 belluarum.
1324 620 1351 641 et
1365 616 1581 650 quadrupedum,
1598 623 1629 643 ac
1645 616 1730 650 repti-

945 659 1042 692 tilium,
1057 660 1228 694 aquatilium,
1243 665 1271 687 et
1298 661 1508 694 amphibiorum,
1533 666 1560 688 et
1580 661 1728 689 volatilium

945 708 1032 734 avium
1049 715 1140 742 regem
1155 709 1308 736 constituit.
1322 709 1392 736 Ante
1409 709 1467 736 haec
1483 714 1583 742 autem,
1596 710 1729 744 quoddam

946 754 1028 780 veluti
1041 754 1270 788 jucundissimum
1288 754 1443 782 cubiculum
1469 755 1585 788 desuper
1608 754 1731 781 extendit

945 798 1054 830 malum,
1072 798 1191 825 siderum
1215 798 1388 826 ammuitates
1416 799 1549 830 inserens,
1573 807 1634 833 quae
1651 806 1729 827 usum

945 843 1024 870 simul
1048 843 1310 878 delectationemque
1337 845 1459 878 praebent
1480 845 1583 871 :solem
1601 845 1667 872 oriri
1686 844 1731 880 ju-

945 892 1012 918 bens
1023 896 1050 918 et
1064 892 1236 924 occumbere,
1252 891 1364 926 diesque
1378 895 1404 918 et
1427 897 1519 919 noetes
1536 892 1653 923 efﬁcere.
1668 900 1732 920 cur-

949 945 1033 970 suque
1048 945 1097 964 suo
1112 942 1233 971 tempora
1251 937 1344 964 metiri
1357 945 1365 970 ;
1380 937 1472 964 ltutam
1486 938 1569 965 minui
1586 942 1612 964 et
1628 939 1730 973 augeri,

947 984 1058 1018 suisque
1074 983 1262 1018 frequentibus
1282 983 1497 1011 revolutionibus
1509 983 1646 1010 delectare
1659 985 1732 1018 pari-

948 1033 999 1060 ter,
1013 1033 1040 1054 et
1061 1035 1181 1055 annuum
1197 1028 1328 1055 circulum
1354 1028 1518 1061 significare.
1532 1027 1591 1055 Jant
1609 1028 1731 1056 tellurem

948 1075 991 1101 hic
1005 1074 1119 1101 inferius
1133 1075 1293 1107 substravit,
1315 1074 1394 1109 eique
1412 1074 1516 1102 varium
1536 1081 1661 1102 ornatum
1683 1075 1733 1102 de-

948 1120 997 1152 dit,
1015 1119 1101 1151 silvis,
1116 1120 1198 1151 arvis,
1215 1120 1355 1155 pratisque
1376 1120 1562 1154 distinguens,
1586 1126 1691 1148 montes
1705 1121 1732 1149 in

948 1164 1129 1192 sublimitates
1147 1173 1275 1197 curvans,
1290 1165 1376 1192 valles
1389 1173 1536 1199 excavans,
1553 1173 1663 1201 campos
1686 1174 1734 1194 su-

949 1212 1027 1246 pinos
1041 1212 1243 1246 aequabilesque
1257 1213 1414 1245 ostendens,
1433 1211 1575 1247 fontesque
1596 1213 1629 1240 de
1649 1213 1735 1241 medi-

950 1258 1026 1284 tullio
1049 1259 1184 1285 scaturire
1202 1258 1311 1292 jubens,
1338 1263 1365 1285 et
1387 1257 1496 1285 flumina
1511 1258 1666 1292 perenniter
1678 1258 1734 1286 dis-

948 1311 1070 1335 currere,
1087 1308 1168 1338 atque
1182 1304 1235 1330 alia
1258 1303 1350 1331 omnia
1379 1307 1512 1338 quotquot
1528 1307 1628 1331 terram
1646 1311 1734 1332 mare-

950 1356 1001 1383 que
1017 1355 1160 1376 exornant.

1037 1405 1082 1433 lll.
1100 1405 1155 1433 Cur
1170 1407 1300 1433 hominem
1318 1406 1488 1440 appellaverit
1502 1406 1646 1434 Adamum.

987 1463 1054 1491 Cum
1069 1463 1108 1490 sic
1123 1463 1239 1497 primum
1261 1462 1396 1489 hominem
1422 1462 1598 1495 condidisset,
1619 1466 1647 1489 et
1669 1462 1736 1489 ima-

951 1508 1023 1543 ginis
1051 1516 1108 1535 sua:
1144 1508 1247 1534 honore
1277 1507 1416 1540 auxisset,
1448 1508 1634 1540 donorumque
1659 1507 1736 1542 copia

951 1555 1098 1585 obruisset,
1119 1560 1215 1579 nomen
1239 1552 1263 1579 ei
1278 1557 1380 1579 natura:
1397 1551 1482 1586 ipsius
1497 1552 1634 1586 proprium
1652 1552 1738 1587 impo-

107 1595 193 1622 αὐτὸν
207 1595 446 1631 προσηγόρευσεν·
470 1595 548 1621 τοῦτο
568 1595 597 1622 δὲ
619 1596 666 1622 τὸν
687 1595 753 1631 χοῦν
775 1595 851 1630 δηλοῖ
866 1597 899 1631 τῇ

952 1601 1005 1628 suit
1020 1609 1026 1633 ;
1040 1600 1139 1627 etenim
1153 1599 1286 1626 Adamum
1303 1598 1477 1633 nuncupavit,
1490 1598 1561 1632 quod
1576 1597 1736 1625 vocabulum

115 1641 250 1676 Ἐϐραίων
266 1642 351 1676 φωνῇ.
364 1641 422 1668 Μία
437 1641 464 1667 δὲ
477 1641 523 1667 καὶ
536 1641 607 1676 αὕτη
621 1641 686 1677 περὶ
701 1641 746 1668 τὸν
759 1641 901 1677 ἄνθρωπον

109 1687 271 1722 κηδεμονία.
301 1687 410 1721 Ἐπειδὴ
433 1687 488 1722 γὰρ
514 1686 610 1721 ἔμελλε
633 1687 770 1719 τοσούτοις
790 1688 903 1722 ἀγαθοῖς

108 1733 301 1768 ὲντρυφήσειν,
321 1733 368 1759 καὶ
392 1733 526 1759 τοσούτων
548 1733 639 1768 ἄρχων
663 1733 834 1768 ἀνηγορεύθη
856 1734 904 1760 καὶ

112 1779 249 1814 βασιλεὺς,
265 1779 309 1806 ἴνα
327 1780 364 1814 μὴ
381 1779 421 1814 τῷ
435 1778 533 1814 πλήθει
547 1779 600 1805 τῶν
617 1779 726 1814 δωρεῶν
740 1779 903 1815 ὑπερμαζή-

111 1834 174 1857 σας,
204 1827 250 1852 καὶ
274 1826 312 1861 τῷ
339 1825 400 1860 ὕψει
422 1826 472 1860 τῆς
495 1826 642 1860 ἡγεμονίας
664 1826 795 1861 ἐπαρθεὶς
818 1835 903 1852 κατα-

112 1871 249 1906 σκιρτήσῃ
263 1871 308 1897 τοῦ
326 1870 479 1903 κτίσαντος,
503 1871 549 1896 καὶ
568 1871 699 1905 μεγίστην
722 1872 754 1897 ἐκ
779 1871 828 1905 τῆς
855 1879 903 1896 τυ-

113 1914 236 1948 ραννίδος
268 1914 452 1948 ἀπενέγκηται
483 1914 606 1948 βλάϐην,
631 1915 702 1941 κατὰ
728 1915 772 1940 τὸν
785 1909 904 1950 ’πρῶτον

111 1960 270 1994 ἀποστάτην
286 1961 387 1986 ἐκεῖνον
401 1960 446 1987 τὸν
461 1961 499 1992 ὡς
521 1960 663 1996 ἀστραπὴν
679 1962 711 1987 ἐκ
726 1962 772 1987 τοῦ
787 1961 903 1996 ούρανοῦ

112 2004 233 2030 πεσόντα
247 2004 280 2030 δι’
292 2005 463 2036 ἀλαζονείαν,
480 2006 637 2039 ἀναγκαίως
647 2007 660 2032 ὁ
676 2007 756 2040 σοφὸς
769 2006 824 2033 τῶν
836 2007 904 2033 ὅλων

114 2050 248 2086 πρύτανις
262 2051 373 2077 κωλύων
388 2051 470 2077 αὑτοῦ
490 2052 534 2078 τὸν
558 2052 638 2086 ὄγκον
653 2053 700 2078 τοῦ
719 2054 903 2088 φρονήματος,

119 2095 207 2131 Ἀδὰμ
224 2097 456 2132 προσηγύρευσεν,
481 2097 524 2124 ἵνα
542 2099 574 2124 ὲκ
589 2099 637 2132 τῆς
659 2100 845 2134 προσηγορίας
862 2100 905 2125 ὲν-

113 2141 185 2168 νοῶν
199 2142 247 2176 τὴν
266 2143 439 2176 συγγένειαν,
454 2143 501 2169 καὶ
522 2143 571 2174 τὰς
586 2145 713 2180 ἀφορμὰς
728 2145 776 2180 τῆς
796 2146 904 2179 φύσεως

113 2186 300 2221 λογιζόμενος,
317 2188 362 2214 καὶ
377 2188 421 2214 τὸν
444 2189 574 2224 πρόγονον
589 2191 652 2224 χοῦν
668 2190 721 2226 πρὸ
736 2190 790 2217 τῶν
804 2191 906 2226 ὀφθαλ-

117 2233 177 2267 μῶν
191 2232 337 2268 θεώμενος,
351 2234 446 2260 ἑαυτὸν
464 2235 512 2268 μὲν
528 2235 658 2270 γνωρίζῃ,
671 2238 811 2272 προσκυνῇ
821 2237 849 2263 δὲ
860 2237 905 2264 τὸν

115 2279 251 2314 τοσαύτην
286 2279 451 2315 εὐπρέπειαν
481 2280 555 2315 αὑτῷ
584 2282 630 2307 καὶ
663 2282 904 2317 μεγαλοπρέπειαν

115 2323 328 2358 δωρησάμενον*
361 2323 430 2358 αὕτη
465 2323 560 2359 πρώτη
591 2325 656 2360 περὶ
685 2325 730 2351 τὸν
759 2326 903 2361 ἄνθρωπον

116 2369 225 2403 ἐδείχθη
241 2369 288 2395 τοῦ
305 2369 422 2405 Ποιητοῦ
445 2369 513 2405 μετὰ
524 2371 574 2404 τὴν
586 2370 764 2405 δημιουργίαν
780 2371 904 2406 πρόνοια’

117 2416 204 2445 οὕτως
220 2414 248 2447 ἐξ
266 2416 352 2450 ἀρχῆς
366 2415 408 2442 οἷὰ
424 2425 466 2447 τις
483 2416 573 2451 πατὴρ
598 2417 645 2442 καὶ
661 2417 751 2451 ἰατρὸς
767 2417 815 2444 καὶ
831 2417 906 2444 διδάο

117 2460 229 2492 σκαλος,
254 2462 365 2496 κοσμῶν
388 2462 455 2497 ὁμοῦ
480 2463 527 2489 καὶ
552 2462 684 2497 ἰατρεύων
708 2463 755 2489 καὶ
774 2463 907 2491 διδάσκων

119 2505 201 2531 αὑτὸν
214 2506 263 2541 τὴν
278 2507 390 2542 ἀρετήν,
407 2508 566 2535 διετέλεσεν.

119 2573 157 2600 Δ⁹.
170 2573 222 2600 Διὰ
233 2574 260 2600 τι
274 2574 330 2609 τὴν
344 2575 471 2610 γυναῖκα
486 2576 521 2602 ἐκ
533 2575 586 2610 τῆς
603 2576 736 2610 πλειφᾶς
751 2575 906 2611 ἐδημιούρ-

476 2620 561 2646 mas.

157 2665 252 2697 Οὕτως
268 2666 348 2693 αὑτὸν
367 2667 518 2700 διαπλάσας
531 2689 538 2701 ,
561 2668 647 2700 οὕτως
670 2668 905 2704 προσαγορεύσας,

122 2711 220 2746 βοηθὸν
237 2712 310 2747 αὐτῷ
334 2713 381 2739 καὶ
405 2714 535 2749 συνεργὸν
559 2715 606 2741 καὶ
627 2714 674 2741 τοῦ
693 2715 751 2750 βίου
780 2714 908 2741 κοινωνὸν

121 2759 295 2793 παραχρῆμα
316 2758 545 2796 ἐδημιούργησεν·
571 2761 621 2787 οὐκ
642 2761 674 2787 ἐκ
699 2760 782 2796 μόνης
804 2760 832 2787 δὲ
859 2760 908 2795 τῆς

122 2801 195 2837 γῆς,
216 2801 254 2833 ὡς
278 2802 322 2828 ἐπ’
341 2803 456 2836 ἐκείνου,
481 2804 612 2839 λαμϐάνει
634 2804 684 2836 τὰς
706 2805 833 2840 ἀφορμὰς
859 2806 908 2840 τῆς

160 2902 168 2918 ¹
189 2901 244 2930 lsa.
258 2909 314 2933 xtv,
331 2902 373 2928 ιε.

953 1648 979 1674 in
1007 1646 1182 1674 Hebraeorum
1210 1646 1298 1680 lingua
1324 1645 1461 1680 pulverem
1488 1644 1633 1679 significat.
1651 1644 1738 1678 Atque

953 1694 1009 1720 haec
1023 1693 1104 1720 etiam
1129 1700 1193 1726 erga
1214 1691 1351 1718 hominem
1371 1690 1540 1724 providentia
1555 1689 1663 1724 807m
1677 1689 1737 1716 fuit.

953 1737 1020 1764 Nam
1038 1737 1100 1771 quia
1123 1736 1206 1762 tantis
1220 1735 1298 1762 bonis
1312 1734 1445 1760 fruiturus
1461 1738 1531 1764 erat,
1551 1738 1645 1767 totque
1661 1740 1739 1760 crea-

953 1787 1076 1810 turarum
1093 1782 1222 1816 princeps
1235 1781 1400 1807 constitutus
1414 1783 1475 1807 erat
1490 1784 1517 1806 et
1529 1787 1588 1812 rex,
1603 1786 1636 1806 ne
1655 1780 1740 1806 done-

954 1836 1013 1855 rum
1027 1827 1202 1855 multitudine
1217 1826 1361 1853 lasciviens
1379 1832 1406 1853 et
1430 1826 1599 1860 principatus
1621 1825 1738 1852 excelsi-

956 1879 1009 1900 tate
1036 1873 1123 1900 elatus
1158 1873 1289 1898 adversus
1315 1871 1473 1898 Creatorem
1500 1871 1623 1906 petulans
1651 1871 1738 1901 ﬁeret,

954 1920 1156 1952 maximumque
1172 1925 1205 1945 ex
1222 1918 1272 1944 hac
1287 1917 1369 1944 veluti
1388 1917 1531 1951 tyrannide
1546 1916 1738 1944 detrimentum

955 1970 1074 1999 caperet,
1093 1971 1168 1991 more
1192 1964 1263 1990 illitts
1279 1963 1359 1997 primi
1383 1967 1527 1996 apostatat,
1549 1962 1595 1996 qui
1611 1966 1739 1996 tanquam

955 2011 1043 2044 fulgur
1064 2010 1197 2043 superbia:
1219 2016 1274 2036 sua:
1297 2016 1379 2035 causa
1403 2007 1472 2035 caelo
1487 2007 1587 2034 excidit
1604 2007 1624 2038 ί,
1645 2014 1741 2034 neces—

956 2056 1028 2083 sario
1055 2057 1165 2089 sapiens
1196 2062 1286 2081 rerum
1313 2054 1433 2081 omnium
1459 2058 1579 2085 curator,
1607 2057 1739 2079 tumorem

957 2102 1041 2136 ipsius
1055 2101 1153 2127 mentis
1169 2101 1360 2135 comprimens,
1377 2100 1510 2126 Adamum
1537 2098 1694 2133 appellavit,
1710 2103 1740 2124 ut

956 2155 988 2175 ex
1002 2147 1112 2174 nomine
1127 2146 1310 2173 coriditionem
1334 2153 1411 2172 suam
1430 2149 1570 2179 reputans,
1589 2149 1615 2171 et
1636 2149 1740 2171 natura

957 2192 1103 2228 primordia
1121 2191 1311 2222 considerans,
1334 2195 1531 2225 parentemque
1555 2196 1633 2216 suum
1650 2189 1742 2223 pulve-

958 2246 1015 2266 rem
1039 2245 1094 2272 prze
1117 2236 1203 2264 oculis
1219 2236 1333 2267 habens.
1354 2241 1383 2262 se
1408 2235 1495 2269 ipsum
1510 2235 1619 2269 quidem
1643 2241 1742 2269 cogno-

958 2289 1056 2315 sceret,
1070 2283 1198 2310 adornret
1210 2285 1300 2307 autem
1311 2280 1398 2313 illum,
1408 2280 1453 2314 qui
1466 2284 1568 2306 tantum
1580 2280 1604 2306 ei
1616 2279 1742 2306 decorem

958 2338 990 2358 ac
1005 2329 1204 2364 speciositatem
1218 2327 1338 2354 donavit.
1357 2326 1446 2353 Prima
1460 2326 1517 2353 haec
1527 2333 1591 2360 erga
1605 2326 1741 2353 hominem

959 2375 1083 2403 Factoris
1096 2377 1157 2409 post
1173 2373 1338 2400 creationem
1353 2371 1524 2406 providentia
1541 2372 1656 2399 exstitit.
1673 2371 1711 2399 Ita
1721 2373 1743 2399 is

957 2423 1012 2457 jam
1027 2421 1088 2448 inde
1101 2421 1136 2447 ab
1152 2420 1240 2450 initio,
1253 2426 1303 2446 ceu
1321 2422 1396 2452 pater
1412 2418 1520 2452 quidam
1536 2422 1563 2444 et
1580 2418 1699 2445 medicus
1715 2424 1743 2444 et

958 2467 1095 2501 magister,
1110 2472 1215 2492 ornans
1231 2464 1310 2492 simul
1325 2468 1353 2491 et
1376 2470 1475 2491 sanans
1491 2464 1676 2497 virtutemque
1695 2462 1744 2490 do-

958 2520 1031 2546 cens,
1044 2519 1073 2539 se
1088 2511 1181 2547 gessit.

1011 2580 1054 2607 IV.
1073 2579 1127 2606 Cur
1151 2580 1284 2606 mulierem
1300 2586 1333 2605 ea:
1353 2579 1402 2605 viri
1418 2578 1498 2605 latere
1519 2578 1684 2612 formaverit.

1002 2670 1146 2704 Postquam
1175 2678 1236 2698 eum
1261 2669 1490 2697 ita'formaverat
1517 2673 1598 2703 atque
1621 2666 1737 2702 appella-

960 2719 1047 2747 verat,
1075 2715 1236 2742 auxiliarem
1252 2715 1338 2742 eidem
1354 2719 1382 2741 et
1402 2712 1612 2748 cooperatricem
1628 2712 1744 2745 vitaeque

961 2760 1079 2788 sodalem
1098 2760 1172 2787 illico
1186 2759 1341 2788 fabricavit.
1362 2759 1440 2787 Haud
1461 2763 1550 2785 tamen
1569 2764 1604 2785 ex
1622 2756 1677 2783 sola
1692 2759 1742 2781 ter-

960 2813 1000 2838 ra,
1019 2806 1089 2833 sicut
1100 2805 1128 2833 in
1144 2805 1201 2840 ipso
1216 2805 1329 2839 fecerat,
1353 2805 1493 2834 materiam
1509 2803 1647 2840 plasmatis
1669 2808 1743 2828 sum-
