1907 3038
198 181 266 209 MSS

691 180 709 207 S
738 179 874 207 CYRILLI
892 179 1126 207 ALEXANDRINI
1147 180 1308 208 ARCHIEP.

1756 180 1823 208 “21

196 241 266 275 psit;
283 239 330 268 sed
346 247 425 267 unam
442 247 474 267 ex
487 239 537 266 viri
549 239 632 267 costis
641 240 761 274 capiens,
772 244 852 274 atque
868 240 918 267 hac
931 246 976 266 ceu

1032 239 1211 270 διαπλάσεως,
1226 238 1293 265 ἀλλὰ
1311 237 1375 273 μίαν
1389 237 1444 264 τῶν
1460 237 1583 273 πλευρῶν
1598 237 1705 263 ἐκείνου
1721 237 1821 268 λαῦὼν,

198 287 254 314 basi
266 290 293 314 et
307 287 482 315 fundamento
497 290 585 319 utens,
601 285 747 314 femineam
768 291 892 314 naturam
905 294 982 314 com-

198 332 306 367 posuit:
327 332 398 359 haud
423 339 490 359 sane
507 332 629 358 materia":
651 332 777 366 penuria,
797 332 853 359 sola
867 332 937 359 enim
954 331 980 359 ei

197 376 325 404 voluntas
345 376 379 403 ad
396 375 516 410 cujusvis
529 376 569 403 rei
583 376 749 404 creationem
766 376 924 409 sufﬁciebat,
934 377 982 404 sed

197 422 259 456 quia
290 420 442 448 concordiae
472 420 607 447 vinculum
637 426 741 448 natura:
763 421 855 448 indere
883 421 978 448 voluit.

197 467 309 495 Hortum
329 473 436 500 quoque
455 467 589 498 conserit,
603 473 719 501 eumque
741 466 839 501 plumis
857 467 980 501 contige-

191 505 239 540 nis
255 513 405 544 exornavit,
430 512 511 546 idque
527 511 714 539 habitaculum
743 513 844 539 homini
869 520 980 540 conces-

196 560 243 591 sit.
259 559 382 594 praebens
399 558 436 585 illi
452 558 561 585 virtutis
579 558 751 590 exercitium,
768 558 838 584 haud
858 557 979 586 laborio-

195 613 255 633 sum
269 612 357 639 neque
374 605 450 631 multi
465 603 573 632 sudoris
587 607 751 639 praeceptum
768 604 920 639 imponens,
933 604 979 631 sed

194 651 316 679 modesto
331 655 404 678 certe
418 650 556 685 perfacile.

368 707 397 734 V.
417 707 472 734 Cur
487 708 511 733 ei
532 707 612 742 legem
628 708 807 734 constituerit.

229 765 295 793 Nam
311 773 371 793 cum
389 766 514 793 omnibus
532 766 604 792 horti
628 766 728 800 plantis
751 766 823 793 vesci
845 772 905 793 eum
924 765 981 798 jns-

193 811 287 842 sisset,
308 811 387 838 unius
400 815 507 844 gustum
526 809 628 843 vetuit;
646 817 734 845 neque
747 810 772 837 id
788 811 876 845 ipsum
892 816 978 838 teme-

194 864 223 885 re
238 856 310 889 fecit,
320 856 366 883 sed
377 860 404 882 ut
418 856 498 883 homo
510 855 630 891 808m.
650 860 787 883 auctorem
802 863 880 883 suum
897 863 980 890 agno-

1032 285 1078 312 καὶ
1091 284 1176 320 ταύτῃ
1192 284 1318 320 καθάπερ
1331 284 1384 311 τινί
1399 283 1511 319 κρηπῖδι
1525 283 1573 310 καὶ
1586 283 1708 319 θεμελίῳ
1721 285 1823 318 χρησά-

1034 339 1123 365 μενος,
1138 330 1187 365 τὴν
1202 330 1360 364 γυναικείαν
1382 330 1464 364 φύσιν
1486 331 1560 356 ποιεῖ
1572 338 1578 344 ·
1594 330 1645 365 οὐχ
1668 329 1737 365 ὕλης
1756 331 1823 356 ἁπο-

1034 375 1088 412 ρίᾳο
1104 376 1171 411 μόνη
1188 375 1244 410 γὰρ
1257 374 1330 409 αὺτῷ
1346 375 1428 410 βουλὴ
1446 375 1513 410 πρὸς
1534 375 1583 410 τὴν
1605 375 1675 401 ὅλων
1692 374 1824 409 δημιουρ-

1032 422 1093 456 γίαν
1111 422 1227 457 ἤρκεσεν
1240 430 1246 436 ·
1260 421 1317 448 ἀλλ’
1333 421 1361 447 ὲν
1376 423 1409 456 τῇ
1431 420 1512 455 φύσει
1527 421 1576 455 τῆς
1598 420 1727 455 ὁμονοίας
1745 419 1824 453 θελή-

1033 475 1082 498 σας
1098 466 1213 493 ἐνθεῖναι
1227 467 1272 492 τὸν
1289 466 1445 501 σύνδεσμον.
1456 466 1568 493 Φυτεύει
1580 466 1627 493 καὶ
1645 465 1822 501 παράδεισον,

1033 512 1079 538 καὶ
1094 513 1186 545 φυτοῖς
1198 511 1280 537 αὑτὸν
1303 512 1473 546 κατακοσμεῖ
1486 511 1634 543 παντοίοις,
1658 511 1710 537 καὶ
1732 511 1824 538 τοῦτον

1033 557 1193 592 ἐνδιαίτημα
1209 558 1248 592 τῷ
1261 557 1399 592 ἀνθρώπῳ
1423 557 1575 592 χαρίζεται,
1599 556 1728 588 δεδωκὼς
1752 557 1824 591 αὑτῷ

1032 602 1182 636 γυμνάσιον
1197 602 1297 637 ἀρετῆς
1313 623 1319 633 ,
1334 602 1444 636 ἐντολὴν
1459 602 1511 628 οὐκ
1536 602 1675 633 ἐπίπονον,
1699 601 1762 627 οὐδὲ
1781 602 1823 635 γὲο

1035 656 1136 682 μονσαν
1154 647 1276 683 ἱδρῶτος,
1291 647 1360 675 ἀλλὰ
1375 648 1447 683 μάλα
1464 648 1648 684 σωφρονοῦντι
1662 649 1773 684 ῥᾳδίαν.

1164 705 1202 731 E‘.
1223 705 1275 732 Διὰ
1293 705 1322 730 τί
1333 705 1426 739 νόμον
1445 703 1525 737 αὑτῷ
1542 705 1686 732 τέθεικεν.

1068 760 1180 786 Πάντων
1196 760 1249 796 γὰρ
1264 760 1317 787 τῶν
1332 760 1422 795 φυτῶν
1441 761 1487 787 τοῦ
1502 761 1668 797 παραδείσου
1692 761 1823 793 κελεύσας

1032 805 1195 838 ἀπολαύειν,
1222 807 1281 838 ἐνὸς
1302 807 1477 842 ἀπηγόρευσε
1506 808 1555 843 τὴν
1578 807 1751 843 μετάληψιν·
1777 808 1823 842 οὐχ

1033 852 1125 884 ἁπλῶς
1139 853 1199 879 οὐδὲ
1218 852 1298 880 τοῦτο
1318 852 1488 888 πεποιηκὼς,
1507 853 1564 879 ἀλλ’
1579 854 1623 880 ἴνα
1645 852 1692 879 τὸν
1709 861 1822 888 πεποιηο

193 908 293 936 sccret,
310 907 391 937 atque
412 902 499 929 instar
512 902 569 937 jugi
585 901 726 935 cujusdam
741 901 826 937 legem
841 900 976 929 Creatoris

1033 897 1098 924 κότα
1114 898 1251 934 γνωρίζῃ,
1267 899 1315 925 καὶ
1327 897 1421 933 ὥσπερ
1439 898 1499 924 τινὰ
1515 898 1597 933 ζυγὸν
1611 899 1661 935 ἔχῃ
1679 899 1728 925 τὸν
1744 899 1822 933 νόμον

194 949 325 980 haberet;
343 952 426 982 utque
440 948 523 975 sciret
544 955 573 974 se
591 947 699 982 quidem
714 947 740 974 in
759 952 831 974 terra
849 955 977 981 regnare,

194 995 240 1022 sed
258 999 347 1021 tamen
365 993 506 1020 Factorem
523 1000 602 1019 suum
619 993 737 1020 vicissim
763 993 813 1020 sibi
832 993 977 1026 dominari,

194 1046 312 1075 prmesse
331 1044 357 1066 et
369 1038 477 1072 subjici,
497 1039 632 1072 imperare
647 1043 675 1065 et
689 1039 828 1074 imperari,
843 1040 943 1067 ducere
953 1045 980 1066 et

194 1086 324 1113 duci.Sed
337 1089 363 1112 et
375 1084 496 1119 alioquin
514 1092 636 1119 congrua
649 1088 691 1111 est
704 1084 882 1112 rationalibus
899 1084 980 1119 legis-

194 1132 257 1159 latio
285 1135 350 1159 :est
365 1131 439 1158 enim
457 1131 600 1158 brutorum
621 1132 760 1165 proprium
777 1131 836 1158 sine
860 1131 918 1166 lege
939 1132 980 1158 vi-

193 1184 266 1203 vere.
292 1176 448 1203 Mandatum
477 1181 567 1203 autem
593 1177 664 1203 circa
688 1183 777 1204 escam
801 1175 917 1203 Creator
941 1177 978 1204 illi

194 1222 331 1256 imposuit,
345 1221 407 1256 quia
425 1222 494 1248 alius
507 1221 627 1255 cujusvis
646 1221 715 1256 legis
731 1226 796 1248 tunc
820 1221 916 1249 inisset
937 1222 979 1248 in-

193 1268 267 1295 utilis
279 1267 352 1294 latio.
380 1268 450 1300 Quid
471 1267 542 1295 enim
557 1268 580 1294 ei
599 1268 740 1294 velandum
766 1269 847 1295 erat?
861 1268 928 1295 Num
945 1277 979 1296 ne

192 1313 443 1348 occideret2Atqui
468 1321 548 1341 nemo
563 1318 633 1347 erat,
652 1315 677 1341 in
694 1321 774 1349 quem
792 1315 879 1342 cwdcs
899 1315 979 1342 cade-

192 1364 243 1387 ret.
260 1359 329 1386 Num
345 1367 378 1386 ne
397 1360 603 1387 ntcecharelur?
618 1360 700 1396 Atqui
727 1369 761 1388 ne
781 1360 803 1388 si
819 1361 898 1388 vellet
915 1362 977 1396 qni-

192 1405 252 1432 dem
268 1406 295 1432 id
308 1409 424 1440 poterat,
438 1412 499 1432 cum
514 1405 565 1431 alia
579 1405 678 1432 femina
693 1413 745 1433 non
761 1412 844 1434 esset.
861 1406 928 1433 Num
946 1414 978 1434 ne

192 1450 351 1479 iuraretur?
373 1450 411 1477 At
432 1450 509 1485 cujus
534 1451 625 1478 bona?
650 1451 753 1479 Cuncta
780 1452 852 1479 enim
879 1453 904 1479 in
920 1453 978 1488 ejus

192 1501 327 1532 potestate
350 1501 438 1523 erant.
459 1496 524 1523 Erat
544 1497 627 1531 igitur
645 1497 689 1524 ille
718 1497 834 1525 mundus
862 1498 977 1532 tempori

193 1549 242 1568 suo
261 1541 436 1574 conveniens,
461 1548 550 1576 neque
576 1543 762 1569 tantummodo
786 1542 838 1569 illis
857 1543 904 1577 qui
925 1544 977 1571 duo

1032 943 1080 971 τοῦ
1090 943 1354 980 δημιουργήσαντος,
1376 946 1419 972 ἵνα
1434 944 1555 979 γινώσκῃ
1569 944 1607 976 ὡς
1622 944 1761 979 βασιλεύει
1776 944 1822 978 μὲν

1031 990 1085 1017 τῶν
1102 991 1130 1016 ἐν
1145 991 1176 1025 τῇ
1194 991 1240 1026 γῇ,
1262 990 1435 1025 βασιλεύεται
1452 991 1480 1017 δὲ
1497 991 1548 1017 ὑπὸ
1564 990 1732 1022 πλάσαντος,
1746 991 1820 1025 ἄρχει

1030 1036 1079 1062 καὶ
1091 1035 1213 1071 ἄρχεται,
1240 1035 1365 1068 δεσπόζει
1383 1037 1430 1063 καὶ
1457 1036 1628 1068 δεσπόζεται,
1646 1036 1758 1071 ἡγεῖται
1777 1036 1820 1062 καὶ

1031 1079 1137 1113 ἄγεται.
1157 1079 1261 1112 Ἀλλως
1282 1080 1311 1107 δὲ
1328 1081 1377 1107 καὶ
1399 1081 1553 1116 πρόσφορος
1569 1082 1586 1117 ἡ
1601 1081 1750 1116 νομοθεσία
1767 1083 1820 1113 τοῖς

1031 1126 1166 1159 λογικοῖς·
1183 1126 1289 1160 ἀλόγων
1311 1127 1366 1162 γὰρ
1391 1127 1456 1154 ίδιον
1472 1127 1504 1154 τὸ
1529 1127 1620 1163 νόμων
1640 1128 1728 1163 χωρὶς
1749 1128 1820 1154 πολι-

1030 1171 1166 1198 τεύεσθαι·
1180 1171 1226 1197 τὸν
1241 1172 1269 1199 δὲ
1284 1173 1348 1208 περὶ
1367 1172 1494 1208 βρώσεως
1507 1173 1588 1208 νόμον
1607 1173 1732 1200 τέθεικεν
1748 1172 1820 1208 αὐτῷ

1030 1216 1044 1242 ὁ
1060 1217 1187 1252 Ποιητὴς,
1204 1217 1298 1253 ἐπειδὴ
1311 1219 1365 1244 τῶν
1379 1217 1466 1244 ἄλλων
1478 1219 1568 1253 νόμων
1587 1219 1603 1254 ἡ
1617 1219 1695 1250 θέσις
1707 1220 1819 1255 περιττὴ

1030 1263 1179 1298 τηνικαῦτα
1193 1261 1236 1298 ἦν.
1255 1263 1287 1289 Τί
1302 1264 1356 1300 γὰρ
1368 1264 1442 1300 αὐτῷ
1455 1264 1501 1290 καί
1514 1265 1703 1300 ἀπαγορεύειν
1717 1265 1818 1300 ὲχρῆν;

1030 1308 1075 1343 Μὴ
1088 1308 1215 1343 φονεῦσαι
1226 1318 1233 1342 ;
1248 1309 1318 1336 Ἀλλ’
1329 1310 1378 1336 οὐκ
1392 1308 1426 1346 ἦν
1439 1311 1453 1337 ὁ
1468 1311 1547 1337 τοῦτο
1561 1311 1734 1346 πεισόμενος.
1744 1311 1820 1338 Ἀλλὰ

1032 1355 1070 1394 μιὴ
1088 1355 1247 1390 μοιχεῦσαι;
1266 1357 1335 1383 Ἀλλ’
1349 1357 1410 1384 οὐδὲ
1424 1357 1565 1393 βουληθεὶς
1581 1356 1636 1389 οἷός
1653 1368 1687 1386 τε
1701 1357 1736 1394 ἦν
1748 1380 1756 1391 ,
1773 1368 1820 1393 γυ-

1030 1390 1123 1432 νᾶικδς
1144 1401 1228 1436 ἄλλης
1249 1402 1299 1428 οὐκ
1313 1401 1407 1438 οὔσης.
1424 1390 1512 1430 ’Ἀλλὰ
1537 1403 1574 1439 μὴ
1591 1390 1766 1439 κλέψασα
1779 1390 1820 1431 ξε-

1029 1455 1088 1480 νος;
1121 1447 1208 1474 Αὐτοῦ
1233 1448 1287 1483 γὰρ
1317 1447 1351 1484 ἦν
1375 1449 1492 1476 ἅπαντα.
1518 1450 1662 1485 Ἀρμόδιος
1689 1450 1780 1478 τοίνυν
1808 1452 1820 1477 ὁ

1029 1493 1131 1528 κόσμος
1144 1495 1247 1525 ἐκεῖνος
1265 1491 1299 1529 ἦν
1314 1495 1353 1529 τῷ
1366 1495 1426 1521 τότε
1444 1495 1542 1530 καιρῷ,
1560 1496 1607 1522 καὶ
1619 1497 1651 1522 οὐ
1670 1497 1753 1530 μόνον
1767 1498 1820 1529 τοῖς

1031 1539 1122 1573 μόνοις
1141 1537 1231 1571 οὖσιν,
1255 1540 1323 1566 ἀλλὰ
1347 1541 1394 1566 καὶ
1421 1541 1536 1573 παιδίοις
1560 1542 1734 1576 ἀρτιγενέσιν
1755 1551 1820 1578 συμ-

193 1587 242 1614 soli
259 1591 347 1619 erant,
365 1594 458 1614 verum
475 1587 556 1614 etiam
583 1588 675 1622 pueris
693 1593 816 1615 recenter
830 1589 901 1617 natis
917 1589 976 1616 ido-
991 1584 1013 1614 C
1030 1584 1140 1611 ϐαίνων.

192 1641 269 1661 nens.

420 1678 462 1706 Vl.
478 1677 516 1705 De
533 1678 631 1705 Adami
645 1679 750 1707 exsilio.

229 1736 282 1763 Sed
301 1740 448 1771 postquam
473 1736 574 1763 invidia
593 1736 705 1769 diaboli,
725 1741 753 1763 et
776 1737 897 1764 mulieris
912 1737 978 1764 sim-

193 1782 316 1817 plicitate
337 1788 459 1809 errorem
486 1781 622 1809 commisit
646 1781 774 1817 (namque
794 1782 864 1810 hanc
885 1787 977 1817 utpote

191 1827 349 1856 debiliorem
369 1826 477 1860 fallens,
495 1828 582 1862 primo
604 1834 652 1861 per
672 1827 771 1862 ipsam,
792 1835 842 1855 ceu
864 1835 976 1862 persna-

192 1874 279 1901 dendo
296 1873 440 1908 aptiorem,
453 1873 587 1900 Adamum
602 1877 701 1901 nostra:
715 1873 810 1901 salutis
826 1874 911 1902 hostis
921 1875 976 1902 cir-

191 1919 349 1955 cumvenit),
362 1919 455 1954 pulsus
479 1919 550 1946 illico
567 1919 693 1953 paradiso
707 1919 811 1952 fuit,'ct
826 1920 859 1947 ad
879 1927 978 1947 corrua-

193 1964 307 1992 turalem
325 1971 401 1991 suam
427 1968 527 1991 terram
541 1964 671 1991 dimissus
688 1969 740 1997 est,
758 1965 862 1998 sudori,
877 1965 974 1998 labori,

190 2016 372 2044 :erumnazque
387 2009 503 2042 deditus,
520 2017 552 2036 ac
566 2009 649 2036 veluti
664 2010 741 2037 freno
762 2010 888 2044 quodam,
904 2011 977 2043 agri-

190 2057 305 2083 culturae
334 2054 437 2088 labore,
457 2055 625 2088 aliorumque
640 2055 703 2082 vitae
719 2055 850 2082 malorum
864 2064 976 2090 perpes-

178 2100 264 2128 ’sione
281 2100 456 2127 constrictus.
472 2100 542 2133 Quia
557 2100 630 2127 enim
647 2100 721 2127 illam
747 2100 838 2128 labore
855 2101 926 2128 omni
943 2109 975 2128 ac

189 2146 282 2173 dolore
297 2146 410 2172 liberam
425 2146 508 2172 vitam
524 2153 576 2172 non
589 2153 650 2172 cum
667 2151 745 2180 grato
759 2146 852 2174 animo
864 2146 972 2179 tulerat,

189 2192 343 2218 calamitate
362 2190 492 2225 deinceps
517 2191 661 2225 implicitus
678 2191 736 2223 fuit,
755 2197 782 2218 nt
802 2197 972 2219 contractum

189 2237 369 2271 prosperitate
395 2237 519 2263 morbum
537 2256 544 2267 ,
569 2235 706 2263 laboribus
725 2237 881 2271 depelleret.
903 2237 971 2264 Tum

188 2283 270 2310 etiam
293 2286 380 2309 morte
399 2281 504 2316 peccati
528 2289 636 2308 cursum
662 2281 801 2317 legislator
818 2283 972 2318 interrupit,

188 2332 214 2353 et
229 2333 337 2361 poenam
354 2325 440 2360 ipsam
455 2325 541 2352 instar
552 2325 701 2353 clementize
714 2327 813 2354 intulit.
825 2328 891 2355 Cum
901 2329 973 2355 enim

191 2368 400 2402 transgressioni
423 2373 537 2395 mortem
561 2369 727 2397 decrevisset
754 2371 906 2406 legislator,
929 2373 972 2400 fa-

190 2419 249 2441 ctus
263 2420 327 2440 vero
352 2418 539 2448 transgressor
561 2415 642 2442 homo
665 2415 692 2442 in
718 2423 777 2444 eam
800 2425 908 2452 pmnam
933 2419 974 2446 in-

188 2459 329 2492 currisset,
353 2467 463 2494 operam
486 2460 530 2487 ille
557 2461 631 2488 dedit
653 2466 682 2488 ut
707 2469 785 2496 pcena
809 2465 834 2490 in
858 2465 972 2493 salutem

188 2508 322 2538 vergeret.
338 2503 462 2538 Namque
477 2504 528 2531 hoc
549 2505 650 2531 animal
669 2513 741 2533 mors
764 2507 899 2540 dissolvit,
916 2517 973 2537 ma-

187 2549 250 2576 litiae
267 2550 401 2577 actionem
419 2550 500 2583 sistit,
514 2550 652 2578 lah0rihus
667 2552 813 2584 subtrahit,
828 2555 972 2582 sudoribus

189 2594 297 2627 liberat,
314 2595 455 2621 doloribus
478 2596 606 2630 curisque
637 2597 728 2631 eripit,
754 2597 835 2626 ﬁnem
850 2601 971 2634 corporis

186 2639 307 2674 809m.
321 2641 433 2674 imponit
453 2642 635 2675 passionihus.
656 2643 741 2671 Tanta
764 2645 890 2672 nitnirutn
917 2647 972 2674 ele-

186 2686 285 2712 ntentia
304 2693 410 2720 prrnant
427 2688 587 2722 temperavit
600 2688 680 2723 judex
694 2690 701 2716 ί

187 2782 241 2811 VH.
258 2784 344 2816 Quam
366 2785 465 2825 ingrati
485 2787 602 2825 heminas
617 2787 728 2820 fuerint,
745 2794 769 2815 el
786 2798 863 2824 quam
879 2794 968 2825 pravi-

424 2824 472 2846 dus
495 2821 573 2854 Deus,
588 2828 723 2850 narratur.

221 2873 274 2901 Sed
295 2875 362 2901 nihil
381 2875 441 2903 inde
463 2884 546 2908 genus
560 2878 699 2904 hominum
722 2879 856 2914 ingratum
876 2890 966 2915 perce—

1157 1678 1202 1710 G’.
1221 1678 1290 1712 Περὶ
1308 1678 1362 1712 τῆς
1379 1679 1498 1713 ἑξορίιις
1515 1680 1569 1707 τοῦ
1589 1680 1688 1715 Ἀδάμ.

1073 1733 1181 1768 Ἐπειδὴ
1194 1733 1220 1760 δὲ
1234 1734 1322 1769 φθόνῳ
1335 1735 1457 1761 διαϐόλου
1467 1756 1474 1766 .
1497 1737 1543 1762 καὶ
1560 1738 1692 1771 γυναικὶς
1709 1739 1818 1775 εὐκολίᾳ

1031 1779 1080 1814 τὴν
1100 1779 1208 1814 ἀπάτην
1233 1780 1342 1812 ἐδέξατο
1365 1781 1477 1816 (ταύτην
1501 1782 1554 1818 γὰρ
1579 1783 1617 1815 ὼς
1641 1784 1821 1820 ἁπαλωτέραν

1031 1825 1192 1859 φενακίσας,
1207 1827 1341 1861 πρότερον
1354 1828 1388 1853 δι’
1402 1829 1496 1863 αὐτῆς,
1511 1829 1549 1861 ὼς
1562 1830 1764 1866 πιθανωτέρας,
1777 1833 1820 1859 τὸν

1038 1870 1122 1905 ’Δδὰμ
1134 1871 1149 1897 ὁ
1160 1871 1209 1904 τῆς
1231 1872 1368 1906 ἡμετέρας
1382 1872 1490 1905 φύσεως
1511 1875 1639 1910 ἀλάστωρ
1656 1877 1818 1912 ἐπολιόρκη-

1031 1916 1099 1946 σεν),
1112 1914 1242 1950 ἐξεϐλήθη
1271 1917 1321 1951 μὲν
1337 1917 1418 1949 εὐθὺς
1432 1918 1479 1944 τοῦ
1497 1920 1674 1954 παραδείσου,
1691 1922 1739 1948 καὶ
1754 1923 1820 1958 πρὸς

1029 1960 1078 1995 τὴν
1093 1961 1213 1996 συγγενῆ
1228 1961 1279 1996 γῆν
1295 1963 1477 1999 παρεπέμφθη
1489 1984 1495 1995 ,
1512 1964 1605 1999 ίδρῶτι
1623 1968 1672 1993 καὶ
1688 1968 1764 2003 πόνῳ
1775 1970 1819 1995 καὶ

1028 2005 1201 2041 ταλαιπωρίᾳ
1221 2007 1440 2043 συγκληρωθεὶς,
1459 2010 1506 2037 καὶ
1518 2008 1573 2038 οἷόν
1592 2020 1645 2038 τινι
1664 2013 1767 2050 χαλινῷ
1786 2017 1816 2052 τῇ

1029 2052 1147 2088 γηπονίᾳ
1171 2052 1217 2079 καὶ
1233 2055 1403 2090 κακοπαθείᾳ
1426 2056 1473 2082 καὶ
1494 2058 1554 2089 ταῖς
1576 2058 1673 2090 ἄλλαις
1694 2060 1742 2087 τοῦ
1761 2061 1817 2096 βίω

1028 2098 1171 2132 πονηρίαις
1192 2099 1363 2133 παραδοθείς,
1381 2100 1424 2132 Ὠς
1439 2101 1493 2137 γὰρ
1517 2103 1566 2138 τὴν
1587 2103 1689 2132 ἄπονον
1711 2106 1818 2142 ἐκείνην

1028 2143 1075 2169 καὶ
1088 2143 1190 2170 ἄλυπον
1204 2145 1253 2171 οὐκ
1265 2145 1383 2179 ἐνεγκὼν
1397 2149 1578 2183 εὐγνωμόνως
1602 2149 1686 2186 ζωὴν,
1710 2154 1744 2187 τῇ
1759 2154 1818 2179 δυσ-

1026 2189 1130 2224 ημερία
1143 2189 1332 2224 συζεύγνυται,
1347 2192 1389 2218 ἵνα
1406 2194 1454 2229 τὴν
1468 2195 1521 2221 ἀπὸ
1533 2196 1584 2230 τῆς
1604 2197 1757 2233 εὐημερίας
1772 2209 1818 2234 φε-

1028 2235 1144 2271 ρομένην
1159 2236 1234 2262 νόσον
1262 2236 1305 2263 διὰ
1320 2238 1374 2265 τῶν
1389 2240 1476 2266 πόνων
1493 2240 1731 2278 ἀποσκευάσηται.
1753 2247 1815 2272 Δια-

1026 2281 1120 2307 κὸπτει
1143 2281 1171 2307 δὲ
1193 2282 1239 2308 καὶ
1264 2283 1371 2319 θανάτῳ
1394 2285 1440 2312 τὸν
1464 2286 1563 2322 δρόμον
1577 2288 1627 2323 τῆς
1644 2290 1783 2324 ἁμαρτίας
1802 2295 1816 2318 ὁ

1024 2326 1190 2361 νομοθέτης,
1218 2328 1264 2353 καὶ
1285 2329 1370 2364 αὐτὴν
1393 2329 1511 2358 δείκνυσι
1528 2332 1577 2368 τὴν
1598 2336 1739 2370 τιμωρὶαν
1756 2339 1815 2372 φιλ-

1023 2371 1193 2408 ανθρωπίαν.
1222 2374 1331 2410 Ἐπειδὴ
1347 2376 1401 2411 γὰρ
1424 2379 1456 2412 τῇ
1478 2380 1635 2414 παραϐάσει
1660 2383 1814 2417 νομοθετῶν

1024 2417 1166 2464 συνέζευξε
1187 2419 1312 2453 θάνατον,
1334 2422 1463 2456 παραϐὰς
1487 2424 1515 2450 δὲ
1531 2425 1583 2451 ὑπὸ
1604 2427 1655 2460 τὴν
1680 2430 1813 2464 τιμωρίαν

1022 2463 1130 2499 ἐκείνην
1151 2465 1269 2498 ἐγένετο,
1300 2467 1437 2502 οἰκονομεῖ
1457 2469 1506 2504 τὴν
1522 2472 1660 2506 τιμωρίαν
1677 2475 1815 2510 σωτηρίαν

1022 2510 1158 2543 γενέσθαι.
1176 2511 1283 2537 Διαλύει
1296 2513 1350 2548 γὰρ
1367 2513 1444 2541 τοῦτο
1460 2515 1490 2541 τὸ
1505 2514 1576 2547 ζῶον
1588 2517 1602 2542 ὁ
1622 2518 1749 2550 θάνατος,
1767 2521 1814 2547 καὶ

1022 2554 1104 2580 παύει
1121 2555 1170 2589 μὲν
1185 2555 1234 2590 τὴν
1251 2556 1301 2590 τῆς
1323 2559 1455 2593 πονηρίας
1469 2560 1621 2594 ἐνέργειαν,
1645 2563 1811 2590 ἀπαλλάττει

1021 2600 1048 2626 δὲ
1065 2601 1163 2631 πόνων,
1181 2602 1227 2628 καὶ
1243 2602 1362 2637 ἱδρώτων
1374 2604 1521 2640 ἐλευθεροῖ,
1540 2605 1628 2638 λύπας
1641 2609 1687 2634 καὶ
1703 2610 1812 2644 φροντί-

1020 2646 1068 2677 δας
1086 2646 1203 2679 ἐλαύνει,
1227 2648 1302 2679 τέ).ος
1316 2650 1372 2680 τοῖς
1389 2650 1436 2676 τοῦ
1452 2650 1578 2686 σώματος
1594 2653 1685 2680 δίδωσι
1701 2655 1810 2683 πάθεσι,

1022 2691 1146 2727 Τοσαύτη
1175 2693 1366 2729 φιλανθρωπία
1395 2695 1445 2730 τὴν
1470 2698 1605 2733 τιμωρίαν
1632 2701 1766 2735 ἐκέρασεν
1798 2703 1812 2728 ὁ

1021 2737 1135 2772 κριτήςί

1021 2794 1055 2820 κ’.
1074 2795 1286 2836 έίήγησις-τῆς
1300 2799 1360 2836 ζῶν
1373 2799 1536 2836 ἀνθρώπων
1553 2801 1745 2835 ἀχαριστίας,
1761 2806 1807 2830 καί

1194 2834 1249 2865 τῆς
1265 2834 1316 2859 τοῦ
1337 2835 1412 2861 Θεοῦ
1429 2834 1616 2870 κηδεμονίας-ξ

1062 2885 1130 2911 Ἀλλ’
1151 2887 1225 2914 οὐδὲν
1239 2890 1362 2918 ἐντεῦθεν
1377 2892 1406 2919 τὺ
1429 2893 1573 2928 ἀχάριστον
1591 2895 1669 2928 γένος
1687 2897 1744 2922 τῶν
1763 2897 1807 2924 ἄν·
