1907 3038
106 160 120 187 ι
125 161 178 189 19.5

692 163 734 191 DE
753 161 1013 191 INCARNATIONE
1033 161 1160 190 οοιιιΝι.

1659 165 1728 192 ηεο

104 218 225 254 θρώπων
243 216 370 245 ἀπώνατο
380 225 387 233 ·
404 218 510 254 μείζοσι
524 219 552 246 δὲ
567 219 775 255 ἀγνωμοσύναις
789 221 835 248 τὸν
850 221 895 247 εὑ-

953 219 986 254 pit
999 220 1142 248 utilitatis:
1157 220 1211 248 imo
1222 225 1250 249 et
1263 221 1407 258 pejoribus
1418 222 1560 250 maleﬁciis
1578 222 1728 251 benefacttr

104 264 222 299 εργέτην
237 263 382 299 ἠμείψατο.
408 263 495 296 Εὐθὺς
511 264 565 300 γάρ
588 265 778 300 ἀδελφοκτονὶα
792 266 894 302 τολμᾶ-

103 318 174 342 ται,
200 310 247 336 καὶ
271 309 385 344 φθόνος,
410 309 459 336 καὶ
481 310 595 345 ψεῦδος,
623 311 766 338 ἀκολασίαι
790 320 819 338 τε
849 313 895 338 καὶ

103 356 267 390 ἀσέλγειαι,
299 355 420 388 ἀδικίαι,
455 357 502 383 καὶ
535 356 744 392 ἀλληλοφονὶαι,
769 358 817 385 καὶ
841 358 895 385 τῶν

103 402 255 438 ἀλλοτρίων
275 403 411 438 άρπαγαὶ,
436 403 483 429 καὶ
505 403 589 430 τᾶλλα
616 404 666 430 ὅσα
692 404 858 439 ἐϐλάστησεν
878 405 895 440 ἡ

104 448 230 484 ἁμαρτία
245 447 327 475 κακά.
349 448 420 475 Ἀλλ’
436 448 495 475 οὐδὲ
509 448 596 481 οὕτως
622 448 637 474 ὁ
657 449 774 485 Ποιητής
793 450 825 485 ἢν
843 449 897 476 διέ-

104 493 213 520 πλασεν
228 493 417 529 ἀπηγόρευσεν
433 494 513 528 φύσιν
524 503 530 509 ·
545 495 633 529 σοφῶς
647 495 676 522 δὲ
689 495 755 522 αὐτὸ
775 495 822 522 καὶ
843 495 896 523 δια-

104 538 200 574 φόρως
219 539 354 570 ἐτέλεσεν,
371 539 515 575 ἰατρεύων,
534 539 678 575 ἐπιτιμῶν,
694 540 828 574 ἐγκαλῶν,
843 541 896 567 εἰσ-

103 584 260 620 ηγούμενος
278 584 308 611 τὸ
333 585 402 617 δέον,
422 585 624 620 συμϐουλεύων,
642 585 769 618 ἀπειλῶν,
786 586 896 620 ἐπάγων

103 629 158 665 τὴν
172 630 297 666 ἀπειλὴν,
313 630 435 663 κολάζων
444 631 508 663 τοὺς
520 632 667 666 πονηροὺς,
682 631 821 666 στεφανῶν
834 633 897 663 τοὺς

103 676 229 710 ἀγαθοὺς
240 697 247 706 .
268 676 316 703 καὶ
330 676 376 703 τὸν
392 676 442 712 μὲν
463 677 659 712 ἀνακηρύττων
672 698 679 710 ,
696 678 742 704 τὸν
765 677 794 704 δὲ
815 686 896 712 μεταο

104 721 194 753 τιθεὶς
205 742 214 754 ,
229 721 275 748 τδν
289 721 317 748 δὲ
335 721 408 757 ξύλῳ
426 722 496 758 μετά
508 723 554 749 τοῦ
569 723 664 757 γένους
679 722 829 755 διασώζων,
850 723 897 749 καὶ

106 767 247 802 σπινθῆρα
264 768 299 803 τῇ
323 766 402 802 φύσει
424 767 569 804 διατηρῶν,
585 767 738 800 ἐπικλύζων
765 767 815 803 τὴν
832 768 896 802 γῆν,

104 811 272 848 διαφθείρων
289 811 366 839 ὕδατι
381 813 444 844 τοὺς
458 813 577 848 ἐργάτας
589 815 639 849 τῆς
652 813 794 849 πονηρίας,
807 813 896 845 αὔξων

104 855 188 889 αὖθις
201 858 232 885 τὸ
245 857 414 894 ἀνθρώπινον
427 858 521 893 γένος,
539 860 666 894 μερικατς
679 859 829 894 τιμωρίαις
840 867 896 885 κοι-

946 271 1002 291 rem
1019 270 1208 294 remuneratus
1221 271 1274 295 est.
1299 268 1396 295 Statim
1415 268 1488 295 enim
1506 267 1633 296 fraternae
1649 270 1729 297 caedis

946 309 1062 343 facinus,
1083 311 1194 345 invidia,
1212 313 1394 347 mendacium,
1413 314 1635 349 intemperantia,
1655 315 1730 342 luxu-

945 355 1003 388 rim,
1017 355 1134 390 injuriae,
1150 361 1249 384 mutum
1264 359 1425 392 occisiones,
1446 359 1540 386 aliena:
1557 360 1596 387 rei
1616 360 1730 394 rapina»,

945 405 973 428 et
990 401 1041 428 alia
1053 401 1204 435 hujusmodi
1220 410 1279 436 quae
1298 409 1437 438 peccatum
1453 405 1560 440 peperit
1574 405 1656 432 mala.
1675 406 1730 433 Sed

947 453 980 473 ne
997 447 1037 474 sic
1051 447 1158 481 quidem
1175 455 1254 483 quam
1268 449 1434 477 formaverat
1453 450 1553 485 abiecit
1566 451 1637 479 Deus
1650 455 1732 478 natu-

947 499 1004 518 ram
1020 501 1026 519 :
1042 494 1089 520 sed
1114 493 1186 521 varia
1204 495 1338 528 sapientia
1364 495 1396 522 ad
1421 503 1482 523 eum
1501 496 1581 523 ﬁnem
1599 504 1663 523 usus
1678 501 1730 526 est.

947 538 1057 566 medens
1080 537 1195 571 scilicet.
1214 538 1371 574 increpans,
1391 541 1538 574 incusans,
1555 541 1588 568 ad
1614 541 1730 569 oliicium

946 582 1083 616 erudiens,
1100 584 1212 611 consilia
1238 591 1387 619 suggerens
1401 605 1409 618 ,
1433 587 1601 614 comminans
1615 605 1623 619 ,
1645 587 1732 614 minas

948 629 1018 662 ipsas
1034 630 1061 656 in
1076 636 1132 656 rem
1149 630 1302 663 conferens,
1326 631 1412 658 malos
1428 632 1561 667 puniens,
1569 632 1655 660 bonos
1671 640 1731 659 mu-

947 681 1055 707 nerans,
1069 680 1096 702 et
1117 675 1198 702 alium
1228 675 1335 710 quidem
1363 676 1445 704 laude
1463 684 1576 709 ornans,
1595 677 1677 704 alium
1700 677 1733 704 de

947 719 1046 746 mundo
1065 720 1240 753 transferens,
1255 721 1337 748 alium
1357 729 1419 749 arca
1437 722 1527 757 lignea
1548 730 1610 750 cum
1633 730 1733 758 genere

947 764 1063 798 salvans,
1077 769 1106 792 et
1126 769 1229 793 natum
1250 766 1399 793 scintillam
1420 774 1612 801 conservans;
1632 773 1732 796 terram

947 811 1046 838 diluvio
1059 811 1187 844 obruens,
1206 817 1234 838 et
1247 812 1375 846 nequitiae
1390 818 1551 847 operatores
1567 814 1646 848 aquis
1667 821 1733 848 prae-

949 855 1056 889 l'ocaus;
1075 856 1256 891 multiplicans
1274 864 1372 884 rursus
1398 858 1550 885 humanum
1566 865 1663 894 genus,
1677 859 1734 886 sin-

103 902 158 935 νὰς
178 903 298 939 ἰατρείας
314 903 485 939 ποιούμενος,
503 904 594 936 πόλεις
609 905 747 936 ἀσεϐείαις
772 903 897 936 συζώσας

953 901 1087 936 gularibus
1103 902 1191 936 poenis
1215 903 1356 937 generales
1371 903 1492 931 medelas
1509 904 1625 936 faciens,
1640 904 1732 931 civita-

105 949 177 984 πυρὶ
201 949 380 984 καταφλέγων
396 949 530 986 οὐρανίῳ,
545 950 591 977 τὸν
608 951 656 977 σὺν
671 951 764 982 αὐτοῖς
790 950 840 985 μὲν
858 951 897 976 οἰ-

105 994 229 1026 κοῦντα,
243 995 292 1029 τῆς
309 994 332 1022 δ’
351 995 476 1027 ἀσεϐείας
491 995 521 1022 οὐ
540 994 730 1027 κοινωνοῦντα,
747 994 798 1030 τῆς
813 1003 898 1029 τιμω-

107 1040 172 1076 ρίας
194 1040 353 1076 ἐλευθερῶν,
372 1041 528 1076 εὐετηρίαις
544 1040 714 1076 δωρούμενος
726 1061 733 1073 ,
760 1041 790 1067 ὲν
810 1040 898 1076 καιρῷ

105 1084 188 1111 ὑετὸν
209 1084 407 1120 χαριζόμενος,
434 1085 524 1117 αῠξων
546 1085 674 1121 ἀρρήτως
694 1086 728 1112 τά
750 1084 826 1121 παρά
843 1084 898 1111 τῶν

105 1129 261 1165 ἀνθρώπων
277 1130 500 1165 καταϐαλλόμενα
518 1130 673 1166 σπέρματα,
690 1130 804 1165 καρπῶν
815 1129 897 1164 ἀφθο-

107 1175 170 1207 νίας
207 1175 299 1210 βρύειν
323 1175 356 1202 τά
385 1175 479 1211 δένδρα
504 1175 637 1208 κελεύων,
670 1175 742 1211 λιμῷ
765 1175 899 1202 παιδεύων

106 1219 173 1252 τοὺς
196 1220 273 1246 οὐδὲν
296 1221 329 1247 ὲκ
354 1221 404 1255 τῆς
429 1221 556 1256 εὐθηνίας
581 1221 783 1257 ὠφεληθέντας,
805 1221 899 1253 νόσους

107 1266 233 1300 ἐπάγων,
249 1266 297 1293 καὶ
317 1266 399 1293 πάλιν
413 1266 513 1298 ταύτας
528 1267 658 1300 ἐλαύνων,
679 1267 900 1303 χαλασφενδονῶν

107 1310 170 1342 τὰς’
181 1311 231 1346 τῆς
255 1310 326 1346 ζωῆς
349 1312 477 1347 ἀφορμάς
488 1332 495 1344 ,
513 1311 622 1346 νέφεσιν
636 1313 746 1348 ἀκρίδος
761 1313 806 1340 τὸν
826 1313 900 1348 ἥλιον

108 1353 242 1390 κρύπτων
252 1354 299 1381 καὶ
313 1355 376 1387 τοὺς
388 1356 511 1391 καρποὺς
523 1356 694 1392 διαφθείρων
712 1357 797 1384 νεύων
811 1356 898 1390 αὖθις,

109 1399 161 1426 καὶ
185 1401 220 1426 τὰ
242 1401 351 1436 λυπηρά
375 1402 567 1436 μεταϐάλλων,
592 1404 656 1435 τοὺς
687 1404 736 1439 τὴν
760 1405 900 1432 εὐσέϐειαν

109 1445 310 1480 ἀγαπήσαντας
326 1446 375 1473 οὐκ
390 1446 442 1473 ὲῶν
454 1468 462 1480 ,
479 1448 526 1474 καὶ
538 1448 642 1480 τούτοις
665 1449 835 1484 φαινόμενος,
853 1451 901 1477 καὶ

110 1489 227 1523 φιλικῶς
241 1490 441 1526 διαλεγόμενος,
466 1492 513 1518 καὶ
527 1492 571 1518 διά
586 1492 687 1519 τούτων
708 1493 900 1528 προσημαίνων

109 1537 148 1564 τὰ
166 1537 306 1573 μέλλοντα.

111 1592 155 1619 ﬂ'.
178 1593 242 1620 ὀτι
263 1595 486 1628 φιλανθρωπίας
507 1596 589 1630 γέμει
615 1598 632 1630 ἡ
657 1598 709 1622 τοι)
726 1597 799 1623 Θεοῦ
815 1598 901 1624 ἐναν-

426 1631 525 1664 θρὼπη
529 1640 589 1664 σις.

158 1685 265 1720 Ἐπειδὴ
294 1686 322 1711 δὲ
355 1686 461 1719 ταῦτα,
499 1687 546 1713 καὶ
567 1688 649 1714 τᾶλλα
679 1689 713 1714 τὰ
742 1689 826 1723 μυρία
856 1690 903 1715 καὶ

111 1730 280 1766 δυσδιήγητα
296 1730 346 1766 τῆς
361 1730 436 1762 θείας
457 1731 614 1767 οἰκονομίας
643 1733 699 1767 εἴδη
728 1733 833 1767 ὀλίγους
855 1734 904 1768 μὲν

113 1777 310 1812 εὐηργέτησεν,
326 1777 351 1803 οἰ
366 1777 395 1803 δὲ
410 1777 500 1804 λοιποὶ
509 1778 564 1805 τῶν
580 1778 733 1814 ἀνθρώπων
744 1779 904 1814 ἀνηκέστως

112 1823 255 1855 διέκειντο,
272 1823 332 1849 τότε
346 1823 388 1859 δὴ,
399 1823 460 1850 τότε
474 1824 505 1850 τὸ
521 1825 592 1859 μέγα
606 1825 654 1851 καὶ
667 1824 786 1860 ἄρρητον
798 1826 903 1860 γίνεται

112 1869 166 1904 τῆς
187 1869 341 1904 οἰκονομίας
364 1870 530 1905 μυστήριον·
546 1870 628 1902 αὐτὸς
641 1871 696 1905 γὰρ
717 1871 731 1896 ό
752 1871 838 1905 Λόγος
856 1871 903 1898 τοῦ

117 1912 201 1946 Θεοῦ,
218 1914 232 1939 ό
246 1913 411 1950 δημιουργὸς
427 1914 535 1950 ἀπάσης
556 1915 606 1950 τῆς
622 1916 746 1947 κτίσεως,
761 1917 775 1942 ὸ
791 1916 903 1952 ἀχώρη-

113 1968 161 1991 τος
173 1979 181 1991 ,
195 1959 209 1985 ό
223 1960 427 1996 ἀπερίγραπτος
440 1983 447 1994 ,
465 1961 480 1987 ό
503 1960 684 1992 ἀναλλοίωτος
695 1981 702 1993 ,
717 1962 733 1996 ἡ
759 1962 833 1997 πηγὴ
855 1962 903 1996 τῆς

113 2005 208 2040 ζωῆς,
228 2005 260 2032 τὸ
277 2006 309 2032 ὲκ
326 2006 372 2032 τοῦ
391 2006 479 2040 φωτὸς
497 2006 555 2040 φῶς
569 2026 576 2037 ,
600 2007 616 2041 ἡ
639 2005 715 2038 ζῶσα
731 2007 776 2033 τοῦ
798 2007 904 2042 Πατρὸς

113 2050 209 2083 εἰκὼν,
234 2051 264 2078 τὸ
284 2051 454 2087 ἀπαύγασμα
476 2053 527 2087 τῆς
544 2052 633 2087 δόξης,
654 2053 668 2078 ὁ
692 2052 835 2088 χαρακτὴρ
854 2053 904 2087 τῆς

114 2097 304 2129 ὑποστάσεως,
327 2097 376 2133 τὴν
399 2097 572 2133 ἀνθρωπείαν
594 2098 676 2132 φύσιν
703 2098 902 2134 ἀναλαμϐάνει,

116 2142 167 2168 καὶ
188 2143 238 2178 τὴν
261 2142 364 2169 οἰκείαν
388 2143 481 2170 εἰκόνα
507 2145 626 2170 νεοποιεῖ
646 2145 679 2179 τῇ
707 2144 830 2180 ἁμαρτία
847 2144 903 2171 δια-

117 2186 280 2221 φθαρεῖσαν,
297 2187 401 2214 καὶτὸν
419 2188 564 2223 ἀνδριάντα
578 2188 622 2214 τὸν
638 2188 690 2215 ὑπὸ
711 2188 757 2216 τοῦ
779 2189 838 2215 υίοῦ
856 2190 904 2225 τῆς

950 952 990 975 tes
1003 948 1151 975 sceleribus
1166 949 1268 976 deditas
1284 949 1345 983 igne
1366 956 1484 976 exurens
1500 950 1603 977 cmlesti
1622 957 1630 982 ;
1646 950 1732 977 virum

949 993 1055 1021 illarum
1067 994 1173 1029 quidem
1190 994 1319 1027 incolam,
1338 995 1384 1022 sed
1397 995 1535 1023 scelerum
1550 995 1660 1022 minime
1676 1003 1734 1029 par-

950 1040 1068 1074 ticipem,
1082 1046 1168 1074 poenre
1181 1040 1322 1075 eripiens:
1338 1047 1450 1068 annuos
1468 1046 1619 1076 praventus
1642 1048 1736 1076 suppe-

950 1085 1048 1118 ditans,
1064 1085 1176 1112 imbrem
1192 1090 1343 1120 opportune
1363 1086 1491 1120 largiens,
1511 1093 1615 1121 augens
1633 1093 1736 1113 arcano

950 1131 1029 1158 tnodo
1038 1130 1110 1165 jacla
1124 1131 1157 1158 ab
1169 1131 1324 1158 hominibus
1331 1131 1445 1165 semina,
1457 1131 1594 1159 fructuum
1610 1131 1736 1159 ubertate

950 1177 1061 1204 arbores
1073 1176 1211 1204 luxuriare
1224 1177 1332 1212 jubcns,
1359 1177 1429 1205 fame
1448 1177 1594 1211 aliquando
1606 1176 1736 1204 erudiens

951 1221 1010 1249 illos
1023 1229 1090 1257 quos
1112 1222 1276 1250 abundantia
1293 1231 1344 1250 non
1371 1223 1493 1258 juveral,
1509 1223 1618 1250 morbos
1634 1222 1736 1249 immit-

952 1273 1020 1301 tens,
1037 1272 1117 1303 atque
1139 1268 1187 1296 hos
1208 1276 1303 1296 rursus
1322 1268 1478 1304 depellcns;
1494 1267 1626 1304 grandine
1638 1267 1736 1295 verbe-

952 1320 1015 1340 rans
1038 1313 1095 1340 t'ilaz
1117 1313 1255 1347 subsidia;
1280 1313 1444 1340 locustarum
1465 1312 1566 1340 nimbis
1582 1311 1668 1339 solem
1688 1311 1737 1339 ob~

951 1366 1074 1390 scuratts,
1093 1358 1236 1394 frugesque
1254 1366 1446 1394 corrumpens;
1467 1359 1560 1386 favens
1578 1358 1688 1389 iterum.
1709 1361 1736 1384 et

952 1404 1089 1431 molestias
1104 1410 1239 1437 avertens,
1268 1404 1408 1439 religiosos
1431 1405 1553 1433 homines
1581 1411 1634 1432 non
1663 1403 1737 1431 dese~

953 1456 1025 1481 reus,
1043 1449 1085 1476 Itis
1102 1449 1183 1476 etiam
1209 1457 1353 1484 apparens,
1372 1451 1458 1478 amice
1481 1450 1651 1485 colloquens,
1675 1456 1736 1484 per-

953 1502 1004 1528 que
1024 1495 1072 1522 hos
1088 1494 1178 1522 futura
1191 1497 1366 1530 portendens.

1517 1578 1522 1587 .

955 1591 1018 1618 Vlll.
1039 1591 1116 1624 Quod
1133 1601 1261 1620 summam
1288 1595 1449 1632 detttoqslrat
1469 1584 1638 1632 ‘clie'menu'am
1653 1590 1739 1623 incar-

1271 1631 1343 1655 natio
1366 1629 1423 1656 Det'.
1461 1638 1465 1641 '

990 1684 1134 1720 Postquam
1151 1693 1214 1713 vero
1235 1690 1290 1712 ttttn
1306 1687 1362 1713 haec
1378 1690 1433 1714 tum
1450 1686 1502 1714 alia
1518 1687 1659 1715 innumera
1676 1688 1736 1715 vix-

953 1738 1006 1765 que
1031 1729 1147 1758 eﬂ‘abilia
1176 1731 1272 1758 tlivinze
1295 1731 1472 1766 providentia‘
1489 1732 1609 1766 810m.
1627 1740 1736 1767 genera,

953 1776 1046 1810 paucis
1070 1776 1167 1811 oppido
1189 1776 1360 1810 profuerunt,
1384 1776 1481 1811 reliqui
1501 1781 1592 1804 autem
1612 1777 1738 1805 homines

954 1821 1116 1848 insanabiles
1130 1822 1335 1856 permanebant,
1353 1826 1416 1849 tunc
1428 1822 1536 1849 demum
1555 1829 1682 1857 maguum
1701 1827 1739 1849 at-

953 1873 1006 1901 que
1030 1866 1165 1893 ineffabile
1190 1871 1328 1901 peractum
1348 1866 1398 1893 fuit
1414 1867 1612 1894 incarnationis
1639 1872 1739 1902 myste-

954 1913 1034 1939 rium.
1057 1912 1143 1946 lpsum
1160 1912 1231 1939 enim
1252 1911 1299 1939 Dei
1318 1912 1446 1945 Verbum,
1462 1913 1500 1940 rei
1514 1913 1646 1939 universa:
1660 1919 1737 1939 crea-

955 1963 988 1985 tae
1005 1962 1112 1989 auctor.
1134 1957 1283 1985 immensus
1307 1957 1368 1989 ille,
1391 1958 1664 1992 incircumscriptus,
1687 1958 1738 1985 im-

953 2003 1101 2036 mutabilis,
1118 2003 1179 2030 vitae
1199 2002 1270 2036 fons,
1288 2003 1378 2030 lumen
1397 2003 1430 2030 de
1448 2004 1558 2036 lumine,
1576 2003 1636 2030 viva
1652 2002 1739 2030 Patris

954 2050 1053 2084 imago,
1070 2048 1196 2084 splendor
1213 2049 1314 2084 gloriae,
1332 2049 1417 2083 ﬁgura
1430 2049 1588 2076 substantias
1603 2049 1625 2081 ',
1643 2049 1739 2076 huma-

956 2102 1017 2121 nam
1045 2100 1170 2122 naturam
1198 2095 1353 2129 assumpsit,
1379 2095 1570 2130 propriamque
1596 2095 1739 2128 imaginem

955 2146 1067 2175 peccato
1084 2145 1237 2175 corruptam
1255 2141 1425 2173 instauravit,
1441 2144 1557 2167 statuam
1573 2147 1587 2166 a
1612 2139 1668 2166 ﬁlio
1688 2139 1740 2166 ini-

957 2188 1072 2222 quitatis
1087 2187 1256 2220 antiquatum
1280 2187 1428 2218 renovavit,
1456 2191 1482 2213 et
1502 2185 1592 2220 priore
1611 2186 1741 2220 pulchrio-

116 2233 251 2268 qupla;
266 2233 454 2259 παλαιωθέντα
469 2234 586 2267 ἀνανεοῖ,
602 2235 648 2261 καὶ
663 2234 709 2261 τοῦ
729 2235 837 2271 πρώτου
855 2245 903 2271 χα-

957 2241 1012 2260 rem
1028 2233 1156 2265 ostendit,
1176 2233 1246 2259 hattd
1260 2232 1315 2266 jam
1337 2240 1369 2259 ex
1385 2237 1468 2265 terra,
1481 2236 1510 2258 ut
1521 2231 1596 2263 olim,
1613 2239 1671 2258 eam
1685 2231 1740 2258 for-

118 2279 258 2313 ριέστερον
279 2279 424 2310 δείκνυσιν,
443 2279 493 2306 οὐκ
508 2279 562 2306 ἀπὸ
584 2279 636 2313 γῆς
656 2280 692 2312 ὡς
710 2281 793 2307 πάλαι
811 2281 906 2308 τοῦτον

116 2324 343 2360 δημιουργήσας,
369 2324 426 2352 ἀλλ’
451 2325 533 2356 αὐτὸς
555 2326 789 2361 καταδεξάμενος·
808 2328 837 2353 οὐ
857 2328 906 2362 τὴν

117 2369 195 2396 θείαν
207 2370 287 2405 φύσιν
299 2372 340 2403 είς
352 2371 526 2406 ἀνθρωπείαν
538 2371 710 2406 μεταϐαλὼν,
721 2372 788 2398 ἀλλὰ
800 2373 832 2407 τῇ
847 2372 906 2408 θείᾳ

117 2414 169 2450 τὴν
186 2414 357 2450 ἀνθρωπείαν
372 2416 493 2450 συνάψας
504 2424 511 2432 ·
530 2416 617 2451 μένων
640 2417 695 2451 γὰρ
711 2416 726 2442 ὃ
750 2414 794 2452 ἦν,
812 2417 906 2443 ἐλαϐεν

117 2459 134 2486 ὃ
158 2460 208 2487 οὐκ
233 2459 284 2496 ἦν’
316 2462 363 2488 καὶ
386 2462 465 2489 τοῦτο
488 2463 561 2497 ἡμᾶς
590 2461 709 2489 διδάσκει
733 2462 747 2488 ὀ
773 2463 907 2498 μακάριος

119 2506 226 2538 Παῦλος
242 2506 311 2542 βοῶν
323 2515 329 2521 ·
349 2517 358 2533 ι
376 2507 461 2535 Τοῦτο
481 2507 633 2543 φρονείσθω
649 2508 677 2534 ἐν
697 2508 771 2542 ὑμῖν,
785 2508 802 2534 ὃν
813 2509 859 2535 καὶ
879 2511 909 2534 ἐν

120 2552 233 2588 Χριστῷ
253 2553 340 2589 Ἰησοῦ
353 2573 361 2586 ,
381 2553 411 2586 ὃς
432 2554 462 2581 ὲν
490 2555 581 2589 μορφῇ
603 2554 670 2581 Θεοῦ
695 2554 842 2589 ὑπάρχων,
860 2555 908 2589 οὐχ

85 2613 89 2617 μ
121 2598 272 2634 ἁρπαγμὸν
289 2599 412 2634 ἡγήσατο
435 2599 467 2625 τὸ
483 2597 553 2626 εἶναι
579 2600 624 2626 ἴσα
638 2599 708 2635 Θεῷ,
731 2600 789 2627 ἀλλ’
814 2601 909 2626 ἑαυτὸν

120 2644 238 2672 ὲκένωσε
253 2665 260 2675 ,
278 2645 384 2681 μορφὴν
404 2645 499 2672 δούλου
515 2644 614 2672 λαϐών.
634 2655 643 2671 ι
669 2646 714 2678 Ἐξ
731 2644 769 2673 ὦν
784 2646 905 2681 εὔδηλον,

120 2690 159 2721 ὤς
176 2690 193 2725 ἡ
209 2689 256 2716 τοῦ
277 2690 345 2718 Θεοῦ
369 2690 479 2726 μορφὴ,
498 2691 616 2725 μένουσα
637 2691 651 2718 ὃ
673 2689 717 2727 ἦν,
744 2692 824 2718 ἔλαϐε
858 2692 908 2726 τὴν

120 2735 215 2762 δούλου
234 2737 353 2772 μορφήν·
374 2738 481 2772 μορφὴν
503 2737 531 2764 δὲ
548 2738 627 2764 καλεῖ
650 2739 680 2764 οὐ
698 2739 728 2764 τὸ
748 2739 908 2772 φαινόμενον

124 2781 203 2815 μόνον
230 2781 278 2807 τοῖ’)
304 2782 457 2816 ἀνθρώπου,
483 2782 550 2808 ἀλλὰ
577 2783 667 2809 πᾶσαν
690 2785 737 2816 τὴν
767 2783 909 2818 ἀνθρώπου

164 2872 174 2886 ¹
188 2870 269 2898 ΙΙι-ιιτ.
289 2879 307 2902 ι,
321 2872 346 2898 5.
386 2872 395 2887 ³
416 2871 529 2905 Philipp.
549 2879 578 2904 ll,
597 2871 655 2899 5-7.

957 2287 1044 2312 malis,
1061 2280 1107 2306 sed
1130 2280 1242 2313 ipsemet
1258 2280 1284 2305 in
1301 2285 1331 2305 se
1352 2278 1508 2312 recipiens:
1526 2277 1599 2304 battd
1618 2284 1683 2303 sane
1701 2277 1741 2303 di-

956 2325 1045 2352 vinam
1062 2331 1186 2352 naturam
1204 2324 1230 2351 in
1248 2324 1394 2351 ltumanam
1409 2327 1581 2354 convertens,
1604 2323 1649 2350 sed
1672 2322 1740 2348 divi-

957 2379 996 2399 na:
1009 2372 1154 2399 humanam
1173 2371 1312 2405 copttlans.
1329 2370 1439 2397 Maneus
1453 2369 1525 2397 ettim
1543 2369 1614 2403 quod
1630 2372 1699 2401 erat,
1716 2368 1741 2395 id

957 2418 1027 2452 quod
1041 2425 1097 2445 non
1110 2423 1169 2445 erat
1189 2418 1316 2452 suscepit.
1334 2416 1420 2450 Quam
1441 2423 1496 2442 rem
1519 2423 1566 2443 nos
1583 2415 1662 2442 (locet
1683 2414 1742 2442 bea-

958 2467 1001 2488 tus
1018 2461 1116 2488 Paulus
1129 2462 1266 2488 clamans:
1288 2470 1297 2487 ι
1313 2461 1369 2488 Hoc
1383 2461 1480 2488 sentite
1495 2460 1521 2487 in
1538 2459 1614 2487 vobis
1629 2459 1702 2494 quod
1716 2462 1743 2486 et

958 2507 984 2532 in
1007 2505 1118 2533 Christo
1133 2506 1207 2538 Jcsu,
1224 2507 1268 2540 qui
1287 2513 1347 2533 cum
1366 2506 1392 2533 itt
1408 2505 1495 2533 forma
1513 2505 1560 2532 Dei
1584 2508 1666 2536 esset,
1689 2511 1741 2531 non

961 2551 1081 2585 rapinam
1097 2553 1244 2580 arbllratus
1256 2556 1298 2580 est
1312 2559 1372 2579 esse
1395 2559 1425 2579 se
1456 2551 1586 2586 aequalem
1610 2550 1676 2583 Deo,
1692 2550 1739 2577 sed

958 2598 1133 2631 semetipsum
1155 2598 1314 2630 exinanivit,
1329 2597 1443 2624 formam
1454 2597 1525 2624 servi
1539 2597 1675 2631 accipiens
1688 2595 1708 2622 ³,
1731 2605 1740 2620 ι

961 2642 1038 2670 Unde
1053 2647 1137 2677 patet,
1147 2642 1193 2670 Dei
1209 2643 1322 2670 formam
1334 2644 1360 2669 in
1376 2650 1408 2670 eo
1419 2644 1490 2678 quod
1506 2648 1565 2670 erat
1579 2645 1742 2672 manentem,

962 2689 1034 2716 servi
1058 2688 1172 2715 fortnam
1195 2689 1354 2722 sumpsisse.
1372 2689 1498 2715 Formam
1514 2693 1602 2714 autem
1625 2686 1741 2721 appellat

963 2743 1014 2762 nott
1028 2735 1053 2761 id
1067 2734 1251 2761 tantummodo
1262 2734 1377 2760 hominis
1389 2733 1459 2766 quod
1471 2733 1739 2769 apparet,sedtotam

964 2788 1074 2815 prorsus
1091 2780 1206 2807 hominis
1231 2784 1364 2807 naturam.
1390 2779 1456 2806 Nam
1477 2779 1556 2807 siculi
1580 2778 1626 2806 Dei
1646 2777 1744 2809 forma,
