1907 3038
95 217 105 244 Ι
115 215 159 244 i29

669 216 712 244 DE
730 216 986 244 INCARNATIONE
1005 215 1132 244 DOMINI.

1646 217 1713 244 “50

94 272 228 307 γενέσθαι,
244 271 288 298 καὶ
303 272 421 307 σχήματι
438 273 581 309 εὑρεθῆναι
601 273 637 305 ὡς
657 273 808 310 ἄνθρωπον,
824 273 873 309 τῆς

927 279 955 301 ιιι
982 274 1129 305 hominem.
1160 279 1242 307 prava
1274 272 1346 299 ornni
1388 272 1527 298 hominum
1558 274 1715 306 operatione

94 317 211 352 πονηρᾶς
234 317 372 352 ἐνεργείας
401 318 455 344 τῶν
479 318 629 354 ἀνθρώπων
654 319 873 354 ἀπηλλαγμένον.

93 362 135 390 Διὸ
151 363 197 389 καὶ
221 362 330 398 ἑτέρωθι
346 363 421 398 ἔλεγε
432 371 438 378 ⁸
463 373 472 389 ι
497 364 533 390 Τὸ
553 364 606 400 γὰρ
622 365 752 392 ἀδύνατον
767 365 813 392 τοῦ
830 365 874 392 νό-

94 418 145 444 μου
155 410 183 435 ὲν
196 406 218 443 ᾧ
235 409 341 443 ἠσθένει
355 409 399 437 διὰ
413 410 463 446 τῆς
478 410 588 446 σαρκὸς,
606 411 619 437 ὁ
634 411 700 443 Θεὸς
711 411 756 439 τὸν
777 411 874 438 ἑαυτοῦ

94 455 154 481 Υίὸν
169 454 290 490 πέμψας,
313 456 342 482 ἐν
366 455 517 491 ὁμοιώματι
544 455 644 491 σαρκὸς
664 456 812 491 ἁμαρτίας,
828 456 874 483 καὶ

92 500 152 536 περὶ
168 501 316 536 ἁμαρτίας,
340 501 484 536 κατέκρινε
505 500 554 536 τὴν
573 501 709 536 ἁμαρτίαν
729 502 757 528 ἐν
781 502 873 537 σαρκὶ,

92 545 132 572 ἴνα
143 545 172 570 τὸ
188 544 325 581 δικαίωμα
339 545 386 572 τοῦ
400 546 482 581 νόμου
495 545 624 581 πληρωθῇ
638 546 667 572 ἐν
681 546 746 581 ἡμῖν
762 547 818 578 τοῖς
835 546 872 581 μὴ

91 590 159 618 κατὰ
180 590 269 626 σάρκα
284 591 489 626 περιπατοῦσιν,
504 591 572 619 ἀλλὰ
588 591 659 619 κατὰ
674 592 782 628 πνεῦμα
794 593 843 628 (1).
860 603 872 618 ιΔ

130 637 225 672 Ὁρᾶτε
246 637 305 668 πῶς
327 637 370 664 διὰ
389 636 491 664 τοῦτων
513 637 625 664 ἐκείνων
649 638 707 665 λύει
731 638 781 674 τὴν
803 639 873 666 ἀσά-

91 691 175 717 ςιιαν.
195 692 204 708 ι
230 681 260 709 '0
276 682 351 716 Θεὸς,
367 683 442 718 φησὶ,
457 683 503 710 τὸν
520 683 615 711 ἑαυτοῦ
637 683 700 711 Υἱὸν
719 684 832 719 πέμψας
845 685 873 712 ὲν

90 727 238 763 ὁμοιώματι
255 729 355 764 σαρκὸς
369 728 516 764 ἁμαρτίας·
531 738 541 755 ι
560 729 609 765 οὐχ
633 729 726 762 ἁπλῶς
743 727 829 763 εἶπεν,
845 731 874 757 ὲν

89 772 239 808 ὁμοιώματι
264 773 375 809 σαρκὸς,
399 773 514 801 διαλύων
530 774 584 802 τῶν
599 774 706 802 ᾰσεὸῶν
731 775 873 810 δογμάτων

88 819 135 854 τὴν
157 818 348 855 βλασφημίαν
367 819 546 855 προγινώσκει
562 820 616 855 γὰρ
635 820 743 848 ἅπαντα
763 821 873 857 ἡχάρις

87 864 206 893 τοῦΙῙνεύ
211 874 305 900 ματος·
312 866 430 900 ἀλλ’,ιὲν
438 866 591 902 ὁμοιώματι
600 867 699 903 σαρκὸς
707 867 853 903 ἁμαρτίας,
860 877 870 894 ι

89 911 130 939 Eva
144 910 274 946 μάθωμεν
289 911 327 944 ὡς
337 911 367 938 τὺ
386 912 553 948 (ὁμοίωμαμ
570 912 613 940 διὰ
624 913 654 940 τὸ
671 913 761 949 πάσης
779 913 872 950 ἀμαρ-

925 319 1050 347 alienum.
1064 318 1210 354 Propterea
1222 318 1285 346 alibi
1296 326 1403 353 quoque
1412 318 1500 345 aiebat
1513 327 1519 345 :
1536 327 1544 344 ι
1561 317 1627 345 Nam
1643 322 1712 352 quod

925 364 1090 399 impossibile
1098 369 1157 392 erat
1166 363 1228 398 legi,
1239 364 1265 390 in
1275 371 1328 398 quo
1337 371 1384 398 per
1395 371 1504 390 carnem
1515 363 1713 394 intirmahatnr,

926 409 996 437 Deus
1009 409 1105 438 Filium
1118 417 1196 438 suum
1210 409 1321 436 mittens
1346 409 1372 435 in
1400 408 1605 436 similitudinem
1625 411 1715 436 carnis

925 455 1041 491 peccati,
1065 460 1090 483 et
1104 463 1153 490 pro
1170 460 1290 490 peccato,
1306 454 1445 482 damnavit
1471 454 1497 481 in
1520 461 1601 482 carne
1621 461 1714 489 pecca-

927 506 980 529 tum
997 500 1218 534 ;rutjnstiiicatio
1234 500 1300 536 legis
1324 499 1480 534 impleretur
1507 501 1533 527 in
1559 499 1648 533 nobis,
1667 500 1713 534 qui

925 555 978 576 non
1000 547 1147 575 secundum
1165 555 1274 575 carnem
1298 546 1478 579 ambulamus,
1505 546 1551 574 sed
1566 546 1713 574 secundum

924 593 1048 628 spiritum
1061 593 1082 621 ⁷.
1100 602 1109 619 ι

960 639 1176 667 Animadvertite
1200 639 1334 674 quomodo
1349 646 1397 673 per
1418 639 1474 666 hzcc
1500 639 1608 666 illorum
1635 638 1714 666 Solvit

924 684 1127 713 obscuritatem.
1147 694 1157 711 ι
1176 685 1258 718 Deus,
1275 685 1372 719 inquit,
1397 683 1493 711 Filium
1510 691 1588 711 suum
1605 684 1715 712 mittens

925 730 952 758 in
966 730 1170 758 similitudinem
1185 731 1277 758 carnis
1298 730 1399 765 peccati
1419 738 1426 757 :
1449 739 1457 756 ι
1477 738 1530 757 non
1557 730 1716 764 simpliciter

924 775 1001 808 dixit,
1020 776 1046 803 in
1059 775 1262 804 similitudinem
1274 775 1376 806 carnis,
1395 782 1489 809 nempe
1515 779 1544 802 ut
1570 775 1713 809 impiorum

924 819 1079 856 dogmatum
1106 820 1303 856 blasphemiam
1322 820 1484 854 dissiparet;
1501 821 1601 847 etenim
1624 820 1714 846 omnia

925 865 1052 901 pravidet
1066 865 1152 901 gratia
1165 865 1299 900 Spiritus;
1311 866 1368 898 sed,
1380 875 1389 891 ι
1401 865 1427 892 in
1440 865 1645 892 similitudinem
1656 873 1716 892 car-

924 912 967 939 nis
979 911 1094 947 peccati,
1116 920 1125 937 »
1155 916 1184 938 ιιι
1209 911 1399 945 intelligamus,
1414 910 1572 938 vocabulum
1598 920 1606 936 ι
1623 911 1714 937 simili-

89 956 144 988 τίας
167 956 340 992 ἀπηλλάχθαι
356 957 403 984 τὸν
425 957 559 994 ἡμέτερον
581 958 706 994 Σωτῆρα,
732 959 868 987 τέθεικεν·

927 957 988 984 tudo
1011 966 1021 983 ι
1038 957 1072 984 ab
1083 963 1116 984 eo
1124 956 1252 991 positum,
1268 954 1331 990 quia
1352 961 1464 990 peccato
1489 956 1562 984 omni
1589 956 1717 987 Senator

88 1001 226 1038 ἇνθρωπος
251 1003 306 1037 γὰρ
328 1004 472 1039 γενόμενος
495 1003 544 1040 τὴν
568 1005 648 1039 φύσιν
664 1005 714 1041 (2),
730 1005 801 1032 κατὰ
824 1007 873 1042 τὴν

88 1047 222 1084 ἁμαρτίαν
241 1049 352 1083 γέγονεν
369 1049 512 1085 ἄνθρωπος
522 1057 529 1065 ·
545 1051 585 1078 διὸ
597 1051 625 1078 ὲν
637 1051 790 1088 ὁμοιώματι
807 1061 873 1089 σαρ-

89 1094 132 1127 κὸς
146 1095 284 1130 ἁμαρτίας
300 1095 445 1132 κατέκρινε
461 1097 511 1131 τὴν
524 1097 661 1133 ἁμαρτίαν
677 1099 706 1125 ὲν
719 1100 752 1135 τῇ
771 1100 871 1135 σαρκί·

88 1141 255 1177 ἀνθρωπείαν
272 1142 321 1177 μὲν
341 1142 421 1177 φύσιν
445 1143 599 1177 ἀναλασὼν,
616 1143 666 1179 τῆς
680 1144 709 1171 δὲ
726 1145 873 1181 τυραννού-

89 1196 134 1223 σης
148 1187 176 1214 ὲν
190 1189 247 1220 τοῖς
262 1188 416 1224 ἀνθρώποις
433 1189 570 1225 ἁμαρτίας
582 1189 628 1216 τὸν
647 1189 728 1225 ζυγὸν
744 1191 781 1226 μὴ
794 1191 872 1224 δεξά-

89 1241 173 1268 μενος,
197 1233 267 1261 ἀλλὰ
287 1235 379 1261 πᾶσαν
402 1234 504 1271 ταύτης
526 1235 682 1272 ἀπορρίψας
707 1236 756 1273 τὴν
778 1237 874 1264 δεσπο-

87 1278 166 1311 τείαν,
190 1278 239 1304 καὶ
253 1278 353 1311 δείξας,
371 1279 409 1311 ὡς
427 1278 539 1306 δυνατὸν
561 1280 590 1306 ὲν
612 1280 770 1317 ἀνθρωπεία
793 1281 873 1316 φύσει

88 1323 136 1350 τῶν
149 1323 198 1359 τῆς
218 1324 358 1360 ἁμαρτίας
374 1325 567 1361 περιγενέσθαι
583 1326 669 1361 βελῶν
679 1335 686 1342 ·
702 1327 788 1360 οὕτως
805 1337 873 1355 κατ·

87 1369 174 1405 ἔκρινε
189 1369 241 1406 τὴν
262 1370 402 1406 ἁμαρτίαν
422 1371 453 1397 ὲν
465 1372 497 1407 τῇ
515 1371 607 1407 σαρκὶ,
622 1372 652 1399 τδ
663 1372 774 1405 ἀσθενὲς
787 1373 873 1409 αὐτῆς

87 1415 205 1450 ἐλέγξας,
224 1416 273 1443 καὶ
289 1417 339 1452 τὴν
354 1417 498 1454 τυραννίδα
516 1418 633 1452 παύσας,
646 1419 694 1446 καὶ
708 1420 786 1456 νικᾷν
801 1419 874 1447 οὕτω

86 1461 144 1493 τοὺς
157 1461 320 1498 ἀνθρώπους
334 1463 460 1497 διδάξας·
482 1463 522 1490 διὸ
546 1465 685 1500 ἐπήγαγεν
705 1466 719 1492 ὁ
737 1465 872 1502 μακάριος

87 1507 196 1541 Παῦλος,
207 1509 269 1535 ’Ίνα
280 1509 310 1535 τὸ
322 1508 459 1545 δικαίωμα
467 1509 513 1536 τοῦ
526 1510 609 1546 νόμου
625 1511 755 1547 πληρωθῇ
767 1513 796 1539 ὲν
807 1513 874 1548 ἡμῖν

86 1555 137 1586 τοίς
154 1554 190 1590 μὴ
212 1555 287 1582 κατὰ
310 1555 399 1592 σάρκα
413 1555 461 1583 τοῦ
478 1555 561 1592 νόμου
582 1557 790 1592 περιπατοῦσιν,
805 1557 874 1586 ἀλλὰ

89 1599 154 1626 κατὰ
168 1600 288 1636 πνεῦμα.
312 1600 417 1628 οὑκοῦν
441 1601 651 1637 ἐδικαιώθημεν,
667 1602 716 1638 τῆς
737 1603 874 1639 ἁμαρτίας

88 1647 115 1673 ὲν
129 1647 208 1682 σαρκὶ
223 1647 455 1683 κατακριθείσης·
474 1647 619 1683 κατέκρινε
633 1648 662 1675 δὲ
677 1649 705 1676 ὲν
728 1650 811 1685 σαρκὶ
823 1650 873 1686 τὴν

89 1692 230 1727 ἁμαρτίαν,
248 1693 278 1719 ἐν
292 1691 444 1728 ὁμοιώματι
460 1692 562 1728 σαρκὸς
577 1694 714 1730 ἁμαρτίας
729 1695 874 1730 γενόμενος

88 1737 101 1763 ὁ
121 1737 213 1774 Σωτὴρ
236 1739 252 1764 ὁ
273 1738 422 1774 ἡμέτερος·
443 1739 493 1776 τὴν
518 1740 568 1776 μὲν
591 1740 766 1776 ἀνθρωπείαν
793 1742 874 1777 φύσιν

88 1783 234 1818 ἀναλαϐὼν,
249 1785 300 1820 τὴν
318 1785 347 1820 δὲ
362 1786 446 1813 πάλαι
460 1786 563 1822 ταύτης
575 1786 759 1821 δεσπόζουσαν
775 1788 813 1825 μὴ
826 1797 875 1816 κα-

87 1825 264 1866 ταδεξάμενος
287 1831 435 1867 ἁμαρτίαν.
458 1832 551 1865 Οὕτως
567 1833 581 1859 ὁ
602 1833 745 1866 Θεσπέσιος
769 1835 875 1868 Παῦλος

89 1874 116 1900 ἰν
137 1875 236 1910 ὁλίγοις
261 1877 381 1912 ῥήμασιν
398 1877 472 1905 ἅπαν
495 1878 550 1905 τῶν
566 1880 711 1915 αίρετικῶν
727 1880 757 1907 τὺ
781 1881 874 1916 στίφος

88 1920 219 1955 διέλυσεν,
251 1923 355 1959 ⁷Αρείου
389 1924 439 1959 μὲν
466 1924 514 1951 καὶ
539 1925 672 1961 Εὐνομίου
697 1926 748 1963 τὴν
776 1927 874 1962 μανίαν

89 1965 205 2000 ἐλέγξας,
228 1969 258 1995 ὲν
275 1970 307 2004 τῇ
331 1969 387 1996 τῶν
404 1971 612 2006 προειρημένων
634 1971 766 2007 ῥημάτων
782 1973 852 2009 ἀρχῇ
865 1982 871 1988 ·

91 2021 100 2036 ι
120 2012 199 2039 Τοῦτο
223 2014 279 2048 γὰρ
301 2014 453 2049 φρονείσθω
476 2017 506 2043 ὲν
529 2016 604 2052 ὑμῖν,
621 2016 636 2043 ὃ
658 2018 704 2044 καὶ⁴
720 2018 749 2045 ὲν
763 2018 874 2055 Χριστῷ

95 2056 188 2092 Ἰησοῦ,
206 2059 235 2090 ὃς
262 2060 291 2086 ἐν
307 2062 398 2097 μορφῇ
418 2060 485 2088 Θεοῦ
498 2062 639 2098 ὑπάρχων,
661 2063 709 2099 οὐχ
724 2065 871 2100 ἁρπαγμὸν

90 2104 206 2139 ἡγήσατο
219 2106 249 2132 τὸ
257 2104 328 2133 εἶναι
343 2107 388 2135 ἴσα
401 2107 471 2143 Θεῷ,
484 2108 542 2135 ἀλλ’
557 2109 654 2136 ἑαυτὸν
668 2110 797 2144 ὲκὲνωσε,
809 2120 874 2147 μορ-

90 2149 139 2184 φὴν
153 2149 245 2177 δούλου
266 2151 366 2181 λαϐὼν.
391 2161 403 2179 ι
425 2153 461 2180 Οὑ
473 2153 528 2189 γὰρ
550 2152 637 2188 εἶπεν,
654 2156 682 2182 ἐν
699 2158 790 2192 μορφῇ
805 2157 873 2184 Θεοῦ

89 2196 240 2232 γενόμενος,
256 2198 326 2231 ἀλλ’,
342 2208 352 2224 ι
374 2199 404 2226 ὲν
421 2202 511 2236 μορφῇ
526 2200 595 2228 Θεοῦ
619 2202 760 2238 ὑπάρχων.
781 2213 788 2229 ι
807 2205 874 2231 Οὑδὲ

89 2240 161 2270 εἶπεν
174 2245 230 2280 Οὑχ
249 2245 396 2281 ἁρπαγμὸν
411 2247 533 2282 ἡγήσατο
554 2247 584 2274 τὺ
603 2246 672 2276 εἶναι
700 2250 745 2277 ι’σα
767 2251 877 2286 ἑαυτῷ,.

924 1008 1016 1031 noster
1033 1003 1131 1031 caruit.
1143 1002 1231 1030 Homo
1243 1003 1314 1030 enim
1327 1006 1424 1030 natura
1445 1001 1541 1036 factus,
1569 1003 1714 1030 secundum

923 1053 1065 1085 peccatum
1089 1047 1177 1076 factus
1206 1052 1248 1076 est
1273 1048 1367 1076 homo.
1395 1047 1457 1075 Ideo
1483 1047 1508 1075 in
1539 1047 1716 1075 similitudine

924 1095 1016 1123 carnis
1028 1095 1131 1130 peccati
1143 1095 1279 1122 damnavit
1296 1093 1422 1122 incarne
1435 1099 1575 1128 peccatum
1595 1103 1601 1121 :
1623 1094 1715 1126 hnnla~

923 1151 986 1170 nam
1011 1142 1120 1178 quidem
1147 1146 1271 1169 naturam
1297 1148 1450 1174 assumens,
1469 1146 1589 1168 attamen
1610 1142 1715 1177 tyranni

924 1188 1064 1216 hominum
1091 1187 1197 1224 peccati
1215 1187 1310 1223 jugum
1337 1195 1391 1215 non
1410 1186 1532 1218 subiens,
1563 1186 1611 1214 sed
1639 1186 1717 1220 hujus

924 1241 1030 1262 omnem
1042 1234 1208 1262 dominatum
1227 1240 1367 1269 respuens,
1387 1232 1636 1267 demonstransqne
1656 1231 1715 1260 ﬁeri

924 1289 1003 1317 posse
1021 1286 1052 1308 ut
1071 1281 1098 1310 in
1125 1281 1243 1308 humana
1261 1285 1358 1307 natura
1387 1280 1490 1315 peccati
1518 1279 1569 1307 tela
1589 1280 1713 1307 vitemus.

925 1327 972 1356 Sic
986 1325 1126 1354 damnavit
1141 1327 1167 1353 in
1185 1334 1268 1354 carne
1281 1330 1432 1359 peccatum,
1460 1324 1627 1354 debilitatem
1643 1324 1715 1360 ejus-

925 1372 985 1401 dem
995 1380 1155 1408 coarguens,
1171 1372 1342 1408 tyrannidem
1364 1370 1504 1404 cohibens,
1523 1376 1605 1406 atque
1629 1372 1665 1398 ita
1683 1371 1715 1398 ad

925 1418 1066 1446 victoriam
1089 1417 1213 1446 homines
1237 1417 1376 1445 erudiens.
1403 1416 1465 1446 Ideo
1493 1417 1597 1445 addidit
1621 1417 1714 1444 beatus

925 1464 1042 1493 Paulus:
1058 1464 1337 1500 Utjustilicatiolcgis
1348 1464 1505 1499 impleretur
1525 1464 1550 1491 in
1565 1463 1652 1495 nobis,
1668 1464 1722 1498 qui.

924 1519 978 1539 non
998 1512 1145 1539 secundum
1166 1519 1276 1539 carnem
1301 1511 1484 1543 ambulamus,
1495 1511 1542 1538 sed
1566 1510 1714 1538 secundum

926 1556 1061 1592 spiritum.
1087 1555 1159 1591 Ergo
1179 1556 1279 1584 luimus
1299 1555 1453 1591 iustiﬁcati,
1469 1560 1579 1591 peccato
1593 1556 1619 1582 in
1633 1563 1716 1583 carne

926 1603 1062 1631 damnato.
1079 1601 1224 1631 Damnavit
1247 1607 1336 1630 autem
1359 1602 1385 1629 in
1400 1609 1481 1629 carne
1493 1607 1643 1637 peccaturo,
1654 1610 1715 1629 cum

925 1648 952 1676 in
974 1648 1177 1677 similitudinem
1199 1649 1289 1677 carnis
1325 1648 1437 1684 peccati
1461 1647 1591 1676 Servator
1625 1653 1717 1674 noster

925 1694 1013 1722 factus
1029 1699 1092 1728 est;
1108 1694 1254 1722 humanam
1276 1695 1383 1730 quidem
1414 1697 1539 1721 naturam
1560 1701 1714 1726 assumens,

925 1742 1036 1769 minime
1058 1746 1147 1769 tamen
1172 1742 1316 1769 dominans
1328 1742 1353 1769 ei
1384 1745 1524 1775 peccatum
1557 1739 1714 1768 admittens.

926 1785 972 1814 Sic
984 1787 1061 1814 divus
1077 1787 1176 1814 Paulus
1198 1788 1288 1815 verbis
1306 1787 1400 1822 paucis
1425 1786 1582 1814 universum
1606 1785 1715 1813 haereti-

925 1839 1018 1859 corum
1043 1840 1140 1867 agmen
1157 1831 1316 1868 proﬂigavit,
1345 1833 1427 1868 813
1441 1841 1476 1860 m.
1495 1832 1552 1860 Arii
1568 1832 1662 1867 utique
1689 1839 1716 1859 et

926 1876 1050 1904 Eunomii
1066 1877 1200 1904 insaniam
1219 1878 1342 1906 refutans
1364 1879 1554 1912 praedictorum
1572 1878 1715 1905 verborum

925 1922 1004 1949 initio
1020 1931 1026 1950 :
1045 1931 1054 1948 ι
1070 1922 1126 1950 Hoc
1140 1922 1213 1950 enim
1229 1924 1362 1950 sentitein
1379 1925 1455 1952 vobis
1467 1925 1537 1959 quod
1554 1928 1580 1951 et
1598 1925 1623 1951 in
1637 1923 1716 1951 Chri-

925 1972 967 1994 sto
988 1966 1062 2000 Jesu,
1080 1967 1125 2002 qui
1136 1974 1198 1994 cum
1216 1967 1242 1994 in
1259 1967 1345 1995 forma
1360 1968 1406 1995 Dei
1421 1973 1504 2002 esset,
1517 1977 1568 1996 non
1592 1970 1714 2003 rapinam

925 2013 1073 2041 arbitratus
1081 2018 1124 2041 est
1137 2021 1198 2042 esse
1210 2021 1240 2041 se
1253 2014 1383 2048 aequalem
1398 2014 1461 2047 Deo,
1475 2014 1521 2042 sed
1537 2015 1713 2049 semetipsum

925 2057 1084 2090 exinanivit,
1111 2057 1225 2085 formam
1253 2057 1323 2085 servi
1352 2058 1499 2092 accipiens.
1521 2066 1539 2083 »ι
1559 2055 1616 2084 Non
1641 2057 1723 2084 enim.

925 2103 1002 2137 dixit,
1021 2103 1047 2131 in
1067 2102 1153 2131 forma
1166 2103 1212 2130 Dei
1224 2102 1319 2137 lactus,
1336 2103 1394 2135 sed,
1414 2112 1423 2128 ι
1442 2111 1502 2130 cum
1516 2103 1544 2130 in
1560 2102 1646 2130 forma
1668 2102 1713 2130 Dei

925 2155 1005 2177 esset.
1024 2159 1033 2175 ι
1056 2148 1149 2184 Neque
1169 2150 1232 2176 item
1252 2149 1320 2177 dixit
1335 2148 1414 2177 :Non
1429 2149 1549 2184 rapinam
1566 2149 1715 2176 arbitratus

925 2200 966 2223 cst
978 2203 1038 2223 esse
1049 2203 1078 2223 se
1086 2195 1217 2230 aequalem
1229 2195 1337 2222 sibimet
1349 2199 1395 2222 aut
1404 2194 1516 2229 angelis.
1526 2200 1572 2221 aut
1582 2194 1713 2229 mqualcln

924 2247 1067 2274 creaturae,
1090 2241 1137 2269 sed
1163 2240 1293 2276 aequalem
1326 2240 1393 2268 dixit
1428 2241 1481 2268 Deo
1509 2239 1582 2267 Patri
1611 2239 1655 2274 qui
1686 2248 1715 2266 se

89 2287 160 2322 ῆῖσα
175 2290 310 2325 ἀγγέλοις,
327 2292 343 2327 ἢ
359 2292 403 2318 ίσα
418 2294 450 2328 τῇ
470 2293 569 2326 κτίσει,
580 2294 637 2321 ἀλλ’
661 2296 715 2329 ἴσα,
732 2295 795 2332 ἔφη,
815 2285 873 2332 Θεῷ

927 2292 1066 2323 genuerat,
1075 2286 1167 2320 Patri,
1178 2287 1299 2320 inquam,
1313 2285 1415 2320 absque
1431 2285 1573 2321 principio,
1584 2286 1714 2320 ingenito.

89 2334 126 2369 τῷ
138 2335 234 2372 Πατρὶ,
251 2338 290 2373 τῷ
305 2339 474 2373 γεννήσαντι,
489 2340 609 2376 ἀνάρχῳ,
624 2341 662 2377 τῷ
677 2343 872 2379 ἀγεννήτῳ,τῷ

90 2379 241 2418 ἀπεράντῳ,
256 2383 295 2419 τῷ
314 2384 367 2410 τῶν
380 2384 448 2411 ὅλων
464 2385 597 2422 Δεσπὸτῃ.

125 2426 231 2462 Ἄρειος
245 2429 294 2464 μὲν
306 2427 352 2456 οὖν
364 2430 410 2457 καὶ
424 2431 557 2465 Εὑνόμιος
570 2432 609 2467 (5)
627 2433 734 2468 ἰσχυρὸν
749 2434 872 2461 ἐντεῦθεν

91 2471 209 2505 ἐδέξαντο
223 2477 272 2511 τῆς
287 2476 389 2508 οἰκείας
401 2476 529 2509 ἀσεϐείας
544 2478 588 2504 τὸν
611 2478 736 2515 ἔλεγχον,
753 2469 798 2507 καλ
821 2481 873 2508 Σα-

92 2516 190 2551 δέλλιος
201 2520 229 2547 δὲ
243 2521 290 2548 καὶ
303 2522 462 2558 Μάρκελλος
476 2524 524 2550 καὶ
538 2524 680 2557 Φωτεινὺς,
699 2527 722 2552 οἱ
737 2527 787 2558 τὰς
799 2529 874 2562 τρεῖς

92 2562 249 2599 ὑποστάσεις
274 2569 446 2604 ἀρνούμενοι,
462 2571 510 2597 καὶ
532 2571 582 2603 τὰς
603 2572 652 2606 τῆς
668 2571 793 2608 θεότητος
810 2583 875 2608 συγ-

93 2607 194 2642 χέοντες
208 2612 352 2647 ίδιὸτητας,
368 2614 493 2641 ἐντεῦθεν
508 2615 730 2651 βλασφημοῦντες
741 2607 876 2653 νὲλέγχονυ

92 2660 152 2700 ταιξ
167 2656 259 2694 ἕτερος
280 2660 334 2696 γὰρ
359 2661 428 2688 κατὰ
448 2661 498 2697 τὴν
523 2662 670 2689 ὑπόστασιν
694 2663 707 2689 ὁ
732 2664 761 2690 ὲν
784 2664 875 2700 μορφῇ

92 2699 156 2726 Θεοῦ
169 2702 307 2740 ὑπάρχων,
322 2706 368 2732 καὶ
383 2706 475 2742 ἕτερος
486 2708 589 2739 ἐκεῖνος
601 2705 632 2735 οὗ
646 2709 674 2734 ὲν
689 2711 780 2745 μορφῇ
793 2709 877 2745 ὑπάρ-

127 2781 135 2796 ⁷
157 2783 232 2811 nom.
247 2793 306 2817 vm.
323 2786 350 2818 5,
367 2786 395 2814 ιι.

129 2862 166 2900 (ἱ)
179 2863 293 2900 ΔΙιυςςιεεὶε
302 2863 431 2900 Cyrillum
443 2865 468 2891 in
480 2864 683 2892 commentariis
693 2865 748 2892 suis
759 2865 792 2891 ad
804 2863 874 2891 hunc

95 2893 164 2934 l’anli
179 2893 263 2934 locum
279 2893 347 2934 apu'd
361 2907 420 2928 nos.

128 2932 164 2966 (Ξ)
186 2933 259 2962 llaud
281 2932 336 2962 si'io
358 2943 391 2962 an
413 2934 455 2962 hic
479 2934 672 2969 interponenda
695 2936 730 2962 sit
752 2934 874 2970 negativa

927 2333 1043 2365 inlinilo,
1061 2340 1150 2360 rerum
1171 2332 1291 2359 omnium
1312 2330 1435 2358 Domino.

964 2434 1046 2461 Arius
1067 2433 1148 2469 igitur
1174 2437 1255 2467 atque
1268 2431 1417 2458 Eunomius
1430 2430 1545 2457 validam
1566 2430 1628 2457 hinc
1651 2437 1713 2464 per-

927 2481 1046 2508 tulerunt
1060 2479 1208 2515 impietatis
1221 2485 1276 2506 sua:
1297 2477 1514 2512 rcdargutionem
1530 2486 1536 2503 :
1550 2476 1713 2511 insuperquc

928 2525 1062 2554 Sabellius
1071 2530 1099 2554 et
1112 2524 1254 2552 Marcellus
1271 2528 1352 2559 atque
1369 2523 1512 2554 Photinus,
1544 2522 1589 2557 qui
1614 2526 1711 2557 negant

926 2576 980 2599 tres
1000 2571 1169 2606 hypostases,
1181 2574 1208 2597 et
1219 2569 1327 2596 deitatis
1338 2568 1506 2596 confundunt
1518 2567 1708 2602 proprietates,

924 2617 990 2645 hinc
998 2616 1148 2652 blasphemi
1173 2619 1368 2650 eoarguunlur.
1385 2614 1461 2642 Alius
1476 2618 1517 2641 est
1528 2613 1599 2641 enim
1616 2621 1714 2641 secun-

925 2665 987 2690 dum
998 2662 1166 2698 hypostasim
1180 2662 1224 2689 ille
1239 2662 1284 2696 qui
1304 2662 1330 2688 in
1357 2660 1441 2688 forma
1459 2659 1504 2687 Dei
1521 2664 1590 2692 erat,
1605 2665 1632 2687 et
1644 2660 1715 2687 alios

926 2709 969 2736 ille
985 2709 1060 2743 cujus
1078 2710 1103 2736 in
1119 2710 1204 2736 forma
1216 2713 1294 2736 crat:
1309 2713 1335 2735 et
1357 2707 1426 2735 alius
1447 2714 1545 2735 rursus.
1565 2706 1610 2740 qui
1636 2706 1709 2741 rapi-

927 2863 1057 2898 parlicnla
1072 2863 1113 2896 οὑ,
1127 2871 1189 2890 non.

965 2899 1003 2933 (5)
1024 2899 1052 2925 ln
1075 2899 1125 2925 hoc
1144 2903 1170 2925 ct
1191 2903 1320 2932 sequente
1338 2900 1467 2933 opusculo
1488 2899 1587 2926 nullum
1608 2899 1712 2926 haereti-

929 2942 990 2961 cntn
1007 2935 1186 2962 recentiorem
1204 2933 1334 2961 Ennomio
1351 2935 1470 2962 nominat
1485 2934 1608 2970 (lyrinus.
