1907 3038
109 149 180 178 “53

697 153 740 181 DE
760 151 1022 182 lNCARNATIONE
1042 153 1171 182 DOMINI.

1672 154 1741 182 “54

109 209 194 235 πλέον
215 210 282 245 ἡμῖν
304 210 351 238 τοῦ
374 211 440 238 Θεοῦ
463 211 549 246 Λόγου
571 212 621 247 τὴν
646 212 781 248 ὲνοίκησίν
801 221 830 239 τε
853 213 900 238 καὶ

955 213 1087 248 perlectus
1100 217 1240 247 eratreque
1250 219 1281 239 ac
1295 219 1360 243 nos;
1376 212 1422 240 sed
1435 217 1532 246 pneter
1540 219 1595 239 rem
1607 217 1739 243 nostram.

107 255 210 290 ἕνωσιν
221 264 228 270 ·
249 257 295 282 καὶ
311 257 400 291 σάρκα
416 258 464 292 μὲν
480 256 552 293 εἶχεν
573 257 692 298 ἔμψυχόν
706 267 736 284 τε
757 258 803 284 καὶ
826 258 902 292 λογι-

106 301 159 334 κὴν
181 302 224 332 ὡς
249 303 337 337 ἡμεῖς,
355 303 408 329 τῶν
430 303 458 330 δὲ
482 303 531 338 τῆς
549 304 685 339 ἁμαρτίας
705 304 754 330 οὐκ
768 304 903 340 ἠνέσχετο

107 348 274 381 κινημάτων
289 348 385 384 ὥσπερ
400 350 490 384 ἡμεῖς,
506 349 562 375 ἀλλ’
582 350 610 375 ὲν
627 349 731 384 σώματι
751 350 796 383 ὑφ’
813 351 902 385 ἁμαρ-

107 392 170 423 τίας
186 393 396 429 πολεμουμένῳ,
406 395 455 429 τὴν
467 395 517 430 τῆς
533 395 670 430 ἁμαρτίας
683 395 828 429 τυραννίδα
838 404 904 422 κατ-

107 437 206 463 έλυσε·
235 439 279 465 διὰ
303 439 381 466 τοῦτο
415 441 443 467 ὲν
478 441 628 476 ὁμοιώματι
653 441 796 477 ἀνθρώπου
827 441 904 476 γενό-

109 491 201 518 μενος,
222 486 271 511 καὶ
295 486 414 520 σχήματι
430 487 550 522 εὑρεθεὶς
576 487 613 518 ώς
639 487 791 522 ἄνθρωπος,
808 488 903 514 ἑαυτὸν

106 529 307 561 ἐταπείνωσεν,
325 531 466 567 γενόμενος
484 532 603 567 ὑπήκοος
621 532 701 568 μέχρι
718 533 842 564 θανάτου,
856 533 903 559 Θα-

107 575 191 601 νάτου
208 575 237 602 δὲ
253 576 368 610 σταυροῦ
380 584 386 590 ·
411 577 456 603 καὶ
470 578 535 604 αὐτὸ
551 578 579 604 δὲ
599 578 629 604 τὸ
648 578 732 612 ὄνομα
749 579 798 614 τῆς
813 587 904 606 ταπει-

111 619 222 651 νώσεως
247 620 321 656 δηλοῖ
341 621 389 656 τὴν
411 622 459 657 τῆς
481 624 611 658 ταπεινῆς
629 623 763 659 ἀνάληψιν
786 624 901 659 φύσεως.

109 665 220 697 ’Λλλως
241 675 270 693 τε
285 668 348 701 περὶ
364 667 411 694 τοῦ
427 668 455 694 ὲν
471 671 562 705 μορφῇ
579 669 646 696 Θεοῦ
661 670 828 705 ὑπάρχοντος
844 670 902 696 δια-

105 711 270 746 λεγόμενος,
295 713 452 748 ἐπήγαγεν·
480 723 489 740 ι
520 715 562 742 Ἐν
578 714 730 750 ὁμοιώματι
753 715 903 750 ἀνθρώπων

106 756 270 790 γενόμενος,
287 757 333 783 καὶ
356 759 475 793 σχήματι
499 759 619 794 εὑρεθεὶς
647 760 684 791 ὡς
708 760 860 795 ἄνθρωπος,
891 770 900 786 ι

105 800 247 827 διδάσκων
263 802 304 828 ὅτι
326 803 341 828 6
355 802 501 838 ἀσώματος
520 803 587 830 Θεοῦ
603 805 689 838 Λόγος
709 806 747 836 ὡς
761 805 903 841 ἄνθρωπος

106 845 200 880 ﬁnger],
213 845 297 880 φύσιν
312 847 484 881 ἀνθρωπείαν
499 849 641 875 ἀναλαϐών
651 858 657 864 ·
675 849 715 876 διὸ
735 850 782 876 καὶ
797 850 826 876 τὸ
841 860 850 875 ι
865 851 903 883 ὼς

106 890 256 926 ἄνθρωπος
275 901 283 917 ι
300 892 431 925 τέθεικεν,
444 894 488 920 ἴνα
504 894 541 929 μὴ
552 895 656 930 τροπήν
668 904 727 922 τινα
741 896 903 931 γεγενῆσθαι

107 936 271 972 νομίσωμεν
283 937 330 964 τοῦ
346 939 461 974 ἀοράτου
483 940 562 972 Θεοῦ,
578 941 646 967 ἀλλὰ
664 941 853 977 πιστεύσωμεν
863 943 902 969 ὄτι

107 983 200 1018 σάρκα
218 983 311 1011 λαῦὼν
326 984 446 1020 ἔμψυχόν
467 995 496 1012 τε
516 987 564 1013 καὶ
581 986 703 1023 λογικὴν,
727 988 793 1019 Θεὸς
816 987 853 1015 ὢν
876 990 903 1015 ὲν

107 1028 268 1063 ὁμοιώματι
287 1029 431 1065 ἀνθρώπου
456 1031 573 1065 ἐγένετο,
598 1033 645 1058 καὶ
667 1034 786 1068 σχήματι
805 1033 903 1069 εὑρέθη

107 1074 145 1104 ὡς
164 1074 330 1109 ἄνθρωπος·
351 1075 437 1107 οὕτως
460 1078 474 1103 6
498 1077 585 1112 μέγας
604 1078 654 1113 τῆς
673 1078 813 1110 εὐσεϐείας
839 1088 904 1114 προ-

108 1120 278 1154 αγωνιστὴς,
293 1122 308 1147 6
324 1122 459 1157 μακάριος
476 1122 547 1157 λέγω
561 1123 676 1157 Παῦλος,
686 1125 720 1150 τὰ
733 1125 842 1152 ποικίλα
857 1126 904 1151 καὶ

107 1165 226 1200 διάφορα
256 1166 311 1192 τῶν
339 1167 484 1202 αῑρετικῶν
510 1169 642 1194 κατέλυσε
667 1169 797 1204 στόματα.
833 1169 903 1196 Ἀλλ’

108 1211 231 1238 ἐνταῦθα
252 1212 301 1247 μὲν
324 1213 397 1248 ἡμᾶς
413 1215 427 1240 6
443 1214 528 1248 Λόγος
543 1216 710 1251 παρήνεγκε,
727 1217 777 1252 τὴν
794 1216 848 1243 τῶν
863 1218 904 1243 αἱ·

109 1257 228 1292 ρετικῶν
246 1258 365 1294 ἐλέγχων
379 1259 590 1294 ἐμϐροντησίαν,
607 1261 653 1287 καὶ
668 1261 736 1297 δῆλα
750 1263 835 1288 ποιῶν
848 1264 903 1294 τοῖς

107 1303 256 1338 τροφίμοις
273 1305 322 1340 τῆς
337 1305 477 1337 εὐσεϐείας
496 1306 543 1341 τῆς
562 1306 690 1342 ἀληθείας
714 1308 749 1334 τὰ
770 1308 901 1343 δόγματα.

115 1349 283 1385 Ἀναχωρεῖν
300 1347 357 1380 οὖν,
372 1350 433 1377 ὅθεν
453 1351 560 1387 ἐξέϐην,
577 1354 681 1388 καιρός.

111 1427 160 1456 lA'.
185 1429 273 1461 Τίνος
288 1429 376 1463 χάριν
389 1429 447 1466 τὴν
470 1430 659 1463 ἀνθρωπίνην
677 1431 774 1465 φύσιν
798 1433 814 1459 ὁ
832 1433 904 1466 Θεὸς

377 1464 506 1491 ἀνέλαϐε
523 1466 627 1499 Λόγος.

143 1519 244 1546 Τοίνυν
268 1520 318 1555 τὴν
337 1520 474 1555 ἡμετέραν
491 1521 571 1555 φύσιν
589 1522 603 1548 ὀ
621 1522 740 1557 Ποιητής
765 1524 902 1558 οἰκτείρας
929 1527 933 1531 ”

107 1565 158 1592 ὑπὸ
169 1565 217 1592 τοῦ
238 1566 358 1602 Πονηροῦ
372 1567 588 1603 πολεμουμένην,
603 1568 650 1594 καὶ
664 1570 721 1599 τοῖς
730 1571 838 1605 πικροῖς
852 1570 902 1605 τῆς
917 1560 937 1587 C

108 1613 252 1648 ἁμαρτίας
267 1613 355 1647 βέλεσι
372 1614 549 1650 βαλλομένην,
574 1615 622 1641 καὶ
638 1615 676 1650 τῷ
695 1616 800 1651 Θανάτῳ
814 1625 904 1651 παρα-

109 1659 305 1693 πεμπομὲνην,
324 1659 510 1696 ἐπαμύνειτῇ
537 1661 631 1692 εἰκόνι,
659 1662 706 1687 καὶ
731 1662 794 1693 τοὺς
822 1662 903 1688 πολερ

112 1705 228 1739 μοῦντας
244 1706 471 1739 καταγωνίζεται,
488 1707 518 1733 οὺ
539 1709 628 1742 γυμνῇ
653 1709 686 1742 τῇ
707 1707 820 1741 δυνάμει
835 1717 902 1743 χρη-

111 1750 227 1784 σάμενος
242 1752 275 1785 τῇ
292 1750 408 1783 θεότητι,
433 1751 494 1777 οὐδὲ
513 1753 546 1786 τῇ
567 1751 676 1786 ἐξουσίᾳ
697 1752 748 1786 τῆς
766 1751 903 1785 βασιλείας

111 1795 288 1829 καταπλήξας
296 1796 359 1826 τοὺς
372 1796 545 1827 ἀντιπάλους,
559 1797 609 1822 οὐκ
625 1796 758 1830 ἀγγέλους
774 1797 903 1831 στρατεύ-

111 1849 169 1871 σας,
186 1841 247 1866 οὐδὲ
267 1842 330 1871 τοὺς
351 1840 535 1876 ἀρχαγγέλους
561 1842 601 1872 είς
620 1841 778 1876 συμμαχίαν
802 1841 901 1874 λαὸὼν,

109 1886 169 1912 οὐδὲ
200 1887 350 1922 κεραυνοὺς
376 1887 392 1922 ἢ
417 1887 578 1922 πρηστῆρας
603 1888 674 1914 κατά
698 1888 752 1914 τῶν
775 1888 902 1914 ἐναντίων

109 1933 231 1965 ὁπλίσας,
254 1934 314 1959 οὐδὲ
341 1933 409 1968 μετὰ
433 1933 488 1959 τῶν
515 1933 647 1968 χερουϐὶμ
669 1934 763 1968 φανεὶς
787 1934 833 1960 ἐπὶ
853 1935 902 1968 τῆς

109 1979 222 2014 ἠπείρου
247 1980 294 2006 καὶ⁴
319 1980 373 2005 τῶν
397 1980 541 2015 ἡμετέρων
569 1980 713 2006 ἀντιδίκων
737 1980 902 2012 δικαστικῶς

109 2024 369 2060 καταψηφισάμενος
392 2025 464 2061 [cod.
496 2025 627 2053 mendose
648 2025 899 2061 καταψησάμενος].

108 2068 163 2095 ἀλλ’
185 2068 225 2101 εἷς
239 2070 294 2096 τῶν
309 2070 468 2097 ὑπευθύνων
492 2071 539 2097 καὶ
563 2071 775 2106 πολεμουμένων
793 2071 901 2105 γινόμε-

108 2123 161 2146 νος,
177 2116 225 2141 καὶ
241 2116 420 2150 κατακρύψας
434 2116 465 2142 τὸ
481 2116 686 2151 μεγαλοπρεπὲς
709 2116 757 2150 τῆς
775 2116 901 2151 Θεότητος

107 2162 140 2194 τῇ
166 2160 289 2196 εὐτελείᾳ
313 2162 362 2196 τῆς
387 2161 607 2196 ἀνορωπὸτητος,
631 2161 676 2187 καὶ
697 2161 743 2187 τὸν
762 2161 900 2197 ὁρώμενον

106 2206 250 2241 ἄνθρωπον
267 2207 306 2238 εἰς
324 2207 411 2242 πάλην
426 2207 550 2242 ἀλείψας,
567 2208 615 2234 καὶ
629 2209 779 2242 νικήσαντα
802 2216 900 2242 στεφα-

107 2251 211 2283 νώσας·
229 2253 277 2279 καὶ
292 2253 418 2279 παιδὸθεν
435 2253 484 2288 μὲν
507 2253 555 2288 τὴν
569 2254 669 2288 ἀρετὴν
683 2254 834 2286 ὲκδιδάξας,
856 2254 902 2280 καὶ

111 2298 283 2334 δικαιοσύνης
298 2300 337 2330 είς
352 2299 502 2334 ἀκρότατον
523 2299 643 2333 ἀγαγὼν,
661 2300 794 2335 ἀήττητον
814 2300 842 2326 δὲ
854 2309 903 2334 φυ-

955 259 1047 285 habuit
1058 258 1139 286 etiam
1157 258 1241 285 Deum
1257 256 1373 284 Verbum
1394 257 1476 292 815
1490 265 1525 283 ιιι.
1546 257 1700 284 inhabitans
1714 262 1741 284 et

953 304 1069 330 unittun.
1095 304 1211 331 Carnem
1240 303 1334 330 habuit
1355 304 1502 330 animatam
1529 307 1555 330 et
1582 303 1739 329 rationalem

954 351 990 376 uti
1007 358 1067 382 nos,
1082 355 1110 376 at
1133 350 1235 384 peccati
1264 349 1459 376 commotiones
1482 356 1534 375 non
1552 356 1628 383 atque
1643 356 1675 375 ac
1692 357 1741 376 nos

954 401 1083 430 expertus
1094 401 1134 422 est
1149 404 1157 428 ;
1175 396 1221 423 sed
1243 395 1269 422 in
1296 402 1411 428 corpore
1435 395 1504 429 quod
1534 399 1646 429 peccato
1673 394 1740 422 solet

953 450 1014 469 esse
1051 442 1208 474 obnoxium,
1244 441 1347 475 peccati
1382 440 1739 476 tyranniulem.debellavit.

955 488 1098 524 Propterea
1119 488 1144 514 in
1171 487 1372 515 similitudinem
1389 487 1507 514 hominis
1533 487 1630 519 factus,
1646 491 1674 514 et
1690 487 1739 513 ha-

954 533 1010 560 bitu
1039 533 1165 560 inventus
1182 538 1210 559 ιιι
1235 533 1326 563 homo.
1351 537 1438 559 semet
1466 532 1628 564 humiliavit,
1654 532 1741 558 lactus

953 577 1081 604 obediens
1106 585 1192 612 ttsque
1207 578 1240 604 ad
1268 582 1393 609 mortem,
1424 582 1538 604 tnorleut
1559 582 1649 604 autem
1678 584 1741 603 cru-

954 622 993 649 cis
1004 622 1060 648 ⁹·¹⁰.
1088 622 1119 648 Ει
1137 622 1241 656 quidem
1262 621 1348 656 ipsum
1371 621 1565 648 humiliationis
1580 620 1739 648 vocabulum

954 668 1120 695 demonstrat
1139 666 1247 693 humilis
1267 671 1370 693 naturzr
1381 666 1603 700 assumptioncm.
1625 665 1740 692 Aliunde

953 714 1045 746 etiam,
1066 714 1100 741 de
1113 721 1145 740 eo
1155 714 1200 747 qui
1217 713 1243 740 in
1256 713 1341 740 forma
1361 713 1405 740 Dei
1424 719 1482 740 crat
1500 713 1650 743 disserens,
1665 712 1741 739 addi—

954 759 991 786 dit
1008 767 1017 786 :
1036 768 1044 784 ι
1061 758 1089 785 In
1103 759 1305 786 similitudinem
1318 759 1456 785 hominum
1483 757 1582 790 factus,
1604 763 1630 785 et
1646 757 1740 785 habitu

954 803 1079 831 inventus
1105 809 1133 831 ut
1162 805 1269 836 homo;
1301 813 1310 829 ι
1340 804 1442 831 docens
1467 803 1655 838 incorporeutn
1694 803 1739 830 Dei

955 850 1071 877 Verbum
1097 851 1134 877 uti
1160 851 1294 878 hominem
1310 850 1481 885 apparuisse,
1501 850 1617 876 humana
1638 849 1741 878 scilicet

955 902 1091 930 assumpta
1110 902 1216 924 natura.
1233 896 1294 924 ldeo
1308 901 1333 923 et
1347 897 1416 923 dixit
1433 905 1443 922 ‹
1461 901 1490 923 ιιι
1501 895 1592 930 homo,
1610 905 1620 922 ι
1636 903 1669 923 ne
1682 904 1741 922 nm-

956 942 1084 968 talionem
1118 941 1234 976 aliquam
1262 941 1361 969 factam
1390 941 1577 968 existimemus
1600 941 1741 968 invisibilis

954 987 1013 1020 Dei,
1037 988 1084 1015 sed
1108 988 1251 1014 credamus
1266 987 1365 1021 potius,
1391 987 1477 1021 ipsum
1498 994 1580 1013 carne
1604 990 1740 1019 assumpta

955 1034 1071 1061 animata
1096 1041 1128 1061 ac
1146 1034 1283 1064 rationali,
1299 1041 1359 1061 cum
1384 1033 1454 1062 Deus
1475 1039 1557 1065 esset,
1575 1033 1601 1061 in
1614 1033 1741 1061 similitu-

955 1081 1045 1108 dinem
1060 1081 1175 1107 hominis
1193 1080 1304 1113 l'actum,
1328 1085 1356 1107 et
1377 1081 1471 1108 habitu
1490 1080 1628 1107 inventum
1647 1086 1677 1107 ιιι
1693 1081 1741 1108 ho-

955 1127 1064 1154 minem.
1082 1126 1127 1153 Sic
1145 1133 1258 1161 magnus
1275 1131 1356 1153 rectae
1369 1126 1430 1154 ﬁdei
1450 1131 1644 1162 propugnator,
1673 1126 1740 1154 δεο-

956 1176 1006 1204 tus,
1020 1172 1141 1206 inquam,
1157 1171 1264 1204 Paulus,
1277 1171 1383 1199 diversa
1399 1179 1432 1200 ac
1450 1173 1525 1199 varia
1550 1172 1739 1200 lncreticorum

954 1225 1000 1244 ora
1017 1217 1166 1250 dissipavit.
1180 1216 1232 1244 Sed
1246 1216 1429 1251 ulteriusjam
1442 1225 1490 1244 nos
1505 1217 1633 1252 provexit
1649 1224 1741 1244 sermo

956 1267 1057 1293 noster,
1085 1262 1149 1289 dum
1178 1262 1367 1290 haereticorum
1391 1263 1530 1291 vesaniam
1558 1263 1690 1298 coarguit.
1715 1266 1742 1290 et

956 1314 1036 1336 rectm
1050 1308 1111 1336 fidei
1133 1308 1249 1335 alumnis
1263 1310 1388 1344 dogmata
1405 1309 1527 1336 veritatis
1538 1310 1642 1343 pandit.
1672 1309 1743 1343 Ergo

953 1355 1007 1389 jam
1024 1360 1128 1388 tempus
1142 1359 1183 1381 est
1199 1354 1271 1388 illuc,
1290 1354 1360 1382 unde
1370 1354 1558 1387 discessimus,
1575 1355 1740 1383 revertrndi.

956 1430 1000 1458 XI.
1019 1430 1102 1465 Cujus
1117 1439 1155 1457 ret
1172 1431 1258 1465 gratia
1278 1432 1420 1456 humanam
1435 1434 1559 1457 naturam
1581 1429 1650 1456 Deus
1680 1427 1743 1455 Ver-

1216 1466 1275 1492 bum
1295 1466 1475 1500 assumpserit.

1004 1522 1087 1557 Igitur
1120 1527 1244 1548 naturam
1279 1525 1398 1547 ttostram
1427 1520 1538 1547 Creator
1568 1520 1702 1546 miserans
1727 1526 1741 1545 a

955 1569 1025 1596 malo
1039 1568 1162 1595 daemone
1177 1571 1372 1602 oppugnatam,
1385 1571 1412 1593 et
1428 1565 1535 1593 acerbis
1548 1565 1651 1601 peccati
1662 1564 1742 1599 sagit-

956 1616 988 1642 tis
1000 1613 1328 1646 vulneratam,mortique
1341 1612 1488 1643 addictam,
1512 1609 1646 1646 propriam
1670 1610 1742 1636 ultus

954 1663 994 1685 est
1020 1659 1175 1694 imaginem,
1194 1659 1342 1692 hostesque
1369 1657 1544 1692 propulsavit,
1576 1656 1648 1683 haud
1676 1655 1742 1682 solis

953 1705 1063 1732 deitatis
1086 1705 1187 1731 viribus
1216 1710 1310 1736 utens,
1330 1711 1417 1737 neque
1445 1702 1594 1737 majestalis
1621 1700 1741 1735 potentia

954 1751 1146 1778 colluctatOres
1179 1750 1335 1784 proﬂigatis,
1375 1757 1428 1776 non
1464 1749 1621 1782 angelorum
1655 1748 1740 1773 aciem

955 1795 1102 1825 instruens,
1116 1801 1204 1828 neque
1219 1793 1396 1828 archangelos
1416 1793 1565 1819 auxiliares
1586 1798 1739 1822 assumens,

954 1847 1007 1867 non
1025 1839 1136 1866 fulmina
1154 1844 1202 1865 aut
1219 1840 1339 1866 turbines
1356 1844 1450 1866 contra
1472 1839 1596 1865 inimicos
1618 1845 1740 1868 armatis.

953 1892 1040 1919 neque
1050 1893 1110 1911 cum
1132 1884 1288 1911 cherubiuis
1301 1886 1326 1911 in
1342 1890 1412 1911 terra
1425 1891 1557 1918 apparens
1570 1883 1740 1910 adversarios

953 1938 1001 1964 pro
1017 1930 1143 1957 tribunali
1167 1931 1350 1957 condcmuans
1372 1930 1443 1963 ;sed
1472 1934 1599 1964 tanquam
1626 1935 1694 1956 unus
1708 1929 1741 1955 de

953 1977 1006 2004 reis
1020 1976 1347 2011 oppugnatisquefaetns,
1374 1976 1537 2010 deitatisque
1564 1975 1741 2010 magniﬁcen-

954 2022 1016 2049 tiam
1031 2021 1135 2049 vilitate
1155 2022 1330 2049 humanitatis
1352 2021 1454 2054 celans,
1486 2021 1570 2057 816
1587 2029 1621 2047 m.
1646 2019 1740 2047 visibi-

951 2068 1003 2095 lem
1015 2068 1150 2095 hominem
1169 2067 1201 2094 ad
1218 2075 1334 2103 pugnata
1351 2067 1550 2100 corroboravit,
1565 2071 1593 2094 et
1607 2067 1736 2093 victorem

951 2114 1093 2142 coronavit
1113 2112 1225 2147 :ctjam
1241 2114 1304 2140 inde
1322 2121 1335 2140 a
1353 2113 1444 2148 pueris
1467 2113 1596 2140 virtutem
1620 2112 1739 2140 edocuit.

954 2164 1035 2194 atque
1050 2159 1083 2187 ad
1102 2158 1217 2192 justitite
1232 2159 1338 2185 culmen
1361 2158 1495 2192 provexit,
1521 2157 1652 2184 invictum
1678 2163 1739 2183 ser-

952 2214 1028 2239 vans,
1047 2211 1073 2233 et
1088 2205 1190 2240 peccati
1208 2205 1269 2232 telis
1285 2205 1444 2236 immunem,
1482 2203 1643 2238 permittens
1660 2203 1739 2229 simul

955 2258 984 2280 ut
1016 2253 1096 2280 morti
1132 2252 1332 2283 succumberet,
1360 2257 1414 2284 qtto
1443 2250 1546 2284 peccati
1581 2249 1739 2283 injustitiatn

957 2302 1126 2333 coarguerct,
1141 2301 1169 2324 et
1192 2297 1288 2324 mortis
1306 2294 1454 2328 potentiam
1471 2295 1634 2322 destrueret.

107 2342 198 2376 λάξας,
224 2345 270 2370 καὶ
299 2345 353 2370 τῶν
375 2345 460 2379 βελῶν
479 2346 528 2380 τῆς
559 2345 695 2380 ἁμαρτίας
727 2346 878 2381 ἐλεύθερον,
905 2347 1084 2380 συγχωρήσας
1106 2343 1136 2370 δὲ
1159 2343 1234 2378 ὅμως
1255 2342 1308 2368 ὑπὸ
1335 2340 1450 2367 θάνατον
1475 2340 1611 2374 γενέσθαι,
1633 2340 1675 2366 ἵνα
1693 2339 1741 2374 τῆς

108 2389 243 2425 ἁμαρτίας
260 2391 308 2425 τὴν
345 2391 452 2417 ἀδικίαν
485 2391 602 2426 ἐλέγξῃ,
636 2391 682 2418 καὶ
710 2392 757 2418 τοῦ
791 2393 906 2420 θανάτου
934 2392 1075 2428 καταλύσῃ
1105 2390 1135 2416 τὸ
1158 2390 1265 2424 κράτος.

141 2464 172 2490 Εἰ
189 2465 244 2499 γὰρ
257 2464 311 2491 τῶν
327 2464 380 2490 ὑπὸ
394 2464 445 2499 τὴν
460 2465 598 2500 ἁμαρτίαν
615 2465 805 2500 γεγενημένων
821 2467 834 2492 6
851 2466 898 2493 Θά-

106 2518 185 2542 νατος
201 2511 348 2546 ἐπιτίμιον,
360 2512 374 2537 6
387 2511 489 2545 ταύτης
499 2511 710 2546 ἀπηλλαγμένος
725 2512 894 2544 παντάπασι,

105 2555 225 2590 δηλονότι
242 2556 316 2591 ζωῆς
338 2556 496 2587 ἀπολαύειν,
516 2557 573 2583 ἁλλ’
591 2557 621 2582 οὺ
648 2557 774 2588 θανάτου,
797 2557 898 2589 δίκαιος

106 2598 156 2634 ἦν’
172 2602 261 2628 τοίνυν
281 2601 427 2637 ἡττηθεῖσα
449 2602 467 2637 ἡ
487 2602 627 2637 ἁμαρτία,
648 2601 694 2628 καὶ
717 2601 762 2628 τὸν
785 2601 898 2637 νικητὴν

110 2648 296 2683 κατακρίνασα
317 2647 444 2683 θανάτῳ,
465 2648 512 2674 καὶ
535 2647 585 2683 τὴν
608 2647 693 2683 αὐτὴν
720 2647 899 2681 ἑξενεγκοῦσα

110 2693 179 2719 κατὰ
191 2694 240 2720 τοῦ
255 2694 428 2730 νενικηκότος
441 2693 541 2729 ψῆφον,
557 2695 590 2729 ἢν
604 2693 648 2721 ἀεὶ
663 2693 733 2720 κατὰ
746 2693 799 2720 τῶν
811 2694 899 2727 ἡττω-

110 2739 194 2772 μένων
209 2740 348 2777 ἐξέφερεν,
362 2740 492 2767 ἀδικοῦσαι
508 2740 588 2768 ὲάλω.
599 2741 688 2776 Μέχρι
703 2739 752 2776 μὲν
763 2741 820 2775 γὰρ
834 2739 897 2769 τοὺς

110 2785 243 2820 ὑπηκόους
256 2787 294 2823 τῷ
307 2786 414 2822 Θανάτῳ
427 2787 618 2823 παρέπεμπεν,
630 2787 666 2819 ὡς
677 2787 768 2814 δίκαια
784 2784 897 2812 ποιοῦσα

144 2878 187 2892 ’δυ
202 2877 317 2914 Philipp.
340 2886 368 2910 ιι,
385 2879 411 2909 τ,
431 2878 455 2905 s.

988 2465 1053 2492 Nam
1076 2464 1098 2492 si
1119 2471 1210 2490 eorum
1237 2462 1280 2496 qui
1304 2465 1416 2496 pet-cato
1443 2459 1641 2486 succubuerunt
1660 2465 1739 2493 poena

952 2519 1025 2539 mors
1049 2517 1099 2543 est,
1127 2511 1149 2537 is
1174 2511 1218 2543 qui
1245 2512 1355 2543 peccato
1379 2514 1491 2541 prorsus
1514 2505 1600 2532 fuerat
1625 2505 1740 2534 alienus,

953 2559 1007 2584 vita
1033 2557 1138 2585 scilicet
1164 2550 1236 2588 frui,
1258 2562 1310 2581 nott
1339 2556 1453 2580 mortem
1476 2551 1531 2586 pali
1553 2550 1648 2586 dignus
1671 2557 1740 2577 erat.

939 2603 1037 2630 ~Porro
1049 2604 1151 2630 victum
1168 2605 1309 2636 peccatqu
1337 2607 1397 2626 cum
1415 2599 1502 2633 ipsutn
1517 2598 1644 2624 victorem
1660 2597 1739 2623 morti

948 2649 1108 2681 addixisset,
1122 2648 1299 2681 eamdemque
1308 2647 1438 2672 adversus
1452 2642 1646 2671 dominatorem
1660 2649 1738 2668 suum

948 2694 1110 2721 sententiam
1126 2693 1241 2725 tulisset,
1258 2699 1339 2727 quam
1353 2695 1482 2725 perpetuo
1499 2693 1594 2716 contra
1614 2687 1739 2714 subditos

947 2746 1019 2773 suos,
1036 2739 1199 2769 exercebat,
1227 2736 1326 2770 injuste
1351 2742 1432 2770 agere
1457 2734 1656 2768 deprehensum
1685 2735 1737 2758 est.

948 2785 1014 2813 Nam
1032 2783 1150 2819 quandiu
1169 2788 1307 2817 peccatum
1326 2782 1447 2810 subditos
1477 2788 1541 2809 suos
1561 2783 1646 2807 morte
1668 2776 1739 2804 mul-
