1907 3038
48 195 111 224 ιιδτ

48 251 91 279 καὶ
103 250 150 281 δεῖ,
166 247 289 283 καθάπερ
299 247 396 283 ἐκείνῳ
403 249 454 282 τῆς
468 247 611 279 κοινωνίας
627 248 666 284 (1)
679 249 825 284 ἑκοινωνή-
840 253 864 281 Α

50 304 137 331 σαμεν,
150 294 234 326 οὕτως
248 294 320 329 ἡμᾶς
333 293 534 320 συναπολαῦσαι
549 293 603 320 τῶν
617 293 726 331 ἀγαθῶν
743 294 782 330 τῷ
798 295 828 327 ἐξ

48 341 120 378 ἡμῶν
133 341 181 376 μὲν
193 339 383 374 ἀναληφθέντι,
397 339 466 375 ὑπὲρ
481 339 560 374 ἡμῶν
572 339 600 366 δὲ
614 340 810 374 στεφανωθέντι
819 348 825 356 ’

48 387 84 414 διὸ
96 386 140 412 καὶ
155 386 168 411 ὁ
183 384 253 416 θεῖος
264 385 423 416 Ἀπόστολος
436 384 538 419 ἔλεγεν,
552 385 593 411 ὅτι
610 395 618 410 t
633 385 687 416 Οὓς
704 386 829 420 προέγνω

50 431 92 457 καὶ
107 429 240 465 προώρισε
256 429 435 464 συμμόρφους
449 428 500 463 τῆς
517 428 620 460 είκόνος
635 427 681 454 τοῦ
698 427 764 454 Υίοῦ
782 428 830 454 αὺ-

49 476 100 508 τοῦ,
117 476 155 506 εἰς
168 475 197 500 τὸ
215 473 284 501 εἶναι
301 475 382 502 αὐτὸν
399 475 570 510 πρωτότοκον
587 475 616 501 ἐν
633 474 740 506 πολλοῖς
754 474 829 500 ἀδελ-

51 524 116 556 φοῖς
132 520 176 552 οὒς
191 521 271 552 αὐτὸς
286 520 433 556 προώρισε,
446 520 558 552 τούτους
573 521 618 547 καὶ
635 520 747 547 ἐκάλεσε
760 529 766 535 ⁸
783 520 830 547 καὶ

50 567 90 598 οὓς
108 566 236 599 ἐκάλεσε,
253 567 365 598 τούτους
390 567 437 593 καὶ
461 566 620 593 ἐδικαίωσε·
639 567 686 593 καὶ
708 565 755 598 οὒς
780 566 831 593 ‘56:-

51 612 154 643 καίωσε,
174 612 284 643 τούτους
299 613 345 638 καὶ
361 611 480 644 ὲδόξασε.
495 621 505 638 ι
523 613 577 638 Καὶ
591 612 724 647 ἑτέρωθεν
740 612 829 646 λέγει*

54 660 101 686 ιΕἰ
111 659 138 685 δὲ
152 658 244 689 τέκνα,
258 658 304 684 καὶ
317 657 497 694 κληρονόμοι·
514 658 677 694 κληρονόμοι
694 658 743 693 μὲν
753 658 830 690 Θεοῦ,

52 703 259 738 συγκληρονόμοι
271 703 299 729 δὲ
317 703 434 738 Χριστοῦ
446 712 452 718 ·
469 703 549 738 εἴπερ
563 704 611 730 καὶ
624 704 830 738 συμπάσχομεν,

53 751 91 777 [να
105 750 149 776 καὶ
161 749 394 785 συνδοξασθῶμεν.
409 759 418 775 ι
434 750 489 776 Καὶ
503 750 620 785 ἀλλαχοῦ
634 759 640 765 ·
659 759 668 775 t
684 750 714 776 Εἰ
729 750 832 784 ὑπομέ-

52 804 135 830 νομεν,
154 796 200 822 καὶ
218 795 480 831 συμϐασιλεύσομεν.
493 805 503 822 ι
527 796 613 831 ’Υπὲρ
637 796 727 829 πάσης
743 795 831 822 τοίνυν

52 842 94 876 τῆς
116 841 250 876 ἡμετέρας
269 842 375 875 φύσεως
395 843 409 868 ό
423 841 470 868 τοῦ
493 841 560 868 Θεοῦ
585 841 651 873 Θεὸς
674 841 759 875 Λόγος
783 841 833 876 τὴν

52 887 178 922 ἡμετέραν
192 888 318 923 ἀπαρχὴν
331 887 485 921 ἁνελάϐετο,
504 888 548 914 ἵνα
566 887 611 914 διὰ
631 887 723 922 πάσης
742 887 827 922 αὐτὴν

53 933 145 968 ἀρετῆς
160 933 282 968 ἀγαγὼν,
302 934 342 965 εἰς
367 933 455 969 πάλην
477 933 526 968 μὲν
543 933 684 969 προτρὲψῃ
705 932 751 959 τὸν
767 933 830 958 ἀντ·
846 925 867 952 Β

53 979 211 1014 αγωνιστὴν,
235 979 308 1015 δείξῃ
332 979 360 1005 δὲ
378 980 424 1006 τὸν
452 979 572 1014 ἀθλητὴν
613 979 765 1014 ἀήττητον·
785 978 831 1004 καὶ

52 1025 136 1052 τοῦτον
153 1025 202 1060 μὲν
221 1024 390 1061 στεφανώσῃ,
403 1025 506 1051 ἐκείνου
517 1025 546 1051 δὲ
558 1024 608 1060 τὴν
617 1022 700 1060 ἧτταν
714 1023 830 1059 κηρύξῃ,

53 1072 94 1098 καὶ
109 1071 290 1106 καταθαρρεῖν
303 1071 385 1098 αὑτοῦ
402 1071 505 1102 πάντας
519 1070 732 1106 παρασκευάσῃ·
749 1069 790 1096 διὸ
804 1071 832 1096 ἐν

52 1119 101 1149 τοῖς
119 1118 199 1153 ἱεροῖς
217 1117 393 1151 Εὑαγγελίοις
411 1116 497 1149 ἔλεγε,
521 1116 569 1143 νῦν
586 1116 650 1152 μέν·
672 1125 680 1141 ι
696 1114 773 1143 Εῐδον
787 1116 832 1143 τὸν

52 1164 164 1190 Σατανᾶν
184 1164 222 1195 ὡς
248 1163 391 1198 ἀστραπὴν
413 1164 445 1189 ἐκ
466 1163 513 1189 τοῦ
537 1161 652 1198 οὐρανοῦ
669 1162 802 1189 πεσόντα·
819 1171 828 1188 ι

52 1209 94 1236 νῦν
109 1209 152 1236 δέ’
170 1219 179 1234 ι
201 1209 264 1235 Ἐάν
291 1209 327 1244 μή
347 1217 389 1240 τις
408 1208 515 1244 εἰσέλθῃ
541 1209 582 1240 εις
604 1209 654 1243 τὴν
679 1208 768 1235 οὶκίαν
785 1207 831 1234 τοῦ

54 1253 166 1290 ἰσχυροῦ,
179 1255 229 1280 καὶ
247 1254 292 1280 τὸν
308 1254 417 1289 ἰσχυρὸν
431 1254 510 1290 δήσῃ,
528 1253 586 1286 πῶς
599 1254 634 1280 τὰ
652 1254 737 1288 σκεύη
751 1253 832 1280 αὑτοῦ

51 1301 202 1336 διαρπάσει;
220 1310 228 1326 ι
245 1301 336 1326 οὶκίαν
355 1300 442 1334 λέγων
463 1300 510 1326 τοῦ
535 1299 646 1336 ἰσχυροῦ
663 1300 711 1334 τὴν
728 1299 833 1335 ἀνθρω-

52 1346 123 1373 πείαν
146 1345 240 1381 φύσιν,
258 1347 296 1377 ὡς
314 1346 381 1381 πρὸς
403 1347 506 1372 ἐκεῖνον
528 1346 764 1381 αὑτομολήσασαν,
787 1346 834 1372 καὶ

53 1393 101 1419 πᾶν
116 1392 145 1419 τὸ
161 1392 306 1420 κελευσθὲν
327 1393 372 1419 ὑπ’
398 1391 502 1419 ἐκείνου
527 1393 615 1418 ποιεῖν
634 1392 831 1427 ἁνασχομένην,

53 1439 94 1465 καὶ
107 1438 266 1474 αὐθαίρετον
283 1438 404 1466 δουλείαν
421 1439 660 1473 ἐπισπασαμένην.
679 1439 734 1465 Καὶ
753 1439 835 1465 ἅλλα-

53 1485 95 1519 χοῦ
109 1485 145 1517 δὲ,
156 1495 165 1511 t
176 1485 319 1520 Θαρσεῖτε,
329 1485 420 1520 φησὶν,
430 1484 485 1519 ἐγὼ
500 1484 629 1519 νενίκηκα
644 1484 690 1510 τὸν
704 1485 829 1519 κόσμον.»

53 1531 103 1557 Καὶ
114 1530 245 1565 ἑτέρωθεν
255 1539 262 1548 ο
278 1539 287 1556 t
304 1529 361 1557 Νῦν
377 1530 467 1566 κρίσις
480 1529 538 1556 ἐστὶ
550 1529 595 1556 τοῦ
610 1529 712 1564 κόσμου
728 1530 832 1562 τούτου,

53 1577 94 1602 νῦν
105 1578 118 1602 ό
132 1577 224 1612 ἄρχων
237 1576 284 1602 τοῦ
318 1575 421 1611 κόσμου
447 1575 644 1610 ἐκϐληθήσεται
665 1575 731 1607 ἔξω·
756 1575 833 1610 κάγὼ
848 1601 869 1612 η

55 1622 98 1648 ἐὰν
128 1622 181 1648 ἀπὸ
211 1623 260 1657 τῆς
293 1622 344 1657 γῆς
370 1621 479 1656 ὑψωθῶ,
505 1621 609 1652 πάντας
634 1621 739 1648 ἑλκύσω
766 1622 834 1657 πρὸς

54 1668 188 1702 ἐμαυτόν.»
207 1668 261 1695 Καὶ
280 1666 383 1703 προῖὼν
397 1667 425 1694 δὲ
439 1666 518 1694 τοῦτο
534 1667 607 1701 λέγει
622 1667 802 1702 σαφέστερον·

54 1734 97 1761 ll".
115 1735 173 1761 Ὅτι
190 1734 364 1773 κοινῖιᾲζῶιλ
373 1734 535 1773 ἀνθρῴπων
555 1735 714 1773 εὐεργεσία
737 1735 757 1769 ἠ
783 1735 837 1762 τοῦ

282 1771 419 1803 Σωτῆρος
432 1771 598 1804 οἰκονομία,

87 1847 96 1863 t
110 1838 175 1873 "api.
190 1837 220 1864 δὲ
233 1837 361 1873 κρίσεως,
376 1837 417 1863 ὅτι
431 1838 445 1864 ὁ
458 1837 550 1872 ἄρχων
561 1837 608 1863 τοῦ
625 1837 729 1872 κόσμου
744 1836 837 1863 τούτου

54 1883 189 1919 κέκριται·
204 1892 213 1908 ι
229 1883 277 1910 καὶ
294 1881 382 1914 αὖθις·
402 1891 410 1908 ‹
427 1883 557 1917 Ἔρχεται
569 1882 583 1908 ό
596 1882 643 1909 τοῦ
659 1883 762 1917 κόσμου
777 1882 838 1908 τού-

53 1937 96 1955 του
111 1929 212 1964 ἄρχων,
227 1929 274 1955 καὶ
287 1929 316 1955 ὲν
330 1928 392 1963 ἐμοὶ
406 1928 456 1954 οὐκ
473 1927 529 1963 ἔχει
545 1927 637 1954 οὐδέν’
652 1937 660 1953 ι
678 1927 769 1962 πάσης
784 1927 838 1963 γὰρ

54 1975 257 2011 ἀπηλλαγμένος
277 1974 376 2006 αἰτίας,
399 1974 475 2000 οὐδὲν
495 1973 552 2009 εἶχε
571 1973 625 2000 τῶν
641 1973 688 2000 τοῦ
714 1973 837 2000 διαϐόλου

55 2022 224 2057 σπερμάτων.
239 2021 285 2047 Διὸ
308 2021 355 2047 καὶ
375 2020 406 2046 τὺ
429 2021 570 2056 τυραννεῖν
587 2020 770 2052 κατέπαυσεν,
790 2021 838 2047 καὶ

54 2066 174 2099 ἐξὲῦαλεν
191 2066 253 2098 ἔξω,
269 2065 316 2092 καὶ
335 2065 387 2092 ὑπὸ
409 2065 463 2092 τῶν
486 2065 570 2092 πάλαι
589 2065 769 2092 δουλευόντων
784 2074 837 2092 πα-

53 2114 152 2139 τεῖσθαι
174 2113 322 2146 πεποίηκε,
349 2111 524 2147 παρεγγυῶν,
545 2111 592 2137 καὶ
614 2111 715 2145 λέγων·
741 2108 837 2138 (Ἰδοὺ

54 2157 144 2194 δίδωμι
158 2159 223 2193 ὑμῖν
235 2158 358 2191 ἐξουσίαν
371 2158 466 2184 πατεῖν
480 2157 572 2184 ἐπάνω
585 2157 685 2191 ὄφεων,
699 2157 747 2184 καὶ
762 2167 840 2193 σκορ-

55 2204 130 2236 πίων,
144 2205 191 2231 καὶ
204 2204 251 2230 ἐπὶ
266 2205 355 2230 πᾶσαν
370 2203 419 2238 τὴν
435 2203 548 2238 δύναμιν
562 2203 741 2238 τοῦῈχΘροῦ.
757 2214 766 2229 ι
782 2204 839 2230 Ἵνα

55 2250 81 2277 δὲ
96 2251 140 2278 καὶ
164 2251 250 2286 αὐτὴν
279 2250 379 2285 ἴδωμεν
409 2249 456 2285 τὴν
486 2250 554 2284 πρὸς
571 2250 616 2276 τὸν
647 2249 769 2283 διάϐολον
786 2250 838 2276 πά-

56 2295 111 2330 λην,
135 2296 255 2331 ἔλθωμεν
280 2296 327 2322 ἐπὶ
349 2295 397 2330 τὴν
426 2295 546 2331 ἱστορίαν
573 2295 626 2322 τῶν
651 2296 835 2330 Εὐαγγελίων.

62 2341 172 2377 ’Λνήχθη
188 2342 241 2368 ὑπο
257 2341 303 2368 τοῦ
320 2341 476 2376 Πνεύματος
495 2341 597 2375 Ἰησοῦς
613 2342 652 2372 εἰς
667 2341 715 2377 τὴν
735 2342 838 2377 ἔρημον

57 2388 122 2421 μετὰ
143 2388 174 2414 τὸ
193 2387 344 2422 βάπτισμα,
362 2387 540 2422 πειρασθῆναι
562 2387 615 2413 ὑπὸ
635 2387 680 2413 τοῦ
704 2388 837 2415 διαῦόλου.
861 2398 863 2400 ·

62 2433 175 2468 Ἀνήχθη
193 2433 222 2460 δὲ
240 2433 289 2468 οὐχ
305 2434 319 2459 ὁ
339 2433 403 2464 Θεὸς
418 2433 513 2466 Λόγος,
533 2433 589 2459 ἀλλ’
604 2433 617 2459 ὁ
632 2433 664 2459 ἐκ
684 2433 839 2468 σπέρματος

57 2477 135 2504 Δαΰὶδ
148 2479 200 2505 ὑπὸ
212 2478 258 2505 τοῦ
274 2478 341 2504 Θεοῦ
357 2478 442 2512 Λόγου
462 2478 576 2513 ληφθεὶς
593 2478 670 2509 ναός’
683 2479 714 2504 οὐ
729 2478 781 2513 γὰρ
794 2479 839 2505 τὸν

57 2523 118 2550 Θεὸν
129 2525 215 2559 Λόγον
230 2526 268 2556 εἰς
280 2525 329 2560 τὴν
342 2525 409 2560 πρὸς
423 2525 467 2551 τὸν
478 2524 599 2551 διάϐολον
611 2524 698 2558 πάλην
711 2525 839 2559 ἀπήγαγε

57 2571 86 2595 τὸ
98 2570 208 2606 Πνεῦμα
221 2571 251 2597 τὸ
266 2571 353 2605 ἅγιον,
367 2571 424 2597 ἀλλ’
434 2571 462 2597 ὂν
478 2571 507 2596 ἐν
522 2572 555 2606 τῇ
571 2571 701 2605 Παρθένῳ
713 2570 840 2597 διέκλασε

58 2615 95 2649 τῷ
106 2615 164 2650 Θεῷ
183 2616 262 2651 Λόγῳ
280 2616 353 2644 ναόν.
371 2617 479 2647 Ἀσιτος
493 2616 643 2642 διετέλεσεν
658 2616 765 2651 ἡμέρας
780 2625 841 2642 τεσ-

59 2660 218 2694 σαράκοντα,
235 2661 282 2687 καὶ
296 2660 396 2692 νύκτας
409 2660 567 2696 ἰσαρίθμους
577 2669 584 2675 ·
598 2660 628 2686 οὐ
642 2659 695 2695 γὰρ
711 2659 841 2695 ἠθέλησεν

92 2749 114 2765 ¹⁶
134 2750 212 2776 Rom.
227 2757 286 2780 vni,
305 2748 350 2779 29.
371 2749 414 2776 '50.
453 2749 550 2776 "ibid.
567 2749 611 2776 l7.

59 2784 101 2811 53.
139 2785 162 2800 ³²
180 2783 257 2812 Joan.
275 2793 323 2817 xu,
341 2785 385 2812 3L
415 2784 438 2799 ”
455 2784 519 2811 ibid.
536 2783 582 2811 5‘2.
619 2784 642 2800 "
660 2783 738 2812 Joan.
758 2791 814 2816 xvi,
831 2783 875 2811 11.

619 191 664 218 DE
684 191 943 220 INCARNATIONE
961 190 1090 220 DOMINL

847 1601 872 1631 (Σ

853 2272 876 2299 Ι)

652 2749 674 2765 ¹³
688 2749 708 2776 ll
723 2749 792 2776 Tim.
808 2756 837 2779 ll,
853 2748 896 2775 l2.

1595 186 1663 215 1658

878 251 976 282 vimus,
997 249 1035 276 ita
1054 247 1134 276 bonis
1146 254 1196 274 nos
1210 245 1292 274 simul
1309 244 1411 280 perfrui
1427 252 1486 272 cum
1509 245 1552 272 illo
1568 246 1612 278 qui
1632 246 1666 273 de

880 295 957 323 nobis
972 300 1094 329 sumptus
1116 297 1168 326 est,
1190 299 1217 320 et
1240 299 1288 327 pro
1305 291 1384 319 nobis
1402 295 1559 318 coronatus.
1578 291 1666 323 Quare

879 344 907 366 et
935 338 1013 365 divus
1039 337 1185 372 Apostolus
1212 336 1301 363 aiebat
1322 344 1329 362 :
1359 345 1368 361 ε
1387 335 1462 368 Quos
1477 335 1613 370 prmscivit
1638 341 1666 361 et

879 384 1081 420 prmdestinavit
1095 383 1248 411 conformes
1267 383 1324 410 ﬁeri
1346 383 1472 416 imaginis
1492 381 1550 408 Filii
1568 381 1621 414 sui,
1637 386 1666 407 ut

880 431 915 457 sit
931 431 989 465 ipse
1003 430 1124 465 818m.
1150 429 1347 464 primogenitns
1364 429 1388 455 in
1412 428 1505 454 multis
1523 427 1664 454 fratribus.

880 476 953 508 Quos
986 476 1045 511 ipse
1079 475 1292 509 prmdestinavit,
1313 474 1360 501 hos
1373 479 1402 501 et
1417 474 1522 500 vocavit
1538 480 1546 498 :
1561 477 1587 498 et
1599 479 1666 505 qtms

881 521 998 552 vocavit,
1016 521 1065 547 bos
1080 524 1106 547 ct
1120 519 1280 554 jnstiiicavit
1295 530 1301 546 :
1317 526 1385 553 quos
1400 516 1666 551 autetnjustiiicavit,

882 568 932 595 bos
957 572 984 594 et
1011 567 1172 601 gloriﬁcavit
1186 567 1218 593 ¹⁶.
1234 576 1243 592 ›
1270 566 1304 592 Εῑ
1320 565 1382 592 alibi
1401 565 1438 591 ait
1455 573 1462 592 :
1508 573 1516 589 ι
1533 563 1560 589 Si
1577 567 1666 588 autem

881 613 940 646 lilii,
963 613 1056 648 utique
1077 618 1105 640 et
1118 613 1240 640 han-edes
1257 620 1264 639 :
1281 612 1404 640 hatredes
1420 610 1528 645 quidem
1550 608 1606 641 Dei,
1620 614 1665 634 co-

883 660 1003 687 haaredes
1016 664 1107 687 autent
1123 659 1225 686 Christi
1243 668 1250 685 :
1278 659 1300 685 si
1323 664 1412 685 tamen
1428 656 1620 691 eompatinmr,
1640 659 1668 680 nt

881 712 910 735 et
930 705 1211 741 eonglorilicemur".
1229 714 1238 731 ι
1264 704 1298 731 Et
1322 704 1386 731 alibi
1402 713 1408 731 ε
1426 713 1435 729 ε
1451 703 1479 729 Si
1505 701 1668 729 sustinueri-

882 760 950 784 nms,
970 753 1052 779 etiatn
1066 751 1294 784 conregnabimus
1307 750 1340 777 ‘3.
1358 759 1367 775 ι
1389 749 1441 775 Pro
1459 749 1582 775 universa
1603 754 1669 781 ergo

882 804 979 826 natura
997 802 1089 824 nostra
1106 797 1153 824 Dei
1171 796 1290 823 Verbum
1308 795 1380 821 Deus
1401 792 1601 821 inchoationem
1619 800 1669 818 no-

881 851 966 873 stram
983 843 1111 878 suscepit,
1129 847 1158 870 ut
1172 850 1232 870 eam
1253 849 1300 876 per
1314 847 1421 869 omnem
1439 839 1566 866 virtutem
1585 838 1670 864 dedu-

884 898 959 923 cens,
977 890 1009 917 ad
1030 893 1168 917 certamen
1190 891 1354 922 provocaret
1371 885 1567 916 adversarium,
1592 891 1669 910 suum

883 944 947 964 vero
961 936 1093 963 athletam
1112 935 1243 962 invictum
1256 935 1397 967 praestaret
1414 940 1421 958 :
1437 936 1464 958 et
1477 931 1547 957 hunc
1561 930 1669 964 quidem

882 986 1037 1013 coronarel,
1054 980 1125 1007 illius
1139 984 1228 1006 autem
1243 979 1346 1006 cladem
1362 976 1554 1011 proclamaret,
1570 979 1597 1002 et
1610 983 1671 1001 om-

883 1028 962 1054 nibus
978 1027 1108 1054 adversus
1126 1026 1200 1052 illum
1218 1024 1360 1052 audaciam
1382 1027 1504 1057 augeret.
1522 1021 1628 1048 Idcirco
1644 1021 1669 1047 in

883 1073 967 1102 sacris
981 1072 1133 1107 Evangeliis
1148 1073 1227 1098 modo
1245 1070 1334 1097 aiebat
1352 1078 1359 1096 :
1375 1078 1384 1094 (
1399 1068 1527 1096 Videbam
1542 1066 1670 1093 Satanam

882 1120 954 1147 sicut
982 1119 1072 1154 fulgur
1093 1119 1127 1145 de
1148 1117 1217 1145 caelo
1241 1116 1382 1144 cadentem
1395 1115 1431 1148 ";
1449 1122 1458 1139 ι
1485 1121 1556 1140 nunc
1584 1121 1670 1140 vero:

886 1175 896 1191 ‹
913 1164 968 1191 Nisi
989 1166 1051 1199 quis
1072 1163 1099 1190 in
1125 1163 1202 1190 fortis
1220 1162 1329 1189 domum
1350 1159 1504 1191 intraverit,
1522 1158 1672 1192 fortemque

883 1210 1044 1245 alligaverit,
1057 1209 1193 1244 quomodo
1207 1216 1270 1236 vasa
1284 1207 1343 1242 ejus
1354 1206 1465 1241 diripiet
1478 1205 1521 1231 ὀἳ
1537 1215 1547 1231 ι
1564 1206 1671 1232 domum

885 1257 963 1284 fortis
978 1258 1072 1284 dicens
1088 1257 1235 1283 humanam
1252 1258 1387 1285 naturam,
1406 1260 1455 1279 ceu
1469 1259 1527 1285 qua:
1546 1251 1579 1278 ad
1598 1251 1671 1277 illum

884 1302 1044 1337 profugerit,
1063 1306 1091 1329 et
1105 1301 1194 1328 omnia
1215 1300 1301 1334 ipsius
1319 1299 1446 1325 mandata
1466 1297 1578 1331 exsequi
1594 1302 1672 1330 passa

886 1349 977 1381 fuerit,
989 1348 1185 1382 servitiumque
1198 1346 1250 1373 sibi
1269 1350 1365 1380 sponte
1379 1344 1547 1378 imposuerit.
1563 1343 1593 1370 Et
1609 1343 1672 1369 alibi

885 1401 1011 1428 quoque:
1029 1402 1038 1418 ‹
1051 1393 1194 1424 Conﬁdite,
1221 1391 1318 1426 inquit,
1338 1397 1389 1424 ego
1402 1389 1455 1416 vici
1472 1389 1599 1416 mundum
1611 1388 1644 1413 ²¹.
1662 1396 1671 1412 ι

887 1441 918 1467 Et
930 1440 981 1467 alio
991 1441 1050 1467 loco
1063 1448 1071 1467 :
1083 1448 1092 1465 t
1104 1438 1179 1466 Nune
1188 1437 1318 1472 judicium
1330 1440 1371 1463 est
1383 1435 1486 1467 tnundi,
1501 1441 1570 1460 nunc
1581 1432 1674 1460 muth

886 1487 1009 1521 princeps
1038 1486 1161 1521 ejicietur
1183 1484 1256 1512 [oras
1271 1484 1308 1516 ";
1327 1492 1336 1508 ι
1354 1487 1381 1509 et
1394 1491 1403 1507 ‹
1419 1481 1475 1515 Εεο
1502 1480 1524 1507 si
1538 1479 1675 1506 exaltatns

886 1532 962 1560 fuero
978 1541 992 1559 a
1017 1537 1100 1563 terra,
1118 1538 1213 1558 omnes
1228 1530 1335 1557 traham
1352 1528 1385 1554 ad
1403 1534 1446 1553 me
1461 1526 1549 1561 ipsum
1561 1524 1594 1551 ”.
1612 1531 1622 1549 ι
1642 1522 1675 1549 ΕΙ.

887 1587 968 1614 porro
984 1585 1108 1612 pergens,
1129 1576 1155 1604 id
1174 1577 1260 1610 ipsum
1277 1574 1379 1602 clarius
1393 1573 1478 1599 dicit:

887 1733 956 1762 XIII.
978 1731 1054 1766 Quod
1068 1739 1203 1760 commune
1215 1739 1278 1764 erga
1297 1730 1417 1766 homines
1429 1726 1580 1760 henrﬁrinnt
1595 1724 1676 1759 fuerit

1119 1763 1266 1794 Senatorio
1284 1763 1445 1792 incuruatt‘u.

926 1847 934 1862 ι
953 1835 1103 1871 Dejudicio
1124 1834 1244 1869 quidetn,
1261 1834 1323 1867 quia
1340 1833 1466 1867 princeps
1485 1831 1577 1857 mundi
1596 1829 1676 1866 hujus

887 1881 941 1915 jam
968 1880 1107 1914 judicatus
1126 1878 1212 1905 est“.
1230 1887 1238 1903 ι
1264 1878 1296 1904 Et
1322 1884 1434 1903 riu-sus:
1453 1886 1462 1902 ι
1481 1875 1559 1902 Venit
1584 1876 1674 1902 mnndi

888 1924 967 1958 hujus
983 1924 1119 1958 princeps,
1136 1927 1163 1949 ct
1178 1922 1204 1948 in
1222 1929 1264 1948 me
1279 1926 1338 1947 non
1356 1921 1434 1947 habet
1448 1920 1594 1954 quidquam
1604 1919 1626 1934 ’⁸
1641 1927 1646 1946 :
1664 1928 1675 1944 ι

889 1977 1016 2005 namque,
1027 1968 1100 1995 omni
1115 1967 1230 1995 crimine
1243 1966 1358 1999 alienus,
1377 1965 1447 1992 trulla
1461 1965 1560 1992 diaboli
1573 1965 1675 1992 semina

889 2016 1015 2043 habebat.
1031 2013 1109 2041 Unde
1123 2019 1152 2040 et
1169 2013 1240 2039 hunc
1254 2011 1396 2047 tyrannide
1411 2011 1545 2045 deposuit,
1564 2017 1590 2037 et
1605 2011 1679 2037 foras

888 2060 980 2095 ejecit,
999 2064 1025 2087 et
1044 2060 1151 2086 illorttm
1173 2059 1218 2094 qui
1243 2065 1322 2084 antea
1340 2057 1365 2085 ei
1393 2057 1548 2084 serviebant
1565 2056 1677 2090 pedibus

889 2106 1018 2140 subjecit,
1046 2105 1193 2132 adhortans
1223 2104 1369 2138 diccnsquc
1390 2111 1397 2130 :
1418 2112 1427 2129 ι
1443 2102 1514 2129 Ecce
1540 2110 1589 2136 ego
1616 2101 1677 2128 dedi

889 2152 965 2179 vobis
982 2155 1142 2186 potestatem
1157 2150 1279 2177 calcandi
1299 2157 1380 2183 supra
1402 2152 1543 2181 serpentes
1559 2153 1585 2173 et
1602 2154 1676 2173 scor-

889 2199 993 2234 piones,
1016 2204 1043 2226 et
1058 2206 1139 2233 super
1155 2205 1263 2224 omnem
1286 2196 1412 2223 virtutem
1434 2194 1538 2221 lnitnici
1553 2194 1586 2220 ".
1605 2203 1614 2218 ι
1630 2194 1678 2219 At-

891 2254 942 2280 que
958 2251 987 2272 ut
1004 2245 1089 2280 ipsam
1103 2245 1235 2270 adversus
1248 2241 1384 2268 diabolum
1398 2241 1498 2268 lnclam
1514 2245 1676 2274 spectemus,

892 2283 923 2317 ad
950 2289 1132 2323 cvangeliram
1145 2286 1265 2322 819m.
1290 2286 1431 2313 historiam
1454 2285 1603 2311 veniamus.
1625 2284 1674 2310 Du-

892 2341 951 2363 ctus
973 2341 1014 2362 est
1037 2343 1052 2362 a
1076 2334 1177 2368 Spiritu
1205 2333 1231 2359 in
1255 2333 1392 2358 desertum
1415 2330 1492 2358 Jesus
1513 2335 1572 2365 post
1591 2330 1679 2364 hapti~

892 2390 980 2410 snlum
993 2385 1021 2408 ut
1043 2384 1194 2408 tentaretur
1210 2387 1223 2405 a
1236 2378 1342 2405 diabolo
1352 2378 1384 2404 ³⁷.
1400 2376 1515 2403 Dnctum
1532 2380 1573 2402 est
1588 2381 1676 2401 autem

891 2436 944 2455 non
960 2427 1007 2455 Dei
1020 2426 1150 2457 Verbum,
1163 2425 1211 2453 sed
1225 2425 1290 2452 illud
1305 2432 1338 2451 ex
1354 2424 1464 2451 Davidis
1481 2424 1583 2450 semine
1597 2430 1611 2449 a
1625 2423 1678 2448 Deo

895 2474 981 2502 Verbo
1000 2473 1127 2507 letnplutn
1142 2477 1320 2506 assumpttun.
1340 2469 1397 2497 Non
1415 2470 1487 2497 cnitn
1508 2467 1592 2496 Deum
1611 2467 1678 2496 Ver-

889 2520 951 2547 bum
972 2520 1005 2546 ad
1023 2518 1179 2545 luctandum
1203 2525 1264 2544 cum
1289 2516 1398 2543 diabolo
1422 2515 1534 2542 abduxit
1561 2514 1678 2548 Spiritus

889 2571 1009 2597 sanctus,
1028 2565 1074 2592 sed
1091 2564 1165 2596 illud,
1182 2564 1302 2597 inquam,
1322 2562 1392 2598 quod
1409 2570 1442 2589 ex
1454 2561 1563 2596 Virgine
1577 2559 1678 2586 fortna-

890 2615 965 2638 verat
990 2609 1045 2637 Deo
1074 2609 1162 2638 Verbo
1192 2609 1332 2643 templutn.
1365 2606 1551 2634 Perseveravit
1569 2604 1679 2640 jejunus

891 2658 1069 2693 quadraginta
1086 2658 1191 2690 diebus,
1206 2656 1372 2689 totidemque
1387 2653 1521 2681 noctibus.
1536 2652 1594 2680 Non
1605 2651 1679 2679 enint

938 2749 958 2764 ¹⁹
977 2747 1042 2775 Luc.
1059 2757 1088 2778 x.
1109 2747 1151 2774 18.
1190 2748 1212 2763 ¹⁰
1228 2746 1324 2774 Matth.
1339 2754 1387 2778 ιιι,
1401 2747 1446 2774 29.
1495 2746 1515 2761 ¹¹
1530 2745 1674 2773 Jnatt.m,

913 2784 935 2799 ’⁸
949 2783 1027 2811 Joan.
1045 2791 1099 2815 xtv,
1115 2782 1159 2810 30.
1196 2783 1219 2798 ’θ
1235 2783 1300 2810 an.
1321 2791 1347 2815 x,
1362 2782 1406 2809 19.
1444 2782 1464 2796 ³⁷
1482 2780 1576 2807 Matth.
1595 2788 1632 2811 iv,
1649 2779 1674 2806 Ι.

94 2874 131 2909 (l)
151 2875 187 2901 Ita
201 2875 260 2902 cod.
277 2874 430 2905 κοινωνίας,
443 2881 501 2907 quae
516 2873 542 2909 si
576 2873 656 2900 lectio
686 2881 750 2901 sana
780 2878 821 2901 est

890 2873 961 2901 hilve
986 2874 1072 2906 deest,
1090 2873 1196 2900 videtur
1223 2873 1387 2906 idiotismus,
1411 2872 1447 2900 uti
1473 2876 1512 2900 est
1536 2869 1623 2902 κοινὸς
1648 2869 1674 2897 in

61 2907 143 2937 sueris
156 2909 247 2938 Bibliis
260 2917 308 2945 pro
319 2909 445 2943 pollutus,
460 2907 596 2942 profanus.
