1907 3038
217 169 286 197 “39

703 169 732 197 S.
753 167 893 196 CYRILLI
911 166 1145 195 ALEXANDRINI
1164 166 1325 196 ARCHIEP.

1781 165 1846 195 ιηο

216 225 302 251 voluit
313 231 406 251 eorum
418 224 465 259 qui
479 224 544 252 olim
553 224 744 260 jejunavcraut
755 232 908 252 mensuram
921 232 999 252 exce-

1052 223 1201 259 ὑπερὸἧναι
1218 224 1272 251 τῶν
1286 224 1369 251 πάλαι
1389 223 1607 258 νενηστευκότων
1620 221 1653 249 τδ
1670 222 1786 258 μέτρον,
1802 223 1844 249 ἵνα

215 271 292 303 dere,
314 279 346 298 ne
362 271 493 298 adversus
511 278 541 298 se
557 277 673 305 pugnam
702 271 876 298 adversarius
891 271 999 305 defuge-

217 321 269 348 ret.
284 325 328 348 ne,
342 316 461 350 inquam,
472 323 506 344 eo
521 316 565 350 qui
583 316 705 344 occultus
716 322 775 344 erat
786 318 888 352 agnito,
903 317 997 344 luctari

215 370 277 389 cum
302 362 446 389 manifesto
473 367 621 390 recusaret.
646 362 732 395 Hujus
754 364 794 390 rei
821 371 914 395 causa,
939 368 1000 398 post

217 409 375 442 praedictum
392 407 495 435 dierum
513 416 666 442 numerum,
686 409 809 437 humana:
823 414 925 437 natural
939 417 1000 444 pas-

216 454 320 481 sionem
335 452 474 488 patefecit,
491 454 615 488 permisit
633 454 695 481 fatui
711 455 824 487 aditum,
839 454 910 482 fatue
926 455 999 481 vide-

217 498 279 525 licet
296 505 388 525 ansam
406 497 514 526 diabolo
535 499 668 534 prmbens.
692 498 750 526 Non
775 501 848 527 enim
871 501 999 528 accedere

217 544 345 576 audebat,
362 545 424 578 quia
441 545 525 572 multa
541 546 574 572 ab
594 553 627 573 eo
645 546 724 581 digna
746 545 802 573 Deo
819 546 887 573 facta
902 547 999 574 obser-

216 599 336 620 vaverat.
356 594 478 627 Namque
494 598 522 621 et
544 593 630 628 angeli
647 600 679 620 eo
695 597 759 620 nato
775 593 999 627 tripudiaverant,

216 644 244 668 et
260 645 384 668 exortum
397 641 471 668 sidus
485 647 579 675 magos
593 640 743 667 deduxerat
754 639 787 667 ad
801 639 998 671 adorationem,

217 693 313 720 nempe
331 686 451 721 ejusdem
471 686 575 714 ordinis
590 686 791 721 antesignanos,
806 689 833 712 et
855 685 942 719 Ipsum
961 684 1000 711 vi-

216 732 293 759 derat
305 732 361 765 jam
378 732 439 759 inde
455 739 470 759 a
486 732 601 766 pueritia
622 731 697 758 omni
708 731 822 766 justiti:
835 731 967 762 deditum,
984 737 999 756 a

216 777 337 812 nequitia
355 778 558 809 abhorrentem,
576 777 686 804 malitia:
702 783 828 810 osorem;
848 781 928 810 atque
943 776 1001 803 luec

216 824 363 851 secundum
386 823 489 851 editum
524 824 557 852 de
582 831 615 851 eo
641 831 656 850 a
677 823 807 858 propheta
831 822 999 855 vaticinium,

215 868 342 903 quoniam
363 878 372 895 l
387 869 546 904 Priusquam
572 874 718 904 cognoscat
746 869 803 904 ipse
829 868 928 896 borium
956 869 999 894 vol

216 913 327 946 malum,
343 922 395 941 non
413 915 505 942 credet
525 915 644 947 malitiae,
663 919 692 942 ut
711 914 874 949 eligatqnod
898 914 998 941 bonum
1017 916 1038 942 Β

216 960 290 987 est"
306 960 357 995 (l).
374 970 383 986 ι
418 960 560 988 Clamabat
582 969 690 996 quoque
720 960 839 988 Joannes
867 968 874 988 :
899 970 908 986 ι
933 961 1000 987 Ecce

217 1013 303 1039 agitus
326 1005 384 1038 Dei,
407 1006 452 1042 qni
480 1007 549 1034 tollit
572 1012 712 1041 peceatum
736 1007 829 1034 mundi
841 1008 874 1034 ".
889 1016 898 1032 ι
919 1005 1001 1033 Pater

217 1050 332 1085 desuper
349 1051 497 1078 testabatur
512 1060 519 1079 :
539 1061 548 1077 ι
565 1051 614 1078 Hic
628 1057 668 1079 est
685 1041 773 1079 Filius‘
781 1059 856 1079 meus
872 1052 999 1083 dilectus,

218 1097 245 1123 in
264 1104 317 1130 quo
335 1097 399 1124 mihi
421 1097 571 1132 complacni
585 1097 619 1125 '°.
636 1107 645 1123 ι
665 1097 756 1125 Gratia
778 1097 894 1132 denique
914 1097 1001 1132 Spiri-

218 1147 261 1169 tus
276 1142 361 1170 sancti
377 1143 543 1177 supervenit.
558 1143 620 1170 Haec
637 1147 664 1170 et
683 1143 816 1177 ejusmodi
838 1143 890 1170 alia
909 1143 999 1170 diabo-

217 1187 272 1214 lum
295 1187 504 1220 terrefacienlia,
529 1196 581 1215 non
605 1189 730 1216 sinebant
752 1189 882 1216 accedere
897 1189 929 1215 ad
952 1197 1000 1215 no-

217 1237 281 1259 strae
300 1236 403 1260 natura:
426 1233 564 1260 athletam.
584 1233 636 1261 Sed
656 1238 797 1268 postquam
821 1234 844 1261 is
862 1233 940 1261 famis
954 1240 999 1260 ac-

217 1285 323 1304 cessum
339 1277 459 1312 admisit,
478 1279 620 1313 ipsumque
635 1279 703 1307 vidit
716 1279 825 1306 humani
842 1278 1000 1306 nutrimenti

218 1323 349 1358 indigum,
367 1331 454 1358 neque
473 1325 541 1351 ultra
557 1325 730 1359 antiquorum
746 1325 885 1352 hominum
908 1330 1002 1352 ternu-

219 1375 282 1394 num
299 1368 398 1396 durare
410 1369 555 1401 valentem,
573 1375 636 1396 tunc
653 1369 780 1401 accessit,
797 1377 890 1397 ansam
906 1370 1002 1397 existi-

219 1422 296 1442 mans
321 1421 350 1442 se
374 1415 480 1449 cepisse
505 1415 668 1448 maximam,
696 1415 857 1452 facilemque
887 1417 1001 1444 credens

217 1459 359 1486 victoriam
381 1459 541 1487 relaturum.

250 1514 369 1550 820m.
393 1514 460 1542 XIV.
482 1514 618 1547 Quomodo
648 1517 782 1544 diabolum
798 1517 965 1544 debellaverit

474 1550 592 1578 Christus
612 1551 748 1579 Dominus.

1049 269 1089 304 μὴ
1103 269 1175 304 φύγῃ
1192 270 1242 305 τὴν
1259 269 1326 304 πρὸς
1340 269 1422 296 αὑτὸν
1434 270 1448 296 ό
1460 269 1606 300 ἀντίπαλος
1623 268 1732 303 μάχην,
1750 268 1795 294 ἶνα
1811 270 1845 304 μὴ

1049 315 1184 350 γνωρίσας
1199 315 1245 342 τὸν
1264 315 1462 351 κρυπτόμενον,
1474 315 1548 351 φύγῃ
1560 315 1608 350 τὴν
1622 315 1695 350 πρὸς
1709 314 1743 340 τὸ
1758 315 1846 348 φαινό-

1052 371 1130 396 μενον
1151 361 1250 396 πάλην.
1267 361 1369 388 Τούτου
1387 361 1467 397 χάριν
1486 360 1555 396 μετὰ
1569 360 1616 386 τὸν
1638 359 1844 396 προειρημένον
1855 381 1860 400 ι

1049 407 1164 443 ἀριθμόν
1186 408 1240 434 τῶν
1262 407 1384 442 ἡμερῶν,
1406 407 1455 442 τῆς
1478 406 1653 442 ἀνθρωπείας
1677 406 1793 440 φύσεως
1819 406 1845 431 τὸ

1051 454 1136 485 πάθος
1160 454 1318 489 ὑποφαίνει,
1343 453 1390 480 καὶ
1415 454 1552 488 συγχωρεῖ
1579 454 1614 488 τῇ
1638 452 1722 487 πείνῃ
1752 451 1843 487 χώραν

1050 500 1152 532 λαϐεῖν,
1169 500 1252 536 λαϐὴν
1265 499 1359 535 ἐκείνῳ
1372 498 1416 526 διὰ
1432 499 1482 534 τῆς
1501 499 1597 534 πείνης
1614 497 1706 529 διδούς
1717 505 1724 512 ·
1744 497 1777 524 οὐ
1795 497 1845 533 γὰρ

1050 545 1210 582 προσελθεῖν
1241 546 1344 581 ἐτόλμα
1357 565 1364 578 ,
1392 544 1477 571 πολλὰ
1502 544 1566 580 περὶ
1591 543 1674 571 αὐτὸν
1703 543 1844 578 θεοπρεπῆ

1050 591 1179 624 γινόμενα
1202 589 1313 624 θεωρῶν
1323 598 1330 605 ·
1345 589 1392 616 καὶ
1408 589 1462 624 γὰρ
1478 588 1589 622 ἄγγελοι
1609 588 1761 623 τεχθέντος
1787 588 1844 622 ἐχό-

1051 643 1144 669 ρευον,
1175 634 1318 666 ἀνατείλας
1346 634 1434 670 ἀστὴρ
1465 633 1570 669 μάγους
1599 633 1777 669 ὲθτοδήγιησεν
1808 634 1844 664 εἰς

1051 679 1237 716 προσκύνησιν
1255 681 1317 712 τοὺς
1337 680 1386 715 τῆς
1400 679 1486 714 αὐτῆς
1503 679 1644 714 φάλαγγος
1664 678 1841 714 κορυφαίους,

1050 725 1098 752 καὶ
1114 725 1195 752 αὑτὸν
1208 725 1282 761 ἑώρα
1296 725 1385 752 πᾶσαν
1401 725 1432 751 ἐκ
1447 724 1543 756 παιδὸς
1561 725 1691 760 μετιόντα
1710 724 1843 751 δικαιοσιμ

1050 779 1112 806 νην,
1125 771 1334 806 βδελυττόμενον
1348 771 1457 803 κακίαν,
1473 770 1679 806 μυσαττόμενον
1695 769 1841 804 πονηρίαν-

1051 817 1096 844 καὶ
1112 817 1198 843 ταῦτα
1213 816 1285 853 [cod.
1296 816 1414 852 ταύτην]
1426 817 1495 844 κατὰ
1511 816 1561 851 τὴν
1575 817 1616 848 είς
1630 816 1716 843 αὐτὸν
1728 823 1841 849 γεγενη-

1053 862 1135 897 μένην
1158 862 1310 898 πρόρρησιν
1335 861 1388 888 ὑπὸ
1411 861 1458 888 τοῦ
1482 861 1632 897 προφήτου,
1650 861 1694 887 ὅτι
1714 869 1725 886 ι
1739 860 1806 895 Πρὶν
1825 859 1839 895 ἦ

1051 906 1153 941 γνῶναι
1168 907 1248 934 αὐτὸν
1262 907 1364 942 ἀγαθὸν
1380 906 1396 942 ἢ
1415 907 1509 938 κακὸν,
1532 906 1642 934 ἀπειθεῖ
1659 906 1781 941 πονηρία
1797 906 1840 931 τοῦ

1050 952 1209 986 ἐκλέξασθαι
1224 954 1255 979 τὸ
1271 953 1373 987 ἀγαθόν
1384 962 1390 969 ·
1402 962 1411 978 ι
1430 952 1495 979 ἐϐόα
1502 952 1530 978 δὲ
1545 952 1592 979 καὶ
1607 952 1739 986 Ἰωάννης
1749 960 1755 966 ·
1770 961 1778 976 ι
1792 950 1839 976 Ἴδε

1049 1000 1064 1025 ό
1076 999 1160 1034 ἀμνὸς
1171 999 1218 1025 τοῦ
1229 999 1308 1032 Θεοῦ,
1319 999 1333 1025 ό
1345 999 1432 1035 αἴρων
1439 999 1489 1034 τὴν
1496 998 1634 1034 ἁμαρτίαν
1646 997 1694 1023 τοῦ
1705 996 1817 1031 κόσμου.
1829 1006 1836 1021 ι

1050 1045 1144 1080 Πατὴρ
1171 1045 1273 1072 ἄνωθεν
1295 1045 1486 1080 ἐμαρτύρησεν
1499 1052 1506 1059 ·
1525 1053 1534 1069 ι
1555 1040 1640 1074 Οὗτός
1656 1043 1734 1069 ἐστιν
1752 1044 1766 1068 ό
1782 1041 1839 1073 Υἱός

1051 1091 1124 1125 μουό
1138 1090 1290 1124 ἀγαπητὸς,
1304 1091 1332 1116 ἐν
1347 1087 1369 1124 ᾦ
1385 1090 1533 1125 ηὑδόκησα.
1547 1098 1556 1115 ι
1573 1088 1626 1115 Τοῦ
1648 1087 1806 1122 Πνεύματος
1824 1088 1838 1120 ἡ

1050 1136 1130 1171 χάρις
1143 1136 1280 1172 ὲφοίτησε.
1295 1136 1386 1163 Ταῦτα
1402 1137 1449 1163 καὶ
1462 1137 1512 1163 ὅσα
1529 1134 1643 1162 τοιαῦτα
1661 1134 1709 1160 τὸν
1721 1134 1839 1160 διάϐολον

1049 1181 1274 1216 καταπλήττοντα
1291 1181 1449 1217 προσελθεῖν
1464 1181 1514 1208 οὐκ
1529 1182 1571 1208 εἶα
1586 1181 1626 1216 τῷ
1639 1182 1691 1215 τῆς
1705 1179 1838 1215 ἡμετέρας

1050 1225 1158 1260 φύσεως
1181 1226 1283 1262 ἀθλητῇ
1297 1234 1304 1242 ·
1321 1227 1359 1258 ὡς
1377 1226 1405 1253 δὲ
1425 1226 1474 1261 τῆς
1497 1226 1593 1261 πείνης
1615 1226 1666 1261 τὴν
1689 1225 1837 1261 προσϐολὴν

1051 1272 1208 1305 ὑπεδέξατο,
1225 1273 1272 1300 καὶ
1293 1273 1396 1308 τροψῆς
1411 1272 1492 1299 αὑτὸν
1509 1270 1579 1298 εἶδεν
1596 1271 1773 1307 ἀνθρωπίνης
1787 1271 1839 1297 δεό-

1052 1326 1142 1353 μενον,
1166 1319 1214 1345 καὶ
1238 1320 1383 1355 καρτερεῖν
1400 1319 1555 1354 περαιτέρω
1575 1318 1630 1344 τῶν
1651 1318 1775 1344 παλαιῶν
1794 1318 1837 1344 ἀν-

1050 1364 1121 1399 δρῶν
1132 1364 1163 1391 οὐ
1177 1364 1334 1399 δυνάμενον,
1352 1364 1544 1399 προσέρχεται,
1559 1363 1644 1399 λαϐὴν
1658 1363 1783 1398 οἰόμενος
1797 1363 1838 1389 εὐ-

1053 1410 1166 1445 ρηκέναι
1182 1411 1325 1445 μεγίστην,
1340 1410 1386 1436 καὶ
1403 1411 1524 1445 νικήσειν
1541 1409 1642 1445 ῥᾳδίως
1656 1409 1804 1436 πιστεύων.

1089 1523 1138 1550 IA'.
1161 1523 1219 1549 Τίνι
1236 1523 1333 1556 τρόπῳ
1350 1522 1572 1556 κατηγωνίσατο
1593 1523 1648 1550 τὸν
1666 1523 1807 1550 διάϐολον

1274 1559 1290 1584 ὀ
1310 1558 1464 1590 Δεσπότης
1483 1559 1619 1592 Χριστός.

249 1609 289 1637 Ac
306 1610 529 1644 quemadmodum
548 1611 574 1637 in
602 1611 704 1646 proeliis
720 1619 780 1638 cum
798 1612 859 1645 quis
877 1612 933 1638 vult
949 1612 999 1639 ali-

1088 1614 1142 1640 Καὶ
1165 1612 1290 1648 καθάπερ
1307 1613 1335 1638 ἐν
1352 1614 1408 1644 τοῖς
1422 1613 1552 1648 πολέμοις
1564 1614 1610 1640 τὸν
1628 1614 1797 1650 πανταχόθεν
1810 1616 1841 1649 τῇ

216 1663 296 1691 quem
311 1657 513 1691 cataphractum
532 1656 585 1684 telo
598 1662 734 1692 appetere,
748 1662 832 1684 totutn
846 1658 932 1685 oculis
946 1659 1000 1686 cir-

216 1706 380 1734 cumtuetur,
393 1702 498 1729 eminus
510 1703 667 1735 observans,
683 1704 780 1730 iunium
794 1703 901 1738 aliquod
918 1712 1000 1731 mem-

216 1746 293 1772 brum
309 1747 464 1780 explorans,
480 1752 508 1774 ut
521 1747 583 1774 illuc
599 1748 724 1787 sagittam
742 1748 861 1780 dirigens
875 1749 1000 1775 adversa-

217 1793 285 1819 rium
300 1793 440 1825 vulneret;
457 1792 496 1819 sic
509 1793 632 1820 diabolus
648 1794 720 1820 omni
743 1793 848 1827 iustitia
861 1794 999 1822 Christum

215 1838 310 1865 videns
335 1843 486 1870 armatum,
515 1839 650 1873 situmque
668 1839 794 1866 idonenm
816 1845 941 1868 scrutans
967 1843 1000 1868 ad

215 1891 294 1918 quem
315 1884 395 1911 telum
411 1883 550 1918 dirigeret,
566 1891 594 1911 ut
606 1889 792 1920 emergentem
807 1885 874 1913 vidit
890 1885 1000 1919 famem,

215 1929 343 1956 audacter
357 1929 461 1957 accedit
473 1938 522 1957 ceu
540 1938 569 1957 re
582 1931 693 1965 qumsita
715 1931 827 1966 potitus,
839 1932 900 1966 quia
917 1932 1000 1966 ipsam

216 1976 397 2011 progenitoris
413 1977 566 2011 passionem
584 1977 610 2004 in
629 1985 662 2005 eo
680 1978 904 2013 deprehenderat.
922 1978 1002 2006 Nant-

215 2028 268 2055 que
288 2025 316 2048 et
333 2021 407 2048 illutn
432 2029 494 2049 esca
509 2021 598 2050 oblata
621 2022 693 2050 felici
708 2023 762 2050 vita
783 2023 954 2058 spoliaverat.
975 2029 1002 2051 et

215 2066 317 2099 Sudori,
334 2075 470 2100 aerumnae,
485 2075 517 2095 ac
534 2068 613 2095 morti
627 2068 807 2104 implicucrat.
826 2069 895 2104 Ergo
910 2070 947 2096 ita
962 2070 1000 2097 di-

215 2121 279 2141 cens
293 2114 415 2141 accedit:
433 2123 442 2140 ι
461 2113 489 2141 Si
504 2107 589 2141 Filius
611 2114 656 2142 Dei
673 2122 713 2147 es,
728 2115 772 2142 die
792 2120 820 2142 ut
841 2115 944 2149 lapides
958 2116 1000 2142 isti

215 2167 297 2193 panes
313 2159 379 2186 ﬁant
396 2159 429 2186 ".
448 2169 458 2186 ι
480 2159 560 2187 Certe
582 2160 607 2186 id
632 2168 683 2187 non
710 2160 831 2193 fecisset,
851 2161 900 2188 nisi
924 2160 1001 2188 fatuis

214 2206 367 2240 passionem
389 2206 517 2233 Servator
540 2206 701 2234 admisisset.
727 2206 811 2239 Quam
835 2214 890 2233 rem
913 2214 944 2234 ex
969 2207 1001 2234 iis

215 2260 274 2286 quae
292 2256 383 2285 postea
396 2256 544 2279 evenerunt
559 2252 672 2286 quilibet
687 2253 828 2281 manifeste
843 2259 998 2288 cognoscet.
1017 2264 1037 2290 ι)

216 2298 354 2332 Siquidem
366 2298 455 2324 statim
469 2305 502 2324 ac
518 2298 603 2325 victus
619 2299 644 2325 in
658 2299 727 2326 luela
745 2299 805 2331 fuit,
822 2305 1002 2334 expertusque

214 2344 308 2370 didicit
337 2343 409 2370 hunc
429 2351 488 2370 esse
509 2351 587 2378 quem
611 2345 748 2379 propheta:
761 2352 855 2373 omnes
869 2346 1000 2379 praedixe-

216 2394 294 2422 rant,
321 2397 354 2416 ne
383 2395 520 2424 aspectum
545 2390 651 2424 quidem
670 2391 729 2425 ejus
753 2392 904 2419 aecedentis
932 2392 1002 2419 ferre

215 2443 296 2463 ausus
306 2441 358 2468 est,
371 2436 416 2462 sed
438 2436 510 2463 illico
521 2436 635 2470 aufugit,
657 2444 728 2464 nunc
745 2437 866 2464 clamans
881 2446 887 2464 :
907 2447 916 2463 ι
933 2437 1000 2471 Quid

216 2481 293 2508 nobis
304 2486 331 2508 et
349 2481 408 2514 tibi,
425 2481 474 2509 Fili
494 2483 538 2509 Dei
551 2482 562 2509 ?
573 2491 620 2509 cur
633 2483 731 2510 venisti
752 2489 814 2510 autc
830 2488 934 2518 tempus
948 2489 1002 2510 tor-

214 2535 297 2562 quere
310 2536 357 2555 nos
366 2527 410 2555 “’1
430 2537 439 2553 ι
457 2536 529 2556 nunc
547 2533 635 2556 autem
659 2538 667 2557 :
685 2529 765 2556 «Novi
778 2530 847 2564 quod
862 2529 944 2556 Filius
957 2530 1001 2556 Dei

214 2574 270 2601 sis:
295 2573 389 2608 adjuro
415 2578 450 2605 te,
475 2582 510 2602 ne
530 2582 573 2602 me
595 2579 722 2610 torqueas
740 2575 773 2602 ³³.
795 2585 804 2600 ι
833 2575 905 2602 Adeo
929 2575 1002 2601 illum

1052 1657 1187 1692 πανοπλίᾳ
1210 1657 1416 1692 κεκαλυμμένον
1441 1658 1640 1691 κατατοξεῦσαί
1665 1668 1710 1690 τις
1732 1659 1839 1688 ἐθέλων.

1050 1703 1110 1730 ὅλον
1127 1704 1182 1735 τοῖς
1197 1703 1345 1739 ὀφθαλμοῖς
1358 1703 1543 1739 περισκοπῶν,
1556 1705 1700 1740 πόρρωθεν
1713 1706 1838 1740 ἐρευνῶν,

1052 1749 1131 1784 μέλος
1146 1749 1355 1785 γεγυμνωμένον
1368 1749 1515 1785 ἐπιζητῶν,
1535 1750 1577 1776 ἵνα
1594 1749 1624 1777 τὺ
1641 1751 1719 1785 βέλος
1733 1752 1789 1776 ἐκεῖ
1802 1744 1840 1785 ῥί-

1050 1795 1102 1830 ψας
1128 1795 1172 1821 τὸν
1194 1795 1339 1821 ἀντίπαλον
1363 1794 1462 1831 πλήξῃ,
1477 1795 1564 1827 οὕτως
1586 1797 1599 1821 ό
1618 1795 1744 1827 διάϐολος
1769 1796 1839 1830 πάσῃ

1051 1840 1207 1877 δικαιοσύνῃ
1231 1841 1277 1867 τὸν
1299 1841 1416 1876 Χριστὸν
1438 1841 1663 1876 καθωπλισμένον
1683 1841 1774 1876 ὁρῶν,
1797 1842 1841 1868 καὶ

1050 1887 1134 1912 τόπον
1149 1885 1238 1921 ζητῶν
1253 1886 1393 1921 ἁρμόδιον,
1412 1886 1455 1912 ἵνα
1473 1886 1504 1912 τὸ
1522 1887 1600 1921 βέλος
1623 1887 1684 1914 ἐκεῖ
1703 1887 1839 1923 ἀκοντίσῃ,

1051 1931 1089 1962 ὡς
1102 1929 1155 1957 εἶδε
1168 1931 1217 1966 τὴν
1229 1932 1324 1958 πείναν
1339 1932 1531 1966 ἀναφανεῖσαν,
1544 1932 1727 1968 προσέρχεται
1744 1932 1841 1968 θαρσα-

1051 1977 1121 2008 λέως
1143 1977 1181 2008 ὡς
1206 1977 1293 2012 εὑρὼν
1307 1977 1337 2004 τὸ
1352 1977 1530 2013 ζητούμενον,
1548 1980 1586 2010 ὡς
1606 1978 1654 2005 τοῦ
1673 1979 1840 2014 προπάτορος

1052 2023 1081 2049 ἐν
1104 2022 1178 2057 αὐτῷ
1204 2023 1345 2059 θεωρήσας
1367 2024 1397 2050 τὸ
1418 2023 1513 2055 πάθος.
1533 2024 1589 2050 Καὶ
1607 2025 1662 2059 γὰρ
1682 2025 1786 2051 ἐκεῖνον
1802 2026 1840 2051 διὰ

1053 2067 1180 2103 βρώσεως
1207 2070 1341 2104 στερήσεις
1363 2068 1413 2103 τῆς
1438 2069 1540 2096 ἀλύπου
1564 2069 1654 2104 ζωῆς,
1679 2069 1773 2105 ἱδρῶτι
1799 2071 1840 2096 x11

1052 2114 1223 2149 ταλαιπωρίᾳ
1259 2114 1306 2140 καὶ
1330 2113 1439 2149 θανάτῳ
1470 2113 1630 2147 συνέζευξε·
1663 2115 1840 2150 προσέρχεται

1052 2160 1140 2186 τοίνυν
1153 2159 1256 2193 λέγων·
1276 2169 1285 2185 t
1301 2160 1333 2186 Εἰ
1349 2159 1413 2191 Υἱὸς
1430 2157 1456 2186 εἴ
1468 2159 1514 2186 τοῦ
1531 2160 1610 2191 Θεοῦ,
1629 2160 1691 2186 εἰπὲ
1708 2161 1753 2187 ἶνα
1765 2162 1789 2187 οἱ
1804 2161 1839 2186 λί-

1053 2205 1093 2232 θοι
1110 2203 1182 2232 οὗτοι
1195 2206 1271 2241 ἄρτοι
1285 2205 1426 2239 γένωνται.
1446 2215 1454 2231 ι
1471 2206 1528 2232 Οὐκ
1541 2206 1572 2232 ἂν
1587 2206 1614 2232 δὲ
1630 2206 1712 2233 τοῦτο
1728 2207 1840 2241 πεποίη-

1053 2259 1109 2281 κεν,
1124 2251 1148 2276 εἰ
1168 2251 1204 2285 μὴ
1217 2250 1247 2276 τὸ
1258 2250 1342 2282 πάθος
1357 2251 1406 2285 τῆς
1422 2251 1518 2286 πείνης
1531 2251 1545 2276 ὁ
1558 2250 1654 2286 Σωτὴρ
1671 2251 1839 2283 κατεδέξατο·

1051 2298 1097 2323 καὶ
1121 2297 1200 2323 τοῦτο
1224 2297 1304 2331 μάθοι
1322 2305 1362 2328 τις
1379 2298 1410 2323 ἐκ
1427 2297 1481 2323 τῶν
1499 2297 1568 2332 μετὰ
1582 2297 1669 2324 ταῦτα
1685 2298 1794 2332 σαφῶς
1808 2298 1842 2329 ὡς

1051 2343 1105 2378 γὰρ
1128 2342 1231 2377 ἡττήθη
1254 2343 1397 2373 παλαίσας,
1417 2342 1464 2368 καὶ
1487 2343 1531 2368 διὰ
1548 2343 1596 2377 τῆς
1615 2343 1716 2377 πείρας
1734 2343 1840 2378 ἔμαθεν,

1050 2389 1091 2414 ὅτι
1101 2388 1181 2419 αὐτός
1192 2389 1266 2414 ἐστιν
1279 2387 1308 2414 ὃν
1320 2388 1344 2414 οἱ
1356 2388 1493 2423 προςξῆται
1508 2388 1703 2423 προεχήρυξαν
1715 2389 1840 2420 ἅπαντες,

1050 2433 1111 2460 οὺδέ
1135 2433 1185 2468 τὴν
1202 2433 1266 2460 θέαν
1287 2433 1369 2460 αὑτοῦ
1391 2433 1550 2469 προσιόντος
1567 2433 1665 2469 φέρειν
1681 2435 1840 2469 ἐτόλμησεν,

1052 2479 1108 2505 ἀλλ’
1124 2480 1203 2510 εὐθὺς
1224 2479 1432 2515 ἐδραπέτευσεν,
1451 2479 1497 2506 νῦν
1522 2479 1571 2514 μὲν
1593 2479 1674 2515 βοῶν,
1696 2489 1704 2505 ι
1722 2480 1756 2507 Τί
1779 2481 1841 2515 ἡμῖν

1053 2527 1099 2554 καὶ
1117 2527 1168 2558 σοὶ,
1182 2526 1229 2553 Υίὲ
1243 2526 1290 2553 τοῦ
1305 2526 1390 2558 Θεοῦς
1411 2527 1438 2552 τί
1454 2524 1536 2562 ἦλθες
1550 2526 1604 2562 πρὸ
1618 2526 1717 2561 καιροῦ
1733 2526 1840 2561 βασανί-

1055 2581 1099 2599 σαι
1116 2573 1206 2607 ἡμᾶςς
1221 2582 1229 2597 ι
1245 2571 1291 2599 νῦν
1305 2572 1344 2604 δὲ,
1364 2570 1444 2599 ιΟἷδὰ
1463 2581 1492 2598 σε
1507 2571 1548 2604 τίς
1564 2569 1600 2603 εἴ,
1610 2573 1625 2598 ό
1635 2572 1700 2603 Υἱὸς
1709 2572 1757 2598 τοῦ
1765 2571 1838 2601 Θεοῦ.

215 2619 336 2650 timebat,
354 2619 528 2655 judicemque
552 2620 706 2648 fatebatur!
725 2621 801 2648 Tunc
828 2626 916 2648 autem
943 2627 999 2647 ιιιιιι

1052 2617 1154 2653 ὀρκῖζω
1185 2627 1213 2644 σε
1237 2618 1274 2653 μή
1303 2627 1337 2653 με
1362 2617 1522 2654 βασανίσῃς.
1539 2628 1548 2644 ›
1574 2617 1670 2650 ῡῦτως
1704 2618 1839 2648 ἐδεδοίκει,

214 2665 420 2699 experientiam,
434 2666 504 2693 haud
518 2666 616 2694 talibus
629 2665 718 2694 verbis
730 2667 866 2699 utebatur,
881 2667 926 2693 sed
940 2674 1004 2693 cott-

1055 2665 1102 2691 καὶ
1117 2664 1213 2700 κριτὴν
1227 2664 1360 2699 ὡμολόγει
1372 2673 1377 2679 ·
1392 2664 1453 2690 τότε
1469 2663 1521 2699 πρὸ
1533 2664 1584 2698 τῆς
1598 2664 1699 2700 πείρας
1713 2664 1745 2690 οὐ
1759 2663 1839 2689 τοιού-

251 2743 274 2759 ⁸³
289 2745 341 2770 lsa.
353 2750 400 2778 vn,
421 2744 465 2772 l6.
497 2744 519 2760 "
538 2743 615 2770 .loan.
633 2751 651 2776 ι,
669 2743 713 2771 ‘29.
731 2743 753 2759 ³⁰
771 2742 863 2770 Matth.
882 2751 922 2775 III,
937 2743 978 2769 l7.
1020 2743 1041 2758 “
1058 2742 1150 2770 Matth.
1169 2750 1205 2772 tv.
1222 2742 1249 2770 5.
1287 2741 1309 2757 ³⁸
1328 2741 1421 2768 Matth.
1439 2749 1497 2773 vttt,
1512 2740 1556 2768 ρο.
1595 2741 1618 2756 ³⁸
1636 2741 1774 2774 Lue.vut,
1792 2742 1833 2768 5.38.

254 2813 292 2845 (l)
312 2811 349 2838 lta
362 2820 391 2839 se
402 2813 485 2841 habet
498 2813 608 2841 Grmcns
621 2817 711 2841 textus
726 2818 780 2840 tum
796 2814 822 2840 in
839 2813 931 2839 Bibliis
945 2818 999 2839 tum

219 2848 287 2881 apud
301 2846 446 2883 (Iytjllunt;
461 2854 540 2881 atque
557 2849 591 2874 ita
608 2850 676 2883 apud
691 2848 858 2875 Sabalcrintu
875 2849 1001 2881 interpre-

221 2887 311 2908 tantur
324 2881 373 2910 SS.
387 2882 543 2910 Ambrosius
557 2881 636 2917 atque
649 2883 819 2917 Fulgentius;
833 2891 918 2917 neque
931 2883 1002 2910 abin-

1056 2813 1094 2838 dit
1113 2811 1238 2842 lremnus.
1259 2812 1303 2845 qui
1325 2817 1411 2838 tamen
1431 2819 1478 2844 pro
1498 2820 1547 2838 non
1567 2813 1663 2842 credet,
1679 2811 1772 2838 scribit
1792 2819 1839 2836 non

1058 2849 1206 2874 rousentiel.
1227 2846 1356 2880 angntus
1380 2850 1468 2872 autent
1496 2847 1629 2881 interpres
1655 2846 1758 2878 differt,
1781 2847 1838 2880 quia

1058 2882 1217 2909 llebraicuut
1234 2887 1335 2909 textum
1352 2886 1479 2909 sectatur.
