1907 3038
65 190 125 220 NH

631 183 675 210 DE
694 181 950 211 INCAHLVA'I'IUNE
968 180 1096 208 DOMlNl.

1613 180 1683 210 N42

64 255 115 278 τοις
123 244 254 280 ἐκέχρητο
268 243 397 279 ῥήμασιν,
412 243 479 270 ἀλλὰ
492 242 600 278 θαρρῶν
615 242 729 278 προσῄει
741 241 838 275 λέγων*

911 239 1006 267 denter
1021 239 1165 267 accedebat
1180 239 1272 265 dicens
1289 246 1297 265 :
1318 247 1327 264 (
1344 238 1390 266 Dic
1407 242 1434 266 ut
1449 238 1551 273 lapides
1568 239 1612 266 isti
1632 247 1681 273 pa-

67 303 75 319 ι
91 291 155 320 Elge
169 290 212 316 ἵνα
225 290 249 315 οἱ
265 289 335 316 λίθοι
348 284 420 315 οὗτοι
438 288 514 324 ἄρτοι
530 288 672 322 γένωνται.
689 298 698 314 ι
718 287 774 321 Τῆς
793 286 842 321 μὲν

64 337 112 373 γὰρ
128 335 228 363 ἄνωθεν
245 334 375 370 ἐλθούσης
391 334 482 369 φωνῆς
497 335 610 369 ηκουσα,
625 333 704 368 φησὶ,
720 332 798 359 τοῦτό
813 340 842 358 σε

65 382 221 416 καλεσάσης,
238 380 344 408 ἀπιστῶ
360 380 388 406 δὲ
403 379 455 411 ἕως
472 379 505 406 ἂν
526 379 600 406 λάϐω
616 379 665 414 τὴν
685 380 782 413 πεῖραν
804 377 844 403 δι-

65 427 201 455 δάσκαλον.
219 426 315 453 Πεῐσόν
336 434 370 461 με
391 425 435 452 διὰ
449 425 503 452 τῶν
516 425 696 461 πραγμάτων,
715 424 752 455 ὼς
768 423 782 449 ὃ
795 422 843 449 κέ-

64 474 166 509 κλησαι,
183 472 290 507 ἀληθῶς
302 472 497 507 ύπάρχεις.⁸⁴Αν
511 471 565 507 γὰρ
578 471 658 497 τοῦτο
672 470 759 505 μάθω,
775 468 842 503 φεύ-

64 521 149 554 ξομαι,
165 517 213 544 καὶ
226 517 412 553 δραπετεύσω,
427 517 474 543 καὶ
487 517 536 552 τὴν
552 516 619 552 πρὸς
635 516 665 542 σὲ
676 515 844 550 παραιτήσο-

66 572 110 599 μαι
124 562 212 597 πάλην
223 570 230 577 ·
246 559 304 587 οἶδα
317 561 371 596 γὰρ
382 561 443 587 ὅσον
459 560 525 596 ἐμοῦ
538 563 586 587 καὶ
601 560 648 587 σοῦ
663 560 693 586 τὸ
706 560 843 594 διάφορον.

65 607 149 639 Δεῖξον
157 605 248 632 τοίνυν
260 605 290 632 τὸ
301 605 392 641 θαῦμα
407 606 454 632 καὶ
464 605 512 641 τὴν
525 605 759 640 θαυματουργίαν,
773 604 846 631 δίδα-

66 654 106 686 ξον
126 652 171 679 τὸν
189 651 236 678 τοῦ
253 651 391 687 θαύματος
405 653 535 688 ποιητήνο
555 661 565 677 ι
582 651 648 678 Εἰπὲ
666 651 709 678 ἵνα
731 652 756 677 οἱ
777 651 846 678 λίθοι

65 696 130 726 οὗτοι
148 698 226 734 ἄρτοι
245 697 386 731 γένωνται.
402 707 412 724 ι

97 742 203 769 Τούτων
224 742 344 773 ἀκούσας
358 741 474 778 κρύπτει
494 742 547 777 μὲν·
561 741 610 777 τὴν
632 741 757 776 θεότητα,
773 742 804 767 ὲκ
818 740 846 766 δὲ

65 790 109 825 τῆς
123 789 294 824 ἀνθρωπείας
315 788 465 823 διαλέγεται
479 788 590 823 φύσεως
600 796 607 804 ·
624 797 633 813 ι
647 788 704 814 Οὐκ
719 787 761 813 ἐπ’
773 787 847 822 ἄρτῳ

68 835 144 870 μόνῳ,
159 833 257 867 λέγων,
274 832 390 868 ζήσηται
408 831 561 868 ἄνθρωπος,
579 831 637 858 ἀλλ’
652 832 681 858 ὲν
699 830 781 857 παντὶ
799 830 848 866 ῥή-

68 889 127 916 ματι
148 879 192 906 διὰ
214 880 346 913 στόματος
361 877 569 913 ἐκπορευομένῳ
582 877 661 904 Θεοῦ.
681 886 690 902 ι
707 876 842 911 Δύναμαι,

894 293 941 313 nes
965 286 1039 312 liant.
1057 295 1066 311 ι
1082 284 1149 312 Nam
1169 292 1324 319 supernam,
1349 285 1446 319 inquit,
1463 292 1556 312 vocem
1582 285 1681 317 audivi,

893 330 990 358 Filium
1011 336 1037 359 te
1060 332 1241 364 voeitautem;
1259 332 1353 366 ignoro
1368 335 1469 364 autem,
1488 331 1575 358 donec
1598 338 1681 366 expe-

894 376 1019 403 rientiam
1035 377 1191 410 magistram
1208 382 1303 404 nactus
1320 376 1406 404 fuero.
1429 376 1520 403 Factis
1539 376 1604 403 mihi
1621 383 1684 410 per-

893 423 986 454 Suade,
1004 423 1050 456 qui
1072 422 1228 458 appellaris,
1244 429 1305 450 eum
1321 428 1346 449 te
1361 430 1422 450 esse
1444 429 1550 449 revera.
1572 421 1638 448 Nam
1661 423 1683 447 si

894 468 945 496 ltoc
960 469 1090 501 didicero,
1107 469 1217 503 fugiam,
1233 469 1356 501 evadam,
1370 469 1513 503 quominus
1527 473 1615 495 tecum
1629 468 1684 494 col-
1706 471 1712 479 "

895 514 982 541 lucter
995 514 1170 548 deprecabor.
1189 513 1294 540 Etenim
1316 519 1445 549 quantum
1465 514 1536 541 inter
1552 522 1599 541 uos
1617 515 1684 542 duos

895 560 1013 592 intersit,
1031 560 1097 588 scio.
1117 560 1276 587 Demenstra
1293 567 1357 595 ergo
1377 561 1537 595 prodigium,
1555 566 1685 595 tuamque

895 605 1024 632 miracula
1039 605 1162 638 patrandi
1178 604 1341 636 ellicaciam;
1359 604 1426 632 doce
1443 612 1485 631 me
1501 605 1615 639 prodigii
1633 613 1684 631 au-

896 655 1012 677 ctorem:
1032 659 1040 675 ι
1058 649 1106 676 Dic
1122 654 1151 676 ut
1164 650 1264 685 lapides
1278 650 1321 677 isti
1338 657 1421 684 panes
1438 650 1502 678 ﬁant
1530 660 1539 676 ι

932 737 1004 772 Ergo
1023 737 1064 764 bis
1082 737 1192 770 auditis,
1206 737 1276 765 celat
1295 738 1422 766 deitatem
1441 738 1574 772 Christus,
1589 739 1684 767 huma—

901 789 995 818 naeque
1005 787 1106 810 natura:
1115 790 1188 811 more
1199 783 1317 818 loquitur
1333 793 1340 811 :
1354 784 1475 819 821m.
1487 795 1496 812 ‹
1508 786 1564 813 Non
1577 793 1609 813 ex
1625 786 1685 813 solo

897 836 965 862 paue
979 828 1045 856 vivit
1066 829 1155 862 homo,
1176 831 1223 858 sed
1245 838 1278 858 ex
1293 832 1365 858 omni
1384 833 1464 858 verbo
1476 833 1547 866 quod
1563 834 1684 866 procedit

898 875 931 902 de
945 882 991 902 ore
1004 874 1052 902 Dei
1065 875 1096 902 “.
1113 884 1123 901 ι
1141 875 1265 908 Possum,
1288 876 1384 911 inquit,
1400 877 1459 904 sine
1484 884 1551 911 pane
1574 879 1682 905 nutriri.

68 909 153 961 ipqclv,
167 926 230 952 ἄνευ
243 909 326 960 ἄρτου
337 909 539 959 τραφῆναι..οὺ
554 909 635 958 μόνον
649 922 704 957 γὰρ
720 909 812 957 ἄρτοις
829 922 845 956 ή

910 921 991 955 {eque
1008 922 1080 948 enim
1101 922 1214 956 panibus
1230 927 1333 949 tantum
1351 923 1405 950 vita
1425 923 1562 951 hominum
1580 930 1686 952 susten-

67 970 116 997 τῶν
138 969 288 1004 ἀνθρώπων
314 969 503 1004 συγκροτεῖται
526 967 594 1003 ζωὴ,
609 967 677 994 ἀλλὰ
691 967 767 1003 ῥῆμα
781 967 847 993 Θεοῦ

68 1016 140 1051 ἀρκεῖ
164 1015 254 1042 πᾶσαν
280 1014 333 1040 τῶν
359 1012 511 1049 ἀνθρώπων
524 1013 667 1050 διαθρέψαι
681 1013 730 1048 τὴν
747 1012 827 1047 φύσιν
841 1021 847 1028 ·

68 1061 148 1092 οὕτως
162 1061 176 1086 ὁ
200 1059 395 1096 Ἰσραηλιτικὸς
409 1059 541 1095 διετράφη
555 1058 629 1092 λαὸς,
644 1059 849 1094 τεσσαράκοντα

68 1109 110 1143 ἔτη
125 1106 259 1141 συλλέγων
270 1107 299 1133 τὸ
313 1106 409 1141 μάννα,
422 1105 470 1132 καὶ
483 1105 569 1141 θήρας
579 1105 723 1132 ἀπολαύων
736 1104 850 1140 ὀρνίθων

68 1153 165 1188 πεπεδη
171 1152 254 1188 μένης
270 1152 350 1187 βουλῇ
362 1151 429 1177 Θεοῦ
442 1159 448 1166 ·
461 1151 507 1178 καὶ
519 1151 610 1182 Ἠλίας
624 1151 744 1186 κόρακας
760 1151 851 1177 ἑστια-

68 1206 146 1233 τορας
171 1198 253 1232 ἐσχε-
280 1197 328 1223 καὶ
351 1197 482 1228 Ἐλισαῖος
507 1196 612 1231 ἀγρίοις
636 1196 763 1231 λαχάνοις
788 1196 853 1227 τοὺς

70 1242 202 1274 θιασώτας
225 1242 350 1278 διέθρεψε
360 1251 366 1257 ·
393 1242 440 1268 καὶ
454 1241 480 1268 τί
500 1250 533 1276 με
548 1241 588 1267 δεῖ
601 1241 635 1268 τὰ
650 1241 751 1267 παλαιὰ
771 1249 853 1268 κατα-

70 1290 170 1324 λέγειν;
203 1288 329 1322 Ἰωάννης
350 1283 428 1318 οὗτος
451 1288 465 1313 ὁ
487 1286 601 1321 ἔναγχος
627 1288 655 1314 ὲν
679 1287 718 1321 τῷ
736 1287 854 1322 Ἰορδάνῃ

71 1335 217 1370 βαπτίζων,
233 1333 322 1361 πᾶσάν
334 1342 364 1359 τε
376 1333 424 1368 τὴν
440 1332 547 1368 ἠλικίαν
561 1334 589 1358 ὲν
608 1334 641 1368 τῇ
656 1333 752 1368 ἐρήμῳ
764 1333 854 1360 διατε-

71 1382 157 1413 λέσας,
170 1380 266 1416 ἀκρίσι
278 1379 416 1414 τρέφεται,
427 1379 473 1405 καὶ
485 1378 618 1414 μελιττῶν
628 1378 732 1413 ἀγρίων
744 1379 853 1414 καρπῷ·

71 1428 142 1454 οὐδὲν
153 1427 245 1454 τοίνυν
261 1425 386 1457 ἀπεικὸς,
399 1426 446 1452 καὶ
459 1426 532 1460 ἡμᾶς
545 1425 599 1451 ἀπὸ
609 1424 676 1451 Θεοῦ
691 1425 755 1461 ξένῃ
766 1426 857 1452 ἑστια-

72 1473 147 1509 θῆναι
165 1473 266 1508 τροφῇ,
284 1474 332 1498 καὶ
351 1471 433 1506 ἄρτου
455 1470 492 1506 μὴ
510 1470 650 1506 δεηθῆναι.

103 1519 212 1546 Τούτων
231 1517 348 1549 ἀκούσας
363 1518 377 1544 ὁ
392 1517 525 1548 διάϐολος,
540 1516 643 1553 ἤλγησε
661 1519 709 1554 μὲν
727 1519 764 1552 ὡς
777 1521 857 1556 ἡττη-

899 970 982 999 tatur,
1008 967 1054 993 sed
1072 966 1120 994 Dei
1141 967 1254 994 verbum
1271 966 1369 994 sullicit
1394 967 1525 994 uuiverSae
1548 968 1684 995 hominum

899 1012 1001 1040 alenda:
1016 1018 1129 1040 naturae.
1145 1012 1191 1040 Sic
1206 1013 1367 1040 lsraeliticus
1387 1019 1479 1047 pastus
1495 1013 1543 1041 fuit
1563 1015 1686 1049 populus,

901 1059 1078 1093 quadraginta
1092 1059 1170 1086 annis
1181 1066 1280 1085 manna
1294 1059 1435 1093 colligens,
1449 1064 1477 1086 et
1488 1060 1576 1086 avium
1590 1065 1687 1086 venatu

901 1105 993 1133 fruens
1010 1113 1069 1138 quae
1089 1105 1135 1133 Dei
1152 1104 1292 1132 voluntate
1308 1104 1510 1132 irreliebautur.
1534 1105 1598 1133 ltem
1616 1105 1690 1133 Elius

902 1158 998 1178 corvos
1014 1151 1113 1178 altores
1128 1151 1235 1184 habuit;
1253 1151 1364 1179 Elismus
1389 1157 1477 1179 autem
1498 1153 1597 1186 agt-esu
1615 1153 1688 1179 olere

902 1197 1008 1224 sodales
1032 1205 1096 1224 suos
1120 1197 1243 1224 nutrivit.
1272 1197 1325 1224 Sed
1351 1205 1400 1225 cur
1426 1203 1515 1225 vetera
1540 1199 1692 1225 euumero?

903 1241 1030 1274 Joannes,
1051 1242 1096 1277 qui
1112 1251 1198 1277 nuper
1215 1243 1284 1277 apud
1295 1242 1439 1270 Jordancm
1452 1244 1613 1278 baptizabat,
1627 1251 1688 1271 om~

904 1295 1018 1322 nentque
1033 1293 1138 1315 aetatem
1153 1289 1178 1315 iu
1201 1289 1309 1316 deserto
1327 1290 1468 1321 transegit,
1484 1291 1595 1318 locustis
1609 1290 1690 1317 alitur

904 1338 931 1361 et
951 1341 1030 1368 apum
1054 1334 1216 1361 silvestrium
1233 1334 1330 1361 fructu.
1354 1335 1430 1363 llaud
1450 1343 1514 1370 ergo
1534 1337 1690 1363 incredibile

905 1383 958 1411 est,
971 1387 1020 1406 nos
1031 1386 1138 1414 quoque
1160 1379 1267 1407 insolito
1279 1388 1293 1406 a
1310 1381 1364 1408 Deo
1377 1381 1437 1409 cibo
1453 1381 1562 1414 nutriri,
1578 1387 1604 1409 et
1621 1389 1692 1417 pane

907 1433 960 1453 non
974 1426 1101 1460 indigere.

944 1514 1006 1542 Hice
1020 1515 1132 1542 audiens
1146 1515 1281 1549 diabolus,
1295 1517 1395 1544 victum
1415 1518 1524 1551 quidem
1543 1525 1571 1545 se
1585 1518 1693 1550 doluit;

72 1565 134 1596 θεὶς,
148 1565 200 1591 οὐκ
213 1563 385 1599 ἀπηγόρευσε
401 1562 428 1589 δὲ
443 1561 493 1598 τὴν
513 1562 601 1597 νίκην,
620 1564 738 1597 ἀκούσας
756 1566 794 1598 ὡς
816 1568 854 1595 ἅν.

912 1561 959 1588 sed
974 1566 1064 1588 tamen
1072 1569 1132 1589 eutn
1145 1561 1296 1596 intelligens
1309 1563 1443 1590 hominem
1458 1571 1527 1597 esse,
1539 1564 1572 1592 de
1583 1564 1693 1591 victoria

72 1611 176 1647 θρωπος
204 1610 264 1645 εἴη’
282 1609 322 1635 διὸ
345 1608 475 1644 δευτέραν
499 1608 573 1644 αὐτῴ
600 1610 647 1636 καὶ
669 1612 764 1648 τρίτην
780 1611 858 1648 αὖθις

72 1658 166 1691 πεῖραν
179 1655 322 1691 προσάγει,
332 1655 371 1690 πὴ
384 1655 432 1689 μὲν
443 1654 539 1688 λέγων,
553 1665 561 1680 ι
571 1655 603 1682 Εί
614 1656 676 1688 Υίὸς
688 1655 766 1685 εἶτοῦ
779 1660 857 1693 Θεοῦ,

74 1702 133 1735 βάλε
159 1701 273 1728 σεαυτὸν
291 1699 394 1728 ἄνωθεν
410 1701 499 1727 κάτω·
516 1710 524 1726 I
550 1701 587 1736 πὴ
607 1701 635 1728 δὲ
655 1703 703 1735 τὰς
721 1704 860 1739 βασιλείας

72 1750 119 1783 τῆς
139 1747 303 1782 οἰκουμένης
325 1746 494 1779 ὑποδεικνὺς,
510 1747 556 1773 καὶ
581 1748 681 1780 ταύτας
704 1751 859 1780 ἀντιδώσειν

74 1793 295 1829 ὑπισχνούμενος,
310 1793 333 1818 εί
349 1793 479 1827 πρότερον
494 1793 558 1826 παρ’
573 1794 656 1821 αὑτοῦ
672 1796 720 1831 τὴν
738 1799 859 1832 προσκύ-

73 1847 147 1875 νησιν
165 1838 242 1864 λάὸοι
253 1846 260 1853 '
279 1838 316 1869 ὡς
331 1837 359 1863 δὲ
381 1837 461 1863 πάλιν
477 1837 557 1863 αὐτὸν
572 1839 625 1865 τῶν
641 1840 762 1867 παλαιῶν
782 1843 858 1877 νομί-

75 1894 130 1921 μων
144 1884 290 1920 ἀνέμνησε,
309 1892 318 1908 ι
333 1883 499 1918 Γέγραπται,
515 1883 612 1918 λέγων,
622 1885 723 1920 Κύριον
735 1887 779 1914 τὸν
792 1888 857 1915 Θεὸν

74 1940 119 1958 σου
136 1929 347 1966 προσκυνήσεις,
365 1929 411 1956 καὶ
428 1929 501 1964 αὐτῷ
517 1929 589 1965 μόνῳ
603 1930 772 1965 λατρεύσεις,
786 1943 795 1958 ι
812 1934 860 1960 καὶ

74 1977 192 2010 ἐδίδαξεν
213 1976 253 2002 ὃτι
273 1975 323 2001 οὐκ
337 1975 459 2008 ἀνέξεται
474 1976 558 2010 ἑτέρῳ
573 1975 627 2002 τινὶ
645 1976 674 2002 τὸ
689 1977 760 2004 θεῖον
776 1979 860 2014 γέρας

74 2024 276 2060 προσενεγκεῖν,
297 2022 343 2048 καὶ
366 2021 465 2057 ἐτέρων
480 2022 507 2048 δὲ
526 2022 702 2058 ὑπομέμνησε
731 2024 860 2059 ῥημάτων

73 2068 119 2095 τοῦ
128 2067 196 2094 Θεοῦ
209 2067 255 2093 καὶ
266 2066 435 2101 διδαγμάτων
448 2066 658 2100 διαγορευόντων
671 2067 708 2103 μὴ
724 2069 860 2104 πειράζειν

74 2115 119 2141 τὸν
142 2113 197 2140 τῶν
223 2112 290 2138 ὅλων
313 2111 389 2143 Θεὸν,
405 2111 418 2137 ὁ
436 2112 484 2146 μὲν
502 2111 616 2147 ἀπέδρα,
633 2113 682 2146 τῆς
705 2114 789 2148 ἥττης
811 2115 861 2150 τὴν

75 2159 206 2195 αίσχύνην
219 2159 249 2185 οὺ
261 2158 362 2193 φέρων,
373 2157 419 2184 καὶ
431 2157 546 2191 δειλιῶν,
561 2159 607 2184 καὶ
620 2159 739 2194 τρέμων,
753 2160 800 2186 καὶ
812 2162 860 2195 τῆς

77 2205 233 2242 τυραννίδος
256 2203 473 2239 ὲκὸληθήσεσοαι
495 2204 663 2238 προσδοκῶν.
690 2206 782 2232 Πάντα
807 2206 862 2242 γὰρ

912 1614 966 1634 non
976 1607 1139 1641 desperavit.
1153 1607 1299 1643 Propterea
1317 1610 1461 1636 secundant
1481 1609 1517 1636 illi
1533 1610 1696 1645 tertiamque

912 1654 1037 1681 admovet
1055 1654 1245 1687 tentationent;
1262 1655 1345 1693 modo
1356 1655 1448 1683 dicens
1463 1665 1469 1682 :
1484 1665 1493 1682 ι
1512 1655 1540 1684 Si
1555 1656 1637 1685 Filius
1648 1657 1695 1684 Dei

911 1704 951 1729 es,
965 1697 1041 1724 mitte
1060 1703 1086 1725 te
1106 1697 1170 1726 hittc
1185 1699 1310 1726 deorsum
1324 1699 1364 1732 ";
1382 1709 1392 1726 ι
1408 1701 1487 1727 tnodo
1508 1708 1587 1735 regna
1604 1703 1697 1729 mundi

912 1743 1071 1776 ostendens,
1083 1750 1169 1777 eaque
1181 1752 1210 1771 se
1224 1745 1350 1772 daturum
1364 1746 1533 1780 promittens,
1543 1747 1565 1773 si
1578 1754 1607 1774 sc
1622 1748 1699 1782 prius

913 1789 1064 1817 adorasset.
1077 1788 1130 1816 Sed
1144 1790 1188 1817 ubi
1200 1790 1325 1818 Christus
1339 1790 1376 1817 illi
1393 1791 1480 1825 prisca
1493 1792 1562 1819 dicta
1580 1793 1607 1819 in
1623 1801 1698 1820 men—

915 1838 966 1861 tem
984 1835 1130 1866 revocavit,
1148 1844 1158 1860 ι
1182 1835 1317 1870 Scriptum
1337 1840 1389 1868 est,
1406 1837 1540 1872 inquiens.
1557 1837 1697 1866 Dontinum

914 1879 998 1907 Deum
1012 1885 1085 1907 tuum
1102 1880 1238 1913 adorabis,
1255 1885 1282 1907 et
1298 1880 1333 1907 illi
1350 1881 1399 1908 soli
1411 1882 1513 1909 servies
1526 1882 1562 1915 ";
1577 1891 1586 1908 ι
1604 1883 1699 1909 admo-

914 1925 1034 1960 nuitq’ue,
1057 1933 1192 1960 nunquam
1216 1934 1246 1954 se
1267 1926 1476 1954 commissurum
1498 1933 1526 1955 ut
1547 1929 1632 1956 cuivis
1653 1930 1698 1957 alii

914 1972 1031 1999 divinum
1048 1972 1208 2006 obsequium
1221 1971 1348 2006 ollerrct;
1363 1977 1443 2008 atque
1462 1974 1514 2001 alia
1531 1974 1640 2010 insuper
1650 1976 1699 2003 Dei

913 2018 992 2046 citata
1006 2026 1044 2050 ac
1066 2024 1199 2053 prtecepta
1222 2020 1453 2051 comtncmoravit,
1479 2029 1538 2055 qua:
1557 2022 1697 2049 universa-

914 2066 966 2093 lettt
981 2065 1064 2092 Deum
1086 2070 1190 2093 tentare
1209 2067 1353 2101 vetabant;
1372 2067 1416 2094 ille
1438 2067 1546 2102 quidem
1569 2067 1697 2103 fugiebat,

915 2111 1088 2144 ignominiam
1109 2111 1195 2138 cladis
1217 2119 1270 2138 nott
1291 2112 1389 2144 ferens,
1403 2111 1501 2138 timens
1517 2116 1698 2146 tremensque.

915 2161 943 2184 et
954 2164 983 2184 se
998 2157 1138 2192 tyrannide
1152 2157 1290 2191 depulsum
1311 2158 1343 2184 iri
1359 2163 1530 2192 exspectans.
1552 2157 1618 2184 Nam
1637 2165 1700 2184 eum

917 2203 967 2229 tela
985 2202 1073 2229 omnia
1087 2203 1286 2237 iusumpsisset,
1304 2209 1470 2238 cunctasque
1496 2203 1598 2239 fraudis
1615 2203 1700 2230 luctas

77 2251 158 2278 αὑτοῦ
171 2250 290 2280 κενώσας
304 2249 337 2275 τὰ
353 2249 425 2284 βέλη,
438 2248 485 2275 καὶ
496 2249 585 2280 πάσας
599 2249 679 2276 αὺτοῦ
692 2250 742 2285 τῆς
753 2251 854 2286 ἀπάτης

917 2248 966 2283 ipsi
985 2248 1158 2281 admovisset,
1172 2249 1393 2276 invulnerabilem
1410 2250 1595 2284 invictumque
1613 2249 1701 2276 athle-

76 2299 125 2329 τὰς
136 2297 224 2328 πάλας
237 2294 434 2331 προσενεγκὼν,
449 2294 569 2329 ἄτρωτον
582 2292 644 2330 εὗρε
668 2295 714 2322 καὶ
729 2296 861 2331 ἀήττητον

77 2345 122 2371 τὸν
145 2343 275 2378 ἀθλητήν.
289 2341 343 2368 Καὶ
360 2341 397 2372 ὡς
416 2339 456 2375 τῷ
473 2339 558 2375 Ἀδὰμ
574 2341 739 2375 προσελθὼν,
752 2342 801 2377 οὐχ
819 2339 864 2369 εὗ-

79 2399 124 2427 ρεν
150 2389 178 2416 ὅν
204 2387 418 2424 προσεδόκησεν·
437 2386 546 2420 ἄγγελοι
561 2386 588 2412 δὲ
603 2386 641 2421 τῷ
664 2389 759 2422 νικητῇ
781 2396 865 2423 προσ-

79 2437 177 2467 ιόντες,
192 2434 216 2460 οἳ
231 2432 370 2468 πόρρωθεν
385 2432 476 2467 ἑώρων
487 2432 536 2467 τὴν
544 2432 641 2466 πάλην,
657 2432 782 2468 καθάπερ
796 2433 866 2465 τινὲς

79 2479 193 2516 ἐρασταὶ
211 2478 361 2513 διηκόνουν,
373 2478 508 2512 ἐχόρευον,
526 2477 665 2512 εὐφήμουν
678 2478 723 2504 τὸν
736 2478 866 2514 ἀθλητὴν,

79 2525 256 2560 ἐστεφάνουν,
275 2523 468 2558 ἁνεκήρυττον,
487 2522 595 2559 ἔχαιρον
612 2523 657 2549 ἐπὶ
681 2525 712 2559 τῇ
734 2524 787 2550 τῶν
801 2525 867 2559 ὀμο-

79 2573 180 2600 δούλων
193 2570 344 2606 ἀνθρώπων
363 2569 513 2604 ἐλευθερίᾳ,
532 2569 675 2604 ὲγάννιιντο
690 2569 737 2596 τοῦ
753 2570 867 2597 ἀντιπά-

79 2619 127 2645 λου
147 2618 196 2653 τὴν
215 2614 299 2646 ἧτταν
318 2615 446 2651 ὁρῶντες.

81 2664 210 2692 ΙΕἏῙὊτι
229 2664 255 2690 εί
272 2662 347 2690 γοῦν·
359 2662 415 2688 οὐκ
430 2661 584 2693 ἀνέλαϐεν,
602 2660 692 2688 οὐδὲν
704 2662 779 2694 πρὸς
791 2661 869 2696 ἡμᾶς

117 2700 137 2734 ή
162 2701 235 2725 κατὰ
258 2697 309 2724 τοῦ
329 2697 469 2723 διαϐόλου
486 2696 564 2729 νίκη.
581 2696 661 2722 Κατὰ
680 2696 733 2722 τοῦ
754 2697 868 2723 Ἀπολι-

116 2735 224 2767 raptor;
243 2733 291 2768 (l).

118 2780 211 2807 Ταῦτα
227 2779 275 2814 τὴν
295 2775 480 2811 Ἀπολιναρίου
500 2775 604 2810 ἐλέγχει
622 2776 824 2811 ματαιολογίαν,
839 2777 867 2808 ὃς

119 2837 144 2854 ³⁸
158 2837 249 2864 Matth.
269 2844 304 2880 ινἔ
319 2836 345 2863 4.
389 2835 410 2851 ³⁸
426 2835 489 2862 ibid.
508 2835 534 2867 ὅ,
549 2834 575 2860 6.
612 2834 635 2849 ³⁸
648 2834 711 2862 ibid.
725 2834 751 2868 9,
766 2835 808 2862 10.

912 2300 966 2321 tam
980 2301 1039 2321 esse
1057 2294 1192 2328 cognovit.
1213 2294 1317 2322 Etenim
1340 2302 1400 2322 cum
1420 2301 1482 2322 eum
1500 2295 1595 2322 Adami
1616 2295 1701 2322 instar

912 2339 1008 2367 fuisset
1018 2348 1167 2375 aggressus,
1181 2348 1232 2367 nou
1243 2341 1351 2375 qualem
1363 2341 1548 2376 exspectabat,
1560 2341 1700 2376 comperit.

913 2386 998 2413 Porro
1021 2386 1107 2420 angeli
1132 2387 1163 2413 ad
1180 2387 1310 2414 vicmrem
1334 2389 1502 2420 accedentes,
1527 2388 1572 2422 qui
1596 2388 1703 2415 eminus

916 2437 994 2458 antea
1017 2432 1116 2459 luctum
1138 2437 1340 2466 spectaverant,
1366 2440 1414 2460 ceu
1433 2435 1539 2468 quidam
1568 2438 1703 2461 amatores

914 2479 969 2514 jam
986 2478 1187 2511 ministrabant,
1206 2479 1332 2505 ehoream
1356 2479 1481 2512 agebant,
1500 2479 1628 2506 athletam
1647 2488 1705 2505 uia-

915 2522 1089 2557 gnilicabaut,
1107 2524 1284 2556 coronabant,
1298 2524 1489 2558 prredicabaut,
1508 2524 1629 2558 822m.
1643 2532 1705 2559 gra-
1732 2543 1736 2548 ,

918 2569 1072 2596 tulabanlur
1087 2577 1280 2598 conservorum
1303 2570 1442 2597 hominum
1458 2570 1587 2603 libertati,
1608 2571 1704 2597 adver-

916 2615 980 2642 sarii
996 2615 1097 2642 cladem
1111 2620 1265 2650 spectantes
1277 2617 1439 2650 gaudebant.

918 2660 975 2688 Χν.
997 2661 1058 2688 Nisi
1073 2662 1192 2690 Christus
1207 2668 1316 2688 memem
1335 2670 1437 2696 quoque
1452 2656 1644 2694 assumpsisse",
1662 2662 1704 2688 ni-

950 2696 987 2723 hil
1008 2703 1124 2723 nostrum
1138 2697 1272 2724 inieresse/
1287 2695 1399 2724 victm-iu
1420 2698 1451 2723 de
1471 2697 1588 2723 diabolo.
1606 2695 1705 2722 Contra

956 2732 1144 2764 Apollinarem.

958 2776 1018 2805 Πίος
1035 2778 1145 2805 stultum
1168 2778 1330 2813 Apollinaris
1347 2779 1553 2806 deliramentum
1577 2776 1705 2807 refutant.

122 2882 162 2934 (1.)
182 2898 219 2926 De
238 2897 319 2925 variis
339 2895 501 2931 Apollinaris
525 2894 665 2923 erroribus
691 2894 800 2923 memini
827 2902 870 2923 tne
888 2895 951 2923 olim
985 2894 1119 2923 disserere
1134 2892 1232 2929 Script.
1249 2898 1300 2921 ret.
1319 2898 1336 2921 t.
1352 2893 1372 2927 Ι,
1387 2893 1432 2922 ed.
1460 2893 1538 2928 prim.
1555 2900 1581 2928 p.
1599 2890 1661 2926 iw,
1677 2891 1705 2919 in
