1907 3038
80 124 141 152 ιιιις

648 120 692 147 DE
711 118 970 148 lNCAllNATlONE
990 117 1121 146 llOlllNl.

1626 121 1698 150 ιιισ

77 185 103 212 οὐ
123 182 265 219 δυνάμενον
285 182 392 217 νόμους.
408 181 461 208 Καὶ
483 181 652 217 μαρτυροῦσι
675 181 854 217 πατριάρχαι,

911 179 1002 206 Testes
1027 184 1091 205 sum
1120 178 1280 212 patriarchae
1307 184 1388 214 atque
1415 179 1560 214 prophetat,
1586 184 1612 206 et
1641 180 1695 206 Deo

77 230 118 257 καὶ
130 228 272 264 προφῆται,
287 228 332 254 καὶ
354 227 408 254 τῶν
431 227 564 262 θεοφιλῶν
579 226 730 263 ἀνθρώπων
754 226 789 253 τὰ
808 227 855 253 τά-

76 284 168 311 γματα,
181 274 233 300 τῶν
246 283 276 300 τε
296 273 349 310 πρὸ
363 273 410 300 τοῦ
431 274 523 309 νόμου,
540 273 586 300 καὶ
599 274 653 300 τῶν
671 273 740 308 μετά
754 272 799 299 τὸν
813 272 855 298 νό-

76 330 131 357 μον,
145 321 167 347 οἱ
183 321 211 346 ὲν
227 319 337 357 ἀζυγίᾳ,
359 319 384 345 οἱ
405 320 434 346 ὲν
451 319 535 354 ζυγῷ,
553 319 578 345 οι
600 320 629 345 ὲν
651 319 771 353 πλούτῳ,
785 319 810 344 οι
826 319 854 344 ἐν

75 366 184 401 ἀκτησίᾳ
203 364 357 401 πληρῶσαί,
371 373 418 391 σου
435 365 485 396 τὰς
503 364 613 396 ἐντολὰς
636 365 673 400 μὴ
695 363 854 399 δυνηθέντες

73 413 113 440 διὰ
133 412 239 438 τοῦτον·
265 411 312 438 καὶ
337 411 424 438 ταῦτα
440 411 478 446 τῷ
493 410 619 446 παναγίῳ
644 419 691 437 σου
715 410 854 444 Πνεύματι

73 457 255 493 βοηθούμενοι.
275 456 331 483 Καὶ
344 457 371 483 τί
389 457 430 484 δεῖ
445 456 479 483 τά
493 456 581 483 πολλὰ
599 456 706 490 λέγεινς
721 456 816 488 Αὐτὸς,
833 454 855 482 ὧ

72 503 206 534 Δέσποτα,
229 501 259 527 ὲν
282 501 365 536 σαρκὶ
386 500 592 536 παραγέγονας,
619 500 664 527 καὶ
692 499 780 535 σάρκα
806 499 855 534 μὲν

71 547 202 584 ἡμετέραν
218 547 357 579 ἀνέλαόες,
372 547 417 573 τὸν
441 547 470 573 δὲ
493 546 555 573 νοῦν
579 545 617 578 ὡς
643 546 781 573 κωλύοντα
806 546 856 580 τῆς

71 594 166 630 ἀρετῆς
190 593 237 629 τὴν
263 593 369 625 κτῆσιν,
383 593 431 620 καὶ
451 593 500 628 τῆς
518 592 655 628 ἁμαρτίας
677 591 725 628 τὴν
747 592 856 626 ἀπάτην

72 640 167 676 ῥᾳδίως
191 639 389 674 ὑποδεχόμενον
417 639 583 675 ἀπέρριψας,
599 639 647 665 καὶ
668 639 718 665 οὐκ
740 638 855 674 ἠνέσχου

70 686 157 713 λαϐεῖν
167 695 175 702 ·
193 686 309 721 γέγονας
321 686 350 712 δὲ
363 686 424 712 ἀντὶ
436 685 482 712 νοῦ
495 687 528 721 τῇ
545 686 639 722 σαρκὶ,
651 685 699 712 καὶ
711 685 749 720 τῷ
762 685 856 720 τρόπῳ

68 731 152 767 τούτῳ
180 731 231 766 τὴν
260 731 433 767 δικαιοσύνην
466 731 661 767 κατώρθωσας.
689 731 782 766 Τούτῳ
817 730 857 765 τῷ

68 777 157 813 τρόπῳ
180 777 232 812 τὴν
258 777 396 813 ἁμαρτίαν
419 778 576 814 νενίκηκας.
603 777 668 810 Θεὸς
692 777 746 813 γὰρ
767 778 856 813 ὑπάρ-

67 831 131 858 χεις,
149 822 232 858 βουλῇ
247 823 331 850 ποιῶν
349 823 379 851 τὺ
394 824 499 857 δοκοῦν,
514 824 629 859 νεύματι
646 823 856 859 μετασκευάζων

66 868 98 895 τὰ
108 869 272 904 πράγματα.
281 869 376 904 Ἡμεῖς
387 869 413 896 δὲ
425 870 488 896 νοῦν
501 869 607 906 ἔχοντες
618 870 662 896 τὸν
675 869 853 905 ἀνθρώπινον,
872 862 893 889 Β

66 913 93 940 ὃν
118 913 266 940 ἀναλαϐεῖν
288 913 338 940 οὐκ
363 913 518 949 ἠθέλησας,
542 915 698 949 ἀναγκαίως
729 914 781 941 ὑπὸ
805 915 855 950 τὴν

66 959 203 994 ἁμαρτίαν
217 959 399 994 τυγχάνομεν,
417 960 472 990 τοῖς
488 961 545 990 σοῖς
561 959 741 994 ἀκολουθῆσαι
753 959 855 995 ἴχνεσιν

65 1005 112 1032 οὐκ
127 1004 300 1041 Ισχύσαντες.
318 1005 351 1031 Τί
365 1005 420 1041 γὰρ
432 1004 495 1037 νοῦς
509 1005 678 1042 ἀνθρώπινος
698 1005 766 1041 πρὸς
786 1005 853 1032 Θεοῦ

64 1051 176 1086 δυνάμιν
193 1051 243 1078 καὶ
257 1051 325 1078 Θεοῦ
344 1051 450 1086 σοφίαν,
464 1052 512 1079 καὶ
528 1052 596 1086 φῶς,
612 1052 658 1079 καὶ
671 1052 852 1087 δικαιοσύνην,

64 1096 109 1122 καὶ
126 1096 212 1133 ζωὴν,
230 1097 278 1124 καὶ
293 1097 342 1128 τὰς
364 1097 447 1129 ἄλλας
463 1097 602 1133 ἐνεργείας
618 1097 668 1132 τῆς
687 1098 737 1132 σῆς
749 1098 854 1130 οὐσίας,

63 1141 88 1167 αἶ
103 1142 235 1178 καθάπερ
250 1143 359 1175 ἀκτῖνες
378 1143 426 1170 καὶ
449 1143 619 1178 λαμπηδόνες
631 1143 664 1169 ὲκ
681 1143 731 1178 τῆς
745 1143 794 1177 σῆς
809 1143 856 1169 ἀν-

64 1188 167 1223 ίσχουσι
191 1189 317 1224 φύσεως;
339 1189 420 1217 Ταῦτ’
446 1189 479 1216 ἂν
505 1189 617 1221 εἰκότως
645 1190 747 1216 είποιεν
770 1190 794 1216 οἱ
820 1191 854 1226 τῇ

62 1233 185 1271 ἁμαρτίᾳ
208 1235 347 1262 δουλεύειν
371 1236 539 1272 αἱρούμενοι,
555 1237 635 1272 εἴπερ
654 1237 668 1263 ὁ
691 1235 757 1267 Θεὸς
771 1235 856 1269 Λόγος

64 1281 298 1320 μηχανησάμενος
318 1282 349 1309 τὸ
369 1283 572 1318 ἀναμάρτητον.

60 1379 107 1405 1Ζ’.
120 1379 319 1413 Κατασκευὴ,
327 1379 370 1406 ὅτι
379 1381 507 1449 adfare;
515 1380 534 1414 ἡ
543 1379 596 1406 τοῦ
604 1379 660 1406 νοῦ
670 1379 857 1414 ἀνθρωπίνου

400 1424 418 1441 ν
460 1424 478 1448 η
507 1424 544 1448 ις.

400 1424 544 1448 rce/myrte.

98 1482 182 1509 ’Λλλά
202 1482 257 1517 τὴν
279 1482 328 1518 μὲν
349 1482 508 1517 ἀδολεσχίαν
526 1483 639 1509 ἐκείνων
661 1482 857 1518 καταλίπωμεν

55 1528 101 1555 ὲπὶ
124 1527 175 1556 τοῦ
203 1528 359 1564 παρόντος·
380 1530 459 1565 ἡμεῖς
483 1529 511 1555 δὲ
534 1529 580 1556 ἐπὶ
601 1529 651 1565 τὴν
673 1529 857 1565 προκειμένην

56 1572 191 1600 ὑπόθεσιν
204 1573 413 1608 ἐπανέλθωμεν,
430 1575 476 1600 καὶ
489 1574 622 1610 δείξωμεν
634 1575 683 1609 τὴν
699 1574 746 1600 τοῦ
763 1574 856 1610 Σωτῆ-

56 1627 102 1654 ρος
116 1619 201 1654 ἡμῶν
213 1619 376 1654 οἰκονομίαν
391 1620 549 1654 ἀναγκαίως
564 1621 761 1656 γεγενημένην.
771 1621 859 1647 Ἐπει-

55 1664 86 1698 δὴ
99 1664 158 1700 γὰρ
173 1664 254 1696 ἄπας
266 1665 281 1691 ὁ
294 1664 436 1700 ἄνθρωπος
448 1665 587 1701 ἠπατήθη,
601 1665 647 1692 καὶ
659 1666 733 1697 ἇπας
747 1665 799 1692 ὑπὸ
808 1665 857 1701 τὴν

53 1711 201 1747 ἁμαρτίαν
213 1711 390 1746 ὲγένετο,κα“ι
402 1712 455 1746 πρὸ
465 1711 513 1737 τοῦ
522 1711 649 1747 σώματος
658 1712 742 1748 δὲτὴν
751 1713 858 1747 ἀπάτην

53 1758 66 1783 ὁ
77 1757 143 1788 νοῦς
157 1758 328 1790 ὑπεδέξατο·
342 1759 358 1793 ἡ
370 1758 416 1784 τοῦ
428 1757 474 1784 νοῦ
486 1758 539 1794 γὰρ
550 1759 682 1794 πρότερον
692 1758 859 1793 συγκατάθε-

52 1811 95 1836 σις
104 1804 157 1840 τὴν
169 1804 317 1840 ἁμαρτίαν
329 1806 504 1840 σκιαγραφεῐ,
516 1802 566 1831 εἶθ’
576 1804 662 1836 οὕτως
672 1805 716 1832 διὰ
726 1805 776 1839 τῆς
787 1806 859 1840 ἐνερ-

51 1850 132 1882 γείας
153 1850 188 1877 τὸ
214 1850 297 1885 σῶμα
317 1849 420 1885 ταύτην
437 1851 546 1886 μορφοῖ,
569 1850 858 1886 εἰκότωςὸΔεσπότης

48 1896 177 1932 Χριστὸς
199 1896 255 1931 τὴν
273 1897 448 1923 πεπτωκυῖαν
467 1895 549 1930 φύσιν
562 1895 712 1930 ἀναστῆσαι
729 1895 858 1930 βουλόμε-

49 1950 109 1974 νος,
133 1943 208 1969 πᾶσι
231 1943 314 1977 χεῖρα
334 1941 443 1976 ὀρέγει,
465 1941 512 1968 καὶ
533 1940 663 1976 κειμένην
684 1940 786 1976 ἐγείρει
810 1941 859 1975 τὴν

49 1987 161 2022 σάρκα,
171 1987 264 2023 φημὶ,
273 1987 318 2013 καὶ
328 1987 373 2013 τὸν
385 1985 457 2018 νοῦν,
467 1986 496 2018 ὃς
506 1986 628 2020 ἐγεγόνει
639 1986 699 2013 κατ’
709 1985 802 2012 εἰκόνα
811 1986 859 2012 τοῦ

47 2034 215 2065 κτίσαντος
224 2041 231 2047 ’
245 2033 362 2068 ἀόρατός
379 2041 409 2059 τε
428 2033 483 2068 γάρ
503 2034 573 2065 ἐστι,
585 2033 630 2059 καὶ
641 2033 766 2064 ἀθέατος,
778 2032 860 2067 ἀνέφ-

47 2079 127 2111 ικτος
146 2088 181 2105 τε
200 2078 255 2106 καὶ
272 2078 474 2113 ἀκατάληπτος,
485 2078 539 2105 οὐδ’
551 2078 648 2105 ἑαυτὸν
668 2078 857 2113 ἐπιστάμενος,

45 2126 119 2162 πρὸς
142 2126 175 2152 δὲ
200 2124 314 2155 τούτοις
333 2125 380 2151 καὶ
392 2125 595 2161 ιίιπερίγροιφος⁸
607 2125 685 2160 εἴπερ
696 2126 735 2156 είς
745 2125 794 2160 τὴν
804 2124 859 2151 τῶν

44 2171 198 2206 λογισμῶν
221 2170 431 2205 ἀποϐλέψαιμεν
449 2171 608 2205 φαντασίαν,
622 2171 756 2206 ἡγεμονίᾳ
769 2178 798 2197 τε
812 2170 861 2197 καὶ

42 2218 165 2254 ἐξουσίᾳ
185 2216 388 2252 τετιμημένος,
401 2217 508 2251 τέχναις
531 2218 578 2244 καὶ
598 2218 764 2253 ἐπιστήμαις
782 2225 861 2243 κεκο-

43 2265 217 2300 σμημένος,
234 2262 341 2298 βραχύς
360 2271 403 2294 τις
421 2263 468 2289 καὶ
481 2263 539 2294 νέος
550 2263 762 2299 δημιουργὸς,ἦ,
782 2263 812 2290 τό
829 2271 861 2297 γε

40 2311 251 2346 ἀληθέστερον
271 2310 370 2342 εἰπεῖν,
390 2308 435 2336 τοῦ
448 2309 619 2344 Δημιουργοῦ
640 2309 770 2345 μιμητὴς,
785 2309 861 2344 βασι-

39 2357 108 2389 λεὺς
120 2358 177 2392 τῆς
190 2355 343 2391 ὀρωμένης
354 2355 504 2390 κτίσεως,ἢ
519 2355 650 2389 βασιλέως
662 2354 752 2386 εἰκὼν,
763 2355 861 2391 φόρους

39 2403 197 2437 συλλέγων
211 2402 250 2427 ὲκ
262 2401 323 2436 γῆς,
337 2402 369 2428 ὲκ
380 2400 525 2436 θαλάττης,
538 2400 571 2433 ἐξ
579 2401 669 2437 ἀέρος,
681 2400 710 2433 ἐξ
721 2401 795 2435 ἡλίου
814 2402 861 2428 καὶ

38 2449 171 2484 σελήνης
187 2448 246 2475 καὶ
257 2447 390 2483 ἀστέρων,
402 2447 432 2480 ἐξ
445 2447 562 2483 οὐρανοῦ
577 2448 624 2474 καὶ
638 2446 737 2481 νεςῶν,
749 2447 781 2473 ἐκ
792 2455 860 2483 προ-

36 2498 141 2526 ῦάτων
165 2495 225 2522 καὶ
248 2492 319 2528 βοῶν
341 2494 388 2520 καὶ
407 2493 462 2520 τῶν
482 2492 568 2520 ἄλλων
588 2492 704 2527 κτηνῶν,
718 2492 817 2528 μᾶλλον
833 2493 860 2519 δὲ

35 2543 158 2573 πάντας
182 2539 286 2568 αὐτῶν
305 2538 369 2570 τοὺς
389 2539 512 2574 καρποὺς
528 2539 709 2574 δρεπόμενος·
729 2539 764 2565 δι’
781 2539 861 2565 αὐτὸν

37 2590 94 2625 γὰρ
110 2587 242 2623 ἐγένετο
255 2584 288 2612 τὰ
298 2584 435 2620 ὁρώμενα·
443 2584 508 2616 Θεὸς
519 2585 573 2620 γὰρ
585 2584 688 2611 τούτων
696 2585 858 2620 ἀπροσδεής.

72 2644 200 2672 Οὔκουν
227 2641 352 2676 ἠτίμασε
371 2641 415 2668 τὴν
436 2641 507 2667 οὕτω
525 2641 631 2676 τίμιον,
649 2641 693 2667 τὸν
714 2641 861 2677 θεραπείας

30 2692 195 2727 δεόμενον’
210 2686 280 2714 οὐδὲ
292 2686 322 2712 τὸ
333 2686 520 2722 φθειρόμενον,
528 2686 651 2721 καὶνόσῳ
662 2687 708 2712 καὶ
720 2687 794 2722 γήρᾳ
803 2687 861 2713 δου-

31 2738 124 2765 λεῦον
135 2736 194 2763 καὶ
203 2732 322 2768 θανάτῳ
331 2732 457 2764 ἀνέλαῦε,
468 2732 498 2758 τὸ
509 2732 537 2758 δὲ
548 2732 655 2766 λογικὸν
667 2733 714 2759 καὶ
727 2732 859 2759 ἀθάνατον

28 2784 82 2812 καὶ
88 2782 165 2811 κατ’
172 2790 188 2808 ε
194 2779 284 2807 ίκόνα
288 2778 468 2814 γεγενημένον
475 2778 526 2804 ὑπε
531 2778 599 2813 ρεῖδε
604 2777 751 2809 ,καὶταῦτα
756 2778 861 2812 κακῶςν

27 2831 70 2864 ὥς
79 2838 173 2860 φασι,
179 2825 378 2859 διακείμενον·
386 2824 454 2851 ἀλλὰ
462 2824 602 2859 πᾶσαντὴν
609 2824 689 2858 φύσιν
696 2824 858 2852 παλαιωθεῖ-

906 225 1050 251 charorum
1066 225 1205 251 hominumn
1223 226 1341 260 agmina,
1360 230 1415 251 tum
1433 230 1495 251 ante
1513 229 1567 251 tum
1584 230 1642 259 post
1658 226 1695 252 le-

906 278 976 304 gem,
992 276 1046 297 tum
1061 270 1176 304 czelibes,
1193 276 1247 297 tum
1259 271 1404 305 eonjugati,
1422 275 1476 297 tum
1494 270 1625 305 opulenti,
1639 276 1695 298 tum

906 317 1010 352 inopes,
1029 317 1074 351 qui
1090 318 1189 344 mentis
1206 325 1286 344 causa
1305 321 1366 344 tuas
1378 317 1525 353 adimplere
1539 317 1612 352 leges
1624 317 1694 345 haud

905 368 1059 397 potuerunt,
1069 363 1248 397 nequidquam
1261 363 1362 397 Spiritu
1375 368 1420 391 tuo
1434 364 1605 392 sanctissimo
1618 364 1696 390 auxi-

906 408 999 436 liante.
1018 408 1070 435 Sed
1090 416 1137 435 cur
1158 409 1280 443 pluribus
1296 410 1386 436 verbis
1409 417 1477 444 opus
1492 409 1548 436 sit?
1571 409 1610 435 Tu
1628 410 1695 443 ipse,

906 455 1028 486 Domine,
1046 462 1127 482 carne
1141 454 1251 482 indutus
1266 455 1382 488 venisti;
1398 456 1443 482 sed
1462 463 1571 482 carnem
1587 455 1694 489 quidem

905 503 1026 527 nostram
1039 500 1221 534 assumpsisti.
1235 506 1351 528 mentem
1370 505 1459 528 tamen
1474 505 1502 527 ut
1514 502 1621 528 virtutis
1649 501 1698 527 ad-

906 546 1005 581 eptioni
1018 546 1227 577 contrariam,el
1239 547 1342 580 precati
1355 546 1525 573 errorifacile
1539 546 1695 577 obnoxiam,

906 591 1037 619 recusasti
1050 599 1100 619 nec
1111 599 1218 620 sumere
1233 599 1329 626 passus
1341 599 1370 619 es
1383 599 1390 618 :
1403 597 1484 626 tuque
1498 591 1618 627 szﬁm.
1629 592 1699 618 adeo

906 638 1004 665 mentis
1019 638 1078 666 vice
1094 639 1119 665 in
1137 645 1219 666 carne
1237 638 1344 666 functus
1361 646 1400 670 es,
1419 643 1499 672 atque
1514 639 1549 665 ita
1563 638 1695 673 justitiam

906 683 978 712 felici
1005 692 1134 713 successu
1168 686 1305 720 peregisti.
1339 685 1396 712 llac
1431 685 1556 712 videlicet
1593 684 1698 711 ratione

906 735 1046 766 peccatum
1061 732 1162 760 vicisti.
1181 731 1250 759 Deus
1268 732 1338 759 enim
1355 739 1396 763 es,
1414 731 1561 758 voluntatis
1578 730 1602 756 vi
1615 730 1694 764 quid-

907 777 969 812 quid
986 777 1093 804 libuerit
1111 785 1204 813 agens,
1222 783 1288 805 nutu
1306 783 1352 805 tuo
1372 777 1477 813 negotia
1495 784 1616 804 versans.
1641 775 1699 802 Nos

907 829 971 860 vero
986 826 1075 849 mente
1098 823 1215 850 humana
1235 823 1350 858 pra-diti,
1374 830 1454 857 quam
1476 826 1503 848 tu
1520 821 1567 848 tibi
1589 827 1697 848 sumere

908 868 1029 902 noluisti,
1043 870 1196 897 necessario
1211 869 1260 897 sub
1275 874 1387 905 peccato
1403 868 1537 904 (legimus,
1560 872 1605 894 tua
1620 868 1698 902 sequi

908 915 1020 949 vestigia
1053 923 1105 942 non
1137 915 1269 943 valentes.
1303 914 1372 948 Quid
1415 919 1456 942 est
1480 915 1552 941 enim
1579 913 1698 940 humana

909 968 986 989 mens
1003 968 1058 995 prae
1077 962 1122 989 Dei
1147 962 1265 994 viribus,
1284 961 1430 996 sapientia,
1451 961 1561 992 lumine,
1579 959 1697 995 iustitia,

908 1008 973 1039 vita,
999 1007 1114 1042 aliisque
1129 1009 1290 1036 substantiae
1305 1013 1357 1035 tua:
1378 1007 1516 1039 cllicaciis,
1539 1014 1598 1041 qum
1616 1005 1697 1032 veluti

910 1054 978 1081 radii
995 1061 1026 1081 ae
1043 1053 1181 1089 lampades
1204 1062 1236 1082 ex
1259 1059 1356 1081 natura
1375 1059 1420 1082 tua
1442 1053 1614 1082 scaturiunt?
1636 1052 1699 1079 Ilarc

909 1098 1075 1126 credibiliter
1093 1099 1213 1126 dicerent
1227 1099 1243 1125 ii
1260 1099 1305 1133 qui
1321 1103 1432 1134 peccato
1450 1099 1553 1126 servire
1565 1098 1698 1125 decrevis-

909 1151 979 1177 sent,
992 1145 1013 1172 si
1029 1145 1097 1171 Deus
1105 1143 1223 1171 Verbum
1236 1143 1299 1170 dum
1311 1151 1374 1171 vere
1385 1143 1521 1170 hominem
1537 1148 1697 1173 assumeret,

910 1190 961 1217 hac
977 1191 1082 1218 ratione
1099 1189 1305 1224 impeecantiam
1323 1197 1398 1216 suam
1414 1189 1466 1216 sibi
1481 1189 1661 1216 conciliasset.

878 1235 985 1270 ἀληθῶς
1010 1236 1043 1262 ἂν
1069 1236 1247 1263 συνανέλαϐεν
1264 1235 1417 1271 ἄνθρωτων,
1437 1234 1524 1270 τούτῳ
1544 1233 1582 1269 τῷ
1605 1234 1701 1269 τρόπῳ

912 1378 992 1407 XVII.
1013 1379 1174 1413 Argumenta
1201 1380 1235 1406 ad
1256 1379 1487 1412 demonstrandum
1511 1383 1578 1404 recte
1599 1377 1700 1411 factum

1029 1415 1110 1449 fuisse
1124 1415 1216 1441 mentis
1234 1415 1356 1440 Immanae
1368 1418 1581 1446 assumptmzem.

946 1482 999 1510 Sed
1022 1482 1078 1517 jam
1104 1482 1217 1509 istorum
1237 1489 1321 1517 nugas
1338 1482 1363 1509 in
1381 1481 1506 1516 praesenti
1530 1481 1698 1507 omittamus.

872 1517 892 1546 (ἶ
909 1527 964 1555 Nos
983 1534 1049 1555 vero
1065 1527 1098 1553 ad
1115 1527 1283 1562 propositum
1306 1531 1494 1561 argumentum
1519 1531 1698 1557 revertamur,

909 1578 990 1608 atque
1008 1573 1225 1600 demonstremus
1243 1572 1426 1599 necessariam
1444 1571 1529 1598 fuisse
1544 1570 1700 1598 Servatoris

908 1619 993 1647 nostri
1014 1618 1239 1646 incarnationem.
1260 1618 1328 1652 Quia
1345 1618 1416 1645 enim
1433 1623 1504 1645 totus
1519 1617 1599 1644 homo
1621 1616 1700 1643 decc-

909 1670 971 1700 ptus
991 1665 1090 1697 fuerat,
1108 1669 1233 1698 totusque
1249 1665 1298 1692 sub
1323 1668 1466 1699 peccatum
1495 1663 1643 1694 deciderat,
1672 1667 1701 1690 et

909 1717 972 1739 ante
992 1711 1078 1745 ipsum
1093 1718 1192 1743 corpus
1211 1718 1287 1738 mens
1302 1718 1422 1738 errorem
1439 1710 1604 1743 admiserat;
1624 1716 1703 1735 nam-

910 1765 962 1793 que
972 1761 1050 1784 antea
1062 1757 1160 1784 mentis
1172 1764 1320 1783 consensus
1331 1762 1471 1790 peccatum
1488 1755 1614 1786 deliucat,
1624 1755 1701 1782 dein-

911 1805 943 1831 de
967 1804 992 1830 id
1016 1811 1113 1837 corpus
1138 1811 1186 1838 per
1206 1810 1282 1829 suam
1311 1802 1444 1830 actionem
1469 1801 1574 1837 ﬁgurat,
1604 1801 1704 1828 merito

910 1850 1034 1877 Christus
1052 1849 1180 1877 Dominus
1201 1849 1303 1883 lapsam
1326 1853 1448 1875 naturam
1470 1850 1575 1884 erigere
1596 1849 1701 1879 volens,

912 1896 1019 1930 utrique
1035 1894 1114 1922 simul
1132 1903 1242 1921 manum
1268 1895 1393 1929 porrigit,
1409 1899 1435 1921 et
1455 1895 1588 1929 jacentem
1610 1895 1703 1929 erigit,

911 1949 1036 1973 carnem,
1046 1942 1166 1975 inquam,
1180 1948 1212 1967 ac
1226 1945 1353 1971 mentem.
1369 1947 1429 1975 quae
1443 1940 1474 1966 ad
1486 1940 1701 1967 Creatorisima-

911 1988 1000 2023 ginem
1018 1987 1089 2014 facta
1107 1987 1166 2014 fuit.
1181 1986 1229 2013 Est
1245 1987 1315 2013 enim
1335 1995 1411 2014 mens
1432 1987 1584 2019 invisibilis,
1608 1987 1702 2014 incono

913 2034 1086 2069 templabilis,
1103 2034 1233 2069 impervia
1256 2038 1283 2060 et
1305 2033 1597 2068 incomprehensibilis,
1613 2041 1703 2069 neque

912 2089 941 2109 se
963 2081 1048 2117 ipsam
1071 2089 1247 2116 cognoscens,
1269 2086 1296 2108 et
1320 2081 1430 2115 insuper
1444 2079 1700 2114 ineircumscripta:

912 2133 938 2156 et
962 2129 982 2155 si
1007 2127 1199 2162 cogitationum
1217 2127 1389 2162 phantasiam
1413 2130 1576 2161 spectamus,
1602 2125 1700 2152 ducatu

913 2179 938 2200 et
955 2177 1088 2208 potestate
1118 2173 1238 2207 praedita,
1268 2172 1371 2198 artibus
1395 2176 1422 2198 et
1448 2171 1569 2198 scientiis
1594 2176 1704 2202 ornata,

914 2228 995 2255 parra
1007 2220 1127 2254 quaedam
1139 2226 1246 2246 acnova
1256 2217 1444 2250 creatrix,ve|,
1457 2223 1485 2244 ut
1495 2218 1585 2244 verius
1599 2217 1702 2249 dicam,

913 2266 1050 2293 Creatoris
1071 2266 1210 2297 imitatrix,
1237 2265 1328 2303 regina
1352 2269 1482 2292 creatura:
1507 2265 1630 2297 \‘isib‘lis,
1658 2265 1701 2292 vel

914 2313 984 2348 regis
1008 2312 1106 2347 imago,
1133 2311 1231 2338 tributa
1257 2312 1289 2338 de
1316 2316 1387 2337 terra
1410 2311 1549 2345 colligens,
1570 2318 1601 2337 ex
1620 2311 1701 2344 mari,

913 2362 993 2391 atque
1010 2365 1083 2390 aere,
1108 2365 1140 2385 ex
1156 2357 1212 2384 sole
1236 2365 1267 2384 ac
1289 2357 1349 2383 luna
1367 2362 1393 2384 et
1419 2356 1514 2388 stellis,
1531 2365 1562 2384 ex
1578 2357 1647 2385 cmlo
1673 2362 1701 2386 et

908 2403 1039 2435 meibus,
1056 2411 1087 2431 ex
1110 2403 1215 2435 ovibus,
1237 2403 1335 2435 bobus,
1350 2402 1463 2437 aliisque
1476 2402 1595 2438 825m.
1620 2410 1703 2438 pecu-

913 2450 1006 2482 dibus;
1023 2450 1077 2476 imo
1089 2457 1151 2476 vero
1165 2449 1282 2476 omnium
1297 2448 1398 2476 fructus
1409 2456 1542 2483 carpens:
1558 2449 1615 2482 ejus
1628 2449 1703 2475 enim

913 2497 998 2530 gratia
1019 2496 1133 2523 visibilia
1151 2500 1247 2523 cuncta
1263 2499 1326 2522 sunt
1340 2494 1429 2522 facta:
1444 2502 1505 2521 nam
1522 2494 1591 2521 Deus
1604 2494 1702 2522 horum

913 2549 964 2568 non
980 2547 1020 2568 est
1040 2542 1155 2576 indigus.
1305 2547 1308 2549 ’

877 2194 900 2221 Ι)

947 2639 1003 2666 Non
1017 2647 1081 2675 ergo
1092 2641 1313 2675 contempsittam
1323 2641 1466 2676 pretiosam
1479 2647 1582 2676 partem
1596 2641 1699 2669 medela

912 2691 1037 2720 egentem
1050 2695 1061 2719 -,
1074 2688 1220 2718 morlmquc
1235 2692 1262 2713 et
1277 2693 1383 2714 senecta
1399 2691 1552 2722 corruptam
1566 2687 1702 2722 mortique

913 2730 1091 2764 m:mcipatam
1117 2731 1312 2759 humanitatem
1339 2740 1392 2760 non
1420 2732 1455 2759 ita
1486 2734 1644 2767 assumpsit,
1671 2738 1701 2761 ut

912 2780 1015 2810 partem
1035 2776 1119 2812 ipsius
1140 2777 1296 2806 rationalem
1318 2782 1345 2805 et
1367 2778 1548 2807 immortalem
1565 2784 1644 2813 atque
1664 2779 1701 2806 ad

912 2823 1056 2858 imaginem
1073 2832 1150 2852 suam
1168 2825 1265 2852 fartam
1278 2825 1450 2860 despexerit;
1466 2825 1616 2860 praesertim
1636 2825 1701 2860 quia
