1907 3038
51 177 118 205 Mm

631 173 675 201 DE
695 173 749 201 lNC
757 171 950 201 \RNATlONE
969 169 1097 198 DOMlNl.

1606 167 1675 194 “30

51 246 152 272 γυπτον
164 236 349 273 ἑϐδομήκοντα
369 236 450 264 πέντε
468 236 516 271 (l).
537 234 656 271 Εὒδηλον
673 236 702 263 δὲ
723 237 761 268 ὼς
784 235 834 262 οὐκ

897 241 1014 270 agressa:
1034 237 1096 261 sunt
1120 239 1180 260 cum
1203 231 1304 259 Jacobo
1329 231 1354 258 in
1372 230 1517 266 Egyptom
1533 250 1540 262 ,
1567 233 1676 264 septua-

48 284 188 319 ἀσώματοι
202 281 273 319 ἦσαν
293 284 317 310 oi
337 283 386 310 τοῦ
408 282 507 310 Ἰακὼὸ
532 283 584 309 υἱοί
599 291 629 309 τε
645 282 692 309 καὶ
716 281 833 316 ἔκγονοι,

48 331 105 357 ἀλλ’
119 329 172 356 ἀπὸ
192 330 292 365 μέρους
313 329 343 356 τὸ
360 329 413 356 πᾶν
441 329 455 355 ὁ
479 328 686 364 ἱστοριογράφος
707 327 834 361 ἐδήλωσε.

47 374 103 401 Καὶ
118 374 198 400 πάλιν
208 382 215 388 ·
239 382 248 399 t
260 374 340 409 Ψυχὴ
355 375 372 409 ἡ
389 374 594 409 ἁμαρτάνουσα.
609 373 678 408 αὑτὴ
690 373 835 399 ἀποθανεῖ-

48 427 103 446 ται.
129 428 138 444 ι
157 418 251 450 Οὐδεὶς
266 418 294 445 δὲ
305 418 376 452 ἔγνω
391 417 502 445 πώποτε
519 418 608 454 ψυχὴν
629 417 694 444 ἄνευ
711 417 836 452 σώματος

49 465 171 501 ἁμαρτία
192 464 410 500 περιπεσοῦσαν·
433 463 480 490 καὶ
503 461 591 495 αὖθις,
612 472 622 488 ‹
640 463 678 489 Οὐ
700 462 738 498 μὴ
753 470 837 489 κατα-

51 511 130 547 μείνῃ
143 512 174 537 τὸ
187 510 300 546 Πνεῦμά
315 519 365 545 μου
382 511 410 537 ἐν
424 511 479 541 τοῖς
491 509 645 545 ἀνθρώποις
661 509 778 541 τούτοις,
793 508 837 535 διὰ
859 529 861 531 .

49 557 79 584 τὸ
90 556 160 585 εἶναι
181 558 279 589 αὐτοὺς
301 557 399 593 σάρκα.
416 566 426 582 )
446 556 503 584 Καὶ
522 557 537 583 ὁ
554 556 697 591 προφήτης
712 554 836 590 ἑτέρωθι,

49 613 62 629 ‹
74 604 153 631 Πᾶσα
161 604 228 639 σὰρξ
235 603 300 639 χοῦς
310 603 359 639 [ita
367 603 439 635 cod.,
447 610 500 630 non
507 602 626 639 χόρτος],
635 603 681 629 καὶ.
691 603 765 629 πᾶσα
775 601 840 634 δόξα

49 649 193 685 ἀνθρώπου
205 649 242 681 ὡς
257 649 335 681 ἄνθος
347 649 444 684 χόρτου
454 655 461 663 ⁸
479 657 488 675 ι
505 649 552 676 καὶ
567 650 581 675 ὁ
595 649 730 684 μακάριος
744 648 837 681 Δαῦὶδ,

52 705 62 721 ‹
80 694 227 730 Ἐμνήσθη,
237 695 330 730 φησὶν,
347 695 387 721 ὅτι
401 693 470 730 σάρξ
485 695 548 726 εἱσι,
564 694 673 729 πνεῦμα
688 694 840 730 πορευόμε-

49 750 106 771 νον.
124 741 170 767 καὶ
180 740 230 767 οὐκ
244 740 419 775 ἐπιστρέφον.
434 749 442 766 ι
461 740 546 767 Παντὶ
557 739 585 766 δὲ
595 739 730 775 δήπουθεν
742 739 839 775 γνώρι-

52 795 114 822 μον,
125 786 161 817 ὡς
174 785 223 812 οὐκ
237 785 335 820 ἄψυχοι
348 782 418 820 ἦσαν
430 781 502 811 οὗτοι
516 780 553 811 ὧν
564 783 723 819 κατηγορεῖ,
738 783 785 810 καὶ
799 779 840 815 οἷς

49 831 201 866 νομοθετεῖ,
221 830 268 857 καὶ
280 827 317 857 ὧν
329 829 478 865 έρμηνεύει
494 829 544 864 τὴν
559 829 652 864 φύσιν.

86 877 125 904 Οὐ
142 877 220 912 μόνον
232 876 261 903 δὲ
279 876 342 907 τοὺς
363 875 615 911 κατηγορουμένους
631 875 716 911 [λέγει
735 876 752 911 ή
767 875 838 910 Γρα-

889 281 965 316 ginta
984 281 1104 315 quinque
1119 279 1194 306 fuere
1210 279 1242 304 ³³.
1268 278 1381 305 Constat
1405 280 1496 304 autem
1518 283 1570 302 non
1593 275 1678 303 fuisse

889 327 1064 360 incorporeos
1078 325 1171 352 Jacobi
1182 325 1252 352 tilios
1267 329 1348 358 atque
1363 327 1490 357 nepotes;
1506 322 1552 349 sed
1561 329 1592 348 ex
1602 326 1678 356 parte

891 376 976 399 totum
993 371 1139 398 historicus
1155 369 1362 398 demonstravit.
1375 369 1409 396 Et
1423 375 1517 395 rursus
1533 375 1538 393 :
1557 376 1566 392 ι
1580 366 1676 393 Anima

890 424 950 451 quae
959 416 1121 452 peccaverit,
1131 416 1189 450 ipsa
1198 415 1328 443 morietur
1338 415 1371 440 “.
1379 413 1478 441 »Νοιηο
1486 420 1548 440 vero
1558 419 1677 446 unquam

891 462 1096 489 scivitanimam
1110 463 1212 497 absque
1231 467 1344 495 corpore
1363 460 1388 487 in
1405 459 1514 494 culpam
1530 457 1671 485 incidisse.

892 508 924 535 Et
932 508 1035 536 denuo:
1051 516 1061 534 ι
1072 507 1130 535 Non
1145 506 1315 542 permanebit
1328 505 1445 541 Spiritus
1461 512 1538 532 meus
1552 505 1579 531 in
1589 503 1679 531 homi-

892 553 972 580 nibus
986 553 1057 584 istis,
1076 554 1138 587 quia
1153 552 1262 587 827m
1277 559 1341 579 caro
1352 551 1471 578 sunt‘°.t
1489 549 1522 577 Et.
1535 549 1599 577 alibi
1614 556 1678 583 pro-

892 601 973 635 pheta
984 608 990 626 :
1000 599 1109 627 «Omnis
1117 607 1182 627 caro
1191 598 1287 633 pulvis,
1301 597 1423 626 etomnis
1432 597 1572 624 hominum
1592 595 1680 630 gloria

892 654 940 674 ceu
950 646 1003 673 feni
1011 645 1060 673 ﬂos
1072 645 1123 672 δ’.»
1135 645 1234 672 Beatus
1243 651 1350 679 quoque
1361 643 1443 670 David
1460 652 1467 670 :
1486 652 1495 669 ι
1509 642 1680 670 lieeotdatus

892 697 944 725 est,
955 692 1053 727 inquit,
1070 691 1142 727 quod
1153 698 1218 719 caro
1232 695 1307 724 sunt,
1334 690 1446 724 spiritus
1463 689 1564 716 vadens
1585 692 1612 715 et
1624 694 1679 714 non

893 739 1001 766 rediens
1014 738 1048 766 δ’,
1067 747 1076 764 ι
1099 737 1249 766 Estautem
1269 737 1415 771 unicuique
1431 735 1611 770 exploratum,
1625 741 1679 760 non

893 784 977 812 fuisse
999 784 1049 812 hos
1076 783 1209 810 inanimes
1244 790 1313 817 quos
1336 781 1522 816 reprehendit,
1549 780 1590 807 vel
1620 779 1681 813 qni-

892 830 943 858 bus
951 829 1036 865 legem
1046 828 1199 860 constituit,
1212 827 1254 855 vel
1265 835 1380 862 quorum
1395 832 1521 861 naturam
1537 824 1678 853 describit.

927 875 1020 911 Neque
1037 875 1123 902 solum
1146 874 1181 902 de
1206 873 1370 908 vituperatis
1398 873 1434 900 ita
1458 871 1579 907 loquitur
1600 870 1679 898 Scri-

51 921 114 959 φὴ],
127 921 196 949 ἀλλὰ
221 921 269 948 καὶ
284 921 338 948 τῶν
355 921 560 956 ἐπαινουμένων
577 922 640 953 τοὺς
657 921 821 957 κορυφαίους
832 929 838 936 ⁸

897 927 1083 956 )tura,verum
1095 920 1178 949 etiam
1195 921 1228 947 de
1241 919 1447 947 laudatissimis.
1462 919 1551 946 Testis
1568 917 1678 948 Paulus,

51 968 102 994 xui.
118 967 220 995 τούτων
238 967 343 1003 μάρτυς
356 967 370 993 ό
391 966 526 1002 μακάριος
548 966 652 998 Παῦλος
674 967 702 993 ὲν
718 967 752 1001 τῇ
772 966 840 1001 πρὸς

52 1013 176 1045 Γαλάτας
189 1013 289 1047 λέγων·
308 1022 316 1038 ι
331 1013 396 1039 Ὅτε
412 1011 440 1038 δὲ
456 1011 603 1047 εὐδόκησεν
618 1012 707 1043 ὁΘεὸς
719 1012 733 1038 ό
745 1011 841 1047 ἀφορί-

53 1067 105 1090 σας
121 1067 154 1093 με
166 1058 199 1084 ὲκ
216 1056 319 1088 κοιλίας
339 1057 443 1092 μητρός
459 1063 522 1091 μου,
537 1056 584 1082 καὶ
602 1054 721 1086 καλέσας
736 1054 781 1081 διὰ
793 1054 841 1089 τῆς

52 1092 162 1140 χάριτος
179 1102 261 1130 αὐτοῦ
283 1102 459 1137 ἀποκαλύψαι
479 1102 526 1128 τὸν
539 1101 604 1128 Υἰὺν
624 1092 706 1128 αὐτοῦ
723 1101 752 1127 ὲν
769 1100 840 1135 ἐμοὶ,

52 1151 154 1182 εὐθέως
171 1150 200 1176 οὐ
214 1148 422 1185 προσανεθέμην
441 1148 524 1183 σαρκὶ
543 1148 590 1174 καὶ
605 1148 712 1183 αἵματι,
723 1146 791 1174 ἀλλὰ
803 1146 841 1182 (2)

51 1195 123 1232 πρὸς
138 1195 199 1226 τοὺς
214 1195 266 1229 πρὸ
289 1193 356 1229 ἐμοῦ
371 1193 537 1224 ἀποστόλους
555 1192 681 1228 ἀνῆλθον.
695 1201 703 1217 ι
717 1191 750 1218 Εἰ
768 1191 797 1218 δὲ
811 1191 841 1217 οὐ

54 1240 137 1277 μόνον
151 1241 198 1266 ἐπὶ
211 1239 257 1266 τοῦ
276 1238 408 1275 σαρκικοῡ
425 1238 598 1274 φρονήματος
615 1237 661 1264 καὶ
677 1237 726 1272 τῆς
745 1236 841 1271 θνητό-

52 1295 145 1324 τητος,
161 1285 191 1312 τὺ
208 1285 256 1320 τῆς
269 1284 368 1320 σαρκὸς
380 1283 507 1319 φρόνημα
523 1282 699 1318 λαμϐάνεται,
712 1281 780 1309 ἀλλὰ
794 1282 841 1308 καὶ

53 1332 102 1358 ἐπὶ
117 1331 206 1365 πάσης
215 1330 263 1364 τῆς
272 1329 322 1356 ’τοῦ
333 1328 478 1364 ἀνθρώπου
494 1328 611 1364 φύσεως,
627 1327 739 1362 εὔδηλον
751 1327 788 1359 ὡς
801 1327 841 1361 τὸ,

57 1387 67 1404 t
84 1377 114 1404 '0
127 1376 213 1410 Λόγος
226 1375 295 1412 σὰρξ
310 1376 426 1410 ἐγένετο,
439 1385 448 1401 ι
460 1375 490 1401 οὐ
502 1374 531 1401 τὸ
541 1374 701 1409 φαινόμενον
712 1373 758 1400 τοῦ
773 1373 842 1406 ζώου

55 1423 148 1458 μόνον,
170 1421 227 1448 ἀλλ’
244 1421 304 1448 ὅλον
319 1420 446 1456 σημαίνει
463 1420 508 1446 τὸν
527 1419 685 1455 ἄνθρωπον·
704 1419 764 1446 οὐδὲ
780 1428 841 1454 τρο-

54 1468 112 1503 πήν
127 1476 188 1494 τινα
206 1466 255 1501 τῆς
277 1466 351 1497 θείας
364 1465 459 1496 οὐσίας
474 1466 513 1496 είς
539 1465 629 1500 σάρκα
651 1465 717 1500 φησὶ
732 1464 845 1500 γεγενῆ-

53 1514 131 1545 σθαι,
147 1513 215 1540 ἀλλὰ
235 1512 284 1547 τὴν
303 1512 355 1539 ὑπὸ
373 1512 420 1539 τοῦ
437 1511 504 1538 Θεοῦ
528 1512 613 1546 Λόγου
637 1511 770 1547 ἀνάληψιν
795 1511 844 1547 τῆς

54 1558 230 1595 ἀνθρωπείας
247 1558 378 1594 κηρύττει
391 1557 511 1592 φύσεως·
525 1557 619 1593 ὥσπερ
636 1557 689 1593 γὰρ
701 1557 740 1590 τὸ,
758 1567 767 1583 ι
777 1558 845 1593 Χρι-

55 1605 120 1635 οτὺς
143 1605 216 1640 ἡμᾶς
239 1604 405 1640 ἐξηγόρασεν
422 1605 454 1630 ἐκ
471 1604 519 1639 τῆς
541 1603 663 1638 κατάρας
686 1602 734 1630 τοῦ
749 1602 855 1638 νόμου,”

55 1650 203 1685 γενόμενος
217 1650 286 1686 ὑπὲρ
300 1649 377 1685 ἡμῶν
399 1649 516 1684 κατάρα,
529 1659 538 1675 ι
553 1650 583 1676 οὺ
606 1649 654 1684 τὴν
669 1650 709 1681 εἰς
723 1649 844 1684 κατάραν

55 1695 210 1732 μταὸολὴν
224 1695 274 1730 τῆς
292 1695 345 1722 τῶν
361 1695 472 1729 ἀγαθῶν
495 1695 586 1730 πηγῆς
602 1695 759 1726 αἰνίττεται,
777 1694 846 1721 ἀλλὰ

55 1738 108 1774 τὴν
130 1738 162 1764 δι’
181 1738 262 1765 αὑτοῦ
286 1739 435 1774 γενομένην
456 1739 505 1774 τῆς
532 1739 670 1774 ἁμαρτίας
696 1740 778 1775 ἤγουν
796 1740 845 1774 τῆς

56 1783 183 1819 κατάρας
206 1784 375 1820 ἀπαλλαγὴν,
397 1785 444 1810 κα)⁸
466 1784 508 1816 τὸ,
528 1794 537 1810 ι
558 1784 686 1811 Γενέσθαι
710 1785 846 1820 ἁμαρτίαν

56 1830 129 1865 ὑπὲρ
153 1830 231 1865 ἡμῶν
249 1830 294 1856 τὸν
323 1831 360 1866 μὴ
374 1830 472 1864 γνόντα
491 1831 639 1867 ἁμαρτίαν,
662 1841 672 1858 ›
689 1832 719 1858 οὐ
732 1831 782 1867 τὴν
797 1832 847 1867 τῆς

56 1875 231 1909 δικαιοσύνης
239 1875 365 1911 σημαίνει
375 1876 479 1911 τροπὴν
490 1876 635 1911 (ἄτρεπτον
644 1877 699 1913 γὰρ
713 1877 743 1903 τό
758 1877 846 1911 Θεῐον,

58 1921 107 1947 καὶ
123 1920 310 1953 ἀναλλοίωτον,
326 1920 363 1952 ὡς
377 1920 422 1946 διὰ
444 1920 492 1946 τοῦ
515 1921 655 1956 προφήτου
670 1921 734 1956 βοᾷ·
756 1930 764 1947 ι
777 1920 847 1956 Ἐγώ

58 1967 130 2001 ειμι,
150 1967 196 1992 καὶ
210 1966 260 1993 οὐκ
273 1965 423 2001 ὴλλοίωμαι
433 1985 439 1997 ,
457 1966 479 2000 ι)
491 1966 558 1992 ἀλλὰ
573 1967 622 2002 τὴν
636 1967 690 1993 τῶν
706 1967 848 2003 ἡμετέρων

59 2011 268 2047 ἁμαρτημάτων
281 2011 429 2046 ἀνάληψιν
443 2021 454 2038 ι
472 2011 524 2038 Ἴδε
540 2012 604 2046 γὰρ,
619 2012 711 2047 φησὶν,
721 2014 735 2039 ὁ
752 2013 848 2048 Ἀμνὸς

58 2056 110 2083 τοῦ
129 2056 208 2089 Θεοῦ,
227 2057 264 2083 ἴδε
278 2058 291 2083 ὁ
305 2057 390 2092 αῐρων
405 2057 455 2092 τὴν
477 2056 613 2092 ἁμαρτίαν
640 2057 686 2084 τοῦ
705 2058 819 2093 κόσμου·
836 2067 845 2084 ι

59 2101 134 2129 οὕτω
144 2103 186 2136 τὸ,
201 2111 211 2128 ι
222 2102 251 2129 '0
264 2102 351 2137 Λόγος
361 2102 429 2138 σὰρξ
443 2102 560 2137 ἐγένετο,
575 2111 585 2127 ›
600 2103 631 2129 οὐ
646 2102 695 2138 τὴν
707 2103 849 2130 ἀλλοίωσιν

59 2147 139 2181 λέγει
158 2148 208 2183 τῆς
230 2148 371 2183 Θεάτητος,
387 2148 455 2175 ἀλλὰ
467 2148 517 2183 τῆς
546 2147 720 2184 ἀνθρωπίνης
741 2149 849 2184 φύσεως

61 2193 201 2229 ἀνάληψιν
215 2201 221 2209 ·
236 2193 284 2229 τὴν
303 2194 407 2229 ἄφατον
422 2194 476 2230 γὰρ
495 2194 543 2221 τοῦ
562 2194 629 2221 Θεοῦ
646 2194 849 2230 φιλανθρωπίαν

857 1587 880 1617 C

892 969 937 1004 qui
953 968 980 995 itt
996 967 1113 1002 Epistula
1127 967 1160 994 ad
1175 966 1286 994 Galatas
1301 966 1338 992 ait
1352 974 1358 992 :
1378 975 1386 991 t
1399 965 1466 993 Cum
1478 968 1568 991 autem
1579 963 1680 998 placuit

892 1014 929 1047 ei,
945 1014 990 1048 qui
1006 1021 1048 1041 mc
1062 1013 1215 1048 segregavit
1227 1020 1261 1040 ex
1278 1018 1357 1040 utero
1379 1011 1474 1039 matris
1488 1018 1566 1043 meae,
1591 1014 1618 1037 ct
1634 1016 1682 1036 vo-

893 1061 964 1088 cavit
978 1067 1025 1094 per
1039 1059 1153 1094 gratiam
1169 1066 1259 1091 suam,
1282 1063 1312 1085 ut
1337 1058 1472 1086 revelaret
1487 1057 1586 1084 Filium
1601 1063 1680 1084 suum

893 1106 921 1134 in
936 1113 989 1138 me,
1005 1105 1136 1133 continuo
1161 1112 1215 1132 non
1233 1103 1360 1139 acquievi
1384 1103 1461 1132 carni
1483 1107 1511 1131 et
1536 1102 1678 1137 sanguini.

893 1151 942 1179 sed
957 1151 990 1178 ad
1006 1157 1186 1185 praecessores
1201 1157 1276 1178 meos
1290 1149 1427 1184 apostolos
1442 1149 1543 1177 accessi
1560 1149 1593 1176 “.
1622 1159 1632 1175 ι
1649 1147 1680 1178 Si

893 1205 958 1233 ergo
969 1204 1023 1224 non
1036 1202 1142 1224 tantum
1161 1197 1194 1225 de
1205 1197 1307 1224 carnali
1328 1196 1437 1229 affectu,
1461 1201 1488 1224 et
1507 1197 1540 1224 dc
1558 1198 1682 1225 mortali-

895 1248 966 1276 tate,
988 1243 1080 1270 carnis
1104 1249 1202 1271 sensus
1222 1242 1397 1278 intelligitur,
1423 1250 1515 1270 verum
1538 1243 1620 1270 etiam
1648 1244 1682 1270 de

895 1289 1021 1316 universa
1046 1288 1165 1316 hominis
1187 1292 1293 1322 natura,
1317 1292 1392 1323 patet
1406 1288 1563 1322 dictionem,
1578 1297 1587 1314 ι
1614 1288 1682 1316 Ver-

894 1334 957 1362 bum
970 1342 1034 1362 earo
1049 1333 1150 1362 factum
1165 1338 1217 1366 est,
1228 1343 1237 1360 ι
1253 1341 1307 1362 non
1328 1335 1399 1368 quod
1415 1334 1521 1362 visibile
1534 1334 1681 1362 animantis

895 1385 935 1408 est
953 1380 1157 1414 tantummodo,
1179 1382 1227 1408 sed
1242 1385 1327 1409 totum
1349 1380 1485 1408 hominem
1509 1380 1677 1416 signiﬁcare.

895 1427 987 1462 Neque
1011 1428 1218 1456 conversionem
1243 1427 1388 1462 quamdam
1404 1427 1502 1455 divinae
1522 1427 1682 1456 substantia)

892 1473 922 1500 in
937 1480 1048 1501 carnem
1071 1472 1196 1501 evenisse
1223 1472 1300 1505 dicit,
1325 1472 1374 1500 sed
1397 1476 1566 1507 assumptam
1585 1481 1603 1500 οε
1627 1472 1682 1501 Deo

896 1519 986 1548 Verbo
1015 1519 1162 1547 humanam
1188 1523 1314 1546 naturam
1337 1519 1476 1553 praedicat.
1503 1518 1581 1547 Sicut
1609 1519 1681 1547 enim

895 1567 1007 1600 locutio,
1023 1575 1032 1592 t
1052 1565 1178 1593 Christus
1197 1564 1314 1592 redemit
1331 1572 1382 1592 nos
1390 1565 1424 1592 de
1441 1565 1588 1594 maledicto
1602 1567 1682 1603 legis,

895 1614 982 1641 factus
991 1620 1039 1648 pro
1055 1612 1133 1640 nobis
1147 1611 1320 1639 maledictum
1332 1611 1365 1645 “,
1388 1621 1397 1638 ι
1412 1619 1583 1647 nequaquam
1595 1614 1683 1642 inlinit

896 1660 1072 1688 mutationem
1095 1659 1177 1687 fontis
1202 1660 1336 1687 bonorum
1360 1659 1387 1686 in
1412 1659 1584 1688 maledictum
1599 1681 1608 1693 ,
1635 1663 1682 1689 sed

896 1708 985 1743 potius
998 1707 1094 1734 factam
1107 1713 1155 1741 per
1171 1705 1260 1740 ipsum
1280 1705 1384 1740 peccati
1404 1706 1463 1734 sive
1481 1707 1618 1735 maledicti
1633 1707 1682 1736 de-

895 1751 1046 1787 pulsionem
1059 1759 1067 1784 ;
1083 1755 1110 1778 et
1123 1751 1205 1778 sicuti
1216 1751 1310 1784 verba,
1329 1759 1340 1777 ι
1358 1751 1460 1779 factum
1471 1760 1531 1780 esse
1541 1759 1682 1787 peccatum

896 1805 946 1833 pro
957 1797 1035 1825 nobis
1048 1803 1109 1824 eum
1126 1797 1172 1831 qui
1187 1801 1326 1832 peccatum
1353 1805 1406 1825 non
1421 1803 1535 1826 noverat
1553 1799 1586 1832 "‘,
1607 1809 1616 1826 ι
1634 1808 1684 1828 no-

897 1851 1032 1878 quaquam
1049 1843 1163 1878 iustitiae
1180 1843 1359 1870 mutationem
1376 1843 1531 1878 signiﬁcant
1547 1845 1597 1880 (est
1611 1847 1683 1873 enim

898 1889 1059 1917 invertibilis
1075 1889 1145 1916 Deus
1158 1893 1185 1915 et
1199 1888 1385 1921 immutabilis,
1400 1889 1480 1916 sicuti
1495 1897 1544 1924 per
1567 1892 1683 1925 prophe-

899 1940 954 1962 tam
968 1934 1081 1962 clamat:
1097 1943 1107 1959 ι
1123 1933 1179 1968 Ego
1193 1941 1264 1966 sum,
1278 1938 1367 1961 etnon
1379 1939 1467 1961 mutor
1481 1935 1514 1967 “,
1532 1936 1609 1970 ἠδιξά
1619 1945 1685 1972 pec.

899 1987 1022 2009 catorum
1045 1985 1198 2008 nostrorum
1220 1980 1451 2013 assumptionem:
1470 1991 1479 2007 ι
1506 1981 1574 2010 Ecce
1590 1984 1661 2011 enim
1675 2005 1683 2018 ,

899 2026 946 2060 ait,
965 2026 1058 2062 Agnus
1074 2026 1131 2059 Dei,
1147 2032 1211 2053 ecce
1223 2026 1269 2061 qui
1281 2025 1352 2053 tollit
1366 2031 1507 2061 peccatum
1518 2029 1659 2063 mundi";
1673 2040 1682 2057 ρ

900 2073 954 2105 sic,
975 2072 1095 2106 inquam,
1117 2071 1209 2103 dictio,
1228 2081 1238 2097 (
1255 2070 1373 2099 Verbum
1392 2079 1456 2099 caro
1481 2073 1579 2101 factum
1604 2080 1656 2107 est,
1670 2086 1679 2102 ι

899 2123 952 2144 non
969 2116 1144 2143 mutationem
1157 2115 1223 2142 dicit
1243 2115 1366 2148 Deitatis,
1380 2118 1426 2144 sed
1439 2118 1564 2146 humanae
1581 2126 1683 2147 natura:

902 2161 1128 2196 assumptionem.
1149 2160 1271 2196 Namque
1292 2161 1456 2190 ineﬁabilcm
1477 2162 1524 2190 Dei
1549 2172 1612 2197 erga
1635 2166 1686 2193 ho-

902 2206 990 2233 mines
1016 2206 1176 2233 charitatem
1204 2205 1353 2239 praedicare
1379 2206 1472 2234 volens
1495 2209 1658 2243 evangelista
1677 2229 1684 2242 ,

60 2239 76 2265 ὁ
87 2239 284 2274 εὐαγγελιστὴς
300 2239 453 2276 κηρύττων,
464 2240 501 2271 ὡς
517 2239 637 2271 ἐδίδαξεν
657 2239 694 2270 ὡς
705 2240 719 2265 ὁ
733 2240 763 2266 ἐν
778 2240 843 2275 ἀρχῇ

904 2256 1048 2286 postquam
1056 2251 1157 2285 docuit,
1172 2251 1285 2286 828m
1299 2258 1360 2278 eum
1374 2251 1418 2285 qui
1437 2251 1470 2279 ab
1486 2239 1645 2288 initio'erat,
1660 2239 1688 2282 et

60 2293 100 2321 ὢν
119 2294 170 2328 (5),
183 2293 231 2321 καὶ
247 2295 313 2326 Θεὸς
323 2294 371 2328 ὣν,
389 2295 436 2321 καὶ
450 2294 519 2330 πρὸς
537 2294 585 2321 τὸν
599 2294 665 2321 Θεὸν
678 2293 726 2325 ὢν,
738 2295 786 2321 καὶ
803 2295 851 2321 οὐ-

60 2339 163 2366 δέποτε
176 2339 214 2376 μὴ
229 2339 277 2373 ὣν,
295 2340 524 2376 ὁδημιουργήσας
538 2339 640 2373 πάντα,
655 2340 670 2366 ὁ
686 2339 720 2366 τὰ
738 2340 775 2376 μὴ
786 2340 852 2368 ὅντα

101 2442 203 2480 {Gem
220 2449 293 2480 {tv},
308 2442 353 2470 27.
386 2442 415 2480 >3:
430 2441 528 2480 Ezeclt.
543 2450 622 2480 avni,
704 2442 820 2480 “pen:
834 2450 843 2468 ι

897 2443 915 2476 5,
929 2443 973 2480 4i.
1004 2444 1024 2460 "
1035 2445 1088 2480 lsa.
1103 2453 1146 2477 η,
1160 2446 1186 2473 6.
1225 2446 1246 2463 δ’
1269 2447 1339 2474 Psal.
1355 2455 1456 2480 Lxxvtt.
1471 2448 1514 2476 39.

61 2485 85 2512 ι,
99 2478 148 2506 l5.
185 2477 209 2494 “
223 2478 311 2506 Galat.
328 2485 368 2510 ιιι,
382 2478 426 2505 l5.
464 2477 487 2493 ⁸⁵
500 2478 521 2505 ιι
535 2479 598 2505 Cor.
610 2485 637 2510 ν,
649 2477 694 2504 21.
731 2478 754 2494 “
771 2477 884 2505 Malach.

100 2570 142 2606 (l)
155 2569 232 2596 Hunc
246 2566 430 2606 numerumin
444 2566 537 2594 Graeca
553 2566 650 2606 Genesi
665 2566 811 2600 scriptum,
825 2570 852 2594 et

62 2602 206 2632 cuin'Act.
220 2607 307 2637 apost.
321 2610 374 2634 vn,
391 2602 439 2635 14,
456 2603 669 2637 consentientem
679 2622 686 2633 ,
702 2606 853 2636 sequuntur

62 2639 156 2668 Latini
172 2636 252 2664 etiam
275 2637 369 2664 Patres
382 2637 497 2671 aliquot.
519 2642 585 2664 teste
606 2636 762 2669 Sabaterio;
784 2637 852 2670 apud

61 2683 147 2709 quem
165 2673 345 2708 Hieronymus
362 2679 468 2707 quoque
484 2677 511 2699 et
526 2672 691 2706 Augustinus
708 2673 740 2698 de
758 2679 787 2698 re
804 2671 855 2699 dis-

61 2713 172 2737 serunt.

100 2743 187 2779 (2)1ta
204 2743 262 2771 cod.
276 2743 352 2775 ἀλλά,
369 2742 424 2773 sed,
438 2749 486 2776 pro
499 2742 664 2779 obsiditque,
678 2743 748 2776 quod
763 2747 852 2771 tamen

60 2778 162 2807 contra
185 2785 352 2805 communem
379 2785 487 2812 prorsus
510 2778 631 2805 codicum
654 2782 681 2805 ct
704 2778 851 2806 editionum

59 2814 257 2841 auctoritatem
272 2820 332 2840 esse
344 2813 458 2839 videtur.

100 2850 141 2884 (5)
162 2849 316 2884 Opportune
327 2854 438 2884 magnus
449 2847 544 2874 Cicero
556 2847 581 2875 in
593 2847 726 2881 Scipionis
739 2848 851 2876 Somnio

60 2883 140 2913 circa
160 2884 250 2915 linem,
267 2883 311 2910 ubi
329 2884 362 2910 de
380 2883 432 2909 Deo
448 2890 535 2909 rerum
552 2885 670 2911 omnium
690 2889 794 2911 motore
812 2885 848 2911 lo-

227 2930 364 2960 ΡΑτιιοι..
380 2929 437 2959 Gtt.
464 2929 575 2958 LXXV.

904 2298 949 2332 qui
965 2297 1035 2325 Deus
1046 2302 1115 2330 erat,
1126 2301 1153 2324 et
1165 2298 1210 2332 qui
1231 2297 1301 2332 apud
1318 2297 1400 2324 Deum
1419 2303 1487 2331 erat,
1503 2303 1530 2326 et
1547 2300 1592 2334 qui
1615 2307 1686 2328 nun-

904 2349 985 2378 quam
1001 2350 1055 2370 non
1073 2342 1180 2376 fuerat,
1202 2342 1248 2377 qui
1272 2342 1363 2370 omnia
1378 2349 1539 2379 creaverat,
1563 2346 1608 2380 qui
1632 2354 1686 2375 non

1562 2449 1584 2465 ⁸³
1598 2448 1686 2478 Galat.

901 2486 941 2510 tu,
957 2479 983 2505 6.
1022 2480 1044 2494 ⁸⁷
1056 2479 1132 2507 Joan.
1149 2489 1167 2513 ι,
1184 2481 1228 2509 29.

906 2567 998 2609 quitur
1013 2577 1019 2594 :
1037 2567 1171 2609 Principio
1188 2571 1260 2598 nulla
1277 2577 1314 2599 est
1332 2573 1422 2609 origo,
1432 2581 1491 2599 nam
1509 2582 1541 2600 ea:
1558 2574 1687 2607 principio

905 2605 1028 2629 oriuntur
1044 2605 1141 2643 omnia,
1159 2605 1245 2639 ipsum
1263 2613 1350 2633 autem
1367 2605 1440 2634 nulla
1456 2616 1488 2635 ex
1507 2616 1534 2636 re
1550 2605 1561 2636 έ
1577 2605 1646 2643 «μιοᾷ
1665 2609 1688 2635 εἰ

908 2645 1039 2678 uinique-nt
1064 2642 1159 2679 oritur,
1186 2648 1217 2667 ne
1238 2643 1331 2679 occidit
1351 2643 1454 2679 quidem
1472 2642 1598 2679 aliquant.
1617 2642 1690 2670 Nam

907 2677 1065 2707 principtum
1075 2677 1245 2713 exstinctum,
1256 2684 1301 2702 nec
1316 2677 1400 2713 ipsum
1415 2677 1446 2703 ab
1461 2677 1519 2713 alio
1529 2685 1687 2710 renascetur.

909 2715 955 2734 nec
968 2715 1000 2734 ea:
1011 2715 1041 2745 ge
1055 2708 1128 2734 aliud
1142 2709 1240 2736 creabit
1252 2730 1259 2741 ,
1274 2708 1329 2737 etc;
1341 2710 1369 2737 Si
1384 2718 1448 2745 ergo
1460 2712 1576 2740 Verbum
1587 2734 1593 2744 ,
1609 2718 1637 2739 ut
1653 2708 1691 2739 te-

905 2747 993 2782 statur
1008 2741 1137 2775 Joannes,
1156 2745 1182 2771 in
1206 2746 1337 2782 principio
1356 2741 1429 2777 erat:
1440 2751 1468 2773 et
1488 2741 1595 2781 quidem
1619 2747 1690 2782 apud

905 2778 1007 2819 ρεισιηὲ
1021 2785 1156 2819 nunquam
1172 2780 1255 2819 coepit
1266 2800 1274 2810 .
1287 2778 1315 2807 et
1329 2778 1623 2819 ipsum__setnpiternum
1636 2778 1690 2810 cst.

906 2812 1118 2852 lliucDomlnus
1133 2812 1313 2852 Jesusiloau.
1330 2812 1445 2852 vni,25,
1461 2812 1692 2852 inicrrogautibus

904 2847 1003 2886 iudicis
1023 2848 1090 2886 :VTu
1104 2850 1166 2886 quis
1187 2851 1236 2877 es?
1256 2851 1394 2886 respondit
1412 2852 1539 2880 divinitus
1561 2847 1579 2879 ἴ
1589 2851 1692 2879 Princi-

904 2885 987 2918 pium,
1001 2885 1046 2919 qui
1060 2888 1084 2912 et
1099 2885 1192 2920 loquor
1203 2886 1281 2913 vobis.

1440 2931 1476 2961 46
