1907 3038
220 163 286 193 “Si

721 161 750 189 S.
769 158 906 188 CYRILLI
921 157 1159 186 ALEXANDRINI
1180 157 1344 186 ARClIiEP.

1789 155 1856 184 Ηδέ

220 225 380 254 exsistcntia
394 224 427 253 ad
446 224 632 252 exsistendum
653 227 786 255 traxerat,
807 221 854 256 qui
872 220 926 248 vita
947 224 1004 248 eral

1065 219 1099 250 εἰς
1109 219 1140 245 τὸ
1153 216 1223 246 εἴναι
1234 219 1364 254 ποιήσας,
1378 218 1395 254 ἡ
1407 217 1475 254 ζωὴ,
1491 217 1520 245 τὸ
1532 216 1591 252 φῶς
1603 216 1635 244 τδ
1651 215 1796 252 ἀληθινὸν,
1810 215 1856 251 τὴν

219 278 248 300 ct
261 272 308 300 lux
321 279 402 304 vera;
419 272 473 303 hic,
491 271 539 302 ait,
555 269 694 296 hominum
703 275 768 296 suas
781 267 845 295 fecit
856 266 1008 302 passiones,

221 318 285 346 dum
306 317 445 345 hominum
458 315 573 343 salutem
588 318 760 348 operaretur.
777 312 900 347 Cumque
920 311 1009 339 adhuc

222 365 310 401 magis
338 363 529 392 beneﬁciorum
558 361 631 388 illius
663 359 877 395 magnitudinem
896 357 1010 385 demon-

223 414 312 439 strare
323 409 411 439 vellet,
426 414 596 442 nequaquam
610 406 645 434 de
660 404 807 433 immortali
818 404 910 431 anima
925 402 1008 430 verba

223 457 296 489 fecit,
312 456 358 484 sed
378 455 411 483 de
422 454 543 490 passibili
557 460 651 485 carne,
663 451 770 479 mortali
785 456 812 479 et
826 449 1007 485 corruptibili,

222 509 255 529 ex
270 502 334 528 limo
346 499 440 533 facta;
463 504 546 534 atque
564 507 579 526 a
601 502 678 533 parte
703 501 786 524 totam
810 500 934 522 naturam
959 494 1007 522 de-

222 546 353 578 claravit,
373 550 404 572 ut
415 544 557 580 sequentia
572 548 709 571 testantur
726 551 733 569 :
752 550 761 567 ι
781 541 898 569 Verbum
913 539 985 567 enim
998 560 1006 572 ,

221 591 330 626 inquit,
366 598 432 619 caro
459 590 561 618 laetum
591 593 658 622 est,
690 592 718 616 et
744 587 878 615 habitavit
903 587 930 614 in
957 593 1006 613 no-

219 638 262 666 bis
276 638 309 665 “.
329 646 339 664 ›

255 694 333 722 Alius
345 700 411 721 vero
426 693 450 720 is
462 696 534 725 erat,
557 691 601 726 qui
623 691 705 718 modo
734 690 849 718 naturali
873 689 1008 717 inhabita-

220 741 278 773 bat,
297 739 370 767 aliud
387 746 450 766 vero
467 737 608 772 templum.
625 737 715 770 Quare
730 740 758 763 et
773 735 872 763 Judmis
897 735 1006 762 aiebat:

223 795 234 812 ι
252 785 355 814 Solvite
379 784 508 820 templum
527 784 588 816 hoc,
599 787 626 810 et
646 789 697 817 ego
719 782 806 809 tribus
820 781 915 809 diebus
933 781 1010 809 exci-

222 832 285 860 tabo
297 831 372 859 illud.
387 830 421 857 δ’.
443 839 452 856 ι
472 829 577 864 Templi
595 836 662 856 vero
678 827 777 855 solutio
793 831 853 855 erat
869 828 968 855 animae
992 835 1008 855 ι

221 884 335 913 corpore
352 875 585 905 dissolutioznam
598 882 673 902 mors
689 878 732 902 est
744 874 841 901 animm
862 881 876 900 a
892 880 1008 908 corpore

222 911 355 952 recessus.
371 923 442 958 Ergo
461 922 552 957 templi
577 921 739 948 solutionem
761 924 891 955 operatur
910 920 1008 947 anima:
1024 911 1045 941 Β

221 979 235 997 :t
249 976 364 1005 corpore
380 968 527 1002 separatio.
548 967 632 1002 Igitur
657 966 679 993 si
700 965 785 993 Judaei
808 965 936 1000 templum
956 965 1009 992 sol-

221 1020 338 1049 verunt,
364 1014 437 1042 cruci
464 1013 602 1047 mortique
630 1012 768 1039 tradentes
786 1031 794 1044 ,
823 1011 924 1039 solutio
944 1018 1009 1039 vero

222 1060 313 1095 templi
338 1059 542 1094 conjunctorum
565 1057 702 1093 separatio
721 1056 772 1084 fuit
788 1076 795 1089 ,
828 1056 900 1084 Deus
917 1060 1007 1083 autem

223 1107 339 1135 Verbum
356 1107 406 1134 hoc
422 1105 581 1133 dissolutum
614 1103 791 1132 resuscitavit
804 1123 811 1136 ,
834 1102 1008 1138 exploratum

221 1153 340 1181 arbitror
358 1159 420 1180 esse
445 1150 635 1186 prudentibus,
663 1157 716 1177 non
747 1150 894 1177 inanimem
920 1157 1009 1184 neque

221 1204 312 1227 mente
333 1202 482 1230 carentem,
495 1197 543 1226 sed
568 1197 719 1232 perfectum
749 1196 886 1224 hominem
915 1204 930 1223 a
953 1196 1009 1224 Deo

223 1245 310 1272 Verbo
327 1248 495 1278 assumptum
526 1241 620 1269 fuisse.
650 1241 716 1268 Nam
738 1241 761 1269 si
787 1249 836 1276 pro
861 1241 1008 1268 immortali

220 1290 322 1322 anima,
342 1289 368 1316 in
390 1291 532 1321 assumpto
556 1294 670 1321 corpore
687 1285 758 1313 Deus
782 1285 898 1313 Verbum
924 1285 1008 1312 exsti-

220 1335 316 1368 tisset,
332 1334 425 1368 utique
443 1332 543 1360 Iudaeis
568 1332 684 1360 dixisset
707 1339 715 1359 :
734 1331 879 1360 Dissolvite
897 1339 951 1364 me,
981 1335 1008 1359 et

220 1381 310 1408 triduo
326 1386 476 1414 resurgam.
493 1378 571 1406 Nunc
583 1385 649 1405 vero
664 1385 726 1405 cum
740 1377 848 1410 doceat,
864 1381 891 1405 et
916 1377 1007 1412 templi

219 1427 292 1454 illius
300 1426 535 1456 mortalitatem.et
542 1423 718 1451 inhabitantis
724 1423 837 1451 Deitatis
846 1423 1006 1458 potentiam,

221 1481 233 1500 ι
253 1473 366 1506 Solvite,
383 1472 484 1506 inquit,
494 1471 624 1506 templum
643 1471 705 1503 hoc,
719 1474 746 1497 et
762 1477 812 1505 ego
831 1470 920 1498 triduo
932 1469 1009 1497 exci-

220 1520 282 1548 tabo
296 1519 369 1546 illud.
390 1527 399 1544 ι
422 1517 481 1545 Non
493 1517 566 1544 enim
583 1524 645 1551 ego,
660 1515 716 1549 ait,
735 1524 750 1543 a
765 1516 842 1543 vobis
858 1516 1004 1550 dissolvar,

218 1566 266 1594 sed
281 1569 448 1599 assumptum
466 1572 481 1591 a
495 1571 538 1591 me
555 1563 704 1598 templum;
732 1567 759 1590 et
772 1563 824 1590 hoc
840 1563 948 1597 quidem
965 1563 1007 1599 ip-

1061 265 1187 301 φθαρτὴν
1199 265 1315 292 ἀνέλαὸε
1327 265 1475 300 φύσιν,καὶ
1485 263 1519 291 τὰ
1525 264 1579 290 τῶν
1589 263 1749 300 ἀνθρώπων
1758 262 1856 297 ᾠκειώ-

1060 320 1127 339 σατο
1150 311 1235 347 πάθη,
1253 311 1303 347 τὴν
1325 311 1380 338 τῶν
1410 310 1564 346 ἀνθρώπων
1589 309 1854 345 πραγματευόμενος

1060 357 1209 393 σωτηρίαν.
1223 357 1280 384 Καὶ
1292 357 1425 393 μειζόνως
1436 356 1519 384 αὐτοῦ
1531 356 1617 389 δεῖξαι
1625 356 1679 391 τῆς
1693 354 1854 390 εὐεργεσίας

1059 402 1089 429 τὸ
1105 402 1222 437 μέγεθος
1236 402 1379 438 ἐθελήσας,
1391 402 1422 429 οὺ
1437 402 1488 437 τῆς
1499 401 1591 437 ψυχῆς
1605 400 1799 436 ἐμνημόνευσε
1808 399 1854 434 τῆς

1059 448 1207 482 ἀθανάτου,
1226 448 1295 476 ἀλλὰ
1310 449 1360 484 τῆς
1379 448 1482 485 σαρκὸς
1494 449 1544 484 τῆς
1561 447 1700 483 παθητῆς,
1715 447 1769 482 τῆς
1793 445 1853 482 θνη-

1058 495 1119 530 τῆς,
1134 494 1186 529 τῆς
1203 494 1399 530 φθειρομένης,
1423 493 1475 529 τῆς
1496 493 1528 520 ἐκ
1551 491 1638 528 πηλοῦ
1653 491 1853 527 γεγενημένης·

1059 541 1105 568 καὶ
1116 541 1171 568 ἀπὸ
1192 540 1240 568 τοῦ
1258 540 1358 576 μέρους
1374 540 1423 576 τὴν
1436 541 1529 566 πᾶσαν
1544 539 1627 574 φύσιν
1650 538 1804 574 ἐδήλωσεν,
1819 536 1854 568 ὡς

1060 587 1197 622 μαρτυρεῖ
1217 586 1252 613 τὰ
1276 586 1456 621 ἐπαγόμενιι.⁸
1476 595 1486 612 ι
1507 585 1536 612 ’0
1559 585 1647 619 Λόγος
1668 584 1739 620 γὰρ,
1763 582 1852 618 φησὶν,

1063 632 1131 668 σὰρξ
1143 632 1264 667 ἐγένετο,
1280 632 1329 659 καὶ
1339 632 1496 667 ἐσκήνωσεν
1507 632 1536 658 ἐν
1550 632 1627 667 ἡμῖν.
1643 640 1652 656 ι

1095 688 1210 724 Ἕτερος
1228 688 1258 715 δὲ
1273 689 1287 715 6
1299 687 1467 723 κατοικήσας
1485 686 1557 714 κατὰ
1568 686 1614 713 τὸν
1635 686 1718 720 λόγον
1736 686 1787 721 τῆς
1805 686 1853 720 φύ-

1059 742 1139 766 σεως,
1151 735 1200 761 καὶ
1211 734 1305 770 ἔτερος
1315 735 1330 761 6
1343 734 1416 765 ναός.
1424 733 1470 760 Διδ
1479 733 1528 760 καὶ
1541 734 1598 764 τοῖς
1612 732 1758 764 Ἰουδαίοις
1770 732 1851 766 ἐλεγε·

1061 779 1192 806 «Λύσατε
1207 779 1252 807 τὸν
1275 779 1341 807 ναὸν
1365 779 1470 812 τοῦτον,
1494 779 1544 806 καὶ
1570 779 1599 806 ἐν
1623 779 1715 814 τρισὶν
1738 779 1853 814 ἡμέραις

1058 825 1148 861 ἐγερῶ
1164 825 1255 852 αὐτόν.
1270 835 1280 851 ι
1292 825 1376 858 Λύσις
1390 825 1418 852 δέ
1434 825 1481 852 τοῦ
1493 825 1572 858 ναοῦ,
1586 825 1680 860 ψυχῆς
1693 825 1743 851 καὶ
1762 825 1851 860 σῶμα-

1057 879 1104 903 τος
1121 871 1137 907 ἡ
1157 871 1310 904 διάζευξιςο
1332 871 1447 903 θάνατος
1466 872 1520 908 γάρ
1534 872 1593 898 ἐστι
1623 871 1714 906 ψυχῆς
1731 870 1786 898 ἀπὸ
1802 870 1852 897 σώ-

1061 926 1145 953 ματος
1157 918 1332 954 ἀναχώρησις
1341 926 1348 934 ·
1361 918 1459 945 οὐκοῦν
1471 917 1522 953 τὴν
1541 917 1620 945 λύσιν
1633 918 1682 945 τοῦ
1697 917 1765 944 ναοῦ
1779 919 1794 944 6
1805 917 1852 952 τῆς

1059 963 1150 999 ψυχῆς
1168 964 1316 1000 ἐργάζεται
1332 965 1488 1000 χωρισμός·
1514 965 1538 991 εί
1552 964 1643 991 τοίνυν
1665 963 1788 991 Ἰουδαῖοι
1809 963 1851 989 τὸν

1059 1010 1125 1036 ναὸν
1149 1009 1248 1037 ἔλυσαν
1268 1010 1380 1046 σταυρῷ
1404 1011 1451 1037 καὶ
1475 1009 1584 1046 θανάτῳ
1611 1009 1850 1045 παραδεδωκότες,

1059 1055 1137 1088 λύσις
1149 1056 1177 1082 δὲ
1193 1056 1258 1083 ναοῦ
1270 1056 1324 1083 τῶν
1335 1055 1518 1091 συνημμένων
1533 1057 1548 1082 6
1562 1055 1716 1091 χωρισμὸς,
1727 1055 1742 1081 6
1753 1055 1780 1081 δὲ
1790 1054 1851 1086 Θεὸς

1060 1101 1147 1136 Λόγος
1164 1101 1258 1128 τοῦτον
1281 1101 1398 1129 λυθέντα
1426 1102 1572 1137 ἀνέστησε,
1595 1102 1683 1136 σαφὲς
1697 1099 1776 1137 οἶμαι
1799 1102 1850 1132 τοῖς

1059 1147 1205 1183 ἔμφροσιν,
1223 1147 1262 1179 ὼς
1278 1148 1329 1174 οὐκ
1352 1148 1455 1183 ἄψυχον
1471 1148 1533 1174 οὐδέ
1545 1148 1642 1181 ἄνουν,
1667 1147 1738 1174 ἀλλὰ
1755 1147 1851 1174 τέλειον

1059 1191 1205 1228 ἄνθρωπον
1221 1194 1236 1219 6
1250 1192 1318 1225 Θεὸς
1337 1192 1484 1220 ἀνελάϐετο
1497 1193 1584 1228 Λόγος
1594 1203 1601 1209 ·
1620 1194 1645 1220 εί
1663 1193 1719 1229 γὰρ
1734 1193 1793 1221 ἀντὶ
1806 1193 1850 1228 τῆς

1058 1237 1193 1265 ἀθανάτου
1207 1237 1306 1273 ψυχῆς,
1319 1239 1348 1265 ἐν
1362 1237 1402 1274 τῷ
1417 1238 1600 1274 ἁναληφθέντι
1620 1239 1732 1275 σώματι
1745 1239 1851 1274 γέγονεν

1058 1283 1073 1309 ό
1094 1283 1161 1314 Θεὸς
1172 1284 1268 1318 Λόγος,
1285 1281 1362 1311 εἶπεν
1377 1284 1411 1312 ἂν
1430 1285 1488 1316 τοῖς
1509 1284 1661 1317 Ἰουδαίοις·
1683 1285 1792 1312 Λύσατέ
1809 1294 1850 1319 με,

1062 1329 1111 1356 καὶ
1130 1331 1159 1356 ἐν
1186 1330 1275 1366 τρισὶν
1298 1330 1418 1366 ἡμέραις
1433 1331 1642 1367 ἀναστήσομαιι
1673 1331 1723 1358 νῦν
1736 1331 1764 1359 δέ
1782 1331 1850 1358 διδά-

1059 1382 1144 1406 σκων,
1160 1374 1207 1401 καὶ
1224 1374 1272 1401 τοῦ
1291 1374 1357 1402 ναοῦ
1374 1375 1405 1402 τὸ
1418 1375 1568 1410 τηνικαῦτα
1583 1377 1614 1403 τὸ
1635 1376 1746 1411 θνητὸν,
1761 1376 1809 1403 καὶ
1824 1376 1851 1402 τὸ

1058 1419 1170 1447 δυνατὸν
1186 1419 1236 1455 τῆς
1254 1419 1413 1456 ἐνοικούσης
1435 1420 1580 1456 Θεότητος,
1607 1430 1617 1447 ι
1638 1421 1760 1453 Λύσατε,
1777 1420 1849 1455 φησὶ,

1057 1465 1104 1492 τὸν
1117 1465 1180 1492 ναὸν
1201 1465 1313 1498 τοῦτον,
1338 1466 1385 1492 καὶ
1401 1467 1429 1493 ἐν
1452 1467 1540 1502 τρισὶν
1561 1466 1683 1502 ἡμέραις
1700 1466 1792 1503 ἐγερῶ
1804 1467 1850 1493 αὑ-

1057 1511 1103 1538 τόν
1113 1521 1119 1526 ·
1136 1521 1146 1537 ι
1160 1513 1191 1539 οὐ
1207 1513 1262 1548 γὰρ
1280 1512 1346 1547 ἐγὼ,
1355 1513 1448 1548 φησὶν,
1463 1513 1508 1548 ὑφ’
1524 1513 1601 1549 ὑμῶν
1615 1513 1782 1549 λυθήσομαι,
1797 1514 1851 1541 ἀλλ’

1058 1558 1072 1584 6
1086 1557 1202 1593 ληφθεὶς
1220 1559 1266 1585 ὑπ’
1291 1558 1360 1594 ἐμοῦ
1380 1560 1460 1592 ναός”
1476 1559 1524 1586 καὶ
1540 1555 1619 1592 οὗτος
1633 1559 1663 1587 δέ
1685 1560 1794 1592 λύεται,
1811 1561 1852 1587 ἵνα

218 1620 278 1641 sum
294 1612 330 1639 ita
344 1610 502 1638 dissolvitur
516 1629 524 1642 ,
541 1615 571 1637 ut
587 1609 700 1637 meliore
716 1609 917 1637 resurrectione
931 1615 1004 1645 post.

1065 1604 1214 1639 ιρείττονος
1235 1605 1413 1637 ἀναστάσεως
1440 1605 1593 1641 ἀπολαύσῃ,
1620 1605 1665 1633 ἵνα
1684 1606 1736 1642 τὴν
1753 1606 1852 1642 θνητὴν

217 1666 249 1687 ea
270 1658 387 1691 fruatur,
402 1661 432 1684 ut
444 1655 588 1684 mortalem
603 1655 722 1690 deponat
740 1660 878 1688 naturam,
898 1661 927 1682 ut
944 1663 1006 1683 cor-

218 1704 370 1740 ruptionem
384 1706 467 1730 exuat
481 1706 509 1729 et
525 1701 619 1729 induat
632 1701 874 1736 incorruptionem,
894 1702 1004 1738 829m

218 1754 248 1776 ut
263 1748 359 1776 mortis
374 1747 519 1782 imperium
551 1747 683 1778 destruat,
698 1750 727 1773 ut
751 1747 798 1773 liat
813 1747 1006 1774 dormientium

217 1794 364 1829 primitias,
396 1797 425 1820 ut
449 1791 636 1826 corruptionis
659 1792 800 1820 doloribus
832 1793 930 1821 solutis
951 1801 1003 1828 ap-

217 1844 311 1875 pareat
322 1843 489 1867 mortuorum
504 1838 712 1873 primogenitus,
741 1843 768 1866 et
787 1840 896 1874 propria
915 1847 1006 1867 resur-

216 1886 338 1914 rectione
365 1885 485 1914 omnium
516 1884 656 1912 hominum
684 1885 913 1913 resurrectionem
940 1893 1004 1920 por-

217 1932 321 1961 tendat.

217 2000 288 2030 XIX.
307 2001 501 2030 Demonstratt’o
517 2020 525 2033 ,
553 2001 624 2035 quod
648 2001 766 2028 animant
800 2000 1005 2028 intellectualem

410 2036 482 2064 Deus
504 2035 614 2063 Verbum
628 2036 808 2070 assumpsert’t.

254 2093 332 2128 Quod
358 2097 449 2121 autem
473 2092 532 2120 haec
546 2092 583 2120 ita
600 2099 629 2120 se
648 2091 775 2124 habeant,
797 2095 913 2119 testatur
939 2099 1006 2128 apo-

217 2140 348 2168 stolorum
363 2139 489 2174 princeps
502 2139 528 2166 in
539 2138 653 2166 Actibus
664 2138 823 2171 dicens,non
836 2138 920 2166 fuisse
928 2139 1005 2166 dere-

216 2187 307 2214 lictam
322 2186 439 2213 animam
456 2185 516 2219 ejus
530 2185 557 2211 in
574 2184 693 2215 inferno,
707 2192 796 2219 neque
812 2192 922 2212 carnem
945 2185 1004 2220 ejus

216 2232 319 2259 vidisse
340 2230 542 2265 corruptionem
559 2229 594 2256 ”.
636 2229 740 2264 Templi
757 2236 822 2265 ergo
849 2230 948 2258 solutio
961 2234 1003 2257 est

1057 1649 1193 1684 ἀπόθηται
1209 1650 1302 1685 φύσιν,
1321 1651 1364 1678 ἴνα
1376 1651 1426 1686 τὴν
1440 1652 1545 1688 φθορὰν
1561 1652 1734 1688 ἀποδύοηται
1749 1654 1797 1680 καὶ
1807 1654 1852 1689 τὴν

1057 1695 1214 1731 ἀφθαρσίαν
1232 1696 1388 1733 ἐνδύσηται,
1401 1698 1446 1724 ἵνα
1462 1698 1509 1725 τοῦ
1523 1698 1648 1726 -θανάτου
1665 1699 1809 1735 καταλύσῃ
1824 1699 1852 1726 τὸ

1056 1741 1168 1777 κράτος,
1187 1742 1231 1768 ἵνα
1242 1742 1296 1769 τῶν
1313 1743 1522 1779 κεκοιμημένων
1532 1745 1650 1781 ἀπαρχὴ
1664 1745 1792 1781 γένηται,
1811 1746 1850 1772 ἵνα

1056 1786 1141 1819 λύσας
1155 1788 1206 1824 τῆς
1217 1789 1321 1825 φθορᾶς
1335 1789 1384 1822 τὰς
1402 1790 1500 1822 ὠδῖνας
1516 1791 1664 1827 ἀναδειχθῇ
1677 1792 1733 1818 τῶν
1748 1792 1850 1827 νεκρῶν

1056 1833 1241 1868 πρωτότοκος,
1256 1835 1304 1861 καὶ
1317 1834 1362 1862 διὰ
1378 1836 1428 1871 τῆς
1441 1836 1544 1868 οἰκείας
1564 1837 1747 1870 ἀναστάσεως
1773 1839 1849 1873 εὐαγ-

1055 1878 1197 1915 γελίσηται
1212 1880 1263 1913 τὴν
1276 1880 1386 1908 πάντων
1400 1881 1552 1918 ἀνθρώπων
1565 1883 1728 1911 ἀνάστασιν.

1055 2003 1106 2031 ΙΘ’.
1129 2003 1294 2037 Ἀπόδειξις
1314 2005 1360 2032 ὅτι
1379 2005 1613 2068 Τοερὰν
1626 2009 1644 2036 ὁ
1662 2008 1739 2042 Θεὸς·
1757 2010 1847 2045 Λόγος

1466 2050 1510 2069 εν.

1091 2096 1153 2122 Ὅτι
1166 2096 1194 2123 δὲ
1208 2096 1295 2123 ταῦτα
1314 2097 1402 2130 οὕτως
1416 2097 1485 2134 ἔχει,
1507 2100 1645 2134 μαρτυρεῖ
1659 2100 1717 2127 τῶν
1732 2101 1847 2129 ἀποστό-

1053 2142 1108 2168 λων
1123 2142 1137 2168 ό
1159 2144 1307 2177 κορυφαῖος
1327 2144 1357 2170 ἐν
1376 2145 1438 2176 ταῖς
1460 2144 1580 2180 Πράξεσι
1616 2146 1725 2180 λέγων,
1743 2147 1786 2174 ὅτι
1805 2149 1848 2175 οἰκ

1055 2187 1283 2225 ἐκγατελείφθηή
1302 2189 1376 2225 ψυχὴ
1394 2190 1477 2217 αὑτοῦ
1494 2191 1534 2222 είς
1557 2190 1633 2227 ᾅδου,
1658 2193 1724 2220 οὐδὲ
1750 2195 1766 2230 ἡ
1786 2195 1848 2230 σὰρξ

1054 2233 1137 2261 αὑτοῦ
1159 2232 1213 2261 οἶδε
1239 2235 1398 2270 διαφθοράν.
1423 2236 1507 2268 Λύσις
1530 2238 1677 2273 τοιγαροῦν
1700 2240 1752 2267 τοῦ
1776 2242 1847 2273 ναοῦ,

215 2279 314 2307 anima:
333 2285 347 2304 a
364 2283 478 2311 corpore
491 2276 628 2310 separatio
644 2283 652 2309 ;
676 2276 853 2311 vicissimque
876 2284 1000 2304 resurre-

1065 2279 1144 2315 μυχῆς
1159 2281 1207 2307 καὶ
1219 2281 1347 2316 σώματος
1357 2283 1515 2318 χωρισμόςι
1528 2284 1575 2311 καὶ
1588 2285 1672 2312 πάλιν
1688 2286 1846 2320 ἀνάστασις,

213 2325 269 2352 otio
283 2328 326 2352 est
341 2323 374 2350 ad
393 2322 530 2358 propriam
553 2329 665 2350 carnem
685 2323 799 2350 reditus.
827 2323 856 2350 Si
873 2330 953 2358 ergo,
975 2327 1004 2351 ut

214 2371 350 2398 haereseos
376 2368 544 2404 antesignani
573 2369 661 2400 aiunt,
690 2369 797 2396 animas
823 2369 892 2396 duas
916 2377 1002 2397 unus-

213 2417 329 2451 quisque
345 2415 426 2443 homo
441 2416 539 2448 habet,
550 2415 659 2442 vitalem
673 2415 812 2442 scilicctet
829 2415 999 2448 rationalem,

213 2467 241 2490 et
256 2469 290 2490 ne
304 2469 368 2489 caro
380 2461 488 2496 quidem
501 2461 604 2496 absque
616 2460 691 2488 vitali
710 2461 801 2487 anima
819 2460 932 2495 cogitari
949 2469 998 2488 un-

212 2514 293 2542 quam
301 2510 388 2541 potest
399 2515 406 2540 ;
419 2514 480 2533 nam
490 2512 597 2539 corpus,
607 2512 659 2532 non
672 2512 747 2538 caro,
763 2505 861 2540 inquit,
872 2506 943 2540 quod
958 2510 1000 2533 est

213 2553 376 2589 huiusmodi,
392 2552 543 2587 appellatur
556 2559 564 2585 ;
576 2551 632 2578 etsi
651 2551 751 2578 Petrus
767 2551 815 2585 ait,
833 2559 885 2580 non
898 2559 999 2587 corpus

212 2598 331 2631 Domini,
349 2597 396 2625 sed
423 2596 528 2624 Domini
555 2603 667 2623 carnem
690 2596 762 2623 haud
786 2597 887 2624 vidisse
908 2604 999 2624 corru-

211 2644 342 2678 ptionem,
358 2650 445 2678 neque
460 2643 579 2670 animam
595 2643 653 2678 ejus
664 2643 690 2669 in
702 2642 809 2670 inferno
821 2642 978 2671 derelictam
989 2665 996 2678 ,

211 2696 277 2717 sane
291 2694 398 2716 constat
412 2690 520 2717 vitalem
533 2689 626 2725 (quant
648 2689 785 2724 quomodo
807 2695 933 2718 astruant
951 2698 998 2719 ne-

211 2734 278 2768 scio)
298 2734 439 2762 exstitisse
457 2735 484 2762 in
515 2742 598 2762 carne
618 2739 746 2768 corrupta
774 2735 893 2763 animam
907 2755 915 2768 ,
938 2737 998 2764 sine

211 2787 263 2814 qua
279 2787 312 2807 ne
328 2787 392 2807 caro
409 2781 531 2815 quidem,
561 2785 592 2807 ut
613 2781 700 2814 aiunt,
727 2781 919 2815 appellaretur.
944 2783 996 2810 lm-

245 2864 267 2880 "
288 2865 365 2894 Joan.
382 2874 402 2900 I,
419 2868 462 2895 ll.
499 2868 521 2884 δ’
536 2867 614 2896 Joan.
633 2876 663 2909 It,
678 2868 721 2896 l9.
762 2870 785 2886 ⁶⁰
798 2869 859 2898 Act.
877 2878 904 2904 ιι,
921 2870 968 2898 27.

1054 2326 1124 2361 πρὸς
1140 2326 1190 2361 τὴν
1204 2327 1294 2362 σάρκα
1308 2327 1358 2363 τὴν
1372 2328 1478 2355 οἰκείαν
1492 2329 1621 2361 ἐπάνοδος
1632 2339 1638 2346 ·
1659 2332 1685 2357 εί
1696 2332 1802 2366 τοίνυν,
1814 2333 1848 2365 ὧς

1051 2380 1133 2407 φασιν
1143 2372 1168 2398 οἱ
1184 2372 1234 2407 τῆς
1247 2372 1381 2409 αἱρέσεως
1394 2374 1563 2408 προστάταιν
1572 2375 1664 2411 ψυχὰς
1679 2376 1729 2404 δύο
1740 2378 1795 2405 τῶν
1807 2378 1848 2404 ἀν-

1051 2417 1168 2453 θρώπων
1187 2418 1303 2451 ἕκαστος
1317 2419 1384 2455 ἔχει,
1397 2420 1448 2455 τήν
1461 2428 1491 2446 τε
1507 2419 1640 2456 ζωτικὴν,
1657 2423 1707 2449 καὶ
1718 2423 1771 2459 τὴν
1783 2424 1848 2458 λογι-

1053 2463 1115 2499 κὴν,
1129 2464 1177 2490 καὶ
1198 2464 1268 2500 σὰρξ
1283 2465 1348 2492 ἄνευ
1365 2465 1455 2501 ψυχῆς
1473 2466 1523 2493 οὐκ
1536 2466 1569 2494 ἄν
1587 2476 1655 2495 ποτε
1675 2469 1790 2506 νοηθείη
1802 2470 1848 2504 τῆς

1054 2508 1172 2544 ζωτικῆς
1200 2510 1295 2546 (σῶμα
1307 2511 1373 2547 γὰρ,
1387 2512 1445 2539 ἀλλ’
1459 2513 1489 2539 οὺ
1507 2512 1586 2548 σὰρξ.
1597 2514 1718 2550 φησὶ,τὺ
1731 2516 1848 2541 τοιοῦτον

1053 2556 1312 2592 προσαγορεύεται)”
1323 2558 1427 2594 Πέτρος
1439 2558 1467 2585 δέ
1481 2558 1543 2594 ἔφη,
1557 2559 1587 2586 οὐ
1599 2560 1630 2586 τὸ
1643 2560 1726 2596 σῶμα
1736 2561 1786 2588 τοῦ
1797 2561 1848 2587 Κυ-

1055 2601 1124 2636 ρίου,
1143 2601 1210 2628 άλλὰ
1227 2603 1277 2638 τὴν
1296 2603 1387 2640 σάρκα
1403 2604 1450 2631 τοῦ
1470 2605 1573 2641 Κυρίου
1590 2605 1628 2641 μὴ
1652 2606 1720 2632 ίδεῖν
1739 2606 1847 2642 διαφθο-

1054 2645 1116 2681 ρὰν,
1137 2646 1184 2674 καὶ
1199 2647 1248 2683 τὴν
1266 2648 1356 2685 ψυχὴν
1378 2650 1460 2677 αὑτοῦ
1486 2651 1523 2687 μὴ
1537 2651 1794 2687 ἐγκαταλειφθῆναι
1810 2654 1847 2684 είς

1053 2691 1129 2726 ᾅδου·
1147 2692 1258 2728 εὔδηλον
1273 2694 1311 2726 ὡς
1327 2695 1377 2731 τὴν
1389 2696 1437 2731 μὲν
1453 2696 1582 2732 ζωτικὴν,
1603 2697 1637 2733 ἣν
1649 2698 1702 2724 οὐκ
1717 2696 1844 2729 οἷδ’δπως

1052 2736 1186 2771 λέγουσιν,
1201 2736 1301 2775 εἶχενὴ
1319 2740 1499 2777 διαφθαρεῖσα
1518 2742 1598 2777 σὰρξ,
1620 2740 1655 2778 ἦς
1668 2743 1738 2770 ἄνευ
1752 2744 1802 2770 οὐκ
1815 2744 1843 2770 ἂν

1051 2784 1299 2820 προσαγορευθείη,
1315 2785 1353 2818 ὦς
1368 2795 1445 2822 φασι,
1462 2787 1545 2824 σάρξ·
1563 2789 1580 2824 ἡ
1603 2788 1632 2816 δὲ
1651 2789 1792 2822 ἀθάνατος
1804 2791 1843 2817 ml
