1907 3038
59 189 122 218 i155

630 179 673 207 DE
694 177 951 207 INCARNATIONE
971 177 1098 206 DOMINI.

1609 179 1678 207 1451,

63 246 150 282 λογικὴ
169 242 216 271 καὶ
231 241 277 269 τοῦ
293 240 362 274 ζῶον
386 241 434 276 τὴν
451 240 598 277 ἡγεμονίαν
621 239 836 275 πεπιστευμένη,

894 236 1014 265 mortalis
1027 240 1116 264 autem
1137 240 1165 264 et
1186 236 1340 270 rationalis,
1369 236 1412 264 cui
1435 237 1582 265 animantis
1607 240 1679 273 repi-

57 296 84 323 οὐ
98 289 256 325 κατελείφθη
269 289 309 320 είς
319 288 393 324 ᾆδον,
406 287 473 315 ἀλλὰ
485 287 550 323 πρὸς
568 286 617 322 τὴν
631 286 734 313 οἰκείαν
752 287 836 312 ἐπαν-

57 343 103 376 ῆκε
133 338 237 373 σάρκα⁶
268 336 316 362 καὶ⁸
346 334 434 370 μάτην
460 332 666 368 ὰδολεσχοῦσιν,
694 330 797 367 ἄψυχον
818 331 835 366 ἤ

57 388 130 415 ἄνουν
144 382 189 410 τοῦ
212 380 281 408 Θεοῦ
305 380 393 414 Λόγου
411 379 456 406 τὸν
477 378 541 405 ναδν
573 377 835 415 προσαγορεύοντες.

62 431 149 466 Ἡμεῖς
160 429 188 455 δὲ
203 427 299 462 Πέτρῳ
312 424 446 462 ἑψόμεθα,
458 425 505 452 καὶ
517 425 606 461 σάρκα
620 423 782 460 κηρύττοντι
798 423 836 459 μὴ

56 475 195 511 δεξαμένην
208 473 367 509 διαφθορὰν,
385 472 432 499 καὶ
450 471 540 507 ψυχὴν
557 471 593 506 μὴ
609 470 837 505 καταλειφθεῖσαν

58 525 91 555 εἰς
104 522 173 557 ᾅδου,
195 519 251 546 ἀλλ’
268 517 468 545 ἐπανελθοῦσαν
484 518 531 544 καὶ
552 517 592 553 τῷ
617 516 709 552 οἰκείῳ
729 516 836 552 σώματι

60 566 246 602 συναφθεῖσαν·
262 563 425 599 πιστεύομεν
438 563 467 590 δὲ
483 563 530 590 καὶ
546 561 620 598 αὐτῷ
633 563 672 599 τῷ
683 562 777 599 Κυρίῳ
794 562 837 589 λέ-

59 621 139 648 γοντι·
157 621 166 637 ι
179 610 329 646 Περίλυπός
341 611 414 636 ἐστιν
428 610 445 645 ὴ
461 609 534 644 ψυχή
553 617 603 644 μου
617 608 668 640 ἕως
680 608 806 636 θανάτου.
824 619 834 635 ι

59 660 108 694 Τῆς
121 657 172 694 γὰρ
187 657 275 692 λύπης
286 656 335 692 τὴν
346 656 471 691 αἴσθησιν
485 655 515 681 τὸ
529 656 558 682 ὲν
571 656 638 691 ἡμῖν
651 655 758 689 λογικὸν
769 655 836 682 ὐπο-

59 705 172 740 δέχεται·
190 703 214 729 εί
240 702 268 729 δὲ
289 702 349 729 ἀντὶ
367 700 412 728 νοῦ
432 701 446 728 ὁ
462 701 527 733 Θεὸς
549 701 634 736 Λόγος
650 701 792 737 ὑπάρχων,
802 700 838 728 τὰ

58 749 99 776 τοῦ
114 748 157 775 νοῦ
173 747 334 783 κατεδέχετο
352 746 436 782 πάθη,
454 746 536 778 αὐτὸς
555 744 589 782 ἦν
602 747 617 773 ό
630 745 771 781 λυπηθεὶς,
790 746 838 773 καὶ

59 794 189 830 φοϐηθεὶς,
208 793 255 820 καὶ
275 793 424 828 ἀγνοήσας,
437 792 484 818 καὶ
508 792 674 826 ἀγωνιάσας,
692 792 738 818 καὶ
752 792 837 827 ἀγγεο

57 841 113 876 λιχῇ
125 839 267 875 συμμαχίᾳ
282 838 395 875 ῥωσθείς
406 847 412 854 ·
427 840 452 865 εί
467 838 496 865 δὲ
509 838 653 866 καὶταῦτα
667 839 798 874 φήσουσιν
813 838 837 864 οἱ

58 887 101 921 τῆς
122 883 309 919 Ἀπολιναρίου
340 882 533 919 ματαιολογίας
557 882 742 918 κληρονόμοι,
769 882 838 917 μετὰ

888 290 950 310 men
978 286 1023 311 est
1049 282 1236 316 commissum,
1262 290 1314 310 non
1343 287 1382 310 est
1406 283 1432 311 in
1463 283 1569 312 inferno
1597 285 1679 312 dere-

888 329 967 361 licta,
991 329 1039 358 sed
1066 329 1100 357 ad
1117 336 1194 357 suam
1211 329 1305 357 rediit,
1317 337 1427 357 carnem
1445 339 1452 358 :
1470 330 1584 366 ideoque
1619 331 1677 359 iru-

890 379 946 403 stra
962 379 1099 411 nugantur
1119 374 1156 407 hi,
1181 375 1227 409 qui
1254 375 1375 403 inauime
1396 379 1424 403 et
1443 376 1556 404 rationis
1581 383 1680 411 erpers

889 422 972 450 fuisse
984 422 1078 450 dicunt
1094 421 1141 450 Dei
1159 422 1239 450 Verbi
1259 422 1401 457 templum.
1422 421 1477 451 Nos
1491 428 1581 450 autem
1597 423 1680 451 Petro

888 469 1071 497 asscntiemur
1100 465 1147 503 qu'i
1170 473 1197 496 et
1219 475 1329 496 carnem
1352 469 1480 502 praedicat
1506 470 1680 504 corruptione

888 519 1038 550 expertem,
1054 519 1081 542 et
1099 514 1219 542 animam
1242 514 1268 542 in
1293 514 1400 543 inferno
1424 522 1479 542 non
1507 508 1679 549 derelictam,

888 561 935 589 sed
952 561 1078 588 reducem
1094 565 1176 596 atque
1196 560 1229 588 ad
1258 568 1358 596 corpus
1383 568 1463 588 suum
1491 561 1679 589 recollectam.

888 607 1032 635 Credimus
1051 607 1133 635 etiam
1149 607 1264 634 Domino
1280 607 1329 642 ipsi
1354 607 1455 635 dicenti
1473 616 1480 634 :
1500 617 1509 634 ι
1526 607 1624 636 Tristis
1640 613 1681 636 est

889 654 979 682 anima
1003 660 1062 681 mea
1083 660 1170 689 usque
1189 653 1222 681 ad
1244 658 1359 681 mortem
1381 653 1422 688 ’";
1448 662 1457 680 ι
1480 661 1541 681 nam
1563 654 1681 682 tristitia;

888 707 997 728 sensum
1014 707 1076 735 pars
1101 704 1195 728 nostra
1220 699 1362 727 rationalis
1377 699 1488 735 excipit.
1514 700 1590 734 Quod
1614 701 1636 729 si
1654 701 1680 728 in

889 746 990 774 mentis
1012 746 1071 774 loco
1095 745 1166 774 Deus
1188 745 1308 773 Verbum
1330 746 1483 779 exsisteus,
1506 747 1605 774 mentis
1620 754 1682 781 pas-

889 792 979 820 siones
989 791 1157 827 excipiebat,
1169 791 1264 827 utique
1278 792 1364 826 ipsum
1378 791 1495 820 Verbum
1508 792 1680 825 tristabatur,

890 837 1038 870 metuebat,
1057 837 1213 873 ignorabat,
1230 837 1414 873 agOuizabat,
1436 843 1462 866 et
1485 838 1607 873 angelica
1629 846 1681 873 ope

889 882 1104 911 coniortabatur.
1120 882 1179 910 Jam
1202 883 1226 911 si
1238 885 1296 911 haec
1308 891 1416 919 quoque
1432 884 1523 912 dicant
1541 884 1682 920 Apollina-

64 931 162 967 ’Λρείου
173 931 220 957 καὶ
233 929 364 965 Εὖνομίου
377 928 430 956 τῶν
442 929 632 966 χριστομάχων
642 928 836 964 ταχθήτωσαν·

894 929 973 957 ιίξιιιίο
987 929 1109 957 stultitia:
1128 929 1259 963 hazredes,
1269 930 1287 958 ii
1302 930 1423 964 proiecto
1435 939 1496 958 cum
1519 931 1620 959 Christi
1633 931 1682 959 iro-

58 975 90 1004 ὧν
106 977 158 1012 γὰρ
183 977 230 1011 ἴση
257 977 273 1012 ὴ
301 975 470 1011 βλασφημία,
486 974 588 1002 τούτων
606 974 671 1010 μίαν
695 972 765 1001 εἶναι
789 974 838 1009 τὴν

60 1023 172 1060 ἑταιρίαν
185 1022 290 1049 δίκαιον
303 1021 357 1058 (1)·
371 1022 453 1056 ἡμεῖς
462 1021 490 1047 δὲ
502 1020 665 1056 ἀκούσωμεν
674 1019 722 1047 τοῦ
734 1020 839 1055 Κυρίου

59 1071 176 1103 λέγοντος
185 1077 193 1085 θ
207 1079 218 1095 ι
236 1068 376 1102 Ἐξουσίαν
389 1067 444 1103 ἔχω
456 1067 540 1094 θεῖναι
554 1066 602 1103 τὴν
613 1067 701 1103 ψυχήν
717 1076 779 1103 μου,
793 1067 840 1094 καί¹

59 1114 175 1149 ἐξουσίαν
189 1114 244 1150 ἔχω
255 1114 335 1141 πάλιν
347 1113 440 1141 λαῦεῖν
453 1113 539 1149 αὑτήν
551 1121 557 1128 ·
572 1112 658 1145 οὐδεὶς
672 1112 744 1148 αἴρει
756 1113 840 1148 αὐτὴν

59 1162 101 1188 ἀπ’
112 1159 187 1196 ἐμοῦ.
200 1169 211 1186 ι
232 1160 279 1186 Ἐκ
293 1159 348 1196 γὰρ
361 1159 416 1186 τῶν
430 1159 518 1194 λόγων
529 1158 632 1186 τούτων
647 1158 837 1194 μαθησόμεθα,

58 1208 91 1239 ὼς
108 1208 199 1243 ἔτερος
214 1206 262 1242 μὲν
277 1207 291 1233 ὁ
305 1207 402 1239 τιθεὶς,
420 1206 514 1242 ἕτερον
525 1206 554 1232 δὲ
572 1205 602 1232 τδ
618 1205 760 1241 τιθέμενον
771 1214 777 1221 ·
793 1206 840 1232 καί

59 1253 118 1285 Θεὸς
134 1253 182 1289 μὲν
196 1254 210 1280 ό
221 1252 306 1284 τιθεὶς
320 1253 366 1279 καὶ
375 1252 532 1287 λαμϐάνων,
546 1251 619 1288 ψυχὴ
633 1251 661 1278 δὲ
678 1252 694 1288 ἡ
711 1251 840 1288 τιθεμένη

59 1301 101 1326 καὶ
114 1298 323 1335 λαμϐανομένη’
340 1299 386 1325 καὶ
398 1297 464 1330 Θεὸς
482 1297 530 1334 μὲν
545 1298 595 1333 τὴν
612 1297 737 1331 ἐξουσίαν
759 1297 838 1333 ἔχων,

58 1345 124 1381 ψυχὴ
136 1345 165 1372 δὲ
180 1346 198 1381 ἡ
213 1344 266 1371 ὑπὸ
277 1344 326 1381 τὴν
338 1343 461 1377 ἐξουσίαν
475 1343 584 1379 ἐκείνην
603 1343 767 1379 τεταγμένη.

58 1489 96 1517 Κ’.
115 1488 177 1516 Ὅτι
196 1490 224 1516 ol
241 1487 390 1525 προφῆται
406 1489 598 1525 τελείωςντὴν
618 1491 712 1525 φύσιν
727 1491 840 1525 ἀναλη-

295 1524 405 1558 φθῆναι
425 1524 597 1555 θεσπίζουσι
603 1545 609 1552 .

91 1578 201 1611 Τούτοις
219 1579 323 1615 συνῳδὰ
343 1580 390 1606 καὶ⁸
403 1580 517 1612 Ἠσαῖοις
531 1581 545 1607 ὁ
558 1582 702 1618 προφήτης
717 1581 840 1614 θεσπίζει
854 1587 875 1616 c

58 1624 122 1660 βοῶν
129 1632 136 1639 ·
143 1634 152 1651 ι
162 1625 254 1661 Ίδοὺὴ
268 1620 400 1661 παρθένος
409 1626 541 1662 ὲνγαστρὶ
551 1626 676 1662 λήψεται,
684 1628 841 1661 καὶτὲξεται

58 1671 172 1703 υξὺν,καὶ
196 1671 342 1698 καλέσουσι
356 1671 386 1698 τὸ
401 1671 486 1707 ὄνομα
501 1673 584 1699 αὑτοῦ
605 1673 789 1709 Ἐμμανουήλ,
803 1683 812 1700 ›
828 1674 842 1701 ὅ

57 1718 111 1744 ἐστι
124 1718 406 1754 μεθερμηνευόμενον,
420 1718 491 1745 κατὰ
503 1719 552 1754 τὴν
560 1718 614 1746 τῶν
623 1719 794 1754 Εὑαγγελίων
804 1720 843 1747 δι-

56 1763 282 1796 δασκαλίαν,Μεθ’
291 1763 368 1799 ἡμῶν
379 1764 393 1789 ὁ
403 1763 479 1795 Θεός·
488 1764 518 1790 τὸ
528 1764 567 1797 δὲ,
579 1764 644 1791 Μεθ’
652 1765 731 1800 ἡμῶν
739 1766 754 1792 ὁ
764 1765 841 1798 Θεὸς,

58 1811 123 1845 μετὰ
132 1809 284 1847 ἀνθρώπιον
292 1809 437 1846 ὲρμηνεύει
443 1810 518 1838 Θεόψ
526 1811 551 1838 εί
557 1811 646 1838 τοίνυν
653 1812 683 1838 τὸ
691 1812 785 1847 κύημα
793 1811 843 1846 τῆς

58 1856 194 1893 Παρθένου
210 1856 313 1893 ταύτην
335 1856 415 1883 ἔλαὸε
439 1857 488 1893 τὴν
510 1858 695 1894 προσηγορίαν
707 1879 714 1891 ,
731 1857 842 1893 εὔδηλον

58 1903 93 1935 ὡς
103 1903 116 1930 ό
129 1903 196 1934 Θεὸς
207 1902 275 1938 ὁμοῦ
290 1902 336 1929 καὶ
347 1902 491 1939 ἄνθρωπος
511 1901 546 1939 ἦν
559 1912 565 1919 ·
586 1904 616 1930 τὸ
634 1903 683 1939 μὲν
699 1903 840 1939 ὑπάρχων,

56 1948 85 1975 τδ
95 1948 122 1976 δὲ
136 1948 237 1981 λαϐὼν,
252 1948 312 1975 καθ’
323 1949 453 1985 ἑκάτερον
468 1949 569 1981 τέλειος
577 1957 584 1964 '
595 1948 640 1976 διὰ
656 1949 705 1985 μὲν
716 1949 771 1985 γὰρ
781 1949 841 1982 τοῦ,

59 2004 68 2021 ι
85 1994 152 2022 Μεθ’
164 1995 181 2031 ἡ
187 1994 255 2031 μῶν,
269 2004 279 2021 ι
296 1994 343 2021 τοῦ
359 1994 505 2030 ἀνθρώπου
519 1995 549 2022 τὸ
569 1995 673 2022 τέλειον
687 1995 841 2022 δείκνυται⁶

55 2040 162 2073 τελείως
181 2041 237 2076 γὰρ
258 2040 339 2077 ἡμῶν
354 2041 471 2073 ἕκαστος
487 2040 543 2077 ἔχει
565 2041 613 2068 τοῦ
630 2040 775 2077 ἀνθρώπου
792 2040 843 2077 τὴν

56 2086 149 2121 φύσιν*
167 2087 213 2114 διὰ
226 2087 254 2113 δὲ
267 2085 326 2119 τοῦ,
346 2097 354 2113 ι
372 2087 448 2120 Θεὸς,
465 2097 475 2113 ι
491 2087 538 2114 καὶ
553 2087 602 2123 τῆς
621 2087 781 2123 προσθήκης
791 2087 840 2114 τοῦ

56 2133 167 2169 ἄρθρου,
183 2134 200 2169 ἡ
220 2132 266 2160 τοῦ
284 2133 349 2161 Υίοῦ
373 2133 468 2170 θεότης
481 2133 657 2169 γνωρίζεται·
679 2134 727 2160 καὶ
747 2133 843 2160 τούτου

57 2179 212 2212 διδασκαλος
229 2180 243 2207 ὁ
260 2179 398 2216 μακάριος
415 2179 521 2211 Παῦλος
536 2179 633 2214 λέγων·
651 2188 660 2205 ι
681 2179 726 2206 Ἐν
741 2175 763 2213 ᾧ
775 2188 842 2206 κατ-

56 2227 122 2252 οικεῖ
139 2227 194 2253 πᾶν
207 2225 237 2252 τὸ
261 2225 401 2262 πλήρωμα
413 2226 462 2261 τῆς
485 2225 611 2261 θεότητος
633 2225 797 2261 σωματικῶς
807 2231 813 2239 ⁸
829 2235 839 2250 ι

890 975 977 1003 stibns
990 976 1055 1003 Ario
1071 980 1152 1010 atque
1160 975 1270 1011 830m
1282 975 1416 1004 Eunomio
1427 976 1679 1005 collocentur.l\'am

889 1029 1005 1056 quorum
1025 1028 1076 1057 par
1100 1025 1143 1049 est
1165 1021 1336 1057 blasphemia
1351 1042 1359 1056 ,
1383 1022 1480 1050 horum
1510 1031 1593 1051 unam
1620 1031 1682 1052 esse

889 1066 1064 1095 sodalitatem
1078 1074 1184 1102 {equum
1200 1072 1253 1095 est.
1276 1066 1332 1095 Nos
1344 1075 1410 1096 vero
1425 1069 1569 1096 Dominum
1589 1070 1682 1098 dicen-

890 1116 945 1138 tem
982 1111 1126 1139 autliamus
1153 1119 1160 1137 :
1189 1120 1198 1137 ι
1240 1111 1409 1140 Potestatem
1439 1112 1527 1141 habeo
1562 1115 1680 1148 ponendi

892 1158 1011 1184 animam
1039 1165 1139 1190 meam,
1163 1162 1191 1184 et
1216 1161 1379 1192 potestatem
1404 1157 1492 1186 habeo
1510 1159 1608 1187 iterum
1635 1168 1683 1188 su-

893 1203 983 1232 mendi
1001 1211 1080 1237 eam;
1098 1210 1178 1231 nemo
1195 1203 1266 1230 tollit
1280 1210 1339 1231 eam
1360 1211 1375 1230 a
1387 1211 1430 1232 me
1443 1204 1477 1232 ".
1493 1214 1502 1231 ι
1513 1205 1637 1242 Namque
1648 1215 1682 1235 ex

894 1250 1066 1278 sermonibus
1093 1249 1136 1278 his
1159 1250 1289 1278 discimus
1324 1250 1406 1278 alium
1432 1258 1493 1279 esse
1514 1252 1560 1287 qui
1586 1254 1681 1288 ponit,

893 1295 964 1323 aliud
980 1296 1050 1330 quod
1066 1301 1107 1324 est
1116 1296 1252 1332 positum;
1270 1295 1408 1332 Deumque
1419 1304 1479 1325 esse
1494 1298 1539 1333 qui
1554 1299 1639 1333 ponit.
1656 1304 1683 1327 et

895 1342 940 1377 qui
959 1342 1042 1369 sumit
1056 1351 1064 1376 ;
1081 1343 1198 1370 animam
1211 1346 1302 1370 autem
1320 1347 1346 1369 et
1357 1343 1473 1377 positam
1486 1349 1513 1371 et
1525 1349 1680 1380 sumptam;

894 1392 922 1416 et
936 1388 982 1415 Dei
998 1388 1107 1423 quidem
1128 1395 1189 1416 esse
1207 1391 1380 1423 potestatem,
1397 1389 1514 1416 animam
1529 1394 1617 1418 autem
1633 1392 1683 1420 sub

902 1439 934 1460 ca
950 1437 1082 1468 potestate
1097 1433 1224 1461 locatam.

895 1488 953 1516 XX.
974 1489 1052 1522 Quod
1065 1489 1197 1524 propheta:
1211 1489 1354 1529 perfectam
1366 1490 1449 1525 fuisse
1462 1498 1622 1529 assumptum
1637 1503 1685 1522 na-

1166 1529 1254 1552 turam
1270 1526 1409 1560 afﬁrmant.

928 1582 975 1610 His
990 1589 1108 1610 consona
1128 1582 1210 1610 isaias
1227 1590 1335 1618 quoque
1351 1584 1481 1619 propheta
1498 1585 1624 1619 aiiirmal,
1641 1587 1684 1615 di-

895 1635 960 1655 cens
975 1637 982 1655 :
999 1628 1084 1655 «Ecce
1104 1628 1179 1663 virgo
1192 1628 1327 1664 concipiet
1341 1633 1368 1657 et
1382 1630 1469 1664 pariet
1485 1631 1579 1666 ﬁlium,
1596 1637 1623 1660 et
1635 1641 1682 1661 vo-

893 1673 999 1700 cabitur
1008 1681 1105 1701 nomen
1116 1672 1175 1708 ejus
1185 1673 1343 1701 Emmanuel
1351 1674 1384 1708 ",
1397 1684 1407 1701 ι
1418 1676 1489 1711 quod
1500 1681 1541 1704 est
1553 1678 1684 1714 interpre-

894 1723 991 1751 tatum,
1009 1720 1156 1747 secundum
1173 1719 1313 1756 Evangelii
1329 1722 1481 1750 doctrinam
1492 1724 1525 1758 ⁸⁸,
1534 1724 1681 1754 Nobiscum

895 1765 975 1793 Deus.
992 1765 1077 1793 Porro
1094 1764 1163 1793 Deus
1182 1767 1317 1794 nobiscum
1348 1767 1433 1796 Deum
1451 1776 1512 1796 cum
1528 1770 1684 1800 hominibus

893 1811 1037 1846 signiﬁcat.
1054 1811 1084 1840 Si
1102 1820 1167 1848 ergo
1181 1813 1298 1848 Virginis
1314 1819 1463 1849 conceptus
1479 1815 1550 1844 banc
1565 1817 1685 1845 obtinuit

894 1857 1114 1892 appellationem,
1136 1862 1211 1892 patet
1234 1857 1318 1886 Deum
1342 1859 1427 1888 fuisse
1447 1861 1528 1889 simul
1549 1867 1576 1889 et
1596 1862 1685 1891 homi-

895 1909 972 1935 nem;
987 1905 1044 1928 tum
1057 1901 1300 1937 praexsistentem,
1314 1907 1369 1929 tum
1384 1904 1465 1931 etiam
1479 1905 1683 1941 suscipientem,

895 1947 921 1975 in
940 1952 1054 1982 utroque
1069 1947 1230 1982 perfectum.
1246 1946 1313 1974 Nam
1330 1948 1460 1976 vocabulo
1478 1959 1488 1976 ‹
1509 1950 1649 1979 nobiscum
1669 1962 1680 1979 ι

895 1994 1032 2022 hominem
1051 1993 1200 2029 perfectum
1223 1994 1333 2022 denotat
1353 2003 1359 2021 :
1377 1995 1478 2023 etenim
1498 1998 1684 2033 unusquisque

895 2045 1017 2069 nostrum
1033 2039 1180 2076 perfectam
1196 2040 1278 2068 habet
1294 2040 1413 2069 hominis
1430 2046 1563 2069 naturam.
1580 2042 1619 2070 Ex
1635 2051 1683 2072 vo-

895 2088 990 2116 cabulo
1005 2092 1094 2115 autem
1112 2096 1122 2113 ι
1141 2086 1212 2115 Deus
1229 2097 1239 2114 ι
1254 2092 1282 2116 et
1296 2087 1402 2115 articuli
1418 2087 1505 2116 Graeci
1532 2089 1683 2124 adjectione

896 2134 956 2162 Filii
978 2134 1108 2161 divinitas
1125 2133 1301 2169 conspicitur.
1317 2133 1406 2170 Atque
1424 2134 1494 2162 hanc
1514 2142 1570 2162 rem
1588 2135 1684 2164 beatus

895 2180 972 2208 docet
985 2179 1083 2207 Paulus
1096 2179 1188 2207 dicens
1203 2189 1212 2206 ι
1229 2188 1236 2208 :
1250 2180 1277 2208 in
1290 2187 1343 2215 quo
1357 2179 1490 2208 inhabitat
1500 2181 1588 2208 omnis
1598 2181 1684 2216 pleni-

898 2226 964 2253 tudo
980 2225 1132 2253 divinitatis
1147 2225 1327 2260 corporaliter
1336 2226 1369 2254 ⁵⁵,
1390 2235 1399 2252 ι
1415 2225 1481 2253 Item
1496 2233 1510 2253 a
1526 2225 1580 2254 Deo
1595 2226 1681 2262 inspi-

57 2273 102 2298 καὶ
116 2273 130 2298 ό
150 2271 298 2308 θεόληπτος
314 2271 342 2298 δὲ
357 2273 464 2303 Λουκᾶς
479 2273 493 2298 ὁ
506 2271 703 2307 εὐαγγελιστὴς
718 2270 841 2307 ἐναργῶς

897 2276 972 2298 ratus
995 2270 1083 2299 Lucas
1106 2271 1269 2306 evangelista
1293 2272 1435 2308 perspicue
1459 2272 1539 2300 nobis
1564 2274 1684 2301 ostendit

56 2318 119 2353 ἡμῖν
131 2318 253 2345 δείκνυσι
266 2317 311 2344 τὸν
332 2317 395 2345 νοῦν
411 2318 456 2344 τὸν
470 2317 641 2353 ἀνθρώπινον
652 2317 699 2344 τοῦ
716 2317 844 2352 Σωτῆρος

56 2362 175 2399 Χριστοῦ
186 2371 193 2378 ·
205 2372 215 2389 ι
230 2363 267 2389 Τὸ
281 2362 386 2389 παιδίον
401 2361 466 2398 γὰρ,
475 2363 566 2398 φησιν,
582 2361 694 2397 ηῠξανε,
706 2363 753 2388 καλ⁸
762 2362 844 2397 ὲκρα-

55 2408 165 2435 ταιοῦτο
185 2408 332 2443 πνεύματι,
362 2407 550 2444 πληρούμενον
567 2408 672 2442 σοφίας,
695 2408 742 2434 καὶ
763 2407 844 2442 χάρις

56 2454 123 2480 Θεοῦ
133 2452 168 2490 ἦν
178 2455 221 2481 ἐπ’
231 2454 314 2489 αὐτῷ.
328 2463 337 2480 ι
351 2454 407 2481 Καὶ
420 2455 479 2490 μετ’
489 2454 581 2489 ὁλίγα¹
599 2463 608 2480 ι
621 2454 724 2490 Ἰησοῦς
738 2453 766 2480 δὲ
778 2462 845 2490 προ-

56 2499 170 2526 έκοπτεν
183 2499 287 2536 ἡλικίᾳ,
301 2500 348 2527 καὶ
364 2500 455 2536 σοφίᾳ,
467 2500 513 2527 καὶ
531 2501 624 2536 χάριτι
637 2500 713 2536 παρὰ
727 2499 786 2535 Θεῷ
797 2499 845 2526 καὶ⁴

57 2545 221 2582 ἀνθρώποις.
240 2555 249 2572 ›
267 2547 304 2573 Το
318 2546 346 2572 δὲ
370 2547 452 2582 σοφίᾳ
471 2546 647 2582 προκόπτειν,
664 2546 695 2573 οὐ
710 2545 777 2572 Θεοῦ
796 2545 844 2572 τοῦ

58 2591 152 2626 σοφοῦ,
172 2592 219 2618 τοῦ
241 2592 418 2628 ἀπροσδεοῦς,
441 2593 488 2619 κα)⁸
505 2593 548 2620 ἀεὶ
574 2593 692 2626 τελείου,
706 2592 754 2620 καὶ
778 2593 845 2629 μήτε

57 2637 188 2670 ἐπίδοσιν,
202 2639 271 2674 μήτε
283 2638 430 2665 ἐλάττωσιν
437 2638 595 2674 δεχομένου,
611 2639 680 2666 ἀλλὰ
687 2639 732 2666 τοῦ
741 2638 787 2666 νοῦ
795 2638 843 2666 τοῦ

57 2683 241 2717 ἀνθρωπίνου,
256 2684 302 2711 τοῦ
314 2685 373 2716 ταῖς
384 2685 503 2720 ἡλικίαις
519 2686 726 2722 συμπροϊόντος,
743 2686 790 2712 καὶ
804 2685 845 2712 διο

93 2752 115 2768 "
131 2751 226 2778 Matth.
238 2760 310 2785 nm,
325 2752 370 2781 58.
399 2752 423 2768 "
438 2751 517 2780 Joan.
533 2760 562 2785 ιι,
578 2752 620 2780 18.
658 2753 681 2769 ⁵³
696 2753 747 2780 lsa.
762 2761 811 2785 vn,
827 2753 874 2780 Μ.

59 2786 81 2802 ⁸⁷
98 2786 165 2814 ibid.
184 2786 229 2813 52.

894 2317 1038 2345 humanam
1055 2315 1156 2345 Christi
1174 2317 1328 2345 Servatoris
1345 2322 1463 2345 mentem
1483 2327 1489 2345 :
1510 2326 1520 2344 ι
1541 2317 1620 2352 Puer,
1638 2318 1682 2345 in-

894 2363 967 2399 quit,
983 2363 1122 2391 crescebat
1136 2368 1164 2391 et
1178 2363 1382 2392 confortabatur
1396 2363 1491 2398 spiritu
1502 2383 1510 2396 ,
1526 2363 1621 2399 plenus
1636 2372 1681 2392 sa-

893 2407 1005 2445 pientia,
1027 2414 1054 2437 et
1073 2409 1159 2444 gratia
1179 2409 1226 2437 Dei
1246 2415 1306 2437 erat
1324 2417 1386 2437 eum
1407 2409 1452 2438 illo
1461 2409 1494 2437 ".
1517 2419 1527 2436 ι
1550 2409 1583 2437 Et
1603 2409 1682 2445 paulo

893 2461 955 2492 post
975 2464 982 2483 :
1007 2465 1018 2482 ι
1042 2455 1120 2484 Jesus
1142 2455 1301 2491 proficiebat
1321 2460 1416 2488 aetate.
1436 2463 1468 2484 ac
1490 2456 1636 2492 sapientia,
1656 2461 1684 2484 et

894 2502 982 2537 gratia
1005 2501 1076 2537 apud
1099 2501 1182 2529 Deum
1204 2506 1232 2529 et
1253 2501 1420 2528 homines".
1445 2509 1454 2527 ι
1474 2500 1534 2528 Jain
1552 2508 1617 2528 vero
1637 2507 1683 2528 sa-

895 2548 996 2583 pientia
1013 2548 1157 2583 proiicere,
1175 2554 1229 2575 non
1248 2550 1289 2576 est
1307 2546 1354 2574 Dei
1372 2547 1511 2582 sapientis,
1531 2547 1684 2582 nulliusquo

895 2595 934 2622 rei
954 2594 1050 2629 indigi,
1073 2600 1234 2629 semperque
1256 2592 1385 2628 perfecti,
1406 2592 1451 2620 sed
1476 2592 1573 2619 mentis
1595 2593 1685 2627 potius

894 2639 1030 2671 humana},
1050 2646 1110 2674 quae
1128 2638 1209 2666 simul
1230 2645 1290 2665 cum
1310 2642 1391 2664 aetate
1412 2636 1528 2671 proiicit,
1547 2641 1575 2664 et
1593 2637 1684 2665 erudi-

896 2685 968 2713 tione
978 2690 1048 2720 egct,
1060 2690 1087 2713 et
1097 2685 1148 2712 arti
1160 2683 1269 2720 831m
1283 2689 1364 2718 atque
1384 2683 1504 2710 scientiae
1520 2684 1685 2718 excipienda:

919 2753 943 2770 ⁵⁸
956 2753 1051 2781 Matth.
1066 2760 1085 2785 t,
1102 2753 1147 2780 25.
1187 2752 1209 2769 "
1224 2753 1326 2780 Coioss.
1336 2759 1365 2785 ιι,
1377 2751 1405 2780 9.
1443 2751 1466 2767 ⁸⁸
1481 2751 1545 2779 Luc.
1559 2759 1588 2785 ιι,
1603 2752 1649 2782 40.

96 2842 136 2879 (i)
151 2841 255 2879 _Recole
276 2849 336 2877 cap.
358 2849 396 2879 ur.
417 2840 539 2879 Namque
558 2842 647 2870 anima
669 2849 764 2870 amens
784 2849 833 2877 par
854 2843 917 2871 nulli
932 2849 1054 2879 reputat:
1087 2844 1190 2873 luisset.
1215 2846 1299 2873 Porro
1330 2843 1448 2872 animam
1462 2849 1556 2879 reapse
1571 2841 1596 2870 in
1609 2841 1685 2869 Chri-

61 2883 104 2907 sto
120 2877 214 2911 inisse,
230 2879 364 2912 negabant
378 2877 483 2905 Ariani.
