1907 3038
209 174 279 202 “35

724 164 754 198 S.
776 161 915 192 CYRILLI
936 159 1173 187 ΑιΕιΑικυιιιΝι
1199 157 1362 185 AﬂCllth.

1788 152 1855 178 “56

207 231 303 258 idonea
317 233 369 263 est,
383 233 411 257 et
422 235 483 263 quae
495 225 624 263 paulatim
639 228 696 253 tum
709 223 827 251 humana
841 220 931 253 discit,
945 223 1001 246 tum

1093 216 1204 249 σκαλίας
1216 215 1357 251 δεομένου,
1371 214 1420 242 καὶ
1441 214 1541 250 τέχνης
1558 211 1607 240 καὶ
1630 210 1793 246 ὶπιστήμης
1811 209 1854 235 δε-

207 276 308 304 dit-ina.

209 375 282 404 XXI.
300 375 343 403 Ex
360 373 478 408 Epistula
493 372 528 400 ad
545 370 882 408 Hebrwoidemomtmtur
892 369 1002 393 natura-

385 403 443 436 rum
458 408 605 440 distinctio,
619 412 643 434 et
658 404 736 433 Verbi
752 403 826 430 unio.

244 501 363 532 Clarius,
379 497 486 532 opinor,
503 503 535 523 ex
553 494 670 530 Epistola
689 493 721 521 ad
739 492 867 520 llebrzeos
882 489 1001 518 divinam

209 548 289 576 simul
301 550 328 574 et
341 546 487 573 humanam
503 547 629 570 naturam
643 546 808 576 cognoscere
822 538 897 571 licet,
907 543 1003 572 opera-

210 594 328 623 tionibus
345 591 453 627 quidem
471 590 630 621 distinctas,
648 593 763 623 persona
781 589 871 612 tamen
888 582 1003 618 conjun-

209 646 278 672 ctas,
294 626 374 673 atque
391 637 499 664 unicum
518 626 736 662 demonstrantes
749 629 858 658 Filium.
876 626 1002 663 Epistolas

209 686 331 723 apprime
349 683 517 720 prooemium
539 682 610 709 hanc
632 679 752 707 continet
773 676 935 705 doctrinam.
959 675 1003 702 Ait

209 720 281 760 enim
296 731 373 759 divus
387 728 487 756 Paulus
504 736 513 756 :
529 736 538 753 ι
558 725 608 759 Qui
624 733 685 753 eum
701 724 737 751 sit
750 722 879 758 splendor
893 720 1000 756 gloriae,

209 784 237 806 et
256 778 341 814 ligura
360 774 520 804 substantiae
538 773 611 808 ejns,
628 775 796 806 portansque
812 767 903 795 omnia
917 766 1002 794 verbo

209 821 428 853 virtutissuaa".
447 830 457 848 ι
475 819 599 855 Cumque
613 818 831 846 demonstrasset
848 814 922 841 illum
939 817 1003 840 ante

209 878 290 899 omne
306 874 410 904 tempus
425 875 455 895 ac
468 864 566 894 satcula
579 872 640 892 esse
653 864 713 900 (per
725 863 812 897 ipsum
825 860 925 896 quippe
939 859 1003 886 feeit

209 923 237 945 et
250 914 371 951 saecula),
385 913 488 942 addidit
502 921 509 939 :
525 921 534 937 ι
553 911 631 938 Sedit
646 910 680 937 ad
695 909 834 936 dexteram
851 904 1003 940 majestatis

209 963 236 990 itt
259 960 375 989 excelsis
395 969 402 986 :
425 963 499 986 tanto
522 956 619 984 melior
636 954 741 990 angelis
760 953 882 984 eﬂ'cctus,
903 955 1004 986 quanto

211 1007 381 1037 dillerentius
395 1013 450 1041 pra:
465 1003 516 1031 illis
531 1009 628 1030 nomen
643 998 856 1028 hatrcditavit".
872 1007 881 1023 ι
897 997 943 1024 Est
956 1004 1005 1024 att-

212 1057 264 1081 tem
295 1050 404 1078 verbum
426 1049 489 1084 efﬁci
510 1046 677 1075 contrarium
697 1044 779 1072 verbo
803 1051 869 1071 esse.
894 1042 960 1070 Nam
982 1042 1005 1070 is

211 1099 256 1134 qtti
280 1103 321 1125 est
341 1096 468 1132 splendor
485 1094 587 1130 gloriae,
607 1097 634 1120 et
657 1092 740 1127 ligura
762 1089 931 1121 substantiae,
950 1096 1005 1116 non

211 1145 325 1174 elﬁeitur
343 1142 439 1170 melior
457 1140 572 1176 angelis,
589 1138 636 1166 sed
655 1143 695 1166 est
714 1137 817 1172 angelis
836 1144 888 1164 non
909 1135 1006 1163 melior

212 1187 409 1220 tantummodo,
427 1193 522 1213 verum
541 1184 622 1212 etiam
642 1183 762 1217 ipsorum
781 1186 889 1210 creator
904 1189 936 1208 ac
956 1181 1005 1208 do-

211 1236 312 1263 minus.
333 1232 392 1262 Jam
413 1232 436 1260 s't
457 1231 541 1258 verbo
561 1237 616 1257 aue
638 1228 806 1256 contrariqu
828 1231 870 1254 est
891 1226 1005 1254 verbum

211 1280 286 1317 tmt‘i,
304 1287 352 1315 per
366 1278 431 1306 illud
448 1276 556 1312 quidem
585 1273 814 1310 setnpiternaliter
828 1272 1005 1300 ersistentem

211 1326 404 1361 intelligemus,
417 1331 465 1359 per
476 1323 526 1350 hoc
553 1326 642 1349 autent
659 1327 720 1347 eum
734 1319 779 1354 qui
794 1318 827 1346 de
841 1318 919 1345 nobis
933 1325 1007 1345 sum-

211 1376 272 1407 ptus
285 1371 346 1403 fuit,
357 1374 384 1397 et
395 1368 498 1405 angelis
510 1367 606 1395 melior
616 1370 658 1394 est
670 1365 792 1398 ell'ectus,
806 1368 916 1400 propter
927 1371 1005 1391 suam

211 1426 274 1445 cum
288 1420 442 1444 assuntente
458 1414 658 1442 adunationem.
676 1411 707 1439 Et
723 1411 803 1446 paulo
829 1415 890 1446 post
913 1409 945 1436 ad
961 1408 1005 1436 Fi-

212 1462 277 1488 lium
292 1461 401 1496 quidem
417 1460 483 1486 dicit
499 1468 506 1486 :
525 1468 535 1484 ι
551 1457 677 1485 Thronus
693 1462 763 1490 tuus,
782 1457 861 1489 Deus,
878 1455 904 1482 in
920 1463 1006 1483 szecu-

213 1507 268 1533 lunt
287 1506 395 1538 saeculi;
414 1505 490 1539 virga
511 1503 657 1539 aequitatis,
678 1503 754 1537 virga
776 1502 852 1536 regni
875 1501 913 1528 tui
935 1509 943 1528 :
966 1500 1006 1528 di-

212 1553 301 1580 lexisti
320 1551 466 1586 justitiam,
489 1556 517 1578 et
536 1550 617 1577 odisti
640 1548 810 1583 iniquitatem
833 1556 839 1574 :
862 1552 1004 1582 propterea

213 1599 291 1626 unxit
312 1603 338 1625 te
360 1597 444 1629 Deus,
467 1596 538 1624 Deus
560 1600 637 1628 tttus,
659 1595 719 1622 oleo
739 1594 930 1622 exsultationis
950 1601 1005 1628 prae

212 1644 392 1680 participibus
415 1642 512 1670 tuis“.
539 1651 549 1668 ι
573 1641 632 1669 Jam
655 1648 718 1668 vero
740 1641 826 1672 Deus,
847 1645 874 1667 et
895 1640 1005 1675 quidem

213 1691 308 1718 Grteeo
321 1690 436 1718 articulo
450 1689 594 1724 prmposilo
608 1688 717 1724 proprie
729 1687 819 1715 dictus
832 1686 913 1720 Dens,
929 1687 1006 1714 thro-

214 1744 333 1771 numque
351 1741 446 1763 tenens
463 1736 489 1762 itt
509 1734 638 1762 saeculum
659 1733 761 1766 saeculi,
778 1734 823 1768 qui
844 1733 901 1760 ﬁeri
920 1737 1007 1768 potest

215 1787 243 1811 ut
264 1791 278 1810 a
301 1783 355 1810 Deo
376 1781 508 1817 ungatur?
526 1780 665 1814 Quomodo
685 1780 719 1807 ab
739 1779 872 1807 electione
894 1787 1006 1814 regnum

215 1829 357 1861 sortietur,
374 1828 418 1862 qui
433 1828 495 1861 jure
513 1826 628 1853 naturali
644 1833 756 1861 regnum
773 1825 874 1852 habet?
890 1834 900 1851 ‹
920 1824 1008 1852 Thro-

214 1884 266 1904 nus
278 1877 350 1902 enim
368 1880 440 1907 tuus,
452 1873 560 1909 832m
573 1872 670 1907 inquit,
683 1872 765 1904 Deus,
778 1872 804 1898 in
814 1871 942 1899 smculum
955 1879 1007 1899 sat-

215 1922 280 1950 culi.
303 1930 313 1948 t
334 1921 402 1948 Esse
420 1921 511 1954 itaque
529 1926 633 1954 regem,
650 1910 826 1945 contrarium
836 1922 877 1945 est
896 1917 1007 1945 dictioni

216 1968 280 2004 ungi
296 1969 322 1995 in
339 1975 440 2002 regem.
452 1966 521 1999 Quia
537 1965 654 1992 dilexisti
665 1964 800 1998 justitiam
816 1969 842 1990 et
858 1963 940 1991 odisti
956 1963 1009 1990 ini-

215 2016 358 2050 quitatem.
372 2013 439 2040 Nam
456 2013 579 2040 laborum
596 2011 736 2046 praemium
752 2015 793 2038 est
811 2010 865 2038 tale
882 2018 1006 2047 regnum.

217 2061 320 2089 liursus
341 2061 432 2095 itaque
458 2059 539 2086 Deum
555 2058 630 2092 cujus
647 2058 760 2085 thronus
775 2058 801 2084 itt
816 2058 944 2084 saeculum
958 2064 1009 2084 sa:-

215 2107 280 2141 culi,
291 2105 523 2141 sempiternaliter
535 2104 609 2132 illum
623 2104 799 2131 exsistentem
813 2103 1007 2139 intelligemus.

216 2154 284 2182 Eum
306 2159 396 2180 autent
417 2152 462 2187 qui
484 2157 579 2187 postea
601 2155 698 2178 unctus
719 2149 779 2182 fuit,
801 2154 912 2184 propter
929 2156 1007 2176 suum

215 2199 320 2236 peccati
337 2199 440 2228 odium,
455 2202 483 2224 et
496 2196 609 2231 iustitia:
626 2202 759 2227 antorem,
774 2194 847 2221 illuttt
865 2194 1008 2221 credemus

1052 262 1166 295 κτικοῢ,
1189 262 1236 289 καὶ
1255 261 1325 288 κατὰ
1351 261 1439 298 βραχὺ
1457 261 1491 288 τά
1511 268 1540 287 τε
1561 257 1728 294 ἀνθρώπινα
1754 255 1803 283 καὶ
1822 255 1854 281 τὰ

1053 309 1113 336 θεῖα
1127 307 1310 344 γνωρίζοντος
1320 306 1370 342 (1).

1053 366 1119 393 KA'.
1139 364 1302 398 Ἀπόδειξις
1320 364 1355 391 ἐκ
1366 364 1421 398 τῆς
1437 363 1514 398 πρὸς
1536 361 1853 398 ἘϐραίουςῈξιστοτ

1086 400 1146 435 λῆς
1162 400 1216 435 τῆς
1233 393 1298 435 τῶνῖ
1307 393 1433 434 φύσεων·
1448 393 1640 433 ἐιαὶιρίσέως,
1657 393 1709 423 καί
1727 394 1785 430 τῆς
1801 393 1852 421 τοῦ

1091 437 1190 472 Λόγου
1206 434 1352 468 ἐνώσεως.

1089 493 1260 529 Σαφέστερον
1269 492 1291 519 δ’
1308 491 1340 518 ἄν
1358 500 1398 523 τις
1414 491 1446 518 ἐκ
1461 489 1512 526 τῆς
1522 489 1591 526 πρὸς
1610 489 1760 525 Ἐϐραίους
1781 487 1855 514 Ἐπι-

1054 540 1150 575 στολῆς
1167 539 1215 575 τὴν
1227 538 1302 566 θείαν
1314 537 1395 574 φύσιν
1417 537 1466 564 καὶ
1480 537 1530 572 τὴν
1546 536 1723 573 ἀνθρωπείαν
1736 533 1854 565 statim,

1052 587 1111 618 ταῖς
1122 585 1274 621 ἐνεργείαις
1287 584 1336 620 μὲν
1349 584 1531 620 διῃρημένας,
1544 583 1584 618 τῷ
1599 583 1744 618 προσώπῳ
1756 580 1786 608 δὲ
1797 589 1855 607 συν-

1053 631 1190 668 ημμένας,
1203 632 1250 659 καὶ
1263 631 1309 657 τὸν
1317 630 1365 657 ἕνα
1380 629 1578 661 ὑποδεικνύσας
1596 628 1672 655 Υίόν.
1683 628 1742 663 Οὐχ
1753 628 1854 663 ἣκιστα

1053 679 1081 705 δὲ
1094 678 1139 704 καὶ
1153 677 1203 713 τῆς
1225 676 1386 711 Ἐπιστολῆς
1400 675 1430 702 τδ
1443 675 1601 711 προοίμιον,
1618 673 1725 709 ταύτην
1738 673 1853 709 ἒχειτὴν

1053 723 1239 750 διδασκαλίαν.
1253 721 1320 750 Eine
1335 722 1389 758 γὰρ
1401 722 1415 748 ό
1425 721 1572 753 θεσπέσιος
1584 721 1693 752 Παῦλος
1705 729 1712 736 ·
1729 730 1738 746 ι
1757 721 1807 751 '0;
1817 720 1852 746 ὢν

1053 769 1226 805 ἀπαύγασμα
1248 769 1298 804 τῆς
1319 768 1408 804 δόξης,
1429 768 1477 794 καὶ
1504 766 1650 809 χαραξιὴρ
1666 766 1718 802 τῆς
1735 765 1853 792 ὑποστά-

1054 825 1124 848 σεως
1138 814 1234 847 αὑτοῦ,
1251 815 1342 850 φέρων
1360 823 1390 841 τε
1403 814 1438 841 τὰ
1458 813 1550 840 πάντα
1564 813 1604 848 τῷ
1620 813 1727 848 ῥήματι
1744 813 1797 847 τῆς
1811 811 1854 838 διι-

1054 862 1165 898 νάμεως
1178 861 1274 889 αὑτοῦ.
1294 870 1303 886 t
1321 860 1377 887 Kal.
1398 859 1490 894 δείξας
1517 859 1599 887 αὐτὸν
1614 859 1788 894 ὐπέρχρονον
1807 859 1854 886 καὶ

1057 906 1222 942 προαιώνιον
1241 905 1291 942 (δι’
1305 905 1390 932 αὐτοῦ
1413 905 1478 940 γὰρ,
1496 905 1590 940 φησὶν,
1613 903 1662 931 καὶ
1677 905 1742 935 τοὺς
1755 903 1853 935 αιῶνας

1056 951 1208 987 ἐποίησεν),
1223 951 1374 986 ἐπήγαγεν·
1390 960 1399 975 ι
1411 949 1554 976 Ἐκάθισεν
1571 951 1601 977 ὲν
1616 949 1694 985 δεξιᾷ
1703 950 1754 984 τῆς
1770 957 1854 985 μεγα-

1055 998 1180 1033 λωσύνης
1204 998 1232 1024 ὲν
1256 997 1380 1033 ὑψηλοῖς,
1401 996 1523 1032 τοσούτῳ
1549 996 1686 1032 κρείττων
1709 995 1854 1030 γενόμενος

1055 1043 1110 1070 τῶν
1123 1043 1259 1078 ἀγγέλων,
1273 1043 1329 1078 ὅσῳ
1346 1042 1549 1079 διαφορώτερον
1566 1042 1633 1076 παρ’
1646 1041 1742 1072 αὐτοῖς
1755 1040 1853 1076 κεκλη-

1058 1089 1210 1126 ρονόμηκεν
1231 1089 1329 1124 ὄνομα.
1345 1098 1355 1114 t
1382 1088 1520 1116 Ἐναντίον
1536 1088 1566 1115 δὲ
1587 1087 1636 1114 τοῦ
1660 1086 1811 1122 γενέσθαι,
1827 1086 1854 1113 τὺ

1057 1133 1126 1163 εἶναι
1136 1144 1142 1151 ·
1157 1137 1171 1162 6
1183 1135 1237 1171 γὰρ
1248 1134 1286 1162 ὢν
1297 1135 1471 1170 ἀπαύγασμα
1483 1135 1534 1169 τῆς
1549 1135 1641 1170 δόξης,
1651 1134 1702 1160 καὶ
1714 1133 1853 1169 χαρακτὴρ

1056 1182 1106 1217 τῆς
1121 1181 1309 1214 ὑποστάσεως,
1325 1182 1356 1208 οὺ
1371 1181 1476 1216 γίνεται
1492 1180 1626 1216 κρείττων
1644 1180 1785 1214 ἀγγέλων,
1801 1180 1853 1206 ἀλλ’

1056 1227 1130 1254 ἐστιν
1141 1227 1266 1262 ἀγγέλων
1276 1227 1306 1254 οὐ
1319 1227 1454 1263 κρείττων
1467 1226 1559 1262 μόνον,
1573 1226 1644 1253 ἀλλὰ
1659 1226 1711 1253 καὶ
1724 1226 1852 1261 Ποιητὴς,

1056 1274 1103 1300 καὶ
1122 1274 1262 1309 Δεσπότης
1273 1281 1281 1290 ⁸
1295 1274 1319 1300 εί
1337 1273 1364 1300 δὲ
1380 1272 1502 1299 ἐναντίον
1516 1272 1563 1298 τοῦ
1580 1269 1652 1298 εἶναι
1666 1271 1699 1298 τὸ
1717 1271 1853 1306 γενέσθαι,

1055 1320 1089 1347 δι’
1107 1320 1212 1347 ἐκείνου
1228 1320 1278 1355 μὲν
1293 1320 1338 1346 τὸν
1352 1320 1396 1346 ἀεὶ
1412 1319 1476 1345 ὄντα
1494 1321 1642 1354 νοὴσομεν,
1654 1318 1701 1344 διὰ
1719 1318 1816 1344 τούτου
1830 1317 1854 1344 δὲ

1056 1366 1086 1393 τὸ
1097 1367 1126 1400 ἐξ
1139 1366 1219 1402 ἡμῶν
1233 1366 1401 1402 ἀναληφθὲν,
1415 1365 1462 1392 καὶ
1473 1367 1596 1401 κρεῖττον
1607 1365 1662 1392 τῶν
1675 1365 1807 1400 ἀγγέλων
1815 1373 1855 1398 γε-

1056 1413 1216 1448 γενημένον,
1223 1412 1269 1439 διὰ
1277 1413 1326 1447 τὴν
1334 1412 1402 1448 πρὸς
1411 1412 1458 1439 τὸν
1469 1411 1637 1447 ἀνειληφότα
1649 1412 1754 1439 ἕνωσιν
1762 1419 1769 1425 ·
1780 1410 1854 1438 πάλιν

1058 1460 1117 1495 μετ’
1125 1459 1216 1493 ὀλίγα,
1239 1459 1308 1495 πρὸς
1321 1459 1370 1494 μὲν
1383 1459 1428 1486 τὸν
1442 1459 1506 1485 Υίόν
1516 1466 1613 1494 φησιν·
1625 1468 1634 1484 ι
1647 1459 1676 1484 '0
1693 1457 1792 1493 θρόνος
1802 1466 1855 1488 σου,

1056 1507 1071 1533 ὁ
1084 1505 1160 1538 Θεὸς,
1176 1506 1217 1537 εἰς
1227 1505 1273 1532 τὸν
1288 1505 1374 1532 αἰῶνα
1385 1505 1431 1532 τοῦ
1450 1504 1548 1537 αἰῶνος
1560 1512 1567 1519 ⁶
1583 1504 1683 1540 ῥάϐδος
1699 1504 1856 1538 εὐθύτητος,

1019 1570 1040 1600 C
1057 1553 1074 1588 ὴ
1091 1551 1189 1588 ῥάϐδος
1203 1553 1254 1588 τῆς
1270 1551 1410 1587 βασιλείας
1425 1560 1472 1578 σου
1485 1560 1492 1567 '
1503 1551 1655 1587 ἠγάπησας
1668 1551 1857 1586 δικαιοσύνην,

1058 1600 1104 1626 καὶ
1118 1599 1253 1634 ἐμίσησας
1272 1598 1404 1634 ἀνομίανσ
1419 1597 1463 1624 διὰ
1475 1597 1556 1624 τοῦτο
1572 1597 1667 1633 ἕχρισέ
1682 1606 1714 1624 σε
1731 1598 1745 1623 6
1756 1597 1832 1629 Θεὸς,
1845 1598 1858 1624 ό

1057 1645 1125 1677 Θεός
1139 1654 1197 1678 σου,
1224 1644 1314 1671 ἔλαιον
1338 1643 1528 1678 ἀγαλλιάσεως
1547 1645 1625 1679 παρὰ
1640 1643 1708 1676 τοὺς
1729 1643 1859 1679 μετόχους

1059 1700 1116 1718 σου.
1132 1701 1141 1717 t
1163 1692 1192 1718 Ὀ
1206 1691 1234 1718 δὲ
1249 1691 1327 1723 Θεὸς,
1344 1691 1391 1718 καὶ
1407 1690 1478 1726 μετὰ
1488 1689 1535 1717 τοῦ
1552 1690 1656 1726 ἄρθρου
1671 1698 1859 1727 προσαγορευ-

1057 1737 1114 1769 θεὶς
1126 1737 1203 1770 Θεὸς,
1214 1737 1318 1764 καὶτὸν
1330 1736 1424 1772 θρόνον
1436 1736 1506 1771 ἔχων
1519 1737 1559 1766 είς
1573 1736 1620 1762 τὸν
1633 1735 1724 1762 αἰῶνα
1738 1735 1785 1762 τοῦ
1795 1735 1857 1762 αἰῶ-

1058 1792 1114 1815 νος,
1131 1783 1190 1815 πῶς
1204 1783 1237 1810 ἂν
1253 1783 1306 1809 ὑπὸ
1324 1782 1372 1809 τοῦ
1386 1782 1452 1809 Θεοῦ
1470 1781 1596 1818 χρισθείη
1610 1790 1617 1814 ;
1633 1782 1698 1814 Πῶς
1722 1781 1757 1809 ἂν
1772 1791 1858 1818 χείμ-

1057 1830 1174 1865 τονητὴν
1197 1829 1275 1856 λάϐοι
1294 1828 1444 1864 βασιλείαν,
1470 1829 1589 1863 φυσικὴν
1609 1827 1680 1863 ἔχων
1700 1827 1855 1863 βασιλεῐανς

1063 1885 1072 1901 ι
1087 1876 1116 1902 ’0
1125 1875 1219 1912 θρόνος
1233 1884 1280 1902 σου
1295 1875 1362 1911 γὰρ,
1376 1875 1468 1910 φησὶν,
1482 1875 1496 1901 ό
1509 1873 1587 1907 Θεὸς,
1602 1875 1643 1906 είς
1652 1873 1699 1900 τὸν
1716 1874 1803 1900 αἰῶνα
1815 1874 1855 1900 τοῦ

1058 1922 1166 1954 αἰῶνος.
1181 1931 1190 1947 t
1209 1921 1316 1948 Οὐκοῦν
1331 1922 1454 1949 ἐναντίον
1473 1921 1504 1948 τὸ
1527 1918 1601 1947 εἶναι
1618 1920 1738 1955 βασιλέα
1756 1920 1803 1947 τοῦ
1822 1922 1855 1952 είς

1059 1967 1172 2003 βασιλέα
1199 1967 1359 2003 χρισθῆναι,
1383 1967 1428 1993 διὰ
1448 1966 1479 1993 τὸ
1505 1967 1650 2002 ἀγαπῆσαι
1672 1966 1854 2001 δικαιοσύνην,

1059 2014 1107 2041 καὶ
1124 2014 1239 2049 μισῆσαι
1263 2014 1389 2048 ἀνομίαν.
1409 2013 1502 2039 Πόνων
1523 2014 1577 2048 γὰρ
1606 2011 1689 2040 ἆθλον
1711 2014 1730 2048 ἡ
1748 2013 1856 2048 τοιαύτη

1060 2059 1195 2095 βασιλεία.
1207 2059 1313 2086 Οὐκοῦν
1329 2059 1409 2087 πάλιν
1420 2059 1465 2086 τὸν
1482 2059 1532 2095 μὲν
1545 2059 1622 2091 Θεὸν,
1633 2055 1666 2086 οὗ
1677 2060 1691 2086 6
1710 2059 1806 2094 Θρόνος
1823 2061 1856 2090 είς

1059 2105 1146 2132 αἰῶνα
1161 2104 1270 2137 αἰῶνος,
1291 2105 1336 2131 τὸν
1349 2105 1393 2132 ἀεὶ
1403 2104 1469 2131 ὄντα
1480 2106 1613 2140 νοήσωμεν
1623 2113 1629 2119 ·
1646 2104 1694 2131 τὸν
1705 2104 1735 2131 δὲ
1751 2105 1856 2141 ὕστερόν

1059 2159 1126 2177 ποτε
1141 2150 1289 2186 χρισθέντα
1301 2151 1345 2178 διὰ
1360 2150 1390 2177 τὸ
1404 2151 1469 2186 περὶ
1483 2151 1532 2187 τὴν
1549 2150 1691 2186 ἁμαρτίαν
1710 2153 1801 2186 μῖσος,
1816 2151 1857 2177 καὶ

1059 2197 1108 2232 τὴν
1125 2197 1315 2233 ἅγαπηθεῖσαν
1331 2197 1376 2224 ὑπ’
1392 2196 1475 2223 αὐτοῦ
1492 2196 1680 2232 δικαιοσύνην,
1693 2197 1725 2224 τὸ
1742 2198 1772 2231 ἐξ
1785 2197 1858 2233 ἡμῶν

216 2247 249 2273 de
264 2244 342 2272 nobis
358 2247 511 2277 sumptum,
528 2247 555 2269 et
571 2249 603 2268 ex
624 2240 724 2268 Davide
742 2247 822 2276 atque
837 2241 1005 2274 Abrahamo,

1096 2243 1173 2278 φθὲν,
1189 2244 1220 2270 τὸ
1240 2244 1273 2270 ὲκ
1293 2243 1387 2276 Δαὸὶδ,
1410 2244 1440 2271 τὸ
1461 2242 1491 2276 ἑξ
1515 2243 1656 2279 Ἀὕραὰμ,
1679 2243 1712 2270 τὸ
1732 2245 1858 2279 μετόχους

215 2296 244 2319 et
263 2291 309 2325 qui
330 2289 397 2316 alios
418 2287 565 2323 participes
585 2287 627 2314 sui
647 2287 740 2319 habet,
759 2293 827 2321 quos
848 2286 919 2313 inter
937 2285 1010 2312 chri-

216 2341 304 2365 smate
321 2335 447 2367 excellit,
466 2335 568 2369 quique
588 2334 679 2361 omnia
709 2332 872 2361 sanctissimi
893 2331 1010 2367 Spiritus

216 2383 383 2411 charismata
404 2382 431 2409 in
450 2389 480 2408 se
501 2380 612 2415 recepit.
632 2381 759 2407 Attamen
779 2380 805 2407 in
827 2383 942 2414 utraque
960 2387 1010 2406 na-

218 2434 277 2457 tura
293 2436 375 2456 ununt
390 2427 487 2455 Filium
503 2426 688 2454 adorabitnus.

253 2474 353 2502 lterum
373 2475 469 2501 beatus
487 2472 588 2501 Paulus
605 2472 738 2499 Davidem
760 2475 856 2499 testem
878 2471 1008 2498 invocans

217 2523 263 2558 qui
280 2522 319 2549 ait
335 2530 342 2549 :
361 2530 370 2547 ι
390 2521 514 2553 ῡοιιιὶιιθ,
531 2520 595 2554 quid
612 2524 653 2546 est
666 2519 758 2551 homo,
773 2518 845 2553 quod
862 2525 964 2545 memor
979 2525 1009 2545 es

217 2569 287 2604 ejus,
305 2571 352 2595 aut
370 2567 441 2594 ﬁlius
459 2566 576 2593 hominis
597 2565 725 2599 quoniam
745 2565 841 2591 visitas
858 2563 940 2591 eum?
958 2563 1007 2590 Mi—

218 2615 300 2642 nuisti
316 2621 377 2641 eum
388 2613 466 2648 paulo
480 2613 569 2640 minus
582 2613 614 2639 ab
629 2611 745 2646 angelis;
760 2610 846 2646 gloria
862 2615 889 2638 et
905 2611 1008 2639 honore

217 2660 355 2688 coronasti
370 2668 431 2687 eum
448 2660 487 2694 ⁶¹;
504 2669 513 2686 ι
529 2659 650 2686 addidit:
667 2667 676 2684 ι
693 2658 760 2686 Eum
778 2662 868 2685 autern
885 2657 930 2692 qui
948 2664 1005 2685 mo-

1060 2288 1133 2324 ἔχον,
1157 2286 1198 2320 οἷς
1213 2289 1373 2316 πλεονεκτεῖ
1391 2289 1430 2325 τῷ
1449 2289 1591 2325 χρίσματι,
1617 2291 1646 2316 ὲν
1675 2289 1769 2324 ἐαυτῷ
1788 2289 1859 2321 δεξά-

1061 2344 1142 2372 μενον
1157 2336 1247 2362 πάντα
1263 2335 1298 2362 τὰ
1320 2335 1481 2371 χαρίσματα
1496 2334 1544 2362 τοῦ
1570 2336 1711 2370 παναγίου
1734 2335 1858 2371 Πνεύμα-

1058 2390 1105 2414 τος
1115 2390 1121 2396 ·
1137 2383 1166 2408 ὲν
1180 2381 1299 2418 ἑκατέρᾳ
1315 2382 1343 2409 δὲ
1356 2381 1435 2417 φύσει
1449 2381 1487 2418 (‘2)
1503 2382 1548 2409 τὸν
1561 2381 1611 2409 ἕνα
1625 2382 1691 2409 Υἱὸν
1704 2382 1858 2418 προσκυνή-

1061 2436 1165 2464 σωμεν.

1097 2475 1153 2502 Καὶ
1167 2472 1245 2506 αὖθις
1262 2473 1290 2501 δὲ
1301 2475 1315 2501 6
1335 2474 1469 2511 μακάριος
1491 2473 1599 2506 Παῦλος
1615 2475 1663 2501 τὸν
1679 2475 1767 2501 Δασιδ
1785 2473 1859 2501 καλέ·

1063 2529 1112 2552 σας
1132 2521 1172 2553 είς
1195 2521 1350 2557 μαρτυρίαν
1370 2521 1502 2556 λέγονταο
1520 2530 1530 2547 ι
1544 2521 1643 2556 Κύριε,
1665 2521 1692 2547 τί
1715 2522 1794 2547 ἐστιν
1815 2522 1858 2547 άν-

1061 2566 1170 2602 θρωπος
1187 2567 1228 2593 ὃτι
1252 2568 1395 2604 μιμνήσκῃ
1415 2566 1516 2600 αὑτοῦ,
1536 2567 1552 2603 ἢ
1570 2567 1628 2599 υίὸς
1657 2567 1806 2603 ἀνθρώπου
1822 2567 1858 2592 ὃτι

1061 2612 1216 2650 ἐπισκέπτῃ
1233 2613 1333 2647 αὑτόνς
1353 2614 1528 2646 Ἦλάττωσας
1546 2614 1629 2641 αὑτὸν
1649 2613 1741 2650 βραχύ
1756 2623 1783 2641 τι
1797 2613 1857 2648 παρ’

1061 2658 1204 2694 ἀγγέλους,
1224 2659 1287 2696 δόξῃ
1303 2660 1351 2687 καὶ
1366 2662 1433 2696 τιμῇ
1451 2660 1644 2694 ἐστεφάνωσας
1663 2661 1749 2688 αὐτόν
1762 2669 1768 2675 ⁸
1782 2669 1791 2686 t
1810 2659 1856 2685 ἑπ-

253 2751 277 2768 ⁸⁸
294 2749 377 2778 llebt‘.
392 2757 412 2782 t,
429 2750 455 2777 3.
494 2749 518 2765 "
533 2749 598 2777 ibid.
617 2749 644 2777 4.
684 2747 706 2763 ⁸⁸
722 2747 787 2775 ibid.
800 2747 826 2782 8,
841 2747 867 2775 9.
908 2748 928 2763 ⁸³
947 2747 1003 2775 [ieb

1103 2749 1129 2782 6,
1144 2749 1172 2778 7.

254 2828 292 2863 (ί)
312 2828 354 2855 Ad
365 2827 435 2863 hunc
447 2827 524 2854 Luca:
538 2826 709 2863 locutm‘qttod
724 2825 819 2863 attinet
832 2824 935 2860 legatur
951 2826 1011 2863 pni-

215 2861 287 2890 eltra'
302 2862 395 2898 Cyrilli
413 2863 496 2889 nostri
515 2861 652 2898 enarratio
665 2862 745 2898 etiam
767 2861 793 2887 in
810 2861 1012 2898 continentariis

216 2894 353 2930 ejusque:
367 2905 415 2926 nos
428 2898 571 2926 edidimus.
585 2895 714 2931 (Hujusce
724 2895 827 2923 Patrol.
843 2901 861 2924 t.
877 2894 1010 2931 LXXII.)

1102 2827 1142 2864 (2)
1164 2827 1212 2855 llic
1227 2836 1335 2864 quoque
1350 2829 1416 2856 duas
1430 2829 1456 2855 in
1471 2835 1527 2855 uno
1537 2827 1650 2855 Christo
1665 2833 1781 2864 naturas
1793 2827 1859 2863 apud

1065 2863 1194 2900 Cyrillth
1214 2863 1339 2900 legimus,
1357 2864 1448 2894 invitis
1464 2863 1565 2891 frustra
1583 2863 1759 2892 Severianis.
