1907 3038
50 201 112 229 1457

628 206 672 234 DE
691 205 948 235 INCARNATIONE
967 205 1097 235 DOMlNl‘.

1611 205 1679 234 “53

48 261 288 309 ﬁyayaitrTbvﬁh
308 263 396 300 βραχύ
419 273 445 292 τι
468 265 535 302 παρ’
555 266 689 302 ἀγγέλους
711 268 833 303 ἠλαττω-

888 268 949 305 dico
971 276 1052 304 quam
1075 268 1163 304 angeli
1186 267 1338 296 minoralus
1360 271 1412 299 est,
1432 266 1557 309 videmus
1574 265 1687 297 lesum..

49 308 123 344 μένον
143 307 278 345 βλέπομεν
297 310 411 345 Ἰησοῦν,
433 311 478 338 διά
496 312 526 339 τὸ
548 312 665 348 πάθημα
685 313 733 340 τοῦ
751 313 834 341 θανά-

47 363 103 386 του,
126 354 190 391 δόξῃ
209 355 258 382 καὶ
282 357 348 392 τιμῇ
375 358 612 394 ἐστεφανωμένον,
643 360 715 392 ὅπως
743 360 834 395 χάριτι

47 399 108 426 Θεοῦ
124 399 194 436 ὑπὲρ
208 401 309 434 παντὸς
322 402 455 439 γεύσηται
471 403 597 432 θανάτου.
611 414 620 430 ι
638 405 724 432 Τοῦτο
738 405 767 432 δὲ
786 406 836 441 μά-

47 445 120 472 λιστα
146 446 240 481 σαφῶς
260 447 379 476 δείκνυσι
393 450 441 477 τοῦ
463 450 664 485 ἀναληφθέντος
688 451 833 487 ἀνθρώπου

47 492 74 519 τδ
87 492 204 520 τέλειον·
218 495 266 521 καὶ
281 496 335 531 γάρ
362 505 427 532 φησι
438 505 445 512 ·
463 506 473 523 ι
488 497 521 523 Τί
536 498 609 525 ἐστιν
624 497 777 534 ἄνθρωπος,
793 499 833 526 ὅτι

49 540 184 576 μιμνήσκῃ
213 542 314 576 αὐτοῦς
333 552 342 569 ι
363 543 432 570 ἀλλὰ
455 544 480 570 τί
503 544 578 572 ἐστιν
601 545 762 581 ἄνθρωπος,
786 545 833 572 καὶ

48 587 131 614 πᾶσαν
149 588 217 623 ὁμοῦ
233 588 281 625 τὴν
301 590 383 624 φύσιν
400 591 570 627 περιλαϐών·
587 592 636 619 καὶ
659 592 762 628 Κύριον
784 591 833 628 μὲν

48 635 283 670 προσαγορεύσας,
306 637 352 664 τὸν
378 638 557 674 ἐνοικήσαντα
579 638 646 666 Θεὸν
667 638 764 673 Λόγον,
787 639 834 666 τὸν

46 680 91 715 τῆς
107 681 210 712 οἰκείας
231 682 334 716 stativa;
358 684 523 719 μνησθέντα,
545 684 591 711 τὸν
606 685 719 720 ἀρρήτῳ
739 684 834 720 φιλαν-

48 728 148 763 θρωπίᾳ
177 729 374 765 χρησάμενον·
403 729 549 767 ἄνθρωπον
576 731 605 758 δὲ
627 730 671 759 τὸν
694 731 723 764 ἐξ
753 730 833 767 ήμῶν

47 774 228 810 ἀναληφθέντα
244 776 318 809 ναὸν,
332 776 363 803 δν
377 778 411 812 τῇ
429 777 567 814 παρουσίᾳ
581 777 765 812 ἐπεσκέψατο,
783 777 833 804 καὶ

47 820 127 856 ἑαυτῷ
143 821 258 857 συνῆψε,
274 823 321 849 καὶ
335 823 368 859 τῇ
386 823 481 850 ἐνώσει
501 823 552 859 τὴν
573 823 712 859 σωτηρίαν
739 823 834 859 εἰργά-

48 874 106 893 σατο
116 875 122 882 ·
137 866 184 893 καὶ
199 866 280 894 τοῦτο
305 867 465 904 ἑρμηνεύων
480 868 532 904 ἔφη
543 877 550 885 -
567 878 576 894 ι
591 869 643 896 Τὸν
653 869 681 895 δὲ
699 869 787 904 βραχύ
807 877 833 896 τι

49 911 105 946 παρ’
115 911 249 946 ἀγγέλους
263 912 455 948 ἠλαττωμένον
471 913 607 949 βλέπομεν
625 913 729 950 Ἰησοῦν
744 914 788 941 διὰ
801 914 833 941 τὸ

887 319 998 350 propter
1012 315 1164 350 passionem
1181 314 1288 349 mortis,
1303 313 1388 349 gloria
1405 317 1431 341 et
1447 313 1550 341 honore
1565 320 1680 340 comna~

887 366 958 393 tum,
981 366 1011 388 ut
1034 361 1120 396 gratia
1145 360 1209 394 Dei,
1231 367 1280 395 pro
1301 359 1427 387 omnibus
1450 363 1564 385 mortem
1588 363 1680 393 gusta-

885 412 927 435 ret
940 407 974 435 ".
994 417 1003 433 ι
1019 408 1077 435 Hoc
1093 411 1182 434 autem
1199 406 1423 434 manifestissime
1439 405 1572 439 assumpti
1590 402 1678 431 homi-

884 453 927 480 nis
943 453 1138 488 perfectionem
1155 452 1335 480 demonsual.
1351 451 1395 478 Ait
1411 451 1482 479 enim
1498 459 1505 478 :
1525 459 1534 476 ι
1554 449 1623 483 Quid
1638 454 1679 476 est

885 500 975 533 homo,
993 499 1065 535 quod
1083 507 1187 526 memor
1203 506 1232 526 es
1250 498 1327 533 ejus?
1347 507 1356 524 ι
1377 497 1431 525 Sed
1449 497 1513 532 quid
1534 500 1575 524 est
1595 496 1679 523 homo

884 547 946 574 dum
969 547 1015 579 ait,
1036 545 1191 573 universam
1212 545 1292 573 simul
1311 549 1436 571 naturam
1458 542 1676 578 comprehendit.

883 592 916 619 Et
936 592 999 620 dum
1021 592 1163 619 Dominum
1185 591 1312 626 appellat,
1332 590 1416 618 Deum
1431 588 1550 617 Verbum
1571 587 1679 615 irritabi-

884 643 944 666 tans
960 638 1034 671 dicit,
1048 638 1120 673 quod
1136 645 1192 666 sua:
1208 637 1335 671 imaginis
1351 643 1455 663 memor
1469 635 1531 667 fuit,
1546 634 1618 669 quod
1637 634 1679 660 in-

883 685 1016 713 ellabilem
1028 684 1199 712 clementiam
1211 683 1388 719 exprompsit.
1401 681 1544 709 Hominem
1558 680 1676 714 denique

883 732 920 759 ait
945 731 1009 758 illud
1022 731 1094 766 quod
1107 731 1140 758 de
1154 730 1232 758 nobis
1247 734 1383 764 sumptum
1397 733 1439 756 est
1453 727 1591 763 templum,
1605 727 1676 760 quod

884 777 1027 812 praesentia
1041 785 1089 805 sua
1101 776 1235 809 visitavit,
1249 775 1359 811 sibique
1371 773 1518 810 copulavit,
1529 780 1617 807 eaque
1630 772 1677 798 ad-

883 824 1011 851 unatione
1024 823 1137 851 salutem
1151 823 1266 858 peregit.
1276 821 1341 856 Quae
1354 821 1411 856 ipse
1424 820 1608 856 interpretans
1620 818 1674 845 ait:

885 879 895 895 ι
918 869 985 897 Eum
1005 875 1094 898 autem
1114 870 1161 905 qui
1182 869 1290 897 modico
1311 876 1392 903 quam
1415 867 1503 902 angeli
1525 866 1675 893 minoratus

883 921 937 950 est,
956 916 1080 944 videmus
1100 916 1208 950 Jesum,
1228 919 1338 952 propter
1358 914 1455 942 mortis
1473 913 1639 949 passionem.
1663 920 1673 937 ι

50 957 154 993 πάθημα
172 958 222 985 τοῦ
239 959 366 986 θανάτου.
379 969 388 986 ι
414 960 547 988 ’Δπέθανε
562 961 591 988 δὲ
606 961 656 997 οὐχ
670 962 683 988 ὁ
698 961 832 993 ἀθάνατος

888 962 1005 989 Mortuus
1018 967 1059 990 est
1072 963 1162 998 itaque
1174 950 1405 990 non—immortalis
1420 960 1501 992 Deus,
1516 958 1563 986 sed
1578 961 1676 985 natura

48 1003 105 1035 Θεὸς
120 1004 216 1039 Λόγος,
233 1005 291 1032 ἀλλ’
307 1006 324 1041 ἡ
342 1005 427 1042 θνητὴ
445 1006 536 1041 φύσις.
553 1007 600 1033 Διὸ
616 1008 664 1034 καὶ
683 1007 834 1043 ἠλαττοῦτο

49 1048 126 1084 βραχύ
143 1057 170 1076 τι
201 1051 268 1085 παρ’
283 1049 433 1084 ἀγγέλους,
454 1050 494 1086 τῷ
515 1051 578 1083 τοὺς
612 1051 660 1086 μὲν
681 1051 833 1084 ἀθανάτους

48 1093 119 1127 εἶναι,
135 1095 184 1132 τὴν
204 1096 232 1122 δὲ
249 1096 360 1132 θνητήν.
381 1097 411 1124 '0
426 1097 454 1123 δὲ
465 1097 531 1129 Θεὸς
546 1097 633 1132 Λόγος
644 1098 694 1124 οὐκ
712 1098 832 1125 ἐλάττων

47 1141 172 1177 ἀγγέλων,
192 1142 262 1170 ἀλλά
275 1143 409 1178 δεσπότης
425 1143 550 1178 ἀγγέλων
561 1153 568 1160 ·
589 1154 598 1171 ι
618 1145 662 1171 Ἐν
678 1144 754 1180 αὐτῷ
777 1144 832 1181 γὰρ

48 1189 150 1225 ἐκτίσθη
170 1189 206 1216 τὰ
225 1189 333 1222 πάντα,
349 1189 405 1216 εῐτε
427 1190 531 1224 ὁρατὰ,
554 1190 610 1217 εἴτε
632 1190 755 1227 ἀόρατα,
776 1190 832 1217 εἴτε

48 1234 144 1270 Θρόνοι,
159 1236 214 1262 εἴτε
231 1236 410 1271 κυριότητες,
422 1237 476 1263 εῐτε
491 1237 596 1272 Ἀρχαὶ,
610 1236 665 1263 εἴτε
685 1236 831 1270 Ἐξουσίαι,

48 1281 97 1307 εἴτε
111 1281 247 1316 Ἄγγελοι,
259 1281 313 1309 εἴτε
326 1282 461 1319 Δυνάμεις
469 1291 476 1298 ·
492 1284 581 1311 πάντα
593 1284 621 1311 δὲ
633 1285 666 1312 δι’
679 1285 774 1318 αὐτοῦ,
786 1285 833 1312 καὶ

48 1328 83 1359 εἰς
97 1328 175 1355 αὑτὸν
191 1328 324 1356 ἔκτισται.
343 1339 352 1355 ι
378 1329 434 1356 Καὶ⁵
456 1330 526 1365 μετά
541 1330 626 1357 πολλά
647 1331 728 1358 πάλιν
739 1340 745 1347 ·
761 1340 770 1358 ι
784 1333 833 1364 Ὃς

48 1375 73 1401 ἐν
83 1376 140 1406 ταῖς
153 1375 283 1412 ἡμέραις,
297 1377 375 1412 φησὶ,
389 1377 440 1412 τῆς
456 1377 557 1412 σαρκὸς
573 1378 654 1404 αὑτοῦ
667 1378 773 1414 δεήσεις
785 1379 833 1406 καὶ

49 1421 180 1456 ἱκετηρίας
195 1422 266 1458 πρὸς
285 1422 331 1449 τὸν
352 1422 501 1458 δυνάμενον
513 1424 594 1450 αὑτὸν
606 1424 638 1451 ὲκ
654 1423 769 1452 θανάτου
787 1425 833 1460 ῥύ-

50 1467 139 1494 σασθαι
162 1469 232 1503 μετά
259 1470 383 1505 κραυγῆς
403 1470 516 1506 ἰσχυρᾶς
538 1471 585 1498 καὶ
600 1471 727 1506 δακρύων
748 1480 833 1508 προσο

48 1513 173 1548 ενεγκὼν,
196 1515 245 1542 καὶ
277 1516 465 1548 εἰσακουσθεὶς
492 1517 546 1544 ἀπὸ
571 1517 621 1552 τῆς
644 1517 798 1550 εὐλαϐείας.
819 1528 828 1544 ι

49 1560 149 1597 Καίπερ
163 1561 200 1588 ὢν
218 1562 292 1595 Υἱὸς,
311 1562 413 1598 ἔμαθεν
430 1563 459 1596 ἐξ
483 1560 521 1590 ὦν
533 1562 617 1590 ἔπαθε
633 1563 683 1599 τὴν
699 1564 831 1601 ὑπακοὴν,

49 1606 89 1632 καὶ
100 1607 251 1640 τελειωθεὶς
266 1608 377 1642 γέγονεν
391 1608 477 1636 ἅπασι
491 1609 546 1641 τοῖς
559 1609 742 1637 ὑπακούουσιν
757 1610 832 1647 αὐτῷ

48 1651 126 1684 aluo;
140 1653 277 1688 σωτηρίας
297 1655 418 1682 αἰωνίου.

79 1741 124 1774 Τίς
140 1742 228 1770 τοίνυν
242 1744 257 1771 ό
272 1745 506 1781 προσευχόμενος,
527 1746 573 1773 καὶ
589 1746 698 1782 δεήσεις
712 1748 759 1774 καὶ
777 1747 833 1774 ἱκε-

48 1788 136 1823 τηρίας
146 1789 214 1824 μετὰ
229 1790 355 1825 κραυγῆς
365 1791 480 1826 ἰσχυρᾶς
488 1791 537 1819 καὶ
546 1792 674 1828 δακρύων
684 1802 819 1828 προσενεγ
826 1808 835 1814 -

48 1834 112 1868 κών;
136 1836 182 1868 Τίς
204 1837 218 1864 ὁ
233 1837 263 1863 ὲν
278 1837 407 1873 εὐλαϐείᾳ
426 1839 563 1874 συζήσας,
579 1839 627 1866 καὶ
642 1840 686 1867 διὰ
700 1840 781 1868 τοῦτο
803 1841 833 1868 δν

48 1881 161 1908 ἱκέτευσε
188 1883 306 1917 πείσας;
322 1883 370 1915 Τίς
385 1884 400 1911 ὸ
418 1883 512 1919 μαθὼν
535 1885 583 1919 ἀφ’
607 1882 645 1912 ὧν
671 1885 756 1913 ἔπαθε
783 1886 834 1922 τὴν

48 1927 172 1964 ὑπακοὴν,
185 1930 232 1956 καὶ
245 1929 295 1964 τὴν
307 1931 407 1965 πεῖραν
420 1929 511 1958 λαϐὼν
523 1931 694 1964 διδάσκαλον,
708 1932 757 1959 καὶ
772 1933 835 1959 ταύ-

47 1981 91 2009 την
104 1974 205 2008 ἀγνοῶν
217 1975 271 2011 πρὸ
283 1977 332 2011 τῆς
346 1976 443 2012 πείρας
454 1985 461 2009 ;
474 1977 522 2009 Τίς
535 1978 549 2003 ὁ
560 1977 650 2004 λαϐὼν
663 1979 734 2006 κατά
751 1979 834 2015 μέρος

47 2018 91 2054 τὴν
109 2019 281 2056 τελειότητα;
296 2022 354 2056 Οὐχ
374 2022 389 2048 ὁ
408 2022 474 2054 Θεὸς
489 2022 588 2057 Λόγος,
603 2024 617 2050 ὁ
634 2023 746 2057 τέλειος,
763 2025 778 2051 ὁ
795 2026 834 2052 εί-

47 2064 94 2098 δὼς
111 2067 197 2094 πάντα
217 2067 284 2103 πρὶν
306 2069 441 2103 γενέσεως
457 2069 557 2102 αὐτῶν,
573 2069 631 2096 ἀλλ’
642 2071 674 2097 οὐ
693 2072 726 2107 τῇ
751 2071 834 2108 πείρᾳ

51 2113 199 2147 μανθάνων·
213 2114 228 2141 ὁ
251 2115 356 2146 πάντας
373 2114 442 2150 ἔχων
466 2115 694 2152 εὐλαϐουμένους,
711 2117 769 2144 ἀλλ’
782 2118 834 2146 οὐκ

49 2159 122 2191 αὐτὸς
136 2160 334 2195 εὐλαϐούμενος
345 2169 351 2177 ·
368 2162 382 2187 ό
398 2161 565 2196 ἀφελόμενος
577 2163 632 2189 πᾶν
648 2163 766 2199 δάκρυον
779 2165 833 2191 ἀπὸ

50 2206 142 2238 παντὸς
160 2205 319 2241 προσώπου,
332 2206 390 2234 ἀλλ’
403 2207 435 2233 ού
450 2207 579 2242 δακρύειν
597 2208 643 2235 ὑπ’
655 2209 751 2245 ὀδύνης
768 2210 833 2237 ἀνα-

49 2252 223 2287 γκαζόμενος·
243 2254 257 2280 ό
272 2253 380 2288 ἀπαθὴς
400 2255 448 2280 καὶ
464 2253 606 2287 ἀθάνατος,
622 2255 680 2282 ἀλλ’
692 2256 723 2282 οὐ
740 2256 833 2289 δεδιὼς

885 1007 1019 1035 mortalis.
1043 1007 1103 1035 ideo
1124 1012 1151 1036 et
1173 1007 1280 1035 modico
1301 1006 1371 1034 infra
1394 1004 1505 1040 angelos
1526 1003 1677 1031 minoratus

883 1057 936 1085 est,
949 1053 1011 1087 quia
1026 1053 1052 1080 hi
1067 1058 1130 1081 sunt
1145 1052 1324 1084 immortales,
1338 1051 1383 1078 illa
1397 1057 1477 1078 secus
1492 1054 1590 1077 natura
1604 1055 1677 1075 mor-

884 1099 947 1126 talis
959 1103 1010 1127 est.
1025 1098 1110 1126 Porro
1125 1098 1195 1126 Deus
1208 1098 1325 1126 Verbum
1339 1105 1392 1125 non
1407 1101 1449 1124 est
1464 1095 1532 1123 infra
1548 1094 1676 1129 angelos,

883 1145 930 1173 sed
945 1144 1103 1179 angelorum
1117 1143 1226 1180 833m
1241 1143 1380 1171 Dominus.
1403 1151 1413 1168 ι
1429 1141 1562 1175 Quoniam
1575 1140 1602 1166 in
1618 1139 1677 1173 ipso

884 1192 993 1219 condita
1011 1195 1074 1218 sunt
1091 1191 1234 1222 universa,
1253 1190 1309 1217 sive
1326 1188 1460 1222 visibilia,
1479 1187 1537 1215 sive
1554 1185 1678 1214 invisibi-

884 1238 930 1271 lia,
946 1238 1005 1265 sive
1019 1237 1134 1270 Throni,
1150 1236 1209 1264 sive
1227 1235 1442 1268 Dominationes,
1461 1234 1517 1261 sive
1536 1231 1677 1267 Principa-

885 1289 942 1317 tus,
956 1283 1013 1311 sive
1026 1282 1193 1315 Potestates,
1207 1282 1264 1310 sive
1276 1281 1370 1316 Angeli
1380 1301 1388 1313 ,
1402 1281 1459 1308 sive
1468 1278 1604 1311 Virtutes;
1618 1284 1677 1305 om-

884 1330 929 1358 nia
945 1334 1034 1357 aulem
1050 1336 1098 1364 per
1111 1329 1210 1364 ipsum,
1223 1328 1293 1356 etin
1310 1327 1370 1362 ipso
1385 1330 1477 1354 creata
1492 1329 1556 1352 sunt
1567 1324 1600 1351 “.
1620 1333 1629 1350 ι
1644 1322 1677 1350 Et

883 1376 946 1404 alibi
969 1376 1058 1404 denuo
1077 1384 1085 1403 :
1107 1385 1116 1401 ι
1139 1375 1190 1408 Qui
1212 1375 1239 1402 in
1262 1374 1369 1405 diebus,
1391 1373 1488 1407 inquit,
1508 1371 1599 1399 carnis
1620 1377 1676 1397 sua:

883 1429 978 1457 preces
997 1420 1264 1456 snpplicationesque
1282 1420 1315 1447 ad
1333 1427 1412 1452 eum,
1430 1418 1477 1454 qui
1496 1417 1582 1453 possit
1599 1415 1676 1443 illum

883 1469 986 1496 Salvum
1004 1468 1095 1495 facere
1113 1475 1128 1494 a
1148 1471 1247 1500 morte,
1266 1473 1327 1494 cum
1344 1465 1462 1493 clamore
1480 1464 1568 1491 valido
1587 1466 1614 1490 et
1634 1462 1676 1489 la-

883 1515 984 1550 crymis
1005 1513 1138 1546 oﬂerens,
1162 1512 1307 1541 exauditus
1332 1516 1374 1540 est
1399 1517 1449 1545 pro
1471 1517 1521 1538 sua
1545 1515 1676 1536 reverea-

884 1562 920 1588 tia
932 1561 966 1588 ⁶⁸.
989 1569 998 1587 ι
1018 1560 1051 1588 Ει
1066 1560 1177 1595 quidem
1197 1567 1258 1587 cum
1277 1563 1350 1586 esset
1367 1557 1466 1590 Filius.
1485 1556 1578 1585 didicit
1591 1562 1625 1583 ex
1643 1556 1679 1582 iis

885 1615 944 1642 quze
962 1614 1059 1642 passus
1075 1611 1118 1634 est
1133 1606 1315 1633 obedientiam
1332 1613 1340 1632 :
1356 1609 1383 1632 et
1399 1607 1615 1635 consummatus,
1631 1601 1675 1629 fa-

885 1658 945 1681 ctus
960 1656 1003 1681 est
1019 1652 1146 1681 omnibus
1160 1650 1413 1686 obtemperantibus
1428 1649 1490 1682 sibi,
1505 1656 1587 1677 causa
1603 1647 1676 1676 saluo

885 1700 918 1728 tis
933 1705 1051 1728 aeterna.

919 1744 985 1778 Quis
999 1752 1064 1780 ergo
1082 1749 1125 1772 est
1140 1751 1234 1776 orans,
1250 1747 1278 1772 et
1294 1750 1391 1778 preces
1407 1741 1676 1776 supplicationesque

884 1797 945 1818 cum
960 1790 1080 1818 clamore
1093 1790 1181 1818 valido
1196 1793 1224 1817 et
1238 1788 1366 1824 lacrymis
1380 1786 1516 1816 offerens?
1531 1786 1599 1820 Quis
1614 1793 1677 1812 cum

884 1836 1009 1871 religiosa
1026 1836 1174 1864 reverentia
1188 1835 1292 1868 vivens,
1309 1835 1423 1870 ideoque
1437 1833 1471 1861 ab
1487 1840 1518 1861 eo
1534 1840 1614 1868 quem
1631 1839 1677 1859 ro-

883 1882 956 1918 gavit
971 1882 1136 1917 impetrans?
1149 1882 1215 1914 Quis
1229 1882 1339 1909 discens
1351 1889 1385 1908 ex
1399 1881 1432 1908 iis
1447 1887 1507 1915 quae
1521 1886 1619 1914 passus
1632 1882 1678 1905 est

883 1928 1076 1962 obedientiam,
1090 1933 1117 1955 et
1132 1927 1255 1962 magistri
1271 1927 1331 1955 loco
1345 1925 1542 1961 experientiam
1558 1925 1674 1956 habens,

883 1976 997 2011 ignarus
1008 1976 1068 2010 ejus
1082 1974 1121 2001 rei
1137 1979 1284 2009 antequam
1298 1972 1489 2009 experiretur?
1513 1971 1580 2006 Quis
1593 1971 1675 2006 pede-

884 2023 979 2055 tentim
997 2022 1112 2057 adeptus
1130 2026 1172 2049 est
1191 2019 1405 2056 perfectionem?
1423 2019 1499 2047 Haud
1519 2025 1584 2046 sane
1604 2018 1677 2046 Deus

883 2069 1013 2103 Verbum,
1031 2068 1180 2104 perlectum
1199 2067 1274 2099 illud,
1287 2071 1314 2094 et
1331 2068 1403 2102 quod
1420 2066 1513 2095 omnia
1530 2070 1675 2100 antequam

883 2117 949 2144 tiant
963 2115 1048 2148 novit,
1064 2115 1176 2142 minime
1190 2122 1254 2142 vero
1268 2113 1436 2148 experientia
1453 2113 1561 2140 discens
1579 2120 1586 2140 :
1602 2111 1675 2146 quod

882 2169 977 2191 omnes
990 2162 1071 2189 habet
1081 2161 1123 2188 sui
1136 2160 1264 2192 cultores,
1276 2160 1340 2187 dum
1353 2159 1387 2186 ab
1397 2159 1455 2193 ipso
1467 2158 1566 2186 colitur
1576 2164 1675 2191 nemo;

883 2208 1009 2236 auferens
1025 2207 1060 2234 ab
1073 2207 1146 2234 omni
1164 2206 1234 2234 facie
1250 2206 1409 2240 lacrymam,
1423 2205 1511 2240 ipsum
1523 2211 1589 2231 vero
1604 2202 1688 2230 nullo.

883 2257 976 2285 dolore
994 2254 1138 2290 lacrymari
1155 2252 1324 2288 compulsum
1342 2261 1350 2286 ;
1368 2251 1548 2287 impossibile,
1566 2251 1678 2278 immor-

49 2297 89 2324 τὸν
104 2297 225 2332 θάνατον,
242 2299 289 2326 καὶ
315 2299 384 2334 μετά
408 2299 535 2335 κραυγῆς
557 2301 686 2328 ἱκετεύων
708 2302 833 2329 ἀπαλλα-

888 2303 950 2336 tale,
969 2310 1021 2329 non
1043 2305 1133 2328 autem
1155 2303 1270 2326 mortem
1294 2299 1404 2331 timens,
1428 2304 1516 2333 neque
1537 2301 1567 2324 ut
1588 2297 1622 2324 ab
1642 2303 1674 2323 ea

49 2343 124 2378 γῆναι
139 2344 265 2373 θανάτου.
282 2345 388 2372 Οὐκοῦν
403 2345 455 2372 ίδια
468 2346 555 2373 ταῦτα
567 2348 617 2383 τῆς
632 2348 833 2384 ἀναληφθείσης

888 2350 1015 2378 liberetur
1031 2354 1093 2375 cum
1115 2346 1234 2372 clamore
1254 2343 1421 2378 supplicans.
1441 2343 1572 2376 Superest
1593 2342 1677 2376 igitur

50 2389 251 2427 ἁνθρωπότητος
262 2414 268 2426 ,
286 2392 375 2427 ﬁatut.
389 2392 435 2419 τὸν
451 2392 567 2420 θάνατον
591 2393 698 2427 ἐδεδίει,
724 2395 772 2421 καὶ
792 2394 833 2421 δι-

50 2436 130 2463 ετέλει
147 2438 372 2474 προσευχομένη,
395 2438 445 2474 τῆς
471 2438 629 2475 ὲνοικούσης
652 2439 785 2476 Θεότητος
795 2440 834 2476 τῷ

50 2483 119 2519 φόϐῳ
137 2484 371 2521 παραχωρούσης,
389 2485 434 2512 ’ίνα
450 2485 495 2512 διὰ
510 2485 564 2513 τῶν
583 2486 753 2522 παθημάτων
778 2488 834 2515 δει-

50 2528 97 2565 χθῇ
118 2530 164 2557 τοῦ
179 2531 327 2567 ληφθέντος
348 2533 365 2567 ἡ
383 2531 475 2567 φύσις.
498 2532 555 2560 Καὶ
579 2533 677 2559 πάλιν·
697 2543 706 2559 ι
721 2534 759 2561 Οὐ
780 2535 835 2570 γὰρ

50 2575 130 2611 δήπου
159 2577 284 2613 ἀγγέλων
314 2577 548 2613 ἐπιλαμϐάνεται,
578 2579 647 2606 ἀλλὰ
677 2580 835 2616 σπέρματος

56 2621 173 2658 Ἀϐραὰμ
198 2624 431 2660 ὲπιλαμϐἀνεται”
449 2625 510 2652 ὅθεν
531 2625 632 2660 ὤφειλε
657 2627 728 2654 κατὰ
745 2627 835 2654 πάντα

50 2670 102 2700 τοῖς
123 2669 245 2704 ἀδελφοῖς
261 2671 445 2706 ὁμοιωθῆναι,
469 2673 510 2703 εἰς
531 2672 563 2698 τὸ
591 2673 750 2701 ῑλάσκεσθαι
771 2674 833 2706 ταῖς

51 2713 193 2750 ἁμαρτίαις
212 2717 259 2744 τοῦ
281 2717 357 2744 λαοῦ.
373 2728 382 2744 ι
408 2718 452 2745 Ἐν
473 2715 495 2752 ᾧ
514 2719 569 2754 γὰρ
594 2720 728 2748 πέπονθεν
755 2721 836 2753 αὐτὸς

53 2762 217 2796 πειρασθεὶς,
240 2763 352 2792 δύναται
376 2766 433 2797 τοῖς
461 2766 670 2801 πειραζομένοις
690 2767 833 2803 βοηθῆσαι.

52 2807 103 2858 καὶ
120 2811 176 2843 μετ’
195 2810 317 2858 ὄλῖγαᾌι
332 2811 369 2838 Oti
385 2813 441 2848 γὰρ
460 2812 559 2848 ἔχομεν
581 2813 713 2849 ἀρχιερέα
735 2813 772 2849 μὴ
789 2814 836 2840 δυ‹

53 2856 161 2886 ναμενον
184 2856 360 2891 συμπαθῆσαι
377 2858 437 2888 ταῖς
451 2857 605 2890 ἀσθενείαις
627 2858 718 2893 ἡμῶν,
739 2866 836 2887 πεπει-

885 2401 914 2423 ιιι
931 2396 987 2422 haec
1004 2391 1182 2421 humanitatis
1200 2395 1352 2425 assumpue
1363 2389 1418 2416 sint
1435 2388 1556 2424 propria,
1573 2395 1633 2422 qua:
1649 2391 1679 2414 et

886 2446 1000 2469 mortem
1015 2439 1162 2470 metuebat,
1175 2442 1202 2464 et
1216 2437 1242 2464 in
1257 2435 1382 2464 oratione
1395 2434 1600 2470 perseverabat,
1612 2440 1677 2468 qua-

887 2494 965 2516 tenus
982 2485 1138 2514 inhabitans
1154 2483 1245 2511 Deitas
1260 2482 1350 2510 timori
1368 2481 1456 2508 locum
1474 2487 1535 2508 esse
1551 2480 1676 2512 sinebat;

883 2539 912 2562 ut
930 2542 964 2562 ex
984 2532 1155 2568 passionibus
1175 2529 1307 2564 assumpti
1328 2527 1445 2556 hominis
1464 2531 1560 2554 natura
1580 2525 1678 2560 digno-

884 2583 1016 2607 sceretur.
1033 2577 1066 2605 Et
1083 2584 1178 2604 rursus
1195 2586 1203 2604 ι
1224 2584 1234 2602 ι
1255 2575 1393 2610 Nusquam
1412 2573 1484 2600 enim
1502 2571 1612 2606 angeIOs
1629 2578 1677 2605 ap—

885 2625 1044 2661 prehendit,
1062 2624 1110 2651 sed
1132 2631 1223 2651 semen
1245 2622 1364 2650 Abrahae
1385 2618 1562 2654 apprehendit
1580 2624 1588 2645 :
1606 2619 1678 2645 unde

887 2671 979 2700 debuit
998 2678 1046 2705 per
1061 2670 1153 2697 omnia
1171 2668 1301 2696 fratribus
1318 2666 1446 2698 similari,
1466 2669 1495 2692 ut
1513 2664 1610 2692 delicta
1627 2671 1677 2698 po-

885 2719 939 2754 puli
956 2716 1191 2753 repropitiaret".
1208 2725 1217 2742 ι
1234 2715 1261 2742 ln
1276 2723 1308 2743 eo
1323 2715 1395 2742 enim
1411 2713 1439 2741 in
1455 2719 1509 2748 quo
1525 2718 1621 2746 passus
1636 2715 1678 2738 est

884 2765 941 2799 ipse
960 2769 988 2791 ct
1010 2768 1144 2794 tentatus,
1166 2766 1265 2797 potens
1284 2766 1326 2789 est
1345 2764 1374 2787 et
1395 2760 1435 2787 eis
1457 2758 1502 2794 qui
1526 2761 1677 2787 tentantur.

884 2810 1020 2838 auxiliari.
1039 2809 1071 2837 Et
1091 2809 1162 2836 haud
1184 2808 1277 2836 multis
1297 2806 1448 2842 interiectis
1465 2813 1472 2832 :
1494 2814 1503 2830 ι
1525 2803 1583 2831 Non
1604 2801 1678 2829 enim

885 2857 1016 2886 habemus
1034 2856 1206 2891 pontificem,
1226 2855 1271 2891 qui
1292 2862 1345 2883 non
1363 2853 1449 2889 possit
1466 2850 1584 2886 compati
1602 2848 1679 2878 iniit:-

86 2940 105 2954 "’
118 2942 197 2972 llcbr.
213 2950 242 2980 ιι,
263 2945 289 2974 9.
327 2946 350 2962 ⁶³
366 2945 469 2974 Culoss.
484 2954 502 2980 ι,
524 2945 563 2973 l6.
605 2946 625 2962 "'
644 2945 724 2975 Hebr.
739 2955 766 2980 ν,
783 2948 806 2974 7.

889 2947 969 2975 Ilcbr.
988 2955 1017 2980 tt,
1040 2948 1078 2974 lo‘.
