1907 3038
224 193 291 221 Νἱίῡ

222 251 362 280 milalibus
373 250 488 282 nostris,
501 252 630 276 tentatum
640 251 728 275 autem
740 247 849 285 mm
862 255 909 283 per
923 248 1012 276 omnia

221 306 271 334 pro
283 296 460 325 similitudine
471 295 572 329 absque
583 297 695 329 peccato
703 292 736 321 “.
751 303 760 319 ι
771 293 819 321 Est
831 295 912 330 igitur
922 293 1008 322 Abrai

224 344 297 372 hami
319 350 409 371 semen
431 342 536 370 diversa
559 348 602 368 res
621 340 656 367 ab
674 340 718 367 illo
737 340 783 375 qui
805 341 831 368 id
851 340 1005 374 assumpsit.

223 389 322 417 Semen
342 395 405 415 vero
425 385 571 414 Abrahanti
591 384 695 413 sciebat
715 385 810 413 beatus
828 384 928 412 Paulus
947 392 1008 412 esse

224 437 394 464 Servatoretn
412 433 549 461 Christum
566 433 713 460 secundum
721 439 857 460 carnem.t
872 431 931 459 Non
941 431 1008 459 dixit

223 487 250 509 et
270 479 417 509 seminibus
438 478 508 511 tuis,
529 477 606 513 quasi
627 477 660 505 de
680 477 790 510 multis;
810 477 857 504 sed
877 476 954 512 quasi
975 476 1008 503 de

223 534 276 554 uno
289 535 296 553 ι
312 535 322 552 ι
334 524 367 552 Et
381 524 477 552 semini
494 528 551 556 tuo,
564 525 609 559 qui
624 528 666 551 est
678 522 805 550 Christus
815 522 847 550 "’.
863 531 873 548 ›
889 521 1008 557 Denique

221 571 303 598 etiam
319 570 415 598 tentari
432 569 465 597 ad
481 568 683 597 similitudinem
698 567 800 603 absque
815 571 939 602 peccato,
953 574 1008 594 non

221 621 264 644 est
277 615 324 644 Dei
339 615 428 647 Verbi,
440 615 487 642 sed
501 613 634 649 assumpti
649 612 763 641 seminis
777 613 926 648 preprium.

223 669 304 698 XXII.
324 670 400 704 Quod
415 670 492 698 Jews
509 673 534 697 et
549 669 618 697 Deus
642 668 751 696 Verbum
765 673 789 695 et
808 669 885 695 homo
898 667 1006 695 dicitur.

239 762 277 789 ιω
288 759 509 797 ριςιτείιιιὶεείυιυδ
522 756 622 785 Paulus
635 763 682 792 per
697 760 780 784 totam
793 755 938 790 Epistolant
951 759 1007 782 tum

222 813 325 836 natura:
342 806 532 841 proprietates,
552 808 606 831 tum
630 809 753 838 persona
777 801 905 836 praedicat
920 801 1009 828 unita-

222 859 275 881 tem
293 861 301 880 :
315 852 429 886 ideoque
440 849 532 878 Jesum
543 848 683 876 Christum
697 852 724 875 et
735 847 874 874 hominem
891 846 1009 882 appellat

220 903 248 926 et
269 898 364 925 Deum.
390 905 399 922 ι
414 894 500 928 Unus,
518 893 616 929 inquit,
637 892 767 921 Dominus
782 890 861 920 Jesus
874 892 1006 925 Christus,

221 951 269 978 per
277 950 356 978 quem
370 941 460 969 omnia
473 940 505 967 ⁸⁸.
522 949 531 967 ι
542 939 701 974 Rursusque
712 938 856 966 Timotheo
868 937 989 966 scribens
1000 947 1007 966 :

224 999 233 1015 ι
251 988 328 1017 Unus
345 986 488 1019 mediator,
511 987 611 1023 inquit,
636 985 684 1013 Dei
708 989 736 1012 et
760 984 910 1017 hominum,
929 984 1009 1010 homo

221 1034 346 1062 Christus
364 1031 444 1060 Iesus
465 1031 498 1059 στ’.
515 1040 525 1057 ›
544 1030 578 1058 Et
597 1031 624 1058 in
637 1030 731 1057 eadem
744 1029 777 1056 ad
803 1028 930 1056 Hebraeos
944 1027 1001 1062 Epi-

221 1081 290 1109 stola
312 1089 319 1108 :
345 1089 354 1106 t
372 1079 452 1107 Iesus
468 1078 592 1106 Christus
611 1076 669 1104 heri
691 1081 719 1104 et
736 1075 825 1108 hodie,
848 1075 905 1110 ipse
929 1078 957 1102 et
982 1074 1009 1101 in

221 1125 319 1154 saecula
343 1125 380 1152 τ’.
396 1133 406 1151 ι
423 1123 482 1152 Alia
509 1129 627 1158 quoque,
652 1121 675 1150 si
698 1121 759 1156 quis
783 1120 867 1153 volet,
891 1120 1010 1148 inveniet

221 1174 349 1200 sexcenta
371 1168 525 1198 testimonia
548 1168 575 1196 in
595 1166 684 1195 divina
707 1165 847 1200 Scriptura
869 1172 929 1199 qua
945 1172 1006 1199 per-

221 1216 320 1244 fectum
350 1215 485 1243 hominem
514 1213 673 1249 praedicant,
709 1215 791 1247 atque
819 1210 1008 1238 haereticorum

220 1265 369 1297 coarguunt
380 1260 524 1288 insaniam.
540 1258 624 1286 Nobis
637 1264 727 1286 tamen
739 1257 823 1285 otium
840 1257 867 1284 in
884 1255 1008 1292 praesenti

220 1316 273 1337 non
287 1312 329 1336 est
342 1314 374 1336 ea
385 1305 538 1341 colligendi.
550 1303 686 1332 Studiosis
701 1303 792 1338 itaque
802 1301 922 1330 laborem
939 1301 1010 1329 hunc

220 1355 400 1386 dimittentes,
427 1360 477 1382 nos
492 1351 600 1388 quidem
627 1350 793 1386 propositum
819 1352 1009 1384 argumentum

221 1406 426 1436 prosequamur.

339 1456 433 1485 XXIII.
454 1456 493 1484 De
513 1455 642 1490 iueﬂ'afzili
661 1453 776 1489 Virgini:
793 1458 882 1488 partu.

255 1515 338 1551 Igitur
349 1514 486 1550 propriam
505 1512 650 1548 imaginem
673 1510 745 1538 bello
765 1509 936 1538 fatiscentem
957 1508 1010 1535 mi-

220 1567 327 1590 seratus
342 1560 468 1592 Creator,
482 1564 510 1588 et
523 1558 602 1586 morti
617 1557 754 1589 traditam.
771 1555 912 1584 inclinavit
925 1555 1010 1582 ccelos

719 189 748 216 S.
770 189 813 216 εγ
820 188 910 216 ltlLLl
923 188 1160 216 ALEXANDRINI
1178 189 1340 218 ARCHIEI’.

1794 188 1859 218 ιιθο

1028 250 1050 278 Δ
1064 249 1183 285 ραμένον
1198 248 1226 275 δὲ
1238 248 1310 276 κατὰ
1326 247 1414 275 πάντα
1433 247 1494 275 καθ’
1504 247 1652 284 ὁμοιότητα
1671 246 1758 283 χωρὶς
1774 247 1860 283 ἁμαρ-

1059 294 1129 327 τίας.
1146 295 1261 330 Ἕτερον
1282 295 1373 322 τοίνυν
1388 294 1420 321 τὸ
1434 294 1482 321 τοῦ
1504 294 1629 330 Ἀϐραὰμ
1653 294 1769 329 σπέρμα
1786 294 1859 329 παρὰ

1059 340 1105 367 τὸν
1126 340 1378 376 ἐπιλαμϐανόμενον
1397 339 1504 368 τούτου.
1518 350 1527 367 ι
1547 340 1665 376 Σπέρμα
1682 339 1712 367 δὲ
1734 340 1858 375 ’Δϐραὰμ

1060 383 1131 413 οἶδεν
1144 386 1158 413 6
1176 386 1310 422 μακάριος
1325 387 1431 418 Παῦλος
1451 387 1497 414 τὸν
1514 386 1630 422 Σωτῆρα
1651 386 1774 421 Χριστὸν
1791 387 1858 412 κατὰ

1061 431 1160 467 σάρκα’
1181 441 1190 458 ι
1202 432 1238 459 Οὐ
1252 432 1307 468 γὰρ
1317 431 1388 465 εἷπε,
1404 433 1480 468 φησὶ,
1492 432 1548 459 Καὶ
1563 433 1621 464 τοῖς
1640 431 1786 467 σπέρμασί
1803 439 1857 463 σου,

1060 477 1098 509 ὡς
1111 477 1157 504 ἐπὶ
1173 477 1286 510 πολλῶν,
1301 478 1357 505 ἀλλ’
1369 478 1406 510 ὡς
1422 478 1463 513 ἐφ’
1477 478 1546 510 ἐνὸς,
1570 478 1627 505 Καὶ
1660 477 1702 513 τῷ
1718 478 1856 513 σπέρματί

1062 531 1119 554 σου.
1134 523 1162 554 ὃς
1180 524 1237 550 ἐστι
1255 524 1382 560 Χριστός.
1398 533 1407 550 ι
1433 524 1490 551 Καὶ
1511 523 1541 550 τὸ
1564 523 1732 559 πειραθῆναι
1754 523 1782 550 δὲ
1799 524 1856 550 καθ’

1060 568 1208 604 ὁμοιότητα
1224 569 1309 605 χωρὶς
1324 569 1472 606 ἁμαρτίας,
1487 569 1517 595 οὐ
1530 568 1577 596 τοῦ
1592 569 1662 596 Θεοῦ
1676 569 1767 604 Λόγου
1781 570 1855 602 ἴδιον,

1061 613 1129 641 ἀλλὰ
1144 614 1192 641 τοῦ
1205 615 1405 650 ἀναληφθέντος
1418 615 1586 651 σπέρματος.

1061 671 1125 698 ΚΒ’.
1143 671 1203 699 Ὀτι
1221 672 1337 706 Ἰησοῦς
1361 672 1499 734 καλὶέθεὸς
1513 672 1610 706 Λόγος
1634 671 1687 699 καὶ
1701 672 1856 707 ἄνθρωπος

1429 715 1520 734 rotat.

1429 715 1520 742 rotat.

1098 760 1191 794 Οὕτως
1204 761 1362 794 ὁθειότατος
1371 762 1487 795 Παῦλος,
1502 762 1548 790 διὰ
1564 763 1657 798 πάσης
1668 762 1721 798 τῆς
1735 763 1855 790 Ἐπιστο·

1061 808 1122 843 λῆς,
1132 808 1182 839 τάς
1195 817 1224 836 τε
1237 808 1291 835 τῶν
1305 808 1413 842 φύσεων
1427 808 1572 844 ἰδιότητας,
1584 808 1632 836 καὶ
1645 808 1695 836 τοῦ
1709 809 1853 845 προσώπου

1062 853 1192 889 κηρύττει
1217 854 1266 890 τὴν
1289 854 1402 882 ἕνωσιν·
1419 853 1460 881 διδ
1476 854 1580 890 Ἰησοῦν
1597 854 1718 890 Χριστὸν
1741 856 1790 882 ut
1808 856 1854 882 ᾶνο

1062 899 1172 935 θρωπον
1197 900 1245 927 καὶ
1267 900 1334 927 Θεὸν
1351 900 1566 936 προσαγορεύειο
1587 910 1598 927 ‹
1615 898 1665 933 Εἷς
1686 900 1754 936 γὰρ,
1774 903 1852 937 φησὶ,

1060 946 1163 982 Κύριος
1178 946 1282 982 Ἰησοῦς
1294 947 1423 983 Χριστὸς,
1435 947 1469 974 δι’
1479 944 1510 974 οὗ
1521 947 1556 974 τὰ
1566 947 1668 974 πάντα.
1680 956 1690 973 ι
1706 947 1764 974 Καὶ
1775 948 1853 975 πάλιν

1060 991 1186 1027 Τιμοθέῳ
1215 991 1349 1028 γράφων
1368 1001 1377 1018 t
1392 989 1441 1024 Εἷς
1459 992 1588 1027 μεσίτης,
1613 993 1698 1027 φησὶ,
1717 991 1786 1018 θεοῦ
1809 992 1853 1019 καὶ

1061 1037 1374 1074 ἀνθρώπων,ᾶνθρωπος
1385 1037 1502 1073 Χριστὸς
1518 1036 1622 1073 Ἰησοῦς
1632 1045 1639 1051 ·
1652 1046 1663 1063 ›
1679 1038 1728 1064 καὶ
1742 1038 1771 1064 ὲν
1787 1038 1852 1073 αὐτῇ

1059 1082 1089 1110 δὲ
1109 1083 1142 1119 τῇ
1167 1082 1237 1118 πρὸς
1253 1082 1414 1120 Ἐϐραίουςυ
1432 1093 1443 1110 ί
1464 1083 1569 1119 Ἰησοῦς
1586 1083 1708 1120 Χριστὸς
1726 1083 1792 1118 χθὲς
1809 1084 1852 1110 καὶ

1061 1130 1183 1166 σήμερον
1195 1130 1209 1156 6
1223 1129 1315 1162 αὐτὸς,
1327 1130 1375 1157 καὶ
1385 1131 1426 1162 είς
1441 1130 1505 1162 τοὺς
1517 1129 1620 1161 αίῶνας
1629 1138 1636 1146 ·
1650 1139 1660 1156 ι
1677 1130 1727 1156 καὶ
1739 1129 1820 1161 ἄλλας
1831 1129 1852 1155 δ’

1060 1174 1094 1201 ἄν
1104 1183 1146 1206 τις
1157 1174 1287 1210 ἐθελήσας
1300 1174 1376 1209 εὖροι
1392 1174 1492 1211 μυρίας
1507 1174 1662 1210 μαρτυρίας
1676 1174 1710 1201 ἐκ
1721 1174 1772 1210 τῆς
1782 1174 1853 1206 θείας

1061 1219 1173 1255 Γραφῆς
1187 1219 1235 1246 τὸν
1254 1219 1357 1246 τέλειον
1368 1219 1510 1254 ἄνθρωπον
1527 1219 1731 1255 κηρυττούσας,
1744 1219 1852 1245 καὶτῶν

1060 1264 1207 1300 αἰρετικῶν
1219 1263 1383 1300 ὲλεγχούσας
1392 1263 1442 1299 τήν
1453 1263 1558 1291 ἄνοιαν.
1571 1263 1642 1290 Ἀλλ’
1654 1264 1723 1299 ἡμῖν
1734 1264 1765 1290 οὺ
1777 1265 1851 1299 σχολὴ

1059 1309 1147 1336 ταῦτα
1161 1309 1301 1344 συλλέγειν
1320 1310 1366 1337 ἐπὶ
1380 1309 1427 1336 τοῦ
1449 1309 1592 1344 παρόντος.
1614 1309 1679 1341 Τοῖς
1703 1309 1852 1344 φιλοπόνως

1060 1353 1150 1381 τοίνυν
1161 1354 1206 1380 τὸν
1222 1355 1301 1382 πόνον
1314 1354 1407 1381 τοῦτον
1419 1353 1625 1387 καταλιπόντες,
1635 1355 1720 1390 ἡμεῖς
1733 1355 1783 1390 τῆς
1796 1362 1852 1390 προ-

1061 1399 1190 1435 κειμένης
1207 1400 1399 1436 πραγματείας
1413 1399 1550 1436 ὲχώμεθα.
1584 1422 1586 1425 ,

1061 1455 1124 1482 Kl".
1141 1456 1211 1490 Περὶ
1223 1455 1279 1490 τῆς
1289 1455 1420 1491 ἀρῤήτου
1433 1456 1489 1491 τῆς
1501 1456 1658 1491 Παρθένου
1671 1455 1852 1492 γεννήσεως.

1096 1511 1246 1546 Τοιγαροῦν
1268 1512 1317 1548 τὴν
1341 1512 1444 1539 οἰκείαν
1470 1513 1561 1540 εἰκόνα
1589 1512 1802 1548 πολεμουμένην
1816 1513 1854 1539 ot-

1061 1557 1173 1592 κτείρας
1196 1557 1210 1583 6
1228 1556 1357 1592 Ποιητής,
1379 1557 1428 1583 καὶ
1454 1557 1563 1593 θανάτῳ
1584 1557 1853 1592 παραπεμπομὲνην,

221 1611 248 1635 et
258 1606 397 1634 descendit
407 1605 440 1638 ",
458 1604 529 1632 haud
541 1610 608 1631 sane
622 1603 711 1630 locum
725 1605 844 1633 mutans,
857 1607 947 1634 neque
956 1599 1009 1626 alio

1065 1602 1166 1629 ἔκλινεν
1192 1603 1334 1638 οὐρανοὺς,
1349 1603 1397 1630 καὶ
1409 1603 1523 1638 κατέϐη,
1551 1604 1583 1630 οὐ
1604 1604 1652 1630 τὸν
1671 1603 1758 1630 τόπον
1779 1603 1854 1638 ἀμεί-

221 1659 252 1679 se
266 1650 452 1684 transferens;
466 1649 567 1677 etenim
581 1647 672 1675 omnia
687 1646 795 1682 implet;
819 1647 873 1674 lmo
888 1645 1010 1673 inﬁnitus

221 1701 274 1730 est,
299 1697 373 1724 nullo
403 1695 518 1723 termino
542 1694 767 1729 comprehensus,
793 1696 945 1725 cuncta,ut
972 1691 1010 1718 ait

221 1743 364 1777 propheta,
381 1749 462 1769 manu
488 1740 631 1768 continens
652 1748 660 1766 :
678 1748 688 1767 ι
705 1739 772 1772 Quis
801 1739 885 1771 enim,
911 1737 1009 1772 inquit,

223 1794 334 1815 mensus
349 1791 391 1814 est
405 1794 485 1814 manu
508 1793 557 1813 sua
582 1792 678 1820 aquas.
701 1789 728 1812 et
744 1783 842 1812 omium
867 1783 966 1818 palmo,
984 1787 1012 1810 et

222 1833 377 1861 universam
391 1838 489 1860 terram
501 1831 631 1866 pugillo"
642 1830 654 1858 ἳ
666 1840 675 1856 ι
687 1829 807 1864 Itemque
814 1829 910 1857 David:
921 1837 930 1854 ι
942 1828 1009 1861 Quia

222 1879 250 1908 in
268 1886 349 1907 manu
373 1878 432 1913 ejus
446 1883 511 1906 sunt
533 1884 627 1905 omnes
650 1875 718 1904 lines
730 1875 855 1903 terra".
871 1884 882 1901 ι
899 1874 933 1902 Et
954 1874 1012 1908 ipse

223 1925 294 1953 Deus
307 1932 356 1960 per
378 1924 536 1959 prophetam
559 1931 568 1951 :
590 1931 600 1949 ι
615 1921 718 1950 leum
743 1921 823 1949 sedes
849 1927 920 1952 mea.
940 1925 1011 1948 terra

223 1976 312 2000 autem
326 1971 473 2000 scabellum
486 1970 583 2005 pedum
603 1976 726 1998 meorum
741 1968 775 1995 τι.
795 1968 884 2002 iErgo
901 1967 1011 2003 s35»:

224 2019 383 2047 descensum
415 2015 673 2045 condescensionem
705 2015 796 2050 potius
814 2014 1009 2052 existimemus.

224 2063 366 2092 lnclinavit
377 2063 468 2097 itaque
480 2061 565 2090 celos
578 2064 606 2088 et
621 2061 770 2091 descendit.
785 2064 812 2087 et
825 2059 948 2095 virgineo
963 2059 1011 2086 de-

225 2111 295 2138 lecto
309 2114 386 2138 utero
407 2115 508 2137 sanetae
527 2107 624 2143 puella:
645 2111 726 2142 atque
747 2106 774 2134 in
793 2111 866 2135 recta
883 2105 1013 2141 religione

224 2156 342 2189 nutrice,
357 2155 480 2190 attgelica
493 2161 560 2183 voce
573 2158 678 2189 partum
691 2153 898 2187 praenuntiante,
909 2155 937 2180 et
947 2159 1011 2180 con.

224 2202 357 2238 ceptionis
373 2201 506 2229 rationem
520 2204 608 2228 ‘autea
625 2199 788 2233 explicante,
806 2197 1013 2232 virgineumque

224 2255 353 2283 pavorem
373 2254 404 2274 ea
427 2246 612 2274 declaratione
632 2245 770 2276 solvente,
794 2244 932 2279 proprium
959 2243 1011 2271 sibi

226 2293 292 2320 facit
304 2295 499 2326 comparatque
511 2291 651 2325 templum,
672 2295 700 2319 et
718 2298 805 2325 neque
821 2296 908 2317 satam
924 2297 1014 2324 neque

227 2339 281 2365 ullo
298 2337 370 2365 cultu
386 2337 546 2372 dispositam
560 2336 612 2364 sibi
629 2336 729 2364 format
744 2336 888 2363 stationem
907 2343 914 2362 :
933 2335 1014 2363 sicuti

226 2383 271 2410 ille
287 2383 333 2416 qui
358 2382 462 2415 primus
477 2381 573 2408 serviit
595 2384 716 2414 poculo,
737 2380 796 2408 sine
817 2384 894 2415 patre
913 2379 1013 2413 fuerat,

226 2435 362 2462 urnamque
376 2426 492 2454 habebat
505 2431 604 2454 terram
617 2432 742 2454 matrem.
766 2435 775 2452 ι
796 2424 918 2461 Sumpsit
929 2425 1013 2458 enim,

227 2473 325 2508 inquit,
347 2473 418 2501 Deus
441 2472 577 2508 pulverem
593 2473 626 2500 de
645 2477 728 2505 terra,
748 2472 941 2507 hominemque
955 2472 1013 2500 for-

226 2521 310 2548 mavit
324 2519 357 2547 ".
376 2529 387 2546 »
406 2518 587 2552 Quamobrem
601 2519 698 2549 beatus
710 2526 818 2554 quoque
837 2518 936 2546 Paulus
951 2519 1011 2546 ait:

228 2575 237 2591 ι
257 2565 364 2594 Primus
377 2565 460 2593 homo
474 2566 507 2592 de
524 2569 595 2592 terra
620 2569 762 2598 terrenus;
780 2565 915 2593 secundus
931 2564 1012 2592 homo

227 2611 356 2640 Dominus
367 2611 401 2640 de
416 2611 487 2639 cmlo
499 2611 533 2638 ’°.
553 2620 563 2637 ι
584 2610 670 2646 Hujus
684 2612 722 2638 rei
739 2611 827 2646 gratia
838 2610 1012 2646 unigenitum

228 2657 275 2684 Dei
291 2656 409 2685 Verbum
422 2664 456 2685 ex
478 2657 535 2684 sola
551 2656 662 2692 Virgine
677 2657 816 2684 materiam
841 2656 949 2684 fabricae
964 2664 1011 2685 su-

228 2708 316 2734 mens.
329 2705 410 2737 atque
425 2703 462 2730 ita
476 2702 646 2730 illaboratum
662 2702 783 2730 fermans
798 2703 936 2737 templum,
949 2701 1015 2730 sibi-

226 2753 281 2781 que
301 2747 407 2779 uniens,
431 2747 518 2782 prodit
540 2755 573 2775 ex
600 2746 719 2782 Virgine.
739 2747 810 2775 haud
835 2747 961 2782 equidem
987 2747 1014 2774 in

228 2797 357 2826 cmiceptu
385 2793 494 2821 solvens
517 2794 666 2828 virgineam
695 2801 803 2826 animm,
833 2801 921 2830 neque
946 2794 1015 2822 hanc

263 2869 285 2883 "
302 2868 382 2896 llehr.
400 2877 438 2899 ιν,
451 2869 491 2896 i5.

531 2870 650 2898 "Calai.
665 2872 755 2901 uniti.

229 2903 251 2917 ”
266 2901 318 2930 lea.
334 2910 379 2937 ιιι..
398 2904 439 2931 l2.

795 2873 815 2887 θ’
829 2871 970 2904 Ιίῖιπ.ι·ιιι,
984 2872 1010 2899 6.

479 2905 500 2920 ⁷³
516 2904 588 2932 l‘sul.
606 2914 677 2940 λων,
694 2907 719 2933 1.
757 2907 778 2923 7"
795 2906 843 2934 lsa.
862 2915 933 2939 Lnt,
947 2915 964 2933 ι.
1003 2907 1025 2923 ⁷⁸
1040 2907 1107 2936 Cen.
1121 2915 1149 2939 ιι,
1166 2908 1190 2933 7.

1059 1648 1124 1683 ψας,
1136 1648 1190 1675 οὐδ’
1201 1648 1319 1684 ἑτέρωσε
1334 1649 1463 1684 μεταϐὰς·
1474 1649 1573 1684 πληροῖ
1585 1648 1640 1684 γὰρ
1653 1649 1688 1675 τὰ
1701 1648 1854 1684 σύμπαντι,

1062 1695 1163 1729 μᾶλλον
1180 1695 1208 1721 δὲ
1221 1695 1335 1730 ἄπειρός
1355 1695 1430 1727 ἐστι,
1450 1695 1498 1721 καὶ
1519 1694 1674 1730 ἀχὼρητος,
1698 1694 1748 1721 καὶ
1771 1694 1855 1720 πάντα

1060 1739 1214 1775 animum
1224 1740 1269 1766 τὸν
1277 1741 1430 1775 προφήτην,
1439 1740 1468 1766 ὲν
1477 1741 1511 1775 τῇ
1521 1739 1675 1775 χειρί.ιΤίς
1685 1739 1754 1775 γὰρ,
1766 1740 1852 1774 φησὶν,

1061 1785 1197 1821 ὲμέτρησε
1211 1786 1245 1821 τῇ
1262 1786 1334 1820 χειρὶ
1356 1785 1439 1812 αὑτοῦ
1461 1785 1492 1812 τὸ
1514 1785 1596 1820 ὕδωρ,
1612 1785 1662 1811 καὶ
1678 1785 1727 1811 τὸν
1744 1784 1854 1820 οὐρανὸν

1062 1831 1203 1868 σπιθαμῇ,
1224 1833 1272 1859 καὶ
1289 1833 1380 1859 πᾶσαν
1394 1831 1444 1867 τήν
1464 1831 1516 1866 γῆν
1530 1830 1630 1866 δρακί;
1643 1840 1654 1857 ι
1673 1831 1734 1857 Καὶ
1751 1831 1853 1857 eam

1061 1878 1142 1906 Δαϐίδ
1152 1887 1158 1893 ·
1173 1887 1184 1905 ι
1197 1878 1258 1905 Ὅτι
1272 1879 1302 1904 ἔν
1313 1879 1347 1913 τῇ
1362 1878 1433 1913 χειρὶ
1443 1877 1526 1904 αὐτοῦ
1537 1877 1574 1904 τὰ
1588 1877 1698 1913 πέρατα
1711 1877 1763 1912 τῆς
1777 1876 1849 1911 γῆς.»

1062 1924 1118 1950 Καὶ
1129 1923 1210 1956 αὐτὸς
1223 1924 1252 1950 δὲ
1266 1925 1280 1951 6
1295 1924 1362 1956 Θεὸς
1375 1923 1418 1950 διὰ
1432 1924 1480 1950 τοῦ
1493 1924 1635 1959 προφήτου
1646 1931 1654 1937 ·
1675 1932 1684 1949 ι
1699 1923 1732 1950 Ὁ
1745 1923 1852 1958 οὐρανός

1063 1978 1114 2006 μου
1134 1970 1242 2005 θρόνος,
1263 1971 1280 2006 ὴ
1305 1970 1334 1997 δὲ
1356 1971 1392 2006 γῆ
1411 1970 1555 1997 ὑποπόδιον
1579 1970 1635 1997 τῶν
1652 1969 1745 1996 ποδῶν
1771 1978 1827 2004 μου.
1841 1979 1850 1995 ι

1062 2016 1167 2044 Οὐκοῦν
1174 2016 1222 2051 τὴν
1233 2016 1383 2044 κατάϐασιν
1392 2017 1533 2052 νοήσωμεν
1541 2015 1762 2050 συγκατάϐασιν·
1771 2015 1852 2042 ἔκλινε

1062 2062 1152 2089 τοίνυν
1167 2063 1308 2099 οὐρανοὺς,
1328 2062 1376 2090 καὶ
1399 2063 1512 2098 κατέϐη,
1528 2063 1576 2089 καὶ
1592 2062 1767 2098 παρθενικὴν
1782 2062 1852 2089 ἔκλι-

1064 2108 1180 2144 ξάμενος
1196 2108 1276 2144 νηδὺν
1288 2109 1371 2145 κόρης
1389 2108 1471 2143 ἁγίας
1485 2109 1532 2135 καὶ
1549 2108 1677 2144 εὐσεϐείᾳ
1689 2107 1853 2144 συντεθραμ-

1066 2155 1162 2190 μένης,
1176 2154 1210 2181 δι’
1222 2154 1372 2189 ἀγγελικῆς
1387 2155 1479 2189 φωνῆς
1500 2154 1546 2180 τὸν
1570 2154 1652 2181 τόκον
1677 2154 1853 2189 προμηνυσά·

1065 2209 1125 2236 σης,
1140 2201 1188 2228 καὶ
1200 2201 1252 2234 τῆς
1266 2200 1422 2236 συλλήψεως
1443 2201 1491 2228 τδν
1504 2200 1606 2236 τρόπον
1629 2199 1853 2235 προερμηνευσά-

1029 2265 1050 2292 D
1066 2253 1126 2280 σης,
1145 2246 1193 2273 καὶ
1213 2247 1262 2281 τῆς
1279 2246 1426 2281 παρθενίας
1441 2246 1488 2272 τὸν
1509 2246 1591 2281 φόϐον
1605 2247 1640 2281 τῇ
1658 2247 1796 2282 ἑρμηνείᾳ
1813 2245 1852 2272 λυ-

1065 2292 1162 2328 σάσης,
1174 2292 1349 2324 εἰσοικίςεταί
1358 2301 1398 2325 τε,
1412 2293 1459 2319 καὶ
1469 2292 1532 2319 ναὸν
1543 2292 1633 2327 ἑαυτῷ
1643 2291 1852 2324 κατασκευάζει,

1064 2338 1112 2364 καὶ
1125 2337 1175 2373 τὴν
1189 2339 1340 2373 ᾶσπαρτον,
1355 2338 1403 2365 καὶ
1415 2338 1546 2373 ἁνήρατον
1561 2338 1666 2373 σκηνὴν
1680 2337 1852 2364 διαπλάττει·

1065 2383 1158 2418 ἐπειδὴ
1180 2384 1195 2410 6
1213 2383 1329 2419 πρώτως
1349 2383 1497 2415 δουλεύσας
1518 2385 1552 2419 τῇ
1578 2383 1721 2419 ἁμαρτίᾳ,
1745 2384 1854 2418 ἀπάτωρ

1063 2427 1204 2462 ἐτύγχανε,
1224 2428 1332 2464 μητέρα
1344 2429 1373 2455 δὲ
1396 2429 1481 2464 μόνην
1498 2426 1556 2464 εἶχε
1568 2429 1619 2464 τὴν
1640 2430 1695 2464 γῆν
1708 2437 1716 2444 ·
1742 2428 1855 2455 «Ἕλαϐι

1065 2473 1130 2508 γὰρ,
1140 2473 1233 2508 φησὶν,
1243 2474 1257 2500 6
1269 2473 1335 2505 Θεὸς
1345 2473 1410 2508 χοῦν
1425 2474 1480 2502 ἀπὸ
1491 2474 1539 2509 τῆς
1553 2473 1621 2509 γῆς,
1633 2474 1683 2500 καὶ
1702 2473 1805 2501 ἔπλασε
1815 2473 1855 2499 τὸν

1064 2518 1219 2554 ἄνθρωπον.
1229 2528 1238 2544 ι
1256 2519 1301 2545 Διὸ
1316 2519 1363 2545 καὶ
1373 2519 1388 2546 6
1411 2519 1546 2555 μακάριος
1568 2518 1675 2550 Παῦλός
1691 2527 1793 2554 φησιν·
1810 2527 1819 2544 ι
1829 2518 1854 2544 '0

1065 2565 1173 2602 πρῶτος
1188 2565 1331 2601 ἄνθρωπος
1348 2566 1380 2592 ὲκ
1400 2565 1451 2601 γῆς
1466 2566 1570 2601 χοῖκδς,
1583 2566 1597 2592 6
1610 2564 1741 2599 δεύτερος
1757 2564 1855 2600 ἄνθρω-

1067 2619 1117 2643 πος
1129 2612 1144 2638 6
1160 2610 1262 2646 Κύριος
1280 2611 1310 2643 ἐξ
1323 2611 1449 2646 οὐρανοῦ.
1463 2621 1472 2637 ι
1490 2611 1592 2638 Τούτου
1609 2610 1692 2646 χάριν
1710 2611 1726 2636 ὸ
1748 2619 1854 2646 μονογε-

1066 2656 1114 2692 νὴς
1133 2656 1182 2683 τοῦ
1196 2656 1264 2683 Θεοῦ
1280 2657 1365 2691 Λόγος
1386 2657 1419 2683 ὲκ
1435 2656 1520 2692 μόνης
1540 2656 1681 2690 Παρθένου
1704 2656 1756 2688 τὰς
1776 2658 1855 2691 ἀφορ-

1065 2701 1118 2737 μὰς
1131 2701 1221 2729 λαϐὼν
1235 2702 1283 2736 τῆς
1297 2702 1480 2733 διαπλάσεως,
1491 2701 1539 2728 καὶ
1553 2701 1640 2736 τούτῳ
1653 2700 1693 2736 τῷ
1705 2703 1802 2737 τρόπῳ
1814 2702 1854 2728 τὸν

1064 2747 1240 2783 ἀγεώργητον
1252 2748 1458 2783 δημιουργήσας
1470 2747 1544 2779 ναδν,
1559 2747 1606 2774 καὶ
1620 2747 1713 2782 ἑαυτῷ
1728 2747 1853 2781 συνάψας,

1065 2794 1188 2829 πρόεισιν
1200 2794 1232 2821 ὲκ
1248 2795 1296 2829 τῆς
1309 2794 1458 2830 Παρθένου,
1470 2794 1500 2821 οὺ
1513 2794 1596 2826 λύσας
1612 2795 1644 2829 τῇ
1663 2794 1797 2830 συλλήψει
1809 2794 1854 2829 τήν

1049 2871 1070 2887 θ’
1087 2871 1095 2897 l
1110 2871 1179 2898 Tim.
1196 2879 1226 2902 ll,
1296 2871 1319 2886 ⁷⁰
1335 2870 1415 2898 Hebr.
1432 2879 1489 2902 xm.
1501 2871 1526 2899 8.

1567 2873 1587 2888 ⁷¹
1603 2871 1623 2898 ΙΙ
1637 2872 1705 2907 lit-3.
1725 2880 1794 2904 ml,
1813 2871 1852 2898 i0.

1230 2907 1252 2922 7°
1266 2907 1273 2933 l
1287 2906 1350 2933 flor.
1367 2914 1408 2938 λιν,
1424 2906 1466 2932 «Π.
