1907 3038
50 183 115 212 ΗῦΙ

643 189 686 217 DE
708 189 968 219 INUARNATIONE
988 189 1116 219 DOMINI.

1628 193 1703 221 1162

49 243 229 281 παρθενικὴν
244 245 344 282 ζώνην,
360 247 391 273 ού
408 247 442 283 τῇ
460 248 588 284 γεννήσει
608 249 775 285 διαρρήξας,
793 249 851 276 ἀλλ’

944 250 1048 278 livitate
1065 250 1235 285 dirumpens,
1259 249 1306 277 sed
1329 248 1494 277 incolumem
1515 249 1704 285 intactamque

49 291 193 326 ἀκήρατον
220 292 269 319 καὶ
290 292 432 328 ἀνέπαφον
459 294 638 329 διαφυλάξας,
659 295 758 323 καὶτὸ
782 296 854 331 μέγα

49 335 131 362 τοῦτο
158 336 212 364 καὶ
237 338 357 374 ἄρρητον
385 338 478 374 θαῦμα
497 340 764 376 θαυματουργήσας⁹
784 340 854 376 μέγα

50 382 105 418 γάρ
118 382 160 418 τῷ
177 383 240 410 ὄντι
254 384 300 411 καὶ
322 385 536 421 άνερμήνευτον,
562 387 609 414 καὶ
632 387 713 422 λόγου
738 387 854 422 δύναμιν

51 429 233 464 ὑπερόαἰνον,
248 431 347 468 βότρυν
361 432 425 459 [δεῖν
438 433 470 460 ὲκ
486 434 538 469 γῆς
550 434 615 461 ἄνευ
629 434 777 470 κλημάτων
792 433 855 469 βλα-

54 476 219 512 στήσαντα,
245 478 318 504 σῖτον
343 478 408 505 ἄνευ
429 480 597 515 σπερμάτων
624 480 727 515 φύντα,
752 481 854 516 χιτῶνα

51 523 137 559 χωρὶς
165 524 300 559 νημάτων
323 525 370 552 καὶ
391 525 491 561 χειρῶν
509 526 665 561 ὑφαντικῶν
686 527 853 563 ὑφασμένον,

52 570 134 606 ἄρτον
157 570 190 597 οὐ
212 570 285 608 μύλῃ
299 571 346 598 καὶ
362 572 440 608 χερσὶ
454 573 501 599 καὶ
518 573 586 608 πυρὶ
606 572 852 609 δημιουργηθέντα,

52 615 109 642 ἀλλ’
121 616 256 652 ἀρρήτως
271 617 303 644 ὲκ
321 617 495 653 παρθενικῶν
516 618 641 654 ἀλεύρων
658 618 854 654 γεγενημένον,

53 661 99 688 καὶ
122 660 176 697 τὴν
207 662 374 698 οἰκουμένην
399 663 575 698 καλύψαντα·
592 664 661 700 πρὸς
683 664 712 691 δὲ
737 664 854 696 τούτοις,

54 706 196 743 Παρθένον
222 707 316 744 οἰκείῳ
334 708 429 744 βρέφει
449 709 535 745 θηλὴν
557 710 719 746 ὀρέγουσαν,
738 710 786 738 καὶ
802 711 854 745 γά-

52 753 151 786 λακτος
173 754 352 790 χορηγοῦσαν
374 756 482 792 πηγὰς,
504 757 551 784 καὶ
575 757 681 793 μητέρα
705 756 857 792 γενομένην

53 800 101 835 τὴν
118 800 215 836 γάμου
239 801 322 837 νόμον
344 802 375 828 οὺ
395 801 559 838 δεξαμένην,
580 803 687 840 μητέρα
705 802 856 838 γενομένην

53 847 101 882 τὴν
119 847 182 880 πῶς
203 847 310 883 γίνεται
334 848 427 884 μήτηρ
449 850 500 876 οὐκ
522 850 720 886 ἐπισταμένην,
749 849 856 886 μητέρα

54 894 209 931 γενομένην
223 895 274 931 τὴν
293 897 410 930 γυναῖκα
427 895 560 932 πρότερον
574 897 605 923 οὺ
623 896 782 932 γενομένην,
797 895 855 922 ἀλλ’

56 941 83 968 ὲν
99 940 243 978 παρθενίᾳ
264 942 311 969 καὶ
327 942 373 970 τὸν
396 942 478 977 ὄγκον
495 943 544 978 τῆς
567 931 693 978 γαστρὸς
704 942 858 969 ἑπιδεικνῦο
874 931 894 959 Β

57 995 116 1019 σαν,
130 987 182 1015 καὶ
204 988 253 1015 τὸν
277 988 383 1024 καρπὸν
404 989 434 1016 ὲν
457 990 518 1021 ταῖς
541 990 620 1024 χερσὶ
644 990 856 1026 περιφέρουσαν,

57 1034 102 1060 καὶ
122 1033 159 1060 τὰ
176 1034 283 1070 μητρὸς
297 1033 496 1071 ἐργαζομένην,
514 1034 673 1071 σωζομένης
687 1035 737 1071 τῆς
752 1035 856 1071 παρθε-

57 1080 127 1112 νίας,
141 1080 192 1106 καὶ
213 1079 349 1117 παρθένον
371 1081 479 1117 μητέρα
499 1081 682 1117 καλουμένην,
697 1082 744 1109 καὶ
757 1083 857 1110 τάναν-

56 1133 100 1152 τια
124 1125 252 1161 ὀνόματά
274 1134 303 1153 τε
327 1127 375 1153 καὶ
400 1128 551 1164 πράγματα
575 1127 646 1155 κατὰ
668 1128 767 1156 ταύτὸν
793 1137 856 1156 συν-

59 1171 125 1206 άγου
129 1180 181 1198 σαν
186 1192 194 1199 .

59 1229 119 1256 KA'.
137 1229 187 1256 Ἑν
202 1230 359 1270 κεφαλαίῳ
370 1229 513 1270 cini-mag
522 1230 575 1270 τῆς
586 1231 662 1270 μετὰ
676 1231 734 1266 τὴν
749 1233 858 1267 γέννη-

238 1273 291 1292 σιν
305 1265 359 1292 τοῦ
371 1265 500 1299 Χριστοῦ
515 1268 681 1300 πολιτείας.

93 1323 189 1356 οὕτως
205 1324 314 1360 τεχθεὶς
325 1326 339 1352 ό
351 1326 491 1361 Δεσπότης
504 1326 621 1362 Χριστὸς
637 1326 680 1362 (οὺ
695 1326 749 1362 γὰρ
759 1327 858 1361 εὐαγὲς

62 1371 130 1406 μετὰ
150 1371 198 1399 τὸν
222 1371 301 1399 τόκον
325 1371 342 1408 ἢ
363 1371 431 1400 Θεδν
454 1371 542 1407 Λόγον
566 1372 646 1408 μόνον
663 1373 745 1400 αὐτὸν
771 1381 857 1408 προσ-

60 1418 202 1454 αγορεύειν
216 1439 225 1451 ,
253 1418 270 1454 ἢ
297 1418 441 1454 ἄνθρωπον
466 1419 681 1455 γεγυμνωμένον
718 1419 856 1455 θεότητος,

61 1463 127 1491 ἀλλὰ
148 1464 282 1500 Χριστὸν,
302 1464 317 1491 ὃ
339 1464 474 1500 ἑκατέραν
497 1464 578 1500 φύσιν
596 1465 647 1500 τήν
665 1473 696 1492 τε
717 1465 858 1492 λαϐοῦσαν

61 1511 104 1537 καὶ
118 1511 168 1546 τὴν
181 1511 333 1546 ληφθεῖσαν
343 1511 419 1546 δηλοῖ
432 1511 453 1545 ),
471 1511 582 1543 πάντως
598 1511 632 1538 τὰ
646 1511 769 1548 ἡμέτερα
788 1511 858 1545 πλὴν

61 1556 109 1591 τῆς
137 1556 281 1593 ἁμαρτίας
308 1557 489 1592 καταδέχεται
521 1556 616 1592 πάθη,
651 1557 858 1592 σπαργανοῦται

904 303 1090 328 conservans,
1111 299 1195 330 atque
1209 295 1244 323 ita
1261 302 1388 330 magnum
1407 296 1458 323 hoc
1474 300 1501 323 et
1521 295 1704 324 inenarrabile

906 347 1018 377 patrans
1038 342 1204 377 prodigium.
1220 341 1326 370 Etenim
1343 349 1470 378 magnum
1494 349 1589 376 reapse
1605 347 1657 375 est,
1677 347 1705 370 et

906 389 1106 424 inexplicabile,
1127 393 1154 416 et
1169 388 1302 416 orationis
1325 388 1378 416 vim
1396 388 1544 422 excedens,
1565 396 1702 416 racemum

905 442 1019 463 cernere
1038 435 1071 463 de
1084 440 1155 462 terra
1171 435 1229 462 sine
1244 433 1401 469 palmitibus
1420 434 1631 470 germinantem,
1649 434 1704 460 fru—

906 484 1025 507 mentum
1037 480 1095 507 sine
1107 479 1257 506 seminibus
1268 483 1370 511 ortum,
1382 480 1504 506 tunicam
1515 479 1575 507 sine
1584 480 1703 506 stamine

906 531 933 554 et
946 526 1007 554 sine
1022 530 1130 553 texente
1146 532 1226 552 manu
1241 529 1417 559 contextam;
1433 532 1532 560 panem
1550 525 1610 552 sine
1632 524 1703 552 mola

907 580 939 600 ac
953 572 1079 600 manibus
1102 576 1129 600 et
1150 572 1212 607 igne
1228 571 1403 605 fabricatum,
1425 572 1473 600 sed
1488 579 1588 600 arcane
1601 579 1634 599 ex
1649 571 1704 598 vir-

907 617 988 653 ginali
1015 618 1102 646 farina
1128 617 1299 651 confectum,
1333 622 1361 645 et
1387 618 1544 646 universum
1574 617 1703 645 mundum

907 663 1105 700 complentem;
1122 668 1258 700 praeterea
1277 663 1416 699 Virginem
1438 665 1549 700 proprio
1570 663 1704 691 inlantulo

908 717 1054 738 mammam
1069 711 1263 746 porrigentem,
1276 710 1410 746 lactisque
1424 710 1514 738 fontes
1526 710 1702 745 praebentem.

908 761 1022 784 matrem
1042 756 1165 785 eﬂ'ectam
1187 764 1249 792 quas
1270 758 1428 792 nuptiarum
1449 756 1535 792 legem
1549 763 1602 784 non
1616 756 1704 783 admi-

907 808 994 837 serat,
1009 809 1135 836 matrem,
1147 800 1267 838 inquam,
1285 803 1409 831 effectam
1426 809 1485 838 quae
1497 803 1634 838 quomodo
1657 801 1704 829 ﬁat

909 855 997 878 mater
1021 850 1182 885 ignorabat,
1207 854 1320 877 matrem
1346 849 1469 884 denique
1493 847 1617 876 ell'ectam
1644 855 1704 883 quae

909 901 1030 925 matrona
1043 901 1123 925 antea
1135 904 1187 924 non
1200 896 1300 930 fuerat,
1309 896 1355 924 sed
1366 895 1393 923 in
1403 895 1559 930 virginitate
1570 899 1704 922 tumorem

908 943 1012 971 ventris
1027 942 1227 975 ostendentem,
1241 942 1355 976 ejusque
1374 941 1493 968 fructum
1508 940 1634 968 manibus
1649 939 1704 968 cir-

909 989 1116 1021 cumfereutem,
1134 993 1161 1016 et
1174 987 1261 1015 ollicia
1277 987 1372 1015 matris
1392 986 1467 1015 salva
1482 986 1639 1021 virginitate
1658 993 1705 1012 ex-

909 1040 1077 1071 sequentem,
1090 1039 1118 1062 et
1134 1041 1196 1062 cum
1212 1034 1307 1062 matris
1318 1033 1428 1061 nomine
1439 1033 1587 1067 virginem,
1600 1035 1703 1066 postre-

909 1089 953 1110 mo
966 1081 1104 1110 contraria
1128 1080 1239 1109 nomina
1257 1084 1285 1108 et
1305 1079 1463 1108 contrarias
1477 1085 1520 1107 res
1534 1077 1615 1106 simul
1629 1084 1705 1105 com—

909 1127 1131 1162 prehendentem.

908 1230 1018 1267 836m
1042 1228 1137 1257 XXIV.
1164 1228 1214 1256 Res
1239 1233 1297 1269 post
1314 1227 1601 1269 Christi-nativitatem
1622 1230 1701 1260 gesta:

1146 1267 1299 1292 summatim
1319 1267 1476 1290 narrantur.

944 1323 991 1351 Sic
1005 1327 1085 1350 natus
1099 1322 1226 1350 Christus
1243 1320 1375 1348 Dominus
1391 1322 1456 1353 (non
1472 1319 1546 1346 enim
1563 1319 1637 1353 pium
1657 1318 1704 1348 sit.

909 1374 969 1405 post
989 1373 1097 1404 partum
1118 1367 1161 1396 vel
1185 1367 1269 1395 Deum
1288 1365 1406 1394 Verbum
1428 1364 1616 1393 tantummodo
1631 1363 1706 1391 illum

910 1415 1056 1452 appellem,
1065 1415 1107 1443 vel
1117 1414 1266 1447 hominem,
1275 1413 1418 1441 divinitate
1428 1412 1570 1444 nudatum,
1578 1410 1625 1438 sed
1633 1410 1709 1438 Chri-

910 1467 968 1490 stus
991 1466 1034 1489 est
1059 1460 1253 1496 appellandus,
1277 1460 1350 1494 quod
1374 1458 1537 1486 vocabulum
1564 1461 1709 1491 utramque

911 1514 1047 1542 naturam,
1057 1513 1085 1536 et
1095 1512 1247 1535 sumentem
1262 1506 1368 1534 scilicet
1381 1510 1408 1534 et
1420 1509 1568 1539 sumptam,
1580 1503 1708 1538 denotat)
1756 1521 1763 1526 .

910 1555 1003 1583 omnia
1024 1559 1119 1582 nostra
1135 1557 1249 1587 excepto
1267 1556 1381 1587 peccato
1396 1551 1505 1586 recipit,
1524 1550 1616 1578 fasciis
1632 1557 1709 1577 more

62 1603 264 1639 παραπλησίως
286 1605 344 1636 τοῖς
366 1604 491 1639 βρέφεσι,
513 1604 561 1631 καὶ
582 1604 700 1639 γάλακτι
719 1605 858 1646 τρέφεται,

944 1602 1057 1629 lantinrn
1081 1600 1238 1632 involvitur,
1259 1599 1330 1627 lacte
1351 1598 1435 1626 alitur
1461 1602 1544 1632 atque
1565 1595 1707 1627 educatur,

64 1648 108 1676 καὶ
120 1649 285 1685 τιθηνεῖται,
302 1649 350 1676 καὶ
373 1650 452 1685 χερσί¹
468 1650 658 1686 περιφέρεται,
678 1651 726 1677 καὶ
748 1651 859 1683 κόλποις

63 1694 207 1728 ὲντίθεται,
225 1695 271 1721 καὶ
287 1694 358 1722 κατὰ
373 1695 456 1730 νόμον
468 1695 673 1731 περιτέμνεται,
687 1696 735 1723 καὶ
752 1696 858 1733 καθαρ-

65 1740 130 1772 σίοις
151 1740 263 1772 θυσίαις
292 1740 466 1776 καθαίρεται,
490 1741 506 1775 ὴ
530 1741 611 1776 καινὴ
644 1742 692 1768 καὶ
718 1743 787 1778 μόνη
810 1743 860 1777 τῆς

64 1785 229 1821 οίκουμένης
245 1785 335 1819 θυσία,
351 1787 366 1812 ὸ
379 1785 428 1812 τοῦ
446 1786 551 1822 κόσμου
568 1787 618 1823 τὴν
634 1787 775 1823 ἁμαρτίαν
791 1789 861 1824 ἄρας

71 1831 168 1867 Ἀμνός
179 1841 185 1847 ·
201 1832 255 1860 ὑπὸ
272 1832 320 1859 τοῦ
337 1832 451 1868 Συμεὼν
467 1834 673 1868 προσκυνεῖται,
698 1833 748 1860 καὶ
765 1834 861 1870 Σωτὴρ

65 1877 131 1912 ὁμοῦ
163 1878 214 1904 καὶ
240 1877 380 1913 Δεσπότης
406 1878 655 1914 προσαγορεύεται·
691 1879 788 1914 φεύγει
816 1880 862 1907 τὸν

73 1921 196 1959 Ἡρώδην
229 1923 299 1958 μετὰ
323 1923 373 1959 τῆς
403 1923 506 1960 μητρὸς
540 1924 588 1951 καὶ
614 1923 661 1951 τοῦ
691 1925 859 1961 κηδεμόνος,

67 1968 273 2004 καταλαμϐάνει
300 1969 349 2005 τὴν
374 1969 530 2004 Αἴγυπτον,
555 1970 738 2006 ἐπανέρχεται
768 1971 860 2004 πάλιν,

67 2015 181 2051 ἀγωνιᾷ,
196 2016 238 2048 εἰς
271 2015 321 2052 τὴν
337 2016 467 2052 Ναζαρὲτ
486 2016 680 2053 παραγίνεται,
702 2017 795 2054 ἡλικίᾳ
814 2019 862 2045 καὶ

69 2060 147 2097 σοφίᾳ
162 2060 325 2095 προκόπτει,
342 2062 398 2094 τοῖς
419 2062 544 2096 γονεῦσιν
558 2062 751 2096 ὑποτάσσεται,
771 2063 862 2099 πάσης

68 2106 149 2142 τιμῆς
163 2107 236 2139 ἀξιοῖ
247 2107 278 2134 οὐ
296 2107 376 2143 μόνον
393 2108 443 2143 τὴν
458 2108 575 2144 μητέρα,
591 2108 660 2136 ἀλλὰ
677 2109 724 2136 καὶ
745 2109 791 2136 τδν
813 2110 862 2145 τῆς

71 2154 172 2190 μητρὸς
195 2154 280 2181 πάλαι
303 2154 353 2190 μὲν
367 2155 521 2190 μνηστῆρα,
547 2155 616 2191 μετὰ
635 2155 722 2182 ταῦτα
738 2156 766 2182 δὲ
783 2156 863 2192 κηδε-

71 2200 138 2235 μόνα
149 2201 199 2227 καὶ
215 2200 336 2235 φύλακα,
352 2200 401 2232 τὰς
415 2201 547 2236 ἐννόμους
560 2201 658 2237 ἑορτάς
677 2201 813 2238 ἑορτάζει,
822 2201 863 2238 τῷ

71 2245 134 2282 ἱερῷ
151 2246 341 2283 προσεδρεύει,
353 2247 404 2283 τὴν
423 2246 573 2282 Ἰουδαῖκὴν
585 2247 692 2283 ἐλέγχει
707 2247 861 2284 παχύτητα³

911 1649 1038 1677 manibus
1063 1647 1266 1679 circumfertur,
1293 1645 1355 1673 sinu
1373 1643 1518 1678 excipitur,
1549 1641 1628 1678 legali
1655 1641 1709 1668 ritu
1759 1660 1763 1667 ι

912 1695 1130 1728 circumciditur,
1143 1692 1303 1729 expiatoriis
1315 1689 1458 1719 sacriﬁciis
1469 1689 1629 1725 puriﬁcatur
1639 1694 1708 1714 nova

912 1746 941 1770 et
956 1742 1038 1770 unica
1056 1740 1151 1769 mundi
1167 1739 1268 1771 hostia,
1279 1739 1373 1773 Agnus
1388 1735 1481 1764 mundi
1497 1738 1639 1770 peccatum
1660 1733 1711 1761 tol-

911 1790 981 1822 lens;
993 1796 1008 1815 a
1019 1788 1146 1816 Simeone
1156 1787 1325 1816 adoratur,et
1336 1784 1466 1812 Servatur
1477 1782 1559 1810 simul
1569 1780 1711 1808 Dominum

911 1844 965 1872 que
976 1834 1140 1871 appellatur.
1154 1832 1236 1865 Fugit
1251 1838 1313 1858 cum
1333 1834 1420 1857 matre
1435 1833 1463 1856 ct
1483 1828 1594 1856 custode
1607 1827 1641 1853 ab
1656 1825 1710 1853 He-

913 1883 994 1914 rode,
1021 1882 1095 1908 venit
1121 1879 1148 1906 in
1178 1877 1345 1913 (Egyptum,
1378 1875 1535 1906 revertitur,
1560 1872 1710 1908 periculum

913 1932 1003 1963 pavet,
1021 1925 1206 1953 Nazarethum
1222 1922 1341 1954 accedit,
1359 1925 1439 1949 actate
1453 1925 1480 1947 et
1495 1919 1628 1955 sapientia
1646 1924 1712 1953 pro-

914 1974 980 2007 licit,
1004 1971 1163 2008 parentibus
1185 1970 1367 2004 obtemperat,
1390 1966 1463 1994 omni
1488 1966 1593 1993 honore
1615 1971 1727 2006 prose-‘1

913 2019 1005 2055 quitur
1017 2024 1072 2044 non
1088 2020 1204 2043 matrem
1220 2012 1419 2044 tantummodo,
1436 2018 1530 2038 verum
1549 2009 1632 2038 etiam
1651 2017 1709 2036 ma-

913 2065 963 2093 tris
978 2064 1042 2092 olim
1056 2062 1164 2098 quidem
1180 2067 1321 2095 sponsum,
1339 2058 1465 2093 posthinc
1478 2064 1542 2085 vero
1557 2060 1711 2084 curatorem

913 2115 995 2146 atque
1010 2109 1161 2140 custodem,
1182 2106 1281 2141 legalia
1297 2104 1366 2132 festa
1388 2103 1518 2136 celebrat,
1537 2103 1566 2130 in
1581 2102 1710 2138 templum

914 2158 1042 2191 frequens
1055 2154 1144 2186 venit,
1161 2152 1335 2181 Iudaicarum
1359 2149 1530 2185 ingeniorum
1553 2148 1710 2176 tarditatem

913 2202 1055 2238 coarguit;
1072 2201 1153 2234 idque
1167 2197 1222 2233 agit
1236 2198 1282 2224 vix
1305 2194 1488 2224 duodecennis
1502 2199 1564 2230 post
1581 2194 1709 2223 nativita.

915 2253 981 2276 tem.
1001 2246 1139 2280 Quaeritur
1154 2251 1170 2272 a
1187 2243 1323 2279 cognatis,
1339 2238 1485 2269 derelictus
1502 2240 1710 2276 reprehenditur

71 2293 117 2319 καὶ
128 2293 210 2320 τοῦτο
222 2294 295 2320 ποιεῖ
308 2292 354 2320 δύο
369 2293 416 2320 καὶ
425 2293 491 2320 δέκα
506 2293 626 2328 γεγονὼς
641 2294 722 2330 μόνον
732 2294 780 2330 ἐτη
793 2294 863 2327 τέως

946 2297 1047 2325 matre,
1063 2291 1165 2319 factum
1182 2289 1314 2321 defendit,
1328 2292 1357 2316 et
1375 2287 1492 2315 latenter
1510 2286 1710 2322 quodammodo

73 2339 141 2373 μετὰ
162 2340 208 2366 τὸν
225 2339 323 2367 τόκον·
341 2339 514 2375 ὲπιζητεῖται
537 2340 613 2376 παρὰ
635 2340 691 2368 τῶν
711 2340 866 2377 προσηκόν-

71 2392 123 2411 των
137 2385 187 2421 (l),
201 2385 380 2421 ἀπολειφθεὶς
397 2385 557 2420 ἐγκαλεῖται
573 2386 649 2422 παρά
673 2387 723 2422 τῆς
746 2387 865 2422 μητρδς,

73 2430 256 2466 ἀπολογεῖται,
282 2432 330 2459 καὶ
343 2431 438 2467 ἠρέμα
452 2440 511 2463 πως
534 2433 711 2468 παραγυμνοῖ
736 2432 786 2468 τὴν
805 2432 867 2459 θεό-

73 2485 150 2510 τητα,
169 2487 179 2503 ι
195 2478 252 2505 Οὐκ
273 2478 362 2505 οῑδατε
384 2478 451 2514 γὰρ,
474 2478 567 2514 φησὶν,
583 2478 665 2505 ὄτιέν
679 2480 735 2510 τοῖς
757 2479 868 2511 οἰκείοις

73 2522 119 2549 τοῦ
133 2523 240 2559 Πατρός
257 2533 309 2559 μου
323 2524 364 2551 δεῖ
376 2522 446 2551 εἶναι
459 2533 511 2560 tte;
532 2535 542 2551 ι
559 2525 673 2557 Δεικνὺς
690 2524 727 2557 ὡς
739 2525 770 2552 οὺ
785 2525 864 2561 μόνον

75 2569 132 2596 ἐστὶ
152 2569 183 2596 τὸ
197 2570 347 2606 ὁρώμενον,
371 2571 440 2598 ἀλλὰ
465 2571 514 2599 καὶ
538 2571 605 2603 Θεὸς
627 2572 656 2598 ὲν
674 2571 715 2607 τῷ
734 2572 865 2607 ὁρωμένῳ

75 2615 276 2651 κρυπτόμενος,
307 2617 475 2653 ὑπέρχρονος
498 2617 550 2648 καὶ
567 2617 731 2652 προαιώνιος
754 2618 786 2644 ἐκ
817 2616 865 2644 τοῦ

76 2660 180 2696 Πατρος
194 2662 349 2698 προελθών·
372 2663 421 2690 καὶ
443 2664 487 2690 ἵνα
505 2663 646 2700 συντόμως
670 2663 753 2698 εἴπω,
776 2673 866 2700 παρα-

77 2707 177 2739 γίνεται
194 2709 262 2744 πρὸς
280 2709 407 2746 Ἰωάννην
425 2711 601 2746 βαπτίζοντα,
621 2711 712 2738 πείθει
734 2711 866 2746 βαπτίσαι

78 2754 306 2790 παραιτούμενον,
331 2759 466 2792 προ-τυποῖ
487 2758 518 2785 τὸ
536 2758 669 2794 ἡμέτερον
694 2759 722 2784 ὲν
742 2757 780 2792 τῷ
801 2758 866 2792 Ίορ-

112 2843 136 2858 ”
152 2844 218 2874 Luc.
239 2854 267 2878 ιι,
288 2845 333 2873 49.

915 2338 1085 2368 divinitatem
1115 2343 1193 2363 suam
1226 2334 1331 2362 revelat
1355 2340 1363 2361 :
1389 2343 1399 2360 ‹
1415 2331 1594 2365 Nesciebatis,
1610 2332 1710 2366 inquit,

916 2385 1045 2421 quoniam
1069 2383 1097 2410 in
1121 2383 1155 2410 iis
1174 2388 1235 2416 quae
1261 2379 1350 2407 Patris
1367 2378 1420 2406 mei
1436 2381 1511 2411 sunt,
1535 2381 1643 2413 oportet
1666 2384 1711 2405 me

916 2439 977 2460 esse
988 2431 1032 2458 "‘2
1050 2440 1059 2456 ι
1073 2428 1236 2464 Signiﬁcans
1251 2433 1280 2455 se
1292 2433 1346 2453 non
1365 2432 1427 2452 eum
1446 2431 1506 2453 esse
1522 2424 1710 2452 tantummodo

916 2478 963 2514 qui
987 2476 1159 2508 cernebatur,
1185 2474 1233 2501 sed
1258 2473 1341 2500 Deum
1367 2477 1476 2506 quoque
1499 2477 1562 2498 esse
1589 2470 1639 2497 sub
1664 2468 1710 2496 illo

918 2527 1029 2560 aspectu
1059 2522 1187 2553 celatum,
1207 2523 1271 2547 ante
1285 2526 1366 2546 omne
1388 2523 1493 2553 tempus
1507 2521 1536 2544 et
1551 2515 1660 2548 saecula,
1676 2522 1710 2543 ex

918 2571 998 2599 Patre
1013 2568 1226 2605 provenientem.
1241 2565 1340 2600 Atque,
1353 2569 1382 2592 ut
1392 2563 1547 2591 summatim
1554 2562 1652 2595 dicam,
1665 2569 1710 2590 ve-

915 2619 955 2646 nit
968 2617 1002 2645 ad
1018 2617 1148 2645 Joannem
1165 2614 1357 2649 baptizantem,
1373 2611 1521 2647 persuadet
1535 2610 1559 2638 ei
1573 2609 1709 2637 recusanti

915 2669 944 2692 ut
966 2670 995 2692 se
1016 2663 1148 2697 baptizet,
1173 2659 1329 2695 prasﬁgurat
1353 2657 1380 2684 in
1404 2656 1523 2685 Jordane
1545 2655 1710 2690 baptismum

915 2707 1143 2740 nostrum,linem
1152 2706 1204 2741 legi
1221 2704 1346 2739 imponit,
1358 2703 1453 2738 gratiae
1465 2701 1578 2737 ianuam
1595 2705 1709 2732 reserat,

915 2763 930 2782 a
944 2754 1025 2781 Patre
1049 2752 1158 2781 caelitus
1180 2750 1342 2786 publicatur,
1360 2747 1479 2784 Spiritus
1495 2746 1638 2781 praesentia
1663 2745 1711 2772 de-

117 2921 152 2957 ti)
172 2922 212 2951 An
237 2923 378 2952 dicendum
400 2924 428 2950 ἐν
451 2923 505 2955 τοῖς
529 2921 674 2957 συγγενέσι
697 2922 742 2948 καὶ
765 2923 793 2949 ὲν
814 2922 863 2953 τοῖς

946 2921 1029 2955 στοῖς,
1045 2921 1114 2949 inter
1145 2924 1267 2954 cognatos
1285 2924 1307 2947 et
1324 2924 1409 2952 notos,
1425 2923 1454 2946 nt
1468 2918 1532 2946 Luc.
1547 2925 1577 2952 ll,
1595 2914 1647 2944 44ιῖ
