1907 3038
214 185 281 212 1463
711 180 739 208 S.
762 179 897 208 CYRILLI
916 176 1151 206 ALEXANDRINI
1171 177 1333 206 ARCHIEP.
1785 178 1853 207 “64

211 247 390 275 monstratur,
406 241 513 269 ducitur
530 241 557 268 in
576 241 713 269 desertum
731 241 805 268 velut
821 241 854 268 ad
877 239 995 267 idoncau

1057 238 1124 274 δάνῃ
1138 238 1294 274 βάπτισμα,
1308 239 1399 267 δίδωσι
1417 239 1494 271 τέλος
1509 239 1547 276 τῷ
1560 240 1648 277 νόμῳ,
1666 239 1716 268 καὶ
1733 239 1784 276 τὴν
1803 239 1851 267 θύ-

211 289 356 323 quaindam
380 288 551 324 palatstram,
577 292 604 314 et
627 287 730 321 jejunat
751 286 860 321 837m
882 286 995 321 quidem,

1059 294 1108 322 ραν
1124 285 1264 320 ὑπανοίγει
1277 286 1329 322 τῆς
1341 287 1463 322 χάριτος,
1477 287 1530 314 ὑπὸ
1546 287 1593 315 τοῦ
1607 288 1719 322 [ἰατρὸς
1737 287 1850 323 οὐρανό-

212 344 267 362 non
283 341 371 362 tamen
387 335 455 361 ultra
468 338 570 360 naturae
582 339 754 365 mensuram;
768 337 795 358 et
809 332 880 360 vesci
893 331 1002 367 quidem

201 382 297 415 cupit,
319 381 493 408 nihilominus
514 378 662 414 appetitum
684 379 802 410 cohibet,
818 385 905 412 neque
923 377 1001 405 volu-

199 415 332 461 ‘ptatibus
346 425 439 453 servit.
458 425 490 452 Et
507 423 585 451 famis
600 424 708 459 quidem
729 431 812 450 causa
823 423 941 451 concitat
955 423 1004 450 ad-

212 470 362 497 versarium
376 471 408 497 ad
423 470 535 503 luctam,
550 476 630 504 quem
643 473 732 496 tamen
748 469 866 496 humana
883 469 1003 503 philoso-

211 517 274 551 phia
299 520 420 551 supcrat,
443 523 497 544 non
523 515 674 542 divinitatis
694 519 845 550 potestate;
873 514 1001 547 luctatur,

211 567 330 596 superat,
344 562 439 594 vineit,
454 558 588 597 proﬂigat,
603 561 771 597 tyrannidem
780 560 914 593 dissolvit,
926 560 1003 587 iuiir-

210 609 333 635 mitatem
350 608 422 635 illius
446 609 624 640 demonstrat,
640 607 797 641 clademque
810 606 973 642 depraedicat
992 613 1000 634 ι

213 663 223 680 ι
235 654 378 686 Contidite,
391 654 487 689 inquit,
503 661 552 689 ego
562 654 612 681 vici
624 653 754 680 mundum
766 653 806 679 ηε
819 662 828 678 ι
846 657 960 680 cunctos
968 653 1001 679 ad

210 701 336 728 virtutem
352 701 483 732 hortatur,
494 700 644 727 divinorum
657 700 811 734 dogmatum
822 699 926 726 tabulas
934 706 1001 726 con-

210 747 260 780 dit,
278 746 432 774 nuntiatum
447 753 495 774 ore
513 746 651 781 prophetae
675 745 879 774 Testamentum
902 753 999 772 novum

211 793 294 819 tradit
306 792 340 825 ⁷⁸,
352 792 481 820 caelorum
497 799 610 827 regnum
622 792 765 827 promittit,
784 791 864 818 cilicii
878 797 1000 819 contem-

211 839 333 873 ptoribus
347 839 476 873 gehennae
497 839 584 874 ignem
603 838 794 866 comminatur.

1056 331 1103 358 θεν
1131 331 1359 367 ἅνακηρύττεται,
1387 334 1424 369 τῇ
1447 333 1584 369 παρουσίᾳ
1611 333 1658 360 τοῦ
1691 333 1850 368 Πνςύματος

1055 378 1207 411 δείκνυται,
1223 379 1355 413 ἀνάγεται
1371 381 1410 412 είς
1422 379 1472 416 τὴν
1488 380 1591 416 ἔρημον
1605 380 1644 413 ὡς
1657 381 1700 412 είς
1716 380 1850 416 ἁρμοδίαν

1052 424 1113 451 τινά
1131 425 1302 460 παλαίστραν
1324 425 1376 452 ὑπὸ
1400 425 1449 453 τοῦ
1468 426 1640 462 Πνεύματος,
1657 427 1708 453 καὶ
1725 426 1849 461 νηστεύει

1053 471 1123 506 μὲν,
1149 471 1182 498 οὐ
1212 471 1284 508 πέρα
1312 472 1341 499 δὲ
1366 472 1419 499 τῶν
1447 473 1555 509 μέτρων
1580 473 1631 508 τῆς
1655 474 1779 508 φύσεως.
1803 473 1849 500 καὶ

1051 518 1153 553 τροφῆς
1170 517 1220 553 μὲν
1235 517 1356 553 ἐφίεται,
1380 519 1449 546 ἀλλά
1473 520 1570 555 κρατεῖ
1591 520 1641 555 τῆς
1664 519 1804 555 ὀρέξεως,
1819 519 1848 545 οὐ

1051 564 1172 591 δουλεύει
1194 566 1254 596 ταῖς
1275 565 1397 601 ἡδοναῖς·
1423 566 1471 593 καὶ
1492 566 1573 592 καλεῖ
1596 566 1647 602 μὲν
1660 568 1694 602 τῇ
1709 567 1791 601 πείνῃ
1805 566 1848 593 τὸν

1051 609 1199 636 ἀντίπαλον
1226 611 1266 642 είς
1290 611 1340 647 τὴν
1370 611 1479 647 πάλην,
1514 613 1686 648 περιγίνεται
1709 613 1740 639 δὲ
1768 612 1848 639 αὑτοῦ

1052 655 1211 692 ἀνθρωπίνῃ
1237 656 1380 694 φιλοσοφίᾳ
1393 679 1400 690 ,
1426 657 1484 685 ἀλλ’
1508 659 1559 685 οὐκ
1581 659 1692 694 ἐξουσίᾳ
1712 659 1845 694 θεότητος,

1053 700 1220 734 ἀγωνίζεται
1232 722 1240 735 ,
1264 700 1477 737 καταγωνίζεται
1491 724 1498 735 ,
1520 705 1584 739 νικᾷ
1597 724 1605 736 ,
1622 704 1765 738 ἐξελαύνει
1778 713 1789 734 .’
1800 705 1846 741 τὴν

1052 747 1198 780 τυραννίδα
1213 748 1361 780 καταλύει,
1385 749 1416 776 τὸ
1427 750 1541 782 ἀσθενὲς
1553 750 1660 786 ἐλέγχει
1673 772 1681 782 ,
1701 751 1753 786 τὴν
1767 748 1845 786 ἧτταν

1054 791 1203 826 κηρύττει·
1224 801 1233 818 ι
1249 792 1383 828 Θαρσεῖτε
1395 793 1460 829 γὰρ,
1477 795 1570 830 φησὶν,
1588 795 1646 830 ἐγὼ
1659 795 1793 831 νενίκηκα
1803 796 1846 822 τὸν

1054 838 1158 873 κόσμον
1178 847 1185 854 ·
1215 848 1225 865 ι
1249 841 1402 876 προτρέπει
1434 841 1539 874 πάντας
1570 843 1611 874 είς
1643 843 1766 878 ἀρετὴν,
1800 843 1846 877 τὴν

211 884 371 919 νομοθεσίαν
386 885 439 912 τῶν
457 885 537 912 θείων
560 884 703 919 δογμάτων
722 885 804 916 ποιεῖ,
826 884 875 920 τὴν
905 884 951 911 διὰ
967 884 1015 911 τοῦ
1039 885 1181 921 προφήτου
1207 886 1420 923 ἐπηγγελμένην
1441 888 1541 924 καινὴν
1555 888 1696 925 Διαθήκην
1729 889 1844 921 δίδωσιν.

210 930 333 966 οὐρανῶν
366 931 506 966 βασιλείαν
534 932 715 966 ὑπισχνεῖται,
743 933 798 963 τοῖς
813 931 959 966 ἀμελοῦσιν
979 931 1086 958 ἀπειλεῖ
1099 932 1149 968 τῆς
1159 933 1273 969 γεέννης
1289 934 1339 968 τὴν
1351 933 1449 969 φλόγα.

240 987 324 1015 XXV.
345 987 547 1023 Compendiaria
563 988 761 1028 Dominicorum
777 988 968 1016 miraculorum

1054 989 1118 1016 KE’.
1145 991 1300 1026 Σύντομος
1319 991 1379 1019 τῶν
1396 993 1588 1029 Δεσποτικῶν
1614 993 1778 1029 θαυμάτων
1804 995 1844 1021 ει-

539 1024 669 1051 narratio.

245 1082 329 1109 Dictis
343 1081 424 1109 ﬂdem
444 1080 511 1108 facit
524 1081 618 1116 grandi
635 1085 740 1116 patrato
754 1082 894 1114 miraculo,
909 1081 1001 1108 vinum

211 1135 306 1162 nempe
322 1127 393 1154 nulla
405 1127 509 1156 cultura
523 1127 686 1162 acquisitum
703 1127 802 1163 nuptiis
815 1128 1000 1163 suppeditans,

209 1171 302 1198 vinum
321 1171 379 1198 sine
398 1170 553 1206 palmitibus
577 1179 611 1199 ex
635 1180 705 1207 aqua
732 1173 891 1205 c0niiciens,
907 1174 1000 1201 vinum

210 1215 312 1249 absque
333 1223 383 1242 uva
405 1215 561 1250 nuptiarum
577 1217 700 1245 convivis
716 1217 844 1252 largiens,
861 1218 888 1245 in
908 1219 1000 1246 vinum

210 1265 318 1287 mutans
335 1267 465 1295 aquarum
485 1267 621 1294 naturam,
642 1262 716 1290 nulla
737 1263 933 1292 interveniente
947 1265 1001 1293 vite

209 1307 351 1334 humorem
372 1313 451 1334 terra:
466 1308 636 1347 depraedans,
660 1314 741 1344 atque
765 1310 802 1337 ita
820 1312 926 1345 nuptias
948 1319 1000 1339 non

209 1352 352 1385 prtesentia
365 1353 562 1386 tantummodo,
579 1361 672 1381 verum
681 1355 763 1382 etiam
778 1357 901 1391 prodigio
916 1357 1001 1385 hono-

210 1404 284 1424 raus.
302 1396 369 1424 Nam
387 1398 450 1433 quia
464 1399 519 1433 ipse
531 1399 563 1427 de
577 1399 696 1435 virginea
714 1401 791 1429 vulva
809 1403 956 1437 prodierat,
972 1408 1000 1431 et

208 1443 392 1477 virginitatem
410 1452 459 1471 usu
480 1445 589 1479 proprio
605 1449 633 1472 et
649 1446 740 1474 verbis
753 1448 910 1481 extollebat,
927 1449 1000 1477 caeli-

208 1488 354 1523 batumque
367 1496 448 1524 opere
468 1498 499 1518 ac
520 1492 692 1520 sermonibus
711 1493 873 1527 honorabat,
891 1503 924 1523 ne
939 1496 1000 1531 quis

210 1535 280 1562 forte
307 1535 462 1570 conjugiutn
482 1537 699 1572 intemperantiae
723 1539 782 1566 loco
803 1539 925 1574 haberet,
948 1549 999 1568 nu-

207 1580 334 1615 ptiasque
358 1589 406 1608 ceu
433 1581 541 1610 illicitas
565 1583 730 1618 traduceret,
753 1585 860 1619 nuptias
874 1585 997 1614 honestat

1387 1028 1508 1063 ήγησις.

1087 1082 1235 1110 Πιστοῦται
1256 1083 1290 1112 τὰ
1302 1085 1438 1120 λεγόμενα
1450 1087 1483 1121 τῇ
1498 1087 1604 1123 μεγάλῃ
1626 1087 1841 1123 θαυματουργία,

1052 1128 1123 1158 οἶνον
1139 1131 1315 1167 ἀγεώργητον
1330 1133 1370 1168 τῷ
1384 1134 1466 1169 γάμῳ
1478 1134 1661 1170 δωρούμενος,
1679 1132 1752 1161 οἶνον
1764 1135 1842 1172 χωρὶς

1052 1177 1200 1212 κλημάτων
1216 1177 1245 1210 ἐξ
1265 1178 1360 1211 ὕδατος
1377 1179 1572 1216 ἐργαζόμενος,
1595 1178 1669 1207 οἶνον
1692 1181 1842 1215 ἀστάφυλον

1051 1223 1108 1254 τοῖς
1131 1222 1178 1250 τοῦ
1204 1223 1293 1258 γάμου
1314 1224 1458 1260 δαιτυμόσι
1487 1225 1680 1262 χαριζόμενος,
1708 1226 1750 1258 είς
1776 1224 1842 1253 οἶνον

1053 1269 1215 1304 μεταὸαλὼν
1231 1270 1286 1297 “Iw
1297 1271 1400 1298 ὑδάτων
1415 1272 1464 1306 τὴν
1479 1271 1571 1306 φύσιν,
1590 1272 1628 1308 μὴ
1647 1273 1842 1308 μεσιτευούσης

1051 1315 1175 1349 ἀμπέλου
1189 1335 1196 1347 ,
1212 1316 1260 1342 καὶ
1282 1317 1332 1351 τῆς
1351 1317 1405 1352 γῆς
1422 1317 1471 1352 τὴν
1495 1318 1586 1345 νοτίδα
1607 1319 1742 1354 συλήσας,
1760 1319 1842 1354 τιμῶν

1051 1361 1096 1387 τὸν
1112 1361 1200 1396 γάμον
1217 1362 1247 1388 οὺ
1261 1363 1293 1397 τῇ
1320 1363 1458 1399 παρουσίᾳ
1473 1363 1563 1398 μόνον,
1579 1363 1647 1391 ἀλλὰ
1664 1365 1712 1391 καὶ
1733 1366 1766 1400 τῇ
1783 1365 1842 1392 eau-

1053 1407 1226 1443 ματουργίᾳ”
1250 1408 1344 1444 ἐπειδὴ
1368 1408 1423 1444 γὰρ
1444 1409 1476 1436 ἐκ
1497 1409 1669 1446 παρθενικῆς
1693 1410 1842 1445 ὲσλάστησι

1052 1453 1157 1488 μήτρας
1170 1473 1177 1486 ,
1201 1456 1247 1481 καὶ
1263 1454 1412 1490 παρθενίαν
1427 1455 1532 1491 ἤσκησε
1553 1465 1583 1482 τε
1605 1456 1654 1483 καὶ
1674 1458 1733 1487 τοῖς
1758 1456 1844 1491 λόγοις

1050 1499 1143 1535 ὲξῆρε,
1157 1500 1206 1526 καὶ
1224 1500 1274 1536 τὴν
1290 1500 1407 1535 ὰζυγίαν
1428 1501 1518 1536 ἔργοις
1532 1503 1580 1529 καὶ
1594 1503 1686 1537 λόγοις
1703 1503 1842 1538 ἐτίμησεν,

1050 1546 1094 1573 ἵνα
1121 1547 1158 1583 μή
1182 1556 1224 1578 τις
1247 1548 1396 1575 ἀκολασίαν
1415 1546 1486 1576 εἶναι
1501 1549 1600 1585 νομίζῃ
1623 1550 1674 1585 τὴν
1699 1550 1843 1585 συζυγίαν,

1050 1593 1097 1619 καὶ
1112 1593 1151 1624 ὡς
1166 1594 1326 1628 παρανόμου
1341 1595 1389 1620 τοῦ
1404 1594 1496 1630 γάμου
1517 1596 1702 1631 κατηγοροίη,
1719 1597 1788 1632 τιμᾷ
1799 1597 1844 1623 τὸν

208 1627 352 1660 praesentia
382 1635 449 1660 sua,
480 1628 610 1656 honorem
645 1630 745 1665 insigni
769 1639 883 1660 munere
905 1638 995 1668 auget.

208 1678 336 1684 ,κη-Νη..
356 1673 610 1684 --φήμη-ην,
662 1682 669 1684 ξ
787 1677 799 1684 ,.
830 1677 846 1684 ,λ
889 1682 905 1684 ,γ
948 1678 964 1684 .,

1050 1638 1139 1672 γάμον
1153 1640 1186 1674 τῇ
1208 1640 1344 1675 παρουσίᾳ
1360 1640 1415 1676 (ί),
1428 1640 1504 1673 αὔξει
1517 1641 1566 1676 τὴν
1586 1642 1670 1677 τιμὴν
1683 1643 1718 1677 τῇ
1731 1642 1779 1668 τοῦ
1793 1642 1843 1669 δὼ-

207 1678 337 1705 sponsum
355 1673 491 1700 anxietate
503 1674 623 1709 expedit,
642 1676 770 1704 convivas
786 1677 850 1704 facit
871 1678 999 1706 attonitos

207 1724 284 1744 novae
308 1717 346 1744 rei
374 1718 535 1753 fragrantia,
564 1728 593 1747 se
613 1720 700 1755 ipSum
728 1721 779 1749 hoc
793 1722 863 1750 dono
892 1724 999 1758 publice

206 1762 374 1790 manifestat.
401 1763 468 1791 Num
493 1765 540 1798 qui
564 1766 725 1794 naturaliter
752 1767 910 1797 illaboratus
928 1775 997 1803 erat,

207 1807 378 1835 illaboratum
406 1809 497 1836 vinum
516 1811 707 1845 suppeditavit.
731 1811 859 1840 Posthinc
881 1819 998 1849 aegrotos

205 1858 295 1885 sanat,
315 1861 440 1881 sermone
463 1856 572 1883 morbos
592 1856 711 1891 resolvit,
730 1863 796 1885 nutu
817 1858 913 1886 liberat
933 1868 996 1895 pas-

206 1900 329 1927 siouibus
346 1899 511 1933 laborantes,
536 1901 716 1930 daemoniacos
733 1903 807 1931 rabie
827 1903 935 1939 liberat,
955 1906 998 1933 fu-

205 1950 297 1973 rentes
317 1946 349 1973 ad
363 1946 484 1980 quietam
500 1952 618 1974 mentem
640 1954 758 1980 revocat,
777 1950 939 1986 paralyticos
953 1959 997 1978 so-

205 1991 281 2023 lidat.
297 1993 451 2019 claudorum
467 1993 548 2027 pedes
559 1993 733 2028 rediutegrat,
750 1996 834 2023 solem
845 1997 902 2024 visu
911 1998 996 2025 cassis

204 2037 314 2072 838m
336 2038 463 2070 ostendit,
481 2038 554 2066 fores
577 2039 703 2067 nimirum
723 2042 846 2075 corporis
870 2043 996 2077 aperiens

205 2090 254 2116 per
263 2090 331 2117 quas
345 2082 442 2109 anima:
453 2083 564 2110 visualis
578 2084 693 2112 facultas
706 2090 783 2113 extra
795 2087 898 2121 prodit;
915 2087 995 2123 idque

205 2129 285 2155 modo
304 2128 361 2156 solo
376 2136 502 2156 sermone
515 2129 611 2163 efficit,
628 2131 707 2158 modo
729 2136 808 2166 sputo
822 2140 855 2160 ac
877 2133 934 2161 luto
949 2135 995 2162 de-

206 2174 339 2201 ﬁcientem
354 2179 457 2208 partem
478 2176 594 2210 supplet,
612 2176 730 2212 facitque
750 2178 845 2211 lutum,
858 2181 930 2214 quod
947 2189 994 2216 per

205 2227 235 2247 se
249 2220 334 2247 oculis
351 2225 393 2247 est
408 2220 546 2253 infestum,
560 2222 698 2250 oculorum
717 2224 861 2259 medicum,
883 2232 911 2254 et
929 2235 994 2255 con-

205 2266 289 2292 trario
304 2265 451 2300 pharmace
464 2266 559 2299 utitur,
583 2272 610 2294 et
630 2275 685 2296 rem
700 2270 810 2298 noxiam
827 2273 934 2300 exhibet
950 2281 991 2301 sa-

206 2310 330 2337 lutarem.
344 2310 461 2338 Auribus
475 2312 509 2338 ab
524 2312 656 2341 audiendo
670 2315 761 2348 dictis,
774 2317 820 2343 sed
836 2322 923 2345 tamen
941 2327 990 2346 au-
1005 2327 1027 2354 Ι)

204 2355 260 2382 ditu
283 2356 449 2390 carentibus,
473 2359 622 2386 naturalem
641 2361 760 2395 impertit
776 2371 863 2392 usum.
893 2365 990 2394 Paucis

203 2401 319 2435 panibus
333 2402 358 2428 in
379 2402 486 2431 deserto
503 2404 585 2433 multa
603 2405 742 2435 hominum
766 2409 848 2437 millia
869 2411 988 2446 satiavit,

203 2447 324 2482 quinque
343 2448 446 2476 scilicet
461 2457 556 2484 panes,
574 2455 702 2486 tauquam
723 2453 750 2480 in
768 2462 861 2482 arvum
884 2464 989 2492 semen,

203 2493 327 2520 manibus
347 2495 465 2527 tradens,
487 2501 514 2523 et
532 2496 629 2533 lingua:
645 2499 858 2529 benedictionem
878 2510 926 2530 ceu
950 2505 987 2532 ri-

202 2545 284 2571 guum
296 2538 416 2566 nimbum
429 2541 577 2573 adducens,
589 2542 699 2570 densam
711 2544 848 2580 altamque
860 2553 988 2583 segetem,

1052 1691 1099 1716 pou
1116 1683 1265 1720 φιλοτιμίᾳ,
1291 1684 1350 1711 λύει
1376 1685 1424 1712 τοῦ
1439 1686 1557 1721 νυμφίου
1577 1687 1627 1722 τὴν
1649 1687 1782 1723 ἀπορίαν,
1799 1689 1843 1715 ἐκ-

1050 1728 1163 1764 πλήττει
1193 1730 1258 1762 τοὺς
1275 1731 1416 1766 συμπότας
1434 1734 1467 1767 τῇ
1491 1732 1539 1759 τοῦ
1563 1733 1658 1759 καινοῦ
1681 1734 1842 1769 πράγματος

1049 1775 1175 1810 εὖοσμὶᾳ,
1193 1777 1289 1802 ἑαυτὸν
1307 1776 1350 1803 διὰ
1371 1777 1417 1804 τοῦ
1433 1777 1519 1813 δώρου
1542 1778 1686 1814 κηρύττει.
1722 1779 1840 1814 Ἀγεώρ-

1047 1829 1130 1855 γητος
1143 1821 1197 1857 γὰρ
1215 1821 1263 1853 ὢν,
1277 1822 1322 1849 τὸν
1335 1823 1512 1859 ἀγεώργητον
1524 1822 1596 1852 οἶνον
1607 1825 1737 1852 δέδωκεν.
1759 1826 1839 1852 Ἐκεῖ-

1049 1867 1095 1894 θεν
1107 1867 1171 1899 τοὺς
1182 1867 1342 1904 ἀρρώστους
1358 1870 1495 1903 ίᾶται,καὶ
1508 1870 1581 1905 λόγῳ
1597 1871 1658 1897 λύει
1669 1872 1721 1903 τὰς
1736 1872 1835 1903 νόσους,

1047 1914 1094 1940 καὶ
1106 1913 1221 1949 νεύματι
1235 1915 1291 1942 τῶν
1307 1915 1403 1942 παθῶν
1413 1917 1579 1944 ἀπαλλάττει
1595 1918 1660 1949 τοὺς
1674 1918 1834 1952 κάμνοντας,

1047 1959 1110 1991 τοὺς
1136 1959 1324 1995 δαιμονῶντας
1349 1962 1400 1997 τῆς
1425 1962 1524 1998 λύττης
1545 1963 1696 1999 ἐλευθεροῖ,
1721 1965 1834 1991 δείκνυσι

1045 2005 1110 2036 τοὺς
1128 2006 1284 2040 μεμηνότας
1306 2007 1519 2043 καθεστηκότας,
1543 2010 1655 2044 σφίγγει
1679 2011 1745 2042 τοὺς
1769 2019 1834 2045 παρ-

1045 2050 1182 2085 ειμένους,
1198 2052 1345 2087 ἀρτίποδας
1360 2054 1424 2085 τοὺς
1437 2054 1542 2089 χωλοὺς
1565 2055 1770 2090 ἀπεργάζεται,
1784 2057 1834 2083 δεί-

1045 2104 1123 2123 κνυσι
1135 2096 1181 2123 τὸν
1197 2097 1273 2132 ¹ἣλιον
1283 2100 1339 2130 τοῖς
1352 2099 1383 2125 τὸ
1398 2099 1507 2134 βλέπειν
1521 2102 1722 2137 ἀφῃρημένοις,
1737 2103 1833 2136 ἀνοίγει

1044 2141 1094 2172 τὰς
1109 2141 1194 2177 θύρας
1221 2143 1268 2169 τοῦ
1283 2144 1410 2180 σώματος
1431 2146 1466 2172 δι’
1479 2143 1516 2173 ὦν
1532 2148 1577 2173 ἐπὶ
1589 2147 1623 2174 τά
1638 2147 1694 2182 ἔξω
1705 2149 1833 2183 διαχεῖται

1043 2187 1074 2213 τὸ
1088 2187 1138 2222 τῆς
1151 2188 1241 2224 ψυχῆς
1257 2190 1380 2223 όπτικὸν,
1397 2192 1445 2218 καὶ
1458 2192 1506 2219 νῦν
1521 2193 1570 2228 μὲν
1588 2193 1661 2230 λόγῳ
1675 2195 1750 2230 μόνῳ
1759 2195 1833 2222 τοῦτο

1044 2235 1125 2265 ποιεῖ,
1139 2235 1185 2261 τὸν
1203 2235 1287 2271 πηλὸν
1299 2237 1345 2264 τὸν
1358 2238 1413 2264 τῶν
1430 2239 1563 2274 ὀμμάτων
1586 2240 1733 2268 ἐπίϐουλον
1746 2242 1833 2278 ὀμμά-

1043 2287 1096 2306 των
1113 2279 1293 2317 θεραπευτὴν,
1306 2283 1351 2309 κα¹ι
1364 2283 1403 2318 τῷ
1427 2284 1549 2320 πολεμίῳ
1572 2286 1716 2322 φαρμάκῳ
1734 2288 1832 2323 κέχρη-

1042 2333 1095 2357 ται,
1109 2326 1156 2352 καὶ
1175 2326 1206 2353 τὸ
1227 2326 1391 2364 δηλητήριον
1416 2330 1596 2366 ἀλεξητήριον
1615 2332 1757 2359 δείκνυσι·
1777 2335 1833 2365 ταῖς

1042 2371 1138 2403 ἀκοαῖς
1152 2371 1343 2408 καλουμέναις,
1355 2374 1385 2401 τὸ
1398 2375 1427 2402 δὲ
1440 2375 1551 2403 ἀκούειν
1563 2378 1771 2413 ἀφῃρημέναις,
1786 2379 1832 2415 τὴν

1042 2416 1145 2444 οἰκείαν
1156 2417 1297 2454 ἐνέργειαν
1307 2420 1570 2457 ὲπιδίδωσι.¹Ἀρτοις
1579 2423 1683 2457 όλίγοις
1695 2425 1832 2461 ὲν¹ὲρήμῳ

1042 2462 1143 2495 πολλάς
1167 2465 1278 2500 ὲκόρεσε
1292 2466 1425 2501 χιλιάδας,
1441 2468 1505 2500 τοὺς
1519 2469 1600 2495 πέντε
1614 2470 1726 2505 ἄρτους,
1740 2471 1830 2506 ὥσπερ

1042 2508 1082 2540 εἰς
1095 2509 1214 2545 ἄρουραν
1233 2511 1345 2547 σπέρμα
1355 2533 1361 2545 ,
1375 2514 1435 2545 ταῖς
1454 2515 1548 2550 χερσὶν
1562 2515 1704 2551 ἐμϐαλὼν,
1721 2517 1770 2543 καὶ
1784 2517 1830 2552 τῆς

1039 2553 1162 2589 γλώττης
1174 2556 1223 2592 τὴν
1235 2557 1361 2592 εὐλογίαν
1376 2556 1432 2587 οἷόν
1446 2569 1473 2586 τι
1487 2561 1567 2594 νέφος
1584 2562 1749 2596 ἐπαγαγὼν,
1765 2562 1829 2589 δασὺ

202 2587 230 2610 et
243 2583 349 2616 plenam
365 2592 456 2614 aream
468 2587 651 2622 apostolorum
665 2598 761 2618 manus
771 2591 860 2620 effecit
874 2602 881 2620 :
899 2601 989 2623 aream

203 2635 252 2640 ,Μ
269 2630 414 2640 ,Μ-,εικιμ
449 2639 471 2640 η
515 2639 518 2640 ,
598 2638 601 2640 .
640 2635 646 2639 .

1048 2583 1086 2625 tat
1107 2583 1174 2634 βαθὺ
1190 2583 1264 2636 λήϊον
1278 2583 1344 2629 slt—
1672 2583 1829 2635 ἀποοπόλων

203 2635 253 2655 nec
269 2630 418 2658 ventilabro
440 2639 491 2659 nec
508 2635 665 2668 purgatorio
689 2641 821 2671 egentem,
843 2647 896 2666 non
920 2641 989 2668 mola

1048 2630 1133 2680 [εἴρας
1154 2630 1310 2682 ἀπέιρηνεν,
1326 2649 1383 2676 am
1397 2630 1684 2687 obarsiiouﬁéopéqu
1706 2654 1756 2680 καὶ
1777 2654 1829 2680 δια-

201 2681 252 2702 nec
267 2680 368 2704 mactra
388 2685 438 2706 nec
453 2678 513 2713 igne
527 2684 573 2707 aut
596 2680 714 2715 clibano,

236 2755 258 2770 "'
269 2754 346 2782 Joau.
359 2763 415 2788 xvi,
429 2756 474 2784 55.
512 2758 534 2773 "
546 2757 646 2786 Jcrem.
659 2767 734 2792 xxxt,
745 2761 789 2788 51.

236 2832 274 2868 (1)
293 2832 422 2873 Eamdem
442 2835 602 2874 sententiam
622 2836 704 2864 habes
723 2837 749 2864 in
769 2845 838 2865 novo
857 2840 937 2868 etiam
955 2847 982 2868 et
1036 2846 1142 2879 septimi
1165 2848 1295 2878 edidimus
1314 2851 1339 2879 in

237 2868 321 2906 prime
341 2876 456 2906 genuino
477 2874 561 2895 sauctt
581 2870 719 2904 Augustini
740 2880 863 2901 sermone
885 2876 917 2902 de
937 2885 982 2903 nu-
1037 2876 1126 2906 ﬁnem.

1046 2888 1126 2909 1118111.

202 2868 321 2904 apprime
341 2868 456 2904 genuino
477 2870 561 2895 sancti
581 2870 719 2904 Augustini
740 2880 863 2901 sermone
885 2876 917 2902 de
937 2885 982 2903 nu-

202 2903 264 2934 ptiis
280 2903 348 2936 apud
364 2903 474 2935 (Lanam,
491 2911 568 2937 quem
587 2903 634 2932 nos
652 2913 684 2933 cx
702 2908 769 2935 miro
787 2909 877 2937 codice
892 2912 982 2939 saeculi

735 2683 783 2710 sed
802 2684 874 2718 ipsos
889 2693 937 2720 per
959 2695 990 2715 se

1048 2691 1165 2726 ιρίσεως,
1181 2695 1211 2720 οὔ
1228 2695 1312 2728 μύτου
1325 2697 1372 2724 καὶ
1395 2697 1520 2733 μάκτρας
1535 2699 1582 2725 καὶ
1598 2699 1687 2734 πυρὸς
1707 2700 1756 2727 καὶ
1773 2700 1828 2727 κλι-

1355 2852 1495 2890 Spicilegio
1515 2854 1605 2890 Rom.,
1633 2863 1651 2886 t.
1672 2859 1738 2894 Vill,
1759 2862 1827 2890 circa
