1907 3038
73 179 82 205 I
89 177 139 204 ιιῑε

650 172 695 201 DE
714 170 974 201 INCARNATIONE
994 168 1123 199 DOMINI.

1633 168 1705 196 “CG

73 235 165 265 σάνου,
190 232 251 260 ἀλλ’
271 231 370 263 αὐτοὺς
394 230 457 262 τοὺς
483 230 583 265 ἄρτους
608 230 743 266 βρύουσάν
762 239 792 257 τε
813 231 879 262 uoti,

950 236 996 257 nes
1022 228 1222 264 germinantem
1239 226 1328 261 atque
1356 229 1536 254 eructantem.
1564 225 1651 261 Atque
1675 232 1706 254 ut

74 278 265 315 πηγάζουσαν·
291 277 337 304 καὶ
358 277 403 304 ἴνα
427 277 456 304 ἐν
476 276 617 311 κεφαλαίῳ
641 276 722 308 εἴπω,
743 270 859 312 σίῖματος

74 326 185 361 ἐστησεν
207 323 319 359 ὀχετοὺς
333 322 383 358 τὴν
407 322 480 349 ἴασιν
495 322 584 348 ἑκοντὶ
604 321 747 357 συληθείς·
774 322 860 357 κόρην

75 373 160 407 ἄωρον
172 370 345 405 ἁρπαγεῖσαν
360 368 412 395 ὑπὸ
423 368 537 395 Θανάτου
550 367 598 394 καὶ
612 367 798 403 πενθουμένην
809 367 861 394 ὑπὸ

76 418 126 445 τῶν
141 417 251 444 οίκείων
269 415 448 450 ἀνθαρπάσας
461 415 517 446 τοῖς
532 415 650 450 φύσασιν
669 414 841 441 ἀποδέδωκεν
852 420 860 429 ·

75 465 166 500 ἕτερον
190 462 299 489 νεανίαν
323 462 363 492 είς
386 461 433 488 τὸν
454 461 539 495 τάφον
559 459 802 496 προπεμπόμενον,
823 460 863 491 είς

77 502 147 545 ζωὴν
161 509 330 543 ἐπανήγαγε,
347 507 394 534 καὶ
410 508 451 538 εἰς
462 506 549 542 χαράν
564 506 594 533 τὸ
606 506 703 537 πένθος
719 505 863 541 μετέϐαλε,

77 555 122 583 καὶ
134 555 180 582 τὸν
196 553 340 588 ἐπιτάφιον
354 553 453 588 θρῆνον
468 554 508 584 είς
519 551 611 587 ὕμνων
629 552 706 586 λόγον
722 551 865 587 γαμηλίων

77 600 171 637 ἔτρεψε
181 608 188 615 ·
204 601 251 627 καὶ
265 599 311 626 τὴν
325 598 431 634 δυσώδη
446 598 544 634 νεκρὸν
569 598 639 634 μετὰ
662 598 797 633 τετάρτην
816 599 866 633 τῆς

78 647 204 681 τελευτῆς
222 647 255 673 ἐκ
269 646 319 681 τῆς
337 645 424 681 θήκης
440 644 569 680 ἐξήγαγε,
584 644 631 670 καὶ
645 644 690 671 τδν
708 643 866 679 πεπεδημέ-

79 703 122 721 νον
135 692 254 729 βαδίζειν
269 691 423 723 ἐκέλευσεν,
436 691 484 718 καὶ
493 689 669 726 παραχρῆμα
683 689 697 716 ὃ
711 698 740 716 τε
750 689 868 720 θάνατος

81 740 287 777 ἐδραπέτευσεν,
312 739 359 766 καὶ
382 740 396 765 ὁ
413 737 508 773 νεκρὸς
528 737 629 772 έδραμε
651 737 703 771 τῆς
719 735 869 770 σηπεδόνος

80 786 263 820 ἀπαλλαγεὶς,
290 785 337 811 καὶ
360 785 410 819 τὴν
439 783 488 818 τῆς
522 783 668 818 σηπεδόνος
698 781 869 815 ἀποθέμενος

81 832 222 863 δυσωδίαν,
243 831 352 863 καὶτὰς
365 829 413 857 τοῦ
429 829 544 857 θανάτου
558 828 644 860 πύλας
659 827 809 862 διαφυγὼν,
821 827 871 853 καὶ

83 879 133 905 ὑπὸ
153 878 208 904 τῶν
222 877 331 912 δεσμῶν
347 877 455 911 τρέχειν
468 876 498 902 οὑ
513 875 696 910 κωλυόμενος,
710 875 757 901 καὶ
768 873 807 909 τῷ
821 874 870 909 μὲν

910 276 993 304 verba
1008 275 1044 303 ad
1064 273 1256 308 compendium
1271 273 1422 304 conferam,
1445 271 1585 307 sanguinis
1601 272 1705 299 ﬂuxum

911 322 1042 355 cohibuit,
1058 322 1174 349 sanitate
1199 321 1233 347 ab
1246 327 1278 347 eo
1296 324 1392 354 sponte
1416 318 1537 354 quidem,
1556 318 1602 345 sed
1628 320 1706 353 quasi

913 369 1018 400 furtim,
1035 368 1193 402 impetrata.
1206 365 1327 393 Puellam
1344 365 1512 399 impuberem
1529 369 1616 391 morte
1629 364 1709 390 abre-

912 419 986 450 ptam
1000 433 1007 446 ,
1023 418 1051 441 et
1063 421 1078 440 a
1094 413 1150 441 suis
1168 412 1303 444 deﬂetam,
1317 411 1437 438 vicissim
1460 410 1590 444 eripiens,
1612 417 1710 444 parent-

914 463 988 489 tibus
1009 460 1137 488 reddidit.
1157 459 1246 486 Alium
1269 457 1467 485 adolescentem
1486 457 1520 483 ad
1541 455 1709 488 sepulturam

915 508 1027 539 elatum,
1043 506 1104 534 vitae
1120 505 1251 536 restituit,
1275 508 1302 531 et
1318 503 1345 531 in
1371 503 1498 538 gaudium
1522 502 1623 528 luctum
1645 508 1711 528 eon-

915 553 1007 584 vertit,
1023 556 1051 580 et
1064 551 1203 578 funebrem
1222 548 1445 577 lamentationem
1461 547 1488 574 in
1505 546 1641 580 nuptiales
1661 547 1710 582 hy-

917 605 994 625 mnos
1014 596 1215 624 transmutavit.
1244 595 1378 622 Praeterea
1411 593 1498 620 fetens
1528 597 1588 627 post
1605 591 1711 626 quatri-

918 645 1000 671 duum
1024 645 1058 670 ab
1074 643 1148 670 obitu
1163 642 1280 669 cadaver
1303 647 1336 668 ex
1355 647 1417 666 arca
1435 639 1538 671 eduxit,
1561 643 1587 665 et
1609 638 1712 664 institis

919 692 1049 726 illigatum
1074 689 1214 717 ambulare
1231 688 1329 724 jussit;
1361 695 1444 722 reque
1470 695 1534 714 vera
1556 686 1714 720 diffugiente

920 743 1016 771 morte,
1032 741 1157 764 mortuus
1171 735 1310 768 discurrit,
1332 734 1476 769 putredine
1498 732 1575 765 liber,
1590 732 1715 767 putredi-

920 784 1017 818 nisque
1043 783 1131 810 fetore
1156 781 1299 816 depositoI
1324 787 1340 807 e
1363 779 1458 807 mortis
1484 778 1576 812 januis
1603 777 1713 804 evasit:

921 834 1003 865 atque
1020 829 1057 856 ita
1072 828 1144 855 haud
1157 826 1214 861 jam
1231 825 1354 860 ligaturis
1369 833 1383 852 a
1399 832 1479 852 cursu
1504 824 1667 859 prohibitus,
1687 829 1716 850 et

922 882 937 901 a
960 874 1072 902 funereo
1087 873 1166 901 faciei
1187 872 1246 900 velo
1270 872 1342 900 haud
1369 871 1468 898 diutius
1489 871 1549 898 visu
1573 870 1714 904 spoliatus,

81 924 127 952 τοῦ
142 907 291 959 προσώπου
314 907 474 957 καλύμματι
497 921 528 947 τὸ
551 907 660 956 βλέπειν
681 907 869 956 ἀφῃρημένος,

950 928 981 948 ne
1002 921 1055 948 ullo
1071 919 1276 955 impedimento,
1299 918 1333 946 ad
1357 923 1511 950 vocantem,
1535 917 1627 953 agnita
1650 923 1716 944 voce

83 969 229 1001 ἀκωλύτως
245 969 273 996 δὲ
286 968 390 1005 τρέχων
407 968 477 1003 πρὸς
496 968 542 994 τὸν
565 967 730 999 καλέσαντα,
755 966 804 993 καὶ
822 965 872 1001 τὴν

84 1015 251 1051 Δεσποτικὴν
266 1013 457 1049 ἐπιγινώσκων
471 1014 574 1049 φωνήν.

86 1075 155 1109 Kq'.
165 1075 226 1101 ’Ότι
238 1073 385 1106 ἑκουσίως
397 1073 433 1100 τὰ
445 1071 578 1106 σωτήρια
588 1071 668 1101 πάθη
679 1069 872 1102 κατεδέξατο.

120 1164 167 1192 Διὰ
182 1163 286 1191 τούτων
302 1162 349 1190 καὶ
362 1162 449 1190 ἄλλων
469 1159 543 1196 [cod.
563 1159 617 1186 τῶν
633 1166 681 1194 pro
694 1156 793 1193 ἄλλων]
807 1156 874 1183 Θαυ-

90 1212 189 1248 μάτων,
203 1210 258 1237 τῶν
281 1207 452 1243 ἐπαγγελιῶν
469 1205 631 1242 ἐμπεδώσας
643 1204 672 1231 τὸ
690 1203 813 1239 μέγεθος,
830 1202 875 1229 καὶ

88 1247 131 1283 τὸν
146 1255 226 1291 χορὸν
239 1254 293 1280 τῶν
307 1251 465 1279 ἀποστόλων
479 1252 518 1282 είς
535 1250 635 1285 ἀρετὴν
651 1247 874 1283 παιδοτριὸήσας,

89 1300 252 1337 προστρέχει
281 1300 338 1330 τοῖς
366 1296 552 1332 ἀναγράπτοις
577 1295 691 1322 πάθεσιν
718 1293 875 1328 ἐθελοντής·

89 1347 219 1378 πολλάκις
247 1345 296 1381 μὲν
318 1343 405 1371 ταῦτα
425 1344 482 1374 τοῖς
511 1343 652 1377 φοιτηταῖς
677 1339 876 1375 προμηνύσας,

89 1394 255 1428 ἐπιτιμήσας
272 1390 300 1418 δὲ
313 1390 350 1426 τῷ
362 1390 470 1424 Πέτρῳ,
483 1387 543 1423 μεθ’
556 1387 653 1423 ἡδονῆς
668 1386 705 1421 μὴ
723 1384 876 1416 καταδεξα-

91 1440 161 1476 μένῳ
184 1439 220 1465 τὰ
234 1438 288 1464 τῶν
310 1435 404 1463 παθῶν
420 1434 578 1469 εὐαγγέλια,
603 1433 650 1460 καὶ
673 1432 762 1464 δείξας
779 1431 816 1461 ὠς
835 1429 880 1456 διὰ

89 1475 188 1513 τούτων
202 1483 383 1520 κατορθοῦται
401 1482 451 1516 τῆς
470 1479 633 1515 οἰκουμένης
651 1480 668 1514 ἡ
684 1477 807 1512 σωτηρία
818 1485 824 1490 ·
838 1475 879 1502 διὸ

90 1533 136 1559 καὶ
146 1535 201 1563 τοῖς
217 1529 376 1558 ἐπελθοῦσιν
395 1527 490 1555 ἑαυτὸν
507 1525 648 1557 ὑπέδειξεν
665 1525 768 1558 λέγων·
787 1533 796 1549 ι
808 1521 880 1557 Ἐγώ

926 967 1075 999 Dominica,
1088 966 1217 993 accurrit.

925 1067 1021 1100 XXVI.
1042 1067 1122 1100 Quod
1142 1070 1234 1100 sponte
1259 1064 1373 1106 (laus)
1397 1063 1542 1092 salutarem
1568 1063 1717 1097 pauioum

1251 1105 1378 1134 exceperit
1383 1117 1392 1126 .
1557 1107 1560 1111 '

961 1158 1008 1186 llis
1021 1157 1136 1192 aliisque
1151 1156 1289 1184 miraculis
1304 1154 1514 1190 promissionum
1534 1161 1645 1181 suarum
1662 1161 1719 1180 ma-

926 1204 1067 1240 gnitudine
1086 1203 1258 1236 conﬁrmata,
1275 1206 1302 1229 et
1317 1201 1502 1236 apostolorum
1520 1200 1605 1227 choro
1620 1199 1654 1227 ad
1665 1199 1720 1228 vir-

928 1254 1011 1277 tutem
1034 1249 1152 1281 erudito,
1177 1252 1273 1282 sponte
1297 1247 1418 1275 accurrit
1437 1247 1470 1273 ad
1492 1253 1539 1273 cas
1554 1253 1614 1281 qu:e
1635 1245 1669 1272 de
1687 1253 1721 1272 eo

928 1297 1035 1330 scripta:
1059 1295 1164 1321 fuerunt
1186 1286 1476 1329 839m'passioncs;
1498 1299 1564 1325 quas
1585 1298 1655 1325 saepe
1678 1291 1720 1318 di-

928 1341 1040 1376 scipulis
1053 1341 1109 1368 suis
1125 1341 1366 1375 prtenuntiaveral,
1387 1337 1469 1365 Petro
1485 1338 1566 1364 etiam
1589 1336 1722 1371 increpito

929 1388 974 1422 qui
998 1387 1068 1414 haud
1092 1386 1208 1413 libenter
1230 1385 1385 1419 passionum
1402 1384 1525 1411 nuntium
1550 1382 1721 1417 excipiebat;

930 1434 1118 1461 demonstrans
1138 1431 1255 1466 denique
1278 1431 1394 1458 salutem
1419 1430 1512 1457 mundi
1528 1437 1575 1463 per
1597 1429 1645 1457 has
1658 1436 1724 1456 con-

931 1478 999 1506 fieri.
1024 1477 1169 1512 Propterea
1198 1481 1225 1504 et
1249 1475 1454 1503 advenientibus
1485 1479 1570 1502 semet
1596 1474 1724 1501 exhibuit.

932 1524 1024 1552 dicens
1041 1532 1049 1551 :
1069 1533 1078 1549 (
1097 1524 1151 1558 Ego
1164 1531 1222 1550 sum
1238 1530 1317 1557 quem
1332 1522 1453 1556 quzcritis
1465 1521 1498 1548 “.
1512 1530 1521 1546 ι
1537 1521 1567 1548 Ει
1581 1524 1725 1548 accusatus

91 1580 145 1614 εἰμι
159 1578 187 1604 ὃν
203 1576 321 1612 ζητεῖτε.
338 1584 347 1601 ι
359 1575 413 1601 Καὶ
425 1572 662 1608 κατηγορούμενος
676 1571 726 1597 οὑκ
742 1570 879 1601 ἀντεῖπεν,

951 1577 984 1598 0n
999 1570 1147 1604 respondit,
1165 1574 1265 1596 etcum
1284 1574 1375 1603 posset
1391 1567 1485 1601 latere,
1504 1566 1608 1599 noluit;
1635 1573 1723 1600 quan-

91 1625 137 1652 καὶ
157 1623 307 1658 δυνάμενος
330 1620 435 1649 λαθεῖν,
457 1619 537 1645 τοῦτο
562 1619 647 1644 ποιεῖν
665 1617 716 1643 οὐκ
736 1616 881 1651 ἠνέσχετο·

92 1672 137 1698 καὶ
152 1670 241 1697 ταῦτα
260 1667 390 1698 πολλάκις
402 1666 484 1702 ἡνίκα
498 1664 635 1700 ἡδουλήθη
650 1662 805 1697 διαφυγών·
815 1661 884 1688 ἀλλά

93 1717 138 1744 καὶ
154 1716 243 1743 κλαίει
260 1714 309 1750 μὲν
323 1713 373 1749 τὴν
390 1710 579 1748 Ἰερουσαλὴμ,
596 1710 633 1741 ὼς
646 1709 677 1745 δὴ
691 1709 741 1744 τῆς
755 1707 884 1740 ἀπιστίας

94 1762 288 1797 ἐπισπωμένης
312 1759 360 1785 τὸν
376 1757 497 1792 ὄλεθρον,
522 1754 742 1790 καταψηφίζεται
766 1753 795 1779 δὲ
815 1761 884 1779 παν-

95 1809 231 1844 ωλεθρίως
253 1807 300 1833 τού
319 1804 538 1840 πολυθρυλλήτου
561 1802 646 1829 πάλαι
666 1800 734 1827 νεώ·
759 1800 884 1835 ἀνέχεται

96 1855 141 1882 καὶ¹
157 1854 204 1880 ἐπὶ
217 1854 305 1888 κάρης
320 1850 400 1887 [cod.
414 1850 499 1884 κόρης
512 1847 523 1883 ]
542 1846 699 1882 παιόμενος,
720 1845 772 1872 ὑπὸ
786 1844 884 1879 διπλῆν

96 1900 217 1927 δουλείαν
231 1897 401 1928 δουλεύοντος
417 1895 490 1931 [cod.
506 1891 690 1928 δουλεύοντες]
704 1890 885 1925 κολαφιζόμε-

97 1955 156 1981 νος,
189 1945 395 1980 ἐμπτυόμενος,
419 1939 628 1974 ὀνειδιζόμενος,
659 1936 884 1973 στρεϐλούμενος,

100 1991 331 2028 μαστιγούμενος,
357 1989 404 2015 καὶ
429 1987 460 2014 τὸ
485 1986 640 2013 τελευταῖον
673 1983 884 2019 σταυρούμενος,

99 2040 144 2066 καὶ
159 2039 307 2074 λαμϐάνων
325 2035 428 2072 λῃστὰς
449 2034 499 2069 τῆς
515 2031 650 2069 τιμωρίας
663 2030 808 2061 κοινωνοὺς
823 2030 887 2055 ἐκα-

98 2085 229 2122 τέρωθεν,
242 2084 289 2110 καὶ
303 2081 476 2117 ἀνδροφόνοις
496 2079 543 2106 καὶ
558 2077 724 2113 κακούργοις
740 2075 887 2102 συνταττό-

102 2120 191 2166 μενος,
209 2131 255 2157 καὶ
267 2129 326 2161 ὅξος
343 2127 391 2154 καὶ
410 2126 490 2162 χολὴν
506 2125 580 2160 παρά
592 2123 639 2150 τοῦ
657 2121 742 2149 κακοῦ
758 2120 887 2156 ἀμπελῶ-

101 2186 143 2209 νος
156 2175 359 2212 καρπούμενος,
381 2173 427 2199 καὶ
444 2171 575 2202 ἀκάνθαις
599 2169 659 2196 ἀντὶ
674 2168 821 2203 κλημάτων
840 2166 888 2192 καὶ

103 2211 222 2259 βοτρύων
255 2220 427 2254 στεφόμενος,
453 2217 500 2244 καὶ
524 2214 670 2251 πορφυρίδι
691 2211 900 2249 χλευαζόμενος,

103 2270 291 2306 ὀρυττόμενος,
304 2268 350 2294 καὶ
362 2266 437 2297 τέλος
452 2265 530 2299 τάφῳ
546 2259 810 2298 παραπεμπόμενος.

933 1624 1013 1652 quant
1037 1615 1089 1642 alio
1114 1623 1165 1642 non
1193 1615 1277 1642 semel
1301 1620 1421 1649 tempore
1448 1613 1582 1648 appetitus
1607 1611 1725 1644 insidiis,

934 1662 1127 1689 declinaverat.
1154 1660 1266 1695 Insuper
1289 1665 1316 1688 el
1339 1660 1490 1687 Jerusalem
1516 1659 1648 1694 deplorat,
1666 1665 1727 1693 qua:

934 1707 1123 1734 incredulitate
1144 1715 1192 1734 sua
1214 1707 1327 1734 exitium
1347 1706 1398 1734 sibi
1421 1706 1607 1739 comparabat,
1632 1709 1659 1731 et
1680 1711 1728 1731 su-

934 1761 1036 1789 premte
1058 1754 1143 1780 ruina:
1158 1753 1259 1780 addicit
1284 1752 1412 1787 templum
1437 1752 1501 1779 olim
1527 1751 1726 1785 famigeratum.

936 1798 1074 1826 Patienter
1085 1806 1191 1833 quoqtte
1207 1806 1236 1825 se
1250 1798 1275 1824 in
1289 1798 1379 1832 capite
1392 1804 1549 1832 percussum
1566 1796 1618 1823 fert
1629 1796 1663 1823 ab
1680 1794 1729 1822 hn-

936 1846 1008 1872 mine
1026 1844 1169 1879 dupliciter
1193 1843 1295 1871 servili.
1318 1843 1495 1877 Exalapatus,
1514 1847 1670 1876 consputus.
1688 1840 1729 1868 vi-

938 1895 1087 1925 tuperatus,
1106 1890 1287 1922 excruciatus,
1312 1888 1473 1922 ﬂagellatus,
1494 1892 1521 1915 et
1543 1891 1678 1922 postremo
1700 1886 1728 1913 in

938 1945 1045 1965 crucem
1059 1941 1147 1969 actus,
1159 1941 1186 1964 et
1201 1936 1289 1963 socios
1300 1934 1425 1969 supplicii
1436 1934 1581 1961 admittens
1592 1931 1729 1966 utrimque

940 1983 1068 2014 latrones,
1091 1987 1118 2010 et
1141 1990 1201 2010 cum
1227 1981 1368 2009 bomicidis
1384 1985 1466 2015 atque
1480 1979 1601 2008 scelestis
1620 1985 1731 2013 compu-

942 2033 1023 2061 tatus,
1041 2034 1201 2062 acetutnque
1224 2032 1250 2055 et
1277 2027 1312 2054 fel
1338 2035 1371 2054 ex
1397 2027 1466 2054 mula
1492 2026 1546 2053 vite
1569 2024 1729 2060 percipiens,

941 2075 1079 2110 spinisque
1097 2081 1146 2109 pro
1163 2073 1319 2109 palmitibus
1335 2077 1415 2108 atque
1435 2072 1553 2100 racemis
1574 2074 1731 2101 coronatus,

940 2122 968 2148 et
992 2128 1110 2156 purpura
1137 2120 1243 2152 illusus,
1272 2119 1429 2153 calamoqm:
1456 2125 1610 2153 percussus,
1639 2116 1733 2144 lancea

941 2168 1012 2194 latus
1028 2165 1179 2201 perfossus,
1193 2170 1220 2192 et
1236 2165 1354 2200 denique
1367 2164 1491 2200 sepulcro
1506 2163 1608 2190 illatus.

940 2212 986 2239 καὶ
1012 2211 1128 2248 καλάμῳ
1156 2211 1323 2247 παιόμενος,
1349 2211 1396 2237 καὶ
1427 2211 1514 2246 λόγχη
1538 2209 1588 2245 τὴν
1613 2207 1735 2243 πλευράν

122 2332 182 2359 KZ'.
204 2331 251 2364 Τίς
265 2329 326 2357 τῶν
341 2325 535 2355 Δεσποτικῶν
550 2322 732 2358 παθημάτων
747 2321 766 2356 ἢ
783 2320 873 2347 αἰτία.

950 2317 1051 2345 XXVII.
1073 2317 1201 2350 Quianam
1221 2314 1367 2343 Dominicis
1387 2312 1517 2347 passionis
1540 2319 1621 2338 causa
1642 2310 1735 2345 fuerit.

145 2385 289 2422 Ύπέμεινε
313 2383 342 2410 δὲ
356 2382 452 2413 ταῦτα,
470 2380 519 2415 τὴν
537 2379 674 2415 ἡμετέραν
697 2374 894 2422 μηχανῴμενος

108 2432 243 2468 σωτηρίαν
253 2439 260 2446 ·
276 2429 370 2465 ἐπειδὴ
387 2429 442 2463 γάρ
457 2427 482 2453 oi
496 2427 529 2461 τῇ
554 2423 678 2460 ἁμαρτίᾳ
698 2421 894 2468 δουλεύσαντες

106 2466 325 2512 τοίς-ἐπιτιμίοις
342 2473 488 2501 ὑπεύθυνοι
511 2471 560 2505 τῆς
583 2468 719 2504 ἁμαρτίας
734 2466 894 2512 ἐτύγχανον,

109 2523 187 2554 αὐτὸς
199 2510 337 2558 ἁμαρτίας
353 2516 575 2555 ἀπηλλαγμένος,
595 2515 642 2541 καὶ
654 2514 699 2541 διὰ
711 2513 801 2548 πάσης
821 2510 896 2558 ὁδεύ-

111 2578 159 2601 σας
183 2557 367 2602 δικαιοσύνης,
386 2565 436 2601 τὴν
461 2564 516 2590 τῶν
541 2560 713 2597 ἁμαρτωλῶν
737 2557 898 2589 κατεδέξατο

111 2616 255 2652 τιμωρίαν,
272 2613 316 2640 διὰ
332 2613 381 2648 μὲν
402 2609 450 2637 τοῦ
474 2607 602 2643 σταυροῦ,
617 2607 666 2641 τῆς
690 2604 808 2635 παλαιᾶς
831 2611 900 2629 κατ-

113 2648 190 2696 άρας.
206 2660 256 2695 τὴν
278 2659 415 2693 ἀπόφασιν
435 2656 505 2682 λύων
528 2664 538 2680 ι
556 2651 691 2688 (Χριστὸς
713 2650 779 2685 γὰρ,
805 2648 898 2696 φησὶν,

114 2695 278 2742 ἐξηγόρασεν
290 2705 363 2741 ἡμεῖς
378 2704 410 2729 ἐκ
428 2702 478 2736 τῆς
499 2700 622 2735 κατάρας
642 2697 690 2724 τοῦ
712 2697 807 2732 νόμου,
823 2695 900 2730 γενό-

117 2761 192 2788 μενος
224 2753 294 2787 ὑπὲρ
311 2750 389 2786 ἡμῶν
407 2748 530 2783 κατάρα·
558 2745 714 2780 γέγραπται
739 2743 803 2778 γάρ·
825 2743 900 2769 Ἐπι-

115 2799 270 2834 κατάρατος
286 2798 339 2829 πᾶς
349 2797 364 2823 ὁ
375 2794 547 2831 κρεμάμενος
563 2792 591 2818 ἐν
611 2790 684 2825 ξύλῳ
697 2789 731 2824 ι),
742 2789 786 2815 διά
798 2788 826 2815 δέ
845 2788 900 2815 τῶν

152 2887 174 2903 ¹⁰
190 2886 265 2915 Ioan.
285 2893 359 2917 xuii,
377 2885 402 2911 6.
439 2884 457 2899 ³⁸
473 2883 559 2910 Gulul.
577 2888 617 2912 Ill,
637 2879 677 2912 15,
696 2879 736 2905 14.

983 2373 1045 2401 Haec
1060 2378 1149 2400 autem
1166 2379 1312 2407 perpessus
1328 2375 1382 2401 est.
1398 2370 1460 2397 dttm
1479 2368 1560 2395 saluti
1578 2370 1677 2394 nostris
1691 2367 1737 2393 dat

946 2427 1068 2455 operam.
1085 2419 1150 2446 Nam
1161 2418 1225 2452 quia
1241 2418 1259 2444 ii
1274 2417 1319 2452 qui
1335 2420 1446 2452 peccato
1457 2414 1619 2446 servierant,
1631 2412 1737 2448 peccati
1785 2427 1788 2430 ν

947 2465 1034 2501 poenis
1050 2465 1111 2492 facti
1127 2468 1206 2492 erant
1215 2463 1336 2495 obnoxii.
1353 2462 1413 2496 ipse
1424 2460 1499 2488 omni
1516 2462 1627 2494 peccato
1638 2457 1750 2484 immu-l

949 2513 1001 2544 nis,
1020 2516 1048 2539 et
1061 2511 1106 2546 qui
1125 2509 1214 2537 omnis
1232 2508 1345 2542 justitite
1365 2514 1474 2535 cursum
1496 2505 1659 2537 confecerat,
1678 2510 1741 2537 peo-

950 2558 1070 2586 cantium
1083 2555 1244 2591 supplicium
1264 2554 1359 2586 subiit,
1377 2553 1478 2580 veteris
1495 2550 1629 2579 maledicti
1643 2549 1739 2576 decre-

953 2607 1008 2630 tutn
1022 2609 1103 2630 cruce
1115 2608 1162 2628 sua
1177 2600 1281 2627 delens.
1297 2598 1443 2626 «Christus
1456 2597 1539 2629 enim,
1554 2596 1642 2631 inquit
1657 2595 1741 2630 (Pau-

953 2649 1020 2684 lus),
1038 2656 1087 2675 nos
1102 2647 1218 2674 redemit.
1231 2646 1264 2673 de
1279 2645 1422 2673 maledicto
1437 2644 1516 2679 legis,
1529 2643 1616 2670 factus
1631 2648 1680 2676 pro
1690 2649 1741 2668 no-

953 2695 996 2722 bis
1017 2693 1217 2722 maledictum:
1241 2691 1305 2726 quia
1332 2691 1463 2724 scriptum
1487 2694 1529 2716 est
1550 2697 1558 2716 :
1584 2687 1742 2715 Maledictus

953 2740 1043 2768 omnis
1057 2739 1104 2774 qui
1122 2738 1219 2774 pendet
1233 2737 1260 2764 in
1277 2737 1350 2772 ligno
1364 2736 1403 2768 “;
1424 2744 1433 2761 ι
1450 2735 1542 2769 spinea
1559 2741 1621 2761 vero
1643 2739 1742 2760 corona

954 2787 1034 2815 finem
1047 2785 1142 2814 Adami
1156 2783 1294 2820 suppliciis
1307 2783 1458 2817 imponens.
1479 2780 1586 2808 Etenim
1605 2784 1663 2814 post
1680 2786 1743 2813 poc-
