1907 3038
156 135 223 163 1467

668 140 696 168 S.
718 140 857 169 CYRILLI
871 141 1106 170 ALEXANDRINI
1125 141 1285 171 ABCHIEP.

1722 131 1806 160 1568

157 198 246 220 calum
263 193 308 222 ille
323 194 447 224 audierat
463 206 470 226 :
491 206 500 223 ι
515 196 656 225 Maledicta
675 202 747 226 terra
772 199 800 226 in
816 199 943 234 operibus
957 228 958 233 η

1017 200 1133 232 κανθῶν,
1146 199 1222 231 τέλος
1242 196 1329 228 nam
1349 196 1409 227 ταῖς
1427 193 1513 230 Ἀδὰμ
1528 190 1679 229 τιμωρίαις
1701 189 1803 225 (μετὰ

159 238 213 266 tuis
230 247 237 266 :
255 241 348 273 spinas
375 246 401 269 et
423 242 535 270 tribulos
557 244 718 278 geminabit
735 244 784 272 tibi
797 245 831 272 “.
847 254 858 271 ›
875 245 948 273 Folle

160 286 369 315 amaritudinem
391 296 422 315 ac
441 289 591 316 molestiam
614 290 737 318 mortalis
758 291 949 327 passibilisun

160 330 301 358 hominum
325 332 384 359 vitae
402 333 428 359 in
452 340 482 360 se
505 333 615 368 recepit.
642 335 726 362 Aceto
750 334 892 362 hominum
919 335 947 363 in

162 375 237 410 pejus
255 378 429 405 mulationem
446 378 500 412 ipse
517 379 567 406 sibi
584 379 735 414 imputavit,
748 383 776 407 et
790 379 823 406 ad
838 379 948 407 meliora

162 423 279 449 reditum
302 423 413 458 largitus
426 421 480 451 est;
496 424 618 460 Purpura
641 433 753 461 regnum
777 425 948 461 signiﬁcavit.

162 467 282 505 850m
305 469 409 497 calamo
433 470 616 498 inﬁrmitatem
640 470 869 506 fragilitatemque
900 478 950 507 po-

164 514 254 540 tentia:
269 513 367 541 diaboli
386 515 485 548 innuit,
508 515 586 550 alapa
610 518 731 544 nostram
750 516 898 552 publicavit
918 517 951 544 li-

164 559 307 593 bertatem,
322 560 398 589 nobis
414 561 518 590 debitas
535 562 653 591 tolerans
668 563 725 598 ipse
747 563 871 597 injurias,
891 570 952 591 cor-

164 606 299 634 rectiones
312 613 392 642 atque
401 608 502 643 plagas.
513 607 606 643 Latus,
614 617 691 644 aeque
705 617 738 637 ac
748 609 881 643 Adamus,
889 617 952 645 per-

165 651 263 686 fossus,
286 660 340 681 non
357 659 446 682 tamen
471 654 598 682 feminam
625 655 687 683 inde
701 660 885 691 emergentem
905 663 953 683 es-

165 698 269 732 hibeus,
286 707 345 734 qua:
372 706 486 728 mortem
510 709 560 729 suo
584 709 677 730 errore
691 702 794 738 genuit,
819 703 867 730 sed
891 703 954 730 vita

165 743 265 772 iontem
278 746 323 780 qui
337 746 435 782 duplici
453 748 537 775 rivulo
550 749 678 776 mundum
689 749 808 785 viviﬁcat
818 757 826 782 ;
838 756 953 783 quorum

165 790 233 817 alter
249 791 274 818 in
292 792 451 826 baptisterio
470 801 519 821 nos
543 799 656 821 renovat
671 798 700 822 et
722 794 868 822 immortali
884 794 954 822 stola

166 837 257 869 vestit,
280 837 347 865 alter
362 839 469 874 genitos
486 839 534 867 alit
551 841 577 868 in
602 841 693 868 divina
714 847 819 874 mensa,
840 848 888 869 ceu
914 841 956 868 lac

166 883 303 917 parvulos.

998 246 1052 282 γὰρ
1068 246 1117 281 τὴν
1134 244 1274 281 ἁμαρτίαν
1290 243 1363 279 lead.
1376 239 1663 277 τιμωρίαν],ήκουσῑν
1675 237 1807 266 ἐκεῖνος·

1001 301 1011 318 ι
1036 291 1252 326 Ἐπικατάρατος
1268 291 1284 325 ἡ
1301 289 1336 324 γῆ
1353 289 1383 315 ὲν
1396 288 1453 319 τοῖς
1468 286 1561 322 ἔργοις
1589 292 1649 316 σου,
1670 282 1807 312 ἀκάνθας

999 338 1047 365 καὶ
1068 337 1210 374 τρισόλους
1233 335 1360 364 ἀνατελεῖ
1374 342 1416 361 σοι
1433 333 1470 369 ι),
1485 332 1529 360 διὰ
1545 332 1575 360 δὲ
1596 331 1648 366 τῆς
1661 329 1748 365 χολῆς

1000 384 1098 419 πικρὸν
1113 384 1160 410 καὶ
1173 383 1302 410 ἐπίπονον
1317 381 1368 416 τῆς
1388 379 1490 416 θνητῆς
1509 378 1556 406 καὶ
1572 376 1702 412 παθητῆς
1721 373 1806 408 ξωῆς

1000 430 1055 457 τῶν
1072 429 1226 465 ἀνθρώπων
1240 430 1280 460 είς
1296 427 1391 454 ἑαυτὸν
1404 425 1623 461 ἀναλαμϐάνων·
1642 422 1688 450 διὰ
1702 422 1733 448 δὲ
1749 420 1803 447 τοῦ

1000 473 1078 506 ὄξους
1101 474 1152 508 τὴν
1175 474 1221 500 ἐπὶ
1235 473 1265 500 τὺ
1279 473 1369 508 χεῖρον
1393 472 1448 499 τῶν
1470 469 1622 506 ἀνθρώπων
1640 466 1804 504 μεταϐολὴν

1001 519 1081 549 αὐτὸς
1103 518 1260 553 δεχόμενος,
1281 517 1328 545 καὶ
1343 517 1393 553 τὴν
1407 517 1449 549 είς
1464 516 1495 543 τὸ
1512 516 1638 551 κρεῖττον
1664 512 1805 540 ἐπάνοδον

1001 564 1199 601 χαριζόμενος’
1233 565 1267 599 τῇ
1292 562 1439 599 πορφυρίδι
1466 561 1611 598 σημαίνων
1639 559 1692 595 τὴν
1719 558 1803 594 βασι-

1002 610 1092 644 λείαν,
1116 610 1155 646 τῷ
1171 610 1287 645 καλάμῳ
1308 609 1338 636 τὸ
1357 608 1470 641 ἀσθενὲς
1490 608 1539 635 καὶ
1565 607 1664 643 σαθρὸν
1681 606 1733 641 τῆς
1752 604 1803 631 τοῦ

1002 656 1128 685 διαϐόλου
1148 657 1289 691 δυνάμεως
1301 655 1487 691 αἰνιττόμενος
1497 673 1505 686 ,
1519 653 1559 688 τῷ
1576 652 1734 690 ραπίσματι
1751 649 1804 686 τὴν

1003 703 1141 739 ἡμετέραν
1153 702 1298 738 κηρύττων
1322 701 1490 736 ἐλευθερίαν,
1511 699 1562 732 τὰς
1577 697 1719 735 ἡμετέρας
1735 697 1805 722 ﬁm-

1007 749 1095 785 μένων
1117 749 1210 785 ὕϐρεις
1225 769 1234 780 ,
1259 748 1307 776 καὶ
1326 747 1466 779 παιδείας,
1491 747 1540 774 καὶ
1566 745 1716 781 μάστιγας.
1746 742 1804 776 τὴν

1006 794 1127 832 πλευρὰν
1149 794 1190 830 τῷ
1212 794 1299 830 Ἀδὰμ
1322 793 1514 830 παραπλήσιον
1538 791 1723 826 νυττόμενος,
1745 788 1803 815 ἀλλ’

1006 842 1037 868 οὐ
1055 842 1175 876 γυναῖκα
1195 840 1344 874 προϊοῦσαν
1364 839 1470 867 ἐκεῖθεν
1485 838 1604 870 δεικνὺς,
1619 837 1667 864 τδν
1686 835 1804 862 θάνατον

973 881 994 908 Β
1008 887 1052 914 διὰ
1072 887 1123 922 τῆς
1142 886 1250 922 ἀπάτης
1270 887 1451 922 γεννήσασαν,
1468 885 1536 912 ἀλλά
1551 883 1646 919 πηγὴν
1667 881 1746 916 ζωῆς
1764 879 1804 914 τῷ

166 929 252 965 διπλῷ
269 932 369 967 νάματι
386 932 435 967 τὴν
451 933 614 968 οίκουμένην
637 933 841 969 ζωογονοῧσαν’
865 929 904 962 ὧν
922 933 954 961 τὸ
973 933 1023 969 μὲν
1038 934 1112 969 ἡμᾶς
1129 935 1159 961 ἐν
1192 932 1373 969 κολυμϐήθρᾳ
1403 932 1530 964 νεοποιεῖ,
1555 930 1603 957 καὶ
1617 929 1653 964 τῇ
1674 925 1803 961 ἀθανάτῳ

167 978 326 1013 περιϐάλλει
342 979 422 1016 στολῇ
435 988 441 995 '
458 981 489 1007 τὸ
510 981 538 1007 δὲ
560 981 657 1017 τρέφει
671 982 852 1018 γεννηθέντας
871 983 900 1009 ὲν
919 982 953 1017 τῇ
973 981 1096 1018 τραπέζῃ
1109 983 1142 1018 τῇ
1157 981 1228 1017 θείᾳ,
1245 981 1374 1016 καθάπερ
1387 979 1423 1007 τὰ
1440 979 1529 1015 βρέφη
1543 977 1573 1005 τὸ
1589 977 1673 1012 τάλαι

167 1046 284 1076 Χχνιιι.
314 1047 390 1080 Quod
407 1055 440 1074 ea:
451 1046 551 1109 Christ:
578 1049 737 1109 errantibus
768 1049 840 1077 salus
863 1052 954 1076 nostra

503 1091 535 1109 or
548 1091 564 1109 a
576 1091 598 1109 si
614 1103 621 1109 .

503 1091 564 1110 orta
576 1091 621 1110 ΙΙΙ.

202 1149 352 1177 Pbarmaca
373 1149 464 1185 itaque
480 1155 573 1178 nostra
595 1155 658 1178 sunt
684 1151 840 1181 Servatoris
871 1153 960 1181 nostri

169 1197 313 1224 cruciatus.
329 1196 405 1230 Quod
419 1197 548 1232 propheta
557 1198 658 1225 docens
676 1198 714 1225 ait
728 1207 735 1225 :
752 1208 761 1224 ι
773 1197 833 1233 Ipse
847 1204 960 1234 peccata

169 1247 260 1270 nostra
280 1241 391 1276 perfert,
409 1247 437 1269 et
452 1249 501 1276 pro
513 1242 589 1270 nobis
605 1242 677 1270 dolet
695 1253 702 1271 :
718 1252 767 1272 nos
781 1251 868 1272 autem
880 1252 960 1280 repu-

170 1288 285 1315 tavimus
305 1289 366 1315 eum
394 1288 421 1315 in
450 1288 543 1316 labore
562 1293 589 1315 et
607 1288 684 1324 plaga
708 1293 789 1325 atque
817 1290 961 1318 afﬂictione

170 1334 283 1361 versari.
302 1332 360 1369 Ipse
380 1334 536 1362 vulneratus
551 1339 592 1362 est
606 1340 716 1370 propter
728 1341 839 1371 peccata
856 1342 959 1370 nostra,

171 1379 279 1407 attritus
294 1385 336 1408 est
355 1384 464 1415 propter
481 1380 584 1407 scelera
599 1385 690 1408 nostra
709 1389 717 1410 :
731 1381 874 1417 disciplina
886 1382 962 1417 pacis

172 1431 272 1453 nostra
285 1433 366 1462 super
382 1433 443 1453 eum
459 1435 465 1453 :
484 1426 569 1453 livore
581 1426 640 1461 ejus
669 1434 718 1453 nos
746 1427 834 1454 sanati
857 1435 962 1456 sumus.

172 1473 273 1499 Omnes
292 1473 370 1507 quasi
385 1480 450 1500 oves
469 1472 620 1500 erravimus
637 1481 644 1505 ;
666 1473 726 1500 ideo
753 1478 880 1508 tanquam
904 1474 963 1503 ovis

173 1520 206 1547 ad
217 1519 379 1546 occisionem
398 1519 494 1546 ductus
503 1522 553 1551 est,
569 1524 596 1546 et
611 1519 682 1546 sicut
695 1525 780 1553 agnus
797 1526 888 1546 coram
905 1525 964 1546 lon-

173 1566 254 1593 dente
275 1573 305 1593 se
326 1566 462 1593 obmutuit
475 1564 509 1593 ⁸⁸.
530 1573 539 1591 ι
566 1565 599 1592 Et
620 1565 691 1593 sicut
708 1569 801 1600 pastor
827 1565 964 1600 dispersas

172 1619 237 1641 oves
250 1619 374 1644 cernens,
396 1619 475 1639 unam
490 1619 522 1639 ex
539 1612 635 1639 ovibus
662 1619 742 1638 manu
771 1616 875 1644 tenens,
891 1617 919 1639 et
930 1612 963 1640 ad

1007 1047 1076 1074 KH’.
1093 1046 1159 1074 Ὅτι
1171 1045 1221 1073 διὰ
1232 1045 1292 1072 τῶν
1310 1044 1363 1072 τοῦ
1379 1043 1508 1079 Χριστοῦ
1521 1042 1626 1070 παθῶν
1641 1042 1661 1076 ἠ
1676 1042 1804 1077 ἡμετέρα

1268 1080 1373 1116 γέγονε
1396 1079 1540 1113 σωτηρία.

1043 1149 1180 1185 Φάρμακα
1192 1148 1282 1176 τοίνυν
1309 1146 1384 1174 ἐστὶν
1408 1146 1531 1182 ἡμέτερα
1556 1143 1591 1171 τά
1609 1143 1659 1171 τοῦ
1681 1143 1806 1178 Σωτῆρος

1009 1195 1088 1232 ήμῶν
1103 1195 1273 1231 παθήματα·
1298 1194 1347 1220 καὶ
1370 1193 1449 1220 τοῦτο
1471 1192 1605 1220 διδάσκων
1624 1192 1640 1218 ό
1662 1191 1806 1227 προφήτης

1011 1242 1061 1278 βοᾷ
1072 1251 1078 1258 ·
1100 1252 1110 1269 ‹
1124 1242 1211 1274 Αὐτὸς
1235 1241 1286 1274 τάς
1311 1241 1448 1276 ἁμαρτίας
1465 1239 1545 1276 ἡμῶν
1560 1239 1651 1275 φέρει,
1668 1239 1718 1265 καὶ
1739 1238 1806 1272 ὑπὲρ

1010 1288 1088 1324 ἡμῶν
1101 1288 1228 1316 ὁδυνᾶται
1238 1295 1245 1302 ⁸
1261 1288 1342 1323 ήμεῖς
1355 1287 1383 1314 δὲ
1397 1286 1582 1322 ἐλογισάμεθα
1595 1286 1679 1313 αὐτὸν
1693 1284 1764 1312 εἶναι
1777 1286 1804 1311 έν

1010 1334 1095 1370 πόνῳ,
1114 1334 1162 1361 καὶ⁵
1185 1334 1215 1362 ὲν
1240 1333 1346 1369 πληγῇ,
1374 1333 1422 1360 καὶ
1448 1334 1477 1360 ὲν
1498 1332 1638 1359 κακώσει·
1669 1331 1755 1363 αὐτὸς
1780 1330 1806 1357 δὲ

1011 1381 1217 1418 ἐτραυματίσθη
1231 1381 1276 1408 διὰ
1289 1381 1340 1413 τάς
1357 1381 1496 1417 ἁμαρτίας
1509 1379 1600 1416 ήμῶν,
1618 1379 1668 1406 καὶ
1683 1378 1806 1414 μεμαλά-

1011 1435 1104 1454 κισται
1119 1427 1164 1454 διά
1178 1427 1228 1459 τὰς
1238 1426 1355 1462 ἀνομίας
1367 1426 1447 1462 ἡμῶν
1459 1435 1465 1441 -
1481 1425 1592 1452 παιδεία
1604 1425 1719 1460 εἰρήνης
1731 1423 1806 1459 ήμῶν

1015 1473 1058 1499 ἐπ’
1069 1473 1144 1508 αὐτῷ
1156 1481 1163 1488 °
1181 1472 1220 1507 τῷ
1235 1472 1350 1508 μώλωπι
1365 1472 1447 1499 αὑτοῦ
1462 1473 1544 1507 ἡμεῖς
1556 1471 1672 1505 ἱάθημεν
1683 1479 1692 1486 ·
1710 1470 1805 1501 πάντες

1012 1519 1050 1551 ὡς
1065 1518 1192 1554 πρόόατα
1206 1518 1410 1554 ὲπλανήθημεν,
1423 1517 1463 1544 διὸ
1474 1518 1512 1550 ὡς
1527 1516 1666 1552 πρόϐατον
1677 1515 1726 1542 ἐπὶ
1741 1523 1806 1549 σφα-

1012 1564 1064 1599 γὴν
1090 1564 1173 1600 ήχθη,
1200 1565 1248 1592 καὶ
1268 1564 1307 1596 ὡς
1336 1564 1422 1599 ἀμνὸς
1446 1563 1568 1590 ἐναντίον
1593 1562 1641 1590 τοῦ
1668 1562 1806 1598 κείραντος

1013 1609 1095 1636 αὑτὸν
1110 1608 1227 1644 ἄφωνος,
1245 1619 1254 1635 ι
1280 1610 1336 1637 Καὶ
1359 1609 1484 1644 καθάπερ
1505 1609 1607 1644 ποιμὴν
1627 1608 1664 1634 τὰ
1688 1607 1808 1644 πρόϐατα

173 1658 301 1692 placitum
316 1658 366 1685 sibi
381 1665 509 1692 pascuum
524 1657 637 1690 ducens,
653 1657 771 1693 reliquas
786 1657 868 1684 etiam
881 1657 958 1693 hujus

1017 1656 1232 1691 διεσκεδασμένα
1251 1656 1375 1692 θεωρῶν,
1392 1656 1422 1682 ἓν
1445 1656 1498 1683 τῶν
1513 1655 1659 1691 προϐάτων
1675 1654 1805 1689 κατέχων,

174 1703 298 1739 exemplo
322 1704 355 1730 ad
376 1710 404 1730 se
431 1702 642 1738 pertrahit;sic
653 1701 725 1730 Deus
751 1701 869 1730 Verbum
898 1710 959 1730 cum

174 1757 260 1785 genus
277 1750 415 1776 hominum
431 1749 611 1775 errabundum
634 1748 757 1780 vidisset,
780 1748 850 1775 servi
876 1748 963 1775 forma

175 1799 325 1830 assumpta,
340 1801 426 1829 eaque
437 1794 488 1821 sibi
508 1793 642 1828 copulata,
663 1794 697 1820 ad
712 1801 742 1821 se
755 1801 802 1829 per
813 1794 885 1821 illam
898 1802 963 1822 con-

175 1841 258 1868 vertit
284 1841 438 1867 universam
455 1839 594 1866 hominum
612 1845 747 1872 naturam,
764 1845 846 1874 atque
865 1839 898 1867 ad
921 1840 963 1866 di-

175 1889 239 1915 vina
263 1895 362 1923 pascua
379 1887 491 1914 deduxit
518 1893 564 1914 eos
579 1887 624 1921 qui
646 1886 715 1913 male
732 1886 914 1921 pascebantur
937 1892 965 1914 et

175 1934 246 1969 lupis
265 1938 344 1961 erant
358 1932 470 1967 objecti.
480 1932 625 1966 Propterea
636 1931 765 1959 Servalor
778 1937 870 1959 noster
884 1936 965 1960 natu-

175 1987 233 2006 ram
249 1983 370 2006 nostram
385 1978 529 2012 assumpsit
545 1986 552 2004 τ
572 1982 715 2012 propterea
731 1977 855 2004 Christus
877 1977 966 2005 Domi-

176 2033 225 2053 nus
243 2024 409 2053 salutiferam
422 2024 531 2058 excepit
550 2023 715 2058 passionem,
734 2023 870 2058 mortique
889 2024 965 2051 dedi-

176 2077 229 2105 tus,
250 2071 373 2106 sepulcro
397 2070 522 2102 traditus,
545 2069 682 2104 antiquam
701 2069 772 2097 illam
791 2070 963 2106 tyrannidem

176 2118 288 2152 depulit,
305 2123 332 2145 et
356 2116 509 2155 corruptela
534 2116 651 2144 detentis
682 2110 963 2151 incorruptibilitatem

175 2163 311 2199 promisit;
341 2161 408 2189 Nam
429 2160 591 2188 dissolutum
621 2160 751 2196 templum
766 2165 923 2189 restaurans
938 2164 966 2187 et

174 2209 354 2240 resuscitans,
365 2208 480 2235 mortuis
493 2214 600 2242 quoque
612 2211 694 2241 atque
714 2206 773 2241 ejus
791 2206 966 2234 resurrectio-

173 2264 238 2284 nem
257 2254 479 2289 exspectantibus
505 2261 583 2281 veras
603 2253 749 2287 ﬁrmasque
768 2253 849 2290 841
865 2261 890 2280 m
907 2262 966 2289 pro-

173 2302 323 2330 «missiones
351 2299 480 2327 ostendit.
508 2299 575 2326 Nam
601 2300 839 2334 quemadmodum,
865 2300 963 2334 inquit,

1015 1702 1062 1728 καὶ
1075 1702 1117 1736 ἐφ’
1131 1702 1164 1737 ήν
1179 1701 1305 1737 βούλεται
1325 1702 1413 1737 νομὴν
1433 1701 1519 1736 ἀγωνΙ
1539 1701 1614 1728 ἕλκει
1629 1700 1665 1728 τὰ
1681 1701 1763 1728 λοιπὰ
1775 1700 1806 1727 δι’

1014 1747 1120 1774 ἐκείνου
1136 1747 1204 1783 πρὸς
1215 1748 1320 1775 έαυτόψ
1337 1748 1424 1780 οὕτως
1434 1749 1448 1775 ὁ
1459 1747 1527 1780 Θεδς
1540 1747 1628 1781 Λόγος
1642 1747 1699 1774 τῶν
1711 1746 1806 1782 ἀνθρώ·

1016 1801 1074 1820 πων
1092 1793 1122 1820 τδ
1137 1793 1218 1827 γένος
1236 1793 1449 1829 πεπλανημένον
1466 1793 1539 1825 ἰδὼν,
1556 1792 1605 1819 τοῦ
1616 1792 1713 1819 δούλου
1722 1791 1805 1819 λαϐὼν

1014 1839 1063 1875 τὴν
1079 1840 1198 1875 μορφὴν,
1221 1839 1269 1866 καὶ
1285 1839 1389 1874 ταύτην
1405 1839 1530 1874 συνάψας
1547 1839 1648 1875 ἑαυτῷ,
1665 1840 1734 1875 πρὸς
1749 1840 1806 1866 ἑαυ-

1014 1884 1061 1911 τὸν
1074 1884 1108 1911 δι’
1124 1884 1234 1920 ἐκείνης
1251 1884 1403 1921 ἐπέστρεψε
1424 1885 1516 1912 πᾶσαν
1530 1886 1579 1921 τὴν
1591 1885 1646 1913 τῶν
1659 1885 1804 1921 ἀνθρώπων

1016 1929 1107 1964 φύσιν,
1128 1931 1175 1957 καὶ
1197 1932 1236 1963 είς
1259 1931 1310 1966 τὴν
1330 1931 1406 1958 θείαν
1430 1931 1516 1967 νομὴν
1542 1932 1632 1968 ἤγαγε
1657 1932 1694 1959 τὰ
1720 1933 1805 1964 κακῶς

1015 1976 1164 2012 νεμόμενα,
1180 1978 1227 2004 καὶ
1242 1978 1298 2009 τοῖς
1314 1977 1408 2009 λύκοις
1424 1977 1606 2013 προκείμενα.
1628 1978 1679 2006 Διά
1700 1978 1805 2006 ταῦταὸ

1015 2022 1112 2058 Σωτὴρ
1139 2023 1153 2049 ὁ
1180 2023 1317 2058 ἡμέτερος
1346 2023 1396 2058 τὴν
1420 2024 1559 2059 ἡμετέραν
1580 2024 1663 2059 φύσιν
1686 2025 1802 2052 ἀνέλαϐε.

1015 2068 1066 2095 Διά
1073 2068 1158 2096 ταῦτα
1171 2069 1185 2095 ὁ
1191 2069 1332 2105 Δεσπότης
1344 2069 1462 2106 Χριστὸς
1469 2069 1504 2097 τά
1513 2072 1635 2107 σωτήρια
1649 2071 1804 2105 κατεδέξατο

1016 2114 1103 2151 πάθη,
1117 2115 1167 2142 καὶ
1177 2115 1287 2151 θανάτῳ
1303 2116 1528 2152 παραπεμφθεὶς,
1547 2118 1594 2144 καὶ
1607 2119 1682 2153 ταφῇ
1696 2117 1804 2153 παραδο-

1016 2161 1083 2193 θεὶς,
1099 2161 1130 2188 τὺ
1144 2161 1194 2197 μὲν
1215 2162 1332 2189 παλαιὸν
1347 2163 1435 2190 έκεῖνο
1450 2163 1498 2190 καὶ
1513 2163 1693 2198 πολυχρόνιον
1714 2164 1803 2199 κράτος

1016 2208 1104 2241 ἔλυσε,
1123 2210 1178 2241 τοῖς
1192 2209 1221 2235 δὲ
1234 2210 1268 2245 τῇ
1279 2209 1367 2245 φθορᾷ
1378 2210 1577 2245 πεπεδημένοις
1590 2210 1641 2246 τὴν
1657 2211 1803 2247 ἀφθαρσίαν

1017 2253 1162 2289 ὑπέσχετο.
1182 2254 1233 2281 Τδν
1248 2255 1302 2289 γὰρ
1316 2254 1431 2281 λυθέντα
1447 2255 1510 2281 ναὸν
1523 2255 1748 2290 ἀνοικοδομήσας,
1763 2255 1803 2282 καὶ

1016 2300 1171 2336 ἀνεγείρας,
1202 2301 1249 2328 καὶ
1269 2302 1325 2332 τοῖς
1352 2301 1492 2336 κειμένοις
1516 2302 1563 2328 καὶ
1585 2301 1803 2337 προσδεχομένοις

177 2351 286 2381 sumpta
296 2353 329 2374 ex
342 2345 420 2373 vobis
434 2350 541 2378 natura,
558 2345 669 2373 deitatis
680 2345 958 2380 iahabitstioneatqut

1018 2346 1100 2373 αὐτοῦ
1114 2346 1165 2382 τὴν
1181 2347 1332 2374 ἀνάστασιν
1346 2348 1458 2383 ἀληθεῖς
1473 2349 1519 2375 καὶ
1532 2348 1647 2384 βεὸαίας
1660 2348 1711 2381 τάς
1739 2349 1802 2375 ὐπο-

177 2391 353 2424 aiiunatione,
362 2391 588 2419 resurrectin
602 2390 730 2424 obtinuit,
741 2396 769 2419 et
783 2391 967 2426 corruptibili-

173 2443 234 2466 .tate
247 2437 472 2473 passionibusque
484 2437 623 2473 depositis,
637 2438 670 2464 ad
680 2437 965 2472 incorruptibilitatem

173 2483 463 2519 immortalitatemque
477 2483 612 2515 transivit,
629 2483 669 2510 sic
684 2486 712 2510 et
725 2490 772 2510 voa
787 2483 856 2510 dura
869 2483 966 2510 mortis

173 2530 309 2558 servitqu
325 2529 511 2563 absolvemini,
527 2529 687 2563 abiectaque
709 2529 885 2564 corruptione
902 2535 964 2555 cum

174 2576 360 2612 passionibus,
385 2575 605 2611 impassibilitate
626 2574 789 2602 vestiemini.
814 2573 925 2601 ldcirco'
941 2578 969 2602 et

176 2621 305 2657 baptismi
335 2622 435 2650 donum
460 2622 566 2649 cunctis
588 2620 744 2648 hominibus
768 2627 816 2654 per
830 2620 968 2655 apostolos

176 2668 264 2696 misit.
281 2675 291 2693 ι
308 2666 409 2696 Eunles
423 2668 508 2700 enim,
526 2667 626 2702 inquit,
641 2667 736 2695 docete
749 2673 845 2694 omnes
860 2671 966 2701 gentes,

176 2714 350 2750 baptizautes
363 2723 410 2742 eas
433 2715 460 2742 in
485 2715 594 2743 nomine
615 2713 705 2741 Patris
719 2717 748 2741 et
763 2712 825 2740 Filii
838 2717 866 2740 et
880 2712 969 2747 Spiri-

178 2766 225 2788 tus
241 2761 328 2787 sancti
341 2760 375 2787 “.
397 2770 406 2786 ι
421 2759 575 2795 iiaptismus
599 2759 770 2787 adumbratio
784 2758 907 2793 quaedam
924 2762 968 2786 est

217 2848 242 2864 “
258 2849 326 2877 Gen.
343 2857 382 2883 ιιι,
397 2849 438 2876 Π.
477 2851 499 2865 ⁸³
514 2850 562 2876 lsa.
578 2857 634 2880 LIII.
651 2849 662 2876 i
678 2857 754 2884 seqq.

1020 2391 1128 2427 σχέσεις
1137 2392 1286 2425 ὑπέδειξεν.
1301 2394 1350 2420 ⁸ον
1360 2393 1461 2429 τρόπον
1476 2394 1540 2430 γὰρ,
1556 2394 1650 2429 φησὶν,
1663 2395 1679 2430 ή
1695 2393 1725 2427 ἐξ
1737 2394 1802 2430 ὑμῶν

1017 2437 1204 2473 ἀναληφθεῖσα
1217 2437 1299 2473 φύσις
1310 2440 1343 2474 τῇ
1358 2439 1409 2475 τῆς
1426 2438 1553 2475 θεότητος
1565 2439 1702 2475 ἐνοικήσει
1718 2448 1748 2466 τε
1762 2439 1802 2466 καὶ

1019 2483 1124 2515 ἑνώσει,
1145 2485 1195 2520 τῆς
1208 2484 1385 2517 ἀναστάσεως
1400 2484 1490 2520 ἔτυχε,
1504 2485 1552 2511 καὶ
1569 2485 1602 2512 τὸ
1615 2485 1735 2521 φθαρτὸν
1746 2485 1802 2512 ἀνα-

1018 2529 1148 2565 τιθεμένη
1171 2531 1221 2558 σὺν
1249 2532 1306 2563 τοῖς
1331 2531 1494 2567 παθήμασιν
1518 2532 1559 2563 si;
1582 2531 1740 2567 ἀφθαρσίαν
1762 2530 1801 2558 καὶ

1015 2575 1168 2604 ἀθανασίαν
1186 2577 1299 2614 μετέσηο
1319 2577 1390 2605 οὕτω
1406 2578 1453 2605 καὶ
1470 2578 1550 2613 ὑμεῖς
1563 2578 1614 2613 τῆς
1625 2577 1747 2613 χαλεπῆς
1760 2576 1799 2604 τοῦ

1016 2622 1132 2650 θανάτου
1155 2623 1281 2656 δουλείας
1301 2624 1541 2660 ἀπαλλαγήσεσθε,
1569 2625 1617 2651 καὶ
1635 2623 1686 2659 τὴν
1708 2623 1800 2660 φθορὰν

1016 2668 1218 2705 ἀπορρίψαντες
1231 2671 1281 2697 σὺν
1293 2672 1349 2702 τοῖς
1367 2670 1493 2703 πάθεσιν,
1505 2669 1652 2697 ἐνδύσασθε
1672 2669 1724 2706 τὴν
1739 2670 1799 2696 ἁπά-

1016 2714 1102 2742 θειαν.
1123 2715 1168 2742 Διὸ
1183 2716 1230 2742 καὶ
1246 2716 1276 2743 τὸ
1299 2716 1384 2752 δῶρον
1399 2716 1446 2743 τοῦ
1463 2715 1652 2751 βαπτίσματος
1664 2717 1747 2742 πᾶσιν
1759 2715 1798 2742 ἀν-

1015 2759 1135 2795 θρώποις
1150 2761 1194 2788 διὰ
1206 2762 1262 2789 τῶν
1279 2761 1438 2789 ἀποστόλων
1460 2761 1608 2796 ἐξέπεμψε.
1637 2770 1647 2788 ι
1660 2760 1799 2798 Πορευθένο

793 2848 815 2865 ⁸⁸
832 2849 927 2877 Matth.
944 2857 1041 2883 xxvut,
1056 2850 1097 2878 i9.
