1907 3038
188 161 252 189 M7!

699 172 728 200 S.
748 173 886 204 CYRILLI
903 174 1139 204 ALEXANDRINI
1158 174 1318 204 ARCHIEP.

1745 171 1815 200 1172

186 223 279 251 formze
295 224 424 253 vilitatem
438 235 445 261 ;
457 231 484 255 et
500 228 568 256 Deus
589 237 650 257 cum
677 237 759 267 esset,
789 234 870 263 homo
889 236 949 263 volu

1025 236 1131 271 μορφῆς
1142 237 1192 272 τὴν
1210 236 1356 270 εὐτέλειαν,
1371 236 1418 263 καὶ
1432 235 1498 267 Θεὸς
1512 234 1655 272 ὑπάρχων,
1672 232 1817 268 ἄνθρωπος

186 271 338 305 nominari;
351 278 431 307 atque
446 278 474 301 ut
488 275 605 302 hominis
616 276 796 306 humilitatem
815 281 972 316 assumpsit,

187 317 222 343 ita
238 317 300 345 huic
318 319 439 346 vicissim
454 320 644 349 sublimitatem
658 325 973 354 communicavit.Voca-

186 369 266 390 catur
284 365 354 391 enim
367 365 485 400 Virginis
496 367 623 400 parvulus
649 367 853 404 Emmanuel“,
876 379 972 408 nempe

186 409 210 436 is
226 409 270 444 qui
287 411 381 444 pannis
403 416 446 439 est
468 412 604 441 involutus
619 415 653 446 ",
667 419 696 442 et
726 416 808 444 ubera
837 419 919 452 sugit,
945 423 972 446 et

187 454 256 481 lucte
271 457 399 488 nutritur,
420 456 575 492 diciturque
600 461 688 494 magni
711 462 817 489 consilii
846 464 970 498 angelus,

185 500 353 528 admirabilis
369 502 552 534 consiliarius,
578 509 605 531 et
627 504 697 533 Deus
720 506 808 540 fortis.
836 516 868 536 ac
883 510 970 536 domi-

185 550 273 576 nator,
288 550 315 572 et
325 547 458 581 .princeps
473 548 557 582 pacis,
576 554 604 577 et
617 550 697 578 Pater
723 551 805 580 futuri
821 554 910 582 saeculi
925 555 948 571 ’³
961 564 969 589 ;

184 597 234 617 nec
249 599 300 617 non
314 591 397 620 Filius
411 593 554 627 Altissimi,
579 599 606 623 et
630 595 769 631 Servator,
784 603 812 626 et
830 600 967 634 Dominus,

182 639 209 661 et
225 635 343 663 universi
370 638 463 664 mundi
491 638 613 668 Creator.
633 649 642 666 ι
662 641 737 669 Unus
761 643 846 676 enim,
869 645 966 680 inquit,

181 680 313 708 Dominus
329 680 410 709 Jesus
430 682 565 718 Christus,
594 693 641 720 per
664 695 744 722 quem
765 689 848 725 843
863 700 886 718 m
908 699 969 719 om-

180 726 226 754 nia
240 726 274 754 “.
291 737 301 754 ι
322 727 357 755 Et
372 729 480 764 quidem
505 730 585 759 Jesus
602 737 628 760 et
643 733 768 762 Christus
779 737 889 764 nomina
905 742 968 765 sunt

180 772 376 803 incarnationis
391 776 580 811 siguilicativa.
607 777 763 809 lncarnalio
779 787 870 810 autem
893 784 966 812 haud

179 823 243 845 ante
261 827 349 847 I‘el‘lllll
359 822 523 849 creationem
546 831 634 858 neque
646 826 737 853 statim
762 833 824 863 ροει
849 831 967 859 creatio«

178 872 250 895 nem.
268 866 316 893 sed
329 868 460 895 extremis
487 871 653 903 temporibus
667 873 773 900 accidit.
791 874 966 911 Quandoqui-

177 910 238 937 dem
255 911 335 946 igitur
355 920 450 940 nomen
471 913 606 948 Christus,
632 924 686 944 nou
708 925 877 955 assumptum
904 910 964 950 tan-

178 956 326 990 tummodo,
362 965 457 986 verum
481 960 564 987 etiam
589 969 731 992 assumens
759 963 877 994 Verbum
909 977 962 997 una

176 1008 238 1028 cum
252 1008 392 1037 assumpto
409 1004 520 1032 denotat
545 1006 674 1042 (namque
704 1009 730 1036 id
752 1018 852 1038 nomen
878 1014 962 1041 Deum

175 1046 255 1074 simul
279 1053 307 1074 et
332 1049 467 1077 hominem
489 1051 648 1088 signiﬁcat),
662 1054 762 1084 Paulus
785 1059 911 1087 attribuit
936 1061 962 1089 ei

175 1092 223 1126 qui
235 1093 350 1121 visibilis
364 1099 416 1126 est.
437 1102 548 1130 propter
573 1105 651 1126 suam
673 1108 735 1128 cum
751 1101 879 1134 invisibili
893 1113 961 1134 con-

171 1137 351 1173 iunctionem.
366 1141 499 1175 attribuit,
512 1143 631 1178 inquam,
648 1147 768 1176 universi
776 1151 869 1178 mundi
882 1160 961 1180 cres-

176 1184 274 1212 tionem
301 1190 329 1213 et
353 1187 567 1222 dispositionem.
584 1192 674 1225 Quare
690 1199 718 1221 et
736 1195 800 1223 alibi
823 1197 959 1228 Christum

172 1238 254 1264 super
272 1232 363 1259 omnia
379 1233 460 1261 Deutn
479 1237 616 1271 appellat;
636 1239 675 1266 ait
690 1241 762 1268 enim
781 1252 788 1270 :
809 1253 818 1269 I
835 1243 873 1272 Ex
898 1247 960 1280 qui-

172 1276 222 1303 bus
237 1282 277 1304 est
296 1279 443 1306 secundum
461 1288 570 1309 carnem
588 1284 724 1319 Christus,
742 1288 788 1322 qui
812 1295 854 1317 est
877 1276 960 1326 super

170 1323 261 1350 omnia
276 1323 347 1352 Deus
360 1326 394 1352 ⁹¹.
414 1335 424 1352 ι
444 1326 579 1363 Nonquia
598 1329 708 1360 Davidis
731 1341 815 1369 nepos
837 1336 895 1371 ipse
910 1323 959 1372 per

170 1375 200 1395 se
213 1368 250 1395 sit
262 1369 388 1402 Deusket
400 1379 482 1406 super
499 1376 600 1408 omnia,
624 1378 672 1405 sed
691 1380 753 1413 quia
766 1368 772 1369 ⁷
784 1381 830 1409 Dei
847 1368 958 1412 Isunimi

171 1414 299 1448 templum
312 1422 380 1451 erat,
397 1419 500 1447 unitam
524 1423 732 1460 copulatamque
747 1427 852 1456 habens
865 1437 956 1459 secum

169 1459 351 1490 divinitatem.

168 1516 264 1545 XXXI.
283 1518 361 1552 Quod
384 1521 444 1549 duas
466 1523 656 1568 sinlthuutt'trar,
670 1537 724 1557 una
739 1536 827 1559 autem
843 1542 955 1568 persona

505 1559 614 1589 Christi.

200 1608 262 1637 Ideo
279 1619 288 1636 ι
302 1610 382 1640 Jesus
395 1612 522 1644 Christus
551 1617 608 1645 heri
621 1623 648 1646 et
668 1620 758 1655 hodie,
773 1623 843 1652 idem
860 1631 902 1654 est
925 1632 952 1655 et

166 1655 192 1682 in
208 1656 306 1684 smcula
318 1657 351 1684 ".
372 1668 382 1684 ι
400 1659 457 1686 Non
475 1662 546 1689 enim
563 1663 589 1690 in
608 1665 675 1693 duas
691 1673 823 1702 personas
841 1671 951 1708 dispen-

164 1702 279 1729 sationis
305 1710 373 1737 opus
400 1705 555 1740 dividimus,
589 1717 677 1745 neque
709 1714 778 1742 duos
804 1702 951 1752 filios.pro

165 1743 310 1780 Unigenito
327 1748 506 1782 praedicamus
525 1757 552 1780 et
568 1743 713 1789 credimus,
729 1760 777 1786 sed
799 1743 866 1790 duas
889 1743 951 1792 ersse

164 1796 275 1818 naturas
292 1796 319 1819 et
334 1794 479 1823 didicimus
504 1802 532 1824 et
545 1799 682 1828 docemus.
710 1804 790 1832 Aliud
804 1807 877 1836 enim
908 1815 950 1838 est

163 1835 258 1868 deilas,
270 1841 297 1864 et
313 1838 383 1865 aliud
405 1841 559 1870 humanitas
575 1853 582 1871 τ
597 1846 667 1873 aliud
686 1855 734 1881 per
750 1857 779 1877 se
792 1853 939 1888 cxsistens,

161 1886 188 1907 et
206 1882 278 1910 aiind
305 1885 377 1918 quod
410 1886 511 1915 factum
540 1893 692 1920 est:a|iud
724 1895 775 1924 Dei.
800 1897 897 1932 forma,
922 1882 949 1929 et

160 1927 233 1954 aliud
251 1928 336 1957 forma
352 1931 470 1961 hominis
484 1943 492 1961 τ
506 1935 578 1963 aliud
608 1945 718 1968 sumens
742 1947 850 1977 natura,
873 1927 948 1975 aliud

160 1978 265 2008 suuipta
287 1984 294 2002 :
316 1976 386 2004 aliud
412 1981 540 2014 templum
564 1983 736 2020 dissolutum,
760 1993 788 2016 et
809 1990 882 2019 aliud
901 1994 946 2028 qui

159 2018 211 2047 hoc
228 2020 387 2051 dissolutum
402 2027 574 2056 resuscitavit
587 2030 668 2059 Deus.

157 2118 264 2149 XXXII.
292 2122 369 2168 Quod,
395 2132 676 2168 Inonnconcrelionem,
692 2135 738 2160 scd
770 2137 892 2166 unionem
918 2141 945 2168 in

336 2159 440 2188 Christo
448 2163 534 2191 dicere
551 2159 699 2201 religiosum
708 2159 754 2197 sit.

190 2212 247 2241 Non
254 2222 318 2249 ergo
329 2221 439 2246 naturas
446 2219 735 2261 confundimus,neqne
741 2232 941 2260 concretionem

156 2260 266 2288 factoris
306 2263 470 2299 factumque
499 2267 740 2308 dogmatizamns;
765 2275 819 2303 imo
855 2279 943 2313 potius
960 2264 982 2292 ί)

153 2307 337 2347 concretionis
375 2310 505 2338 vocabulo
547 2307 736 2344 confusionis
762 2307 942 2353 signiﬁcatum

152 2351 338 2380 attribuimus.
370 2353 455 2384 Porro
474 2356 520 2384 Dei
537 2358 617 2387 Verbi
644 2367 767 2389 naturam
788 2351 901 2400 scimus,
916 2372 945 2396 et

152 2396 259 2423 servilis
280 2396 373 2426 forma:
396 2401 576 2431 substantiam
592 2408 776 2441 agnoscimus,
796 2415 940 2447 utramque

151 2449 216 2468 vero
226 2442 309 2480 844
319 2453 344 2471 m
356 2451 479 2474 naturam
494 2455 522 2476 ut
537 2451 644 2479 unicum
663 2453 808 2482 adoramus
829 2457 936 2486 Filium.

151 2486 266 2516 invicem
298 2491 369 2519 enim
399 2493 559 2523 alterutrum
597 2505 768 2535 nuncupatur
800 2501 936 2532 Christus.

151 2533 242 2569 Neque
268 2536 324 2564 sola
346 2539 417 2566 servi
440 2539 527 2568 forma
555 2547 583 2570 et
607 2533 749 2573 divinitate
765 2555 873 2581 carens,
899 2549 935 2577 ita

149 2588 265 2614 unquam
281 2590 296 2609 a
312 2584 450 2619 religionis
477 2593 557 2615 rectm
574 2591 710 2624 magistris
732 2598 774 2619 est
791 2594 933 2628 appellata.

149 2625 199 2658 Qui
228 2633 318 2655 autem
348 2633 550 2661 concretionem
579 2635 682 2668 dicunt,
711 2637 737 2664 hi
767 2641 936 2668 concretioni

1025 281 1157 317 ἠθέλησεν
1168 282 1362 317 ’ὀνομάζεσθαι.
1377 282 1432 308 Καὶ
1443 281 1537 316 ὥσπερ
1555 278 1687 315 μετέλαϐε
1703 278 1758 305 τῶν
1769 277 1816 304 τοῦ

1023 327 1166 365 ἀνθρώπου
1183 329 1329 361 ταπεινῶν,
1347 328 1418 356 οὕτω
1437 328 1491 355 τῶν
1505 327 1616 362 ὑψηλῶν
1634 326 1710 362 αὐτῷ
1731 334 1815 361 μετα-

1021 375 1131 401 δέδωκε.
1146 374 1277 402 Καλεῖται
1296 375 1351 410 γὰρ
1364 375 1394 401 τὺ
1407 374 1457 410 τῆς
1473 373 1613 408 Παρθένου
1629 373 1731 409 βρέφος
1750 372 1816 406 Ἐμ-

1025 421 1154 456 μανουὴλ,
1171 421 1258 448 καὶτὸ
1272 423 1328 453 τοῖς
1350 421 1520 456 σπαργάνοις
1537 419 1749 455 ὲνειλημμένον,
1768 417 1815 444 καὶ

1025 466 1109 502 θηλὴν
1120 467 1208 500 ἕλκον,
1221 467 1269 494 καὶ
1283 467 1451 502 τρεφόμενον
1471 467 1600 502 γάλακτι,
1621 466 1669 493 καὶ
1689 465 1814 492 καλεῖται

1026 512 1146 547 μεγάλης
1161 512 1259 548 βουλῆς
1270 512 1411 546 Ἄγγελος,
1423 512 1472 539 καὶ
1483 511 1640 547 θαυμαστὸς
1649 510 1811 546 σύμϐουλος,

1020 559 1067 586 καὶ
1079 559 1144 591 Θεὸς
1161 559 1280 595 ἰσχυρὸς,
1301 560 1349 586 καὶ
1365 558 1552 594 ἐξουσιαστὴς,
1569 559 1617 586 καὶ
1629 559 1724 594 ἄρχων
1737 558 1812 593 εἰρή-

1020 614 1079 640 νης,
1111 605 1159 632 καὶ
1186 605 1280 640 Πατὴρ
1307 604 1355 632 τοῦ
1384 604 1527 640 μέλλοντος
1546 605 1655 636 αἰῶνος,
1679 604 1727 631 καὶ
1750 603 1812 636 Υἱὸς

1024 651 1164 686 Ὑψίστου,
1183 652 1231 679 καὶ
1257 652 1363 687 Σωτὴρ,
1389 652 1436 678 καὶ
1456 651 1570 685 Κύριος,
1593 651 1641 678 καὶ
1666 650 1722 677 τῶν
1745 649 1812 676 ὅλων

1018 699 1199 734 Δημιουργός.
1218 704 1234 724 't
1249 696 1296 730 Εἷς
1313 698 1376 734 γὰρ,
1397 698 1473 734 φησὶ,
1497 698 1600 734 Κύριος
1620 696 1727 733 Ἰησοῦς
1745 697 1812 732 Χρι-

1022 746 1093 778 στὸς,
1108 745 1143 772 δι’
1154 741 1184 772 οὗ
1200 745 1235 772 τὰ
1249 745 1421 773 πάνταδΚαὶ
1438 745 1492 781 μὴν
1500 744 1534 772 τὰ
1554 744 1674 778 Ἰησοῦς
1682 744 1733 770 καὶ
1744 745 1811 778 Χρι-

1020 792 1071 825 τὸς
1086 792 1217 827 ὀνόματα,
1232 791 1283 826 τῆς
1299 791 1456 826 οἰκονομίας
1467 791 1521 818 eici.
1535 790 1695 826 σημαντικά
1711 790 1751 825 (Ι)
1763 798 1770 804 ·
1793 789 1808 825 ἠ

1017 838 1047 865 δὲ
1063 837 1215 873 οἰκονομία,
1233 838 1263 864 οὒ
1285 837 1339 872 πρὸ
1351 837 1401 872 τῆς
1418 837 1543 870 κτίσεως,
1567 836 1628 864 οὐδὲ
1642 836 1728 868 εὐθὺς
1744 836 1809 871 μετὰ

1015 884 1065 920 τὴν
1079 884 1178 918 κτίσιν,
1198 884 1256 911 ἀλλ’
1278 885 1320 911 ἐπ’
1337 884 1460 919 ἐσχάτων
1475 883 1530 910 τῶν
1547 883 1662 919 ἡμερῶν
1678 882 1788 917 ἐγένετο
1800 890 1806 897 ·

983 917 1002 944 Β
1017 917 1110 966 ὲτέειδὴ
1129 931 1220 958 τοίνυν
1234 930 1264 957 τὺ
1282 917 1410 965 Χριστὸς
1429 930 1525 965 ὄνομα,
1544 917 1575 956 οὗ
1596 917 1645 957 τὸν
1671 928 1806 964 ληφθέντα

1015 977 1105 1013 μόνον.
1119 977 1187 1005 ἀλλὰ
1201 978 1248 1004 καὶ
1262 978 1308 1004 τὸν
1321 977 1437 1004 λαϐόντα
1448 977 1535 1025 Λόγον
1551 975 1622 1025 μετὰ
1632 974 1681 1025 τοῦ
1692 974 1805 1025 ληφθέν·

1013 1032 1058 1056 τος
1081 1023 1157 1058 δηλοί
1173 1022 1239 1059 (τοῦ
1257 1023 1325 1050 Θεοῦ
1346 1023 1401 1058 γὰρ
1420 1022 1467 1049 καὶ
1485 1021 1532 1048 τοῦ
1558 1021 1706 1056 ἀνθρώπου
1729 1021 1805 1048 τοῦτο

1013 1070 1180 1106 σημαντικόν
1194 1069 1288 1104 ἔστων
1304 1070 1318 1096 ὁ
1336 1069 1441 1101 Παῦλος
1455 1068 1599 1102 ἀνατίθησι
1617 1068 1665 1094 καὶ
1679 1067 1722 1103 τῷ
1736 1069 1803 1103 ὀρω-

1013 1116 1088 1151 μάνῳ
1102 1115 1146 1142 διὰ
1159 1115 1208 1151 τὴν
1222 1115 1291 1150 πρὸς
1306 1115 1337 1143 τὸ
1356 1116 1546 1151 κρυπτόμενον
1559 1116 1668 1148 ἕνωσιν,
1694 1114 1746 1150 τὴν
1761 1115 1805 1142 τοῦ

1012 1162 1112 1194 παντὸς
1125 1162 1234 1198 ποίησιν
1253 1171 1283 1189 τε
1299 1163 1346 1189 καὶ
1362 1162 1557 1197 διακόσμησιν·
1571 1162 1612 1189 διὸ
1628 1162 1678 1189 καὶ
1692 1161 1804 1196 ἑτέρωθι

1010 1208 1056 1234 τὸν
1073 1208 1189 1244 Χριστὸν
1208 1209 1254 1235 ἐπὶ
1273 1209 1383 1235 πάντων
1406 1207 1606 1244 προσαγορεύει
1623 1208 1692 1235 Θεὸν
1703 1216 1711 1223 ·
1731 1217 1743 1234 ί
1762 1208 1803 1241 Ἐξ

1009 1251 1046 1281 ὦν
1067 1255 1130 1290 γὰρ,
1149 1255 1241 1290 φησὶν,
1256 1255 1373 1290 Χριστὸς
1394 1255 1424 1282 τὸ
1446 1254 1518 1281 κατὰ
1537 1255 1639 1290 σάρκα,
1659 1255 1674 1281 ὁ
1698 1253 1736 1281 ὢν
1760 1255 1803 1280 ἐπὶ

1010 1302 1120 1329 πάντων
1140 1301 1218 1334 Θεός.
1233 1311 1243 1328 ›
1269 1302 1328 1328 Οὐκ
1345 1301 1438 1338 ἐπειδὴ
1456 1303 1504 1329 τοῦ
1522 1302 1605 1328 Δαὸὶδ
1627 1303 1643 1328 ὁ
1670 1302 1802 1335 ἀπόγονος

1009 1349 1091 1381 αὐτὸς
1106 1348 1167 1376 καθ’
1181 1349 1262 1376 αὑτὸν
1279 1349 1345 1381 Θεὸς
1362 1350 1430 1382 ἐστι,
1447 1349 1493 1376 καὶ
1521 1349 1568 1376 ἐπὶ
1582 1349 1696 1376 πάντων
1722 1348 1798 1381 Θεὸς,

1008 1395 1066 1422 ἀλλ’
1082 1396 1123 1422 ὅτι
1137 1394 1183 1422 τοῦ
1199 1394 1267 1422 Θεοῦ
1280 1395 1328 1421 τοῦ
1342 1395 1389 1422 ἐπὶ
1404 1394 1514 1422 πάντων
1529 1394 1636 1430 ὑπῆρχε
1649 1394 1724 1426 ναὸς,
1733 1395 1802 1429 ἡνω-

1009 1442 1095 1477 μένην
1109 1442 1157 1470 καὶ
1170 1442 1348 1478 συνημμένην
1365 1442 1436 1478 ἔχων
1454 1441 1543 1477 ἑαυτῷ
1556 1442 1607 1478 τὴν
1622 1441 1752 1477 θεότητα.

1043 1545 1106 1571 AA’.
1133 1544 1197 1571 Ὀτι
1224 1543 1279 1585 διξο
1302 1543 1360 1577 μὲν
1383 1544 1442 1584 ala}
1463 1544 1588 1585 ξύσειςὶ
1615 1543 1652 1570 ἒν
1672 1543 1708 1570 δὲ
1730 1543 1764 1570 τὸ

1200 1580 1362 1613 πρόσωπον
1384 1579 1437 1606 τοῦ
1459 1579 1600 1613 Χριστοῦ.

1039 1635 1089 1663 Διὰ
1112 1636 1192 1662 τοῦτο
1217 1645 1226 1661 ι
1245 1635 1347 1670 Ἰησοῦς
1363 1636 1481 1671 Χριστὸς
1494 1636 1560 1671 χθὲς
1575 1636 1622 1663 καὶ
1639 1636 1770 1672 σήμερον,
1783 1637 1797 1664 6

1003 1682 1084 1714 αὐτὸς
1107 1682 1155 1708 καὶ
1170 1681 1211 1713 εἰς
1224 1681 1287 1712 τοὺς
1308 1681 1419 1713 αἰῶνας.
1434 1691 1443 1706 ι
1464 1681 1501 1708 Οὐ
1523 1681 1577 1717 γὰρ
1599 1682 1640 1713 είς
1662 1682 1796 1718 πρόσωπα

1001 1728 1049 1754 δύο
1067 1728 1116 1764 τὴν
1135 1727 1291 1762 ὀξκονομίαν
1307 1727 1465 1763 μερίζομεν,
1489 1727 1550 1754 οὐδὲ
1570 1728 1646 1759 υίοὺς
1668 1727 1716 1755 δύο
1736 1728 1795 1755 ἀντὶ

1000 1773 1047 1800 τοῦ
1065 1773 1233 1807 Μονογενοῦς
1253 1774 1426 1809 κηρύττομέν
1449 1782 1479 1800 τε
1506 1774 1554 1800 καὶ
1571 1773 1792 1809 δογματίζομεν,

1001 1819 1069 1846 ἀλλὰ
1079 1820 1125 1846 δύο
1141 1819 1190 1854 μὲν
1205 1820 1254 1850 τὰς
1268 1819 1364 1854 φύσεις
1380 1817 1450 1846 εἶναι
1472 1820 1518 1846 καὶ
1540 1820 1745 1855 μεμαθήκαμεν
1757 1820 1792 1855 (9)

1001 1863 1047 1890 καὶ
1074 1863 1253 1897 διδάσκομεν·
1282 1863 1375 1898 ἕτερον
1404 1864 1459 1899 γὰρ
1486 1864 1600 1900 θεότης,
1628 1866 1677 1892 καὶ
1702 1865 1792 1902 ἕτερον

999 1908 1192 1944 ἀνθρωπὸτης’
1207 1909 1301 1944 ἕτερον
1313 1909 1343 1935 τὸ
1356 1909 1394 1940 ὃν,
1410 1910 1457 1936 καὶ
1471 1910 1565 1946 ἕτερον
1583 1911 1615 1938 τὸ
1628 1913 1790 1947 γενόμενον·

998 1955 1063 1983 ἄλλο
1076 1956 1092 1990 ὴ
1106 1955 1153 1982 τοῦ
1171 1954 1239 1981 Θεοῦ
1260 1955 1361 1991 μορφὴ,
1388 1956 1435 1982 καὶ
1459 1956 1551 1992 ᾶλλοή
1573 1957 1621 1984 τοῦ
1647 1958 1790 1994 ἀνθρώπου

1000 2002 1090 2037 μορφή
1103 2010 1110 2017 ·
1126 2002 1172 2028 καὶ
1187 2001 1251 2028 ἄλλο
1264 2003 1280 2036 ὴ
1297 2002 1428 2035 λαϐοῦσα,
1439 2003 1485 2029 καὶ
1498 2003 1593 2038 ἕτερον
1607 2005 1623 2040 ἡ
1641 2005 1788 2041 ληφθεῖσα·

996 2049 1092 2084 ἕτερον
1112 2048 1125 2074 ό
1145 2048 1235 2080 λυθεὶς
1254 2048 1327 2081 ναὸς,
1350 2049 1398 2076 καὶ
1420 2050 1513 2084 ἕτερον
1533 2051 1548 2077 ὁ
1567 2050 1684 2077 λυθέντα
1699 2051 1789 2079 τοῦτον

996 2091 1151 2127 ἀναστήσας
1169 2091 1245 2124 Θεός.

996 2149 1058 2177 AB’.
1079 2149 1144 2178 Ὀτι
1168 2150 1203 2177 οὺ
1224 2149 1333 2184 κρᾶσιν
1349 2152 1451 2186 λέγειν
1475 2153 1572 2185 ὅσιον,
1588 2153 1659 2181 ἀλλ’
1680 2155 1788 2184 ἕνωσιν

1242 2186 1291 2212 ἐπὶ
1318 2186 1371 2213 τοῦ
1398 2187 1538 2220 Χριστοῦ.

1032 2232 1068 2258 Οὐ
1096 2233 1145 2263 τὰς
1172 2231 1267 2267 φύσεις
1292 2232 1382 2259 τοίνυν
1411 2234 1574 2270 συγχέομεν,
1599 2236 1662 2262 οὐδὲ
1690 2239 1788 2272 κρᾶσιν

997 2277 1108 2313 ποιητοῦ
1132 2279 1179 2305 καὶ
1202 2280 1353 2314 ποιήματος
1376 2280 1588 2316 δογματίζομεν,
1609 2282 1659 2310 καὶ
1678 2284 1718 2319 τῷ
1739 2284 1787 2319 τῆς

993 2323 1118 2359 κράσεως
1152 2324 1265 2360 ὀνόματι
1302 2325 1352 2360 τὴν
1390 2326 1521 2362 σύγχυσιν
1561 2330 1785 2365 συνεισφέρομεν·

991 2369 1059 2396 ἀλλὰ
1074 2370 1187 2397 καὶτοῦ
1210 2371 1278 2398 Θεοῦ
1300 2372 1387 2406 Λόγου
1415 2373 1464 2409 τὴν
1488 2373 1568 2408 φύσιν
1595 2375 1783 2411 γνωρίζομεν·

993 2414 1102 2449 καὶτῆς
1123 2417 1231 2452 μορφῆς
1245 2416 1292 2442 τοῦ
1312 2417 1407 2444 δούλου
1426 2419 1476 2454 τὴν
1494 2420 1588 2446 οὐσίαν
1602 2420 1784 2456 γινώσκομεν,

992 2459 1125 2494 ἑκατέραν
1139 2459 1166 2487 δὲ
1179 2461 1260 2495 φύσιν
1277 2462 1315 2493 ὡς
1326 2462 1375 2489 ἕνα
1391 2463 1598 2500 προσκυνοῦμεν
1610 2465 1675 2492 Υίόν
1684 2474 1691 2481 ·
1709 2466 1785 2494 θάτε-

993 2514 1038 2540 ρον
1050 2506 1104 2541 γὰρ
1119 2505 1226 2542 θατέρῳ
1240 2508 1356 2543 Χριστὸς
1370 2510 1532 2544 ὀνομάζεται
1545 2531 1552 2542 ,
1569 2512 1617 2538 καὶ
1633 2511 1696 2539 οὔτε
1709 2515 1724 2548 ἡ
1738 2513 1783 2540 τοῦ

989 2549 1082 2577 δούλου
1102 2551 1192 2587 μορφὴ
1207 2552 1281 2588 ψιλὴ,
1297 2554 1343 2580 καὶ
1358 2555 1447 2591 γυμνὴ
1464 2556 1636 2591 τυγχάνουσα
1658 2559 1707 2594 τῆς
1724 2560 1782 2586 θεό-

988 2603 1080 2630 τητος,
1104 2596 1183 2623 τοῦτο
1203 2596 1314 2624 πώποτε
1333 2600 1409 2635 παρὰ
1423 2600 1476 2627 τῶν
1494 2601 1664 2630 διδασκάλων
1681 2603 1780 2640 ἐκλήθη

986 2641 1037 2676 τῆς
1050 2642 1202 2674 εὐσεϐείας.
1220 2644 1251 2670 Ol
1263 2644 1292 2671 δὲ
1304 2645 1353 2680 τὴν
1365 2648 1462 2680 κρᾶσιν
1478 2648 1612 2682 λέγοντες,
1631 2652 1664 2686 τῇ
1685 2652 1781 2686 κράσει

148 2671 333 2701 confusionem
349 2682 491 2712 oggerunt,
519 2680 705 2710 confusionem
731 2690 795 2711 vero
821 2686 936 2714 mutatio

1015 2671 1034 2722 [ιᾷ
1051 2671 1401 2727 σύγχυσιν-συνεισφέρουσι
1413 2701 1420 2708 ·
1433 2695 1465 2730 τῇ
1480 2671 1682 2732 δὲισυγχνῦσείιή
1693 2671 1781 2733 clpam;

182 2762 206 2779 "
223 2763 318 2792 Matth.
330 2766 403 2798 t,23.
437 2769 459 2785 "
474 2769 540 2798 Luc.
555 2778 586 2803 tt,
602 2771 626 2798 7.
665 2772 689 2789 ’³
702 2773 752 2802 lsa.
769 2783 806 2808 tx,
823 2775 850 2803 6.
888 2777 912 2794 ”
927 2776 949 2806 ll
963 2778 1087 2810 COI‘.VI|I,
1103 2778 1130 2806 6.
1163 2779 1187 2796 "
1200 2780 1277 2807 I'tom.
1291 2789 1328 2815 lx,
1341 2782 1366 2810 5.
1405 2783 1429 2799 "
1444 2783 1523 2811 Hebr.
1538 2792 1600 2818 xm,
1613 2785 1640 2812 8.

243 2840 342 2870 Confer
363 2846 506 2888 apudnuos
527 2849 657 2888 Cyfillurn
678 2851 842 2888 explantrml
865 2855 933 2888 psal-

151 2882 223 2902 mum
243 2885 313 2909 \Ltv,
328 2887 350 2904 γ.
366 2880 391 2906 8.
412 2880 665 2917 (Ilujuscc'l'atrol.
679 2880 742 2913 (aut.
759 2880 869 2924 LXIX.)

1023 2857 1062 2891 (2)
1094 2858 1223 2896 Adlmcne
1249 2859 1444 2896 Mouophysita:
1461 2861 1590 2896 Cyrillum
1610 2864 1714 2893 erroris
1734 2866 1775 2893 sui
1802 2866 1809 2871 ‘

991 2898 1133 2927 patronum
1151 2895 1382 2930 impudentissime
1398 2895 1574 2925 dictitabant?
