1907 3038
63 162 72 189 Ι
79 161 133 189 477

619 190 621 193 Ι
666 158 710 184 DE
729 154 991 184 llVLAIINA‘l‘IONE
1011 156 1140 184 DOMIM.

1645 159 1715 190 ητις

61 218 109 245 Θεν
124 221 140 245 ό
154 217 313 254 προπάτωρ
336 216 436 253 Ἀδάμ·
451 216 498 244 καὶ
512 214 567 252 γὰρ
584 215 687 247 ἐκεῖνος
701 214 871 251 ἐπιθυμήσας

959 222 1035 250 mque
1072 215 1233 243 excidemus
1258 223 1266 243 :
1291 215 1364 250 quod
1405 217 1562 252 progenitor
1595 218 1717 247 Adamus

64 264 203 299 γενέσθαι
226 264 312 298 Θεὸς,
329 265 377 291 καὶ
396 264 427 290 τὸ
449 261 518 291 εἶναι
544 262 626 290 εἰκὼν
648 261 717 289 Θεοῦ
745 269 870 297 προσαπο

62 309 154 336 ώλεσε
159 330 166 337 .

62 367 127 394 ΛΕ¹.
152 367 227 394 ὀτι
246 366 305 403 χρὴ
325 366 473 394 Θεοτόκον
495 365 545 393 καὶ
569 364 798 400 ἁνθρωποτόκον
820 363 872 391 ,πέ-

440 410 514 438 retr.

99 457 205 485 Τοίνυν
225 458 292 494 περὶ
313 458 364 494 τὴν
390 458 531 493 θεολογίαν
555 457 651 494 μηδεὶς
676 457 806 485 ἀπιστίαν
827 465 871 484 νο-

64 503 160 538 σείτω,
188 505 288 541 μηδεὶς
314 505 377 541 περὶ
391 505 441 541 τὴν
454 505 612 541 οἰκονομίαν
630 504 785 540 χωλευέτω,
803 504 872 532 ἀλλὰ

63 550 110 577 τὸν
126 551 161 577 ὲκ
177 550 325 587 Παρθένου
338 551 502 587 γεννηθέντα
518 551 647 588 Χριστὸν,
661 551 728 578 Θεὸν
741 551 810 586 ὁμοῦ
825 551 873 578 καὶ

63 596 220 633 ἄνθρωπον
238 597 404 633 ὁμολογείτω
423 597 485 624 καθ’
502 598 634 633 ἑκάτερον
644 607 651 614 '
665 597 709 625 διὰ
725 597 805 624 τοῦτο
817 597 872 634 γὰρ

65 642 114 670 καὶ
128 643 272 676 Θεοτόκος
287 643 334 671 καὶ
349 644 556 680 ἀνθρωποτόκος
569 644 607 680 (1)
621 645 637 679 ἡ
655 644 720 678 ἁγία
734 643 873 680 Παρθένος

64 689 119 717 ὑπὸ
135 690 195 717 τῶν
210 692 264 726 τῆς
284 690 425 723 εὐσεϐείας
439 690 608 717 διδασκάλων
621 691 854 727 προσαγορεύεται
864 700 871 706 ·

63 736 146 764 τοῦτο
163 737 219 773 μὲν
235 737 376 772 ὡς’φύσει
392 737 438 764 τὸν
449 735 556 773 [δούλῳ]
574 737 683 764 ἐοικότα
699 737 854 772 γεννήσασα
864 744 872 752 ⁸

64 784 158 811 ἐκεῖνο
173 783 216 816 δὲ,
236 783 275 816 ὡς
285 783 335 820 τῆς
348 783 395 811 τοῦ
411 783 505 810 δούλου
529 783 648 819 μορφῆς,
672 784 719 811 καὶ
733 783 802 810 Θεοῦ
824 783 873 819 τὴν

65 829 178 865 μορφὴν
199 829 348 865 ἡνωμένην
363 829 478 865 ἐχούσης
517 829 590 857 οὕτω
606 831 651 857 διὰ
664 830 802 865 θεολογίας
826 830 874 858 καὶ

63 876 232 910 οἰκονομίας
251 875 298 902 τὸν
312 875 344 902 τὸ
365 871 514 912 μυσλεήριον
534 877 600 912 ἡμῖν
616 876 647 903 τὸ
661 877 873 912 ἀποκεκρυμμέ-

63 931 109 949 νον
125 922 310 958 γνωρίσαντα
328 923 540 958 ἀνυμνήσωμεν,
556 923 603 950 καὶ
622 923 667 950 διὰ
686 923 736 959 τῆς
750 923 798 950 τοῦ
814 923 871 958 βίου
887 912 909 939 Β

64 967 265 1003 καθαρότητος
278 967 359 999 ναοὺς
382 968 497 999 ἑαυτοὺς
510 968 550 1004 τῷ
568 967 628 1003 Θεῷ
649 968 870 996 κατασκευάσαν-

63 1022 110 1045 τες
136 1013 191 1048 (2),
220 1013 325 1041 Evotxov
347 1013 427 1040 αὐτὸν
445 1013 591 1050 λάϐωμεν·
610 1014 658 1042 καὶ
681 1015 743 1046 ταῖς
765 1015 874 1042 ἀκτῖσιν

65 1058 151 1086 αὑτοῦ
170 1059 369 1095 φωτιζόμενοι,
391 1059 429 1091 ὡς
451 1060 480 1086 ὲν
495 1059 587 1096 ἡμέρᾳ
600 1060 777 1096 εὐσχημόνως
793 1069 874 1096 περι-

65 1105 254 1140 πατήσωμεν,
284 1105 496 1140 προσδεχόμενοι
529 1105 579 1141 τὴν
604 1106 744 1141 μακαρίαν
777 1106 874 1133 ἐλπίδα

66 1151 115 1178 καὶ
127 1151 299 1186 ἐπιφάνειαν
312 1150 363 1186 τῆς
375 1151 456 1187 δόξης
474 1150 523 1178 τοῦ
543 1151 661 1187 μεγάλου
675 1151 743 1178 Θεοῦ
759 1151 806 1178 καὶ
821 1152 874 1179 Σω-

64 1197 153 1233 τῆρος
177 1197 263 1233 ἡμῶν
290 1196 379 1232 Ἰησοῦ
394 1197 523 1233 Χριστοῦ,
540 1198 599 1233 μεθ’
621 1194 652 1224 οὗ
667 1197 706 1233 τῷ
721 1198 808 1233 [Ia-:91
825 1198 874 1225 σὺν

66 1244 106 1279 τῷ
130 1244 204 1279 ἁγίῳ
222 1243 366 1279 Πνιύματι
379 1243 443 1277 δόξα
458 1245 506 1272 καὶ
528 1245 626 1280 κράτος
642 1244 682 1276 είς
695 1244 758 1276 τοὺς
772 1243 874 1275 αἰῶνας

66 1291 122 1318 τῶν
135 1290 262 1318 αἰώνων.
286 1291 384 1327 Ἀμήν.

103 1382 128 1399 ’³
142 1381 228 1410 Rom.
243 1389 305 1417 xm,
317 1384 361 1411 15.
400 1384 408 1400 ¹
428 1384 504 1412 Tit.u
522 1404 529 1417 ,
543 1384 588 1411 15.

106 1473 146 1509 (ι)
167 1472 270 1505 Recte.
280 1473 311 1509 rsi
330 1477 477 1509 utrumque
494 1471 577 1509 simul
593 1471 733 1509 epitheton
752 1479 871 1509 pronun-

69 1507 170 1542 tietur;
191 1508 299 1544 peperit
317 1508 388 1536 enim
409 1507 491 1535 Maria
513 1507 652 1544 Christum
676 1507 758 1544 Deum
778 1513 805 1535 et
825 1508 871 1534 ho-

70 1542 297 1572 mincmeecus
317 1548 423 1575 autem,
440 1543 463 1570 si
483 1542 749 1576 οηιίεςυ-Θεοτόκος,
767 1543 873 1569 dicatur

71 1579 266 1615 tantummodo
277 1577 496 1615 ἀνθρωποτόκος,
506 1578 534 1606 in
546 1577 736 1606 Nestoriauam
749 1578 873 1613 blasphe-

71 1615 156 1643 miam
171 1614 296 1643 incidere
315 1614 427 1642 necesse
441 1619 493 1642 est.

922 269 1022 296 passus
1036 266 1088 294 est,
1101 262 1146 297 qui
1163 263 1226 290 dum
1241 262 1313 290 Deus
1326 262 1384 290 ﬁeri
1404 264 1492 298 cupit,
1505 269 1533 291 ut
1547 263 1636 299 imago
1648 273 1715 300 quo-

921 313 975 342 que
993 307 1038 335 Dei
1052 312 1126 336 esset
1142 307 1245 335 amisit.

921 365 1031 393 XXXV.
1051 365 1128 399 Quod
1148 370 1248 400 oportet
1265 365 1315 393 Dei
1330 370 1352 392 et
1371 366 1486 394 hominis
1501 371 1612 395 matrem
1628 367 1717 395 dicere

1159 403 1295 437 (sanctam
1316 400 1476 437 Virginem.)

958 458 1032 494 Ergo
1056 457 1082 485 in
1108 457 1244 493 theologia
1271 464 1351 485 nemo
1376 457 1571 487 incredulitate
1599 459 1715 494 laboret,

923 511 1004 531 nemo
1020 503 1092 531 circa
1104 502 1302 531 incarnationis
1318 503 1479 539 mysterium
1503 504 1647 539 claudicet,
1670 507 1716 534 sed

923 558 956 579 ex
975 550 1086 586 Virgine
1100 555 1194 578 natum
1209 550 1361 584 Christum,
1375 551 1460 578 Deum
1481 552 1562 579 simul
1583 556 1611 580 et
1627 553 1718 580 horni-

924 606 986 626 nem
1013 598 1184 626 conﬁteatur.
1211 597 1359 632 Propterea
1375 598 1447 625 enim
1469 602 1557 626 mater
1577 604 1605 627 et
1629 599 1676 627 Dei
1690 605 1718 628 et

925 644 1046 672 hominis
1075 648 1168 671 sancta
1188 643 1270 678 Virgo
1295 651 1310 670 a
1326 640 1408 672 rectae
1423 644 1562 679 religionis
1581 646 1719 680 magistris

924 690 1078 725 appellatur
1093 698 1100 722 ;
1117 689 1168 717 hoc
1185 688 1307 724 quidem,
1334 690 1398 724 quia
1425 690 1585 717 naturaliter
1597 699 1657 718 eum
1671 692 1718 726 qui

925 737 951 765 in
966 737 1053 764 forma
1072 736 1144 763 servi
1162 740 1221 762 erat
1237 735 1347 771 genuit;
1363 736 1429 763 illud
1448 741 1551 769 autem,
1570 738 1631 772 quia
1647 739 1718 765 servi

925 782 1011 817 forma
1041 782 1156 810 fortnam
1185 782 1232 810 Dei
1248 783 1354 809 unitam
1379 782 1472 810 habet.
1489 783 1578 817 Atque
1601 784 1637 811 ita
1655 791 1718 811 eum

925 829 1080 862 laudemus,
1101 829 1147 863 qui
1178 835 1226 863 per
1252 828 1414 863 theologiam
1436 833 1464 856 et
1488 829 1718 864 dispensationem

926 875 1088 912 mysterium
1107 875 1186 904 nobis
1202 875 1390 903 absconditum
1409 875 1548 904 ret'elavit.
1570 877 1638 904 Tum
1653 885 1719 905 vero

924 924 986 950 vitae
1009 923 1128 958 puritate
1143 922 1242 957 templa
1269 927 1377 950 nosmet
1392 922 1439 950 Dei
1458 922 1622 956 efﬁcientes.
1639 925 1720 952 habi-

924 974 1042 997 tatorem
1064 970 1189 997 eumdem
1219 969 1413 997 nanciscamur
1428 978 1435 996 :
1450 969 1564 1004 ejusque
1589 970 1719 1006 splendo-

923 1017 999 1045 ribus
1031 1017 1188 1050 illuminati,
1221 1017 1292 1045 sicut
1319 1017 1347 1045 in
1379 1017 1425 1045 die
1451 1018 1567 1046 honeste
1598 1019 1721 1046 ambule-

924 1071 984 1090 mus
999 1064 1033 1096 η,
1064 1068 1258 1098 exspectantes
1286 1063 1396 1091 beatam
1419 1070 1494 1099 spem
1520 1069 1547 1091 et
1573 1065 1719 1092 adventum

927 1110 1019 1144 gloria:
1044 1110 1132 1144 magni
1166 1109 1213 1137 Dei
1232 1114 1260 1137 et
1271 1109 1422 1138 Salvatoris
1436 1110 1522 1138 nostri
1551 1110 1614 1139 Jesu
1639 1111 1721 1139 Chri-

926 1156 960 1184 sti
978 1156 1000 1188 ¹,
1017 1164 1078 1183 cum
1094 1163 1147 1191 quo
1160 1155 1233 1184 Patri
1260 1164 1368 1191 unaque
1382 1161 1479 1185 sancto
1499 1157 1613 1192 Spiritui
1633 1157 1720 1193 gloria

925 1206 954 1230 et
966 1202 1087 1237 potentia
1105 1202 1133 1229 in
1151 1202 1248 1230 secula
1270 1202 1445 1232 seculorum.
1464 1203 1564 1232 Amen.

960 1470 1000 1508 (2)
1021 1470 1066 1499 Sic
1085 1471 1166 1500 etiam
1184 1471 1330 1508 prredietus
1349 1469 1461 1508 Nicetns
1477 1474 1621 1508 tractatum
1641 1479 1719 1501 suum

925 1505 968 1534 De
979 1506 1081 1539 Spiritu
1095 1505 1191 1535 εαηειό
1203 1507 1356 1538 concludit.
1372 1514 1399 1540 p.
1413 1506 1465 1534 329
1481 1515 1488 1533 :
1503 1512 1526 1533 et
1542 1507 1662 1537 deinceps
1676 1515 1720 1540 pa-

926 1550 982 1569 tem
999 1548 1023 1568 et
1041 1542 1208 1571 dilectionem
1226 1546 1356 1570 sectantes
1367 1562 1374 1575 ,
1392 1541 1466 1568 bouis
1483 1549 1584 1576 sentpcr
1599 1543 1719 1577 operibus

927 1578 1099 1612 abundemus,
1116 1584 1167 1607 etc-
