4106 6428
484 375 541 427 Η
1486 372 1542 426 S.
1586 372 1865 427 CYRILLI
1909 375 2062 430 ΑιΕ]

2165 378 2380 430 ιυιιιΜ
2402 332 2748 435 ’AliCﬂlEP.
3689 396 3758 450 1?.

484 506 573 545 res
601 497 814 557 vestrm,
844 488 970 559 quia
1012 489 1240 545 audiunt
1279 492 1315 544 ³.
1353 509 1370 542 ι
1403 489 1588 562 Neque
1623 501 1801 547 tamen
1839 505 2062 550 conatus

2170 496 2219 548 οἱ
2264 496 2569 568 ὀφθαλμοὶ,
2615 497 2697 552 ὅτι
2738 496 3031 568 βλέπουσι,
3077 499 3172 554 καὶ
3213 501 3281 555 τά
3313 495 3428 556 ὦτα
3477 504 3652 575 ὑμῶν,
3686 508 3772 561 ὅτι

484 580 872 634 detrectandus
909 580 1065 635 nobis
1107 588 1232 648 est;
1279 580 1374 636 sed
1401 581 1455 636 in
1502 582 1619 650 ipso
1644 581 1866 638 Christo
1909 598 2062 652 spem

481 668 838 736 collocantes,
865 668 1082 724 labores
1107 670 1276 723 etiam
1317 667 1527 724 viribus
1571 669 1774 724 nostris
1827 668 2064 740 majores

482 761 863 834 aggrediemur
885 800 901 824 ,
931 760 1235 815 certissima
1273 760 1469 816 ﬁducia
1496 761 1693 827 erecti,
1726 742 1878 814 illum
1909 761 2066 817 nobis

487 851 802 908 adfuturum
826 860 883 907 et
914 850 1151 921 Spiritus
1183 851 1361 907 sancti
1393 850 1836 922 prmlustratione
1869 852 1936 905 ad
1973 865 2066 907 ve-

485 942 663 997 ritatis
690 941 1058 997 inventionem
1093 942 1408 996 ducturum.
1441 940 1653 1012 Scopus
1685 942 1827 996 enim
1861 952 2065 997 nostrae

481 1034 751 1091 orationis
789 1040 873 1089 est
914 1033 1100 1088 dicere
1167 1032 1311 1102 quod
1345 1030 1506 1088 Jesus
1540 1033 1615 1087 sit
1653 1032 1935 1088 Dominus.
1971 1031 2066 1088 Di-

481 1141 665 1184 cemus
688 1133 868 1180 autem
899 1122 953 1178 id
984 1123 1210 1179 omnino
1242 1123 1294 1176 in
1327 1121 1538 1194 Spiritu
1567 1133 1797 1190 sancto;
1825 1124 1898 1178 ita
1918 1124 2064 1179 enim

483 1215 680 1270 Paulus
731 1214 809 1268 ait
852 1231 868 1270 :
908 1229 928 1264 ι
960 1211 1132 1267 Nemo
1173 1220 1348 1281 potest
1399 1212 1604 1275 dicere.
1642 1214 1766 1283 quia
1802 1214 2064 1269 Dominus

477 1305 659 1371 Jesus,
696 1304 800 1359 nisi
824 1305 877 1359 in
906 1302 1114 1373 Spiritu
1150 1314 1344 1357 sancto
1365 1304 1408 1356 ’.
1428 1321 1455 1354 ι
1484 1302 1620 1359 Cum
1650 1306 1792 1358 enim
1814 1304 2064 1359 nonnulli

481 1416 587 1455 non
620 1406 917 1454 vereantur
938 1396 991 1451 in
1011 1396 1298 1451 Beelzebul
1333 1395 1517 1453 dicere
1541 1398 1834 1452 anathema
1857 1396 2064 1464 Jesum,

480 1493 820 1562 Scripturam
846 1505 1084 1554 sacram,
1127 1504 1234 1559 quo
1292 1489 1424 1558 ipsis
1455 1488 1668 1544 libitum
1709 1498 1816 1557 est,
1864 1489 2066 1545 distor-

481 1592 806 1654 quentcs,et
833 1596 930 1637 sua
960 1582 1199 1652 ipsorum
1228 1579 1427 1649 placita
1466 1578 1703 1651 Spiritus
1732 1573 1909 1634 sancti
1940 1594 2068 1636 ora-

481 1675 618 1730 culis
641 1680 1058 1744 anteponentes,
1092 1686 1156 1726 ar.
1191 1671 1477 1725 Dominum
1520 1671 1609 1740 qui
1648 1671 1797 1742 ipsos
1835 1671 2067 1727 redemit

2169 587 2481 643 ἁκούουσιν.
2509 609 2528 641 ι
2574 589 2690 645 Οὐκ
2740 590 2998 664 ὀκνητέον
3045 592 3092 646 δ’
3136 589 3232 648 οὖν
3278 595 3430 667 ὅμως
3484 596 3622 669 πρὸς
3668 599 3771 670 τὴν

2168 679 2511 752 ἐγχείρησιν·
2557 680 2673 735 ἀλλ’
2703 682 2792 737 ἐπ’
2824 683 2975 754 αύτῷ
3006 683 3105 756 τὴν
3146 684 3337 740 ἐλπίδα
3381 687 3658 757 τιθέμενοι
3690 690 3771 762 τῷ

2176 771 2418 843 Χριστῷ,
2449 771 2545 842 καὶ
2573 772 2680 826 τῶν
2714 774 2855 845 ὑπὲρ
2883 774 3118 845 δύναμιν
3152 776 3406 847 ἀψόμεθα
3444 781 3643 848 πόνων,
3684 782 3768 837 ὅτι

2173 862 2561 933 συμπαρέσται
2606 865 2701 918 καὶ
2741 867 3150 936 χειραγωγήσει
3182 870 3305 931 ταῖς
3333 869 3426 922 τοῦ
3457 871 3768 943 πνεύματος

2108 996 2117 1001 -
2168 951 2477 1024 δᾳδουχίαις
2514 954 2609 1007 ἐπὶ
2651 955 2749 1026 τὴν
2794 956 2897 1027 τῆς
2929 956 3189 1028 ἀληθείας
3241 959 3460 1031 εὕρεσιν
3493 962 3767 1019 ἀνενδοιά-

2172 1063 2313 1110 στως
2351 1046 2723 1111 πιστεύοντες.
2768 1047 3137 1122 Σκοπδς’γάρ
3203 1050 3379 1107 εἰπεῖν
3430 1053 3513 1107 ὅτι
3562 1053 3769 1126 Κύριος

2182 1136 2412 1208 Ἰησοῦς.
2452 1137 2720 1209 Ἐροῦμεν
2746 1138 2804 1193 δέ
2832 1137 3055 1205 πάντως
3082 1142 3163 1195 ὅτι
3195 1142 3253 1195 ἐν
3283 1142 3423 1216 ἁγίῳ
3450 1145 3730 1217 Πνεύματι
3749 1165 3764 1178 ο

2168 1232 2312 1286 οὓτω
2350 1231 2459 1305 γάρ
2498 1234 2527 1287 ὁ
2558 1233 2775 1298 Παῦλός
2805 1251 3002 1305 φησιν·
3045 1254 3066 1288 ι
3099 1236 3291 1302 Οὐδεὶς
3329 1238 3552 1294 δύναται
3590 1242 3769 1296 εἰπεῖν

2168 1323 2249 1377 ὅτι
2283 1323 2488 1394 Κύριος
2543 1324 2790 1396 Ἰησοῦς,
2842 1327 2892 1379 εἰ
2974 1327 3049 1400 μὴ
3100 1330 3158 1382 ἐν
3207 1330 3489 1402 Πνεύματι
3541 1334 3704 1405 ἁγίῳ.
3741 1353 3761 1386 ›

2180 1414 2401 1487 Ἐπειδὴ
2443 1416 2553 1488 γάρ
2603 1433 2750 1480 τινες
2795 1417 2853 1471 ἐν
2884 1417 3224 1482 Βεελζεὸοὐλ
3257 1421 3359 1476 οὐκ
3411 1423 3765 1494 αἰσχύνονται

2164 1503 2350 1573 λέγειν
2383 1503 2635 1577 ἀνάθεμα
2670 1505 2900 1577 Ἰησοῦν,
2929 1506 3030 1570 τὰς
3075 1508 3173 1579 μὲν
3224 1509 3403 1575 θείας,
3450 1511 3588 1581 πρὸς
3627 1513 3767 1586 ὅπερ

2170 1593 2239 1648 ἂν
2272 1595 2455 1663 αὐτοῖς
2478 1595 2672 1663 δόξειε,
2707 1597 3159 1669 παρατρέποντες
3185 1601 3430 1672 Γραφάς,
3458 1604 3567 1658 τῶν
3592 1604 3648 1659 δὲ
3668 1604 3766 1658 τοῦ

2166 1687 2488 1758 Πνεύματος
2517 1687 2732 1757 λογίων,
2757 1688 2817 1742 τὸ
2846 1690 2904 1756 ἐξ
2934 1690 3148 1744 οἰκείων
3182 1690 3503 1763 θελημάτων
3532 1696 3768 1766 προτάτ-

479 1768 835 1835 abnegantes,
875 1771 935 1818 ut
972 1761 1255 1832 Scriptura
1309 1760 1554 1830 loquitur
1583 1761 1603 1792 ³
1635 1778 1651 1815 :
1690 1761 2062 1831 necessarium

2166 1793 2353 1841 τοντες
2385 1777 2617 1849 κίνημα,
2646 1779 2742 1832 καὶ
2766 1779 2857 1833 τὸν
2886 1779 3234 1849 ἀγοράσαντα
3263 1760 3463 1847 αὐτοὺς
3489 1760 3768 1856 Δεσπότην

480 1856 643 1926 plane
677 1853 918 1923 utileque
960 1862 1015 1908 et
1046 1852 1379 1907 conveniens
1421 1852 1760 1919 censuimus,
1792 1859 1889 1907 tuo
1926 1866 2062 1908 con-

2169 1838 2531 1941 ἀρνούμενοι,
2556 1838 2704 1925 καθά
2737 1838 3086 1942 γέγραπται*
3118 1873 3418 1942 ἀναγκαῖον
3441 1838 3601 1947 ’ὁμοῦ

479 1947 602 2002 silio
633 1955 799 2021 atque
830 1944 1071 2008 hortatu,
1100 1942 1172 1996 mi
1204 1941 1391 2009 frater,
1426 1945 1571 1999 hanc
1598 1942 2062 2010 dissertationem,

479 2053 602 2108 quos.
639 2051 851 2107 magnae
879 2035 934 2089 in
963 2043 1243 2104 posterum
1278 2033 1532 2089 utilitatis
1560 2033 1780 2089 occasio
1805 2033 2067 2089 Ecclesiae

479 2130 660 2184 futura
710 2137 814 2194 est,
860 2136 1178 2192 contexere,
1231 2135 1287 2181 et
1340 2125 1407 2180 ad
1457 2125 1670 2194 singula
1717 2141 1839 2196 qua!
1877 2127 1946 2180 ab
1986 2126 2067 2181 eis

479 2228 799 2292 quaeruntur
826 2228 883 2273 et
911 2217 1270 2288 objiciuntur,
1305 2218 1618 2273 summatim
1651 2234 1714 2273 ac
1760 2235 1858 2290 per
1886 2220 2064 2288 capita

479 2309 835 2381 respondere.
865 2308 996 2374 Qua:
1021 2309 1240 2378 quidem
1274 2309 1568 2365 lectoribus
1603 2326 1710 2365 non
1740 2327 1926 2380 parva:
1961 2311 2068 2366 uti-

478 2400 620 2456 litati
640 2398 756 2454 l‘ore
782 2398 1060 2456 existimo.
1087 2398 1368 2470 Multiplex
1396 2403 1542 2456 enim
1577 2416 1643 2457 ac
1672 2401 2025 2458 innitituris
2048 2444 2063 2469 ,

477 2502 539 2549 ut
580 2493 656 2548 ita
704 2493 907 2558 dicam,
954 2491 1124 2548 estin
1161 2490 1277 2546 Arii
1327 2501 1383 2548 et
1428 2491 1677 2548 Eunomii
1721 2493 2065 2565 dogmatibus

474 2601 654 2653 error,
700 2587 980 2655 variisque
1011 2585 1189 2640 modis
1218 2585 1467 2640 veritatis
1493 2584 1723 2641 formam
1752 2584 1942 2642 fucant
1978 2596 2066 2643 at-

474 2693 585 2749 que
632 2676 966 2733 adulteram.
1000 2675 1472 2743 Quemadmodum
1510 2676 1655 2732 enim
1701 2678 2066 2734 meretricula

479 2771 557 2826 rei
590 2769 761 2842 ipsius
799 2769 1196 2840 turpitudinem
1231 2778 1352 2824 arte
1383 2768 1763 2841 industriaque
1789 2772 2067 2828 occultare

476 2871 759 2931 putantes,
800 2869 1002 2917 ornant
1051 2872 1193 2925 sese,
1243 2858 1478 2931 fucoque
1512 2861 1787 2929 oblinunt,
1833 2863 2065 2934 aliisque

477 2956 530 3011 id
554 2968 721 3027 genus
744 2952 1084 3010 ornamentis
1115 2952 1397 3021 adhibitis,
1426 2954 1738 3024 speciosum
1780 2955 2062 3011 interitum

476 3044 821 3102 cernentium
873 3042 1046 3099 oculis
1073 3040 1387 3111 objiciunt:
1427 3044 1618 3100 eadem
1653 3045 1817 3116 plane
1852 3048 2063 3102 ratione

476 3136 856 3192 haereticorum
917 3149 1202 3190 sermones
1246 3135 1509 3192 exitiosos
1557 3134 1794 3192 fucatam
1840 3138 2060 3209 pietatis

475 3229 707 3285 formam
736 3243 845 3299 prae
872 3243 930 3284 se
959 3227 1103 3283 ferre
1126 3226 1338 3296 judico,
1367 3242 1530 3298 quam
1561 3230 1780 3300 quidem
1809 3232 2060 3289 veritatis

474 3319 660 3376 verbis
694 3333 969 3374 exornare
1002 3326 1298 3383 conantur,
1330 3332 1455 3373 cum
1482 3317 1633 3374 nullo
1665 3319 1825 3373 modo
1857 3318 2063 3375 verita-

477 3424 584 3467 tem
617 3410 927 3484 proferant,
953 3408 1048 3464 sed
1077 3423 1300 3464 exosam
1329 3408 1440 3464 Deo
1469 3409 1806 3477 impietatem
1837 3411 2063 3464 menda-

473 3503 545 3558 cii
593 3503 812 3574 plenam
843 3502 896 3557 in
934 3489 1158 3572 pectore
1189 3511 1406 3572 gerant.
1439 3501 1711 3557 Caeterum
1744 3501 1836 3572 qui
1876 3501 2062 3558 solerti

473 3594 705 3651 rationis
735 3592 1009 3648 industria
1031 3599 1267 3647 mentem
1294 3593 1696 3658 communiunt,
1717 3606 2061 3663 nequaquam

473 3686 691 3742 illorum
739 3684 1088 3740 sermonibus
1121 3688 1436 3755 capiuntur,
1480 3684 1575 3741 sed
1619 3699 1764 3740 verre
1803 3684 2063 3740 sincerae-

470 3792 581 3849 que
619 3776 744 3833 ﬁdei
783 3777 1061 3833 mordicus
1102 3776 1475 3845 adhaerentes,
1523 3776 1596 3832 de
1648 3778 1845 3848 seipsis
1877 3777 2065 3833 conci-

472 3875 633 3936 nunt,
662 3867 909 3923 dicentes
943 3886 956 3922 :
988 3886 1007 3919 ι
1038 3866 1374 3923 Benedictus
1408 3868 1674 3924 Dominus
1700 3868 1793 3940 qui
1823 3884 1931 3923 non
1966 3871 2062 3924 de-

473 3957 680 4015 ditnos
706 3958 761 4013 in
796 3958 1104 4029 captionem
1135 3959 1390 4014 dentibus
1413 3973 1600 4014 eorum
1619 3959 1662 4016 ⁸.
1702 3978 1720 4012 ι
1743 3959 1930 4016 Visum
1962 3961 2064 4017 ita-

472 4065 579 4119 que
623 4051 782 4107 nobis
832 4052 1079 4121 cst‘quac
1125 4064 1328 4120 magno
1372 4051 1555 4106 studio
1598 4053 2058 4123 comparavimus,

472 4154 793 4212 congerere,
843 4155 1023 4212 neque
1049 4155 1181 4196 vero
1211 4142 1315 4197 ulla
1348 4142 1900 4209 rationesermonem
1928 4159 2063 4201 con-

474 4232 728 4298 fundere,
752 4231 848 4286 sed
876 4232 1057 4302 potius
1079 4231 1371 4287 distinctas
1399 4233 1452 4286 in
1477 4232 1692 4305 singula
1726 4238 1904 4305 capita
1933 4251 2063 4306 pro-

473 4323 724 4379 bationes
758 4323 1131 4379 continentem
1164 4337 1461 4393 exponere.
1489 4324 1542 4396 3
1570 4325 1645 4380 ita
1675 4326 1822 4380 enim
1860 4327 1974 4396 ﬁet,
2004 4339 2064 4385 nt

471 4428 663 4472 eorum
704 4430 824 4486 qua:
844 4415 897 4470 in
931 4416 1035 4471 hoc
1056 4429 1229 4486 opere
1263 4425 1591 4483 tractantur,
1623 4419 1861 4488 cognitio
1889 4423 2062 4493 magis

475 4508 762 4579 perspicua
793 4506 1197 4579 manifestaque
1230 4507 1476 4564 studioso
1517 4511 1754 4566 auditori
1795 4515 1868 4567 sit
1904 4511 2059 4569 futu-

474 4612 556 4653 ra.
588 4597 802 4654 Titulus
836 4613 968 4654 vero
1004 4598 1166 4665 hujus
1204 4597 1387 4668 operis
1419 4606 1521 4665 est,
1556 4598 1878 4668 Thesaurus,
1918 4605 2062 4674 quod

455 4691 751 4762 ingentem
784 4691 839 4746 in
873 4706 934 4746 se
960 4691 1274 4747 divinarum
1296 4692 1817 4763 contemplationum
1841 4696 2063 4752 thesau-

473 4799 593 4840 rum
635 4784 1075 4854 complectatur:
1115 4782 1328 4838 tametsi
1354 4799 1456 4854 ego
1502 4795 1557 4842 et
1589 4786 1897 4843 doctrinam
1948 4804 2062 4844 me-

471 4876 716 4930 diocrem
772 4884 830 4930 et
869 4874 1148 4945 ingenium
1183 4876 1252 4929 ad
1299 4878 1777 4948 contemplandum
1810 4897 1916 4936 non
1959 4882 2062 4936 ad-

477 4967 702 5023 modum
728 4981 859 5022 acre
890 4968 947 5021 in
974 4981 1062 5022 me
1095 4976 1408 5037 agnoscam.
1442 4968 1646 5027 Gratire
1678 4986 1809 5028 vero
1838 4976 2062 5045 agendae

375 5081 383 5090 -
472 5065 601 5114 sunt
638 5058 886 5120 Christo,
922 5057 1016 5127 qui
1055 5059 1239 5114 omnia
1278 5059 1530 5115 omnibus
1563 5061 1779 5118 abunde
1808 5065 2060 5134 suppedi-

473 5157 572 5207 tat.
626 5147 883 5203 Monendi
922 5158 1104 5203 autem
1132 5157 1257 5204 sunt
1294 5149 1550 5218 lectores,
1596 5154 1775 5222 capita
1820 5152 1944 5210 libri
1991 5156 2055 5210 ad

455 5254 724 5294 'normam
765 5238 928 5308 hujus
967 5237 1168 5295 tabulae
1202 5240 1318 5296 sive
1349 5242 1567 5311 indicis,
1604 5246 1696 5314 qui
1744 5245 2054 5318 subjicitur,

472 5342 594 5384 esse
638 5328 962 5396 composita.
1009 5328 1460 5401 Complectuntur
1494 5348 1624 5390 vero
1672 5335 1881 5406 singula
1917 5352 2060 5408 quae-

473 5434 581 5489 que
603 5419 786 5489 capita
818 5420 984 5476 etiam
1033 5435 1097 5478 ea
1122 5438 1247 5494 qua:
1273 5427 1339 5479 ad
1367 5427 1619 5482 eumdem
1652 5430 2060 5500 contemplatio-

473 5511 559 5564 nis
593 5525 819 5581 scopum
842 5514 1146 5585 pertinent,
1176 5526 1232 5572 et
1254 5534 1350 5588 per
1378 5518 1648 5576 circuitus
1674 5531 1840 5592 atque
1865 5523 2060 5580 anfra-

474 5609 595 5656 ctus
625 5602 693 5658 ad
723 5603 975 5665 eumdem
1011 5607 1173 5679 tituli,
1198 5609 1302 5667 sub
1330 5624 1440 5681 quo
1469 5615 1871 5685 comprehensa
1905 5629 2056 5687 sunt,

2170 1960 2332 2031 σιμόν
2387 1978 2447 2014 τε
2490 1960 2589 2014 καὶ
2637 1961 2851 2034 πρέπον
2904 1961 3275 2034 ἐλογισάμεθα
3324 1967 3467 2020 κατά
3522 1967 3620 2040 τὴν
3666 1969 3767 2040 σὴν

2169 2050 2479 2123 ὺπόμνησίν
2507 2067 2569 2104 τε
2607 2051 2704 2105 καὶ
2733 2053 3072 2124 προτροπὴν,
3103 2053 3323 2124 ἀδελφέ,
3354 2058 3467 2120 τοῖς
3505 2057 3606 2127 τῆς
3640 2058 3765 2112 Ἐκ-

2167 2140 2400 2213 κλησίας
2424 2141 2656 2208 τέκνοις,
2688 2142 2788 2213 τῆς
2810 2143 2891 2205 είς
2914 2142 2976 2196 τὸ
3007 2144 3197 2213 μέλλον
3221 2128 3488 2215 ὠφελείας
3509 2148 3766 2202 ὑπόθεσιν

2168 2229 2432 2300 ἐξυφῆναι
2478 2231 2571 2285 τὸν
2600 2230 2787 2299 λόγον’
2819 2229 2915 2284 καὶ
2946 2232 3026 2294 είς
3067 2230 3275 2287 ἕκαστα
3302 2233 3411 2287 τῶν
3455 2239 3593 2309 (παρ’
3622 2239 3768 2291 ἐκεί-

2166 2336 2280 2383 νοις
2331 2320 2683 2392 ζητουμένων
2728 2336 2786 2372 τε
2822 2318 2918 2375 καὶ
2965 2321 3343 2391 κεκινημένων
3379 2325 3766 2395 κεφαλαιωδῶς

2169 2410 2429 2474 ἐξειπεῖν,
2462 2410 2605 2485 άπερ
2636 2406 2793 2481 οῖμαι
2834 2409 2971 2482 πρὸς
3017 2410 3354 2479 λυσιτελείας
3382 2415 3604 2473 ἔσεσθαι
3654 2422 3768 2484 τοῖς

2165 2502 2575 2575 ἐντευξομένοις
2613 2503 2675 2557 οὐ
2713 2505 2936 2575 μικρᾶς.
2986 2505 3332 2580 Πολυσχιδὴς
3373 2511 3473 2580 μὲν
3521 2511 3631 2583 γὰρ
3669 2512 3768 2566 καὶ

2169 2596 2638 2668 πολυπρόσωπος,
2687 2596 2755 2650 ἵν’
2801 2596 2977 2664 οὕτως
3020 2601 3292 2670 εἴπωμεν,
3337 2604 3370 2674 ἡ
3404 2604 3515 2659 τῶν
3554 2606 3766 2678 ’Δρείου

2166 2688 2267 2742 καὶ
2296 2687 2565 2759 Εὑνομίου
2596 2688 2886 2760 δογμάτων
2912 2689 3031 2744 ἐστὶ
3064 2692 3262 2765 πλάνη,
3297 2695 3392 2749 καὶ
3416 2697 3677 2763 ποικίλως
3707 2699 3768 2752 τὸ

2164 2780 2265 2853 τῆς
2304 2779 2567 2850 ἀληθείας
2600 2779 2899 2835 πλάττεται
2950 2783 3158 2854 σχῆμα.
3187 2785 3400 2858 Ὠσπερ
3437 2788 3545 2860 γὰρ
3589 2789 3661 2843 τὰ
3706 2790 3766 2846 ἐν

2164 2873 2278 2935 τοῖς
2328 2872 2570 2941 γυναίοις
2603 2875 3024 2947 ἐταιριξόμενα,
3071 2877 3134 2931 τὸ
3178 2878 3243 2932 ἐκ
3290 2879 3386 2933 τοῦ
3437 2882 3763 2954 πράγματος

2165 2955 2356 3034 αἶσχος
2396 2966 2517 3026 ταῖς
2556 2965 2617 3032 ἐξ
2662 2967 2904 3032 ἐπινοίας
2936 2968 3220 3038 ἀφανίζειν
3258 2971 3481 3043 οίόμενα
3522 2974 3762 3045 τέχναις.

2162 3052 2459 3126 ὡραΐζεταί
2501 3073 2562 3109 τε
2602 3057 2700 3111 καὶ
2738 3059 3116 3130 χρισιάζεται,
3157 3061 3251 3116 καὶ
3297 3065 3416 3127 ταῖς
3455 3063 3641 3129 ἄλλαις
3669 3067 3767 3119 τοῦ

2165 3146 2374 3217 κόσμου
2406 3145 2748 3217 προσθήκαις
2787 3150 3239 3224 εὐπρεπεστάτην
3270 3157 3383 3217 τοῖς
3413 3157 3613 3226 ὁρῶσιν
3646 3158 3768 3210 ἐπι-

2164 3236 2402 3292 δεικνύει
2432 3238 2532 3310 τὴν
2569 3238 2846 3295 ἀπώλειαν
2867 3259 2880 3273 ο
2913 3243 3007 3297 τὸν
3048 3245 3211 3298 αὐτὸν
3253 3240 3407 3318 οἶμαι
3437 3246 3639 3317 τρόπον
3670 3249 3767 3301 καὶ

2160 3328 2260 3392 τὰς
2288 3328 2564 3402 ὀλεθρίους
2594 3331 2704 3384 τῶν
2733 3332 3186 3405 ἐτεροδοξούντων
3231 3337 3510 3410 φωνὰςὶτὸ
3537 3339 3636 3411 τῆς
3676 3339 3770 3392 εὐ-

2164 3421 2381 3487 σεὸείας
2427 3424 2857 3496 σχηματίζεσθαι
2914 3426 3145 3496 κάλλος,
3190 3429 3285 3482 καὶ
3326 3431 3441 3494 τοῖς
3485 3430 3585 3501 τῆς
3629 3430 3767 3502 ἀλη-

2163 3513 2315 3578 θείας
2345 3515 2642 3588 πειρᾶσθαι
2671 3517 3118 3589 περιανθίζεσθαι
3147 3519 3360 3590 λόγοιςο
3394 3521 3634 3593 οὐδαμοῦ
3667 3524 3768 3594 μὲν

2161 3602 2351 3657 ὠδῖνον
2398 3603 2498 3676 τὴν
2526 3604 2808 3677 ἀλήθειαν,
2840 3606 3045 3662 ἔσωθεν
3090 3608 3148 3663 δέ
3198 3612 3594 3682 κεκρυμμένην
3643 3612 3768 3683 ἔχον

2161 3693 2263 3767 τὴν
2290 3696 2400 3750 ἀπὸ
2428 3696 2524 3751 τοῦ
2551 3696 2781 3768 ψεύδους
2810 3698 3279 3773 θεοστυγεστάτην
3306 3703 3582 3758 ἀσέϐειαν.
3621 3702 3782 3759 Ἀλλ’

2161 3787 2214 3840 οἱ
2239 3787 2398 3859 νήψει
2428 3792 2495 3862 τῇ
2530 3792 2651 3846 κατ’
2678 3793 2994 3866 ἐντρέχειαν
3026 3794 3251 3865 λογικὴν
3280 3794 3373 3850 τὸν
3401 3797 3602 3851 οἰκεῖον
3634 3798 3768 3853 ἀνα-

2162 3882 2495 3953 τειχίζοντες
2517 3883 2665 3951 νοῦν,
2690 3887 2805 3949 τοῖς
2842 3886 2942 3956 μὲν
2977 3886 3108 3957 παρ’
3130 3887 3363 3957 ἐκείνων
3388 3889 3489 3961 οὐχ
3514 3890 3769 3947 ἁλίσκον-

2161 3990 2255 4029 ται
2286 3974 2488 4045 λόγοις,
2518 3977 2619 4049 τῆς
2651 3977 2709 4030 δέ
2747 3977 2920 4043 ὅντως
2955 3972 3144 4047 ὑγιοῦς
3175 3980 3347 4050 ἀπρὶξ
3379 3981 3628 4053 ἐχόμενοι
3677 3985 3768 4038 πί-

2164 4081 2375 4131 στεως,
2423 4068 2513 4137 ἐφ’
2558 4068 2775 4132 ἐαυτοῖς
2818 4068 3193 4140 άναμέλπουσι
3225 4069 3509 4140 λέγοντες’
3546 4091 3571 4125 4
3597 4074 3769 4129 Εὐλο-

2162 4157 2329 4229 γητὸς
2365 4157 2574 4230 Κύριος
2616 4160 2675 4225 ὃς
2719 4160 2820 4215 οὐκ
2868 4160 3071 4215 ἔδωκεν
3102 4163 3254 4234 ἡμᾶς
3298 4165 3383 4227 είς
3431 4164 3605 4237 θήραν
3655 4170 3769 4229 τοῖς

2163 4248 2376 4305 ὀδοῦσιν
2418 4251 2618 4306 αὐτῶν.
2650 4270 2671 4304 ι
2700 4250 2888 4319 Ἔδοξε
2931 4252 3114 4309 τοίνυν
3159 4255 3293 4325 ἡμῖν
3334 4256 3405 4310 τὰ
3434 4256 3499 4311 ἐκ
3527 4256 3767 4331 φιλομα-

2163 4342 2318 4407 θείας
2362 4347 2708 4414 συνενεγκεῖν
2739 4346 3052 4419 εὑρήματα,
3096 4347 3192 4401 xui.
3223 4349 3632 4421 συγκεχυμένον
3666 4352 3768 4423 μὲν

2162 4435 2419 4508 οὐδαμῶς
2455 4438 2730 4493 συνθεῖναι
2759 4439 2850 4492 τὸν
2885 4439 3064 4508 λόγον,
3096 4440 3518 4514 εὐκρινεστέραν
3545 4444 3604 4498 δὲ
3635 4447 3768 4516 μᾶλ-

2165 4526 2256 4581 λον
2285 4528 2365 4590 είς
2394 4528 2626 4583 ἕκαστον
2653 4529 2762 4584 τῶν
2809 4518 3121 4601 κεφαλαίων
3154 4532 3251 4603 τὴν
3292 4532 3524 4603 βάσανον
3573 4534 3769 4607 ἔχοντα

2168 4617 2512 4689 διεξαγαγεῖν
2530 4638 2544 4652 ·
2573 4621 2719 4677 οὕτω
2742 4622 2851 4693 γὰρ
2870 4623 2940 4678 ἂν
2955 4623 3287 4689 εὐσύνοπτός
3319 4641 3379 4678 τε
3410 4626 3504 4680 καὶ
3536 4627 3767 4698 εἰλικρι-

2172 4711 2402 4782 νεστέρα
2427 4715 2541 4776 τοῖς
2586 4713 3024 4786 φιλακροάμοσιν
3063 4717 3096 4784 ἡ
3144 4715 3254 4768 τῶν
3298 4717 3639 4789 ἐγκειμένων
3669 4722 3765 4790 γέ-

2169 4819 2315 4856 νοιτο
2348 4802 2571 4873 γνῶσις.
2615 4807 2901 4880 Θησαυρὸς
2927 4807 2984 4860 δὲ
3012 4806 3090 4878 τῷ
3126 4807 3315 4880 βιϐλίῳ
3346 4810 3538 4881 ὄνομα,
3565 4812 3768 4882 πολλὴν

2170 4892 2349 4964 ἔχοντι
2380 4894 2490 4950 τῶν
2529 4894 2689 4952 θείων
2732 4897 3110 4971 θεωρημάτων
3149 4901 3661 4975 τεθησαυρισμένην
3708 4907 3767 4957 ἐν

2169 4984 2350 5056 ἐαυτῷ
2388 4984 2485 5058 τὴν
2520 4988 2761 5059 πληθύν·
2797 4991 2847 5043 εί
2892 4991 2989 5044 καὶ
3024 4991 3238 5064 μέτριοί
3277 5011 3421 5059 τινες
3468 4997 3526 5060 ἐς
3573 4996 3767 5066 λόγους
3803 5033 3807 5037 ν

2166 5075 2349 5147 ἡμεῖς,
2382 5079 2478 5131 καὶ
2505 5079 2642 5151 πρὸς
2671 5080 2734 5134 τὸ
2757 5079 3023 5137 δύνασθαί
3055 5101 3109 5137 τι
3138 5089 3278 5140 νοεῖν
3313 5088 3374 5140 οὐ
3408 5088 3614 5160 σφόδρα
3644 5105 3767 5160 γορο

2164 5167 2273 5236 γοί.
2316 5169 2649 5226 ’Δνακείσθω
2677 5173 2734 5226 δὲ
2774 5173 2936 5247 χάρις
2982 5175 3060 5248 τῷ
3106 5179 3285 5235 πάντα
3318 5183 3454 5235 πᾶσι
3490 5181 3764 5243 πλουσίως

2163 5260 2493 5331 χορηγοῦντι
2523 5265 2766 5337 Χριστῷ.
2806 5267 3020 5323 Εἰδέναι
3049 5269 3107 5324 δέ
3141 5272 3247 5344 χρὴ
3277 5272 3407 5336 τοὺς
3438 5273 3763 5345 ἐντευξομέ-

2160 5367 2306 5414 νους,
2343 5353 2426 5406 ὅτι
2460 5356 2799 5414 συντέθειται
2836 5360 2957 5430 μὲν,
3001 5362 3144 5417 κατά
3172 5364 3273 5434 τὴν
3308 5366 3761 5437 ὑποτεταγμένης)

2166 5445 2518 5518 προγραφὴν,
2549 5449 2618 5504 τὰ
2660 5453 2719 5506 ἐν
2749 5453 2828 5525 τῷ
2876 5454 3068 5527 βιϐλίῳ
3101 5457 3395 5526 κεφάλαια.
3437 5459 3763 5531 Περιέχεται

2159 5533 2217 5587 δὲ
2266 5537 2481 5610 ἑκάστῳ
2528 5542 2701 5598 πολλά
2737 5547 2882 5619 πρὸς
2916 5548 3009 5603 τὸν
3052 5549 3216 5603 αὐτον
3263 5551 3609 5607 συντείνοντα
3653 5550 3761 5605 τῶν

2163 5623 2538 5700 θεωρημάτων
2568 5638 2792 5706 σκοπὸν,
2826 5641 2921 5695 καὶ
2946 5640 3032 5696 διὰ
3065 5641 3267 5698 κύκλου
3304 5645 3396 5700 καὶ
3424 5642 3758 5718 περιδρομῆς

551 5777 571 5811 ⁸
602 5778 790 5838 Matth.
825 5800 945 5852 xm,
978 5786 1066 5845 Ιθ.
1188 5788 1207 5844 Ι
1237 5789 1363 5849 Cor.
1400 5807 1499 5862 xu,
1537 5794 1592 5851 5.
1671 5796 1692 5829 ³
1729 5794 1772 5851 ll
1801 5796 1951 5855 Pctr.
1984 5815 2046 5871 ιι,

2214 5805 2235 5837 ⁸
2263 5805 2409 5866 Psal.
2444 5826 2637 5883 cum,
2670 5817 2724 5871 6.
