4106 6414
383 307 455 362 13
1827 301 2007 357 THES

2112 302 2267 359 RUS.
3603 303 3669 356 Η

367 426 448 487 εἰς
466 423 561 475 τὸν
587 421 681 474 τοῦ
701 423 1048 493 περιέχοντος
1072 421 1427 476 ἀναὸαίνοντα
1444 421 1585 476 νοῦν.
1606 422 1986 492 Παραπέπηγε

2112 436 2312 477 tensum
2360 419 2696 492 pertingunt.
2752 419 2824 477 lis
2851 431 3032 474 autem
3063 417 3334 489 capitibus
3375 418 3527 488 solis,
3554 436 3676 492 qttae

369 515 426 568 δὲ
463 514 649 584 μόνοις
671 517 788 577 τοῖς
818 513 931 576 τῶν
959 514 1276 583 κεφαλαίων
1313 516 1704 585 περιεκτικοῖς,
1731 513 1838 567 τῶν
1869 515 1985 585 ἀρι-

2092 513 2198 568 alia
2225 511 2466 583 ejusdem
2493 511 2799 584 argumenti
2823 512 2924 568 sub
2962 527 3022 569 se
3067 513 3371 579 continent,
3411 530 3672 572 numero-

372 604 528 674 ομῶν
555 606 589 675 ὴ
621 605 782 672 τάξις
801 623 815 636 ·
842 605 912 659 τὰ
953 605 1007 659 δὲ
1044 606 1403 677 παρεπόμενα
1430 606 1664 670 τούτοις,
1704 607 1981 678 στοιχηδὸν

2112 622 2210 661 ὐΙῐΙ
2267 606 2402 662 ordo
2448 615 2531 660 est
2563 605 2828 675 adjectus.
2871 603 3002 673 Quae
3055 621 3186 662 vero
3221 606 3413 678 primis
3461 609 3572 666 illis
3611 625 3675 666 sc

373 698 475 766 μὲν
526 697 854 750 ἑντέτακται
893 700 1018 762 ταῖς
1067 699 1415 769 ὑπογιραφαῖς
1438 739 1451 763 ,
1491 698 1760 770 ἀριθμοὺς
1793 699 1850 751 δὲ
1881 699 1981 752 οὐκ

2112 698 2374 767 praecipuis
2417 697 2688 768 capitibus
2729 698 2845 754 sive
2885 698 3058 754 titulis
3099 715 3311 756 annexa
3342 709 3489 764 sunt,
3523 709 3580 756 et
3608 717 3673 756 ex

371 790 511 859 ἔχει,
540 788 618 854 ὡς
652 793 722 862 τῇ
756 790 868 843 τῶν
899 791 1270 861 περιεκτικῶν
1296 791 1507 863 διανοίᾳ.
1535 790 1975 863 χρεωστούμενα,

371 883 469 934 καὶ
499 884 582 945 εἰς
607 883 704 936 τὸν
735 884 967 937 ἐκείνων
999 884 1264 954 τρέχοντα
1289 883 1513 938 σκοπόν.

2086 789 2154 844 iis
2174 789 2499 860 dependent,
2521 790 2637 844 suis
2659 789 2822 850 etiam
2852 790 2998 846 nolis
3018 791 3310 846 ordinatim
3331 792 3676 866 distinguun-

2087 890 2218 937 tur:
2248 897 2504 938 numeros
2543 889 2724 960 tamen
2772 883 3039 952 ascriptos
3078 899 3182 937 non
3218 883 3440 948 habent,
3481 885 3679 955 quippe

367 993 499 1046 qua:
543 979 614 1033 ab
653 994 845 1035 eorum
887 979 1176 1034 titulorum
1211 981 1312 1036 sub
1352 981 1550 1050 quibus
1600 978 1950 1034 continentur
1982 992 2145 1034 sensu
2180 977 2540 1048 dependeant,
2572 985 2628 1031 et
2666 979 2732 1031 ad
2776 979 3028 1032 eumdem
3075 971 3299 1048 scopum
3346 976 3672 1048 pertineant.

977 1355 1268 1443 TAAE
1346 1356 1822 1443 ΕΝΕΣΤΙΝ
1899 1357 2012 1441 El‘

2118 1353 2412 1442 ΤΩΔΕ
2472 1356 2622 1442 ΤΩ
2690 1353 3088 1442 ΒΙΒΛΙΩ.

1578 1757 1963 1846 INDEX
2047 1755 2469 1849 EOBUM

1350 1965 1521 2034 QUAE
1560 1966 1626 2022 IN
1668 1965 1804 2023 HOC
1845 1966 2050 2025 LIBRO
2087 1966 2614 2026 CONTINENTUB.

1077 2340 1298 2396 ΛΟΓΟΣ
1332 2343 1410 2394 Α’.

1077 2340 1298 2396 ΛΟΓΟΣ
1332 2343 1410 2394 Α’.

456 2434 603 2504 Περὶ
637 2432 941 2504 ἀγενιξτου
973 2340 1072 2486 22!
1110 2432 1383 2503 γενητοῦ,
1405 2431 1480 2500 ¹ἐν
1509 2424 1576 2499 ᾧ,
1603 2433 1693 2486 ὅτι
1727 2431 2001 2501 κρεῖττόν

2686 2341 3026 2406 ASSEBTIO
3067 2341 3112 2400 I.
3159 2407 3162 2410 ,

2183 2434 2254 2488 De
2287 2435 2462 2505 genito
2521 2443 2568 2490 et
2612 2435 2867 2507 ingenito,
2921 2445 2971 2490 et
3026 2437 3166 2506 quod
3209 2435 3396 2494 melius
3431 2437 3498 2494 sit
3533 2449 3688 2510 atque

371 2530 516 2582 ἐστι
551 2527 656 2582 καὶ
709 2522 1192 2596 ἀξιολογώτερον
1238 2524 1470 2602 Πατέρα
1522 2524 1840 2581 καλεῖσθαι
1887 2523 1996 2578 τόν

2112 2527 2318 2596 dignius
2371 2525 2540 2580 Deum
2586 2523 2802 2592 Patrem
2833 2527 3033 2594 vocari,
3064 2543 3220 2596 quam
3263 2529 3574 2598 ingenitam.

377 2622 562 2687 Θεὸν,
597 2621 638 2689 ἣ
667 2605 991 2690 ἀγένητον.

1103 2710 1255 2767 ΛυΓ.
1297 2711 1350 2764 Β⁸
1363 2743 1382 2763 ο

460 2805 591 2858 Ὅτι
624 2804 692 2857 τὸ
733 2804 1037 2874 ἀγένητον
1070 2803 1184 2856 οὐκ
1218 2802 1422 2868 οὐσία,
1457 2802 1594 2858 ἀλλ’
1627 2802 1846 2869 οὐσίας
1889 2818 2002 2871 ση-
2072 2791 2081 2798 ’

379 2898 708 2969 μαντικόν.

1081 2988 1236 3042 ΛΟΓ.
1276 2988 1352 3041 Γ¹.

465 3085 596 3137 Ὅτι
633 3083 724 3153 μὴ
765 3083 834 3137 τὸ
865 3082 1166 3153 ἀγένητον
1209 3081 1410 3145 οὐσία,
1439 3080 1633 3149 μόνον
1663 3079 1730 3132 δὲ
1774 3078 1881 3133 τοῦ
1920 3079 2008 3150 μὴ

387 3176 716 3247 γεγονέναι
744 3177 855 3231 τὸν
884 3176 1036 3230 Θεὸν
1065 3173 1464 3242 σημαντικόν.

1083 3264 1235 3319 ΛΟΓ.
1277 3265 1348 3316 Δ’.

465 3359 633 3429 Πρὸς
676 3358 822 3424 τοὺς
868 3355 1218 3426 τολμῶντας
1247 3355 1473 3424 λέγειν,
1509 3352 1598 3406 ὅτι
1637 3372 1655 3404 ι
1686 3348 1798 3409 Ἦν
1842 3366 2010 3418 ποτε,

387 3450 501 3505 ὅτε
527 3451 642 3502 οὐκ
673 3444 754 3519 ἦν
800 3450 833 3501 ὀ
869 3448 1023 3514 Υἱός.
1052 3465 1070 3499 ι
1106 3444 1379 3514 Ἐκλογαὶ
1436 3443 1875 3512 συλλογισμῶν
1911 3443 2013 3496 καὶ

387 3539 726 3610 νοημάτων
787 3536 1165 3593 κατασκευαὶ
1226 3537 1351 3591 σὺν
1409 3535 1893 3608 μαρτυρίαιςοτὸ
1945 3531 2014 3589 δὲ

384 3629 832 3701 συναγόμενον
873 3631 943 3684 ἐκ
983 3629 1248 3696 πάντων,
1281 3629 1375 3681 ὅτι
1409 3626 1602 3694 ἀΐδιος
1640 3630 1674 3696 ὁ
1712 3625 1819 3682 τοῦ
1859 3627 2009 3682 Θεοῦ

391 3729 619 3790 Λόγος.

468 3817 578 3880 Εἰς
629 3813 699 3867 τὸ
737 3811 884 3868 αὐτὸ
919 3813 1273 3882 κατασκευὴ
1305 3812 1550 3882 πιθανὴ,
1592 3813 1683 3867 ὅτι
1717 3813 1784 3866 τὸ
1818 3813 2010 3883 ῥητὸν

392 3911 467 3964 τὸ
521 3906 749 3976 λέγον·
789 3905 926 3961 (Τὰ
963 3906 1189 3974 ἀόρατα
1223 3907 1411 3961 αὐτοῦ
1447 3906 1569 3961 ἀπὸ
1609 3908 1864 3971 κτίσεως
1910 3905 2012 3959 κό-

391 4017 588 4069 σμου,
641 3998 772 4066 τοῖς
805 3998 1100 4069 ποιήμασι
1152 3999 1454 4068 νοούμενα
1493 3998 1834 4068 καθορᾶται·
1882 3996 1917 4064 ἦ
1949 4013 2012 4050 τε

393 4091 610 4158 ἀΐδιος
660 4091 852 4146 αὐτοῦ
889 4091 1146 4161 δύναμις
1187 4089 1290 4145 καὶ
1339 4092 1592 4160 θειότης,
1632 4110 1652 4144 s
1706 4091 1814 4146 τὸν
1875 4088 2013 4143 Υἱὸν

391 4183 715 4252 σημαίνει.

472 4275 717 4342 Ἕτεραι
749 4273 1091 4343 μαρτυρίαι,
1122 4272 1212 4327 ὅτι
1244 4272 1437 4338 ἀΐδιος
1466 4275 1499 4327 ό
1540 4273 1689 4339 Υίός.

487 4363 856 4428 Ἀποδείξεις
897 4362 996 4416 διὰ
1039 4361 1405 4433 μαρτυριῶν,
1443 4360 1532 4414 ὅτι
1571 4363 1630 4414 al
1663 4358 1812 4414 θεῖαι
1861 4359 2014 4427 Γρα-

393 4456 532 4526 5:01,
562 4455 632 4510 τὸ
661 4474 680 4508 ι
705 4453 804 4526 ἦν,
831 4475 850 4508 ι
883 4455 983 4509 καὶ
1010 4453 1078 4508 τὸ
1105 4474 1124 4506 ι
1149 4457 1182 4508 ό
1206 4455 1310 4519 ὢν,
1339 4474 1357 4506 ι
1389 4453 1489 4507 καὶ
1519 4452 1584 4505 τὸ
1614 4471 1632 4503 ι
1655 4449 1963 4520 ὑπάρχων,
1990 4468 2008 4500 ι

398 4551 503 4604 καὶ
535 4550 608 4604 τὸ
644 4569 663 4601 ι
693 4549 878 4619 ἢμην,
905 4568 923 4600 ι
959 4549 1060 4602 καὶ
1091 4547 1158 4601 τὸ
1202 4566 1221 4599 ι
1249 4547 1388 4617 είμὶ,
1413 4565 1434 4598 ι
1481 4546 1581 4599 καὶ
1618 4544 1684 4598 τὸ
1721 4563 1738 4596 ι
1768 4543 1960 4608 ἔστιν,
1990 4561 2008 4592 ι

393 4641 504 4693 ἐπὶ
549 4639 659 4692 τοῦ
691 4641 890 4708 Λόγου
924 4637 1154 4692 τιθέασι
1187 4637 1404 4706 μόνου,
1450 4636 1549 4689 ἐπὶ
1584 4635 1652 4689 δὲ
1692 4634 1810 4688 τῶν
1843 4651 2016 4704 γενη-

397 4733 527 4787 τῶν
579 4732 814 4795 οὐκέτι,
867 4730 1033 4786 ἀλλὰ
1087 4728 1334 4800 μᾶλλον
1369 4728 1434 4782 τὸ
1493 4747 1510 4779 ‹
1539 4727 1746 4791 ποτὲ,»
1797 4725 1898 4782 καὶ
1947 4724 2013 4776 τὸ

401 4843 424 4877 ι
457 4824 632 4892 πρὶν,
661 4843 680 4875 ι
727 4823 828 4878 καὶ
872 4823 941 4876 τὸ
986 4841 1006 4874 ι
1041 4821 1158 4890 πρὸ
1197 4820 1368 4883 toﬁ,»
1413 4819 1509 4872 καὶ
1548 4818 1615 4872 τὸ
1669 4836 1688 4871 ι
1717 4817 1954 4887 γέγονε·
1990 4835 2008 4866 ι

395 4917 504 4972 καὶ
541 4916 668 4970 ὅσα
701 4916 935 4980 τούτοις
963 4913 1157 4983 ὅμοια.

478 5011 612 5062 Ἔτι
651 5008 788 5076 περὶ
823 5007 930 5061 τοῦ
962 5006 1163 5062 ἀΐδιον
1190 5001 1345 5060 εἶναι
1373 5002 1481 5056 τὸν
1515 5002 1672 5068 Υίὸν,
1699 5000 1780 5066 ὡς
1813 4999 1883 5065 ἐξ
1911 4998 2016 5054 ἀνε-

395 5102 718 5166 τιθέσεως,
750 5097 1126 5164 κατασκευή.

478 5196 611 5247 Ἔτι
643 5192 782 5262 περὶ
825 5191 1168 5260 ἀιδιότητος
1198 5187 1640 5259 συλλογισμὸς,
1678 5183 1829 5254 μετά
1856 5199 2020 5248 τινος

397 5277 871 5354 ἐπαπορήσεως
919 5280 1362 5352 πεπλεγμένος,
1429 5278 1528 5332 καὶ
1593 5273 1877 5343 συνάγων
1929 5274 2018 5337 είς

403 5377 748 5448 ὁμολογίαν
784 5375 894 5430 τοῦ
937 5373 1068 5428 δεῖν
1095 5373 1164 5427 ἐκ
1207 5371 1320 5442 τῆς
1347 5371 1566 5436 οὐσίας
1606 5366 1714 5422 τοῦ
1761 5363 2014 5432 Πατρός,

405 5474 523 5525 οὐκ
575 5468 804 5534 ἔξωθεν
861 5466 1254 5537 ἐπιγεγονότα
1310 5464 1419 5518 τὸν
1473 5462 1612 5517 Υίὸν
1671 5457 2018 5530 ὑπολαμϐά-

403 5578 573 5616 νειν·
616 5563 670 5614 el
703 5559 776 5614 δὲ
807 5559 1013 5627 τοῦτο,
1047 5557 1244 5627 δῆλον
1271 5557 1361 5611 ὅτι
1401 5556 1500 5612 καὶ
1537 5554 1617 5622 τῷ
1655 5555 1836 5626 Πατρὶ
1867 5568 2017 5608 συν-

403 5653 628 5708 αΐόιον.

485 5745 640 5814 Ἔτι,
681 5745 820 5816 περὶ
858 5743 1205 5812 ἁτδιότητος
1243 5741 1399 5798 Υιοῦ.

2698 2704 2991 2762 ASSERT.
3039 2705 3103 2760 11.

2183 2796 2338 2864 Quod
2363 2797 2650 2867 ingenitum
2673 2812 2776 2851 non
2804 2798 2870 2852 sit
2896 2799 3220 2866 substantia,
3247 2800 3338 2854 sed
3377 2800 3693 2856 substantiae

2111 2886 2538 2957 signiﬁcativum.

2682 2977 2976 3036 ASSERT.
3011 2978 3098 3038 111.

2183 3073 2338 3139 Quod
2378 3073 2666 3144 ingenitum
2718 3091 2822 3128 nou
2857 3075 2922 3128 sit
2971 3075 3288 3142 substantia,
3339 3078 3431 3149 sed
3478 3086 3682 3132 tantum

2115 3166 2376 3235 significet
2399 3165 2567 3220 Deum
2589 3163 2822 3235 genitum
2855 3181 2958 3218 non
2982 3183 3114 3224 esse.

2689 3256 2982 3320 Αδδιῐιιτ.
3019 3257 3106 3312 IV.
3130 3301 3136 3306 .

2187 3351 2453 3405 Adversus
2479 3366 2565 3405 eos
2594 3349 2685 3420 qui
2707 3350 2880 3404 dicere
2908 3366 3011 3404 non
3056 3360 3334 3419 verentur,
3377 3371 3398 3406 ι
3423 3351 3557 3409 Erat
3593 3329 3702 3412 ali;

2116 3445 2486 3517 quando,cum
2515 3459 2620 3498 non
2641 3453 2752 3498 erat
2778 3441 2826 3496 F‘
2831 3443 2973 3497 ilius.
3006 3461 3024 3508 ι
3059 3443 3374 3513 Αθετιιηιιιι·
3401 3448 3697 3519 syllogismi

2119 3547 2168 3594 et
2217 3547 2650 3608 argumentorum
2681 3537 3015 3606 probationes
3061 3553 3180 3598 cum
3209 3537 3520 3600 testimoniis
3551 3541 3698 3598 Scri-

2112 3639 2285 3699 ptura:
2313 3643 2332 3682 :
2367 3644 2432 3685 ea:
2491 3628 2681 3698 quibus
2730 3629 2972 3683 erunibus
3024 3629 3249 3699 efﬁcitur
3290 3631 3429 3700 quod
3477 3631 3697 3688 Verbum

2114 3719 2212 3775 Dei
2247 3721 2315 3790 sit
2357 3731 2633 3778 wternum.
3285 3783 3290 3788 δ

2185 3811 2443 3882 Ejusdem
2487 3814 2565 3868 rei
2610 3813 2854 3884 probatio
2885 3814 3097 3869 veritati
3143 3824 3518 3881 consentanea,
3557 3817 3697 3888 quod

2113 3908 2312 3961 dictum
2361 3904 2520 3971 illud,
2555 3923 2574 3957 ι
2623 3904 2926 3960 Invisibilia
2972 3905 3088 3973 eius
3138 3922 3171 3960 a
3217 3889 3484 3959 creatione
3515 3907 3698 3960 mundi

2111 4017 2206 4067 per
2249 4015 2314 4054 ea
2365 4015 2480 4069 quae
2531 3997 2678 4066 facta
2735 4009 2855 4052 sunt
2906 3997 3212 4064 intellecta,
3257 3998 3692 4066 conspiciuntur,

2113 4092 2436 4161 sempiterna
2469 4104 2672 4158 quoque
2705 4089 2820 4156 ejus
2861 4089 3026 4144 virtus
3057 4097 3106 4141 et
3133 4088 3403 4153 diuinitas,
3438 4106 3458 4140 ι
3492 4087 3696 4160 Filium

2113 4186 2399 4256 signiﬁcat.

2187 4279 2310 4331 Alia
2345 4275 2668 4340 testimonia,
2709 4274 2849 4343 quod
2877 4281 3104 4327 teternus
3132 4273 3202 4328 sit
3232 4271 3280 4326 F
3283 4271 3429 4327 ilius.

2175 4369 2654 4424 Demonstrationes
2670 4368 3094 4437 pertestimonia,
3112 4367 3252 4438 quod
3269 4382 3436 4421 sacra
3455 4364 3698 4436 Scriptu-

2117 4479 2191 4517 ra:
2202 4478 2346 4516 voces
2363 4462 2478 4526 has,
2501 4480 2520 4513 ι
2540 4469 2676 4525 erat,
2698 4463 2972 4523 exsistens.
2992 4475 3103 4524 ens,
3121 4475 3285 4526 eram,
3303 4475 3418 4513 sum
3432 4477 3450 4511 ι
3470 4467 3520 4513 et
3537 4467 3696 4524 «est,»

2117 4555 2183 4609 de
2218 4553 2386 4608 Verbo
2414 4553 2585 4608 solum
2608 4554 2825 4617 dicunt;
2860 4553 2923 4607 de
2948 4553 3208 4607 creaturis
3245 4568 3364 4606 vero
3408 4568 3512 4607 non
3556 4555 3700 4619 item,

2118 4647 2208 4699 sed
2241 4665 2260 4697 ι
2284 4644 2586 4708 olint,ssive
2613 4643 2950 4714 «aliquando,
2970 4643 3192 4712 pridem,
3213 4652 3354 4708 ante,
3387 4642 3489 4712 fuit
3517 4661 3536 4696 ι
3564 4641 3705 4697 alia-

2117 4753 2216 4805 que
2243 4738 2323 4791 Itis
2346 4737 2564 4791 similia.
3656 4721 3660 4727 ’

2193 5007 2455 5076 Amplius,
2492 5005 2632 5076 quod
2668 5013 2896 5058 ceternus
2927 5002 2996 5057 sit
3040 4999 3089 5054 F
3093 5001 3262 5056 ilius:
3299 5017 3416 5055 cum
3449 4999 3708 5058 solutione

2121 5095 2494 5165 objectionum.
3363 5082 3368 5088 ’

2196 5187 2361 5240 Aliud
2394 5227 2408 5252 ,
2452 5187 2516 5240 de
2557 5189 2868 5249 mternitate,
2909 5183 3242 5254 syllogismus
3300 5197 3420 5238 cum
3479 5181 3710 5252 quadam

2123 5281 2412 5350 qumtione
2441 5293 2728 5342 connexus,
2751 5275 2891 5329 unde
2913 5273 3178 5343 colligitur
3199 5269 3552 5340 conﬁtendum
3577 5286 3710 5338 esse,

2129 5370 2332 5426 Filium
2379 5385 2445 5425 ex
2486 5369 2713 5423 essentia
2755 5364 2936 5419 Patris
2975 5379 3106 5432 esse,
3155 5373 3202 5418 et
3239 5379 3342 5417 non
3386 5364 3710 5418 extrinsecus

2125 5463 2411 5517 accessisse
2437 5475 2456 5515 :
2487 5461 2532 5514 si
2561 5470 2735 5514 autem
2773 5458 2847 5511 ita
2878 5465 2975 5523 est,
3003 5463 3323 5511 cowternum
3355 5456 3514 5512 etiam
3553 5450 3713 5508 Patri

2124 5570 2254 5611 esse.

2204 5730 2254 5802 5
2291 5728 2474 5809 Aliud,
2507 5727 2570 5782 de
2599 5725 2910 5812 teternitats
2932 5721 3088 5811 b'ilii.
