4106 6434
465 348 534 403 15
1467 338 1523 393 S.
1568 337 1839 393 CYRILLI
1882 335 2357 391 ALEXANDRINI
2398 335 2723 392 ARCHIEP.
3672 341 3737 394 tt;

529 458 889 530 Interrogatio
945 456 1265 511 Arianorum
1321 454 1668 509 absurditatis
1747 453 2045 523 plena;cui

2238 448 2559 518 Ἐρώτησις
2601 445 2908 517 Ἄρειανῶν
2933 447 3189 515 ἀτοπίας
3206 448 3403 519 μεστή
3427 465 3437 478 ·
3488 450 3639 518 πρὸς
3668 450 3750 518 ῆν

460 552 567 605 alia
598 567 702 605 non
736 548 996 604 absimilis
1022 545 1363 614 interrogatio
1391 544 1691 613 opponitur,
1717 545 1908 598 docens
1942 559 2045 597 non

2152 540 2634 610 ἁντεπερώτησις
2666 540 3029 608 ἀτοπωτέρα,
3055 539 3145 594 ὅτι
3183 540 3302 609 χρὴ
3346 539 3433 612 μὴ
3467 540 3750 596 ἀπαιδεύ-

423 714 430 735 ι
456 661 566 700 esse
584 642 788 712 aliquid
817 640 979 696 stulte
1011 639 1463 709 interrogandum.

1421 654 1463 691 ω,
2152 649 2266 700 τως
2303 631 2531 703 ἐρωτᾷν
2567 633 3042 688 ἐκδιδάσκουσα.

419 718 432 832 ξ
533 734 794 791 Adversus
827 734 1236 802 interrogantes,
1266 750 1286 783 ί
1317 734 1396 784 An
1418 730 1653 786 habuisti
1688 731 1859 795 ﬁlium
1894 737 2040 783 ante-

2221 723 2382 791 Πρὸς
2408 723 2548 790 τοὺς
2577 723 2940 793 ἐρωτῶντας,
2984 743 3002 776 ι
3039 718 3281 791 Εὶεῒχες
3313 726 3358 776 Υ
3353 723 3446 779 ἰὸν
3478 723 3623 794 πρὶν
3654 726 3745 779 τὲ-

423 815 611 894 1'quarn
642 826 878 896 gigneres
897 825 922 878 2’
944 844 963 876 ι
989 834 1038 879 et
1061 824 1309 889 dicentes,
1341 841 1359 874 ι
1384 821 1473 876 Ita
1502 838 1666 893 neque
1701 822 1838 876 Deus
1862 822 2043 876 habuit

2149 831 2304 884 κῃς;
2337 834 2356 868 ι
2403 816 2504 870 καὶ
2536 816 2849 887 λέγοντας,
2892 836 2910 868 ι
2942 817 3109 871 Οὕτω
3147 816 3250 872 καὶ
3278 820 3313 872 ὁ
3342 818 3488 885 Θεὸς
3520 821 3632 874 οὐκ
3661 815 3744 873 εἴ-

460 918 661 973 Fitium
699 919 1006 988 priusquam
1038 932 1155 972 eum
1182 918 1437 987 gigneret.
1474 933 1500 967 ι

1397 923 1437 968 ι.
1474 933 1500 967 s
2144 923 2260 977 χεν
2306 906 2446 961 Υἰὸν
2481 906 2625 978 πρὶν
2661 908 2966 979 γεννήσει.
2992 928 3014 962 ι

415 986 424 1018 ³
864 986 872 988 ’
1047 986 1346 1064 ASSERT.
1415 1004 1483 1062 v.

1458 1007 1483 1062 ’,
2570 1059 2574 1063 _
2804 1001 2960 1054 ΛΟΓ.
2998 999 3079 1056 ‘E'.

528 1105 681 1172 Quod
706 1105 866 1158 Pater
904 1118 1009 1156 non
1033 1102 1233 1156 exstitit
1260 1109 1381 1155 ante
1410 1098 1638 1165 Filium,
1666 1099 1874 1153 tametsi
1896 1099 2041 1168 inge-

2220 1089 2343 1142 Ὅτι
2394 1091 2469 1145 οὐ
2515 1092 2887 1163 προϋπάρχει
2931 1094 3038 1149 τοῦ
3084 1093 3226 1149 Υἱοῦ
3273 1097 3309 1150 ὁ
3349 1096 3575 1164 Πατὴρ,
3624 1095 3739 1149 κᾶν

456 1200 598 1252 nitus
670 1197 760 1261 sit,
808 1194 900 1249 sed
943 1201 1237 1248 cowternus
1315 1193 1419 1262 ipsi
1472 1191 1575 1262 fuit
1664 1188 1837 1244 Filius
1892 1191 2039 1260 geni-

2144 1180 2479 1253 ἁγέννητος
2518 1179 2563 1258 ᾖ
2583 1202 2600 1218 ·
2649 1186 2790 1243 ἀλλ’
2813 1183 2895 1258 ἦν
2948 1185 3111 1254 αὑτῷ
3158 1187 3472 1255 συνατδιος
3517 1190 3551 1243 ό
3605 1188 3738 1254 Υἱὸς

453 1300 556 1342 tus.

2144 1274 2454 1343 γεννητός.

697 1369 702 1380 ’
1079 1372 1371 1430 ASSERT.
1403 1374 1489 1429 Vl.

1475 1414 1489 1429 ,
2801 1369 2954 1423 ΛΟΓ.
3002 1372 3091 1437 ς’.

525 1467 678 1533 Quod
702 1465 866 1520 Pater
887 1467 1023 1519 citra
1051 1465 1359 1521 divisionem
1393 1475 1439 1519 et
1485 1465 1621 1520 citra
1649 1466 2038 1535 corruptionem

2216 1453 2348 1512 "Oti
2379 1459 2413 1513 ὁ
2441 1459 2646 1529 Πατὴρ
2675 1459 3011 1530 ἀμερίστως
3040 1461 3139 1517 καὶ
3164 1462 3473 1532 ἀρεύστως
3490 1461 3736 1534 ἐγέννη-

451 1572 518 1612 ea:
545 1560 715 1627 seipse
753 1558 988 1628 genuerit
1009 1555 1234 1612 Filium.

2140 1560 2256 1601 σεν
2295 1547 2366 1613 ἐξ
2405 1549 2596 1605 αὐτοῦ
2635 1551 2747 1607 τὸν
2795 1553 2952 1608 Υὶόν.

1019 1668 1310 1727 ASSERT.
1353 1670 1465 1726 vn.
2044 1658 2054 1667 '

1451 1711 1465 1725 .
2044 1658 2054 1667 ’
2800 1666 2953 1720 ΛΟΓ.
2997 1668 3072 1723 Z'.

520 1763 781 1817 Adversus
810 1777 898 1817 eos
936 1761 1027 1833 qui
1055 1762 1333 1831 objiciunt,
1363 1781 1381 1816 ι
1411 1760 1575 1817 Pater
1592 1770 1769 1817 utrum
1813 1762 2034 1831 fortuito

2206 1753 2371 1822 Πρὸς
2390 1755 2533 1823 τοὺς
2549 1757 2976 1826 προτείνοντας
2992 1759 3113 1825 τὸ,‹
3138 1759 3513 1829 Ἀϐουλήτως
3525 1763 3561 1833 ἢ
3581 1765 3733 1817 κατὰ

445 1856 621 1924 genuit
651 1850 874 1917 Filium,
903 1868 974 1906 an
1012 1851 1318 1908 voluntate?
1337 1872 1357 1905 ι

2134 1845 2447 1916 ,ϐούλησιν
2485 1848 2779 1919 ἐγέννησε
2819 1849 2928 1905 τὸν
2976 1851 3118 1905 Υιὸν
3150 1853 3185 1905 ὀ
3224 1851 3461 1920 Πατήρ;
3494 1871 3512 1904 ι

1034 1942 1329 1998 ASSERT.
1374 1943 1506 1998 VIII.

1453 1943 1506 1998 ll.
2786 1945 2947 2000 ΛΟΓ.
2991 1946 3074 2001 H’.

521 2034 784 2090 Adversus
832 2035 1080 2103 dicentes,
1116 2051 1220 2090 non
1256 2034 1436 2103 Patri,
1465 2038 1555 2093 sed
1600 2035 1856 2093 voluntati
1917 2036 2031 2109 ejus

2206 2033 2365 2102 Πρὸς
2391 2035 2535 2103 τοὺς
2567 2036 2862 2108 λέγοντας
2894 2038 2984 2093 ὅτι
3015 2040 3087 2094 οὺ
3116 2037 3199 2104 τῷ
3231 2038 3436 2124 Πατρὶο,
3464 2039 3626 2095 ἀλλὰ
3653 2039 3729 2110 τῇ

442 2128 665 2181 similem
681 2143 792 2183 esse
830 2124 1051 2182 Filium.

2128 2124 2435 2194 βουλήσει
2472 2128 2684 2200 αὐτοῦ,
2722 2129 2926 2200 ὅμοιός
2962 2130 3137 2185 ἐστιν
3173 2134 3208 2185 ό
3256 2133 3410 2197 Υἱός.

1041 2236 1337 2293 AbSERT.
1368 2238 1462 2294 1X.
2790 2245 2946 2298 AOI‘.
2981 2242 3059 2299 Θ’.

517 2354 675 2419 Quod
695 2352 1162 2408 consubstantialis
1224 2355 1292 2408 sit
1345 2352 1391 2405 F
1395 2353 1520 2407 ilius
1543 2351 1720 2420 Patri,
1761 2369 1827 2408 ex
1848 2355 2026 2421 dictis,

2205 2356 2335 2410 Ὅτι
2366 2358 2691 2427 ὀμοούσιος
2720 2359 2800 2425 τῷ
2828 2359 3013 2428 Πατρὶ
3042 2362 3075 2414 ό
3105 2360 3257 2428 Υἱὸς,
3276 2359 3728 2429 παρατεθέντων

445 2446 617 2513 «Quid
636 2463 716 2501 me
741 2446 875 2500 dicis
897 2446 1126 2500 bonum?
1152 2443 1320 2500 Nemo
1353 2448 1517 2501 bonus
1542 2447 1642 2500 nisi
1674 2463 1811 2502 unus
1826 2446 2020 2502 Deus.)

2129 2447 2227 2502 καὶ
2280 2449 2400 2503 τῶν
2439 2448 2664 2518 ῥητῶν,
2714 2469 2733 2502 ι
2773 2452 2835 2506 Τί
2861 2469 2940 2521 με
2968 2452 3167 2524 λέγεις
3204 2454 3432 2524 ἀγαθόν
3450 2470 3471 2519 ;
3513 2448 3724 2522 Οὐδεὶς

439 2539 533 2604 Et,
574 2557 591 2589 ι
637 2536 782 2591 Vada
820 2538 890 2590 ad
927 2536 1138 2591 Patrem
1173 2553 1342 2591 meum
1370 2548 1418 2592 et
1464 2536 1678 2593 Patrem
1701 2549 1948 2603 vestrum,
1978 2550 2027 2595 et

2129 2538 2370 2609 ἀγαθὸς,
2412 2543 2464 2595 ει
2506 2540 2594 2611 μὴ
2628 2537 2716 2609 εἷς
2749 2545 2782 2597 ό
2810 2544 2989 2609 Θεός’
3024 2563 3043 2596 r
3096 2545 3196 2599 καὶ
3230 2545 3357 2613 τοῦ,
3418 2564 3437 2597 ‹
3466 2548 3724 2615 Πορεύο-

440 2629 606 2685 Deum
627 2646 796 2683 meum
816 2638 865 2685 et
899 2628 1066 2685 Deum
1093 2640 1343 2686 vestrum.
1370 2649 1388 2683 ι
1420 2629 1577 2696 Item,
1616 2649 1633 2682 ι
1662 2629 1824 2686 Pater
1852 2633 2027 2703 major

2122 2649 2230 2701 μαι
2265 2634 2416 2702 πρὸς
2447 2636 2557 2691 τὸν
2580 2635 2813 2706 Πατέρα
2835 2655 2979 2708 μου,
3014 2639 3114 2695 καὶ
3143 2639 3377 2708 Πατέρα
3403 2640 3590 2710 ὑμῶν,
3623 2641 3725 2697 καὶ

435 2738 520 2776 me
560 2732 656 2777 est.
697 2742 714 2773 ι
2129 2724 2277 2778 Θεόν
2300 2743 2446 2795 μου,
2476 2728 2575 2784 καὶ
2606 2729 2756 2785 Θεὸν
2782 2729 2952 2801 ὑμῶν
2971 2748 2984 2762 ’
3020 2750 3040 2785 ι
3078 2733 3178 2788 καὶ
3213 2732 3449 2803 ὁμοίως,
3483 2752 3502 2786 ι
3524 2734 3576 2787 '0
3601 2737 3725 2790 Πα-

2125 2813 2236 2884 τὴρ
2268 2814 2483 2885 μείζων
2512 2819 2633 2888 μού
2670 2819 2895 2877 ἐστιν.)

1040 2922 1331 2981 ASSERT.
1386 2926 1453 2981 Χ.

1416 2926 1453 2981 ἱ.
2801 2935 2956 2994 ΛΟΓ.
2981 2938 3037 2993 l'.

507 3041 664 3109 Quod
694 3040 1159 3095 consubstantialis
1211 3039 1362 3093 l’atri
1421 3039 1485 3094 sit
1536 3038 1734 3095 Filius.
1773 3040 2021 3110 Defensio

2195 3039 2320 3095 Ὅτι
2348 3042 2676 3112 ὁμοούσιος
2702 3044 2785 3113 τῷ
2813 3049 2999 3120 Πατρι
3024 3053 3068 3106 ὁ
3107 3053 3239 3120 Υἱός
3261 3068 3278 3086 ο
3316 3052 3389 3108 ἐν
3415 3043 3465 3121 ᾧ
3490 3053 3720 3110 ἀποδιο-

435 3135 579 3189 illius
606 3135 751 3198 dieti,
785 3152 803 3186 ι
852 3133 961 3188 Cur
982 3149 1064 3188 me
1085 3133 1219 3187 dicis
1245 3132 1481 3187 bonum?
1516 3152 1533 3185 ι
1567 3142 1616 3187 et
1662 3133 1807 3187 illius
1854 3149 2021 3199 expo-

2125 3132 2230 3203 γία
2260 3134 2484 3203 πιθανὴ
2530 3138 2685 3206 πρὸς
2720 3138 2828 3193 τὸν
2849 3141 3256 3211 ἐρωτήσαντα,
3292 3162 3313 3198 ι
3347 3146 3500 3215 Tute
3519 3144 3720 3218 λέγεις

431 3229 580 3282 sitio.
2124 3224 2385 3296 ἁγαθόν;
2418 3246 2438 3280 r
2482 3230 2582 3284 καὶ
2619 3230 2912 3304 ἐξήγησις
2949 3235 3059 3290 τοῦ
3088 3236 3305 3308 ῥητοῦ.

1015 3338 1309 3396 A-SSERT.
1353 3339 1444 3395 XI.
1730 3368 1733 3373 >

1443 3383 1444 3389 η
1730 3368 1733 3373 »
2761 3345 2914 3401 ΛΟΓ.
2961 3348 3064 3404 IA’.

505 3452 660 3521 Quod
698 3453 954 3508 Filiussit
999 3452 1157 3507 Patri
1203 3452 1695 3520 consubstantialis,
1738 3468 1804 3509 ea:
1853 3453 2017 3520 dicto,

2197 3453 2328 3507 Ὅτι
2362 3455 2684 3525 ὁμοούσιος
2718 3461 2752 3512 ὀ
2789 3460 2924 3528 Υἱὸς
2967 3461 3050 3528 τῷ
3076 3465 3282 3534 Harp},
3316 3468 3716 3538 προκειμένου

438 3566 456 3599 ι
494 3544 656 3600 Pater
682 3561 826 3600 meus
865 3544 1044 3616 major
1066 3561 1148 3601 me
1176 3554 1273 3602 est.
1314 3563 1336 3598 ι

2112 3544 2325 3612 ῥητοῦ,
2372 3561 2392 3596 ι
2415 3544 2478 3598 '0
2515 3547 2719 3616 Πατήρ
2752 3565 2874 3618 μου
2906 3551 3120 3621 μείζων
3148 3556 3268 3624 μού
3306 3556 3532 3613 ἐστιν.)

501 3639 664 3692 Aliud
694 3638 904 3703 doctus,
923 3637 1062 3706 quod
1093 3637 1360 3707 proposito
1377 3653 1578 3708 majore
1596 3647 1642 3692 et
1667 3636 1888 3702 minore,
1914 3636 2016 3690 im-

2195 3636 2397 3700 ”Auo,
2428 3636 2724 3702 διδάσκον
2753 3638 2845 3694 ὅτι
2888 3645 3287 3714 προκειμένου
3315 3646 3420 3701 τοῦ
3439 3647 3717 3719 μείζονος

429 3730 593 3797 perite
615 3728 903 3787 admodum
936 3727 1275 3800 imaqualitas
1320 3728 1588 3799 inferatur
1615 3744 1634 3782 :
1667 3727 1830 3799 quod,
1857 3726 2015 3797 juxta

2119 3725 2220 3780 καὶ
2244 3725 2352 3781 τοῦ
2383 3727 2728 3796 ἐλάττονος,
2765 3730 3139 3801 ἀπαιδεύτως
3168 3734 3556 3808 τὸανόμοιον
3585 3745 3712 3798 εισ-

429 3820 736 3877 Aristotelis
762 3820 1120 3891 disciplinam,
1150 3820 1376 3876 alterius
1410 3821 1476 3875 sit
1499 3821 1726 3891 generis.

2119 3817 2382 3887 φέρεται,
2425 3818 2769 3892 ἐτερογενὲς
2815 3823 2890 3878 ὃν
2926 3825 3077 3881 κατὰ
3106 3826 3221 3896 τὴν
3253 3829 3713 3903 Ἀριστοτέλους

2117 3909 2359 3964 rerum».

2117 3927 2126 3961 1

505 3998 660 4056 Aliud
712 3998 1079 4054 demonstrans
1134 4014 1226 4068 per
1272 3997 1331 4051 id
1384 3999 1525 4068 quod
1590 3997 1790 4052 dicitur
1848 3997 2015 4053 Pater

2117 3926 2181 3962 τε
2302 3926 2359 3964 ν.

2182 3926 2373 4056 ἕέἒλο
2426 4002 2745 4069 ἀπόδειξιν
2792 4006 2958 4076 ἕχον,
2989 4005 3078 4061 ὅτι
3126 4006 3226 4062 διὰ
3275 4011 3383 4066 τοῦ
3423 4015 3707 4084 λέγεσθαι

428 4091 622 4162 major,
651 4091 809 4146 simul
835 4092 992 4146 etiam
1019 4091 1204 4161 inferri
1254 4088 1482 4145 Filium.
1519 4089 1613 4147 Est
1671 4089 1846 4146 autem
1906 4107 2012 4147 non

2110 4092 2354 4163 μείζονα
2392 4093 2503 4148 τὸν
2527 4097 2778 4165 Πατέρα,
2807 4098 3264 4169 συνεισφέρεται
3304 4103 3422 4172 μὲν
3466 4105 3708 4177 πάντως

424 4184 600 4238 minor
618 4183 751 4252 ipso.

2116 4187 2150 4239 ό
2187 4188 2340 4253 Υἱός.
2365 4189 2540 4242 Ἔστι
2579 4187 2649 4243 δὲ
2685 4191 2796 4244 οὐκ
2833 4190 3098 4248 ἐλάττων
3132 4195 3340 4251 αὐτοῦ.

500 4273 654 4337 Quod
696 4270 870 4326 Filius
899 4270 1091 4327 similis
1130 4270 1198 4324 sit
1226 4267 1400 4334 Patri,
1434 4269 1701 4339 proposito
1749 4270 1889 4323 dicto
1945 4268 2012 4321 il-

2188 4279 2393 4344 Ἄλλο,
2425 4280 2515 4334 ὅτι
2548 4277 2685 4350 ἶσος
2714 4286 2747 4337 ὁ
2782 4286 2919 4349 Υἱὸς
2949 4286 3028 4352 τῷ
3055 4288 3258 4358 Πατρὶ,
3305 4292 3703 4362 προκειμένου

425 4357 498 4424 la,
538 4376 557 4410 ι
594 4358 754 4413 Amen
783 4359 900 4412 dico
930 4358 1219 4419 vobis,non
1239 4358 1466 4410 surrexit
1504 4358 1640 4412 inter
1693 4368 1845 4411 natos
1894 4374 2012 4411 mu-

2104 4371 2315 4440 ρητοῦ,
2350 4390 2370 4423 ι
2393 4371 2573 4442 Ἀμὴν
2602 4373 2760 4445 λέγω
2803 4375 2964 4445 ὑμῖν,
2993 4380 3104 4432 οὐκ
3134 4357 3442 4450 ἐγήγερται
3571 4403 3704 4455 γεν-

423 4450 614 4505 lierum
641 4452 818 4522 major
841 4449 1047 4506 Joanne
1071 4449 1338 4521 Baptista,
1363 4468 1383 4502 ι
1420 4458 1531 4505 etc.

2110 4459 2315 4529 νητοῖς
2335 4460 2639 4531 γυναικῶν
2652 4463 2865 4535 μείζων
2879 4465 3158 4523 Ἰωάννου
3174 4469 3286 4523 τοῦ
3297 4474 3662 4543 Βαπτιστοῦ,
3674 4495 3696 4530 ι

2110 4551 2210 4605 καὶ
2247 4552 2322 4607 τὰ
2359 4550 2527 4622 ἑξῆς.

952 4648 1012 4720 θ
1044 4644 1341 4703 Αεεειιτ.
1381 4645 1496 4702 xu.

1437 4645 1496 4702 ll.
2774 4669 2926 4725 ΛΟΓ.
2958 4671 3058 4725 IB’.

501 4757 559 4817 In
586 4759 740 4829 illud,
765 4759 909 4831 «Ego
938 4759 994 4814 in
1018 4757 1206 4825 Patre,
1236 4769 1284 4814 et
1311 4758 1475 4816 Pater
1488 4762 1542 4816 in
1566 4777 1682 4827 me;
1700 4782 1724 4814 η»
1751 4772 1821 4828 et,
1850 4783 1869 4815 ‹
1894 4763 2006 4836 Ego

2182 4778 2287 4843 Εἰς
2332 4777 2422 4844 τὸ,
2460 4778 2652 4850 ιἘγὼ
2684 4781 2753 4835 ἐν
2795 4782 2875 4848 τῷ
2921 4782 3126 4853 Πατρὶ,
3162 4784 3263 4837 καὶ
3310 4787 3345 4839 ό
3385 4786 3588 4857 Πατὴρ
3622 4790 3700 4843 ἐν·

417 4865 466 4910 et
509 4851 670 4907 Pater
707 4867 872 4907 unum
904 4867 1124 4915 sumus;
1149 4870 1167 4903 ι
1205 4852 1294 4907 ubi
1322 4853 1563 4924 deinceps
1612 4855 2006 4911 demonstratur

2106 4870 2242 4940 ἐμοί
2260 4888 2272 4902 ο
2298 4889 2318 4924 r
2355 4871 2477 4939 καὶ,
2503 4891 2521 4925 ι
2544 4872 2692 4938 Ἐγὼ
2723 4874 2821 4929 καὶ
2851 4878 2884 4929 ὀ
2912 4851 3119 4945 Πατὴρ
3146 4875 3216 4929 ἐν
3240 4877 3429 4946 ἐσμεν
3449 4896 3462 4909 ·
3501 4851 3629 4934 »ῆέν
3651 4875 3698 4948 ᾦ

422 4943 586 4998 Deum
604 4943 770 5014 fuisse
804 4942 895 5013 qui
929 4942 1169 4999 liberavit
1222 4945 1585 5014 patriarcltam
1606 4946 1772 5001 Jacob
1802 4964 1867 5003 ea:
1893 4966 2006 5003 om-

2105 4961 2413 5029 ἀπόδειξις
2442 4963 2685 5035 ἐφεξῆς,
2717 4964 2809 5020 ὅτι
2854 4969 2889 5021 ὁ
2936 4942 3191 5040 Θεὸςνῆν
3226 4972 3260 5024 ὁ
3299 4942 3600 5041 piniger-oc
3626 4942 3695 5028 ὲιι

418 5035 570 5089 nibus
602 5036 776 5090 malis.

2105 5053 2351 5109 πάντων
2387 5054 2591 5111 κακῶν
2626 5056 2736 5112 τὸν
2774 5035 3150 5129 πατριάρχην
3181 5035 3405 5116 Tan—c136.

505 5126 930 5209 Demonstratur,
986 5126 1128 5195 quod
1191 5124 1419 5181 Verbum
1458 5128 1556 5183 Dei
1601 5133 1796 5200 species
1832 5133 2004 5203 ipsius

2180 5145 2360 5200 Ἄλλο
2398 5146 2838 5211 ἀποδεικτικὸν.
2871 5124 2961 5203 δτι
2988 5124 3246 5221 οῑλόγος
3286 5153 3394 5207 τοῦ
3422 5155 3590 5219 Θεοῦ,
3627 5156 3691 5211 τὸ

413 5218 480 5271 sit
518 5233 537 5272 :
563 5219 700 5290 quod
746 5214 975 5273 Verbum
1003 5228 1211 5271 vocetur
1233 5221 1427 5288 species
1460 5220 1574 5277 Dei.

2102 5237 2262 5309 εἶδος
2288 5241 2476 5298 αὑτοῦ
2497 5243 2901 5313 earn-.1110,
2919 5214 3332 5327 σημαῖνον-ὅτι
3359 5242 3518 5314 εἶδος
3545 5214 3693 5304 ﬁsci}

2103 5331 2369 5387 καλεῖται
2409 5336 2443 5387 ὁ
2478 5334 2690 5402 Λόγος.

493 5409 776 5465 Vehemens
815 5411 1198 5468 demonstratio
1242 5415 1434 5472 docens
1460 5420 1599 5488 quod
1648 5437 1767 5490 qua:
1800 5424 1999 5491 aliqui-

2178 5417 2359 5480 Ἄλλο
2364 5424 2517 5495 μετὰ
2532 5425 2755 5496 rom-iic-
2774 5427 3139 5496 ἀποδείξεως
3164 5429 3479 5495 διδάσκον,
3506 5431 3594 5485 ὅτι
3621 5431 3693 5485 τὰ

411 5501 506 5553 bus
547 5498 935 5567 assimilantur,
962 5503 1138 5558 nonin
1170 5506 1474 5562 universum
1499 5520 1545 5563 et
1574 5513 1893 5568 naturaliter
1917 5516 1999 5570 in-

2099 5514 2533 5585 ἐξομοιούμενὰ
2567 5531 2750 5582 τισιν,
2781 5520 2854 5573 οὐ
2893 5520 3133 5586 πάντως
3166 5521 3262 5575 καὶ
3305 5523 3456 5577 κατὰ
3500 5525 3690 5592 φύσιν

410 5600 530 5643 sunt
563 5590 629 5642 iis
663 5588 852 5660 quibus
906 5593 1313 5652 assimilantur:
1360 5599 1451 5652 sed
1502 5616 1620 5671 quae
1677 5605 1998 5660 naturaliter

2099 5601 2192 5672 οἷς
2218 5605 2463 5661 ἔνεστιν
2492 5607 2869 5679 ἐξομοιοῦται
2892 5629 2906 5643 ο
2937 5613 3077 5666 ἀλλ’
3099 5611 3303 5683 ὥσπερ
3348 5588 3517 5681 τινὲς
3537 5616 3688 5669 εικό-

411 5679 672 5748 aliquibus
705 5679 903 5749 insunt,
933 5684 1069 5737 velut
1094 5685 1345 5757 imagines
1373 5691 1617 5760 qua-dant
1654 5703 1776 5751 sunt
1812 5712 1994 5752 eorum

2096 5714 2200 5764 νες
2227 5699 2302 5753 τὰ
2333 5700 2517 5769 φύσει
2557 5704 2866 5769 προσόντα
2911 5703 3033 5758 τισὶ
3081 5706 3348 5775 γίνονται
3394 5707 3513 5763 τῶν
3539 5710 3687 5761 κατὰ

413 5771 480 5822 ad
509 5786 624 5838 qua:
655 5782 835 5829 nostra
854 5776 1092 5834 voluntas
1132 5779 1441 5850 impellitur.

1429 5825 1441 5841 .
2096 5790 2448 5859 προαίρεσιν
2485 5792 2654 5863 ἡμῶν
2692 5795 3050 5865 κινημάτων.
