4106 6414
380 424 450 481 Η
1828 426 2001 482 THES

2033 425 2269 488 ιυῆυε.
3227 400 3271 500 ,’
3586 434 3654 501 ιδ

456 542 656 595 Ἀλλο
683 540 992 610 δεικνύον,
1020 544 1110 598 ὅτι
1137 545 1202 598 τὸ
1236 546 1306 599 ἐν
1341 546 1420 612 τῷ
1452 544 1574 613 Θεῷ
1602 544 1872 616 γίνεσθαί
1898 562 1973 607 τι,

2163 543 2311 600 Fieri
2345 546 2546 618 aliquid
2571 547 2625 602 in
2651 546 2782 615 Deo,
2818 564 2921 603 non
2982 557 3186 603 natura:
3214 547 3658 603 .immutationem

380 634 458 686 οὐ
486 633 735 701 φύσεως
760 633 1045 701 σημαίνει
1085 634 1452 714 μεταϐολὴν,
1479 635 1619 691 ἀλλ’
1650 634 1740 690 ὅτι
1768 634 1844 689 δι’
1870 636 1980 689 αὺ-

1546 635 1619 690 ῐλ’
1650 634 1740 690 ὅτι
1768 634 1844 689 δι’
1870 636 1980 689 αὺ-
2083 637 2367 707 signiﬁcat,
2393 642 2482 693 sed
2507 657 2600 710 per
2619 640 2809 710 ipsum,
2844 640 2919 696 vel
2946 641 3008 694 ab
3036 642 3167 710 ipso.

383 724 519 790 τοῦ,
558 723 599 793 ἢ
638 726 780 793 παρ’
812 724 1022 780 αὐτοῦ.
3391 766 3395 770 ι

457 816 671 882 Ἄλλο,
701 815 776 868 δι’
801 811 885 871 οὗν
903 815 1289 887 μανθάνομεν
1310 816 1472 886 ὅπως
1498 818 1792 888 προσήκει
1817 817 1983 873 νοεῖν

2154 819 2271 885 Quo
2312 830 2467 889 pacto
2520 822 2916 892 intelligendum
2986 831 3051 876 stt
3109 822 3307 876 dictum
3353 819 3506 884 illud,
3538 838 3555 871 ι
3596 817 3658 873 Ut

382 905 451 958 τὸ
472 906 695 973 ῥητὸν,
723 905 1060 971 τουτέστιν,
1096 906 1268 961 «Ἵνα
1301 907 1505 977 ὥσπερ
1534 909 1649 978 ἐγὼ
1675 908 1775 964 καὶ
1798 909 1879 963 σὺ
1911 908 1982 963 ἓν

2084 914 2529 984 quemadmodum
2578 930 2672 983 ego
2697 924 2743 968 et
2771 923 2826 967 tu
2851 929 3009 967 unum
3036 929 3240 977 sumus,
3263 913 3332 964 ita
3366 923 3411 965 et
3445 911 3546 979 ipsi
3609 910 3660 963 in

378 995 599 1063 ἐσμεν,
631 995 791 1048 οὕτω
821 995 919 1050 καὶ
946 996 1119 1050 αὐτοὶ
1167 996 1237 1050 ἐν
1276 997 1422 1068 ἡμῖν
1448 997 1518 1053 ἐν
1540 994 1694 1053 ὦσιν
1718 1014 1731 1028 °
1773 998 1888 1068 ἐγὼ
1911 998 1982 1053 ὲν

2084 1005 2233 1060 nobis
2272 1023 2434 1061 unum
2460 1007 2722 1076 sint;ego
2754 1007 2808 1060 in
2853 1005 2979 1075 ipsis
3000 1015 3046 1060 et
3084 1014 3138 1057 tu
3185 1004 3241 1057 in
3296 1019 3395 1068 me,
3447 1011 3503 1056 ut
3556 1003 3658 1055 sint

377 1083 618 1150 αὐτοῖς,
651 1085 751 1138 καὶ
783 1084 866 1139 σὺ
885 1085 955 1139 ἐν
981 1086 1142 1156 ἐμοί·
1173 1088 1275 1143 ἵνα
1303 1084 1415 1143 ὦσι
1435 1087 1872 1157 τετελειωμένοι
1893 1089 1980 1153 είς

1043 1088 1115 1141 ιοί
1130 1105 1142 1118 ·
1173 1088 1275 1143 ἵνα
1303 1084 1415 1143 ὦσι
1435 1087 1872 1157 τετελειωμένοι
1893 1089 1980 1153 είς
2080 1097 2302 1163 perfecti
2339 1097 2393 1150 in
2428 1112 2613 1150 ιιιιιιηι.
2646 1114 2664 1148 ι

376 1189 507 1226 εν.»

462 1266 650 1320 Ἄλλο
679 1266 963 1322 δεικνύων
987 1269 1263 1337 ἀκριϐῶς,
1292 1270 1492 1340 ὅτιπερ
1515 1273 1587 1325 οὐ
1616 1269 1732 1339 τὴν
1750 1271 1981 1327 ἑαυτῶν

2153 1270 2313 1325 Aliud
2340 1272 2612 1327 ostendens
2642 1280 2909 1338 accurate,
2948 1272 3087 1342 quod
3118 1287 3212 1324 nos
3240 1271 3457 1340 prapria
3479 1266 3658 1324 nostra

275 1434 283 1439 _
377 1356 645 1424 ἐφέντες
678 1360 874 1427 φύσιν
921 1359 1073 1429 πρὸς
1113 1360 1229 1428 τὴν
1275 1361 1443 1415 θείαν
1478 1363 1896 1432 μεταποιούμει

2080 1373 2271 1419 natura
2310 1380 2413 1418 non
2445 1364 2639 1418 amissa
2668 1363 2979 1427 indivinam
3038 1371 3279 1416 naturam
3332 1371 3657 1415 transmuta-

376 1450 534 1504 ὅταν
579 1449 652 1503 ἐν
687 1451 962 1520 γίνεσθαι
1000 1452 1153 1521 πρὸς
1189 1452 1335 1507 Θεὸν
1364 1452 1689 1523 λεγώμεθα,
1727 1454 1864 1508 ἀλλ’
1890 1454 1978 1509 ὅτι

2080 1472 2218 1520 mur,
2245 1456 2454 1527 quando
2491 1472 2653 1511 unum
2687 1472 2803 1509 cum
2842 1453 2950 1509 Deo
2981 1455 3107 1524 ριγῑεὶ
3135 1453 3381 1519 dicimur,
3406 1455 3496 1509 sed
3520 1454 3657 1524 quod

368 1539 628 1609 μέτοχοι
665 1541 980 1610 γεγονότες
1016 1541 1206 1595 αὑτοῦ
1241 1541 1419 1595 τοῦτο
1457 1541 1815 1611 καλούμεθα.

1494 1541 1815 1611 αλούμεθα·
2077 1551 2356 1620 participes
2374 1552 2539 1620 ipsius
2566 1550 2715 1621 facti,
2743 1550 2819 1605 ita
2847 1563 3113 1603 vocamur.

1021 1634 1174 1688 AOI‘.
1207 1631 1306 1687 lI".
2617 1639 2912 1695 ASSERT.
2950 1637 3092 1693 XIII.

445 1723 593 1792 Περὶ
648 1725 998 1794 ὁμοιότητος
1050 1723 1161 1793 τῆς
1192 1725 1331 1780 Υίοῦ
1375 1725 1524 1795 πρὸς
1570 1726 1679 1780 τὸν
1723 1726 1974 1796 Πατέρα,

2154 1733 2227 1787 De
2255 1733 2608 1787 similitudine
2649 1730 2782 1786 Filii
2812 1748 2930 1785 cum
2971 1730 3153 1795 Patre,
3181 1740 3227 1784 et
3255 1728 3397 1796 quod
3449 1744 3551 1782 non
3580 1738 3654 1782 est

372 1816 477 1868 καὶ
512 1815 609 1868 ὅτι
641 1818 758 1869 οὐκ
782 1816 920 1870 ἔστι
948 1816 1207 1885 τρεπτῆς
1238 1819 1481 1887 φύσεως
1510 1821 1542 1872 ό
1576 1818 1729 1884 Υἱὸς,
1760 1819 1799 1887 ἢ
1831 1818 1977 1884 ἔξω·

2080 1836 2288 1886 naturce
2309 1825 2577 1879 mutabilis
2608 1823 2801 1889 Filius,
2829 1832 2918 1877 aut
2978 1823 3297 1876 extrinsecus
3344 1818 3653 1884 subsistens,

371 1909 486 1957 θεν
512 1904 799 1971 ὑποστάς
818 1920 833 1934 ’
870 1905 1011 1959 ἀλλ’
1034 1906 1104 1960 ἐκ
1146 1905 1259 1977 τῆς
1299 1908 1516 1974 οὐσίας
1548 1908 1734 1963 αὐτοῦ
1762 1913 1979 1976 προελ-

1662 1908 1734 1963 οῦ
1762 1913 1979 1976 προελ-
2078 1917 2169 1972 scd
2186 1934 2249 1972 es:
2264 1917 2376 1987 ejus
2405 1916 2629 1971 essentia
2656 1916 2964 1985 procedens,
2997 1924 3052 1968 ut
3085 1912 3283 1969 Filius.

371 1996 501 2051 θὼν
538 1999 624 2065 ὡς
669 2000 827 2063 Υἱός.

451 2087 640 2141 Ἄλλο
689 2086 781 2140 ὅτι
804 2088 920 2142 οὐκ
941 2087 1013 2153 ἐξ
1026 2088 1410 2155 ἀλλοιώσεως
1445 2087 1554 2159 τῆς
1589 2090 1706 2147 ἀπό
1731 2091 1838 2146 τοῦ
1854 2093 1978 2160 χεί-

2150 2093 2304 2161 Quod
2362 2111 2475 2149 non.
2520 2110 2612 2163 per
2680 2092 3043 2147 alterationem
3098 2090 3442 2146 a'deteriore
3507 2098 3650 2144 statu

361 2194 555 2245 ρονος
580 2176 683 2231 ἐπὶ
714 2178 780 2232 τὸ
811 2177 1063 2247 ἄμεινον
1091 2178 1295 2250 ὅμοιός
1317 2180 1490 2239 ἐστιν
1522 2184 1555 2236 ό
1592 2182 1726 2247 Υἱὸς
1746 2180 1825 2247 τῷ
1855 2185 1975 2236 Πα-

2075 2186 2131 2239 in
2156 2186 2571 2255 prazstantiurem
2596 2183 2781 2239 similis
2813 2185 2880 2239 sit
2905 2181 3056 2238 Patri
3109 2181 3307 2247 Filius,
3348 2182 3438 2237 sed
3502 2190 3655 2236 uotu-

369 2270 488 2337 τρι,
528 2270 694 2324 ἀλλὰ
732 2269 1030 2339 φυσικῶς.

657 2271 694 2324 ὰ
732 2269 1030 2339 φυσικῶς.
2076 2278 2278 2332 raliter.

445 2363 658 2424 Ἄλλο,
691 2363 1004 2431 σημαῖνον
1027 2362 1119 2419 ὅτι
1146 2363 1216 2419 ἐκ
1246 2362 1362 2435 τῆς
1374 2365 1595 2435 οὐσίας
1614 2365 1720 2422 τοῦ
1744 2369 1975 2437 Πατρός

2148 2372 2309 2426 Aliud
2336 2370 2611 2426 declarans
2646 2368 2843 2424 Filium
2871 2384 2982 2423 esse
3005 2384 3072 2423 ea:
3102 2367 3398 2422 substantia
3439 2365 3645 2430 Patris,

365 2451 545 2506 ἐστιν
586 2456 623 2507 ό
679 2454 834 2523 Υἱὸς,
869 2456 972 2510 καὶ
1011 2457 1125 2510 οὐκ
1171 2455 1414 2523 ἔξωθεν,
1444 2458 1711 2528 καθάπερ
1750 2464 1804 2514 ot
1841 2462 1974 2529 Χρι-

2075 2472 2123 2518 et
2165 2478 2267 2515 non
2297 2462 2613 2515 extrinsecus
2634 2459 2964 2527 productum,
2996 2454 3429 2525 quemadmodum
3478 2452 3652 2506 hostes

366 2541 669 2609 στομάχοι
710 2543 939 2612 φασίν·
970 2544 1200 2615 ,ἐπειδὴ
1241 2545 1311 2606 δὲ
1347 2547 1461 2601 οὐκ
1498 2546 1738 2616 ἔξωθεν,
1775 2548 1979 2619 ὅμοιος·

2078 2552 2277 2607 Cltristi
2305 2550 2659 2614 contendunt;
2691 2558 2760 2614 et,
2795 2548 3042 2618 quoniam
3095 2545 3418 2600 extrinsecus
3457 2543 3652 2611 produ-

368 2630 511 2699 ἄρα·
2075 2654 2191 2701 ctus
2218 2660 2320 2697 non
2340 2649 2436 2705 est,
2454 2640 2642 2695 similis
2671 2639 2748 2691 illi
2773 2648 2870 2692 est.

452 2725 789 2792 Ἀπόδειξις
838 2727 961 2783 ἀπὸ
1010 2727 1136 2799 τῆς,
1163 2729 1327 2796 θείας
1356 2728 1628 2799 Γραφῆς,
1664 2730 1867 2799 ὅτιπερ
1905 2731 1972 2785 ἐκ

2151 2733 2534 2789 Demonstratio
2567 2746 2632 2785 ea:
2656 2746 2807 2784 sacra
2834 2727 3130 2796 Scriptura,
3159 2724 3295 2795 quod
3362 2740 3454 2790 per
3485 2723 3652 2790 parti-

364 2814 640 2885 μετοχῆς
661 2815 774 2885 τῆς
801 2816 956 2886 πρὸς
989 2817 1054 2872 τὸ
1089 2818 1261 2873 Θεῖον
1286 2820 1416 2874 κατ’
1441 2820 1647 2874 εἰκόνα
1682 2818 1798 2891 τὴν
1823 2820 1973 2889 πρὸς

2076 2826 2387 2896 cipationem
2405 2823 2696 2878 divinitatis
2727 2822 2796 2875 ad
2827 2819 3104 2890 imaginem
3153 2818 3317 2886 ipsius
3341 2816 3645 2891 (ormemur.

363 2909 523 2962 αὐτὸ
560 2912 974 2985 μορφούμεθα.
1005 2912 1089 2965 Οὐ
1136 2913 1249 2982 γὰρ
1291 2911 1585 2982 ἐξήρκεσε
1626 2911 1703 2982 τῇ
1737 2913 1843 2968 τοῦ
1870 2915 1974 2969 ἀν-

2078 2918 2263 2989 Neque
2311 2919 2449 2972 enim
2503 2916 2631 2970 satis
2679 2914 2776 2984 fuit
2835 2911 2903 2966 ad
2964 2911 3020 2967 id
3047 2920 3103 2964 ut
3133 2910 3395 2963 rideretur
3425 2917 3471 2961 et
3502 2905 3646 2973 ﬁeret

362 2999 613 3069 t'pdmov
662 3000 1019 3070 κατασκευῇ
1051 3001 1203 3072 πρὸς
1243 3002 1309 3057 τὸ
1347 3003 1668 3073 φαίνεσθαι
1689 3004 1792 3058 καί
1819 3001 1972 3059 εἷναι

2076 3010 2231 3063 Ιιοηιο
2290 3010 2463 3078 imago
2527 3005 2809 3069 Creatoris,
2869 3002 3038 3057 solam
3115 3000 3479 3069 cogitationem
3555 3012 3648 3051 ex—

362 3092 579 3144 εὲκόνα
616 3091 726 3145 τοῦ
772 3093 1203 3159 πεποιηκότος,
1239 3092 1306 3146 τὸ
1354 3094 1425 3147 ἐν
1455 3096 1669 3163 μόναις
1711 3094 1974 3162 ἐννοίαις
2075 3100 2255 3170 primi.

365 3183 479 3237 τὸν
517 3181 656 3252 περὶ
692 3184 882 3238 αὑτοῦ
908 3183 1153 3243 ,κεῖσθαι
1188 3185 1376 3253 λόγον
1414 3185 1705 3242 τοιοῦτον.

1036 3273 1190 3327 ΛΟΓ.
1230 3274 1328 3327 IA'.
2608 3273 2649 3326 A

2608 3269 2899 3326 ASSERT.
2943 3268 3084 3324 XIV.

439 3365 573 3416 ,Ἔτι
597 3404 614 3429 ⁹
662 3363 800 3432 περὶ
845 3364 1195 3433 ὁμοιότητος
1218 3403 1234 3428 ,
1286 3364 1680 3435 προκειμένου
1736 3367 1966 3435 ῥητοῦ»

2147 3335 2221 3418 be
2247 3362 2595 3417 similitudine
2632 3361 2810 3415 Patris
2839 3369 2884 3415 et
2936 3358 3089 3425 Filii,
3116 3356 3381 3428 proposito
3408 3356 3461 3426 7
3506 3353 3648 3408 dicto

370 3455 647 3523 σὭσπερ
678 3454 792 3522 γὰρ
819 3458 852 3508 ό
877 3453 1083 3523 Πατὴρ
1118 3456 1246 3524 ἔχει
1279 3454 1445 3525 ζωὴνυ
1470 3456 1541 3509 ἐν
1576 3455 1788 3522 ἐαυτῷ,
1816 3457 1970 3511 οὕτω

2076 3456 2196 3517 hoc,
2229 3473 2249 3507 ι
2294 3454 2445 3510 Sicut
2472 3454 2609 3508 enim
2631 3451 2795 3508 Pater
2813 3453 2964 3507 habet
2989 3452 3149 3506 vitam
3182 3451 3237 3503 in
3259 3449 3450 3522 seipso,
3481 3449 3560 3500 ita
3597 3457 3645 3499 et

363 3543 585 3611 καὶτῷ
618 3543 731 3610 Υἱῷ
761 3544 983 3600 δέδωκε
1024 3544 1195 3615 ζωὴν
1218 3545 1383 3616 ἔχειν
1404 3548 1473 3601 ἐν
1495 3547 1715 3614 ἐαυτῷ·
1752 3567 1771 3600 ι
1805 3548 1873 3603 τὸ
1901 3548 1970 3602 δὲ

2076 3543 2219 3599 Filio
2252 3545 2393 3599 dedit
2417 3544 2577 3599 vitam
2597 3546 2787 3599 habere
2822 3545 2877 3598 in
2906 3544 3134 3613 seipsoa
3170 3542 3260 3597 Ea:
3296 3557 3398 3612 quo
3423 3540 3648 3609 infertur

362 3638 803 3709 συναγόμενον
832 3637 904 3691 ἐκ
931 3637 1054 3690 τῶν
1077 3638 1530 3708 συλλογισμῶν,
1559 3639 1648 3693 ὅτι
1680 3638 1793 3709 ζωὴ
1819 3639 1971 3694 κατὰ

2073 3635 2386 3706 sytlogistice
2408 3633 2769 3692 Filiumiesse-
2813 3637 3129 3691 naturaliter
3177 3636 3358 3701 vitam,
3412 3632 3546 3687 sicut
3599 3640 3645 3683 et

361 3734 570 3803 φύσιν
604 3731 783 3786 ἐστὶν
821 3731 857 3785 ὁ
903 3729 1057 3794 Υἱὸς,
1097 3726 1302 3799 ὥσπερ
1339 3730 1440 3784 καὶ
1478 3734 1511 3785 ό
1547 3730 1771 3801 Πατήρ.
2074 3727 2255 3784 Pater.

1029 3822 1186 3877 ΛΟΓ.
1228 3821 1329 3876 IE'.
2628 3821 2650 3875 Α

2628 3818 2923 3877 ASSERT.
2965 3819 3084 3877 XV.

444 3914 554 3979 Ε’Ζς
582 3912 649 3967 τὸ
675 3913 748 3966 ἐν
788 3913 922 3981 ταῖς
957 3911 1326 3982 Παροιμίαις,
1364 3929 1384 3963 ι
1411 3912 1626 3980 Κύριος
1663 3913 1867 3970 ἔκτισέ
1891 3933 1968 3985 με

2151 3914 2217 3969 In
2252 3914 2386 3968 illud
2409 3914 2623 3982 quodin
2671 3913 2761 3969 lib.
2800 3912 3051 3968 Prorerb.
3086 3911 3298 3976 dicitur,
3332 3929 3352 3963 ι
3392 3909 3647 3964 Dominus

356 4006 577 4075 ἀρχὴν
624 4004 784 4060 ὁδῶν
827 4006 1036 4070 αὐτοῦ,
1085 4008 1174 4072 είς
1218 4006 1365 4075 ἔργα
1414 4006 1636 4061 αὐτοῦ’
1672 4026 1690 4059 ι
1738 4007 1828 4061 ὅτι
1873 4009 1963 4072 τὸ,

2073 4008 2267 4061 creavit
2284 4022 2365 4060 me
2388 4006 2927 4075 principium-viarum
2953 4021 3197 4071 suarum,
3227 4004 3282 4056 in
3305 4017 3459 4070 opera
3490 4017 3606 4053 sua.
3624 4018 3643 4051 ι

369 4118 387 4148 ι
421 4096 697 4160 ἔκτισεν,
727 4114 747 4148 ι
773 4097 845 4150 οὐ
878 4096 1032 4151 κατὰ
1059 4095 1174 4165 τῆς
1196 4097 1413 4163 οὐσίας
1453 4094 1561 4152 τοῦ
1607 4097 1800 4166 Λόγου
1845 4097 1965 4152 κεῖ-

2076 4099 2228 4163 Quod
2250 4096 2460 4151 verbum
2497 4095 2700 4161 illud”
2719 4098 2935 4163 creavit,
2957 4114 2975 4147 ι
3007 4111 3112 4149 non
3138 4096 3203 4149 de
3232 4096 3456 4148 essentia
3499 4091 3652 4150 Verbi

362 4204 485 4252 ται,
528 4184 681 4241 οὐδὲ
716 4186 944 4255 κτίσμα
978 4184 1018 4255 ἢ
1057 4186 1286 4257 ποίημα
1324 4191 1358 4242 ό
1404 4188 1559 4253 Υἱός.

2073 4190 2303 4251 dicatur,
2389 4196 2437 4242 et
2480 4187 2619 4259 quod
2684 4184 2859 4240 Filius
2949 4201 3053 4240 non
3131 4185 3198 4239 sit
3252 4192 3497 4238 creatura
3570 4186 3652 4240 rel

2072 4296 2222 4347 opus.
2533 4334 2542 4344 ,
3033 4294 3040 4301 ‘

457 4366 794 4433 Ἀπόδειξις
832 4365 903 4431 ἐξ
932 4366 1346 4437 ἐπιτηρήσεὼν
1363 4370 1706 4439 Γραφικῶν,
1746 4372 1839 4428 ὅτι
1885 4374 1965 4441 ὡς

2139 4372 2544 4426 Demonstratur
2608 4368 3016 4424 auctoritatibus
3088 4382 3256 4423 sacra:
3330 4364 3645 4435 Scriptura,

366 4464 518 4531 Θεὸς
561 4462 751 4518 οὐδὲν
794 4460 1225 4530 προσκυνεῖται
1269 4460 1390 4515 τῶν
1424 4461 1796 4531 κτισμάτων⁹
1829 4465 1968 4519 οὔτε

2071 4462 2209 4534 quod
2221 4461 2381 4516 'nulla
2412 4471 2774 4516 creaturarum
2808 4460 3060 4516 adoretur
3113 4458 3267 4530 quasi
3296 4456 3459 4523 Deus,
3483 4456 3659 4528 quotl—

360 4556 495 4625 μὴν
540 4554 1054 4623 προσκυνούμενα
1101 4550 1407 4621 ἀνέχεταιν
1419 4553 1893 4623 προσκυνεῖσθαι
1916 4555 1963 4624 ἢ

2072 4572 2172 4625 que
2195 4569 2389 4624 eaquae
2409 4554 2653 4620 adorant,
2692 4553 2909 4607 adorari
2935 4558 3029 4607 aut
3069 4549 3371 4622 glorificari-
3396 4565 3500 4604 non
3532 4563 3652 4603 sus-

363 4646 858 4717 δοξολογεῖσθαι.

2072 4646 2294 4698 tineant.
2847 4710 2854 4718 .
3109 4645 3112 4649 ’

454 4742 795 4808 ’.ἀντίθεσις
815 4741 932 4797 ἀπὸ
967 4741 1088 4795 τῶν
1129 4740 1358 4809 Ἀρείου
1402 4740 1732 4810 δογμάτων,
1767 4741 1966 4795 αἰτίαν

2140 4733 2379 4803 Objectio
2417 4747 2482 4787 es:
2509 4729 2842 4801 dogmatibus
2873 4731 3010 4793 Arii,
3044 4745 3163 4800 gnte
3216 4743 3411 4796 ceram,
3454 4738 3511 4783 ut
3549 4728 3646 4797 ipsi

362 4837 609 4903 ἔχουσα
630 4832 743 4888 τοῦ
767 4832 1142 4902 πεποιῆσθαι
1164 4832 1274 4886 τὸν
1302 4830 1458 4899 Υιὸν,
1492 4832 1573 4899 ὡς
1596 4830 1768 4886 αὐτοὶ
1800 4833 1966 4902 νομί·-

2072 4831 2282 4894 putant,
2317 4837 2534 4877 causam
2562 4823 2810 4886 continet,
2845 4828 3058 4889 pr0p_ter
3126 4835 3285 4892 quam
3320 4819 3495 4889 factus
3580 4818 3644 4871 sit

362 4926 603 4989 ξουσιν,
640 4923 865 4993 ἀληθῆ,
890 4924 990 4978 καὶ
1025 4925 1208 4990 λύσις
1239 4920 1460 4992 ἐφεξῆς
1479 4921 1630 4993 μετὰ
1653 4925 1967 4992 πιθανότη-

2073 4911 2270 4980 Filius,
2320 4925 2372 4966 et
2406 4910 2639 4981 ejusdem
2677 4923 2776 4978 per,
2819 4909 3015 4964 solidos
3059 4909 3391 4980 syllogismos
3447 4906 3648 4975 refuta-

364 5034 474 5083 τες
512 5014 972 5085 συλλογισμῶν.
2071 5006 2167 5061 tio.

443 5108 583 5160 Ἔτι
602 5106 691 5172 εὶς
714 5105 803 5171 τὸ,
836 5124 854 5158 ι
875 5106 1091 5174 Κύριος
1112 5105 1316 5160 ἐκτισέ
1331 5120 1429 5175 με.
1454 5120 1473 5155 ι
1499 5103 1627 5161 Ὀτι
1649 5108 1727 5162 οὐ
1743 5108 1967 5180 κτίσμα

2137 5092 2299 5148 Aliud
2328 5095 2384 5147 in
2404 5093 2558 5155 illud,
2593 5093 2763 5148 «Deus
2794 5094 3179 5165 formavit,me,
3215 5099 3387 5146 λεια.
3419 5088 3484 5144 Et
3511 5091 3649 5160 quod

364 5202 400 5253 ό
448 5200 616 5263 Υἱός.
660 5209 673 5218 ’

2076 5183 2254 5240 Filius
2279 5203 2380 5241 non
2404 5188 2471 5241 sit
2508 5200 2776 5242 creatura.
2845 5194 2854 5205 ‘

442 5291 645 5344 Ἀλλο
690 5287 812 5341 τῶν
855 5286 1194 5355 ὀρθοδόξων
1241 5274 1565 5357 λεγόντων,
1603 5306 1622 5340 ι
1650 5290 1720 5344 Et
1745 5292 1966 5362 κτίσμα

2145 5276 2306 5331 Aliud
2331 5278 2767 5344 orthodoxorum,
2800 5277 2892 5333 «Si
2928 5286 3171 5332 creatura
3197 5284 3273 5331 est
3303 5272 3497 5340 Filius,
3517 5290 3649 5345 quo-

367 5380 548 5436 ἑστὶν
577 5382 614 5434 ό
640 5379 795 5445 Υἱὸς,
836 5376 963 5446 πῶς
987 5378 1115 5449 ἔχει
1148 5378 1303 5434 κατὰ
1336 5380 1530 5449 φύσιν
1570 5381 1637 5434 τὸ
1674 5378 1827 5437 εἶναι
1869 5382 1971 5450 δη-

2075 5370 2232 5423 modo
2256 5381 2447 5424 natura
2495 5368 2721 5425 Creator
2774 5385 2886 5429 esse
2944 5367 3154 5437 potest?
3205 5364 3330 5421 Non
3367 5368 3505 5421 enim
3558 5365 3649 5420 hoc

362 5473 696 5544 μισυργός;
717 5472 802 5525 Οὐ
819 5471 929 5540 γὰρ
959 5470 1115 5525 ἴδιον
1138 5470 1258 5526 τῶν
1271 5472 1613 5542 κτισμάτων
1636 5474 1816 5528 τοῦτό
1839 5492 1928 5544 γε.
1944 5494 1962 5528 s

2075 5471 2438 5514 creaturarum
2469 5464 2739 5531 proprium
2771 5470 2902 5516 est.»
2927 5459 3028 5513 Cui
3060 5457 3414 5529 subjiciuntur
3442 5458 3652 5514 haereti-

385 5559 891 5629 Ἀνθυπήνεγκαν
921 5563 975 5614 οἱ
996 5559 1279 5628 αίρετικοὶ
1306 5561 1379 5615 τὰ
1395 5561 1865 5632 ὑποτεταγμένα,
1882 5558 1970 5619 ὧν

1451 5558 1970 5632 ποτεταγμένα,ὧν
2079 5568 2262 5606 coruus
2284 5553 2600 5624 objectiones
2636 5564 2683 5610 et
2711 5554 3072 5623 refutationes.

368 5655 433 5707 ai
471 5652 696 5718 λύσεις
731 5651 895 5706 εἰσὶν
928 5648 1173 5720 ἐφεξῆς.
2756 5696 2761 5700 .

458 5739 859 5810 Ἐπιτήρησις
882 5740 1117 5808 ὁμοίως,
1146 5738 1217 5804 ἐξ
1243 5734 1320 5809 ἧς
1345 5740 1729 5811 μανθάνομεν
1752 5742 1843 5796 ὅτι
1874 5744 1975 5798 καί

2147 5730 2480 5797 Observatio,
2506 5746 2571 5785 ex
2601 5746 2706 5800 qua
2727 5730 2978 5785 discimus
3005 5728 3206 5799 angelis
3227 5733 3277 5781 et
3309 5724 3507 5779 sanctis
3528 5739 3653 5792 pro—

370 5831 663 5903 ἀγγέλοις
709 5829 810 5883 καὶ
861 5829 1054 5899 ἁγίοις
1102 5828 1435 5897 προφήταις
1473 5828 1609 5898 ἔθος
1645 5831 1817 5888 ἐστίν
1840 5833 1967 5889 ἐπι-

2089 5828 2260 5897 phctis
2288 5823 2716 5882 consuetudinem
2745 5838 2854 5880 esse
2876 5822 3046 5893 jussis
3078 5837 3109 5875 a
3144 5818 3253 5874 Deo
3292 5819 3449 5872 etiam
3491 5816 3653 5870 inter-
