4106 6432
497 453 566 514 l9
1498 448 1557 504 S.
1593 445 1871 505 CYRILLI
1911 438 2389 499 ALEXANDRINI
2428 440 2755 499 ARCHIEP.
3538 513 3541 517 _
3718 440 3792 495 ῆι)

492 569 791 642 rogationes
819 567 1082 638 proferre,
1104 566 1472 639 ignorantibus
1532 565 1797 622 interdum
1850 564 1905 619 id
1948 562 2088 634 quod

487 665 699 735 iussum
717 672 814 719 est.
853 661 1082 718 Verbum
1128 671 1304 717 autem
1337 661 1433 716 Dei
1464 676 1566 716 non
1625 660 1699 714 ita
1732 659 1907 727 facere
1944 671 2088 723 repe-

492 773 558 811 ηι
565 775 593 811 ιι
601 773 646 810 r.

601 773 646 810 r.

541 767 724 902 (:liud
775 847 830 901 in
862 845 1019 914 Νίκα,
1048 866 1068 898 ι
1110 844 1337 912 Quando
1369 843 1705 915 praeparabat
1767 845 1979 912 caelum,
2040 845 2088 899 ei

424 938 431 944 ’
489 939 727 994 aderam.
741 957 761 991 ι

1045 1029 1340 1088 ASSERT.
1379 1029 1519 1088 XVI.

562 1124 641 1180 De
666 1125 963 1180 aeternitate
982 1122 1146 1194 Filii,
1175 1136 1223 1179 et
1250 1126 1392 1201 quod
1409 1122 1836 1197 inseparabiliter
1861 1141 1927 1180 ea:
1959 1125 2085 1180 suba

488 1217 689 1273 stantia
712 1215 896 1273 Patris
945 1219 1207 1289 procedit.

1016 1304 1313 1365 ASSER'I‘.
1385 1298 1551 1366 XVII.

559 1398 716 1467 Quod
747 1414 928 1456 eorum
958 1416 1078 1473 quae
1110 1409 1376 1458 creatura:
1403 1402 1587 1457 insunt
1647 1398 1782 1455 nihil
1816 1388 1960 1454 Filia
1995 1397 2083 1453 in-

487 1493 576 1563 sit,
623 1510 687 1549 ac
702 1493 927 1564 proinde
947 1505 1249 1553 creaturam
1268 1566 1271 1571 ς
1290 1511 1395 1551 non
1415 1510 1547 1571 esse.

1016 1570 1549 1639 ASSERT.XVUL

560 1672 717 1742 Quod
750 1690 855 1730 non
878 1675 947 1730 sit
970 1674 1111 1731 idem
1140 1686 1374 1731 creatum
1402 1684 1451 1731 et
1510 1676 1765 1746 genitum,
1815 1690 1982 1747 neque
2025 1675 2082 1728 in

489 1768 598 1824 Deo
625 1785 804 1825 creare
828 1780 875 1824 et
906 1770 1142 1842 gignere.

835 1917 843 1925 .
1039 1859 1335 1921 ASSERT.
1371 1859 1518 1916 XIX.

559 1950 821 2006 Adversus
867 1951 1118 2017 dicentes,
1149 1953 1288 2019 quod
1338 1946 1515 2006 Filius
1580 1966 1685 2005 non
1744 1947 1812 2002 sit
1851 1944 2080 2002 Verbum

488 2041 694 2110 Patris,
717 2043 811 2098 sed
831 2043 1071 2100 diversus
1093 2043 1159 2098 ab
1179 2043 1292 2113 ipso
1330 2054 1377 2097 et
1405 2043 1474 2117 8,
1519 2051 1823 2097 extraneus.
1851 2036 1939 2094 Ex
1976 2053 2080 2107 quo

486 2133 817 2189 concluditur
846 2133 992 2204 quod.
1035 2131 1502 2188 consubstantialis
1539 2132 1607 2185 sit
1653 2127 1827 2195 Patri,
1893 2135 2081 2185 etnon

484 2227 835 2293 extrinsecus,
857 2227 948 2281 sed
968 2241 1034 2281 ex
1063 2226 1230 2295 ipsius
1259 2225 1507 2280 essentia.

1023 2403 1324 2462 ASSERT.
1382 2402 1503 2467 XX.

557 2500 627 2556 In
654 2499 814 2569 illud,
843 2498 1157 2581 cSustinuit
1179 2516 1388 2554 crucem
1415 2498 1708 2571 ignominia
1756 2502 2076 2568 contempta.

489 2592 701 2649 Idcirco
726 2603 775 2648 et
802 2592 944 2647 Deus
994 2592 1252 2648 emltavit
1298 2593 1496 2662 ipsum,
1521 2600 1570 2646 et
1618 2591 1761 2645 dedit
1810 2591 1858 2645 ei
1888 2606 2079 2645 nomen

485 2685 626 2756 quod
646 2695 721 2744 est
748 2701 907 2755 super
923 2700 1077 2739 omne
1098 2700 1308 2751 nomen,
1330 2702 1349 2736 ι
1379 2683 1469 2737 ubi
1489 2683 1860 2739 annotationes
1878 2680 2087 2753 aliquot.

486 2781 553 2833 de
579 2778 950 2833 incarnatione
984 2776 1166 2833 eodem
1189 2778 1532 2847 pertinentes.

562 2956 630 3011 In
658 2954 812 3021 illud,
848 2974 881 3009 ι.
895 2955 1052 3011 Dedit
1078 2956 1181 3023 illi,
1205 2976 1240 3010 s.
1260 2966 1395 3025 etc.,
1427 2967 1477 3011 et
1508 2955 1973 3028 «Superexaltavit
1999 2958 2093 3027 ipe

488 3065 626 3118 sum,
653 3067 674 3103 ι
711 3049 923 3121 aliaque
947 3048 1255 3121 hujusmodi
1288 3066 1406 3122 qua:
1428 3051 1492 3106 de
1523 3049 1736 3107 Christo
1766 3052 2055 3109 dicuntur.

562 3227 628 3285 In
657 3229 856 3287 dictum
890 3230 1027 3286 illud
1056 3228 1236 3299 Pauli,
1269 3250 1288 3284 ι
1323 3230 1476 3288 Sedet
1501 3234 1557 3291 in
1597 3232 1817 3289 dextera
1871 3234 2083 3304 magni-

490 3322 695 3383 audinis
762 3323 820 3378 in
890 3323 1135 3392 excelsis,
1212 3333 1363 3379 tanto
1417 3325 1604 3381 melior
1680 3325 1856 3396 [actus
1924 3340 2085 3397 ange-

490 3416 579 3475 ίίε.
623 3433 646 3469 s

563 3505 847 3578 Exempla,
864 3506 1379 3579 quibusdeclaratur
1395 3525 1572 3566 uocem
1599 3510 1759 3577 hanc,
1794 3507 2087 3574 s.melior,s.

491 3600 559 3655 in-
584 3615 739 3655 sacra
764 3599 1049 3671 Scriptura
1081 3602 1243 3656 etiam
1271 3602 1335 3658 de
1362 3602 1431 3657 iis
1461 3619 1581 3676 qua:
1607 3603 1831 3659 multum
1862 3603 1998 3658 inter
2029 3619 2088 3658 se

491 3693 716 3758 distant,
748 3703 839 3749 aut
870 3694 1078 3751 ratione
1107 3705 1334 3762 natura,
1366 3706 1459 3753 aut
1502 3697 1807 3768 dignitatis,
1852 3705 1944 3753 aut
2002 3711 2086 3753 se-

492 3785 735 3862 cundum
759 3799 1071 3840 mensuram
1088 3787 1298 3857 gratim,
1329 3787 1605 3858 usurpari.

566 3875 725 3943 Quod
748 3874 907 3943 illud,
942 3896 962 3930 ι
993 3876 1185 3932 Melior
1216 3879 1393 3949 factus
1423 3888 1499 3935 est
1544 3878 1773 3951 angelis,
1804 3897 1833 3933 ι.
1865 3895 1971 3936 non
2014 3882 2086 3937 ad

494 3962 850 4034 differentiam
902 3964 1348 4032 substantiarum,
1403 3970 1497 4024 sed
1552 3969 2083 4028 administrationum

444 4035 463 4060 ’
497 4054 827 4124 referendum
862 4057 952 4113 sit.
988 4057 1144 4125 Quod
1176 4059 1331 4115 aliter
1355 4058 1738 4115 etiamdictum
1769 4070 1865 4117 est.

566 4233 837 4305 Appendix
862 4235 1124 4292 dictorum
1147 4237 1211 4292 de
1245 4240 1578 4295 humanitate
1605 4239 1907 4311 Christi,,ac
1945 4261 2098 4318 prece

498 4338 642 4385 terea
663 4328 883 4385 solutio.

568 4423 734 4491 Quod.
748 4425 887 4481 bona
913 4425 1377 4497 situtilissimaque
1392 4427 1917 4486 administrationum
1943 4448 2102 4488 com-.

495 4518 728 4586 paratio,
756 4517 1061 4590 angelorum
1078 4517 1276 4573 scilicet
1304 4526 1353 4573 et
1384 4516 1542 4586 Filii,
1567 4521 1669 4575 vim
1715 4524 1878 4593 vocis,
1915 4541 1936 4575 ι
1973 4542 2087 4581 me-

499 4611 652 4679 lior,»
686 4611 981 4683 explanans
1006 4625 1026 4665 :
1054 4626 1158 4683 quo
1187 4621 1346 4681 pacto
1372 4612 1512 4668 enim
1548 4615 1738 4672 melior
1764 4617 1969 4687 angelis
1996 4620 2086 4684 sit,

499 4714 550 4762 et
582 4716 803 4777 quanto,
834 4721 901 4762 ea:
931 4706 997 4763 iis
1024 4703 1402 4776 intelligemus.

1065 4886 1366 4946 ASSERT.
1407 4888 1554 4945 XXI:

571 4982 641 5038 In
666 4983 868 5037 dictum
895 4979 1032 5035 illud
1061 4981 1327 5050 Apostoli,
1356 5001 1376 5035 ι
1416 4981 1764 5039 Considerate
1790 4985 2092 5054 apostolum

501 5086 550 5131 et
574 5073 879 5145 pontiﬁcem
905 5072 1255 5142 confessionis
1280 5084 1476 5131 nostra:
1506 5075 1715 5143 Iesum,
1780 5077 1874 5148 qui
1919 5078 2094 5146 ﬁdelis

507 5167 677 5227 factus
706 5174 781 5221 est
805 5165 853 5221 ei
877 5165 969 5236 qui
995 5164 1117 5235 fecit
1145 5168 1341 5236 ipsum.
1375 5185 1395 5221 ι
1430 5164 1519 5224 Ea;
1540 5186 1641 5241 quo
1684 5168 1914 5239 infertur
1953 5170 2096 5242 quod

505 5259 680 5315 Filius
719 5275 828 5315 non
860 5260 933 5314 sit
957 5275 1087 5330 opus
1108 5258 1189 5315 uel
1208 5270 1474 5316 creatura.

1067 5430 1361 5495 ASSEIIT.
1401 5436 1567 5493 XXII.

578 5531 647 5588 In
667 5531 822 5597 illud,
882 5552 902 5584 ι
943 5531 1021 5589 De
1072 5534 1158 5588 die
1198 5542 1248 5588 et
1304 5530 1437 5585 hora
1475 5531 1572 5586 illa
1618 5548 1769 5587 nemo
1807 5535 1969 5601 novit,
2004 5551 2097 5589 nec

2190 560 2574 632 ταττομένοις
2601 558 2762 628 παρὰ
2792 557 2965 621 Θεοῦ,
2986 556 3083 611 καὶ
3108 555 3431 626 ἐρωτήσεις
3461 555 3793 626 προσάγειν

2188 654 2522 724 ἀγνοοῦσιν
2556 653 2686 709 ἔσθ’
2713 650 2813 706 ὅτε
2857 651 2924 705 τὸ
2964 648 3450 720 ἐπιταττόμενον.
3469 648 3525 701 '0
3572 647 3641 702 δὲ
3682 647 3791 703 τοῦ

2191 745 2343 799 Θεοῦ
2379 745 2571 817 Λόγος
2607 744 2721 814 οὐχ
2762 742 2952 809 οὕτως
2987 740 3228 810 ἐδείχθη
3268 739 3473 795 ποιῶν.

2262 840 2445 895 Ἄλλο
2492 839 2581 905 είς
2625 837 2717 904 τὸ,
2757 836 3002 895 «Ἡνίκα
3026 832 3305 905 ἡτοίμαζε
3348 832 3457 888 τὸν
3503 831 3787 901 οὐρανὸν,

2188 932 2602 1005 συμπαρήμην
2637 928 2829 997 αὐτῷ..
2870 947 2894 984 s
3807 958 3811 961 τ

2829 1016 3144 1088 Aor.1qm

2256 1117 2399 1189 Περὶ
2451 1116 2791 1185 ἀτδιότητος
2818 1113 2978 1182 mo,
3007 1112 3107 1167 καὶ
3141 1111 3231 1165 ὅτι
3271 1110 3606 1182 ἀμερίστως
3644 1124 3787 1177 προ-

2185 1207 2379 1277 ῆλθεν
2406 1207 2475 1262 ὲκ
2503 1207 2616 1279 τῆς
2646 1206 2864 1274 οὐσίας
2895 1204 3004 1259 τοῦ
3031 1205 3285 1272 Πατρός.

2835 1297 2988 1352 ΛΟΓ.
3030 1295 3129 1353 ΙΖ’.

2257 1389 2380 1445 Ὅτι
2418 1390 2541 1445 τῶν
2578 1388 2659 1460 τῇ
2682 1390 2877 1444 κτίσει
2912 1388 3271 1456 προσόντων
3319 1383 3505 1441 οὐδὲν
3547 1382 3628 1449 τῷ
3672 1381 3787 1448 ΥΙῷ

2184 1486 2501 1555 πρόσεστι·
2529 1480 2739 1555 διόπερ
2771 1483 2859 1536 οὺ·
2880 1481 3107 1549 κτίσμα
3137 1481 3170 1534 ό
3213 1480 3369 1546 Υἱός.

2824 1556 3135 1627 Aor.iun

2257 1670 2381 1723 Ὀτι
2420 1667 2507 1739 μὴ
2549 1664 2774 1722 ταυτὸν
2814 1664 3041 1734 κτίσμα
3066 1662 3165 1717 καὶ
3194 1661 3485 1733 γέννημα,
3513 1658 3671 1731 μηδὲ
3714 1657 3782 1712 τὸ

2184 1760 2403 1823 κτίζειν
2439 1758 2541 1816 καὶ
2575 1760 2645 1813 τὸ
2682 1754 2911 1828 γεννᾷν
2948 1755 3049 1810 ἐπὶ
3090 1754 3260 1810 Θεοῦ.

2825 1850 2981 1905 ΛΟΓ.
3040 1848 3143 1905 ῙΘ’.

2254 1945 2413 2016 Πρὸς
2438 1944 2582 2013 τοὺς
2606 1942 2923 2014 λέγοντας,
2946 1941 3036 1996 ὅτι
3065 1944 3099 1996 ό
3130 1939 3267 2007 mc
3289 1939 3402 1995 οὐκ
3430 1938 3604 1993 ἔστιν
3631 1937 3785 2006 ἁλη-

2182 2039 2349 2106 θινὸς
2397 2037 2590 2108 Λόγος
2644 2035 2757 2093 τοῦ
2801 2035 3060 2103 Πατρός,
3091 2034 3232 2090 ἀλλ’
3261 2032 3468 2102 ἕτερός
3514 2048 3605 2096 τις
3643 2028 3784 2098 παρ’

2180 2130 2369 2188 αὐτὸν
2416 2128 2490 2200 τῇ
2539 2130 2722 2201 φύσει
2752 2127 2854 2183 καὶ
2886 2127 3086 2196 ξένος.
3122 2128 3193 2183 Τὸ
3224 2126 3294 2181 δὲ
3318 2126 3603 2182 ἐντεῦθεν
3628 2142 3782 2180 συν-

2181 2226 2504 2295 αγόμενον,
2534 2223 2629 2278 ὅτι
2674 2222 2775 2278 καὶ
2810 2221 3139 2292 ὁμοούσιος
3171 2218 3253 2287 τῷ
3279 2219 3487 2289 Πατρὶ,
3518 2217 3621 2276 καὶ
3666 2221 3783 2275 οὐκ

2181 2313 2426 2383 ἔξωθεν,
2458 2313 2597 2370 ἀλλ’
2625 2312 2703 2368 ἐκ.
2726 2310 2840 2382 τῆς
2869 2311 3088 2389 οὐσίας
3117 2308 3290 2365 ἐστὶν
3317 2308 3529 2365 αὐτοῦ.

2834 2384 3118 2457 ΑυΓ.Κμ

2248 2499 2354 2567 Εἰς
2378 2494 2495 2567 τὸ,ι
2518 2496 2817 2568 Ὑπέμεινε
2844 2496 3138 2565 σταυρὸν,
3161 2494 3463 2564 αἰσχύνης
3485 2509 3782 2563 καταφρο-

2180 2593 2417 2663 νήσας·
2472 2587 2566 2645 διὸ
2617 2589 2719 2645 καὶ
2766 2588 2799 2645 δ
2849 2582 2995 2655 Θεὸς
3032 2586 3223 2642 αὐτὸν
3258 2587 3647 2655 ύπερύψωσε,
3679 2587 3779 2640 καί

2180 2682 2509 2753 ἐχαρίσατο
2558 2677 2721 2745 αὐτῷ
2749 2677 2937 2746 ὄνομα
2970 2676 3037 2731 τὸ
3068 2675 3224 2746 ὑπὲρ
3251 2674 3375 2731 πᾶν
3404 2675 3623 2744 ὄνομαο
3659 2693 3678 2727 ι
3711 2675 3785 2729 ἐν

2180 2768 2230 2844 ᾧ
2280 2774 2507 2846 σχόλια
2561 2770 2696 2842 περὶ
2741 2768 3126 2842 σαρκώσεως,
3165 2766 3278 2822 τὸν
3327 2767 3516 2822 αὐτὸν
3562 2767 3784 2837 ἔχοντα

2181 2882 2356 2921 νουν.

2254 2959 2363 3025 Είς
2392 2956 2480 3023 τὸ,
2522 2954 2919 3027 (Ἔχαρίσατο
2969 2952 3152 3020 αὐτῷ,
3186 2971 3205 3005 ι
3250 2950 3350 3005 καὶ
3403 2969 3421 3003 ι
3445 2949 3787 3020 Ὑπερύψω-

2188 3064 2302 3106 σεν
2328 3049 2539 3114 αὐτὸν,
2569 3067 2589 3100 ι
2619 3049 2720 3104 καὶ
2758 3047 2879 3103 ὅσα
2905 3044 3167 3107 τοιαῦτα(
3181 3045 3421 3116 λέγεται
3467 3042 3602 3117 περὶ
3651 3044 3778 3112 Χρι-

2191 3162 2371 3201 στου.

2262 3240 2372 3306 Είς
2396 3237 2461 3293 τὸ
2489 3234 2908 3293 ἀποστολικὸν
2937 3232 3131 3304 ῥητὸν
3171 3230 3238 3287 τὸ
3277 3231 3482 3303 λέγον,
3522 3242 3543 3283 λι
3584 3224 3788 3284 Ἐκάθ-

2193 3346 2333 3388 ισεν
2359 3331 2430 3385 ἐν
2456 3328 2629 3398 δεξιᾷ
2655 3327 2767 3399 τῆς
2789 3326 3233 3399 μεγαλωσύνης
3256 3324 3326 3379 ἐν
3348 3320 3627 3393 ὑψηλοῖς.
3647 3335 3789 3376 τοσ-

2191 3424 2347 3491 ούτῳ
2373 3422 2658 3492 κρείττων
2682 3419 3008 3490 γενόμενος
3036 3414 3158 3471 τῶν
3186 3415 3476 3486 ἀγγέλων.
3510 3433 3531 3467 ι

2262 3514 2597 3585 Παραθεσις
2619 3509 2825 3582 ῥητῶν
2851 3508 3262 3580 σημαίνουσα,
3302 3506 3392 3560 ὅτι
3422 3505 3515 3570 τὸ,
3548 3523 3567 3557 ι
3592 3504 3795 3573 κρείτ-.

2190 3621 2328 3672 των,
2360 3624 2379 3658 ι
2412 3605 2451 3674 η
2481 3604 2610 3659 θεία
2634 3601 2848 3671 Γραφή
2888 3599 2988 3654 ἐπὶ
3015 3597 3137 3653 τῶν
3181 3597 3342 3653 πολὺ
3382 3596 3791 3666 διεστηκότων

2192 3696 2231 3767 ἣ
2263 3696 2415 3751 κατὰ
2438 3694 2547 3751 τὸν
2574 3693 2686 3764 τῆς
2717 3693 2962 3764 φύσεως
2984 3692 3193 3761 λόγον,
3218 3690 3257 3761 ἢ
3293 3690 3442 3745 κατὰ
3467 3689 3583 3759 τὴν
3604 3690 3790 3757 ἀξίαν

2192 3789 2453 3857 τίθησιν,
2482 3786 2522 3856 ἣ
2556 3786 2710 3841 κατὰ
2735 3785 2804 3839 τὸ
2826 3785 3051 3855 μέτρον
3073 3782 3185 3853 τῆς
3214 3780 3478 3852 χάριτος.

2267 3883 2459 3937 ⁸Ἀλλο
2489 3877 2942 3950 διηγηματικὸν,
2978 3876 3069 3931 ὅτι
3112 3876 3202 3942 τὸ,
3239 3895 3258 3929 ι
3291 3876 3591 3946 Κρείττων
3617 3875 3789 3946 γενό-

2186 3990 2376 4046 μενος
2402 3970 2525 4027 τῶν
2549 3970 2846 4041 ἀγγέλων,
2880 3986 2901 4022 s
2940 3969 3053 4023 οὐκ
3081 3966 3309 4023 οὐσιῶν
3336 3968 3601 4038 εισφέρει
3642 3968 3789 4039 σύγ-

2194 4081 2419 4136 κρισιν,
2458 4061 2621 4122 ἀλλὰ
2652 4059 2900 4132 μᾶλλον
2940 4057 3280 4116 διακονιῶν.
3312 4059 3559 4128 Εἴρηται
3594 4056 3664 4112 δὲ
3688 4058 3788 4114 καὶ

2193 4160 2416 4223 ἄλλως.

2264 4247 2603 4319 Παράθεσις
2624 4246 2830 4317 ῥητῶν
2862 4246 2993 4317 περὶ
3018 4246 3478 4316 ἁνθρωπότητος
3501 4246 3785 4315 Χριστοῦ,

2197 4340 2297 4398 καὶ
2327 4342 2513 4408 λύσις
2538 4339 2784 4415 ἑφεξῆς.
2956 4412 2959 4419 ἱ

2271 4433 2450 4487 Ἄλλο
2472 4430 2542 4485 ἐκ
2562 4429 2683 4485 τῶν
2700 4428 2924 4497 αὐτῶν,
2942 4429 3031 4485 ὅτι
3056 4430 3216 4501 καλὴ
3241 4430 3337 4486 καὶ
3361 4428 3787 4501 χρησιμωτάτη

2194 4524 2318 4579 τῶν
2343 4520 2668 4578 διακονιῶν
2706 4522 2747 4591 ἠ
2790 4522 3132 4592 σύγκρισις,
3153 4520 3264 4592 τῆς
3288 4538 3352 4577 τε
3374 4519 3493 4575 τῶν
3516 4521 3791 4591 ἀγγέλων

2196 4616 2297 4673 καὶ
2328 4614 2436 4669 τοῦ
2466 4613 2626 4677 Υίοῦ,
2657 4611 2769 4667 τοῦ
2806 4631 2826 4665 ι
2846 4615 3226 4683 κρείττονος»
3260 4612 3375 4683 τὴν
3402 4612 3664 4683 δύναμιν
3696 4614 3790 4682 ἐρ-

2190 4706 2552 4778 μηνεύουσα
2570 4720 2584 4734 '
2619 4700 2748 4771 πῶς
2769 4703 2881 4775 γὰρ
2914 4706 3197 4773 κρείττων
3223 4704 3497 4776 ἀγγέλων
3521 4704 3789 4769 ἐστὶ,καὶ

2195 4796 2429 4862 πόσον,
2446 4793 2517 4861 ἐξ
2545 4793 2747 4849 αὐτῶν
2773 4795 3146 4866 γνωσόμεθα.

2827 4888 2984 4949 ΛΟΓ.
3025 4888 3159 4943 KA'.

2268 4982 2375 5048 Είς
2405 4981 2473 5037 τὸ
2495 4980 2690 5050 ῥητὸν
2730 4981 2839 5037 τοῦ
2877 4981 3283 5048 Ἀποστόλου,
3314 5000 3333 5033 ‹
3361 4980 3792 5053 Κατανοήσατε

2198 5074 2307 5130 τόν
2334 5074 2686 5131 ἀπόστολον
2717 5072 2818 5130 καὶ
2840 5072 3120 5144 ἀρχιερέα
3140 5072 3253 5143 τῆς
3280 5075 3603 5146 ὁμολογίας
3623 5074 3795 5146 ημῶν

2211 5168 2466 5238 Ἰησοῦν,
2498 5169 2721 5223 πιστὸν
2759 5166 2907 5222 ὄντα
2942 5165 3025 5234 τῷ
3060 5166 3387 5238 ποιήσαντι
3424 5169 3631 5223 αὐτόν.
3659 5185 3679 5220 ι
3722 5166 3794 5221 Τὸ

2199 5258 2268 5313 δὲ
2309 5260 2767 5330 συναγόμενον,
2803 5257 2895 5313 ὅτι
2933 5260 3007 5317 οὐ
3053 5261 3280 5333 ποίημα
3320 5260 3466 5317 οὐδὲ
3505 5261 3730 5329 κτίσμα
3761 5261 3795 5314 d

2210 5352 2361 5419 Υἱός.

2824 5445 2976 5503 ΛΟΓ.
3030 5448 3158 5504 ΚΒ’.

2268 5538 2373 5604 Είς
2417 5537 2521 5603 τὸ,
2573 5540 2760 5609 «Περὶ
2807 5538 2877 5594 δὲ
2919 5540 3032 5610 τῆς
3070 5541 3297 5611 ἡμέρας
3342 5516 3443 5596 καὶ
3480 5540 3593 5610 τῆς
3640 5539 3793 5608 ὥρας

505 5626 681 5693 angeli
741 5623 1011 5694 cwlorum,
1084 5641 1246 5697 neque
1329 5621 1527 5693 Filius,
1609 5626 1712 5680 nisi
1774 5623 1940 5681 Pater
2013 5644 2084 5683 so-

2200 5628 2444 5698 ἐκείνης
2485 5627 2687 5696 οὐδεὶς
2711 5625 2895 5697 οἶδεν,
2923 5630 3069 5686 οὐδὲ
3101 5633 3158 5687 οί
3188 5632 3433 5704 ἄγγελοι
3470 5631 3586 5687 τῶν
3627 5634 3796 5700 οὐρα-

504 5718 610 5773 lus.
651 5735 673 5771 ι

1044 5808 1343 5867 ASSERT.
1399 5811 1594 5867 XXIII.

579 5897 650 5958 In
672 5900 831 5968 illud,
900 5921 919 5958 ι
953 5901 1120 5962 Pater
1153 5914 1328 5983 amat_
1351 5902 1582 5976 Filium,
1613 5913 1660 5961 et
1719 5902 1896 5961 omnia
1925 5902 2097 5981 'dcdit

2206 5721 2355 5790 νῶν,
2388 5720 2534 5779 οὐδὲ
2567 5726 2602 5778 ό
2641 5722 2794 5791 Υἱὸς,
2825 5725 2878 5779 ει
2898 5722 2985 5794 μὴ
3015 5727 3049 5780 ό
3073 5724 3278 5795 Πατὴρ
3298 5727 3509 5797 μόνος.
3541 5745 3560 5778 ι

2838 5813 2991 5869 ΛΟΓ.
3032 5814 3159 5870 KI".

2278 5905 2383 5974 Εἲς
2419 5904 2504 5975 τὸ,
2553 5923 2572 5960 ι
2595 5905 2656 5963 '0
2681 5906 2885 5979 Πατὴρ
2908 5904 3109 5979 ἀγαπᾷ
3140 5908 3248 5966 τὸν
3287 5909 3445 5976 nor,
3479 5907 3574 5963 καί
3599 5906 3794 5961 πάντα
