4106 6480
493 359 564 415 εἰ
1955 375 2090 430 THE

2190 378 2399 437 URUS.
3695 391 3768 444 22.

494 476 725 530 δέδωκε
757 479 827 532 ὲν
854 479 930 548 τῆ
966 483 1117 550 χειρὶ
1147 486 1336 540 αὑτοῦ
1360 502 1374 517 °
1409 506 1428 539 ι
1471 490 1567 542 καὶ
1595 493 1681 557 είς
1708 492 1795 558 τὸ,
1843 513 1861 546 ι
1893 497 2090 549 Πάντα

2198 500 2251 551 in
2277 516 2433 554 manu
2455 502 2568 570 ejus
2587 519 2634 568 ,‘s
2667 515 2716 558 et
2745 505 2796 558 in
2823 505 2974 573 illud,
3009 525 3028 558 ‹
3065 508 3254 563 Omnia
3286 509 3414 561 mihi
3435 509 3629 562 tradita
3648 522 3766 564 sunt

495 586 594 636 μοι
630 570 929 638 παρεδόθη
969 573 1088 626 ὑπὸ
1117 574 1224 628 τοῦ
1260 580 1488 646 Πατρός
1506 597 1625 649 μου
1653 600 1665 612 ·
1702 602 1720 634 ι
1756 585 1852 638 καὶ
1880 588 1966 651 εἱς
2004 590 2091 653 τὸ,

504 677 520 707 ι
551 661 636 711 Οὐ
665 660 929 730 δύναμαι
951 662 1066 731 ἐγὼ
1090 665 1190 718 ἀπ’
1205 667 1466 736 ἐμαυτοῦ
1488 672 1682 726 ποιεῖν
1709 675 1911 740 οὐδὲν,
1933 677 2096 731 ἀλλὰ

495 749 697 815 καθὼς
740 752 960 818 ἀκούω,
1013 756 1222 823 κρίνω·
1261 777 1280 810 s
1329 762 1428 814 καὶ
1473 762 1591 817 ὅσα
1643 765 1874 833 τούτοις
1925 767 2103 835 ὄμοιὰ

492 837 630 889 ἐστι
660 840 743 905 ﬁn
753 839 843 893 τά.

1156 938 1311 994 ΛΟΓ.
1352 942 1476 998 ΚΔ’.

567 1029 678 1093 Εἰς
725 1027 798 1081 τὰ
847 1031 1146 1099 λεγόμενα
1193 1031 1329 1100 περὶ
1360 1033 1466 1087 τοῦ
1501 1034 1772 1104 Σωτῆρος
1804 1037 2104 1106 ἀνθρωπί-

492 1133 614 1182 νως
648 1118 813 1185 παρὰ
845 1120 970 1186 τοῖς
1008 1123 1464 1190 εὐαγγελισταῖς
1489 1165 1502 1188 ,
1547 1127 1633 1192 είς
1673 1127 1759 1193 τὸ,
1806 1129 2092 1184 «Ἕκλαυ-

492 1223 589 1273 σε,
623 1227 643 1259 s
683 1210 782 1263 καὶ
810 1215 899 1277 είς
928 1212 1016 1275 τὸ,
1050 1232 1069 1264 ‹
1099 1214 1232 1267 Νῦν
1257 1215 1294 1283 ή
1326 1215 1496 1284 ψυχή
1517 1235 1638 1285 μου
1669 1220 2035 1287 τετάρακται,
2069 1241 2086 1274 ι

494 1297 598 1350 και
644 1300 734 1364 είς
759 1300 848 1363 τὸ,
889 1319 908 1351 ‹
942 1299 1012 1354 Ei
1038 1301 1326 1368 δυνατὸν,
1354 1305 1702 1372 παρελθέτω
1726 1308 1828 1362 ἀπ’
1853 1309 2000 1378 ἐμοῦ
2025 1311 2092 1364 τὸ

491 1389 790 1457 ποτήριον
815 1391 1013 1456 τοῦτο,
1037 1412 1058 1446 s
1091 1394 1189 1449 καὶ
1214 1395 1303 1461 εις
1326 1396 1414 1460 τὸ,
1453 1415 1471 1447 ε
1499 1400 1838 1466 Περίλυπός
1863 1401 2034 1455 ἐστιν
2051 1402 2089 1470 ἡ

493 1480 670 1549 ψυχή
704 1500 851 1551 μου,
881 1501 902 1534 s
939 1485 1039 1538 καὶ
1086 1485 1204 1538 ὅσα
1235 1490 1469 1552 τούτοις
1501 1489 1672 1558 ὅμοια
1692 1491 1868 1559 ῥητά.
1899 1495 2092 1561 Παρα-

493 1570 697 1637 θέσεις
725 1573 1136 1628 ἀποδεικτικαὶ
1182 1578 1302 1631 ἀπὸ
1345 1578 1452 1646 τῆς
1477 1580 1655 1648 ⁵θείας
1678 1582 1946 1651 Γραφῆς,
1990 1586 2089 1640 καὶ

491 1663 931 1733 Χριστομὰχων
957 1665 1410 1736 ἀποτρέπουσαι
1435 1670 1549 1740 τὴν
1573 1672 1916 1728 κακόνοιαν.

1131 1761 1286 1813 ΛΟΓ.
1327 1763 1455 1816 KE'.

567 1849 675 1911 Εἰς
695 1846 786 1908 τὸ,
824 1867 842 1898 ι
867 1850 1253 1917 Πρωτότοκος
1284 1851 1488 1921 πάσης
1518 1855 1769 1920 κτίσεως
1794 1871 1809 1886 ⁸
1844 1874 1884 1909 »η
1903 1855 1990 1910 ὅτι
2011 1858 2082 1912 οὐ

487 1941 719 2006 κτίσμα
759 1941 793 1992 ό
837 1940 992 2006 Υἱός.

1123 2031 1277 2084 ΛΟΓ.
1318 2032 1463 2098 Kq'.

563 2120 674 2183 Εἰς
697 2117 762 2170 τὸ
787 2120 1107 2187 εἰρημένον
1133 2120 1233 2173 ἐπὶ
1262 2123 1386 2188 τοῖς
1410 2122 1562 2189 υίοῖς
1586 2125 1924 2191 Ζεϐεδαίου,
1965 2145 1983 2179 ι
2017 2129 2085 2181 Τὸ

485 2208 735 2262 καθίσαι
760 2200 834 2261 ἐκ
854 2207 1072 2274 δεξιῶν
1089 2228 1226 2279 μου,
1247 2211 1387 2281 ste.
1414 2215 1753 2285 εὐωνύμων,
1780 2207 1890 2271 οὐκ
1915 2216 2089 2272 ἐστιν

481 2299 637 2370 ἐμὸν
665 2298 901 2354 δοῦναι.

1131 2394 1286 2450 ΛΟΓ.
1327 2395 1454 2449 ΚΖ’.

561 2488 666 2550 Ε’ίς
688 2488 776 2549 τὸ,
807 2487 976 2540 «Ἵνα
996 2485 1340 2556 γινώσκωσι
1361 2503 1436 2542 σε
1456 2487 1564 2542 τὸν
1580 2489 1774 2558 μόνον
1794 2491 2091 2558 ἀληθινὸν.

485 2581 663 2642 Θεὸν,
695 2581 798 2634 καὶ
830 2579 903 2634 ὃν
929 2579 1302 2646 ἀπέστειλας
1335 2581 1571 2647 Ἰησοῦν
1591 2583 1900 2650 Χριστόν.»

1118 2671 1274 2726 ΛΟΓ.
1315 2673 1452 2725 KH’.

557 2767 665 2831 Εἰς
704 2765 771 2818 τὸ
818 2766 979 2834 παρὰ
1021 2763 1102 2829 τῷ
1129 2764 1334 2833 Λουκᾷ
1362 2766 1636 2835 κείμενον
1655 2782 1670 2797 ·
1704 2784 1724 2818 ς
1748 2767 1988 2834 Ἰησοῦς
2019 2767 2087 2820 δὲ

476 2857 827 2926 προέκοπτε
846 2857 1034 2926 σοφίᾳ
1057 2857 1157 2912 καὶ
1181 2857 1386 2924 ἡλικίᾳ
1421 2859 1517 2911 καὶ
1545 2855 1737 2926 χάριτι
1773 2858 1934 2926 παρὰ
1965 2857 2086 2923 Θεῷ

477 2951 583 3004 καὶ
614 2951 971 3019 ἀνθρώποις.
1011 2970 1030 3004 s
1829 2979 1834 2984 -

1133 3043 1283 3098 A01“.
1315 3044 1446 3098 ΚΘ’.

550 3137 659 3202 Εἰς
679 3137 765 3198 τὸ,
801 3136 1023 3189 «Ὅταν
1047 3136 1116 3190 δὲ
1141 3135 1416 3205 ὑποταγῇ
1440 3135 1601 3202 αὐτῷ
1623 3137 1698 3189 τὰ
1716 3135 1931 3198 πάντα,
1955 3135 2087 3188 τότε

477 3223 586 3279 καὶ
615 3225 805 3292 αὐτὸς
833 3227 866 3278 ό
895 3224 1030 3292 Υἱὸς
1076 3226 1522 3295 ὑποταγήσεται
1559 3224 1682 3297 [τῷ]
1705 3223 2084 3290 ,ὑποτάξαντι

473 3319 649 3384 αὐτῷ
673 3319 746 3372 τὰ
783 3317 1002 3372 πάντα.
1028 3336 1073 3370 ›.

1153 3410 1304 3462 ΛΟΓ.
1345 3409 1424 3464 A'.

565 3502 672 3566 Είς
703 3501 791 3565 τὸ,
843 3518 860 3552 ι
888 3500 1100 3570 Πάτερ,
1126 3500 1394 3565 δόξασόν
1420 3518 1498 3570 με
1539 3500 1613 3571 τῇ
1648 3502 1796 3571 δόξῃ
1839 3496 1880 3574 ᾖ
1918 3497 2088 3571 εἶχον
2117 3532 2120 3533 ν

478 3593 601 3661 πρὸ
645 3593 756 3646 τοῦ
797 3592 904 3646 τὸν
940 3596 1177 3664 κόσμον
1212 3589 1365 3648 εἶναι
1404 3594 1566 3663 παρὰ
1606 3595 1726 3648 σοί.
1750 3613 1768 3644 s

1126 3685 1280 3740 ΛΟΓ.
1322 3685 1446 3738 ΔΑΕ

554 3775 723 3850 Πρὸς
753 3776 899 3843 τοὺς
931 3775 1242 3846 λέγοντας,
1279 3777 1367 3830 ὅτι
1405 3781 1437 3831 o'
1471 3777 1611 3842 Θεὸς
1643 3776 1777 3845 περὶ
1802 3775 1924 3845 τῆς
1951 3777 2088 3830 ἑαυ-

477 3869 598 3923 τοῦ
631 3870 854 3934 οὐσίας
897 3869 1080 3923 οὐδὲν
1121 3869 1292 3937 ἡμῶν
1340 3868 1530 3923 πλέον
1564 3869 1903 3932 ἐπίσταται,
1936 3869 2086 3922 ἀλλ’

481 3963 635 4029 ὅπερ
663 3960 743 4013 ἂν
763 3959 950 4025 αὐτὸς
972 3959 1155 4028 εἰδείη
1180 3959 1312 4028 περὶ
1340 3959 1576 4026 ἑαυτοῦ,
1593 3959 1769 4014 τοῦτο
1795 3960 1893 4012 καὶ
1914 3960 2086 4029 ἡμεῖς

479 4050 996 4121 ἀπαραλλάκτως.

1132 4143 1282 4195 ΛΟΓ.
1322 4142 1451 4196 AB’.‘

572 4231 862 4302 Ἐκλογαὶ
905 4234 1107 4301 ῥητῶν
1165 4234 1314 4302 μετὰ
1376 4231 1810 4303 συλλογισμῶν
1854 4231 1922 4284 ἐκ
1977 4230 2110 4298 τῆς-

484 4321 721 4390 Ιιάινῆς
765 4323 1096 4390 Διαθήκης,
1136 4323 1225 4377 ὅτι
1265 4323 1407 4390 Θεὸς
1439 4324 1588 4377 κατὰ
1630 4324 1820 4392 φύσιν
1851 4325 1884 4376 ό
1930 4322 2085 4387 Υίός.

483 4413 561 4467 Εἰ
589 4413 659 4467 δὲ
694 4414 894 4480 τοῦτο,
924 4417 996 4468 οὐ
1021 4415 1247 4484 ποίημα
1284 4415 1426 4471 οὐδὲ
1453 4416 1702 4482 κτίσμα.

1135 4592 1287 4646 ΛυΓ.
1317 4593 1448 4647 Al";

561 4684 703 4738 Ὀτι
739 4683 884 4750 Θεὸς
919 4683 1071 4737 κατὰ
1099 4685 1290 4753 φύσιν
1315 4683 1380 4737 τὸ
1408 4683 1650 4753 Πνεῦμα
1669 4718 1684 4748 ,
1715 4681 1814 4736 καὶ
1857 4683 1925 4736 ἐκ
1973 4681 2084 4749 τῆς

483 4773 834 4840 οὐσίαςτοῦ
853 4775 1105 4842 Πατρὸς,
1123 4773 1198 4826 δι’
1229 4773 1365 4827 Υίοῦ
1388 4773 1455 4826 δὲ
1481 4772 1556 4841 τῇ
1580 4773 1771 4826 κτίσει
1798 4773 2086 4842 χορηγού-

479 4881 705 4933 μενον.

1134 4957 1286 5011 ΛΟΓ.
1328 4957 1458 5011 AA'.‘

566 5046 946 5114 Παραθέσεις
964 5046 1171 5116 ῥητῶν
1197 5048 1441 5118 ἐφεξῆς,
1467 5049 1535 5102 ἐν
1561 5047 1651 5114 οἷς
1671 5048 1804 5104 ἔστι
1839 5049 1947 5102 τὸν
1967 5047 2088 5100 ἐπι-

487 5137 802 5204 τηροῦντα
845 5138 1105 5208 θεωρεῖν,
1137 5140 1226 5193 ὅτι
1264 5141 1427 5206 Θεὸς,
1454 5139 1521 5192 τὸ
1555 5138 1815 5208 Πνεῦμα,
1845 5137 1945 5192 καὶ
1973 5135 2088 5204 τὴν

485 5225 699 5293 αὐτὴν
731 5227 1038 5297 ἐνέργειαν
1066 5227 1210 5298 ἕχον
1238 5228 1318 5294 τῷ
1349 5227 1459 5294 Υίῷ
1479 5228 1812 5297 πανταχοῦ,
1845 5227 1941 5281 καὶ
1973 5227 2086 5279 οὐκ

485 5317 961 5387 ἀπεξενωμένον
983 5319 1094 5388 τῆς
1129 5322 1346 5387 οὐσίας
1374 5319 1580 5375 αὐτοῦ.
1600 5319 1777 5389 Ὁμοῦ
1815 5317 1894 5371 δὲ.
1919 5315 2086 5370 eiad-

485 5423 789 5474 σκουσιν,
821 5409 910 5462 ὅτι
946 5411 1101 5465 θεοῦ
1133 5412 1462 5482 λεγομένου
1501 5409 1896 5466 κατοικεῖντὲν
1923 5407 2086 5477 ἡμῖν,

490 5503 565 5558 τὸ
604 5499 852 5568 Πνεῦμα
881 5501 1011 5556 ἐστι
1039 5503 1102 5555 τὸ
1132 5503 1432 5558 ἐνοικοῦν.

1137 5595 1291 5651 ΛΟΓ.
1331 5596 1458 5648 AE’.

568 5682 908 5750 Μαρτυρίαι
933 5683 1053 5737 ἀπὸ
1086 5682 1193 5752 τῆς
1227 5685 1391 5751 θείας
1414 5684 1681 5753 Γραρῆς,
1704 5684 1776 5736 δι’
1804 5674 1892 5736 ὧν
1922 5680 2093 5734 ἐστιν

491 5771 674 5838 ἰδεῖν,
705 5770 796 5825 ὅτι
842 5773 1200 5859 γενητὸςέιι
1245 5777 1474 5843 Πατρός
1519 5775 1688 5828 ἐστιν
1733 5777 1764 5829 ό
1811 5772 1962 5839 mc,
1992 5769 2089 5824 καὶ

489 5864 640 5936 οὐχὶ
678 5863 1100 5932 πεποιημένος.

2197 608 2226 641 a
2259 589 2442 658 Patre,
2487 613 2504 644 s
2550 604 2598 648 et
2631 596 2684 649 in
2717 597 2868 661 illud,
2907 617 2925 648 ‹
2958 597 3312 667 Nonpossum
3364 618 3394 654 a
3453 617 3531 654 me
3598 601 3765 670 facere

2193 676 2496 747 quidquam,
2531 682 2620 735 sed
2648 684 2779 736 sicut
2813 686 2992 752 audio,
3007 686 3194 754 judico
3213 704 3233 750 ;
3269 707 3286 739 ι
3315 698 3361 742 et
3412 691 3465 742 in
3492 691 3597 743 alia
3630 692 3766 744 dicta

2195 766 2275 820 his
2302 768 2523 824 similia.

2691 949 3071 1019 9-ASSERT.
3114 953 3306 1009 XXIV.
3363 955 3384 972 ”

2265 1033 2330 1088 In
2362 1052 2422 1090 ea
2455 1054 2572 1108 qute
2599 1040 2832 1095 humano
2860 1060 3000 1098 more
3023 1045 3278 1098 dicuntur
3321 1047 3386 1098 ab
3435 1046 3763 1114 evangelistis

2193 1123 2258 1176 de
2286 1123 2584 1192 Servatore,
2612 1129 2939 1184 nimirumiu
2970 1131 3126 1197 illud,
3165 1151 3183 1183 ι
3227 1132 3415 1198 Flevit,
3461 1154 3478 1187 ι
3518 1146 3564 1188 et
3617 1136 3668 1187 in
3698 1137 3763 1187 il-

2192 1213 2306 1279 lud,
2341 1233 2360 1266 ι
2397 1215 2553 1270 Nunc
2582 1219 2757 1273 anima
2795 1237 2906 1275 mea
2933 1223 3140 1276 turbata
3165 1234 3260 1289 est,
3303 1245 3320 1276 ι
3363 1236 3430 1291 ει,
3464 1243 3481 1275 ι
3542 1223 3599 1279 Si
3644 1243 3764 1295 pos-

2193 1307 2340 1360 sibile
2378 1318 2473 1374 est,
2510 1319 2743 1364 transeat
2776 1331 2807 1366 a
2833 1330 2912 1368 me
2941 1317 3085 1370 calix
3117 1317 3231 1384 iste,
3262 1335 3278 1367 ι
3317 1325 3388 1380 et,
3418 1336 3436 1368 ι
3482 1303 3663 1370 Tristis
3691 1328 3761 1370 est

2193 1397 2370 1449 anima
2399 1413 2532 1466 mea,
2567 1417 2587 1450 s
2617 1399 2825 1471 aliaque
2852 1404 3008 1473 hujus
3035 1406 3242 1476 generis
3269 1406 3429 1459 dicta.
3460 1407 3762 1459 Auctorita—

2194 1495 2268 1539 tes
2312 1504 2481 1543 sacra:
2531 1489 2819 1560 Scriptum
2857 1495 3025 1563 falsas
3075 1497 3438 1552 hereticorum
3496 1497 3762 1566 opiniones

2190 1580 2556 1636 subvertentes.

2724 1759 3016 1816 ASSERT.
3055 1759 3216 1816 XXV.

2263 1847 2331 1901 In
2353 1849 2508 1915 illud,
2543 1867 2562 1901 ε
2602 1848 2993 1921 Primogenitus
3031 1853 3198 1906 omnis
3229 1861 3505 1906 creatura'.
3551 1869 3570 1900 ι
3608 1850 3760 1914 Quod

2194 1936 2367 2004 Filius
2393 1958 2492 1994 non
2515 1942 2583 1994 sit
2606 1953 2867 1996 creatura.

2716 2034 3010 2090 ASSER'I‘.
3049 2037 3239 2092 XXVI.

2258 2121 2324 2176 In
2365 2123 2499 2175 illud
2527 2123 2660 2191 filiis
2695 2122 2932 2178 Zebedazi
2958 2123 3179 2188 dictum,
3211 2143 3229 2174 ι
3289 2123 3479 2178 Sedere
3509 2141 3539 2176 a
3562 2122 3765 2176 dextris

2187 2213 2311 2267 meis
2346 2223 2435 2266 aut
2463 2231 2493 2266 a
2521 2215 2751 2268 sinistris
2781 2232 2882 2269 non
2909 2226 2984 2270 est
3013 2232 3182 2270 meum
3199 2217 3343 2270 dare.
3379 2234 3396 2265 ι

2716 2392 3010 2448 ASSERT.
3078 2393 3293 2449 XXVII.

2256 2483 2323 2538 In
2351 2483 2506 2548 illud,
2542 2503 2560 2536 ι
2583 2483 2674 2539 ‘Ut
2693 2496 3010 2556 cognoscant
3067 2497 3114 2542 te
3148 2487 3318 2542 solum
3361 2505 3532 2542 verum
3570 2487 3764 2554 Deum,

2185 2586 2233 2629 et
2260 2591 2410 2645 quem
2447 2577 2639 2630 misisti
2675 2576 2858 2631 Iesum
2891 2577 3179 2632 Christum.
3221 2598 3240 2632 ι

2692 2669 2984 2728 ASSERT.
3026 2671 3265 2726 XXVIII.

2257 2760 2480 2816 Inillud
2516 2762 2675 2818 Luca:
2695 2764 2917 2828 dictum,
2971 2782 2988 2816 ι
3029 2764 3187 2818 Jesus
3236 2775 3414 2819 autem
3461 2766 3761 2834 proﬁciebat

2185 2853 2448 2922 sapientia
2497 2864 2545 2909 et
2586 2865 2742 2910 attate
2813 2871 2878 2908 ac
2923 2857 3097 2926 gratia
3146 2857 3287 2924 apud
3323 2855 3486 2910 Deum
3519 2869 3562 2910 et
3590 2859 3760 2911 homi-

2188 2961 2297 2998 nes.
2343 2963 2362 2996 ι
2658 3011 2662 3014 Ι

2709 3036 3006 3093 ASSEBT.
3047 3038 3238 3094 XXIX.

2260 3125 2329 3180 In
2388 3127 2540 3193 illud,
2580 3146 2598 3179 ι
2637 3127 2772 3182 Cum
2803 3146 2920 3183 vero
2972 3131 3205 3198 subjecta
3251 3132 3296 3184 ei
3341 3130 3533 3199 fuerint
3562 3131 3762 3184 omnia.

2191 3228 2314 3272 tunc
2341 3229 2387 3271 et
2409 3218 2515 3284 ipse
2538 3234 2739 3286 quoque
2765 3217 2941 3273 Filius
2961 3221 3270 3289 subjicietur
3305 3222 3354 3275 ei
3381 3221 3471 3290 qui
3503 3221 3603 3275 sibi
3635 3237 3762 3274 cun-

2184 3317 2269 3362 cta
2288 3307 2524 3376 subjecit.
2539 3326 2560 3360 ι

2735 3400 3023 3456 ASSERT.
3068 3402 3237 3456 XXX.

2257 3485 2322 3540 In
2349 3487 2507 3555 illud,
2551 3509 2570 3542 ι
2597 3489 2796 3556 Pater,
2828 3491 3068 3560 gloriﬁca
3119 3508 3198 3545 me
3268 3491 3361 3544 illa
3397 3491 3565 3560 gloria
3604 3507 3760 3560 quam

2184 3577 2346 3633 habui
2377 3582 2517 3648 apud
2545 3591 2612 3648 te,
2647 3593 2928 3652 antequam
2964 3585 3190 3636 mundus
3226 3593 3377 3637 esset.
3420 3601 3439 3635 ι

2710 3671 3000 3727 ASSER'I‘.
3041 3672 3234 3729 XXXI.

2256 3761 2517 3818 Aduersus
2555 3764 2808 3829 dicentes,
2845 3765 2982 3834 quod
3017 3763 3156 3817 Deus
3204 3765 3370 3818 nihilo
3413 3765 3527 3834 plus
3549 3764 3679 3817 sciat
3699 3765 3760 3817 de

2185 3872 2285 3910 sua
2313 3858 2558 3921 essentia,
2582 3873 2738 3926 quam
2787 3872 2902 3923 nos,
2958 3858 3048 3910 sed
3110 3857 3362 3926 quidquid
3411 3857 3517 3924 ipse
3569 3857 3664 3908 scit
3700 3857 3761 3907 de

2185 3949 2387 4015 seipso,
2413 3948 2642 4017 idipsum
2667 3957 2713 4002 et
2746 3965 2837 4003 nos
2871 3965 3072 4020 quoque
3102 3950 3244 4003 circa
3295 3949 3455 4002 ullam
3513 3947 3759 4015 cli/feren-

2187 4041 2310 4094 tium
2334 4041 2484 4094 scire.

2680 4129 2765 4182 AS
2775 4128 2974 4184 SERT.
3050 4127 3265 4184 XXXII.

2261 4219 2304 4272 Τ
2301 4220 2580 4274 estimonia
2598 4236 2663 4274 ea;
2686 4218 2736 4272 Ν
2742 4236 2834 4273 ovo
2877 4223 3223 4286 Testamento,
3260 4234 3539 4288 eorumque
3555 4220 3756 4287 exposi-

2188 4310 2380 4374 tiones,
2406 4327 2522 4364 cum
2552 4310 2883 4380 syllogismis,
2913 4311 3049 4380 quod
3079 4307 3255 4364 Filius
3311 4309 3380 4363 sit
3443 4311 3601 4376 Deus,
3681 4325 3757 4363 se-

2187 4405 2418 4457 cundum
2455 4412 2732 4467 naturam;
2755 4419 2817 4458 ea:
2837 4419 2938 4473 quo
2961 4402 3188 4472 infertur
3220 4419 3323 4457 non
3370 4418 3480 4456 esse
3523 4418 3651 4472 opus
3687 4403 3764 4457 rel

2191 4505 2509 4550 creaturam.

2691 4588 2976 4644 ASSERT.
3018 4586 3258 4644 XXXIII.

2257 4679 2410 4745 Quod
2443 4679 2670 4748 Spiritus
2695 4691 2908 4736 sanctus
2951 4683 3016 4735 sit
3059 4682 3196 4735 Deus
3263 4683 3552 4734 secundum
3603 4687 3757 4732 natu-

2189 4781 2374 4824 ram..et
2408 4787 2475 4825 ex
2506 4773 2731 4826 essentia
2759 4771 2965 4826 Patris.
2989 4770 3056 4825 Et
3109 4772 3360 4842 quodper
3389 4768 3589 4825 Filium
3613 4785 3750 4823 crea.

2188 4864 2322 4918 turis
2342 4863 2583 4919 donetur.

2625 4954 2728 5023 ιο
2761 4952 3050 5011 ASSERT.
3091 4953 3330 5012 xxxw.

2267 5047 2580 5102 Testimouia
2613 5047 2904 5115 Scriptum
2944 5045 3134 5117 quibus
3163 5048 3398 5110 docetur,
3464 5047 3604 5116 quod
3639 5046 3751 5118 Spi-

2190 5138 2323 5192 ritus
2349 5137 2412 5190 sit
2438 5137 2603 5201 Deus,
2621 5147 2668 5191 et
2688 5139 2921 5190 eamdem
2945 5141 3156 5191 omnino
3177 5152 3306 5190 cum
3329 5136 3474 5190 Filio
3504 5143 3765 5205 operatio-

2191 5243 2308 5280 nem
2334 5228 2544 5290 habeat,
2572 5228 2811 5297 quodque
2851 5243 2952 5281 non
2981 5228 3048 5281 sit
3076 5227 3280 5281 alienus
3311 5229 3375 5280 ab
3405 5228 3569 5296 ipsius
3593 5246 3779 5284 essen-

2191 5318 2286 5371 tia.
2309 5316 2423 5372 Hoc
2441 5319 2599 5372 etiam
2631 5335 2695 5372 ea:
2719 5320 2785 5373 iis
2808 5319 3046 5382 docetur,
3085 5321 3224 5388 quod
3247 5335 3363 5372 cum
3401 5319 3539 5375 Deus
3588 5323 3642 5376 in
3673 5339 3772 5374 no-

2194 5409 2270 5463 bis
2299 5410 2536 5464 habitare
2563 5410 2781 5476 dicitur,
2807 5409 3039 5480 Spiritus
3065 5411 3132 5464 sit
3155 5413 3245 5478 qui
3272 5411 3553 5465 inhabitat.

2689 5587 2984 5645 ASSERT.
3021 5585 3236 5642 XXXV.

2266 5680 2583 5736 Testimonia
2642 5697 2808 5734 sacrm
2884 5679 3172 5746 Scriptura:
3247 5681 3432 5749 quibus
3496 5679 3765 5746 probatur,

2197 5774 2333 5840 quod
2392 5771 2566 5828 Filius
2621 5773 2690 5827 sit
2745 5772 2944 5842 genitus
2991 5786 3055 5825 ex
3107 5769 3293 5838 Patre,
3339 5779 3390 5825 et
3446 5786 3547 5825 non
3621 5785 3768 5822 crea-

2186 5876 2294 5921 tus.
