4106 6424
472 303 544 362 25
722 356 743 371 ,
1462 311 1519 367 S.
1560 311 1828 368 CYRILLI
1872 312 2333 371 ALEXANDRINI
2371 316 2688 375 ARCHIEP.
3652 338 3727 392 tu

2321 482 3690 519 Μ

995 645 1116 769 Η
1196 641 1785 778 ΒΙΒΛΟΣ
1864 652 2204 780 ΤΩΝ
2281 653 3199 815 ΘΗΣΑΥΡΩΝ

845 919 1103 1005 ΠΕΡΙ
1173 925 1390 1011 ΤΗΣ
1460 921 1782 1015 ΑΓΙΑΣ
1851 926 2045 1016 ΚΑΙ
2118 935 2776 1031 ΟΜΟΟΥΣΙΟΥ
2847 947 3340 1042 ΤΡΙΑΔΟΣ..

2041 1173 2117 1189 .—

1660 1340 2502 1461 THESAURUS

1188 1595 1286 1659 DE
1329 1600 1617 1665 SANCTA
1657 1604 1753 1665 ET
1796 1607 2487 1677 CONSUBSTANTIALI
2529 1618 2966 1683 TRINITATE.

878 1977 1446 2077 ASSE‘RTIO
1526 1992 1603 2075 Ι.

866 2132 874 2144 ‘
938 2131 1016 2187 De
1039 2135 1211 2203 genito
1231 2137 1555 2208 “ingenita.

524 2239 622 2314 ιι
674 2240 731 2298 Si
785 2243 972 2300 Ariani
1028 2261 1126 2301 nos
1165 2250 1585 2319 aggrediantur,
1636 2254 2032 2331 interrogantes

455 2346 635 2388 utrum
654 2349 819 2388 umnm
840 2336 1217 2406 sitingenitum
1241 2356 1307 2393 an
1326 2341 1451 2408 duo,
1475 2352 1533 2396 ut
1557 2360 1676 2400 cum
1698 2363 1860 2404 unum
1882 2361 2032 2409 certe

457 2437 577 2478 esse
606 2425 922 2493 dixerimus,
942 2427 1007 2482 ad
1027 2426 1239 2484 Patrem
1265 2430 1318 2485 id
1340 2431 1651 2496 referentes,
1672 2438 1864 2494 Filium
1889 2443 2030 2499 inter

457 2524 736 2571 creaturas
752 2517 1075 2577 collocemus
1094 2520 1195 2575 :ita
1214 2526 1537 2591 respondere
1548 2539 1759 2597 oportet
1779 2531 2025 2589 frivolam

458 2614 513 2659 cl.
535 2606 766 2675 ineptam
789 2606 1263 2679 interrogationem
1287 2627 1439 2670 esse:
1472 2619 1651 2673 varias
1674 2622 1823 2676 enim
1857 2624 2026 2694 signi-

460 2696 742 2753 ﬁcationes
775 2698 938 2755 habet
967 2700 1274 2771 ingenitum.
1299 2702 1434 2759 Nam
1460 2706 1747 2777 ingenitum
1774 2720 1858 2767 est
1879 2714 2022 2783 quod

451 2787 690 2843 nond‘nm
721 2790 939 2859 quidem
970 2791 1169 2847 factum
1203 2802 1304 2860 est,
1341 2804 1395 2850 et
1425 2805 1602 2855 tamen
1647 2802 1763 2858 ﬁeri
1796 2815 1978 2874 potest
2005 2822 2021 2861 :

451 2878 596 2933 sicut
626 2892 657 2932 e
690 2879 835 2949 ligno
863 2885 1085 2953 scapha,
1115 2897 1170 2941 et
1199 2900 1265 2940 ex
1308 2902 1418 2944 tere
1461 2898 1659 2948 statua.
1697 2893 1906 2951 Rursus
1935 2899 2023 2952 in-

451 2968 684 3046 genitum
718 2969 936 3039 dicitur,
976 2974 1121 3043 quod
1154 2991 1429 3047 nunquam
1463 2978 1665 3037 factum
1713 2994 1816 3050 est,
1852 3000 2024 3055 neque

453 3054 579 3108 ﬁeri"
603 3066 779 3123 potest
811 3075 826 3112 :
856 3068 933 3125 ut,
959 3064 1190 3132 exempli
1223 3067 1418 3133 gratia,
1441 3069 1741 3141 triangulus
1766 3087 1868 3129 nec
1894 3054 2019 3139 fuit,

452 3161 551 3201 nec
576 3148 683 3203 erit
712 3164 946 3219 unquam
980 3153 1405 3224 quadrangulus.
1458 3160 1632 3216 Simul
1684 3163 1829 3218 enim
1885 3165 2024 3236 perit

451 3237 702 3307 trianguli
738 3241 933 3311 ﬁgura,
978 3243 1083 3298 alia
1128 3247 1373 3315 quaedam
1424 3266 1586 3320 quam
1625 3262 1763 3321 erat,
1803 3254 1883 3310 ﬁt.
1939 3256 2021 3311 Ad

448 3327 563 3383 bare
593 3330 882 3399 ingenitum
925 3333 1141 3399 dicitur,
1186 3340 1329 3407 quod
1359 3343 1608 3409 quamvis
1639 3345 1711 3399 sit
1760 3354 1814 3400 et
1844 3344 2021 3402 subsi-

2051 2000 2099 2056 A.

2460 1998 2826 2088 ΛΟΓΟΣ
2901 2006 3369 2098 ΠΡΩΤΟΣ.

2468 2140 2610 2208 Περὶ
2647 2145 2900 2211 γεννητοῦ
2937 2147 3035 2200 καί
3075 2148 3390 2218 ἀγενήτου.

2205 2248 2268 2302 Εί
2314 2249 2575 2324 διερωτᾷν
2620 2257 2771 2326 ἡμᾶς
2814 2260 3141 2331 ἐπιχειροῖεν
3177 2263 3446 2335 ’Δρειανοὶ
3472 2305 3489 2332 ,
3537 2267 3598 2323 ἓν
3645 2268 3714 2327 τὸ

2131 2339 2447 2415 ἀγένητονῆ
2477 2344 2590 2412 δύο,
2630 2347 2718 2402 ἵνα
2754 2349 2911 2419 δῆθεν
2941 2350 3000 2405 ἓν
3029 2352 3274 2418 εἰπόντες
3317 2356 3468 2424 αὐτὸ,
3503 2360 3598 2412 καὶ
3626 2362 3715 2425 εις

2127 2431 2228 2487 τὸν.
2243 2436 2460 2509 Πατέρα
2489 2439 2766 2508 φέροντες,
2793 2442 2851 2495 ἐν
2879 2445 2992 2507 τοῖς
3012 2449 3257 2516 γενητοῖς
3281 2449 3709 2523 καταριθμήσω-

2131 2542 2230 2595 μεν
2272 2526 2363 2612 τὸν
2395 2528 2544 2595 Υἰὸν,
2574 2531 2977 2603 ἀποκρίνασθαι
3024 2535 3131 2608 χρὴ
3173 2537 3432 2592 τοιῶσδεο
3484 2542 3706 2612 πρῶτον

2131 2614 2228 2684 μὲν
2277 2610 2370 2669 οὖν
2417 2617 2635 2691 ἀμαθὴς
2683 2622 2779 2676 καὶ
2818 2624 3203 2698 ἀπαίδευτοςὴ
3234 2628 3503 2701 ἐρώτησις
3520 2610 3541 2663 ’ἡ
3564 2632 3712 2688 κατὰ

2126 2701 2295 2757 πολλὰ
2321 2703 2429 2776 γὰρ
2452 2709 2823 2779 σημαινόμενα
2877 2711 2937 2765 rb
2965 2708 3257 2782 ἀγένητον
3280 2716 3705 2787 ἐκλαμϐάνει-αι.

2137 2793 2453 2864 Ἀγένητόν
2484 2799 2600 2851 ἐστι
2626 2799 2687 2853 τὸ
2727 2804 2899 2873 μήπω
2935 2804 3035 2872 μὲν
3075 2807 3389 2876 γενόμενον,
3421 2809 3708 2882 ἐνδεχόμε-

2123 2901 2213 2939 νον
2239 2885 2295 2939 δὲ
2320 2888 2593 2956 γενέσθαι,
2623 2889 2699 2954 ὡς
2722 2893 2830 2945 ἀπὺ
2867 2893 3027 2959 ξύλου
3060 2898 3287 2967 σκάφος,
3318 2900 3351 2971 ἢ
3391 2901 3455 2955 ἐκ
3496 2902 3703 2973 χαλκοῦ

2122 2976 2362 3048 ἀνδριάς.
2395 2980 2506 3033 Καὶ
2537 2980 2698 3035 πάλιν
2718 2973 3021 3053 ’ἀγένητον
3043 2986 3261 3057 λέγεται
3292 2991 3353 3045 τὸ
3387 2993 3525 3063 μήτε
3556 2996 3707 3063 γενό-

2124 3083 2284 3136 μενον
2312 3068 2551 3133 πώποτε,
2591 3073 2731 3143 μήτε
2760 3072 2867 3145 μὴν
2916 3076 3168 3144 γενέσθαι
3197 3080 3495 3151 δῦνᾶμενον
3517 3097 3531 3111 ·
3565 3084 3704 3155 φέρε

2119 3160 2314 3225 είπεῖν,
2352 3162 2412 3216 τὸ
2447 3164 2711 3235 τρίγωνον
2743 3168 2928 3239 σχῆμα
2953 3171 3016 3224 οὐ
3052 3172 3243 3241 γέγονέ
3277 3191 3407 3228 ποτε
3429 3177 3705 3248 τετράγω-

2120 3264 2235 3313 νον,
2272 3248 2383 3304 οῦτ’
2415 3251 2481 3306 ἂν
2515 3254 2725 3320 γένοιτό
2758 3272 2890 3310 ποτε
2912 3274 2925 3287 ·
2958 3258 3077 3330 ἅμα
3103 3259 3213 3333 γὰρ
3253 3262 3574 3331 ἀφανίζεται
3605 3265 3702 3321 τοῦ

2119 3337 2387 3407 τριγώνου
2417 3339 2478 3392 rb
2501 3341 2708 3411 σχῆμα,
2744 3343 2931 3416 ἕτερόν
2959 3363 3009 3400 τι
3043 3348 3173 3419 παρ’
3203 3350 3339 3420 ὅπερ
3370 3345 3437 3422 ἦν
3465 3352 3702 3420 γίνεται.

447 3428 572 3485 stat,
596 3435 870 3490 nunquam
917 3432 1091 3479 tamen
1126 3440 1190 3480 ex
1227 3428 1408 3499 aliquo
1446 3431 1648 3487 factum
1721 3432 1843 3489 fuit.
1878 3435 2014 3491 Cum

2120 3429 2354 3498 Λέγεται
2391 3431 2552 3487 πάλιν
2596 3411 2915 3504 ἀγένητόν,
2945 3437 3008 3492 τὸ
3037 3411 3282 3512 ὕπαρχον
3448 3411 3544 3497 έαὶ
3579 3445 3699 3514 ὑφ-

446 3524 575 3578 crgo
605 3512 786 3566 multis
824 3514 927 3582 12
974 3516 1148 3572 modis
1180 3518 1467 3588 ingenitum
1515 3524 1796 3593 capiatur,
1835 3525 2019 3580 dicant

445 3602 577 3670 quid
608 3603 772 3658 velint
798 3606 1085 3675 ingenitum
1124 3609 1177 3663 in
1215 3611 1331 3666 Deo
1361 3613 1691 3684 signiﬁcare.
1721 3617 1797 3670 Ac
1840 3616 2020 3672 dicent

447 3692 699 3761 fortasse,
734 3699 877 3766 quod
904 3715 1176 3771 nunquam
1209 3705 1451 3773 genitum
1490 3709 1562 3763 sit
1593 3726 1617 3762 τι
1641 3708 1876 3764 confessi
1902 3710 2016 3779 pri-

446 3799 592 3840 mum
623 3801 744 3842 sese
775 3789 991 3848 indocte
1039 3793 1429 3865 interrogasse.
1474 3799 1785 3856 Statuamus
1832 3801 2017 3871 itaque

416 3875 608 3929 etiam
640 3893 805 3932 unum
832 3895 952 3938 esse
981 3884 1300 3956 ingenitum.
1337 3889 1490 3953 Quod
1523 3890 1568 3944 si
1611 3905 1679 3945 ex
1720 3891 1825 3946 hoc
1872 3892 2017 3948 infe-

445 3974 585 4033 rant,
623 3983 844 4027 ncccsse
871 3974 1092 4031 omnino
1134 3991 1255 4033 esse
1284 3989 1343 4032 ut
1376 3978 1577 4033 factum
1602 3979 1798 4035 Filium
1837 3984 2014 4037 conﬁ-

445 4065 676 4123 teamur,
711 4062 977 4129 quoniam
1012 4080 1151 4122 unus
1197 4067 1537 4124 solummodo
1591 4070 1865 4140 ingenitus
1907 4082 2011 4137 est,

441 4146 697 4203 nimirum
734 4149 929 4220 Pater;
961 4155 1075 4209 haec
1115 4167 1304 4212 contra
1331 4159 1553 4213 audient
1584 4176 1598 4213 :
1632 4158 1688 4216 Si
1723 4162 2012 4232 sapientia,

440 4249 498 4294 et
525 4242 717 4309 virtus,
735 4254 794 4299 et
820 4253 1040 4303 verbum
1068 4247 1247 4306 Patris
1276 4260 1360 4307 est
1383 4252 1582 4321 Filius;
1613 4267 1847 4328 eratque
1867 4273 2014 4314 sem-

443 4346 538 4398 per
568 4333 620 4388 in
646 4335 804 4393 Patre
838 4337 1104 4408 Verbum,
1136 4344 1499 4411 et-sapicntia.
1558 4355 1615 4401 et
1656 4348 1829 4405 virtus
1862 4367 1881 4403 :
1905 4365 2009 4406 non

442 4420 606 4490 igitur
634 4434 719 4481 est
743 4429 1011 4496 posterior
1040 4439 1163 4484 ortu
1193 4429 1387 4498 Filius,
1418 4433 1509 4502 qui
1538 4435 1652 4490 haec
1686 4435 1799 4505 ipsa
1844 4446 1900 4491 et
1928 4447 2012 4492 est

436 4522 493 4565 et
522 4527 749 4571 vocatur
778 4536 792 4572 :
826 4521 920 4573 sed
957 4522 1407 4587 quemadmodum
1431 4538 1496 4578 ex
1532 4525 1640 4581 Deo
1666 4525 1828 4593 Deus,
1860 4538 1915 4582 et
1945 4528 2010 4583 de

438 4601 641 4660 lumine
668 4605 848 4663 lumen
879 4594 1099 4674 eﬁulsit,
1132 4610 1213 4666 sic
1234 4626 1298 4666 ex
1332 4628 1447 4668 non.
1481 4613 1628 4670 facto
1658 4631 1763 4671 non
1798 4616 2002 4673 factus.

435 4690 572 4748 Tale
594 4710 825 4766 namque
853 4709 1067 4769 oportet
1088 4715 1209 4756 esse
1228 4698 1488 4771 Verbum,
1515 4705 1697 4774 qualis
1730 4706 1895 4762 etiam
1923 4716 2008 4764 est

435 4786 529 4852 qui
560 4785 737 4852 ipsum
777 4791 982 4858 genuit.
1013 4790 1091 4846 Ita
1117 4792 1263 4847 enim
1298 4793 1352 4850 id
1377 4769 1520 4866 quod
1534 4769 1727 4852 i’atris
1746 4798 2002 4854 substan-
2034 4769 2075 4827 δ

436 4873 524 4927 tiae
553 4878 827 4947 proprium
856 4887 960 4941 est.
1010 4896 1139 4938 vere
1166 4884 1378 4940 dicetur
1420 4887 1473 4941 in
1528 4901 1594 4943 eo
1630 4901 1773 4952 esse,
1807 4889 1899 4959 qui
1939 4904 2006 4944 ex

434 4961 555 5031 ipso
582 4968 795 5034 genitus
822 4980 926 5024 est.
968 4969 1113 5027 Nibil
1144 4974 1307 5045 igitur
1321 4976 1502 5032 obstat
1550 4979 1840 5048 quominus
1879 4995 2002 5035 cum

386 5080 393 5085 -
434 5071 573 5112 unus
606 5059 677 5115 sit
722 5059 884 5116 Pater
915 5078 1021 5117 non
1070 5064 1266 5134 factus,
1295 5066 1531 5125 Verbum
1565 5072 1729 5126 etiam
1760 5074 1903 5142 quod
1935 5088 2001 5128 ex

432 5146 549 5214 ipso
574 5158 680 5215 est,
710 5165 816 5205 non
847 5153 919 5206 sit
945 5152 1146 5210 factum
1207 5175 1221 5212 :
1250 5160 1449 5230 quippe
1473 5162 1618 5232 quod
1670 5178 1836 5217 unum
1870 5178 1993 5218 cum

434 5236 593 5293 Patre
623 5250 681 5296 et
709 5240 762 5296 in
793 5242 952 5299 Patre
983 5257 1204 5318 propter
1243 5260 1461 5308 natura}
1486 5254 2000 5311 incommutabilita-

434 5337 540 5381 tem
569 5344 689 5385 esse
717 5332 1055 5404 intelligitur.
1075 5338 1226 5407 Quod
1248 5343 1464 5411 quidem
1502 5346 1665 5400 etiam
1701 5346 1817 5415 ipse
1837 5347 1905 5401 de
1941 5361 2001 5402 se

432 5419 510 5472 ait
544 5437 558 5473 :
594 5438 614 5472 ι
655 5421 767 5490 Ego
821 5433 876 5477 et
924 5423 1085 5484 Pater
1128 5447 1292 5487 unum
1336 5448 1523 5490 sumus
1553 5436 1595 5489 ⁸.
1628 5454 1646 5488 ι
1685 5435 1817 5490 Nam
1876 5450 1996 5504 per,

434 5522 633 5574 imum,
686 5509 1018 5572 identitatem
1068 5521 1383 5579 substantiae
1437 5524 1801 5597 signiﬁcavit:
1865 5538 1993 5595 Per,

493 5685 516 5717 '
540 5682 692 5741 δοίη).
733 5703 784 5751 x,
817 5688 904 5743 '50.

2117 3520 2367 3592 εστηκὺς,
2390 3523 2464 3594 μὴ
2492 3524 2597 3595 μὴν
2616 3528 2980 3598 γεγενημένον
2997 3530 3100 3583 ὑπό
3122 3532 3447 3594 τινος.Κατὰ
3468 3533 3702 3599 πολλοὺς

2115 3613 2405 3685 τοιγαροῦν
2451 3617 2737 3686 νοουμένου
2771 3620 3005 3690 τρόπους
3037 3621 3132 3675 τοῦ
3167 3623 3480 3692 ἀγενήτου,
3505 3625 3561 3677 τί
3590 3628 3701 3695 ἄρα

2121 3703 2407 3774 σημαίνειν
2439 3707 2533 3761 ἐπὶ
2554 3706 2687 3762 Θεοῦ
2723 3708 3000 3779 βούλονται
3032 3711 3113 3775 rb,
3154 3711 3487 3782 ἀγένητον-ς
3542 3715 3698 3770 Ἀλλ’

2119 3792 2250 3859 ἴσως
2298 3795 2360 3849 τὸ
2412 3797 2487 3868 μὴ
2528 3800 2856 3869 γεγενῆσθαι
2907 3802 3209 3873 φήσουσιν,
3264 3805 3701 3877 ὁμολογήσαντες

2117 3888 2385 3960 πρότερον
2424 3890 2761 3956 ἀπαιδεύτως
2807 3894 3137 3964 πεποιῆσθαι
3180 3897 3280 3969 τὴν
3330 3899 3695 3973 ὲπερώνησιν.

2115 3976 2373 4045 Δεγέσθω
2395 3978 2574 4033 τοίνυν
2608 3980 2702 4034 καὶ
2748 3983 2879 4052 παρ’
2912 3985 3069 4053 ἡμῶν
3102 3986 3183 4038 ὅτι
3217 3984 3274 4038 ἓν
3319 3986 3379 4039 τό
3407 3988 3696 4061 ἀγένητον.

2115 4066 2178 4119 Ei
2224 4066 2281 4120 δὲ
2325 4067 2462 4138 πρὸς
2491 4068 2649 4123 τοῦτο
2678 4072 2853 4139 φαῖεν,
2883 4073 3093 4127 Οὐκοῦν
3130 4075 3344 4149 ἀνάγκη
3388 4081 3537 4133 πᾶσα
3574 4098 3698 4134 συν-

2114 4157 2393 4227 ομολογείν
2424 4160 2751 4230 γεγενῆσθαι
2790 4162 2879 4215 τὸν
2920 4163 3070 4230 Υίὺν,
3102 4166 3291 4236 ἐπειδὴ
3335 4168 3394 4220 τὸ
3425 4169 3696 4240 ἀγένητον

2114 4248 2193 4313 ἓν,
2219 4250 2543 4321 ὅπερ.’ὲστ“ιν
2589 4240 2623 4304 ό
2663 4253 2875 4326 Πατὴρ,
2902 4256 3327 4313 ἀντακούσονται
3378 4259 3578 4313 πάλιν·
3629 4261 3692 4314 Ei

2115 4338 2275 4407 σοφία
2308 4338 2403 4392 καὶ
2437 4339 2684 4411 δύναμις,
2728 4345 2822 4395 καὶ
2868 4343 3024 4412 λόγος
3066 4345 3158 4398 τοῦ
3206 4346 3420 4416 Πατρός
3466 4347 3616 4401 ἐστιν
3664 4348 3693 4400 ό

2113 4428 2271 4492 Υἱός·
2302 4425 2371 4500 ἦν
2411 4429 2468 4483 δὲ
2496 4430 2585 4483 ἀεὶ
2623 4431 2682 4484 ὲν
2718 4432 2894 4502 Πατρὶ
2926 4433 3101 4503 λόγος,
3145 4435 3240 4489 καὶ
3271 4436 3451 4504 σοφία,
3480 4437 3576 4490 καὶ
3600 4435 3693 4490 δύ-

2109 4536 2295 4591 ναμις,
2318 4521 2419 4573 οὐκ
2448 4520 2764 4590 ὲπιγέγονεν
2794 4519 2886 4576 οὖν
2917 4526 2946 4578 ὁ
2978 4524 3127 4589 Υἱὸς,
3155 4524 3215 4588 ὃς
3247 4524 3421 4578 ταῦτά
3448 4525 3566 4578 ἐστι
3594 4526 3690 4579 καὶ

2072 4650 2075 4653 ι
2110 4609 2372 4666 καλεῖται.
2390 4609 2531 4662 Ἀλλ’
2559 4611 2748 4680 ὥσπερ
2794 4610 2858 4664 ἐκ
2893 4611 3027 4664 Θεοῦ
3073 4612 3226 4677 Θεὸς,
3258 4612 3350 4664 καὶ
3396 4614 3462 4664 ὲκ
3511 4613 3690 4682 φωτὸς

2111 4697 2384 4770 ἐξέλαμψε
2415 4696 2553 4767 φῶς,
2586 4696 2730 4752 οὕτω
2758 4699 2853 4756 καὶ
2890 4699 2959 4765 ἐξ
2985 4699 3248 4791 ἀγενήτου
3276 4699 3560 4791 ἀγένητος.
3594 4702 3689 4755 Δεῖ

2111 4791 2219 4860 γὰρ
2243 4784 2381 4843 εἶναι
2408 4788 2648 4843 τοιοῦτον
2683 4789 2777 4845 τὸν
2798 4790 2989 4860 Λόγον,
3020 4788 3202 4852 ὁποῖός
3235 4791 3350 4842 ὲστι
3383 4784 3480 4844 διαὶ
3506 4793 3535 4845 ό
3565 4807 3687 4859 γεν-

2111 4884 2280 4954 νήσας
2311 4882 2491 4936 αὒτόν.
2522 4880 2677 4936 Οὕτω
2700 4883 2811 4954 γὰρ
2838 4882 2903 4937 ἂν
2928 4882 2988 4934 τὸ
3007 4881 3107 4952 τῆς
3134 4881 3229 4936 τοῦ
3257 4881 3471 4953 Πατρός
3498 4882 3685 4946 οὐσίας

2109 4974 2333 5045 γνήσιον
2359 4972 2746 5043 ὲπαληθεύοιτο
2775 4974 2850 5044 τῷ
2889 4973 2950 5037 ἐξ
2985 4971 3148 5026 αὐτοῦ
3176 4972 3521 5045 γεννωμένῳ.
3561 4973 3686 5027 Κω-

2110 5065 2230 5119 hist
2271 5064 2451 5119 τοίνυν
2496 5065 2648 5123 οὐδὲν
2678 5064 2796 5129 ἑνὸς
2819 5064 2970 5129 ὄντος
3014 5063 3108 5118 τοῦ
3154 5066 3417 5136 ἀγενήτου
3448 5063 3679 5136 Πατρδς,

2108 5156 2373 5227 ἀγένητον
2397 5152 2534 5210 εἶναι
2560 5156 2655 5213 καὶ
2686 5156 2779 5209 τὸν
2797 5153 2862 5224 ἐξ,
2883 5155 3047 5215 αὑτοῦ
3068 5156 3259 5226 Λόγον,
3274 5156 3349 5220 ὡς
3378 5155 3437 5209 ἐν
3462 5172 3514 5209 τι
3543 5153 3680 5225 μετὰ

2108 5251 2319 5322 [ἰατρὸς
2367 5253 2461 5305 καὶ
2491 5250 2552 5304 ὲν
2582 5250 2759 5319 Harp‘t
2799 5247 3086 5319 νοούμενον
3115 5247 3203 5301 διὰ
3228 5248 3290 5301 τὸ
3328 5248 3426 5318 τῆς
3464 5245 3678 5316 φύσεως

2106 5341 2559 5411 ἀπαράλλακτον
2587 5338 2621 5398 ὃ,
2659 5338 2725 5405 δὴ
2771 5338 2865 5392 καὶ
2909 5337 3070 5401 αὐτὸς
3098 5338 3224 5410 περὶ
3260 5335 3451 5392 ἑαυτοῦ
3482 5348 3673 5405 φησιν·

2113 5451 2132 5484 ι
2155 5432 2296 5501 Ἐγὼ
2328 5431 2423 5486 καὶ
2445 5433 2474 5485 ὁ
2499 5431 2687 5501 Πατὴρ
2720 5429 2778 5485 ἓν
2809 5430 2994 5501 ἐσμεν,
3024 5448 3043 5480 ι
3072 5428 3161 5483 διὰ
3202 5429 3298 5499 μὲν
3325 5427 3440 5494 τοῦ,
3468 5424 3557 5491 ἓν,
3579 5424 3675 5494 τὴν

2104 5524 2408 5595 ταυτότητα
2438 5522 2540 5595 τῆς
2568 5521 2756 5587 οὐσίας
2786 5520 3094 5593 σημαίνων·
3121 5520 3207 5575 διὰ
3240 5519 3296 5574 δὲ
3327 5518 3441 5586 τοῦ,
3464 5516 3672 5588 ἐσμὲν,
