4106 6452
384 361 464 417 25
1840 364 2065 421 TIIESA
2078 365 2215 423 URU
2228 365 2292 421 S.
3618 365 3690 427 26

380 488 462 538 εις
487 471 668 529 δυάδα
706 473 927 546 τέμνων
953 475 1018 531 τὸ
1044 476 1362 549 νοούμενον,
1405 479 1499 532 καὶ
1531 478 1692 533 πάλιν
1738 481 1819 542 εἰς
1871 479 1977 551 μίαε

2105 497 2310 545 sumus,
2342 480 2527 535 induo
2548 480 2824 543 scindens,
2854 478 2905 533 id
2932 479 3074 550 quod
3097 478 3416 551 intelligitur
3444 479 3495 534 in
3530 497 3690 535 unum

379 561 781 635 περι-σφιγγῶν
806 564 1080 637 Θεότητα.

1090 660 1298 714 ΔΛΛΟ.

444 747 513 803 ιιι
553 749 657 804 τοῦ
702 751 929 825 Πατρδς
958 751 1128 808 εἰκὼν
1157 754 1576 827 ἀπαράλλακτός
1603 754 1752 808 ἐστιν
1784 756 1813 808 6
1842 753 1996 819 Υἱὸς,

374 842 450 906 ὼς
474 842 698 898 ἐκεῖνον
727 846 790 899 ἐν
822 845 979 918 αὐτῷ
1006 847 1319 916 φαίνεσθαι,
1351 849 1494 902 κατὰ
1536 848 1616 911 τὸ,
1665 868 1681 900 ι
1706 849 1764 900 '0
1815 849 1993 919 ἑωρα-

374 935 487 999 κὼς
517 937 650 1007 ἐμὲ,
689 937 912 1011 ἑώρακε
947 940 1044 994 καὶ
1072 940 1166 993 τὸν
1195 940 1439 1012 Πατέρα,
1476 960 1495 993 ι
1546 942 1762 1012 ἀνάγκη
1788 941 1993 1009 λέγειν,

372 1028 645 1099 ἀγένητον
679 1024 827 1086 εἶναι
854 1031 949 1087 τὸν
980 1031 1039 1098 ἐξ
1066 1033 1335 1104 ἀγενήτου
1368 1032 1702 1104 προελθόντα
1732 1032 1948 1104 Πατρός
1973 1048 1987 1063 ’

372 1122 493 1174 ἐπεὶ
524 1121 651 1186 πῶς
683 1122 757 1177 ἂν
786 1125 846 1177 ὲν
866 1119 945 1195 τῷ
972 1124 1193 1195 γενητῷ
1222 1124 1410 1196 ὀφθείη
1446 1125 1577 1178 ποτὲ
1605 1124 1665 1180 τὸ
1693 1125 1988 1196 ἀγένητον;

372 1214 439 1268 Ei
459 1213 575 1287 γὰρ
608 1215 674 1268 τὸ
703 1215 1025 1287 ἀρχέτυπον
1045 1219 1102 1271 ὲν
1128 1217 1209 1288 τῷ
1238 1218 1516 1289 μιμήματι
1548 1216 1813 1287 φαίνοιτο,
1837 1215 1990 1270 ἔσται

369 1308 595 1371 πάντως
620 1309 774 1360 κατὰ
803 1308 963 1362 τοῦτο
996 1310 1391 1381 κάκεῖνοέΩρα
1425 1309 1606 1378 λέγειν
1635 1306 1728 1362 οὖν
1763 1308 1990 1378 γενητὸν

367 1395 513 1454 εἶναι
551 1402 652 1455 καὶ
681 1402 779 1455 τὸν
804 1403 1053 1474 Πατέρα,
1086 1403 1212 1457 καθ’
1240 1402 1301 1458 ὃν
1326 1406 1360 1474 ὴ
1390 1401 1555 1457 εἰκὼν
1580 1400 1898 1473 ὲμορφώθη.
1923 1401 1989 1454 Ei

366 1494 424 1547 δὲ
449 1493 617 1548 τοῦτο
644 1495 873 1561 ἄτοπον,
907 1495 1061 1551 ἔσται
1090 1498 1313 1562 πάντως
1344 1496 1615 1567 ἁγενήτου
1639 1494 1699 1549 τὸ
1723 1493 1991 1565 ἀγένητον

367 1587 559 1643 εἰκών.
1532 1567 1542 1591 ’

1084 1768 1289 1822 ΑΛΛΟ.

2102 586 2294 626 rursus
2323 570 2590 646 Deitatem
2626 571 2968 638 constringit.

2790 660 3021 718 ALIUD.

2174 752 2231 810 Si
2256 752 2435 810 Filius
2467 762 2555 809 est
2600 752 3063 810 incommutabilis
3094 751 3272 808 Patris
3313 753 3513 823 imago,
3557 755 3693 807 adeo
3794 824 3799 829 _

2102 858 2160 902 ut
2187 847 2346 903 Pater
2373 848 2426 903 in
2457 846 2596 903 Filio
2629 856 2912 917 appareat,
2933 847 3075 902 sicut
3106 846 3370 915 scriptum
3400 857 3511 902 est:
3536 866 3555 899 ι
3585 846 3690 913 Qui

2100 941 2245 997 videt
2275 956 2386 1007 me,
2416 940 2564 996 videt
2601 949 2657 995 et
2686 939 2906 995 Patrem
2930 939 2972 1006 ⁵,
3015 959 3033 992 ι
3066 954 3291 994 necesse
3322 940 3546 994 omnino
3576 939 3691 994 fue-

2101 1036 2176 1088 rit
2203 1035 2476 1097 conﬁteri,
2515 1048 2619 1088 non
2651 1046 2773 1087 esse
2793 1029 2995 1086 factum
3027 1046 3148 1086 eum
3182 1032 3277 1100 qui
3306 1046 3374 1085 ex
3402 1048 3508 1087 non
3542 1030 3690 1085 facto

2097 1126 2258 1181 Patre
2279 1125 2541 1195 procedit.
2566 1125 2683 1193 Quo
2714 1134 2874 1194 pacto
2903 1124 3047 1178 enim
3078 1127 3128 1177 itt
3171 1123 3318 1178 facto
3352 1132 3612 1193 appareat
3638 1124 3687 1178 id

2099 1223 2243 1291 quod
2276 1219 2476 1273 factum
2511 1233 2617 1272 non
2646 1217 2775 1272 est?
2808 1216 2944 1271 Nam
2972 1219 3015 1273 si
3058 1217 3413 1287 archetypum
3462 1217 3515 1269 in
3553 1216 3690 1271 ima-

2097 1314 2226 1385 gine
2251 1320 2533 1383 appareat,
2578 1319 2793 1380 Oportet
2830 1319 2888 1363 ut
2919 1310 3035 1364 haec
3080 1308 3278 1363 similis
3319 1309 3391 1363 sit
3427 1308 3523 1361 illi.
3576 1305 3687 1375 Op-

2098 1417 2329 1477 portune
2372 1405 2557 1475 itaque
2600 1405 2705 1459 diei
2759 1411 2936 1473 posset
2983 1402 3148 1457 etiam
3202 1401 3419 1456 Patrem
3478 1400 3680 1455 factum

2096 1513 2243 1562 esse,
2277 1496 2340 1552 ad
2364 1511 2524 1566 quem
2564 1495 2740 1563 imago
2773 1495 3007 1549 formata
3039 1499 3141 1547 est.
3178 1493 3249 1546 At
3289 1507 3410 1546 cum
3447 1491 3551 1545 hoc
3593 1491 3688 1544 ali-

2095 1593 2319 1647 surdum
2357 1592 2445 1656 sit,
2493 1590 2599 1646 erit
2632 1590 2859 1645 omnino
2908 1588 3086 1659 imago
3114 1602 3219 1643 non
3261 1585 3390 1643 facti
3433 1585 3688 1642 similiter

2098 1703 2202 1742 non
2237 1686 2400 1740 facta.

2778 1773 3008 1833 ALIUD.

447 1860 511 1915 '0
534 1857 819 1932 μακάριος
840 1858 1052 1931 Μωσῆς
1071 1859 1173 1932 τὴν
1194 1858 1290 1912 τοῦ
1317 1857 1609 1931 ἀνθρώπου
1638 1856 1977 1929 κατασκευὴν

2161 1868 2360 1925 Beatus
2389 1868 2480 1925 ille
2510 1866 2723 1941 Moyses
2757 1868 3096 1923 creationem
3143 1864 3381 1922 hominis
3421 1878 3687 1920 enarrans

363 1950 763 2022 ἱξηγούμενος,
800 1950 1053 2022 εἰσφέρει
1100 1949 1333 2017 λέγοντα
1380 1948 1517 2002 Θεόν
1538 1966 1552 1980 ·
1611 1967 1631 2001 ι
1661 1948 1985 2018 Ποιήσωμεν

363 2048 663 2120 ἄνθρωπον
688 2046 811 2100 κατ’
830 2045 1020 2100 εἰκόνα
1049 2045 1335 2116 ἡμετέραν
1366 2044 1462 2098 καὶ
1494 2040 1615 2096 καθ’
1637 2041 1897 2112 ὁμοίωσιν
1917 2057 1930 2072 ·
1957 2057 1980 2093 ι

361 2141 422 2193 ὲν
454 2139 515 2194 δὲ
562 2137 645 2209 τῷ
686 2136 895 2207 λέγειν,
931 2135 1255 2207 ἡμετέραν,
1291 2134 1453 2188 πάλιν
1481 2134 1515 2201 ἡ
1551 2132 1685 2197 δυὰς
1719 2128 1984 2202 σημαίνε-

360 2251 453 2288 ται
474 2248 490 2261 ’
547 2233 810 2295 συνόντος
858 2229 1111 2301 δηλὸνότι
1161 2228 1257 2282 καὶ
1310 2225 1838 2297 συνθεολογουμένου
1885 2222 1983 2277 τοῦ

361 2326 524 2395 ἁγίου
568 2324 922 2395 Πνεύματος.
949 2324 1015 2377 El
1060 2322 1120 2376 δὲ
1166 2324 1224 2375 ἐν
1258 2322 1342 2376 ἐνὶ
1370 2319 1811 2393 τῷ’ἀνθρώπῳή
1846 2317 1983 2389 αὑτὴ

357 2419 458 2474 τοῦ
491 2417 716 2490 Πατρδς
746 2417 845 2471 καὶ
875 2414 973 2469 τοῦ
1010 2414 1146 2470 Υίοῦ
1176 2415 1426 2484 φαίνεται
1455 2411 1642 2479 είκὼν,
1677 2412 1803 2466 κατ’
1832 2411 1984 2465 οὐδὲν

359 2514 473 2584 ἄρα
528 2513 633 2581 τῆς
685 2508 827 2580 πρὸς
871 2506 1145 2583 ἀλλήλους
1186 2502 1599 2558 διαλλάττουσιν
1642 2501 1979 2571 ὁμοιότητος.

372 2579 664 2672 ’Ᾰνόμοιον
699 2599 759 2652 δὲ
804 2579 1023 2670 γενητῷ
1063 2597 1125 2650 τὸ
1161 2594 1455 2665 ἀγένητονο
1488 2592 1589 2646 οὐκ
1618 2591 1727 2662 ἄρα
1755 2590 1985 2662 γενητὸς

356 2698 389 2750 6
418 2696 567 2760 Υἱὸς,
600 2695 697 2749 ἵνα
731 2693 811 2766 μὴ
838 2691 1099 2764 ἀνόμοιος
1130 2689 1416 2759 φαίνηται.

1079 2782 1283 2836 ΑΛΛΟ.

428 2878 687 2950 Λέγεται
729 2875 887 2949 παρὰ
911 2876 1036 2938 ταῖς
1066 2872 1243 2937 θείαις
1278 2872 1527 2944 Γραφαῖς
1580 2868 1983 2942 παντοκράτωρ

353 2974 454 3028 καὶ
486 2972 705 3044 Κύριος
738 2973 768 3024 6
800 2970 1028 3041 Πατήρ·
1062 2968 1180 3023 ἀλλ’
1211 2967 1310 3039 οὐχ
1344 2967 1421 3032 ὡς
1457 2965 1517 3019 ἒν
1540 2982 1593 3018 τι
1618 2962 1727 3018 τῶν
1754 2978 1986 3033 κρατου-

359 3068 547 3138 μένων
584 3065 620 3136 ἢ
655 3062 1068 3137 κυριευομὲνων
1114 3063 1315 3115 νοεῖται
1365 3059 1463 3113 καὶ
1509 3060 1539 3113 ὁ
1591 3057 1742 3121 Υἱὸς,
1789 3054 1879 3109 διὰ
1922 3056 1984 3110 τὸ

352 3162 593 3215 πάντων
618 3159 847 3230 κρατεῖν
876 3173 937 3209 τε
968 3155 1064 3209 καί
1086 3153 1362 3226 κυριεύειν
1387 3153 1595 3206 ἐκεῖνον
1615 3168 1628 3183 ·
1660 3151 1854 3223 κρατεῖ
1872 3149 1980 3220 γὰρ

354 3254 590 3308 πάντων
625 3251 729 3305 καὶ
758 3249 1015 3322 κυριεύει
1041 3248 1181 3319 μετὰ
1211 3242 1864 3319 Πατρδς,παντοκράτωρ
1887 3241 1981 3293 καὶ⁹

351 3346 526 3409 αὐτὸς
571 3344 847 3415 ὑπάρχων
896 3341 993 3396 καὶ
1024 3340 1470 3412 Κύριος.”Ωσπερ
1522 3332 1616 3390 οὖν
1665 3338 1722 3388 ἐν
1768 3332 1982 3395 τούτοις

350 3437 457 3507 οὐχ
489 3436 576 3498 ὡς
610 3433 674 3488 ἓν
702 3433 818 3488 τῶν
849 3433 1072 3488 πάντων
1125 3431 1277 3484 ἐστὶν
1321 3433 1349 3484 6
1397 3428 1548 3494 Υίὺς,
1596 3426 1710 3481 ἀλλ’
1740 3426 1834 3479 ἐπὶ
1882 3424 1980 3495 τὴν

349 3526 468 3580 τῶν
519 3525 779 3597 γενητῶν
830 3524 994 3595 φύσιν
1029 3525 1062 3595 ἡ
1097 3522 1208 3578 τῶν
1237 3521 1437 3587 λέξεων
1468 3521 1699 3591 δύναμις
1728 3519 1975 3590 φέρεται,

347 3620 502 3673 οὕτω
525 3619 628 3672 καὶ
660 3617 760 3672 ἐπὶ
793 3618 1085 3690 ἀγενήτου,
1116 3617 1180 3670 οὐ
1214 3612 1346 3687 πρὸς
1377 3615 1469 3668 τὸν
1500 3613 1650 3679 Υίὺν,
1673 3612 1810 3667 ἀλλὰ
1841 3611 1978 3682 πρὸς

346 3712 455 3783 τὴν
484 3711 675 3766 κτίσιν
700 3712 734 3781 ή
768 3710 1084 3781 σύγκρισις,
1121 3708 1225 3764 κᾶν
1249 3707 1306 3761 ἓν
1340 3703 1482 3760 εἶναι
1515 3706 1740 3777 λέγηται
1760 3706 1822 3758 τὸ
1845 3705 1977 3775 ἀγέ-

346 3822 517 3877 νητον
540 3821 555 3833 ·
590 3802 684 3858 διὰ
705 3804 768 3857 τὸ
799 3803 981 3859 πάντα
1009 3801 1296 3872 γεγονέναι
1331 3799 1509 3873 παρὲξ
1530 3797 1688 3852 Θεοῦ.

386 4007 527 4063 ὀτι
567 4004 848 4076 κρεῖττόν
883 4005 1020 4059 ἐστι
1057 4005 1159 4058 καὶ
1195 4004 1670 4074 ἀξιολογώτερον
1707 4001 1941 4072 Πατέρα

610 4076 936 4132 καλεῖσθαι
976 4078 1086 4130 τὸν
1125 4077 1296 4142 Θεὸν,
1337 4077 1375 4145 ἢ
1415 4076 1730 4147 ἀγένητον.

422 4192 505 4247 τὸ
532 4191 741 4259 πατὴρ
776 4190 1088 4262 ὅνομα,τὴν
1114 4189 1243 4259 περὶ
1269 4190 1387 4244 υίοῦ
1416 4189 1637 4254 πάντως
1669 4188 1879 4246 ἔννοιαν
1913 4190 1977 4246 ἐν

345 4283 542 4354 ἑαυτῷ
592 4282 966 4351 συνεισφέρειο
990 4282 1061 4334 τὰ
1097 4279 1207 4351 γὰρ
1233 4279 1462 4335 τοιαῦτα
1492 4281 1562 4334 δι’
1592 4281 1840 4355 ἀλλήλων
1874 4299 1974 4352 ση-

347 4377 640 4447 μαίνεται.
670 4371 749 4425 Τὸ
779 4372 838 4425 δὲ
864 4372 1154 4441 ἀγένητος
1187 4370 1383 4442 ὄνομα,
1415 4369 1493 4441 τῷ
1529 4369 1605 4441 μὴ
1640 4370 1971 4441 γεγενῆσθαι

340 4470 529 4534 Θεὸν,
580 4468 684 4539 τὴν
742 4464 856 4519 τῶν
899 4464 1148 4534 γενητῶν
1205 4460 1669 4534 ἀντιπαρατίθησι
1724 4463 1968 4534 μνήμην.

2087 1962 2291 2018 inducit
2320 1960 2485 2017 Deum
2513 1960 2782 2016 dicentem
2814 1977 2827 2012 :
2868 1978 2887 2011 ι
2927 1959 3215 2015 Faciamus
3264 1957 3540 2013 hominem
3594 1969 3687 2009 sc-

2087 2055 2325 2112 cundum
2384 2053 2678 2123 imaginem
2715 2061 2767 2105 et
2824 2050 3235 2105 similitudinem
3297 2058 3539 2102 nostram
3574 2044 3614 2099 ⁷.
3659 2063 3679 2096 ι

2086 2149 2224 2205 Cum
2283 2162 2415 2203 vero
2447 2146 2600 2210 dicit,
2621 2156 2877 2209 nostram,
2917 2157 3106 2198 rursus
3139 2141 3375 2196 dualitas
3410 2136 3686 2209 signiﬁca-

2093 2252 2368 2298 Iur:cum
2435 2239 2638 2309 alioqui
2680 2239 2846 2293 etiam
2878 2237 3040 2300 adsit,
3076 2244 3135 2291 et
3176 2234 3363 2290 deitati
3420 2245 3682 2286 annume-

2087 2344 2238 2392 retur
2266 2333 2506 2404 Spiritus
2535 2342 2783 2387 sanctus.
2814 2331 2870 2385 Si
2903 2343 3034 2399 ergo
3070 2328 3123 2383 in
3155 2341 3263 2381 uno
3316 2324 3537 2380 homine
3574 2337 3680 2376 una

2086 2440 2248 2499 atque
2278 2428 2466 2482 eadem
2495 2424 2678 2480 Patris
2709 2433 2763 2479 et
2790 2422 2910 2478 Filii
2949 2422 3135 2492 imago
3167 2424 3416 2490 apparet,
3450 2416 3502 2470 in
3536 2415 3683 2469 nullo

2085 2530 2234 2576 certe
2270 2519 2411 2573 inter
2437 2529 2496 2571 se
2521 2514 2813 2570 dissimiles
2854 2519 2999 2568 sunt.
3041 2508 3318 2566 Dissimile
3361 2516 3543 2563 autem
3600 2513 3684 2558 est

2087 2612 2236 2667 facto
2268 2610 2318 2663 id
2347 2608 2491 2678 quod
2525 2605 2628 2676 13
2666 2605 2869 2658 factum
2904 2619 3011 2658 non
3047 2611 3152 2658 est.
3187 2598 3304 2657 Non
3330 2609 3415 2655 est
3439 2613 3570 2670 ergo
3596 2598 3683 2651 fa-

2087 2714 2205 2760 ctus
2226 2701 2422 2764 Filius,
2454 2715 2521 2753 ne
2545 2697 2827 2753 dissimilis
2851 2695 2998 2751 Patri
3032 2693 3360 2750 inveniatur.

2765 2787 2998 2844 ALIUD.

2156 2892 2322 2946 Pater
2370 2891 2423 2943 in
2456 2902 2613 2943 sacra
2665 2884 2949 2952 Scriptura
2998 2881 3242 2936 omnium
3282 2880 3585 2949 imperator
3627 2884 3683 2931 et

2089 2984 2347 3039 Dominus
2371 2980 2601 3046 dicitur;
2635 2977 2731 3033 sed
2766 2990 2873 3031 non
2896 2975 2971 3029 ita
2989 2983 3048 3029 ut
3070 2972 3242 3028 Filius
3265 2986 3429 3025 unum
3448 2968 3578 3040 quid
3611 2969 3683 3021 sit

2085 3091 2296 3141 eorum,
2327 3086 2448 3144 qua:
2479 3069 2650 3140 ipsius
2679 3066 2911 3137 imperio
2947 3073 3002 3120 et
3022 3061 3376 3119 dominationi
3436 3059 3681 3131 subjecta

2088 3178 2240 3231 sunt,
2274 3181 2397 3221 eam
2432 3161 2502 3217 ob
2532 3175 2753 3216 causam
2798 3159 2941 3228 quod
2972 3157 3136 3212 Pater
3162 3154 3416 3211 omnibus
3453 3153 3683 3221 imperet

2084 3271 2140 3317 et
2162 3259 2503 3321 dominetur;
2537 3257 2769 3325 imperat
2799 3250 2942 3306 enim
2986 3258 3040 3304 et
3068 3248 3386 3303 dominatur
3419 3242 3674 3299 omnibus

2081 3372 2203 3413 cum
2223 3355 2402 3417 Patre,
2424 3354 2643 3421 ipseque
2660 3348 2825 3404 etiam
2849 3343 3195 3413 onmipotens
3220 3349 3302 3395 est
3323 3349 3375 3395 et
3400 3337 3679 3392 Dominus.

2082 3444 2546 3514 Quemadmodum
2584 3443 2749 3513 igitur
2787 3441 2840 3495 in
2899 3438 3021 3494 istis
3063 3450 3168 3490 non
3199 3432 3364 3488 veluti
3408 3444 3548 3485 unus
3575 3426 3684 3483 ali-

2080 3537 2203 3607 quis
2228 3552 2295 3591 ex
2346 3534 2618 3590 universis
2647 3539 2906 3586 censetur
2954 3527 3148 3590 Filius,
3190 3526 3287 3580 scd
3336 3520 3532 3578 horum
3560 3534 3684 3575 ver-

2080 3631 2278 3687 horum
2331 3629 2418 3683 vis
2465 3635 2676 3681 tantum
2728 3638 2817 3678 res
2864 3630 3082 3676 creatas
3145 3614 3550 3686 complectitur,
3605 3612 3680 3665 ita

2077 3720 2314 3776 etiamin
2346 3733 2455 3773 non
2496 3716 2662 3781 facto,
2699 3729 2804 3769 non
2837 3712 2903 3766 ad
2930 3710 3150 3773 Filium,
3182 3707 3373 3779 sedati
3394 3712 3681 3760 creaturas

2077 3811 2408 3882 comparatio
2438 3808 2634 3873 fertur,
2673 3804 2889 3860 tametsi
2965 3816 3132 3857 unum
3176 3799 3394 3876 dicatur
3427 3811 3537 3850 non
3603 3794 3681 3847 fa-

2076 3915 2257 3961 ctum:
2284 3902 2542 3974 quoniam
2560 3908 2754 3971 pratter
2778 3912 2943 3953 unum
2976 3894 3143 3949 Deum
3162 3891 3341 3947 omnia
3371 3889 3511 3944 facta
3532 3896 3677 3943 sunt.

2077 4016 2232 4084 Quod
2259 4014 2446 4070 melius
2471 4023 2626 4085 atque
2651 4012 2867 4082 dignius
2903 4009 3185 4085 sit_Deum‘
3209 4005 3384 4060 vocari
3438 4002 3680 4070 Patrem,

2626 4080 2785 4151 quam
2814 4080 3127 4151 ingenitum.

2146 4200 2327 4254 Patris
2359 4209 2555 4251 nomen
2603 4192 2851 4248 notitiam
2905 4190 3000 4244 lilii
3037 4188 3353 4245 necessario
3384 4198 3569 4241 secum
3593 4183 3682 4238 in-

2075 4294 2248 4350 ducit.
2281 4288 2514 4346 Nomina
2549 4287 2696 4341 enim
2739 4284 3050 4357 ltujusmodi
3100 4297 3223 4339 sese
3266 4289 3451 4334 mutuo
3490 4276 3676 4332 decla-

2076 4394 2221 4441 rant.
2275 4379 2513 4450 Ingeniti
2538 4394 2669 4436 vero
2695 4393 2891 4434 nomen
2924 4392 2994 4432 ex
3022 4391 3087 4431 eo
3131 4374 3276 4445 quod
3309 4374 3454 4429 Deus
3494 4369 3676 4425 factus

2076 4494 2180 4534 non
2206 4486 2311 4542 est,
2342 4490 2443 4532 nos
2470 4475 2526 4530 in
2558 4487 2748 4528 eorum
2783 4485 2903 4539 qua:
2948 4468 3088 4523 facta
3122 4474 3253 4522 sunt
3290 4504 3307 4531 ,
3339 4461 3691 4519 recordatio-.

352 4561 681 4632 Ἀναγκαία
724 4558 780 4613 δὲ
826 4561 942 4622 τοῖς
994 4556 1272 4610 πιστεύειν
1318 4555 1599 4610 ἐθέλουσιν
1637 4553 1840 4625 ὀρθῶς,
1875 4557 1975 4625 τῆς

2086 4586 2202 4626 nem
2233 4569 2475 4625 vicissim
2513 4565 2757 4621 adducit.
2788 4561 3112 4617 Necessaria
3137 4567 3318 4614 autem
3354 4566 3440 4613 est
3483 4555 3550 4610 iis
3581 4556 3673 4625 qui

338 4657 521 4727 ἁγίας
547 4651 787 4725 Τριάδος
812 4653 846 4722 ἡ
876 4648 1103 4718 γνῶσις.
1134 4649 1199 4701 Et
1224 4647 1403 4702 τοίνυν
1433 4649 1462 4701 6
1492 4645 1596 4717 μὲν
1626 4647 1851 4716 Πατέρα
1883 4646 1970 4700 λέ-

336 4767 468 4821 γων
514 4748 628 4818 ὁρᾷ
670 4744 766 4797 τὸν
806 4742 930 4796 Υίδν
960 4742 1029 4796 δι’
1060 4742 1120 4796 ὃν
1147 4742 1267 4794 ἐστι
1293 4741 1486 4812 Πατήρ
1510 4755 1526 4770 ’
1557 4739 1587 4791 6
1615 4739 1674 4794 δὲ
1704 4740 1971 4811 ἀγένητον

335 4838 645 4911 ὀνομάζων
683 4835 871 4897 αὐτὸν,
902 4835 1009 4906 ὁρᾷ
1030 4833 1101 4888 τὰ
1131 4832 1423 4903 γενόμενα,
1447 4825 1530 4896 οἷς
1569 4832 1808 4903 εὐλόγως
1833 4834 1862 4886 6
1894 4832 1969 4904 μὴ

333 4930 602 5005 γεγονὼς
631 4927 1164 4981 ἀντιδιαστέλλεται·
1208 4926 1346 4979 πολὺ
1375 4925 1439 4997 δὴ
1468 4928 1738 4997 κρεῖττον,
1772 4927 1868 4997 ἀφ’
1895 4920 1971 4981 ὧν

330 5027 371 5097 ἠ
417 5021 562 5093 περὶ
595 5017 697 5073 τοῦ
729 5016 862 5072 Υἱοῦ
901 5017 1147 5071 τίκτεται
1189 5016 1417 5087 γνῶσις,
1468 5016 1835 5087 σημαίνεσθαι
1879 5015 1973 5073 τὸν

330 5118 510 5179 Θεὸν,
541 5114 579 5185 ἢ
611 5111 674 5177 ὲξ
698 5103 775 5165 ὧν
806 5112 841 5182 ἡ
884 5104 997 5164 τῶν
1021 5110 1341 5180 ποιημάτων
1363 5109 1722 5179 ἀναφαίνεται
1755 5110 1968 5182 μνήμη,

336 5204 695 5263 συντελοῦσα
728 5202 866 5274 πρὸς
905 5201 1007 5273 τὴν
1034 5200 1238 5270 γνῶσιν
1280 5200 1382 5270 τῆς
1425 5198 1590 5269 ἁγίας
1620 5199 1848 5272 Τριάδος
1878 5202 1970 5254 οὺ-

335 5300 453 5354 δέν.
490 5296 610 5352 Καὶ
638 5298 668 5350 6
703 5295 805 5366 μὲν
850 5293 1077 5367 Πατέρα
1105 5291 1302 5363 λέγων,
1335 5293 1429 5362 ἀφ’
1455 5276 1676 5347 ὦνὲστι
1710 5292 1968 5364 σημαίνει

336 5391 509 5446 Θεὸν·
558 5390 591 5443 6
625 5389 685 5443 δὲ
725 5387 995 5459 ἀγένητον
1033 5386 1226 5451 εἰπὼν,
1262 5386 1356 5456 ἀφ’
1386 5383 1462 5440 ὧν
1487 5387 1590 5441 οὐκ
1627 5386 1776 5441 ἔστιν
1800 5404 1813 5417 ο
1850 5387 1966 5441 ἔστι

336 5486 445 5555 μὲν
492 5483 610 5553 γὰρ
662 5478 798 5536 Υίοῦ
847 5480 1064 5552 Πατὴρ,
1100 5481 1326 5553 γενητὸς
1358 5480 1417 5533 δὲ
1446 5479 1548 5534 οὐκ
1604 5478 1874 5536 ἕστι.Ὂτι
1907 5480 1964 5535 δὲ

338 5574 550 5646 μᾶλλον
597 5573 659 5639 ἐξ
702 5566 783 5627 ὧν
813 5571 983 5639 ἔστιν,
1016 5573 1050 5645 ἢ
1089 5573 1150 5639 ἐξ
1175 5566 1251 5628 ὧν
1282 5573 1384 5628 οὐκ
1430 5573 1600 5641 ἐστιν,
1630 5574 1962 5648 οἰκειότερον

338 5667 680 5739 σημαίνεται
703 5666 863 5736 Θεὸς,
890 5668 957 5720 ἐκ
974 5665 1131 5720 τοῦδε
1152 5666 1351 5737 γένοιτ’
1371 5667 1438 5723 ἂν
1463 5669 1624 5724 παντί
1646 5687 1724 5739 τῳ
1765 5666 1954 5737 σαφές.

408 5848 431 5881 ⁸
458 5844 627 5905 Joan.
664 5862 787 5916 XIV,
822 5847 878 5906 9.
953 5847 972 5879 ⁷
1008 5848 1147 5905 Gen.
1182 5865 1242 5917 ll,
1268 5850 1355 5904 9.6.

256 6292 271 6299 ν
288 6268 368 6312 ,1'
384 6264 619 6297 &p_i‘?~1-.

281 6309 288 6314 _
387 6301 402 6306 --
446 6302 447 6307 η
494 6298 525 6307 ινν
578 6302 637 6309 κλμ·
654 6304 661 6309 -

297 6302 595 6345 ἰ’-...ἔμ’-
646 6316 649 6317 ,

129 6351 134 6354 “
371 6353 382 6362 δ
399 6343 476 6362 ’““·.-
504 6360 509 6361 γ
576 6356 591 6363 ρ
620 6344 623 6349 ⁴
638 6352 647 6361 α

463 6385 508 6400 Ι¹μ
528 6400 531 6403 Ἰ
613 6373 670 6403 ..Ι

2084 4671 2231 4717 recta
2256 4659 2362 4715 title
2409 4658 2620 4729 praediti
2653 4670 2777 4712 esse
2802 4655 2972 4709 velint
3001 4646 3205 4707 sanctae
3254 4647 3541 4703 Trinitatis
3580 4662 3673 4701 co~

2082 4750 2275 4821 guitio.
2308 4750 2366 4804 Si
2399 4764 2531 4819 ergo
2561 4748 2607 4802 is
2632 4748 2730 4816 qui
2774 4746 2992 4801 Patrem
3025 4741 3271 4797 nominat
3324 4738 3545 4808 respicit
3580 4738 3674 4793 Fi-

2081 4843 2212 4897 lium
2245 4856 2342 4911 per
2371 4856 2530 4912 quem
2555 4839 2715 4895 Pater
2746 4847 2865 4904 est;
2893 4836 2988 4907 qui
3020 4849 3150 4889 vero
3204 4833 3505 4905 ingenitum
3557 4832 3674 4887 sive

2082 4931 2386 4987 iucreatum
2419 4930 2676 5001 appellat,
2708 4938 2893 4985 creata
2917 4927 3084 4993 videt,
3126 4926 3328 4996 quibus
3364 4923 3561 4980 merito
3590 4922 3675 4976 in-

2080 5034 2300 5080 creatus
2315 5026 2647 5095 opponitur:
2675 5031 2826 5079 certe
2858 5021 3026 5076 multo
3057 5022 3229 5075 satius
3248 5027 3333 5075 est
3360 5017 3549 5072 Patris
3579 5031 3675 5086 ap-

2078 5116 2429 5183 pellationem
2456 5117 2583 5171 inde
2615 5115 2941 5182 sumi,unde
2964 5113 3089 5169 Filii
3123 5110 3365 5182 cognitio
3389 5111 3670 5181 gignatur,

2076 5224 2241 5281 quam
2283 5210 2430 5273 inde,
2474 5210 2616 5264 unde
2656 5217 3035 5264 creaturarum
3098 5204 3291 5258 notitia
3355 5201 3649 5257 inducatur

2074 5316 2196 5371 qua:
2253 5301 2321 5356 ad
2379 5300 2745 5372 cognitionem
2810 5296 3096 5354 Trinitatis
3136 5293 3270 5350 nihil
3328 5293 3489 5364 plane
3543 5307 3645 5347 con

2073 5394 2245 5450 ducit.
2278 5392 2346 5447 Et
2401 5393 2620 5462 quidem
2652 5392 2743 5462 qui
2780 5390 2996 5446 Patrem
3035 5388 3187 5452 dicit,
3217 5399 3285 5442 ex
3305 5400 3372 5442 eo
3407 5385 3554 5455 quod
3591 5400 3667 5440 es.

2069 5487 2319 5543 nominat
2368 5486 2576 5543 Deum:
2628 5485 2718 5557 qui
2760 5498 2889 5540 vero
2933 5481 3252 5552 ingenitum,
3308 5478 3377 5535 ab
3430 5494 3494 5535 eo
3525 5477 3668 5548 quod

2073 5596 2178 5636 non
2208 5587 2333 5637 est:
2368 5590 2455 5636 est
2486 5579 2630 5635 enim
2663 5575 2985 5641 PaterFilii,
3028 5583 3249 5630 creatus
3271 5589 3400 5629 vero
3431 5587 3538 5627 non
3558 5580 3662 5625 est.

2071 5674 2227 5741 Quod
2260 5683 2437 5732 autem
2467 5674 2647 5744 potius
2667 5688 2731 5729 ex
2759 5685 2826 5729 eo
2859 5669 3003 5741 quod
3039 5678 3146 5739 cst,
3182 5683 3346 5739 quam
3377 5664 3521 5736 quod
3552 5677 3661 5720 non
