4106 6416
520 360 586 414 g7
1511 346 1567 403 S.
1607 342 1885 400 CYRILLI
1924 341 2399 397 ALEXANDRINI
2439 341 2763 397 ARCHIEP.
3722 352 3794 407 ‘28

522 483 629 540 cst,
653 473 743 528 Dei
772 468 1060 542 appellatio
1094 468 1167 523 sit
1202 463 1483 531 sumenda,
1512 462 1635 517 inde
1665 461 1838 517 cuivis
1882 459 2095 531 perspi-

2213 459 2267 512 Ξῖ
2293 477 2378 523 τις
2408 459 2769 530 γὰρὲκείνην
2809 458 2909 531 τὴν
2951 459 3228 532 ἄφραστον
3272 462 3366 516 καὶ
3409 464 3794 538 ἀκατάληπτον
3830 470 3833 473 λ

521 579 680 619 cuum
711 562 872 618 fuerit
900 601 914 615 .
947 558 1002 615 Si
1026 558 1147 629 quis
1177 556 1319 612 enim
1354 554 1498 608 illam
1536 550 1856 607 inell'abilem
1893 551 2099 604 incom-

523 654 1054 728 preltensibilemque
1086 660 1338 706 naturam
1373 658 1529 702 vocet
1552 648 1739 710 Deum,
1773 644 1839 698 ab
1858 659 1922 698 co
1960 642 2099 711 quod

521 757 606 803 est
637 755 782 801 recte
810 745 1075 805 nominat,
1135 750 1338 795 etcum
1374 735 1539 790 Deum
1573 734 1732 797 dixit,
1767 733 1913 786 illam
1946 740 2103 785 natu—

524 856 640 896 ram
665 837 1006 909 signiﬁcavit.
1054 833 1111 888 Si
1148 833 1270 903 quis
1301 845 1429 885 vero
1474 829 1542 882 ab
1578 843 1643 882 eo
1677 827 1820 897 quod
1869 840 1976 879 non
2020 834 2105 880 est

523 948 646 987 eum
680 930 959 984 nominare
1006 924 1259 987 voluerit.
1302 924 1645 977 innocentem
1705 919 1789 973 vel
1850 917 2100 986 indepra-

525 1030 707 1075 vatum
733 1015 1174 1085 eumappellans,
1200 1028 1265 1068 eo
1300 1012 1443 1082 quod
1490 1010 1621 1064 nihil
1660 1007 1786 1061 mali
1816 1007 1897 1062 vel
1947 1006 2101 1077 pravi

528 1113 580 1166 in
603 1126 665 1166 ea
725 1108 829 1171 sit.
872 1122 1001 1162 vere
1049 1106 1265 1176 quidem
1305 1104 1526 1166 dixerit,
1571 1102 1666 1158 sed
1721 1116 1825 1155 non
1880 1099 2104 1155 omnino

529 1208 691 1254 Deum
729 1196 1081 1267 signiﬁcabit.
1135 1194 1277 1250 Sunt
1304 1193 1450 1250 enim
1487 1193 1649 1246 etiam
1682 1189 1828 1245 inter
1855 1189 2104 1254 homines

526 1292 795 1356 nonnulli,
822 1290 947 1344 mali
978 1300 1033 1346 et
1061 1287 1346 1360 pravitatis
1376 1296 1645 1354 expertes.
1670 1281 1940 1351 Ejusmodi
1974 1294 2104 1335 vero

524 1383 687 1438 etiam
722 1389 941 1438 sanctos
975 1379 1195 1450 angelos
1223 1393 1346 1434 esse
1376 1378 1671 1434 credimus.
1700 1375 1893 1430 Verius
1922 1379 2104 1444 itaque

528 1477 808 1546 magisque
854 1473 1070 1542 proprie
1098 1473 1165 1526 ab
1208 1471 1276 1526 iis
1301 1485 1422 1539 qua:
1444 1476 1550 1536 est,
1582 1483 1744 1539 quam
1791 1467 1857 1523 ab
1888 1467 1955 1522 iis
1984 1480 2105 1535 qua:

527 1573 759 1632 nonest,
806 1559 1223 1632 signiﬁcabitur.

1124 1650 1230 1724 ιι,
1269 1649 1499 1706 ALIUD.

596 1748 794 1803 Beatus
831 1747 995 1802 David
1020 1745 1348 1816 psallitetad
1372 1741 1567 1798 Filium
1598 1742 1759 1797 dicit:
1793 1760 1811 1793 ι
1848 1739 2102 1808 Propter-

526 1856 588 1898 ea
629 1842 785 1895 nnxit
817 1849 866 1894 te
891 1838 1052 1904 Deus,
1089 1840 1229 1894 Deus
1265 1848 1391 1893 tuus
1430 1835 1549 1891 oleo
1581 1833 1962 1891 exsultationis
1996 1849 2105 1902 prae

527 1931 883 2004 participibus
904 1933 1007 1986 tuis
1025 1930 1102 1985 ⁸.»
1127 1930 1181 1985 Si
1207 1944 1336 2000 ergo
1369 1930 1641 1985 diversum
1660 1938 1743 1983 est
1764 1928 1909 1997 quod
1939 1928 2106 1996 parti-

527 2025 671 2094 cipat
704 2026 771 2079 ab
795 2039 860 2078 eo
886 2025 1026 2092 quod
1058 2024 1416 2094 participatur
1447 2040 1460 2077 :
1497 2022 1644 2076 aliud
1697 2020 1842 2076 enim
1898 2020 1954 2074 in
1997 2019 2105 2073 alio

529 2114 937 2185 intelligendum
959 2123 1043 2169 est
1080 2132 1093 2167 :
1131 2113 1407 2183 particeps
1426 2120 1604 2166 autem
1644 2112 1702 2165 ﬁt
1730 2121 1984 2166 creatura
2020 2108 2107 2163 Fi-

530 2208 612 2274 lii,
650 2207 899 2263 diversus
933 2204 1177 2276 profecto
1200 2205 1366 2261 fuerit
1393 2221 1423 2260 a
1460 2215 1710 2260 creatura
1736 2216 1855 2273 quas
1879 2202 1960 2256 sui
1982 2217 2108 2272 par-

532 2302 701 2371 ticeps
726 2302 804 2358 ﬁt.
831 2299 1100 2368 Quocirca
1138 2316 1311 2371 neque
1337 2310 1573 2356 creatus.
1628 2299 1684 2353 Si
1723 2313 1853 2353 vero
1877 2312 1980 2352 non
2025 2305 2109 2351 est

528 2392 781 2449 diversus
809 2394 876 2449 ab
917 2392 1005 2447 illa
1045 2392 1240 2451 Filius.
1280 2406 1459 2462 neque
1520 2391 1814 2447 secundum
1859 2397 2107 2442 naturam

532 2486 599 2541 ab
621 2503 682 2542 ea
715 2488 1025 2552 distinctus,
1063 2488 1187 2557 quis
1231 2496 1314 2542 est
1342 2502 1472 2542 usus
1518 2484 1994 2557 participationis?
2026 2484 2110 2538 vel

531 2579 801 2649 quomodo
833 2579 955 2648 quis
975 2579 1250 2648 particeps
1282 2576 1510 2647 ﬁatejus
1546 2579 1688 2647 quod
1735 2577 1962 2647 ipsemet
1987 2577 2111 2632 est?

919 2706 1489 2798 ASSERTIO
1568 2709 1699 2795 II.

603 2858 756 2925 Quod
785 2857 1073 2929 ingenitum
1109 2874 1209 2912 non
1238 2859 1304 2929 sit
1328 2856 1641 2922 substantia,
1675 2856 1768 2911 sed
1804 2857 2112 2912 substantia:

1132 2927 1561 2997 signiﬁcativum.

604 3042 903 3114 lngenitum
932 3042 1087 3112 quasi
1140 3043 1464 3114 principium
1503 3051 1558 3099 et
1597 3058 1761 3099 causa
1826 3053 1880 3101 et
1911 3043 2113 3099 intelli-

2206 552 2365 621 φύσιν
2405 552 2595 623 καλοίη
2652 553 2805 617 Θεὸν,
2843 552 2938 622 ἀφ’
2973 548 3049 607 ὦν
3095 553 3243 608 ἐστιν
3278 555 3538 627 ὀνομάζει
3589 560 3790 627 καλῶς,

2205 645 2298 698 καὶ
2330 644 2462 698 Θεὸν
2499 643 2687 708 εἰπὼν,
2724 644 2941 708 πάντως
2968 646 3184 717 ἐκείνην
3214 648 3489 719 ἐσήμηνεν
3512 667 3526 682 ο
3554 655 3603 706 ει
3630 652 3685 706 δέ
3711 672 3793 718 τις

2203 740 2297 811 ἀερῗ
2319 731 2394 792 ὧν
2428 740 2529 793 οὐκ
2552 739 2698 793 ἔστιν
2724 740 3028 812 ἐπιχειροίη
3059 740 3349 811 σημαίνειν
3374 741 3568 814 αὐτὴν,
3587 744 3793 799 ἄκακον

2205 833 2299 887 καὶ
2322 833 2595 905 ἀπόνηρον
2630 834 2805 903 λέγων
2832 833 2921 888 διὰ
2951 833 3011 887 τὸ
3048 836 3122 905 μὴ
3152 835 3352 889 κακίαν
3378 835 3411 907 ἢ
3440 838 3707 909 πονηρίαν
3735 841 3793 893 ὲν

2204 923 2343 995 αὐτῇ
2375 918 2548 988 εἶναι,
2580 923 2869 995 ἀληθεύσει
2905 922 3025 995 μὲν,
3064 923 3180 976 ἀλλ’
3212 924 3274 976 οὐ
3328 925 3548 989 πάντως
3597 924 3792 995 μηνύει

2203 1014 2295 1068 τὸν
2317 1013 2450 1067 Θεόν
2470 1032 2485 1046 ’
2518 1015 2624 1068 εἰσὶ
2646 1014 2754 1085 γὰρ
2774 1017 2869 1069 καὶ
2894 1017 2952 1069 ἐν
2978 1014 3289 1087 ἀνθρώποις
3318 1016 3515 1070 ἄκακοι
3549 1018 3645 1071 καὶ
3664 1019 3794 1072 ἀπό·

2204 1122 2380 1177 νηροι.
2404 1106 2685 1170 Τοιούτους
2712 1106 2767 1160 δὲ
2801 1103 2942 1160 εἶναι
2978 1106 3308 1178 πιστεύομεν
3338 1109 3576 1174 καὶτοὺς
3606 1109 3793 1179 ἁγίους

2205 1198 2487 1267 ἀγγέλους.
2529 1198 2737 1253 Οὐκοῦν
2769 1201 2862 1269 ἀφ’
2893 1192 2968 1254 ὧν
2995 1199 3164 1266 ἐστιν,
3192 1200 3226 1271 ἢ
3258 1202 3350 1270 ἀφ’
3380 1194 3456 1255 ὧν
3488 1202 3589 1255 οὐκ
3622 1202 3791 1270 ἔστιν,

2206 1290 2564 1363 ἀληθέστερον
2589 1292 2682 1346 καὶ
2708 1291 3036 1363 οἰκειότερον
3065 1293 3506 1364 σημανθήσεται.

2895 1652 3101 1706 ΑΛΛΟ.

2289 1748 2346 1800 '0
2373 1748 2640 1818 μακάριος
2655 1745 2817 1801 Δαόὶδ
2837 1746 3053 1816 ψάλλει,
3077 1745 3171 1800 καί
3194 1763 3327 1816 φησι
3356 1748 3492 1819 πρὸς
3510 1747 3603 1800 τὸν
3627 1746 3756 1801 Υἱόν
3778 1784 3804 1801 .

2214 1858 2232 1892 ι
2261 1839 2360 1893 Διὰ
2404 1838 2564 1892 τοῦτο
2612 1838 2796 1909 ἔχρισέ
2849 1856 2908 1892 σε
2945 1841 2974 1892 ὁ
3011 1838 3164 1903 Θεὸς,
3225 1840 3254 1892 ὁ
3287 1834 3421 1902 Θεός
3474 1855 3567 1892 σου
3613 1838 3796 1893 ἔλαιον

2206 1933 2576 2003 ἀγαλλιάσεως
2625 1932 2779 2004 παρὰ
2823 1932 2950 1996 τοὺς
3004 1932 3263 2004 μετόχους
3299 1947 3413 1987 σου.
3445 1952 3464 1985 ι
3513 1934 3576 1986 El
3613 1933 3801 1987 τοίνυν-

2206 2025 2392 2095 ἕτερόν
2421 2025 2473 2080 τί
2493 2025 2610 2081 ἐστι
2636 2027 2698 2081 τὸ
2731 2028 2958 2099 μετέχον
3004 2028 3151 2101 παρὰ
3177 2028 3238 2082 τὸ
3269 2027 3804 2100 μετεχόμενονοᾶλλο

2207 2120 2316 2191 γὰρ
2345 2122 2403 2174 ἑν
2434 2119 2580 2191 ἄλλῳ
2614 2120 2853 2174 νοεῖσθαι
2890 2122 3020 2192 χρή’
3057 2121 3273 2191 μετέχει
3315 2120 3373 2173 δὲ
3418 2122 3450 2191 η
3487 2119 3666 2182 κτίσις
3698 2118 3796 2172 τοῦ

2210 2212 2363 2278 Υιοῦ,
2394 2212 2584 2284 ἕτερος
2610 2211 2676 2266 ἂν
2709 2211 2793 2282 εἴη
2826 2210 2978 2281 παρὰ
2996 2211 3094 2281 τὴν
3125 2209 3461 2281 μετέχουσαν
3484 2208 3650 2262 αὐτοῦ
3675 2210 3796 2262 κτί-

2211 2321 2327 2358 σιν·
2362 2304 2559 2359 οὐκοῦν
2605 2304 2726 2358 οὐδὲ
2774 2303 3018 2374 γενητός.
3057 2304 3119 2356 Εἰ
3173 2298 3232 2355 δὲ
3276 2303 3379 2356 οὐκ
3425 2302 3575 2355 ἐστιν
3606 2301 3800 2371 ἕτερος

2210 2399 2340 2469 παρ’
2370 2400 2586 2470 ἐκείνην
2609 2400 2637 2452 ὁ
2668 2398 2811 2460 Υἱὸς,
2845 2396 2940 2451 καὶ
2964 2396 3104 2449 κατὰ
3135 2395 3297 2464 φύσιν
3328 2395 3497 2465 αὐτῆς
3526 2392 3803 2464 διῃρημέ-

2209 2508 2317 2555 νος,
2356 2490 2440 2553 τίς
2481 2492 2515 2561 ἠ
2561 2489 2718 2560 χ’ρεία
2745 2489 2844 2558 τῆς
2879 2487 3151 2559 μετοχῆς;
3187 2486 3219 2558 ἢ
3259 2485 3377 2550 πῶς
3402 2484 3468 2539 ἄν
3501 2502 3585 2549 τις
3624 2483 3809 2555 μετὰφ»

2213 2600 2330 2653 σχοι
2356 2580 2451 2636 τοῦ
2481 2582 2618 2653 ὅπερ
2644 2580 2790 2634 ἐστὶν
2829 2578 3026 2646 αὐτό;;

2732 2704 3096 2790 ΛΟΓΟΣ
3172 2706 3281 2788 Βο.

2312 2866 2434 2919 Ὅτι
2469 2861 2537 2916 τὸ
2574 2860 2872 2933 ἀγένητον
2909 2862 3020 2915 οὐκ
3058 2859 3263 2933 οὐσία,
3301 2859 3442 2914 ἀλλ’
3482 2860 3701 2925 οὐσίας

2807 2931 3203 3002 σημαντικόν.

2284 3051 2356 3105 Τὸ
2402 3049 2667 3120 ἀγένητον
2713 3046 2788 3111 ὡς
2835 3046 2981 3117 ἁρχὴ
3031 3045 3128 3098 καὶ
3174 3043 3348 3098 αἴτιον
3380 3042 3582 3096 νοεῖταί
3611 3060 3670 3096 τε
3705 3044 3809 3096 καὶ

532 3135 677 3207 gitur
703 3144 758 3190 et
787 3141 889 3189 est.
923 3133 1138 3189 Nullum
1167 3145 1345 3189 autem
1385 3135 1730 3205 principium,
1773 3137 1825 3191 in
1849 3149 2108 3206 quantum

2216 3142 2380 3196 ἔστιν.
2423 3140 2664 3211 Οὐδεμία
2691 3139 2748 3193 δὲ
2773 3138 2936 3209 ἀρχὴ,
2969 3136 3102 3190 καθὸ
3150 3136 3290 3207 ἀρχή
3327 3137 3496 3198 ἐστιν,
3527 3133 3713 3206 ὅμοιόν
3747 3152 3799 3187 τι

537 3226 862 3300 principium
919 3235 1027 3294 est,
1081 3226 1258 3282 simile
1308 3227 1513 3296 aliquid
1549 3228 1761 3298 sibiipsi
1812 3239 1906 3283 aut
1956 3228 2116 3283 dissi-

536 3320 662 3376 mile
694 3319 983 3390 signiﬁcat.
1010 3320 1082 3373 At
1111 3334 1241 3374 vero
1265 3334 1367 3374 vox
1407 3321 1542 3383 haec,
1582 3320 1896 3390 ingenitum,
1946 3320 2115 3390 signi-

536 3413 662 3469 ﬁcat
691 3413 743 3467 id
781 3413 924 3483 quod
959 3421 1204 3467 creatum
1255 3421 1358 3474 est,
1412 3411 1676 3467 dissimile
1718 3413 1820 3467 sibi
1853 3427 2007 3478 esse;
2034 3421 2117 3467 est

535 3506 681 3562 enim
721 3505 826 3561 hoc
856 3507 904 3562 ei
936 3508 1268 3577 oppositum.
1316 3504 1433 3561 Non
1469 3514 1551 3560 est
1604 3505 1768 3575 igitur
1812 3505 2113 3574 ingenitum

537 3599 865 3666 substantia,
901 3597 997 3654 sed
1032 3597 1391 3654 substantiam
1429 3599 1516 3653 cui
1550 3596 1844 3668 apponitur
1887 3610 1993 3650 non
2040 3595 2116 3650 ita

538 3708 608 3751 se
631 3694 837 3750 habere
855 3693 1149 3765 signiﬁcat.

1204 3783 1436 3841 ALIUD.
1501 3847 1509 3853 ,

609 3877 763 3946 Quod
798 3878 1011 3948 quidem
1045 3878 1341 3949 ingenitum
1373 3876 1674 3932 substantia
1717 3888 1822 3928 non
1865 3874 1956 3938 sit,
1997 3876 2115 3945 jam

537 3981 816 4027 ostensum
852 3980 956 4026 est.
989 3970 1097 4026 Sed
1129 3971 1271 4027 dicet
1338 3969 1574 4025 forsitan
1622 3966 1841 4036 aliquis,
1866 3967 2118 4023 substan-

540 4063 669 4118 tiam
703 4063 921 4139 quidem
953 4078 1057 4117 non
1099 4077 1243 4128 esse,
1285 4061 1380 4117 sed
1429 4057 1811 4117 differentiam.
1847 4058 2115 4114 Caeterum

538 4156 702 4210 etiam
744 4156 844 4210 hoc
878 4154 1115 4212 absurde
1147 4154 1330 4209 dicere
1368 4151 1707 4208 ostendetur.
1732 4150 1792 4205 Si
1819 4150 1966 4206 enim
1997 4162 2118 4205 om-

542 4248 627 4303 nis
649 4245 949 4302 didercntia
995 4248 1142 4303 circa
1194 4244 1529 4300 substantias
1576 4242 1657 4310 ﬁt,
1706 4243 1999 4313 qusrcnda
2033 4249 2121 4297 est

541 4339 871 4404 substantia,
901 4338 1058 4410 cujus
1084 4336 1391 4392 differentia
1412 4334 1485 4390 sit
1517 4334 1838 4406 ingenitum.
1868 4333 2118 4404 Exempli

540 4431 733 4501 gratia,
760 4430 989 4487 deﬁnias
1019 4427 1220 4485 animal
1256 4429 1359 4483 hoc
1392 4435 1553 4497 pacto
1584 4444 1598 4481 :
1634 4424 1945 4482 substantia
1995 4425 2117 4481 ani-

2218 3236 2380 3305 ἑαυτῇ
2435 3233 2468 3305 ἢ
2518 3234 2771 3304 ἀνόμοιον
2819 3229 3173 3301 σημαίνει.Ἦ
3220 3226 3275 3280 δὲ
3320 3225 3612 3296 ἀγένητος
3645 3224 3815 3296 φωνὴ»

2219 3326 2474 3397 σημαίνει
2507 3324 2568 3378 τὸ
2606 3322 2830 3394 γενητὸν
2862 3321 3114 3391 ἀνόμοιον
3148 3320 3391 3388 ὑπάρχον
3422 3315 3573 3387 αὐτῷ
3595 3334 3609 3347 ο
3640 3314 3818 3368 τοῦτο⁴

2217 3420 2325 3491 γὰρ
2354 3420 2414 3471 τὸ
2448 3404 2843 3486 ἀντικείμενον.
2879 3414 2994 3467 Οὐκ
3042 3412 3150 3483 ἄρα
3194 3411 3256 3463 τὸ
3304 3409 3569 3480 ἀγένητον
3617 3406 3797 3463 οὐσία,

2217 3511 2355 3565 ἀλλὰ
2402 3509 2495 3563 τοῦ
2545 3508 2619 3579 μὴ
2669 3505 2894 3560 τοιῶσδε
2944 3500 3214 3575 εἶναιτὴν
3240 3501 3448 3567 οὐσίαν,
3484 3499 3609 3557 καθ’
3636 3494 3822 3571 ἦςᾶν,

2216 3605 2464 3658 τάττοιτο
2494 3602 2556 3655 τὸ
2591 3599 2945 3673 σημαντικόν.

2906 3783 3109 3836 ΑΛΛΟ.

2289 3880 2413 3934 Ὀτι
2463 3880 2562 3950 μὲν
2606 3877 2706 3931 οὐκ
2750 3875 2907 3929 οὐσία
2960 3874 3021 3927 τὸ
3071 3871 3353 3943 ἀγένητον,
3387 3869 3485 3941 ἤδη
3511 3869 3799 3922 δέδεικται.

2230 3973 2369 4027 Ἀλλ’
2403 3974 2518 4043 ἐρεῖ
2546 3986 2628 4034 τις
2655 3967 2835 4038 τυχὸν,
2862 3966 3051 4021 οὐσίαν
3083 3964 3182 4036 μὲν
3208 3963 3311 4017 οὐκ
3326 3958 3492 4028 εἶναι,
3537 3958 3804 4032 διαφορὰν

2216 4067 2273 4119 δέ
2297 4084 2309 4097 ’
2346 4062 2573 4134 ἀμαθῶς
2601 4059 2657 4114 δὲ
2676 4061 2770 4113 καὶ
2793 4058 2952 4112 τοῦτο
2974 4058 3148 4127 λέγων
3169 4054 3581 4125 ἐλεγχθήσεται.
3607 4053 3676 4104 Ei
3693 4050 3802 4121 γὰρ

2219 4158 2369 4211 πᾶσα
2402 4152 2635 4225 διαφορὰ
2666 4152 2794 4223 περὶ
2823 4150 2921 4213 τὰς
2947 4148 3136 4211 οὐσίας
3165 4147 3396 4215 γίνεται,
3425 4145 3608 4213 ζητεῖν
3639 4140 3803 4209 ἀνάγ-

2218 4268 2321 4322 κης
2352 4248 2416 4302 ἂν
2439 4248 2521 4317 εἴη
2545 4248 2644 4315 τὴν
2671 4244 2883 4309 οὐσίαν,
2905 4237 2972 4314 ἦς
3001 4239 3400 4308 ἐσταιδιαφορὰ
3430 4239 3488 4291 τὸ
3514 4237 3800 4307 ἀγένητον.

2218 4338 2343 4396 Οἷον
2369 4342 2500 4412 φέρε
2529 4334 2722 4403 εἰπεῖν,
2756 4335 2998 4407 ὁρίζεται
3022 4331 3161 4398 ζῶον
3184 4331 3261 4403 τῷ
3286 4330 3476 4403 τοιῷδε
3505 4327 3803 4400 λόγῳ·οὑ-

2220 4416 2310 4488 σία
2343 4432 2584 4505 ἔμψυχος
2623 4425 2938 4498 αἰσθητικὴ.
2971 4424 3111 4493 Περὶ
3153 4422 3358 4492 ταύτην
3403 4420 3503 4491 τὴν
3545 4418 3735 4473 οὐσίαν
3769 4416 3801 4485 ἠ

540 4530 682 4577 mata
714 4536 876 4577 sensu
902 4521 1148 4592 praedita.
1185 4517 1340 4573 Circa
1380 4517 1522 4571 hanc
1561 4516 1926 4571 substantiam
1955 4515 2110 4571 tliﬂ‘e-

2217 4525 2449 4596 διαφορὰ
2475 4523 2708 4592 γίνεται.
2729 4520 2813 4572 Τὸ
2838 4517 2938 4588 μὲν
2966 4515 3075 4587 γάρ
3108 4517 3225 4568 ἐστι
3254 4512 3391 4579 ζῶον
3411 4509 3650 4579 λογικὸν,
3675 4508 3803 4575 θνη-

542 4616 716 4671 rentia
750 4614 833 4670 ﬁt.
858 4607 1015 4669 Aliud
1036 4612 1180 4669 enim
1216 4610 1422 4665 animal
1445 4608 1708 4664 rationale
1728 4619 1832 4675 est,
1859 4608 2113 4672 mortale,

540 4706 911 4776 intelligentim
947 4715 1005 4761 et
1049 4705 1290 4760 scientiae
1332 4716 1529 4770 capax,
1581 4710 1643 4756 ut
1696 4702 1879 4756 homo.
1954 4701 2113 4756 Aliud

541 4799 742 4854 animal
774 4798 1107 4863 irrationale,
1154 4803 1214 4850 ut
1255 4808 1451 4866 equus.
1486 4794 1886 4862 Prmsupposita
1933 4794 2116 4862 itaque

541 4889 880 4956 substantia,
934 4886 1254 4943 diﬂerentia:
1324 4897 1511 4958 postea
1566 4887 1990 4942 constituuntur.
2056 4885 2116 4941 Si

542 4996 676 5051 ergo
726 4982 1028 5053 ingenitum
1084 4976 1392 5034 differentia
1455 4991 1559 5046 est,
1629 4987 1908 5050 quaeratur
1951 4981 2117 5036 etiam

542 5073 874 5136 substantia,
898 5067 1056 5137 cujus
1087 5069 1196 5124 erit
1233 5068 1562 5125 differentia.
1616 5071 1924 5125 Absurdum
1972 5070 2119 5125 enim

542 5172 628 5219 est
689 5160 1053 5218 diﬂerentiam
1088 5163 1406 5217 substantiae
1426 5163 1695 5218 rationem
1729 5162 1997 5218 obtinere.

1229 5255 1458 5311 AMUB.

622 5347 679 5403 Si
705 5347 1000 5417 ingenitum
1033 5349 1336 5404 substantia
1358 5358 1465 5417 est,
1490 5364 1663 5418 neque
1693 5347 2117 5418 signiﬁcativuni

551 5440 694 5507 quod
722 5440 770 5492 id
798 5440 864 5494 de
897 5454 1004 5509 quo
1029 5440 1228 5495 dicitur
1269 5442 1506 5510 genitum
1551 5457 1658 5495 non
1709 5442 1800 5505 sit,
1846 5442 2125 5509 quomodo

2215 4618 2330 4681 τὸν,
2361 4615 2453 4670 νοῦ
2498 4615 2594 4668 καὶ
2628 4611 2940 4680 ἐπιστήμης
2984 4605 3251 4672 δεκτικὸν,
3275 4598 3387 4657 οἷον
3414 4605 3443 4657 ὁ
3473 4602 3762 4675 ἄνθρωπος
3784 4616 3798 4629 ⁸

2216 4709 2280 4764 τὸ
2327 4706 2385 4761 δὲ
2406 4706 2544 4773 ζῶον
2580 4703 2798 4771 ἄλογον,
2834 4695 2945 4756 οἷον
2976 4699 3164 4761 ἵππος.
3200 4693 3432 4761 Οὐκοῦν,
3467 4698 3803 4764 προϋποκει-

2222 4801 2388 4874 μένης
2417 4798 2517 4868 τῆς
2548 4794 2757 4861 οὐσίας,
2783 4795 2841 4848 αἱ
2888 4791 3148 4863 διαφοραὶ
3201 4786 3703 4860 προσεπινοοῢνται.
3740 4783 3815 4836 El

2217 4892 2397 4948 τοίνυν
2441 4887 2675 4960 διαφορᾶ
2720 4887 2782 4940 τὸ
2823 4885 3109 4955 ἀγένητον,
3142 4880 3409 4954 ζητείσθω
3441 4880 3536 4934 καὶ
3565 4882 3595 4951 ἡ
3624 4876 3799 4939 οὐσία,

2221 4984 2365 5048 τίνος
2399 4982 2551 5036 ἔσται
2581 4979 2841 5050 διαφορὰο
2878 4976 3161 5047 ἀμήχανον
3204 4973 3316 5043 γὰρ
3356 4971 3546 5034 οὐσίας
3576 4962 3801 5040 φορέσαι

2220 5077 2378 5146 λόγον
2407 5073 2506 5145 τὴν
2539 5069 2833 5143 διαφοράν..
3188 5072 3193 5075 ⁷
3794 5086 3801 5089 -

2928 5242 3134 5296 ΑΛΛΟ.

2298 5344 2364 5398 Ei
2399 5341 2461 5396 τὸ
2505 5338 2768 5408 ἀγένητον
2800 5334 2978 5401 οὐσία,
3010 5333 3106 5387 καὶ
3154 5332 3215 5387 οὐ
3258 5328 3353 5384 τοῦ
3394 5329 3469 5400 μὴ
3511 5325 3805 5398 γενηθῆναι

2234 5433 2566 5505 σημαντικόν
2606 5432 2746 5497 ἔστι,
2776 5427 2918 5483 κατὰ
2942 5424 3062 5480 τίνα
3091 5425 3291 5496 τρόπον
3329 5425 3357 5476 ὁ
3399 5422 3525 5487 Υἱὸς
3558 5420 3805 5489 ἀνόμοιος

554 5530 724 5607 Filius
748 5530 1026 5588 dissimilis
1072 5528 1178 5589 erit
1227 5532 1398 5599 Patri,
1441 5549 1564 5589 cum
1622 5549 1693 5589 ex
1748 5535 1864 5602 ipso
1915 5534 2110 5602 anitut

2234 5531 2388 5583 ἔσται
2412 5524 2491 5596 τῷ
2519 5523 2716 5595 Πατρὶ,
2739 5518 3013 5593 γεννητῶς
3037 5517 3296 5589 ὑπάρχων
3318 5514 3378 5580 ἐξ
3406 5512 3593 5578 αὐτοῦς
3618 5512 3682 5566 Ei
3700 5505 3805 5576 γὰρ

551 5621 665 5701 sit?
693 5622 823 5677 Nam
855 5625 899 5679 si
936 5626 1052 5681 haec
1076 5627 1293 5683 nomina
1324 5626 1528 5682 nullum
1557 5626 1698 5681 inter
1728 5640 1788 5681 se
1832 5626 2110 5681 discrimct

2242 5623 2316 5693 μή
2348 5636 2470 5674 τινα
2503 5616 2752 5687 διαφορεῖ
2775 5613 2844 5669 τὰ
2869 5611 3107 5682 ὀνόματα
3136 5608 3271 5679 πρὸς
3298 5606 3502 5678 ἄλληλα
3531 5604 3626 5676 τὴν
3660 5602 3802 5655 ἀντι-

634 5805 656 5839 ⁸
686 5806 830 5863 Psal.
865 5826 1007 5877 χειν,
1040 5812 1092 5867 9.
