4106 6456
446 381 507 436 5|
1476 377 1534 432 S.
1576 371 1859 430 CYRILLI
1897 368 2371 426 ALEXANDRINI
2411 370 2733 428 ARClllEP.
2954 386 2959 393 '
3667 384 3759 440 5’!

446 501 625 555 debet.
666 498 724 554 Si
755 512 884 569 ergo
909 499 1340 555 substantiarum
1380 494 1725 551 deﬁnitiones
1766 508 1872 548 non
1905 506 2039 547 con-

2146 492 2552 546 κατατάττοιτο.
2590 494 2654 547 Ei
2700 494 2879 549 τοίνυν
2923 496 2972 549 oi
3018 494 3128 550 τῶν
3168 495 3368 550 οὐσιῶν
3403 497 3520 569 ὅροι
3547 496 3648 551 οὐκ
3676 500 3759 553 ἐκ

446 598 597 646 stant
619 604 685 646 ex
707 591 1027 662 atquivocis,
1059 606 1237 661 neque
1260 604 1327 644 ex
1362 588 1614 643 terminis
1642 586 1827 641 varias
1870 586 2041 656 signi-

2141 583 2251 636 τῶν
2302 583 2631 656 ὁμωνύμων,
2679 586 2790 639 οὐδ’
2826 589 2890 641 ὲκ
2942 589 3053 641 τῶν
3099 589 3386 661 πολλαχῶς
3433 590 3751 660 νοουμένων

450 681 732 738 ﬁcationes
759 683 1085 739 habentibus
1112 687 1325 753 (neque
1354 679 1500 735 enitn
1534 678 1586 732 id
1610 678 1754 747 quod
1783 678 2042 733 deﬁnitur

2142 675 2511 745 λαμϐάνονται
2555 676 2695 748 (οὐδὲ
2730 677 2840 749 γὰρ
2889 678 3046 734 ἔσται
3096 681 3267 750 σαφὲς
3298 680 3362 733 τὸ
3401 679 3756 751 ὁριζόμενον,

450 774 830 843 explicabitur,
861 774 908 829 si
936 789 1001 830 ex
1037 774 1102 828 iis
1146 770 1415 840 constet),
1446 770 1670 840 ingeniti
1731 784 1864 826 vero
1912 785 2038 837 vox,

2144 770 2193 822 εί
2238 771 2304 821 ἐκ
2349 769 2557 823 τούτων
2602 770 2980 842 λαμϐάνοιτο),
3033 773 3067 843 ή
3121 772 3178 825 δὲ
3225 771 3516 843 ἀγένητος
3566 763 3749 843 φωνὴ,

453 871 514 918 ιιι
548 865 708 920 modo
737 865 996 929 diximus,
1036 862 1314 933 aequivoca
1355 871 1440 919 est
1481 880 1496 918 :
1533 867 1685 919 certe
1734 862 2041 933 ingenitum

2144 861 2395 934 καθάπερ
2422 862 2522 934 ἤδη
2552 862 2909 947 προείπομεν,
2948 864 3059 919 τῶν
3090 863 3404 936 ὁμωνύμων
3440 865 3613 930 ἐστὶν,
3641 864 3758 917 οὑν

454 954 697 1012 deﬁnitio
724 971 846 1012 esse
876 971 981 1010 non
1012 963 1210 1025 potest.

2147 952 2213 1006 ἂν
2242 954 2326 1026 εἴη
2354 954 2479 1025 ὅρος
2513 953 2574 1008 τὸ
2601 954 2893 1028 ἀγένητον.

1133 1065 1366 1122 ALIUD.
2326 1070 2331 1075 ’

2326 1070 2331 1075 ’
2843 1071 3047 1124 ΑΛΛΟ.

530 1181 585 1236 Si
621 1196 815 1236 nomen
843 1181 962 1237 sive
990 1196 1093 1235 vox
1142 1182 1385 1251 ingeniti,
1426 1180 1683 1245 deﬁnitio,
1708 1187 1815 1246 est,
1864 1181 2043 1236 susci-

2218 1180 2279 1233 Ei
2305 1182 2428 1253 ὄρος
2457 1183 2573 1235 ἐστὶ
2604 1183 2666 1236 τδ
2688 1183 3018 1253 ἀγέννητος
3044 1183 3216 1255 ὄνομα
3246 1186 3367 1255 ἦτοι
3390 1185 3561 1255 φωνὴ,
3599 1183 3766 1250 δέξε-

457 1274 567 1344 piet
600 1272 843 1344 profecto
866 1274 1023 1344 juxta
1073 1274 1342 1329 rationem
1373 1273 1778 1339 deﬁnitionum,
1812 1278 2041 1328 conitere

2145 1290 2237 1326 ται
2262 1274 2507 1345 δηλονότι
2535 1276 2681 1330 κατὰ
2707 1276 2769 1329 τὸ
2799 1275 2908 1330 τῶν
2933 1277 3076 1348 ὅρων
3113 1278 3298 1348 σχῆμα
3327 1278 3428 1348 τὴν
3460 1279 3766 1349 ἀντιστρο-

458 1365 684 1421 sionem.
715 1365 891 1421 Veluti
920 1366 964 1420 si
993 1366 1116 1436 quis
1146 1365 1422 1421 hominem
1442 1365 1726 1429 deﬁniens,
1750 1366 1896 1420 dicat
1924 1380 2047 1421 esse

2149 1366 2284 1436 φήν’
2321 1365 2512 1439 ὥσπερ
2559 1368 2613 1420 εί
2657 1385 2745 1433 τις
2791 1367 2884 1422 τὸν
2931 1367 3219 1440 ἄνθρωπον
3264 1368 3483 1440 ὁρίζων,
3528 1369 3604 1431 ὡς
3656 1368 3764 1438 εἴη

460 1454 660 1509 animal
693 1455 977 1519 rationale,
1006 1457 1256 1523 mortale,
1322 1456 1695 1528 intelligentiae
1763 1465 1821 1513 et
1870 1456 2046 1513 scien-

2149 1456 2289 1523 ζῶον
2334 1458 2573 1528 λογικὸν,
2606 1460 2818 1533 θνητὸν,
2854 1460 2949 1516 νοῦ
2987 1463 3081 1515 καὶ
3116 1462 3431 1533 ἐπιστήμης
3471 1461 3762 1525 δεκτικὸν,

462 1548 550 1601 tiae
579 1561 783 1617 capax;
831 1549 1037 1619 poterit
1079 1550 1184 1605 hoc
1241 1550 1417 1618 ipsum
1465 1562 1659 1605 rursus
1699 1555 2044 1618 convertere,

2149 1548 2523 1620 ἀντιστρέφων
2558 1551 2722 1606 πάλιν
2759 1552 2892 1607 αὐτὸ
2917 1552 3067 1622 λέγοι
3087 1568 3101 1583 '
3133 1554 3202 1609 Εἴ
3233 1571 3320 1618 τις
3340 1553 3480 1617 ζῶον
3496 1552 3764 1622 λογικὸν,

460 1637 688 1694 dicens:
722 1640 777 1694 Si
813 1641 957 1710 quod
995 1641 1195 1696 animal
1227 1651 1311 1698 est
1353 1641 1640 1709 rationale,
1674 1641 1928 1707 mortale,
1963 1642 2050 1696 in—

2151 1640 2364 1714 θνητὸν,
2400 1643 2493 1697 νοῦ
2544 1645 2641 1698 καὶ
2673 1646 2993 1717 ἐπιστήμης
3025 1646 3296 1712 δεκτικὸν,
3333 1645 3493 1700 τοῦτο
3526 1647 3768 1709 πάντως

464 1728 773 1799 telligcutiae
794 1742 848 1785 et
872 1732 1114 1793 scientia:
1140 1745 1333 1803 capax,
1366 1733 1419 1788 id
1440 1731 1662 1788 omnino
1692 1732 1857 1788 etiam
1885 1731 2049 1789 homo

2152 1733 2250 1788 καὶ
2284 1733 2590 1805 ἄνθρωπος.
2620 1736 2685 1790 Ei
2708 1737 2897 1792 τοίνυν
2922 1737 2981 1791 τὸ
3008 1738 3295 1811 ἀγένητον,
3347 1739 3602 1808 καθάπερ
3631 1738 3761 1809 ἤδη

461 1829 567 1875 est.
602 1820 938 1893 Quapropter
963 1824 1017 1882 si
1045 1824 1346 1897 ingenitum
1375 1826 1395 1898 (
1419 1827 1560 1881 sicut
1586 1827 1747 1883 modo
1773 1825 2045 1898 diximus)
2081 1848 2082 1893 j

2152 1825 2509 1897 προείπομεν,
2534 1827 2659 1897 ὄρος
2682 1827 2819 1894 ἐστὶ,
2847 1828 2922 1900 μὴ
2947 1829 3323 1900 παραιτείσθω
3337 1830 3770 1900 τὴν-ἀντιστρο-

463 1911 708 1968 deﬁnitio
776 1923 881 1982 est,
933 1931 1001 1971 ne
1049 1928 1266 1974 recuset
1299 1919 1732 1976 conversionem.
1788 1917 1846 1974 Si
1897 1921 2044 1975 enim

2154 1920 2298 1991 φήν·
2350 1919 2401 1971 εἰ
2448 1919 2558 1991 γὰρ
2597 1919 2658 1972 τδ
2691 1920 2954 1991 ἀγένητον
2984 1921 3160 1985 οὐσία,
3194 1922 3289 1975 καὶ
3337 1923 3370 1993 ή
3412 1922 3570 1975 οὐσία
3615 1921 3769 1990 ἀγέ-

463 2004 760 2075 ingenitum
793 2009 1098 2065 substantia
1132 2019 1217 2066 est
1259 2030 1274 2065 :
1309 2011 1611 2067 substantia
1642 2010 1807 2067 etiam
1850 2021 1936 2067 est
1961 2011 2049 2065 in-

2153 2030 2345 2084 νητον·
2399 2012 2515 2066 ἀλλ’
2555 2014 2657 2067 οὐκ
2706 2015 3078 2086 ἀντιστρέφει.
3121 2018 3197 2071 Οὐ
3238 2017 3348 2090 γὰρ
3398 2019 3547 2071 πᾶσα
3590 2014 3769 2070 οὐσία

462 2095 723 2164 genitum,
762 2100 855 2154 sed
903 2115 1007 2155 non
1049 2105 1408 2159 convertitur.
1457 2102 1647 2174 Neque
1691 2104 1837 2160 enim
1872 2103 2050 2158 omnis

2155 2105 2372 2168 πάντως
2400 2104 2519 2159 ἐστὶ
2557 2106 2653 2159 καὶ
2699 2106 2965 2178 ἀγένητος
2985 2123 3000 2138 ο
3039 2108 3185 2180 μόνῳ
3215 2110 3272 2163 δὲ
3303 2109 3424 2181 Θεῷ
3464 2108 3586 2163 κατ’
3613 2108 3774 2172 ἐξαί-

463 2188 766 2244 substantia
822 2191 874 2246 in
929 2193 1242 2249 universum
1292 2196 1455 2250 etiam
1507 2195 1747 2266 ingenita
1780 2203 1897 2263 est;
1947 2195 2051 2250 soli

2161 2212 2313 2267 ρετον
2343 2192 2500 2249 τοῦτό
2528 2196 2875 2268 ἐστιν.”ορος
2902 2192 2996 2250 οὖν
3020 2197 3122 2252 οὐκ
3152 2198 3219 2251 ἂν
3249 2199 3332 2270 εἴη
3362 2199 3423 2252 τὸ
3449 2198 3729 2270 ἀγένητον
3751 2213 3769 2227 ·

462 2280 606 2334 enim
640 2282 748 2337 Deo
797 2284 899 2340 hoc
930 2286 1201 2355 peculiare
1236 2298 1339 2343 est.
1390 2285 1508 2342 Non
1546 2297 1632 2345 est
1676 2304 1813 2359 ergo.
1851 2302 2044 2342 nomen

1700 2304 1813 2359 ξιπο-
1851 2302 2044 2342 nomen
2153 2287 2271 2341 ἁλλ’
2299 2287 2385 2342 ὅτι
2419 2286 2495 2359 μὴ
2521 2286 2825 2357 γεγένηται
2851 2287 3012 2358 μόνον
3045 2289 3321 2359 σημαίνει.

465 2372 688 2440 ingeniti
717 2374 959 2432 deﬁnitio
992 2394 1007 2432 :
1042 2379 1137 2434 sed
1166 2388 1374 2434 tantum
1409 2396 1521 2436 non
1543 2396 1667 2436 esse
1694 2381 1943 2452 genitum
1970 2379 2269 2450 signiﬁcat.

843 2506 1418 2603 ASSERTIO
1499 2512 1689 2600 ΙΙΙ.

1613 2512 1689 2599 ι.
2550 2502 2575 2520 ’
2675 2502 3044 2623 ΛΟΓΟΣ
3116 2505 3227 2589 I".

468 2651 741 2731 Refumtio
789 2657 1127 2731 ad_verbum,
1168 2661 1308 2730 quod
1342 2661 1645 2731 ingenitum
1692 2678 1795 2716 non
1824 2662 1892 2717 sit
1938 2664 2058 2717 sub-

2175 2657 2870 2731 ‘Azoxorlqabqolsfsi,
2901 2660 2990 2714 ὅτι
3013 2660 3099 2729 μὴ
3128 2661 3199 2731 τὸ,
3224 2660 3520 2731 ἀγένητον
3547 2663 3776 2725 οὐσία.

538 2728 759 2793 stantia,
790 2728 879 2781 sed
926 2738 1134 2783 tantum
1179 2727 1436 2800 signiﬁcet
1478 2731 1647 2786 Deum
1681 2733 1919 2803 genitum
1951 2751 2057 2790 non

537 2810 667 2850 esse.

2230 2729 2424 2853 μένον
2455 2727 2524 2781 δὲ
2554 2727 2662 2783 τοῦ
2683 2729 2771 2799 μὴ
2805 2727 3111 2801 γεγονέναι
3141 2730 3248 2786 τὸν
3274 2727 3442 2798 Θεὸν,
3470 2748 3774 2803 σημαντι-

2238 2816 2275 2851 at
2312 2815 2370 2852 ν.

594 2811 667 2850 88.
2238 2811 2370 2852 κόν.

540 2906 598 2964 Si
636 2909 930 2980 ingenitum
981 2913 1283 2970 substantia
1311 2927 1418 2982 est,
1464 2927 1521 2973 et
1555 2918 1875 2974 substantias
1920 2919 2057 2974 nihil

2238 2911 2300 2963 Ei
2338 2910 2399 2963 τὸ
2434 2910 2700 2981 ἀγένητον
2736 2910 2915 2979 οὐσία,
2950 2915 3016 2984 τῇ
3043 2913 3100 2967 δὲ
3125 2914 3286 2986 οὐσίᾳ
3310 2915 3463 2968 οὐδὲν
3491 2916 3770 2985 ἐναντίον,

470 3007 556 3055 est
589 3003 950 3067 contrarium,
985 3004 1117 3058 nihil
1166 3005 1271 3059 erit
1314 3006 1551 3077 ingenito
1596 3009 1949 3064 contrarium.
1993 3007 2051 3063 Si

2163 2999 2315 3053 οὐδὲν
2363 3000 2472 3072 ἄρα
2525 2999 2680 3054 ἔσται
2711 3000 2788 3071 τῷ
2819 3002 3071 3074 ἀγενήτῳ
3115 3004 3377 3059 ἐναντίον.
3407 3005 3471 3057 Εἰ
3508 3004 3566 3057 δέ
3610 3007 3774 3061 ἐστιν

470 3106 603 3147 vero
663 3095 993 3149 contrarium
1049 3106 1132 3151 est
1181 3098 1423 3169 ingenito
1461 3100 1701 3169 genitum
1731 3141 1746 3167 ,
1793 3103 2050 3156 substan-

2161 3090 2402 3143 ἐναντίον
2453 3090 2531 3161 τῷ
2564 3092 2813 3165 ἀγενήτῳ
2846 3095 2908 3147 τὸ
2944 3095 3191 3165 γενητὸν,
3232 3096 3384 3167 τῇδὲ
3413 3097 3570 3169 οὐσίᾳ
3607 3098 3773 3153 οὐδὲν

477 3184 564 3237 tiae
602 3193 781 3240 autem
834 3188 967 3243 nihil
1013 3192 1384 3259 contrarium,
1443 3193 1746 3265 ingenitum
1795 3211 1899 3253 non
1949 3196 2098 3268 erit,

1731 3213 1746 3250 ι
1795 3211 1899 3253 non
1949 3196 2057 3252 em
2088 3212 2132 3271 ϐ
2163 3180 2427 3249 ἐναντίον,
2458 3182 2520 3235 τὸ
2557 3183 2821 3253 ἀγένητον
2855 3184 2957 3239 οὐκ
2981 3185 3135 3241 ἔσται
3171 3187 3352 3241 οὐσία.

472 3277 796 3334 substantia.

1078 3375 1182 3445 17
1224 3374 1459 3433 ALIUD.
2854 3370 3062 3425 AAAO.

548 3475 606 3534 Si
631 3479 928 3552 ingenitum
962 3494 1047 3539 est
1072 3485 1394 3556 substantia,
1421 3492 1739 3548 necessario
1767 3491 1931 3547 etiam
1966 3507 2064 3562 ge-

2216 3453 2302 3537 ‘El
2343 3481 2407 3537 τὺ
2444 3483 2713 3557 ἀγένητον
2760 3485 2941 3553 οὐσία,
2994 3486 3057 3553 ἐξ
3096 3487 3346 3558 ἀνάγκης
3388 3487 3538 3541 ἔσται
3575 3488 3674 3541 καὶ
3708 3491 3773 3542 τὸ

475 3570 649 3627 nitum
676 3573 780 3627 erit
819 3575 1118 3632 substantia
1161 3595 1172 3630 :
1210 3579 1253 3634 si
1284 3595 1414 3637 vero
1446 3591 1741 3653 utrumque
1786 3592 1870 3637 est
1930 3584 2062 3638 sub-

2165 3574 2394 3646 γενητὸν
2421 3575 2578 3630 οὐσία
2599 3592 2615 3608 ο
2645 3578 2695 3629 εί
2725 3576 2783 3630 δὲ
2806 3577 2965 3631 οὐσία
2997 3576 3257 3648 ἑκάτερα,
3300 3579 3401 3631 οὐκ
3433 3579 3585 3632 ἔσται
3611 3582 3774 3653 ἐναν-

476 3665 702 3731 stantia,
734 3682 839 3722 non
875 3670 978 3724 erit
1007 3673 1340 3727 contrarium
1367 3674 1607 3745 ingenito
1641 3675 1903 3743 genitum,
1969 3676 2064 3730 sed

2164 3666 2280 3720 τίον
2319 3666 2398 3739 τῷ
2433 3668 2684 3741 ἀγενήτῳ
2713 3669 2774 3721 τὸ
2824 3670 3075 3740 γενητὸν,
3119 3669 3259 3725 ἀλλά
3302 3671 3522 3725 σεαυτόν.
3549 3672 3628 3725 Οὐ
3657 3674 3772 3744 γὰρ

476 3753 641 3810 idem.
676 3755 863 3829 Neque
891 3760 1035 3815 enim
1064 3764 1370 3820 substantia
1425 3765 1744 3822 substantiae
1782 3766 2058 3821 contraria

1425 3765 1744 3822 substantiae
1782 3766 2058 3821 contraria
2166 3762 2404 3815 ἐναντίον
2429 3762 2590 3815 οὐσία
2622 3761 2758 3833 πρὸς
2786 3761 2992 3817 οὐσίαν.

473 3856 580 3902 cst.

1143 3971 1382 4028 ALIUD.

2852 3959 3056 4017 ΑΛΛΟ.

549 4073 615 4132 Si.
648 4074 945 4146 ingenitum
1004 4082 1365 4136 substantiam
1431 4080 1524 4136 Dei
1595 4078 1890 4149 signiﬁcat,
1952 4096 2062 4137 non

2238 4074 2308 4127 Ei
2334 4072 2394 4127 τὸ
2435 4073 2699 4145 ἀγένητον
2738 4074 2929 4128 οὐσίαν
2969 4071 3106 4127 Θεοῦ
3140 4072 3415 4145 σημαίνει,
3442 4071 3558 4126 ἀλλ’
3608 4074 3672 4128 ού
3711 4075 3771 4129 τὸ

476 4179 608 4220 vero
640 4177 789 4223 notat
812 4171 1167 4229 substantiam
1199 4175 1438 4246 genitam
1492 4187 1597 4227 non
1622 4187 1764 4236 esse,
1824 4174 2065 4243 genitum

2170 4167 2251 4240 psi}
2278 4165 2533 4237 γενέσθαι
2560 4167 2659 4239 τὴν
2691 4169 2902 4234 οὐσίαν,
2940 4169 3033 4222 καὶ
3072 4167 3133 4222 τὸ
3158 4168 3384 4239 γενητὸν
3412 4169 3643 4234 εἰκότως
3678 4171 3768 4224 οὐ·

479 4273 697 4330 quoque
720 4261 974 4318 similiter
1000 4267 1361 4322 substantiam
1438 4264 1785 4333 signiﬁcabit,
1845 4280 1944 4320 nec
1973 4281 2067 4336 ge-

2169 4260 2311 4327 σίαν,
2341 4259 2459 4313 ἀλλ’
2491 4261 2551 4313 οὐ
2598 4260 2660 4313 τὸ
2700 4260 2977 4331 γενέσθαι.
3026 4261 3231 4315 Οὐσίαν
3284 4261 3341 4314 δὲ
3384 4263 3767 4333 σημαινόντων

481 4354 653 4411 nilum
685 4372 806 4415 esse
826 4357 1057 4414 notabit.
1088 4357 1224 4413 Cum
1255 4364 1436 4411 autem
1471 4364 1763 4427 utrumque
1812 4357 2068 4412 substan-

2169 4351 2469 4425 ἑκατέρων,
2501 4352 2668 4407 πόθεν
2708 4352 2823 4424 γνῷ
2869 4371 2954 4418 τις
2997 4352 3097 4426 τὴν
3129 4354 3226 4424 μὲν
3260 4352 3540 4420 ποιοῦσαν,
3575 4355 3677 4427 τὴν
3709 4354 3766 4407 δὲ

483 4449 610 4502 tiam
637 4450 922 4521 signiﬁcet,
951 4452 1095 4507 unde
1116 4456 1407 4520 cognoscet
1478 4449 1601 4519 quis
1668 4450 1895 4505 alteram
1946 4452 2069 4522 qui-

2142 4441 2482 4513 γινομένην,
2528 4440 2675 4509 ἅπαξ
2731 4440 2840 4496 τῶν
2889 4440 3174 4513 ὀνομάτων
3229 4440 3383 4495 οὐδὲν
3434 4439 3760 4511 δηλούντων,

481 4542 603 4597 dem
624 4542 957 4614 gignentem,
981 4543 1207 4598 alteram
1236 4541 1492 4612 genitam,
1517 4557 1637 4597 cum
1688 4544 1908 4598 nomina
1932 4545 2064 4599 nihil
2099 4620 2102 4628 ‘

1187 4559 1207 4595 τι
1236 4541 1492 4612 genitam,
1517 4557 1637 4597 cum
1688 4544 1908 4598 nomina
1932 4545 2064 4599 nihil
2099 4574 2142 4629 Β
2169 4533 2285 4587 ἀλλ’
2318 4532 2353 4605 ἢ
2393 4533 2554 4605 μόνον
2586 4533 2808 4602 οὐσίανὶ

480 4633 791 4704 signiﬁcent
819 4634 920 4691 nisi
943 4630 1344 4690 substantiam?

1153 4738 1388 4797 ALIUD.
2867 4740 3073 4797 A'AAO.

553 4859 613 4916 Si
642 4860 941 4933 ingenitum
966 4855 1270 4914 substantia
1300 4864 1403 4922 est,
1433 4853 1742 4912 substantia
1794 4865 1976 4910 autem
2005 4855 2072 4910 de

2243 4854 2309 4910 Εί
2338 4853 2399 4909 τὸ
2425 4852 2688 4926 ἀγένητον
2709 4854 2868 4910 οὐσία
2887 4870 2900 4883 ·
2925 4856 2959 4925 ἡ
2996 4854 3053 4907 δὲ
3079 4853 3235 4907 οὐσία
3273 4853 3365 4908 ἐπὶ
3394 4854 3611 4910 πάντων
3639 4874 3763 4911 συν-

480 4951 736 5010 Omnibus
785 4952 1017 5005 univoce
1071 4947 1312 5003 dicitur:
1366 4948 1669 5018 ingenitum
1723 4946 1787 5003 dc
1813 4946 2069 5001 omnibus

2172 4945 2406 5018 ωνύμως
2447 4945 2699 5015 λέγεται’
2764 4946 2825 4999 τὺ
2871 4946 3131 5016 ἀγένητον
3171 4946 3264 4999 ἐπὶ
3308 4945 3497 5000 πασῶν
3527 4947 3635 5001 τῶν
3668 4949 3761 5002 ού-

482 5045 801 5100 substantiis
826 5040 1264 5106 dicetur,_autde
1322 5039 1576 5094 omnibus
1620 5054 1740 5109 qum
1770 5038 1871 5094 sub
1937 5038 2071 5109 ipsis

2175 5036 2308 5090 σιῶν
2336 5036 2682 5108 λεχθήσεται,
2716 5037 2750 5109 ἢ
2784 5037 2877 5090 ἐπὶ
2924 5036 3142 5089 πάντων
3176 5035 3285 5091 τῶν
3320 5037 3412 5091 ὑπ’
3448 5037 3661 5102 αὐταῖς.
3698 5040 3760 5091 El

483 5146 629 5192 sunt.
664 5135 720 5191 Si
739 5134 1184 5204 veroingenitum
1209 5131 1274 5188 de
1302 5131 1556 5188 omnibus
1586 5147 1691 5187 non
1721 5131 2070 5201 prmdicatur,

2172 5127 2230 5182 δὲ
2262 5128 2322 5181 τὸ
2370 5127 2634 5207 ἀγένητον
2663 5129 2756 5181 ἐπὶ
2799 5127 3017 5181 πάντων
3059 5127 3121 5180 ού
3177 5129 3587 5198 κατηγορεῖται,
3635 5128 3667 5197 ἡ
3706 5128 3761 5180 δὲ

483 5227 786 5283 substantia
812 5234 995 5280 autem
1023 5224 1089 5279 de
1115 5225 1368 5280 omnibus
1391 5264 1405 5291 ,
1436 5239 1544 5315 quo
1571 5234 1731 5295 pacto
1757 5240 1920 5279 unum
1957 5224 2072 5279 fue-

2174 5219 2456 5275 ούσίανέπὶ
2493 5221 2733 5286 πάντων,
2769 5219 2887 5283 πῶς
2913 5218 3119 5274 ταυτὸν.
3138 5218 3295 5274 οὐσία
3328 5219 3423 5273 καὶ
3467 5218 3754 5288 ἀγένητον·

486 5323 597 5377 rint
625 5318 928 5378 substantia
957 5327 1014 5373 et
1038 5317 1385 5390 ingenitum?
1414 5390 1421 5395 _

1158 5428 1390 5486 ALIUD.
2859 5424 3066 5479 AAAO.

560 5548 615 5603 Si
645 5541 944 5615 ingenitum
975 5543 1280 5602 substantia
1305 5552 1410 5611 est,
1462 5542 1518 5599 in
1580 5545 1882 5601 substantia
1942 5558 2075 5600 vero

2249 5543 2312 5595 Ei
2342 5541 2400 5594 τὸ
2445 5540 2709 5610 ἀγένητον
2754 5538 2931 5603 οὐσία,
2963 5540 3121 5594 οὐσία
3169 5540 3226 5594 δὲ
3278 5541 3466 5606 οὐσίας
3511 5540 3609 5594 οὐκ
3645 5537 3753 5589 ἐστι

486 5657 595 5698 non
621 5637 769 5696 cadit
805 5636 977 5707 magis
1002 5647 1059 5695 et
1120 5639 1323 5704 minus,
1407 5651 1514 5692 non
1567 5637 1675 5694 erit
1731 5639 1836 5694 hac
1864 5638 2076 5692 ratione

2182 5635 2382 5707 μᾶλλον
2410 5632 2506 5687 καὶ
2551 5628 2734 5705 ἦττον,
2770 5632 2869 5685 οὐκ
2911 5630 3064 5685 ἔσται
3104 5632 3245 5686 κατὰ
3271 5632 3431 5687 τοῦτο
3476 5630 3671 5703 μᾶλλον
3698 5625 3755 5678 τὸ

488 5732 663 5800 magis
688 5730 1005 5801 ingenitum,
1036 5733 1133 5791 sed
1166 5747 1341 5805 neque
1369 5733 1548 5788 minus
1579 5729 1734 5801 quid.
1775 5730 1832 5785 Si
1890 5736 2073 5783 autem

2180 5729 2467 5798 ἀγένητον,
2519 5724 2632 5779 ἀλλ’
2667 5724 2788 5779 οὐδὲ
2818 5720 2981 5796 ἧττόν
3013 5741 3066 5777 τι
3115 5724 3302 5781 αὐτοῦ.
3353 5726 3417 5778 Ei
3447 5724 3501 5777 δὲ
3547 5721 3754 5775 πάντων

488 5823 669 5880 omnia
699 5825 912 5883 excedit
941 5827 1259 5900 ingenitum,
1328 5837 1666 5897 nequaquam
1713 5836 1839 5879 vero
1909 5820 2072 5878 etiam

2186 5823 2279 5892 μὲν
2315 5818 2577 5891 ὑπερέχει
2616 5817 2676 5871 τὸ
2730 5817 3013 5889 ἀγένητον,
3052 5817 3235 5872 οὐκέτι
3266 5816 3321 5870 δὲ
3369 5816 3459 5871 καὶ
3497 5816 3529 5883 ἡ
3572 5809 3748 5866 οὐσία·
