4106 6424
295 370 377 424 53
574 328 584 335 ’
1415 370 1418 374 λ
1741 358 2186 416 unssaunus.
3534 367 3607 426 δι

295 491 351 541 ει
377 486 439 541 δὲ
474 486 575 558 μὴ,
604 485 792 539 πάντα
818 483 1043 538 πάντων
1082 483 1338 555 ὑπερέξει
1364 500 1377 514 ο
1410 482 1510 537 οὐκ
1543 482 1654 556 ἄρα
1683 483 1836 537 ἔσται
1863 483 1916 536 τὲ

1984 481 2372 549 ιευιιειοοιὶαε
2423 481 2622 552 alioqui
2672 486 2856 541 omnia
2927 488 3259 557 praestabunt
3316 491 3605 554 omnibus:

306 580 569 649 ἰγένητον
601 577 791 630 οὐσία.

2022 580 2171 628 certe
2208 571 2505 643 ingenitum
2540 574 2841 631 substantia
2880 592 2986 634 non
3016 578 3143 634 erit.

1010 691 1219 744 AAAO.
1594 684 1611 694 ’
2694 685 2928 743 ALIUD.

372 806 434 860 Ei
468 805 532 858 τὸ
564 806 845 875 ἀγένητον
891 805 1085 859 οὐσίαν
1119 804 1254 859 Θεοῦ
1301 804 1580 877 σημαίνει,
1622 803 1737 858 ἀλλ’
1766 803 1827 858 οὐ
1854 805 1918 859 τὸ

2094 795 2153 851 Si
2184 797 2480 868 ingenitum
2500 798 2860 854 substantiam
2886 800 2979 856 Dei
2996 801 3403 873 signiﬁcat,non
3426 814 3604 859 autem

301 900 380 970 μὴ
410 898 699 967 γενέσθαι,
755 897 1042 967 ὀνομάτων
1079 895 1230 967 αὐτῷ
1276 896 1477 968 ἐτέρων
1501 895 1659 968 χρεία
1695 894 1803 949 τῶν
1822 895 1916 948 δυ·-

2022 889 2164 956 quod
2196 890 2412 959 genitus
2465 905 2572 945 non
2644 891 2736 956 sit,
2779 892 2900 946 aliis
2955 894 3266 950 nominibus
3319 910 3456 963 opus
3504 896 3609 949 erit

306 994 557 1063 θεμένων
604 990 806 1057 δεῖξαι,
844 991 907 1045 τὸ
942 991 1020 1063 μὴ
1053 991 1120 1046 ἐκ
1147 1007 1292 1055 τινος
1317 989 1492 1044 αἰτίου
1524 988 1779 1059 γενέσθαι
1823 989 1917 1043 τὸν

2022 992 2144 1046 ηοω
2172 977 2408 1034 habeant
2442 980 2551 1034 vim
2584 980 2899 1037 declarandi
2956 984 3128 1039 Deum
3186 1000 3254 1040 ex
3311 986 3415 1041 alia
3446 1002 3606 1043 causa

298 1083 455 1138 Θεὸν.
481 1084 679 1148 ’Δπαξ
704 1083 819 1156 γὰρ
849 1084 910 1136 τὸ
939 1082 1208 1154 ἀγένητον
1237 1081 1332 1136 τοῦ
1370 1080 1506 1135 Θεοῦ
1532 1080 1691 1135 οὐδὲν
1710 1080 1917 1152 σημαί-

2023 1069 2140 1124 sive
2160 1070 2371 1142 origine
2392 1071 2635 1142 genitum
2662 1088 2770 1128 non
2812 1089 2952 1130 esse.
2973 1074 3279 1145 lngenitum
3339 1078 3486 1133 enim
3513 1078 3606 1134 Dei

299 1193 401 1244 νει,
427 1176 547 1231 ἀλλ’
576 1176 621 1248 ἢ
658 1177 826 1248 μόνον
855 1176 1050 1231 οὐσίαν
1075 1175 1235 1233 Θεοῦ.

2037 1160 2156 1215 nihil
2209 1163 2432 1219 omnino
2490 1163 2787 1233 signiﬁcat,
2849 1165 2948 1222 sed
2988 1174 3199 1223 tantum
3250 1168 3608 1226 substantiam
3652 1170 3658 1182 '

2037 1252 2141 1306 Dei.
2522 1263 2528 1269 '

2070 1268 2141 1307 ω.

1026 1380 1232 1435 ΔΛΛΟ.

2698 1372 2929 1459 ALIUD.

371 1504 438 1557 Εἰ
465 1504 502 1573 ἠ
533 1498 704 1554 οὐσία
727 1497 826 1551 τοῦ
854 1494 992 1549 Θεοῦ
1025 1495 1087 1548 ἓν
1115 1494 1167 1547 τί
1195 1495 1367 1557 ἐστιν,
1397 1493 1515 1548 ἀλλ’
1546 1494 1607 1548 οὐ
1634 1494 1804 1550 πολλά
1838 1494 1919 1564 τῷ

2097 1480 2155 1537 Si
2179 1483 2481 1540 substantia
2517 1485 2613 1541 Dei
2657 1502 2825 1542 unum
2865 1487 3071 1559 aliquid
3122 1497 3225 1555 est,
3263 1506 3369 1547 non
3426 1502 3604 1548 autem

298 1592 551 1667 ἆριθμῷ,
582 1593 649 1646 τὸ
702 1591 764 1645 δὲ
813 1589 1104 1657 ἀγένητον,
1149 1583 1248 1641 καὶ
1295 1585 1669 1651 ἀϐασίλευτον,
1721 1585 1819 1639 καὶ
1849 1586 1919 1640 τὰ

2023 1576 2195 1633 muita
2217 1593 2443 1636 numero
2466 1596 2481 1647 ;
2503 1581 2801 1653 ingenitum
2868 1597 3019 1650 vero,
3051 1592 3106 1640 et
3148 1583 3504 1638 ἀϐασίλευτον
3534 1586 3607 1655 (id

292 1686 490 1748 λοιπὰ,
542 1682 749 1745 πολλὰ,
791 1679 908 1734 ἀλλ’
944 1679 1044 1748 οὐχ
1095 1677 1155 1732 ἓν
1208 1676 1286 1749 τῷ
1331 1675 1587 1748 ἀριθμῷ·
1631 1676 1734 1730 οὐκ
1764 1675 1913 1729 ἔσται

2018 1676 2126 1733 est,
2165 1668 2367 1727 nullius
2385 1672 2612 1743 imperio
2642 1673 2967 1748 subditum),
2994 1683 3050 1731 et
3081 1676 3191 1732 alia
3225 1677 3342 1747 ejus
3369 1680 3606 1748 generis,

296 1779 413 1848 ἆρα
440 1776 649 1830 ταυτὸν
673 1776 709 1842 ἠ
742 1772 905 1826 οὐσία
934 1771 1015 1842 τῷ
1048 1771 1301 1842 ἀγενήτῳ
1327 1769 1426 1825 καὶ
1454 1768 1813 1838 ἀδασιλεύτῳ,
1842 1768 1917 1832 ὡς

2024 1771 2152 1816 sunt
2177 1763 2368 1830 multa,
2395 1779 2572 1835 neque
2600 1783 2769 1823 unum
2807 1783 3033 1827 numero
3069 1784 3221 1826 :non
3280 1770 3387 1826 erit
3424 1771 3608 1841 utique

292 1871 425 1924 οὐδὲ
458 1870 523 1923 τὸ
550 1868 613 1922 ἒν
634 1869 754 1927 τοῖς
780 1863 1018 1927 πολλοῖς.

1978 1863 1990 1913 ι
2019 1853 2160 1909 idem
2186 1856 2492 1913 substantia
2520 1873 2642 1915 cum
2673 1860 2914 1931 ingenito
2929 1872 2985 1918 et
3005 1862 3208 1920 nullius
3224 1864 3452 1934 imperio
3480 1864 3599 1920 subo

2018 1942 2155 2010 dito,
2182 1944 2323 2001 sicut
2351 1961 2646 2019 ncc,unum
2677 1966 2803 2007 cum
2825 1953 3031 2010 multis.
3048 1961 3063 1982 ‘

1019 2060 1227 2114 AAA'O.
1986 2069 1995 2076 ‘
2694 2062 2933 2120 ALIUD.

374 2181 440 2233 El
470 2177 533 2231 τὺ
564 2173 975 2247 ἀγένητον,καὶ
1008 2171 1071 2225 τὸ
1092 2168 1339 2241 γενητὸν,
1378 2169 1472 2223 καὶ
1510 2167 1580 2223 τά
1610 2165 1793 2230 λοιπὰ,
1825 2166 1919 2220 οὐ-

2095 2167 2152 2223 Si
2182 2170 2484 2242 ingenitum
2520 2181 2573 2229 et
2594 2175 2859 2244 genitum,
2878 2184 2933 2231 et
2950 2185 3167 2246 caetera,
3194 2188 3320 2234 sunt
3352 2178 3605 2235 substan-

302 2273 397 2325 σία
424 2270 592 2334 Θεοῦ,
626 2268 799 2339 ἕτερα
824 2265 884 2319 δέ
924 2268 1032 2318 είσι
1072 2263 1246 2318 ταῦτα
1288 2263 1409 2326 ταῖς
1447 2262 1674 2330 φωναῖς,
1703 2258 1916 2329 ἀνάγκη

2035 2259 2095 2313 lia
2131 2260 2247 2327 Dei,
2275 2264 2490 2320 diversa
2527 2279 2659 2320 vero
2694 2276 2822 2322 sunt
2855 2269 2972 2323 hac
2998 2269 3275 2326 vocabulis
3318 2271 3471 2340 ipsis,
3514 2287 3604 2326 ne-
3652 2264 3656 2269 ”

286 2365 404 2435 τὴν
432 2362 631 2416 οὐσίαν
659 2359 885 2429 ἐκείνην
908 2357 1053 2410 οὕτω
1093 2353 1414 2424 συγκεῖσθαι
1442 2353 1581 2407 κατά
1602 2351 1702 2416 τὰς
1731 2350 1907 2421 διαφό-

2021 2364 2177 2406 cesse
2206 2363 2290 2407 est
2305 2355 2672 2410 substantiam
2711 2357 2856 2413 illam
2891 2359 2964 2415 ita
2998 2362 3355 2430 compositam
3377 2378 3497 2419 esse
3522 2379 3607 2419 sc-

302 2470 433 2524 ροος
494 2450 686 2520 φωνάς
711 2465 727 2479 ’
759 2447 830 2501 ἶν’
879 2446 1103 2509 οίκείως
1149 2445 1206 2498 αἱ
1245 2443 1422 2512 φωναὶ⁵
1457 2442 1578 2525 κατ’
1626 2441 1796 2511 αὐτῆς
1828 2439 1919 2493 λέ-

2020 2445 2256 2500 cundum
2318 2445 2621 2503 diﬂ‘erentia
2691 2451 2976 2519 vocabula,
3014 2461 3074 2507 ut
3119 2455 3337 2523 proprie
3382 2454 3450 2511 de
3491 2455 3606 2525 ipsa

294 2522 545 2611 γωνται·
582 2540 619 2610 ἢ
674 2538 753 2610 μὴ
808 2535 1179 2607 συγκειμένης
1220 2534 1413 2605 αὐτῆς,
1456 2522 1748 2586 ἀκόλουθον
1778 2526 1915 2584 εἶναι

2021 2536 2127 2591 dici
2173 2539 2427 2607 possint:
2460 2551 2556 2595 aut
2579 2543 2624 2598 si
2656 2544 2956 2613 composita
2986 2545 3102 2614 ipsa
3124 2522 3245 2600 rnen
3286 2547 3381 2611 sit,
3414 2522 3607 2602 con'sec

296 2634 478 2688 ταῦτα
505 2632 642 2685 τῶν-
670 2631 993 2702 προσόντων
1024 2630 1095 2700 τῇ
1121 2627 1279 2699 οὐσίᾳ
1322 2626 1658 2698 σημαντικά,
1702 2623 1821 2678 ἀλλ’
1854 2622 1916 2677 οὐ

2016 2642 2190 2697 quens
2216 2640 2297 2684 est
2320 2629 2411 2684 illa
2451 2645 2558 2686 nou
2590 2647 2689 2703 per
2720 2648 2780 2688 se
2798 2635 3296 2702 substantiam,sed
3321 2652 3440 2708 quae
3480 2639 3607 2695 sub-

299 2728 425 2782 ufi‘
459 2726 609 2780 αὐτά
646 2723 860 2787 οὐσίας.

2006 2722 2232 2777 stantia:
2263 2722 2520 2779 accidunt
2542 2724 2874 2796 significare.

1010 2835 1217 2890 AAAO.
2659 2839 2768 2910 ιε
2799 2838 3036 2897 ALIUD.

368 2956 435 3008 ΕΞ
466 2956 505 3024 ἡ
537 2954 703 3006 οὐσία
748 2950 848 3004 τοῦ
883 2948 1020 3003 Θεοῦ
1067 2948 1128 3001 οὐ
1157 2946 1242 3001 διά
1274 2964 1327 3000 τι
1366 2945 1583 3014 λέγεται
1624 2941 1762 3015 (ἔστι
1808 2942 1918 3014 γὰρ

2082 2942 2150 2998 ‘Si
2187 2943 2492 3001 substantia
2508 2947 2602 3002 Dei
2626 2962 2731 3002 non
2760 2949 2941 3019 aliqua
2968 2964 3035 3006 ex
3066 2966 3230 3008 causa
3274 2953 3476 3010 dicitur
3507 2955 3595 3027 (ex

290 3049 364 3102 δι’
393 3046 605 3115 οὐδὲν),
631 3047 667 3115 ἡ
696 3044 757 3097 δὲ
784 3041 1082 3113 ἀγένητος
1111 3037 1285 3110 φωνὴ,
1305 3037 1393 3091 διὰ
1420 3036 1483 3091 τὸ
1512 3036 1729 3090 πάντων
1754 3034 1911 3087 αὐτὸν

2019 3035 2162 3089 nulla
2186 3037 2329 3092 enim
2353 3052 2513 3094 causa
2537 3039 2664 3109 est),
2700 3055 2802 3095 vox
2838 3051 3020 3097 autem
3047 3043 3269 3114 ξυρεκὶιί
3297 3060 3358 3100 ea
3391 3047 3456 3101 de
3473 3063 3605 3101 cau—

292 3133 440 3191 εἷναι
466 3135 719 3207 κρείττω
750 3133 847 3186 καὶ
885 3129 1182 3201 ὑπερέχειν
1203 3143 1218 3158 ο
1246 3127 1347 3181 οὐκ
1389 3125 1543 3180 ἔσται
1580 3125 1689 3194 ἄρα
1722 3123 1913 3178 ταυτὸν

1980 3194 1985 3207 ι
2020 3141 2079 3182 sa
2109 3129 2309 3183 dicitur
2331 3129 2475 3199 quod
2503 3132 2755 3187 omnibus
2777 3133 3067 3189 antecellat
3119 3144 3174 3189 et
3205 3145 3463 3206 prmstet:
3496 3154 3601 3193 non

286 3231 331 3299 ἢ
364 3228 444 3299 μὴ
477 3192 576 3282 δὶά
601 3242 658 3280 τι
692 3222 968 3295 λεγομένη
999 3192 1177 3292 τῷνδϋ
1209 3217 1390 3275 αἰτίαν
1421 3192 1721 3288 λεγομένῳ.

1983 3195 1986 3249 ί
2020 3217 2126 3271 erit
2157 3192 2376 3272 idemid
2406 3220 2550 3288 quod
2580 3220 2723 3275 nulla
2756 3235 2820 3275 ex
2853 3236 3015 3282 causa
3071 3192 3293 3291 dicitur,
3353 3239 3480 3281 cum
3536 3241 3604 3282 eo

2014 3310 2158 3379 quod
2191 3309 2374 3380 aliqua
2404 3326 2472 3367 ex
2505 3327 2667 3369 causa
2692 3313 2907 3368 dicitur.

1011 3424 1222 3478 AAAO.
2686 3422 2923 3481 ALIUD.

362 3546 438 3599 Et
467 3544 534 3597 τὸ
562 3542 837 3613 ἀγένητον
869 3539 1009 3612 πρὸς
1045 3538 1145 3610 τὴν
1178 3536 1476 3609 ἀγενησίαν
1504 3534 1618 3607 ἔχει
1642 3533 1742 3607 τὴν
1781 3535 1912 3593 ἀνα-

2085 3532 2141 3590 Si
2174 3534 2475 3605 ingenitum
2502 3538 2821 3596 relationem
2861 3541 3024 3596 habet
3052 3541 3121 3597 ad
3143 3541 3605 3613 dyevnoiav,sub-

294 3638 502 3708 φορὰν,
530 3637 568 3706 ἡ
592 3634 654 3689 δὲ
694 3633 860 3687 οὐσία
888 3630 984 3685 τοῦ
1024 3630 1162 3683 Θεοῦ
1189 3629 1326 3700 πρὸς
1348 3628 1500 3682 οὐδὲν
1520 3628 1633 3698 ἔχει
1658 3627 1759 3698 τὴν
1784 3626 1911 3697 σχέ-

2012 3627 2210 3682 stantia
2238 3643 2364 3685 vero
2396 3628 2489 3685 Dei
2513 3631 2712 3685 nullam
2746 3633 2815 3688 ad
2852 3632 3056 3703 aliquid
3102 3634 3419 3689 relationem
3481 3652 3604 3691 sus-

295 3746 409 3795 σιν,
447 3728 576 3791 πῶς
604 3725 809 3781 ταυτὸν
841 3723 998 3778 ἔσται
1027 3722 1088 3776 τὸ
1127 3721 1265 3793 πρός
1294 3720 1346 3775 τί
1373 3737 1492 3784 πως
1533 3719 1656 3791 ἔχον
1676 3720 1743 3790 τῇ
1774 3718 1911 3790 πρὸς

2013 3719 2147 3789 cipit
2178 3740 2190 3775 :
2223 3736 2331 3790 quo
2369 3730 2527 3791 pacto
2570 3722 2714 3780 idem
2763 3725 2888 3790 erit,
2921 3725 2973 3779 id
3002 3725 3144 3795 quod
3175 3726 3242 3780 ad
3286 3726 3486 3797 aliquid
3519 3743 3605 3782 re-

288 3821 473 3892 μηδὲν
505 3817 720 3890 ἐχούσῃ
753 3816 917 3888 οὐσίᾳ
935 3833 954 3883 ;

2010 3807 2185 3864 fertur
2212 3823 2332 3866 cum
2362 3812 2667 3869 substantia
2700 3813 2754 3869 in
2813 3829 2975 3885 quam
3032 3813 3224 3870 relatio
3282 3819 3351 3872 ad
3398 3816 3603 3888 aliquid

2010 3918 2118 3959 non
2163 3904 2352 3959 cadit?

1016 3992 1222 4048 ΑΛΛΟ.

2686 3996 2922 4054 ALIUD.

369 4118 435 4171 Ei
462 4119 532 4187 τῇ
564 4114 660 4168 τοῦ
686 4112 825 4167 Θεοῦ
852 4111 1011 4182 οὐσίᾳ
1034 4109 1189 4162 οὐδὲν
1212 4105 1722 4174 ἀντιδιαστέλλεται,
1749 4103 1828 4177 τῷ
1848 4104 1907 4159 δὲ

2082 4112 2142 4168 Si
2178 4104 2271 4169 Dei
2290 4113 2606 4169 substantiae
2637 4114 2771 4167 nihil
2793 4114 3116 4181 opponitur;
3155 4116 3394 4183 ingenito
3417 4124 3599 4173 autem

290 4208 554 4278 ἀγενήτῳ
600 4199 1105 4258 ἀντιδιαστέλλεται
1152 4196 1214 4251 τὸ
1255 4195 1502 4269 γενητὸν,
1546 4194 1668 4259 πῶς
1703 4189 1814 4250 οἷόν
1844 4210 1905 4247 τε

2007 4204 2300 4274 opponitur
2330 4205 2572 4274 genitum
2605 4222 2619 4258 :
2646 4202 2919 4275 quomodo
2958 4202 3101 4259 idem
3134 4218 3253 4261 esse
3270 4207 3444 4276 possit
3469 4210 3599 4264 sub.

292 4298 437 4355 εἶναι
460 4297 672 4352 ταυτὸν
697 4294 888 4347 οὐσίαν
914 4291 1009 4346 καὶ
1040 4290 1305 4362 ἀγένητον
1328 4305 1346 4357 ;

1040 4290 1305 4362 ἀγένητον
1328 4305 1346 4357 ;
2007 4294 2210 4351 stantia
2227 4304 2284 4350 et
2299 4296 2599 4367 ingenitum
2616 4295 2640 4352 τ

1010 4405 1216 4459 AAAO.
2672 4410 2907 4469 ALIUD.

362 4527 430 4579 El
460 4524 623 4578 πᾶσα
659 4519 823 4573 οὐσία
867 4518 1100 4591 ῥηθεῖσα
1128 4515 1337 4583 θατέρα
1366 4512 1503 4586 πρὸς
1541 4511 1798 4582 θατέραν,
1840 4510 1904 4564 οὐ
1935 4528 1983 4588 ο

1972 4532 1985 4581 l
2081 4520 2137 4578 Si
2167 4523 2346 4579 omnis
2368 4522 2672 4581 substantia
2705 4527 2984 4583 nominata
3008 4526 3179 4583 altera
3227 4527 3297 4583 ad
3340 4528 3593 4597 alteram,

288 4617 445 4688 δηλοί
485 4615 592 4686 τὴν
626 4611 833 4682 εαυτῆς
876 4607 1174 4681 ὑπεροχὴν,
1218 4606 1294 4677 μὴ
1339 4602 1903 4677 συμπαραληφθέντας

2011 4627 2165 4668 suam
2191 4615 2364 4684 ipsius
2392 4617 2763 4686 praestantiam
2791 4632 2895 4672 non
2942 4618 3203 4683 declarat,
3238 4619 3340 4674 nisi
3396 4635 3593 4674 nomen

289 4708 385 4764 τοῦ
415 4707 522 4778 τῆς
570 4702 858 4775 ’ὑπεροχῆς
904 4702 1191 4771 ὀνόματος,
1243 4696 1406 4770 ῥηθὲν
1449 4697 1502 4750 δὲ
1529 4697 1592 4751 τὸ
1639 4697 1903 4767 ἀγένητον

2011 4705 2186 4774 ipsum
2210 4707 2538 4775 praestantia:
2567 4707 2873 4776 adjiciatur,
2912 4708 3209 4778 ingenitum
3266 4721 3394 4764 vero
3431 4710 3590 4765 simul

288 4800 457 4863 εὐθὺς
494 4797 766 4869 ἐμφαίνει
793 4793 1079 4865 διαφορὰν,
1102 4789 1222 4853 πῶς
1243 4790 1364 4859 οὐχὶ
1389 4789 1440 4842 οί
1463 4788 1734 4858 λέγοντες,
1761 4789 1904 4842 Ταυ-

2019 4809 2185 4869 atque
2208 4798 2521 4853 nominatur
2549 4797 2910 4854 differentiam
2966 4798 3252 4855 declarat:
3293 4813 3400 4870 quo
3434 4811 3593 4871 pacto

286 4892 379 4946 τὸν
412 4889 589 4944 οὐσία
615 4886 716 4941 καὶ
739 4883 1031 4956 ἀγένητον,
1063 4880 1459 4953 ἀφρονέστατοι
1483 4895 1499 4945 ;

2013 4908 2118 4948 non
2146 4893 2427 4949 dementes
2453 4891 2734 4962 iudicandi
2768 4903 2918 4958 sunt,
2943 4893 3035 4965 qui
3072 4892 3216 4950 idem
3249 4908 3371 4951 esse
3406 4895 3596 4951 dicunt

2007 4984 2366 5039 substantiam
2399 4992 2454 5040 et
2483 4984 2816 5056 ingenitum?

997 5109 1206 5163 AAAO.
2680 5093 2915 5152 ALIUD.

349 5234 417 5287 Ei
445 5231 515 5285 τὸ
542 5226 819 5297 ἀγένητον
847 5223 1027 5288 οὐσία,
1058 5221 1214 5275 ἔσται
1246 5219 1398 5273 πᾶσα
1426 5216 1583 5271 οὐσία
1608 5215 1896 5288 ἀγένητον,

1976 5268 1991 5283 θ
2080 5206 2137 5260 Si
2172 5205 2470 5276 ingenitum
2509 5207 2814 5263 substantia
2855 5219 2961 5277 est,
3027 5211 3133 5266 erit
3189 5209 3357 5267 etiam
3411 5211 3590 5268 omnis

282 5323 425 5394 ὅπερ
466 5315 708 5380 ἀσεϐές.

2006 5297 2312 5352 substantia
2343 5297 2830 5371 ingenitum,’quod
2853 5300 3082 5372 impium
3108 5311 3210 5358 est.

997 5423 1201 5477 AAAO.
2678 5412 2841 5472 ALIU
2853 5417 2914 5471 D.

347 5546 417 5600 El
473 5544 540 5599 τὸ
593 5541 868 5611 ἀγένητον
919 5537 1103 5602 οὐσία,
1137 5536 1269 5591 ἴδιον
1302 5534 1361 5589 δὲ
1400 5533 1589 5598 οὐσίας
1632 5534 1898 5589 τάναντία

2077 5525 2133 5581 Si
2165 5505 2462 5611 ingenitum
2498 5527 2800 5584 substantia
2825 5539 2928 5598 est,
2954 5529 3229 5600 proprium
3253 5540 3431 5586 autem
3463 5533 3592 5587 sub-

274 5636 566 5707 δέχεσοαι,
600 5608 715 5686 τῶν
742 5608 1009 5685 ἐναντίων
1035 5627 1375 5683 ἐπιδεκτικὸν
1407 5625 1561 5680 ἔσται
1589 5625 1653 5678 τὺ
1698 5624 1895 5696 ἀγένη-

2007 5619 2226 5674 stantiae
2257 5608 2538 5691 suscipere
2561 5622 2862 5688 contraria,
2922 5622 3221 5691 ingenitum
3270 5624 3433 5677 ctiam
3462 5638 3592 5678 cou-

271 5749 385 5785 τον.
418 5731 488 5786 Εἰ
509 5730 573 5783 δὲ
598 5728 732 5782 ἴδιον
760 5725 864 5799 μὲν
888 5723 1049 5778 τοῦτο
1066 5722 1252 5795 οὐσίας
1274 5720 1376 5793 (τῷ
1400 5721 1507 5793 γὰρ
1539 5719 1614 5790 μὴ
1638 5719 1892 5790 δημιουρ-

2005 5712 2170 5766 traria
2192 5712 2470 5782 suscipiet.
2500 5711 2558 5767 Si
2586 5728 2715 5768 vero
2761 5714 2865 5768 hoc
2910 5714 3131 5784 quidem
3186 5714 3464 5784 proprium
3503 5722 3588 5768 est

273 5826 393 5892 γείν
429 5823 499 5877 τὸ
550 5819 920 5892 δημιουργεῖν
980 5814 1305 5885 ἀντίκειται,
1343 5813 1527 5868 οὐκέτι
1581 5812 1639 5867 δὲ
1688 5808 1893 5883 καὶτῷ

2003 5805 2320 5865 substantia:
2348 5810 2561 5873 (creare
2592 5805 2738 5864 enim
2776 5807 3071 5878 opponitur
3088 5823 3197 5865 non
3233 5820 3442 5873 creare,
3476 5820 3586 5863 non
