4106 6416
565 334 634 388 Ξῖ)
1595 325 1652 382 S.
1691 322 1967 380 CYIIILLI
2010 320 2482 376 ALEXANDRINI
2525 319 2849 374 AIiCllll-Ll’.
3773 330 3842 383 ευ

567 462 749 508 autem
778 451 1038 522 ingenito,
1071 463 1246 518 neque
1275 451 1416 502 enim
1453 446 1744 516 contigitei
1799 446 2038 516 genitum
2063 459 2148 500 es-

2254 443 2537 514 ἀγενὴτῳο
2570 445 2630 504 οὑ
2687 443 2794 515 γὰρ
2848 443 3044 514 συνέϐη
3090 443 3237 514 αὐτῷ
3287 445 3346 497 τὸ
3369 446 3707 517 γεγονέναι)·
3742 450 3846 503 οὐκ

565 544 666 615 se),
693 554 838 600 certe
869 543 1170 611 ingenitum
1199 557 1304 596 nou
1334 541 1436 594 erit
1463 538 1793 593 substantia.

1238 651 1469 706 ALIUD.

639 771 697 827 Si
725 771 1082 828 substantiam
1131 768 1375 822 dicentes
1425 767 1492 820 de
1525 766 1646 828 Deo
1703 763 2146 832 philosOphorum

566 864 889 919 sententiam
918 869 1243 930 sequuntur,
1267 858 1549 930 proprium
1603 857 1708 909 crit
1743 855 1850 909 Deo
1873 854 2146 909 contraria

566 954 866 1022 suscipere.
897 951 953 1006 Si
983 965 1112 1005 vero
1140 964 1262 1004 esse
1327 949 1492 1002 Deum
1541 944 1850 1013 signiﬁcare
1906 943 2148 997 volentes

567 1043 883 1100 substantiae
917 1041 1184 1095 vocabulo
1230 1039 1453 1109 perinde
1513 1045 1677 1100 atque
1720 1051 1820 1090 nos
1876 1043 2145 1098 utuntur,

563 1137 866 1191 substantia
896 1151 1025 1189 vero
1053 1143 1110 1189 et
1166 1123 1462 1203 ingenitum
1499 1132 1638 1187 idem
1686 1140 1849 1186 sunt:
1881 1130 2146 1200 reliquum

561 1227 666 1280 erit
703 1241 890 1281 vocem
927 1225 1154 1294 iugeniti
1185 1225 1476 1279 essentiam
1520 1220 1616 1277 Dei
1668 1220 1996 1294 signiﬁcare,
2053 1221 2146 1276 sed

569 1335 674 1374 non
704 1319 878 1389 ipsum
915 1317 1246 1374 substantia.

1229 1426 1390 1484 ALIU
1405 1428 1468 1482 D.

633 1545 690 1602 Si
731 1545 990 1614 quidquid
1025 1553 1106 1598 est
1134 1543 1233 1599 sub
1263 1559 1462 1612 genere
1488 1554 1538 1598 et
1563 1543 1741 1613 Specie
1763 1543 1967 1611 absque
1998 1542 2144 1595 acci-

565 1641 836 1705 dentibus,
868 1640 972 1694 hoc
1000 1638 1221 1708 proprie
1239 1638 1541 1692 substantia
1574 1646 1678 1699 est,
1710 1635 1854 1690 Deus
1884 1649 2014 1688 vero
2043 1633 2146 1688 sub

565 1731 710 1786 nullo
735 1732 924 1786 horum
957 1740 1040 1785 est
1071 1744 1086 1784 :
1128 1745 1234 1786 nou
1271 1730 1434 1799 igitur
1455 1730 1672 1799 proprie
1724 1727 1864 1782 Deus
1897 1727 2146 1781 substan-

565 1826 636 1878 tia
667 1823 886 1878 dicitur.
927 1823 986 1877 Si
1020 1832 1198 1877 autem
1234 1821 1534 1892 ingenitum
1580 1820 1796 1890 proprie
1818 1819 1884 1871 de
1915 1819 2025 1871 Deo
2058 1815 2143 1870 di-

561 1916 704 1969 citur
733 1916 930 1984 (neque
962 1919 1107 1970 enim
1131 1913 1349 1984 genitus
1379 1911 1508 1982 est),
1533 1925 1639 1965 non
1673 1920 1852 1964 autem
1884 1909 1989 1979 ιθ
2011 1907 2143 1963 sub-

560 2007 781 2070 stantia,
843 2021 951 2074 quo
977 2015 1134 2073 pacto
1161 2005 1300 2061 idem
1332 2003 1497 2071 fuerit
1532 2003 1583 2058 id
1601 2004 1742 2071 quod
1772 2002 1990 2071 proprie
2021 2014 2171 2055 cum.

559 2112 623 2154 eo
649 2097 791 2168 quod
817 2096 1041 2154 abusive
1065 2096 1298 2152 dicitur?

1229 2207 1463 2264 ALIUD.

632 2321 690 2377 Si
719 2321 957 2376 maxime
983 2323 1201 2392 propria
1231 2329 1289 2375 et
1337 2322 1510 2389 prima
1568 2320 1963 2389 signiﬁcatione
2025 2319 2152 2374 sub-

560 2413 759 2468 stantia
793 2414 938 2468 dicta
967 2423 1072 2475 est,
1094 2413 1240 2482 quod
1271 2413 1526 2468 omnibus
1597 2412 1976 2468 accidentibus
2023 2411 2152 2468 sub-

554 2497 696 2566 jecta
739 2500 829 2565 sit,
873 2500 1078 2554 nullum
1110 2516 1239 2556 vero
1302 2509 1388 2556 est
1433 2502 1686 2556 accidens
1742 2502 1826 2556 cui
1873 2503 2151 2572 subjectus

559 2593 630 2646 sit
655 2593 800 2648 Deus
833 2611 847 2649 :
885 2605 1035 2648 certe
1061 2609 1237 2664 neque
1269 2595 1574 2658 substantia
1597 2597 1818 2664 proprie
1847 2595 1951 2649 dici
1973 2605 2152 2664 potest

559 2681 627 2735 de
672 2683 798 2736 Deo.
827 2683 921 2736 Est
955 2685 1096 2737 enim
1132 2686 1279 2738 omni
1307 2686 1622 2750 substantia
1649 2688 1922 2755 superior.
1975 2686 2032 2742 Si
2061 2704 2154 2742 ve-

562 2790 620 2830 ro
642 2775 940 2845 ingenitum
976 2777 1193 2845 proprie
1247 2778 1314 2833 de
1349 2793 1416 2834 eo
1474 2781 1674 2834 dicitur
1725 2779 1960 2850 (genitus
2005 2783 2149 2837 enim

561 2881 664 2920 non
698 2865 826 2936 est),
861 2865 1166 2922 substantia
1221 2879 1401 2923 autem
1461 2883 1848 2944 nequaquam:
1897 2889 2002 2930 non
2065 2882 2151 2928 est

561 2957 702 3010 idem
733 2957 1042 3014 subslautia
1078 2970 1132 3026 et
1167 2959 1489 3032 ingenitum.
1547 2949 1550 2956 ’

1231 3074 1466 3131 ALIUD.

630 3183 686 3240 Si
712 3186 1034 3255 ingenitum,
1057 3199 1112 3243 et
1131 3187 1489 3242 ἀϐασίλευτον
1513 3187 1590 3261 (id
1616 3201 1721 3257 est,
1749 3193 1943 3250 nullius
1974 3195 2144 3268 impe—
2173 3183 2186 3214 ³

559 3277 642 3332 rio
676 3279 998 3348 subditum),
1032 3290 1086 3334 et
1113 3280 1341 3350 reliqua,
1377 3285 1748 3352 comparative
1809 3287 2143 3344 substantias

558 3369 778 3438 signant
809 3373 1300 3440 atqueosteuduut,
1361 3369 1588 3430 at'vero
1643 3379 1867 3446 signans
1899 3396 2005 3434 non
2063 3390 2146 3435 est

560 3459 697 3514 idem
719 3477 840 3515 cum
869 3463 1080 3532 signato
1119 3481 1132 3516 :
1168 3481 1270 3518 non
1302 3465 1407 3520 erit
1445 3467 1632 3537 utique
1668 3470 1811 3532 idem
1846 3471 2142 3526 substantia

555 3563 610 3606 et
647 3553 970 3622 ingenitum,
1040 3557 1491 3624 quemadmodum
1555 3575 1730 3629 neque
1782 3561 2143 3632 signiﬁcatum

555 3661 678 3700 cum
704 3645 1062 3716 signiﬁcante.

1229 3762 1464 3822 ALIUD.

630 3872 687 3927 Si
717 3873 1016 3942 ingenitqu
1041 3890 1145 3930 non
1167 3890 1230 3931 ex
1268 3892 1331 3934 eo
1361 3881 1502 3948 quod
1540 3881 1779 3950 genitum
1799 3897 1905 3937 non
1929 3883 2018 3949 sit,
2051 3887 2145 3939 sed

553 3965 697 4034 quod
717 3965 788 4018 sit
817 3965 1120 4020 substantia
1160 3967 1276 4034 Dei,
1315 3969 1522 4024 dictum
1550 3981 1634 4025 est
1669 3992 1681 4026 :
1709 3981 1764 4026 et
1809 3989 2146 4044 unaquaeque

553 4056 718 4110 etiam
753 4057 1058 4123 substantia
1085 4059 1192 4114 erit
1212 4061 1533 4131 ingenitum.
1565 4063 1622 4118 Si
1663 4078 1792 4120 vero
1815 4065 1999 4120 multa:
2021 4065 2144 4134 qui-

555 4147 676 4202 dem
713 4159 841 4212 sunt
863 4151 1202 4220 substantiae,
1237 4154 1461 4224 ingeuiti
1487 4170 1616 4220 vero
1647 4171 1755 4216 non
1817 4158 1982 4218 item:
2037 4171 2143 4212 non

556 4240 740 4307 utique
769 4241 1061 4310 ingenitum
1100 4245 1376 4314 signiﬁcat
1424 4247 1809 4314 substantiam,
1873 4250 1966 4306 sed
2009 4247 2143 4304 sub-

555 4331 768 4386 stantiae
788 4335 1181 4411 praestantiam.

1218 4451 1378 4506 ALIU
1391 4453 1449 4503 Ι).

630 4557 687 4614 Si
714 4559 768 4614 in
799 4560 910 4619 Deo
948 4572 1157 4622 tantum
1183 4564 1508 4635 ingenitum,
1535 4573 1594 4620 ut
1627 4565 1800 4632 aiunt,
1836 4567 2142 4622 substantia

553 4663 660 4717 est,
693 4652 1054 4715 fueritetiam
1099 4658 1346 4718 deﬁnitio
1401 4656 1536 4724 ejus,
1587 4655 1744 4724 cujus
1806 4657 2145 4715 solummodo

557 4747 835 4816 proprium
865 4757 948 4808 est
978 4749 1297 4818 ingenitum.
1331 4747 1388 4801 Si
1421 4763 1549 4805 vero
1572 4748 1718 4804 nulla
1761 4758 1849 4804 est
1901 4747 2145 4803 deﬁnitio

555 4837 638 4890 cui
675 4839 996 4907 subjiciatur
1027 4840 1330 4896 substantia
1367 4839 1485 4906 Dei,
1538 4856 1611 4894 ne
1668 4853 1863 4893 nomen
1926 4839 2143 4909 quidem

553 4932 834 5000 proprium
864 4936 1036 4988 estde
1067 4933 1177 4988 Deo
1205 4932 1526 5002 ingenitum,
1567 4941 1628 4987 ut
1671 4933 1801 4988 nihil
1853 4932 1998 4988 aliud
2038 4949 2145 4987 vox

556 5022 672 5087 ipsa
725 5031 1076 5092 reprmsentet
1135 5037 1497 5092 praeterquam
1560 5022 1729 5078 solam
1804 5022 1902 5078 Dei
1957 5038 2145 5078 essen—

555 5119 708 5164 tiam.

932 5242 1506 5333 ASSEBTIO
1596 5247 1760 5332 IV.

554 5389 814 5442 Adversus
833 5403 918 5439 eos
951 5387 1038 5456 qui
1059 5386 1230 5441 dicere
1260 5404 1361 5442 non
1394 5398 1670 5444 verentur:
1701 5389 2141 5454 Eratnliquando

623 5459 833 5528 quando
883 5473 985 5509 non
1040 5469 1152 5510 erat
1204 5457 1396 5512 Filius.
1425 5459 1737 5528 Aﬂ‘eruntur
1759 5460 2049 5530 syllogismi
2093 5472 2142 5513 et

623 5537 1048 5594 argumentorum
1103 5531 1592 5595 demonstrationes,
1649 5548 1767 5584 cum
1817 5531 2136 5585 testimoniis

625 5598 956 5671 Scriptura;
996 5614 1059 5650 ex
1083 5600 1271 5668 quibus
1313 5600 1552 5655 omnibus
1579 5602 1802 5671 efﬁcitur
1823 5603 1962 5670 quod
2005 5599 2134 5654 Ver-

622 5668 746 5718 bum
769 5665 866 5720 Dei
891 5668 962 5720 sit
991 5665 1265 5722 (turnum.
1607 5665 1632 5671 ’⁷
1834 5665 1844 5670 ⁷
2082 5674 2086 5678 ’

621 5757 872 5829 [inperite
912 5760 1098 5818 dicunt
1134 5763 1318 5819 hostes
1369 5763 1461 5821 Dei
1523 5765 1588 5821 dc
1639 5763 1796 5830 Filio,
1838 5763 1980 5835 quod
2013 5772 2130 5820 erat

2251 536 2359 605 ἄρα
2392 535 2544 589 ἔσται
2569 535 2722 588 οὐσία
2749 535 2810 589 τὸ
2835 535 3121 605 ἀγένητον.

2945 647 3150 702 AAAO.

2323 760 2386 812 Εἰ
2411 760 2600 816 οὐσίαν
2653 761 2904 830 λέγοντες
2945 763 3039 816 ἐπὶ
3065 763 3223 828 Θεοῦ,
3279 767 3345 836 τῇ
3374 767 3484 820 τῶν
3532 768 3844 840 φιλοσᾶφων

2249 850 2474 906 ἕπονται
2521 852 2670 928 δόξῃ,
2706 853 2834 906 ίδιον
2872 853 3025 908 ἔσται
3069 855 3225 922 Θεοῦ,
3265 859 3525 912 τάναντία
3564 861 3838 931 δέχεσθαι.

2249 943 2313 998 Ei
2363 943 2420 996 δὲ
2448 939 2588 999 εἶναι
2636 945 2726 998 τὸν
2775 946 2908 1002 Θεὸν
2947 949 3191 1019 σημᾶναι
3240 948 3574 1022 βουλόμενοι,
3615 953 3691 1024 τῷ
3742 957 3842 1025 τῆς

2249 1034 2460 1100 οὐσίας,
2495 1035 2639 1090 καθὰ
2683 1039 2779 1092 καὶ
2811 1039 2992 1110 ἡμεῖς,
3037 1043 3277 1114 χρῶνται
3331 1043 3589 1115 ὀνόματι·
3622 1045 3738 1098 ἔστι
3785 1047 3844 1099 δὲ

2248 1131 2448 1184 ταυτὸν
2480 1135 2547 1202 τῇ
2583 1133 2739 1205 οὐσία
2768 1135 2830 1188 τὸ
2876 1137 3140 1208 ἀγένητον
3161 1154 3174 1167 ·
3201 1138 3374 1208 ὄνομα
3420 1138 3575 1192 ἔσται
3601 1139 3663 1192 τὸ
3707 1141 3842 1208 ἀγέ-

2248 1238 2412 1291 νητον
2439 1222 2533 1276 τοῦ
2574 1221 2713 1278 εἶναι
2755 1225 2846 1279 τὸν
2877 1226 3011 1279 Θεὸν
3046 1228 3400 1298 σημαντικὸν,
3433 1228 3550 1282 ἀλλ’
3571 1231 3672 1283 οὐκ
3710 1230 3846 1284 αὐτὸ

2246 1315 2429 1367 οὐσία.

2945 1435 3149 1491 ΑΛΛΟ.

2321 1551 2385 1605 Εἰ
2408 1552 2514 1604 πᾶν
2555 1549 2616 1602 τὸ
2651 1549 2754 1602 ὑπὸ
2779 1548 2933 1616 γένος
2978 1548 3072 1602 καὶ
3113 1544 3254 1614 εἶδος
3286 1549 3458 1621 χωρὶς
3490 1549 3599 1604 τῶν
3636 1549 3846 1621 συμϐε-

2247 1643 2517 1712 ὃηκότων,
2566 1639 2726 1694 τοῦτο
2767 1639 2926 1692 οὐσία
2973 1639 3199 1711 κυρίως,
3231 1642 3322 1693 ὑπ’
3355 1641 3507 1694 οὐδὲν
3547 1640 3605 1694 δὲ
3635 1641 3842 1694 τούτων

2249 1734 2370 1786 ἐστὶ
2397 1732 2550 1797 Θεὸς,
2595 1732 2698 1788 οὐκ
2728 1733 2835 1804 ἄρα
2879 1731 3039 1786 οὐσία
3085 1731 3288 1802 κυρίως
3337 1732 3556 1799 λέγεται
3585 1733 3744 1795 Θεός.
3776 1733 3840 1788 ΕΞ

2246 1824 2303 1878 δὲ
2329 1824 2389 1877 τὸ
2412 1824 2676 1895 ἀγένητον
2706 1823 2910 1895 κυρίως
2945 1822 3166 1891 λέγεται
3197 1825 3281 1876 ἐπ’
3312 1823 3476 1876 αὐτοῦ
3508 1825 3590 1894 (οὐ
3622 1825 3733 1894 γὰρ
3755 1824 3844 1891 γέ-

2246 1917 2449 1988 γονεν),
2495 1917 2678 1970 οὐκέτι
2719 1917 2775 1970 δὲ
2814 1917 2907 1969 καὶ
2942 1917 2974 1986 ἡ
3016 1917 3196 1982 οὐσία,
3238 1917 3356 1980 πῶς
3397 1917 3592 1971 ταυτὸν
3635 1915 3703 1969 ἂν
3752 1915 3839 1984 εἴη

2246 2009 2326 2081 τῷ
2354 2009 2780 2081 καταχρηστικῷ
2807 2009 2870 2062 τὸ
2903 2009 3128 2080 κύριον;

2945 2208 3146 2263 AAAO.

2322 2319 2386 2372 Et
2414 2319 2475 2374 τὸ
2507 2319 2844 2391 κυριώτατον
2889 2321 2982 2376 καὶ
3021 2321 3236 2392 πρῶτον
3261 2319 3422 2374 οὐσία
3447 2319 3720 2385 λέλεκται,
3756 2321 3844 2378 διὰ

2248 2413 2310 2466 τὸ
2354 2413 2488 2466 πᾶσι
2533 2414 2646 2476 τοῖς
2691 2412 3099 2483 συμϐεϐηκόσιν
3149 2413 3282 2467 αὐτὸ
3330 2412 3652 2468 ὑποκεῖσθαι
3679 2427 3696 2443 ο
3743 2413 3844 2465 οὐκ

2249 2505 2367 2558 ἔστι
2418 2504 2475 2557 δὲ
2535 2505 2907 2576 συμϐεϐηκὸς,
3055 2505 3450 2562 καθυπὸκειται
3499 2505 3664 2569 Θεόςο
3722 2505 3844 2558 οὐδὲ

2249 2597 2409 2650 οὐσία
2435 2598 2544 2669 ἄρα
2566 2599 2772 2670 κυρίως
2789 2597 3005 2668 λέγεται
3031 2601 3122 2653 ἐπὶ
3154 2599 3312 2656 Θεοῦ.
3345 2601 3501 2652 Ἔστι
3531 2599 3643 2669 γὰρ
3669 2599 3843 2671 ὑπερ-

2251 2690 2452 2753 ούσιος.
2502 2689 2566 2742 Εἰ
2601 2690 2656 2742 δὲ
2701 2690 2762 2742 τὸ
2811 2691 3076 2760 ἀγένητον
3113 2690 3317 2761 κυρίως
3357 2690 3572 2758 λέγεται
3618 2691 3708 2744 ἐπ’
3741 2691 3842 2744 αὐ-

2251 2780 2344 2834 τοῦ
2377 2781 2516 2852 (ἔστι
2545 2781 2654 2851 γὰρ
2691 2781 2764 2852 μὴ
2785 2781 3123 2850 γενόμενος),
3151 2783 3336 2835 οὐκέτι
3367 2781 3424 2835 δὲ
3464 2783 3558 2836 καὶ
3590 2783 3807 2855 ἡούσία
3832 2797 3844 2810 ’

2251 2874 2310 2926 οὐ
2338 2871 2534 2926 ταυτὸν
2563 2872 2723 2924 οὐσία
2751 2873 2843 2924 καὶ
2863 2873 3147 2942 ἀγένητον.

2945 3070 3148 3125 ΑΛΛΟ.

2323 3188 2385 3240 El
2419 3186 2480 3252 τὸ
2499 3186 2789 3259 ἀγένητον,
2810 3187 2906 3241 καὶ
2934 3187 3310 3252 ἀϐασίλευτον,
3347 3186 3442 3241 καὶ
3463 3185 3531 3240 τὰ
3559 3187 3748 3255 λοιπὰ,
3777 3189 3839 3243 ἐκ

2251 3279 2598 3350 παραλλήλου
2639 3279 2826 3344 οὐσίας
2868 3280 3245 3350 σημαίνουσιν,
3289 3278 3389 3331 οὐκ
3424 3278 3529 3331 εἰσὶ
3562 3278 3620 3331 δὲ
3665 3279 3840 3333 ταυτὰ

2249 3372 2360 3432 τοῖς
2414 3370 2740 3441 σημαίνουσι
2787 3370 2857 3424 τὰ
2912 3370 3328 3442 σημαινόμεναο
3376 3369 3477 3422 οὐκ
3526 3369 3682 3422 ἔσται
3731 3370 3840 3440 ἄρα

2247 3460 2443 3514 ταυτὸν
2474 3461 2632 3518 οὐσία
2670 3462 2765 3516 καὶ
2795 3462 3060 3533 ἀγένητον
3083 3477 3098 3492 ·
3137 3462 3216 3524 ὠς
3244 3461 3364 3516 οὐδὲ
3403 3461 3482 3532 τῷ
3520 3460 3840 3534 σημαίνοντι

2247 3556 2307 3608 τὸ
2338 3556 2758 3627 σημαινόμενον.

2942 3752 3146 3804 ΑΛΛΟ.

2320 3867 2380 3918 Εἰ
2424 3865 2485 3918 τὸ
2522 3865 2789 3937 ἀγένητον
2833 3865 2893 3918 οῦ
2921 3864 3010 3918 διὰ
3043 3864 3103 3916 τὸ
3138 3865 3212 3934 μὴ
3235 3863 3539 3932 γεγονέναι,
3571 3861 3708 3916 ἀλλὰ
3751 3861 3839 3915 διὰ

2246 3957 2306 4010 τὸ
2335 3956 2476 4010 εἶναι
2509 3957 2698 4011 οὐσίαν
2738 3957 2832 4010 τοῦ
2872 3955 3032 4022 Θεοῦ,
3081 3955 3348 4019 λέλεκται,
3381 3955 3612 4008 καὶτῶν
3642 3951 3839 4006 οὐσιῶν

2246 4049 2455 4119 ἑκάστη
2487 4049 2552 4103 ἂν
2578 4049 2665 4119 εἴη
2699 4049 2980 4119 ἀγένητον.
3010 4050 3072 4101 Ei
3108 4048 3165 4101 δὲ
3210 4047 3318 4100 εἰσὶ
3360 4048 3458 4118 μὲν
3491 4047 3676 4100 οὐσίαι
3713 4044 3839 4097 πολ-

2245 4137 2354 4201 λαὶ,
2387 4140 2570 4194 οὐκέτι
2595 4140 2650 4192 δὲ
2679 4141 2771 4194 καὶ
2801 4141 3053 4212 ἀγένητοι
3075 4157 3088 4171 °
3116 4141 3216 4193 οὐκ
3237 4140 3424 4193 οὐσίαν
3451 4139 3562 4209 ἄρα
3583 4137 3838 4210 ἐμφαίνει

2243 4230 2306 4282 τὸ
2338 4231 2623 4302 ἀγένητον,
2660 4232 2796 4286 ἀλλὰ
2825 4232 2924 4302 τῆς
2957 4232 3143 4296 οὐσίας
3181 4232 3280 4303 τὴν
3306 4233 3606 4303 ὑπεροχήν.

2939 4440 3142 4494 ΛΛΛΟ.

2319 4556 2383 4609 Εἰ
2422 4555 2516 4608 ἐπὶ
2549 4553 2682 4607 Θεοῦ
2734 4555 2892 4624 μόνον
2925 4554 2984 4606 τὸ
3019 4554 3304 4624 ἀγένητον,
3335 4553 3409 4616 ὣς
3448 4569 3633 4622 φασιν,
3680 4553 3836 4607 οὐσία

2248 4645 2418 4712 ἐστὶν,
2453 4644 2538 4715 εἴη
2567 4644 2632 4698 ἂν
2661 4645 2830 4714 αὐτῆς
2855 4644 2951 4698 καὶ
2985 4645 3129 4716 ὅρος,
3169 4640 3237 4716 ἧς
3266 4643 3426 4715 μόνον
3460 4643 3588 4696 ἴδιον
3617 4644 3680 4697 τὸ
3710 4643 3836 4712 ἀγέ-

2248 4756 2428 4808 νητον.
2451 4739 2517 4793 Ei
2545 4738 2603 4791 δὲ
2636 4738 2827 4809 μηδείς
2865 4740 3014 4791 ἐστιν
3051 4739 3175 4808 ὅρος
3207 4730 3251 4804 ᾧ
3299 4737 3662 4792 ὑποϐάλλεται
3680 4735 3836 4790 οὐσία

2255 4831 2413 4898 Θεοῦ,
2454 4832 2562 4884 οὐδ⁶
2590 4831 2761 4903 ὄνομα
2794 4831 2904 4901 ἄρα
2929 4830 3120 4901 κύριόν
3152 4833 3298 4884 ἐστιν
3329 4831 3420 4884 ἐπὶ
3451 4831 3586 4885 Θεοῦ
3618 4830 3678 4884 τὸ
3707 4828 3836 4896 ἀγέ-

2248 4939 2431 4994 νητον,
2463 4923 2538 4986 ὡς
2567 4921 2733 4993 μηδὲν
2765 4923 2894 4977 ἄλλο
2937 4922 3067 4975 αὐτὸ
3101 4923 3406 4994 ἐμφαίνειν,
3443 4923 3559 4978 ἀλλ’
3592 4924 3625 4994 ἢ
3675 4921 3834 4993 μόνον

2245 5015 2432 5068 οὐσίαν
2459 5013 2615 5069 Θεοῦ.

2744 5225 3113 5312 ΛΟΓΟΣ
3191 5221 3310 5318 Δ’.

2243 5387 2401 5455 Πρὸς
2432 5385 2576 5456 τοὺς
2624 5384 2973 5456 τολμῶντας
3002 5385 3224 5456 λέγειν,
3259 5383 3349 5436 ὅτι
3376 5376 3487 5436 Ἦν
3530 5393 3695 5456 πρῖε,
3732 5376 3828 5456 ὅτε

2316 5445 2428 5511 οὔκ
2480 5445 2567 5525 ἦέ
2610 5458 2642 5509 ό
2702 5445 2856 5518 fide.
2919 5445 3824 5525 Ἑκλόγαὶ⁷συλλογισμῶνκκειζ

2313 5513 2632 5600 tremuisti».
2674 5513 3061 5600 xardaxevai,
3092 5513 3214 5600 σὴν
3239 5513 3720 5600 μςιρτυρίᾳὶςχτρ
3761 5513 3828 5592 δέ

2314 5589 2734 5666 συίίαγόμενον
2763 5597 2830 5649 ἐκ
2854 5595 3114 5658 πάντων,
3151 5589 3456 5660 {iu-didior
3484 5595 3515 5647 ὁ
3552 5589 3656 5643 τοῦ
3681 5589 3823 5641 Θεσῡ

2315 5670 2526 5737 Λόγος.

2329 5762 2591 5831 ’Λνοήτως
2618 5759 2866 5829 λέγουσιν
2897 5761 2943 5814 oi
2977 5759 3234 5832 Οεομάχοι
3282 5759 3408 5834 περὶ
3443 5757 3533 5812 τοῦ
3569 5747 3819 5822 Υίοῦ,ὄτι
