4106 6410
525 309 593 363 5!)
1505 327 1560 382 S.
1605 330 1683 384 (Ἀ
1698 331 1878 385 RlLLl
1919 333 2109 396 ALEX.

2209 333 2394 390 DRINI
2440 337 2758 393 ARCIIIEP.
3734 350 3802 406 60

519 433 716 491 saacuia
746 437 813 499 ὀ,
851 454 869 486 ι
913 453 1018 493 non
1052 441 1143 512 qui
1178 441 1351 498 factus
1381 454 1480 500 est.
1530 448 1597 503 Et
1646 449 1815 508 lsaias
1848 473 1861 508 :
1889 474 1907 506 ι
1968 458 2109 512 Deus

2212 458 2441 523 αἰώνων,
2466 461 2565 531 οὑχ
2594 463 2622 514 6
2643 463 2936 532 γενόμενος
2954 480 2966 492 ’
2995 466 3023 518 ὁ
3064 465 3312 532 Ἡσαΐας,
3345 485 3364 519 ι
3395 467 3527 533 Θεὸς
3551 469 3762 534 αἰώνιος
3781 511 3798 535 ,

520 537 777 595 διιειηιιε,
812 529 953 584 Deus
983 534 1071 602 qui
1113 533 1357 591 l‘umlavit
1385 543 1759 598 extremitates
1788 557 1950 601 terra:
1971 551 2040 603 εί.
2084 569 2108 601 ι

522 622 577 674 Si
609 631 790 676 autem
827 624 1060 678 Verbum
1111 629 1482 685 extremitates
1522 641 1680 689 terra:
1723 635 1989 707 fundavit,
2025 642 2108 697 di-

519 715 662 768 citur
689 728 866 772 autem
893 720 958 773 de
1003 737 1066 776 eo
1107 727 1252 792 quod
1304 735 1542 782 aeternus
1611 737 1742 786 est:
1779 743 1895 788 erat
1961 747 2111 792 certe

520 821 756 876 semper,
787 820 840 865 et
895 812 1094 866 factum
1122 830 1227 868 non
1269 825 1371 871 est.

1195 953 1432 1010 ALIUD.

595 1075 780 1132 Paulus
804 1079 964 1134 etiam
996 1082 1060 1137 de
1077 1082 1251 1138 Verbo
1301 1089 1374 1141 ita
1405 1090 1598 1145 scribit
1636 1111 1648 1146 :
1688 1111 1706 1144 ι
1744 1094 1843 1160 Qui
1877 1111 2000 1150 cum
2036 1098 2108 1152 sit

515 1170 770 1237 splendor
806 1171 991 1242 gloriae
1022 1184 1075 1230 et
1102 1179 1392 1234 character
1446 1183 1761 1240 substantiae
1821 1188 1938 1256 ejus
1962 1190 2028 1244 “.
2083 1210 2101 1243 ι

517 1261 682 1316 David
715 1279 930 1333 quoque
968 1267 1038 1320 ita
1093 1270 1278 1337 psallit
1310 1288 1322 1324 :
1366 1291 1385 1323 ι
1419 1273 1484 1328 Et
1513 1277 1583 1330 sit
1608 1277 1868 1346 splendor
1891 1281 2106 1336 Domini

517 1351 608 1405 Dei
643 1354 811 1408 nostri
843 1370 1005 1424 super
1030 1373 1128 1413 nos
1158 1360 1225 1413 ’³.
1264 1378 1282 1412 ι
1325 1361 1390 1415 Ει
1425 1378 1617 1418 rursus
1647 1379 1659 1414 :
1718 1385 1739 1415 ι
1809 1368 1868 1420 In
1906 1367 2106 1421 lumine

515 1450 607 1495 tuo
637 1445 936 1501 videbimus
966 1446 1147 1503 lumen
1172 1448 1240 1504 ".
1278 1469 1298 1504 ι
1341 1451 1566 1519 Quando
1607 1455 1773 1524 igitur
1807 1459 2108 1512 eratPater

515 1533 722 1602 absque
743 1551 842 1590 suo
869 1538 1202 1606 splendore?
1245 1552 1338 1596 aut
1366 1546 1581 1614 quando
1627 1562 1734 1602 non
1791 1549 2000 1603 exstitit
2052 1550 2104 1603 in

516 1626 627 1680 Deo
657 1628 913 1697 splendor
941 1633 1059 1700 ejus
1083 1633 1106 1686 ?
1131 1635 1199 1688 Et
1231 1653 1453 1691 rursum
1490 1657 1504 1694 :
1548 1639 1604 1693 Si
1652 1639 1832 1695 lumen
1893 1651 1978 1696 est
2037 1657 2105 1696 ex

517 1718 722 1776 lumine
761 1719 941 1778 Patris
963 1723 1155 1791 Filius,
1185 1730 1406 1798 quando
1429 1747 1534 1786 non
1561 1741 1682 1786 erat
1731 1733 1784 1787 in
1814 1733 1974 1789 Patre
2021 1734 2104 1788 ιυ-

513 1827 636 1866 men
669 1814 824 1884 ejus?
845 1816 1317 1882 Quemadmodum
1345 1823 1488 1878 enim
1522 1824 1846 1882 illuminatio
1891 1827 1959 1882 ab
1983 1828 2104 1896 igne

514 1909 757 1974 separari
793 1925 897 1963 non
935 1922 1134 1980 potest,
1163 1914 1242 1969 sic
1273 1931 1450 1987 neque
1479 1932 1509 1972 a
1551 1917 1716 1976 Patre
1748 1919 1927 1976 lumen
1959 1921 2104 1991 quod

511 2010 579 2050 ex
611 2013 676 2052 eo
701 2000 958 2069 gignitur.
1983 2025 1994 2036 '

1205 2139 1440 2198 ALIUD.

584 2245 751 2300 David
816 2249 996 2302 canit:
1032 2268 1051 2302 ι
1091 2249 1336 2321 Regnum
1398 2262 1544 2308 tuum
1590 2271 1813 2328 regnum
1856 2265 2097 2319 omnimn

511 2341 835 2394 saeculorum
859 2348 943 2395 est
958 2341 1026 2398 ³³.
1058 2361 1077 2393 ι
1111 2341 1166 2397 Si
1195 2353 1372 2398 autem
1407 2361 1568 2401 omne
1598 2358 1807 2420 tempus
1846 2356 2101 2413 omnibus

512 2432 728 2487 saaculis
754 2433 1245 2502 circumscribitur,
1289 2437 1525 2494 Verbum
1560 2457 1687 2499 vero
1709 2447 1961 2502 omnibus
1996 2465 2098 2505 saa-

509 2524 647 2578 culis
676 2537 866 2594 regnat
899 2543 913 2580 :
943 2528 1148 2582 nullum
1176 2530 1366 2600 utique
1431 2543 1640 2602 tempus
1689 2548 1827 2602 erat,
1885 2543 2103 2611 quando

512 2631 617 2671 non
647 2627 770 2674 erat
788 2617 981 2676 Filius.

1193 2737 1424 2796 ALIUD.

512 2846 906 2929 Demonst_ratio
929 2868 1019 2918 per
1053 2853 1351 2929 testimonia
1397 2856 1536 2926 quod
1594 2877 1763 2916 sat-ra:
1812 2861 2101 2929 Scriptura:

583 2936 733 2999 uoces
756 2923 872 2999 has.
901 2933 1038 2999 erat,
1065 2927 1352 2999 exsistens.
1384 2923 1500 2999 eus,
1529 2945 1700 2990 erum,
1730 2948 1882 2990 sunt.
1913 2923 1961 2988 et
1993 2945 2096 2999 est,

581 2990 646 3042 de
681 2988 849 3042 Verbo
885 2991 1058 3045 solum
1105 2995 1334 3049 dicunt:
1369 2997 1432 3049 de
1493 2988 1753 3055 creaturis
1807 2988 1924 3056 vero
1997 2988 2099 3059 nati

583 3061 740 3122 item;
783 3062 875 3114 sed
899 3065 1073 3144 pnotius
1099 3065 1226 3144 oliui
1251 3068 1360 3144 sine
1381 3068 1693 3144 aliquando,
1743 3083 1796 3128 et
1844 3075 2072 3144 pridem,

582 3139 636 3185 et
670 3142 819 3198 ante,
848 3142 897 3186 et
924 3133 1046 3199 fuit,
1067 3135 1278 3200 aliaque
1307 3139 1388 3192 his
1417 3133 1635 3195 similia.

587 3331 848 3408 Servator
877 3334 1237 3392 aeternitatem
1271 3341 1508 3410 propriae
1542 3342 1901 3414 hypostaseos
1927 3345 2102 3420 signi-

514 3421 685 3479 ﬁcans
717 3424 882 3478 dicit:
924 3445 942 3477 ι
985 3427 1095 3498 Ego
1121 3444 1238 3484 sum
1270 3434 1505 3499 veritas;
1541 3450 1641 3504 ego
1693 3450 1810 3489 sum
1837 3436 1964 3501 lux;
2004 3453 2104 3508 ego

515 3532 634 3572 sum
669 3527 856 3586 pastor
885 3519 953 3574 ‘“.
983 3537 1001 3570 ›
1041 3519 1108 3573 Et
1139 3538 1326 3578 rursus
1349 3527 1415 3578 ad
1440 3526 1772 3596 discipulos:
1801 3548 1820 3580 ‹
1853 3529 1962 3584 Vos
2013 3546 2104 3586 vo-

513 3611 651 3666 catis
682 3627 767 3665 me
791 3612 1076 3667 Dominum
1109 3624 1163 3670 et
1192 3617 1535 3686 magistrum,
1575 3629 1629 3673 et
1693 3630 1842 3676 recte
1896 3622 2102 3690 (licitis,

512 3720 631 3759 sum
671 3707 872 3759 etenim
903 3707 968 3760 ’7.
999 3725 1018 3757 ι
1051 3707 1115 3760 Ει
1146 3705 1435 3764 Psalmista
1461 3711 1611 3765 deeo
1638 3714 1782 3767 canit
1819 3729 1833 3766 :
1866 3733 1885 3765 ι
1941 3713 2108 3771 Ante—

513 3813 676 3866 quam
713 3807 922 3853 montes
945 3798 1296 3853 ﬁrmarentur
1314 3811 1368 3855 et
1401 3803 1728 3860 formaretur
1763 3815 1904 3862 terra
1932 3817 1985 3862 et
2015 3822 2106 3863 or-

514 3889 617 3952 bis,
655 3898 710 3943 et
744 3904 772 3942 a
802 3891 1000 3945 smculo
1029 3906 1199 3958 usque
1249 3893 1314 3944 ad
1367 3894 1622 3948 szeculum
1650 3905 1703 3951 tu
1732 3913 1791 3952 es
1841 3898 1907 3952 ⁸⁸.
1948 3918 1967 3950 ι
2039 3901 2110 3954 At

514 3983 632 4052 ipse
652 3986 715 4036 de
739 3983 917 4050 seipso
948 4001 962 4037 :
1002 4001 1020 4034 ι
1048 3983 1161 4054 Ego
1178 3999 1296 4038 sum
1329 3985 1436 4054 22
1467 3987 1602 4053 via;«
1619 3996 1692 4055 et,
1713 4003 1845 4057 nego
1877 4006 1996 4044 sum
2024 3990 2110 4061 ja-

517 4088 623 4127 nua
658 4073 724 4126 ’⁸.
765 4091 782 4124 ι
823 4072 984 4126 Pater
1010 4087 1138 4127 vero
1166 4073 1232 4129 de
1264 4076 1380 4144 ipso
1414 4093 1428 4128 :
1467 4095 1485 4128 ι
1525 4076 1604 4131 Tu
1649 4093 1706 4133 es
1740 4078 1910 4135 Filius
1956 4096 2108 4136 meus

515 4165 742 4219 dilectus
769 4165 833 4217 ³ο.
871 4185 890 4217 ι
924 4165 1205 4220 Rursum:
1241 4187 1258 4217 ι
1300 4166 1559 4223 Dominus
1603 4170 1743 4226 dixit
1779 4173 1844 4226 ad
1878 4187 1962 4227 me
1988 4171 2110 4226 :Fi-

515 4255 618 4309 lius
656 4271 808 4310 meus
835 4271 893 4309 es
929 4267 982 4309 tu
1007 4257 1072 4310 3‘.
1117 4275 1135 4307 ι
1177 4257 1234 4310 lu
1265 4260 1514 4314 omnibus
1558 4261 1664 4325 bis,
1719 4273 1817 4326 est,
1877 4277 1931 4318 et
1968 4277 2104 4332 erat,

515 4347 734 4410 dicitur,
769 4363 1110 4418 nequaquam
1142 4364 1270 4404 vero
1305 4350 1426 4416 fuit.
1461 4351 1536 4405 De
1586 4355 1862 4408 creaturis
1898 4368 2106 4421 autem,

518 4458 537 4490 ε
570 4440 808 4510 Spiritus
839 4441 1055 4495 divinus
1089 4442 1179 4512 qui
1217 4443 1344 4496 fecit
1371 4459 1455 4497 me
1493 4445 1560 4498 δ’.
1598 4464 1615 4496 ι
1649 4445 1826 4501 Moses
1854 4449 1920 4503 de
1962 4465 2110 4505 crea-

516 4532 661 4585 tione
685 4533 867 4585 mundi
901 4548 1066 4602 agens
1098 4551 1140 4585 :c
1179 4531 1238 4586 Et
1259 4550 1418 4588 οιιιιιο
1447 4535 1618 4590 viride
1650 4539 1787 4608 agri,
1815 4550 2101 4611 antequam
2136 4578 2178 4631 ο

513 4621 717 4677 factum
745 4634 892 4678 esset
927 4625 978 4678 in
1006 4635 1172 4689 terra,
1199 4637 1255 4679 et
1287 4636 1576 4695 antequam
1596 4644 1755 4684 omne
1781 4630 1958 4687 fenum
1985 4634 2098 4703 agri

432 4733 444 4738 -
509 4725 690 4770 ortum
715 4725 876 4770 esset.
913 4717 1100 4786 Neque
1128 4719 1273 4771 enim
1308 4719 1445 4788 pluit
1489 4720 1628 4774 Deus
1677 4737 1839 4792 super
1876 4733 2100 4791 terram,

513 4822 688 4876 neque
722 4809 884 4862 homo
913 4810 1118 4864 eratad
1149 4811 1434 4866 colendam
1470 4821 1672 4869 terram
1707 4815 1773 4869 ³³.
1807 4833 1827 4868 ι

612 5120 767 5187 Quod
791 5117 974 5183 dictio,
1004 5119 1243 5188 quando,
1278 5137 1478 5191 semper
1511 5132 1712 5192 tempus
1745 5125 2025 5194 signiﬁcet.

587 5271 642 5326 lu
682 5271 1121 5340 Deuterouomio,
1177 5291 1193 5323 ι
1228 5271 1456 5338 Quando
1507 5274 1686 5329 divisit
1754 5275 1893 5330 Deus

514 5375 593 5420 les
619 5365 684 5418 “.
725 5383 746 5416 ι

1963 5291 2096 5346 8011-

588 5585 634 5618 ’°
672 5585 815 5640 Psal.
858 5603 1050 5655 uxm,
1093 5591 1178 5644 1‘2.
1258 5591 1300 5621 ²¹
1329 5589 1432 5646 lsa.
1471 5590 1682 5649 “.98.
1761 5593 1805 5622 ²²
1838 5591 2082 5652 Heln-.1,
2124 5593 2178 5647 3.

514 5659 814 5722 cu.tv,13.
893 5661 938 5689 ³⁸
965 5659 1120 5714 Joau.
1162 5657 1270 5723 x'tv,
1306 5665 1368 5724 li;
1405 5679 1522 5724 vui,
1557 5663 1654 5722 1‘2;
1689 5677 1742 5724 κ,
1774 5663 1857 5715 Η.

519 5724 563 5759 ⁸⁰
605 5728 771 5784 Marc.
807 5745 844 5791 t,
879 5730 960 5782 Η.

2217 549 2349 612 Θεὸς
2380 551 2408 602 6
2459 551 2878 615 κατασκευάσας
2909 553 2976 606 τὰ
3020 555 3165 625 ἄκρα
3215 554 3312 624 τῆς
3360 556 3484 626 γῆς.
3521 575 3539 608 ι
3568 557 3630 610 Εἰ
3681 558 3737 610 δὲ
3771 560 3800 611 6

2209 641 2382 710 Λόγος
2409 644 2557 696 ἐστὶν
2578 644 2606 696 6
2627 644 3046 708 κατασκευάσας
3077 647 3145 700 τὰ
3174 645 3318 717 ἄκρα
3343 647 3442 718 τῆς
3462 648 3584 718 γῆς,
3621 651 3798 703 κεῖται

2208 731 2264 784 δὲ
2314 733 2401 785 ἐπ’
2433 732 2598 789 αὑτοῦ
2645 735 2724 801 τὸ,
2759 733 2994 801 αἰώνιος,
3025 731 3092 808 ἦν
3130 736 3218 790 ἀεὶ
3263 737 3522 809 δηλονότι,
3569 739 3662 792 καὶ
3699 741 3797 794 οὐκ

2207 821 2446 890 ἐγένετο.

2901 961 3105 1015 AAAO.

2277 1095 2483 1167 Γράφει
2509 1096 2720 1162 Παῦλος
2766 1101 2896 1171 περὶ
2926 1102 3018 1155 τοῦ
3045 1102 3253 1171 Λόγου⁶
3290 1123 3309 1155 ι
3363 1107 3458 1168 Ὃς
3498 1104 3574 1158 ὢν
3613 1105 3794 1158 ἀπαὺι

2209 1207 2399 1261 γασμα
2430 1192 2528 1260 τῆς
2551 1192 2729 1263 δόξης,
2753 1197 2847 1246 καὶ
2876 1196 3164 1268 χαρακτὴρ
3187 1198 3286 1268 τῆς
3315 1199 3668 1262 ὑποστάσεως
3699 1200 3796 1251 αὑ-

2206 1283 2324 1336 τοῦ.
2356 1302 2373 1333 ι
2409 1283 2616 1338 Ψάλλει
2669 1287 2763 1340 καὶ
2801 1288 2991 1340 Δαὸίδο
3032 1307 3051 1339 ι
3093 1292 3204 1344 Καὶ
3236 1291 3376 1344 ἔστω
3415 1291 3794 1362 ήλαμπρότης

2207 1372 2411 1442 Κυρίου
2437 1373 2532 1426 τοῦ
2557 1374 2692 1428 Θεοῦ
2723 1376 2878 1446 ἡμῶν
2903 1379 2987 1446 ἐφ’
3012 1379 3189 1450 ἡμῶν.
3223 1399 3242 1430 ι
3276 1380 3386 1432 Καὶ
3414 1381 3601 1434 πάλιν·
3636 1399 3655 1432 ι
3705 1382 3794 1433 ἘΝ

2205 1463 2284 1534 τῷ
2312 1465 2451 1534 φωτί
2487 1483 2579 1519 σου
2627 1468 2875 1538 ὀψόμεθα
2927 1471 3064 1540 φῶς.
3103 1490 3122 1523 ›
3157 1471 3295 1525 Πότε
3325 1468 3418 1525 οὖν
3443 1467 3509 1543 ἦν
3536 1474 3565 1525 6
3604 1470 3794 1542 Πατὴρ

2207 1559 2376 1628 χωρὶς
2403 1559 2496 1611 τοῦ
2551 1560 2684 1613 ἰδίου
2717 1563 3185 1634 ἁπαυγάσματος;
3239 1565 3370 1617 πότε
3402 1565 3458 1617 δὲ
3501 1565 3600 1618 οὑκ
3628 1560 3696 1635 ἦν
3735 1566 3794 1616 ἐν

2206 1646 2326 1718 Θεῷ
2363 1649 2740 1723 ὴλαμπρότης
2774 1653 2972 1720 ain-0'3;
3008 1655 3120 1708 Καὶ
3164 1653 3357 1710 πάλιν·
3395 1655 3459 1707 Εἰ
3493 1655 3608 1724 φῶς
3645 1655 3794 1706 ἐστιν

2208 1747 2272 1798 ἐκ
2301 1745 2478 1814 φωτὸς
2511 1744 2606 1797 τοῦ
2648 1746 2860 1817 Πατρὸς
2890 1748 2918 1798 6
2955 1745 3103 1812 Υἱὸς,
3139 1745 3269 1800 πότε
3297 1746 3398 1800 οὐκ
3421 1741 3489 1814 ἦν
3512 1746 3571 1798 ὲν
3615 1745 3794 1816 Πατρὶ

2205 1835 2267 1889 τὸ
2315 1836 2432 1905 φῶς
2481 1836 2680 1904 αὐτοῦς
2720 1837 2808 1900 Ὣς
2856 1837 2966 1907 γὰρ
3017 1836 3320 1908 ἀχώριστον
3373 1841 3466 1890 τοῦ
3513 1839 3682 1909 πυρὸς
3730 1837 3795 1890 τὸ

2211 1928 2490 1996 φωτίζειν,
2520 1928 2662 1983 οὑτω
2701 1929 2796 1983 καὶ
2833 1928 2926 1983 τοῦ
2963 1930 3176 2002 Πατρὸς
3207 1929 3269 1983 τὸ
3309 1928 3370 1995 ἐξ
3399 1929 3563 1984 αὐτοῦ
3592 1927 3795 1998 γεννώ-

2211 2036 2374 2086 μενον
2400 2035 2535 2089 φως.

2890 2155 3096 2210 ΑΛΛΟ.

2277 2265 2487 2320 Ψάλλει
2526 2265 2725 2320 Δαὸίδο
2765 2285 2782 2317 ι
2833 2267 2899 2320 Ἠ
2948 2267 3197 2338 βασιλεία
3237 2287 3328 2324 σου
3372 2270 3618 2341 βασιλεία
3653 2273 3790 2327 πάν-

2206 2376 2313 2413 των
2340 2358 2449 2414 τῶν
2478 2359 2710 2414 αἰώνων.
2750 2378 2769 2412 ›
2799 2360 2862 2412 Εἰ
2891 2359 2948 2413 δὲ
2979 2363 3008 2414 6
3048 2363 3156 2426 πᾶς
3185 2363 3374 2432 χρόνος
3405 2366 3462 2416 ἐν
3485 2367 3595 2428 τοῖς
3629 2365 3789 2420 αἱῶσι

2207 2455 2509 2524 μετρεῖται,
2553 2451 2827 2522 βασιλεύει
2867 2453 2924 2505 δὲ
2965 2456 3022 2507 ἐν
3063 2455 3248 2519 αὐτοῖς
3275 2458 3304 2509 6
3356 2455 3548 2525 Λόγος,
3591 2457 3688 2512 οὑκ
3721 2453 3787 2529 ἦν

2203 2547 2310 2618 ἄρα
2341 2545 2530 2618 χρόνος
2561 2545 2649 2599 ὅτε
2675 2543 2776 2599 οὑκ
2797 2539 2866 2618 ἦν
2893 2547 2922 2600 6
2953 2545 3099 2611 Υἱός.

2893 2729 3094 2784 ΑΛΛΟ.

2213 2845 2550 2916 Ἀπόρειξις
2594 2845 2692 2916 διὰ
2733 2843 3095 2916 μαρτυριῶν,
3123 2845 3212 2916 ὅτι
3240 2849 3301 2899 αἱ
3337 2845 3484 2900 θεῖαι
3531 2845 3785 2916 Γρηφαῖ,

2274 2917 2340 2969 τὸ
2370 2911 2458 2986 ἦν,
2521 2915 2618 2986 καὶ
2668 2911 2747 2986 τό
2777 2911 2946 2986 όῗῶν,
2978 2915 3082 2986 ,καὶ
3126 2915 3193 2986 τὸ
3245 2917 3523 2986 ὑπάρχων,
3570 2911 3673 2971 imi
3721 2911 3788 2970 τὸ

2270 2985 2442 3057 ἤμην,
2481 2985 2577 3039 καὶ
2625 2985 2692 3038 τὸ
2721 2985 2857 3057 εἰμὶ,
2891 2985 2991 3057 καὶ
3011 2985 3086 3057 ,τὸ
3122 2985 3290 3057 ἔστιν,
3322 2985 3425 3041 ἐπὶ
3457 2987 3564 3041 τοῦ
3595 2990 3789 3056 Λόγου

2271 3055 2500 3110 τιθέασι
2523 3057 2757 3127 -μόνου,
2781 3055 2785 3056 ⁷
2811 3056 2910 3110 ἐπὶ
2960 3056 3027 3127 δὲ
3073 3055 3192 3110 τῶν
3253 3057 3518 3127 γενητῶν
3567 3055 3787 3117 οὐκέτι,

2271 3127 2432 3200 ἀλλά
2464 3125 2706 3200 μᾶλξὶοη
2740 3127 2805 3180 τὸ
2853 3126 3142 3200 «metata!
3177 3125 3438 3200 τόπρὶν,
3465 3128 3563 3182 καὶ
3593 3129 3655 3182 τό
3685 3130 3792 3200 πρὸ

2127 3222 2174 3284 C
2273 3197 2392 3264 τοῦ,
2418 3196 2515 3250 καὶ
2542 3197 2608 3250 τὸ
2637 3195 2846 3266 γέγονε,
2877 3197 2975 3250 καὶ
3003 3197 3118 3251 ὅσα
3148 3195 3380 3264 τούτοις
3405 3197 3596 3269 ὅμοια.

2279 3315 2341 3367 ’0
2371 3312 2562 3385 Σωτὴρ
2585 3311 2645 3367 τὸ
2692 3313 2864 3367 ἀΐδιον
2893 3311 2996 3383 τῆς
3036 3311 3172 3376 ἰδίας
3202 3311 3554 3381 ὑποστάσεως
3593 3313 3793 3386 σημαί-

2201 3423 2306 3460 νων
2353 3405 2571 3474 ἕλεγενο
2607 3423 2625 3456 ι
2672 3402 2812 3474 Ἐγὼ
2857 3405 2971 3474 εἰμι
3013 3405 3046 3476 ἡ
3103 3405 3360 3476 ἀλήθεια·
3416 3404 3527 3474 ἐγώ
3583 3408 3698 3476 εἰμι
3731 3406 3793 3459 τὸ

2205 3499 2356 3568 φῶς’
2389 3496 2500 3567 ἐγώ
2530 3499 2646 3567 εἰμι
2670 3497 2697 3550 6
2723 3497 2946 3568 ποιμήν.
2977 3515 2995 3548 ›
3035 3498 3147 3550 Καὶ
3178 3498 3342 3551 πάλιν
3364 3498 3499 3569 πρὸς
3532 3499 3658 3562 τοὺς
3689 3517 3794 3569 μα-

2205 3591 2405 3661 θητάς·
2442 3608 2460 3640 ι
2517 3589 2709 3658 Ὑμεῖς
2745 3587 2960 3641 καλεῖτέ
3007 3606 3094 3659 με,
3123 3591 3151 3642 ὁ
3185 3589 3389 3661 Κύριος
3431 3592 3524 3644 καὶ
3562 3591 3590 3642 6
3636 3591 3798 3646 Διδά-

2208 3683 2426 3746 σκαλος,
2457 3679 2550 3735 καὶ
2578 3679 2758 3744 καλῶς
2789 3680 2976 3749 λέγετε
2998 3697 3012 3711 ’
3045 3680 3162 3752 εἰμὶ
3188 3682 3326 3753 γάρ’
3365 3702 3384 3734 ι
3425 3684 3518 3736 καὶ
3547 3685 3574 3736 6
3594 3684 3796 3754 Ψαλμο

2205 3771 2340 3842 ῳδὸς
2365 3771 2491 3842 περὶ
2506 3767 2672 3822 αὑτοῦ
2698 3786 2711 3800 °
2741 3788 2760 3820 ι
2785 3770 2898 3841 Πρὸ
2927 3769 3020 3823 τοῦ
3040 3772 3140 3842 ὅρη
3158 3771 3507 3843 ἑδρασθῆναι,
3534 3775 3628 3826 καὶ
3653 3773 3793 3828 πλα-

2209 3864 2398 3934 σθῆναι
2439 3865 2535 3935 τὴν
2582 3865 2688 3933 γῆν
2721 3864 2813 3916 καὶ
2863 3863 2962 3934 τὴν
3018 3865 3376 3936 οἰκουμένην·
3409 3868 3501 3920 καὶ
3539 3867 3646 3920 ἀπὸ
3695 3867 3794 3922 τοῦ

2207 3958 2402 4022 αἰῶνος
2431 3959 2524 4011 καὶ
2567 3957 2673 4021 ἕως
2712 3957 2807 4010 τοῦ
2851 3957 3047 4020 αἰῶνος
3075 3957 3139 4009 σὺ
3169 3954 3235 4011 εἷ.
3274 3977 3292 4009 ι
3324 3959 3495 4022 Αὑτὸς
3516 3960 3642 4030 περὶ
3668 3961 3796 4012 ὲαυι

2207 4051 2303 4105 τοῦ
2326 4067 2338 4082 ·
2376 4069 2394 4101 ι
2446 4048 2588 4118 Ἑγὼ
2612 4052 2728 4120 εἰμι
2768 4051 2800 4120 ἡ
2831 4050 2976 4113 όδόςο
3009 4050 3101 4103 καὶ
3137 4049 3249 4119 ἐγώ
3274 4051 3444 4120 εἰμιὴ
3476 4049 3633 4121 Οὖρα.
3670 4069 3688 4101 ι
3731 4051 3793 4105 ’0

2207 4144 2400 4215 Πατὴρ
2429 4143 2485 4196 δὲ
2511 4143 2639 4213 περὶ
2675 4141 2869 4195 αὑτοῦ·
2907 4160 2926 4192 ι
2958 4142 3032 4195 Σὺ
3069 4138 3118 4194 εἴ
3142 4145 3170 4196 6
3196 4142 3324 4205 Υἱός
3369 4159 3468 4212 μου
3495 4145 3522 4194 6
3570 4145 3790 4214 ἀγαπη-

2207 4236 2325 4298 τός⁸
2360 4253 2377 4286 ι
2416 4236 2511 4290 καὶ
2538 4234 2716 4298 πάλιν,
2749 4253 2767 4285 ι
2806 4233 3009 4304 Κύριος
3049 4229 3171 4286 εἷπε
3216 4233 3353 4303 πρός
3387 4251 3485 4302 με·
3526 4234 3654 4298 Υἱός
3689 4251 3790 4304 μου

2209 4322 2260 4379 εἴ
2289 4327 2374 4380 σύ.
2425 4346 2442 4378 ι
2479 4325 2763 4396 Πανταχοῦ
2793 4326 2852 4378 τὸ
2879 4321 2953 4389 εἴ,
2981 4325 3074 4377 καὶ
3098 4324 3155 4377 τὸ
3186 4321 3283 4394 ἦν,
3313 4326 3371 4377 ἐν
3400 4324 3610 4388 τούτοις
3639 4325 3793 4395 φέρε-

2208 4435 2332 4473 ται·
2369 4418 2607 4490 οὐδαμοῦ
2633 4419 2690 4472 δὲ
2713 4418 2775 4470 τὸ
2825 4417 3092 4487 γέγονεν.
3137 4417 3260 4470 Ἐπὶ
3296 4417 3350 4470 δὲ
3377 4417 3483 4470 τῶν
3511 4416 3753 4487 γενητῶν
3774 4435 3788 4448 ο

2216 4531 2234 4562 ι
2265 4511 2491 4580 Πνεῦμα
2531 4509 2676 4561 Θεῖον
2715 4507 2779 4560 τὸ
2809 4506 3042 4578 ποιῆσάν
3087 4523 3152 4576 με
3178 4522 3192 4536 ·
3233 4526 3252 4559 ι
3285 4507 3312 4558 6
3333 4505 3536 4573 Μωσῆς
3566 4506 3634 4557 τά
3662 4505 3791 4575 περὶ

2207 4603 2476 4669 γενέσεως
2525 4600 2732 4668 κόσμου
2793 4597 3178 4668 διηγούμενος·
3229 4615 3248 4647 ι
3300 4596 3409 4648 Καὶ
3450 4598 3558 4649 πᾶν
3583 4597 3791 4666 χλωρὸν

2205 4691 2379 4762 ἀγροῦ
2430 4691 2535 4760 πρὸ
2580 4689 2674 4743 τοῦ
2725 4690 2980 4758 γενέσθαι
3026 4689 3119 4741 επὶ
3157 4688 3256 4758 τῆς
3287 4689 3421 4757 γῆςι
3473 4689 3568 4742 καὶ
3613 4688 3790 4742 πάντα

2205 4783 2399 4853 χόρτον
2433 4782 2603 4854 ἀγροῦ
2648 4783 2756 4854 πρὸ
2783 4783 2879 4836 τοῦ
2931 4781 3239 4836 ἀνατεῖλαι·
3271 4781 3331 4832 οὑ
3369 4781 3474 4851 γὰρ
3511 4781 3729 4851 ἔϐρεξεν
3762 4783 3791 4833 6

2204 4876 2336 4939 Θεὸς
2363 4876 2457 4928 ἐπὶ
2485 4867 2582 4947 τὴν
2613 4876 2739 4946 γῆν,
2770 4876 2864 4929 καὶ
2893 4873 3178 4945 ἄνθρωπος
3222 4873 3321 4926 οὐκ
3355 4869 3426 4944 ἦν
3465 4872 3790 4944 ἐργάζεσθαι

2202 4968 2304 5038 τὴν
2335 4968 2461 5038 γῆν.
2499 4987 2518 5018 ι

2450 5123 2570 5174 Ὅτι
2593 5121 2678 5185 τό,
2716 5120 2826 5185 ὅτε,
2863 5121 3088 5188 χρόνον
3117 5120 3209 5176 ἀεὶ
3247 5119 3546 5190 σημαίνει.

2291 5277 2376 5328 Ἑν
2409 5275 2486 5346 τῷ
2517 5275 2941 5347 Δευτερονομίῳ,
2976 5294 2995 5329 ι
3049 5276 3179 5330 Ὅτε
3215 5275 3520 5347 διεμέριζεν
3562 5277 3589 5328 6
3627 5274 3790 5347 ’Ὑψι-

2209 5387 2332 5432 στος
2370 5369 2517 5439 ἔθνη.
2554 5387 2572 5421 ι

2255 5593 2300 5624 ε’
2335 5592 2474 5646 Psal.
2513 5608 2710 5646 unlx
2735 5633 2750 5656 ,
2790 5593 2876 5646 17.
2953 5593 2999 5623 ’⁸
3024 5589 3167 5646 Psal.
3212 5608 3386 5655 xxxv,
3423 5591 3505 5645 i0.
3570 5591 3615 5623 "
3643 5588 3781 5644 Psal.

1937 5665 1978 5693 "
2006 5662 2162 5716 Juau.
2192 5679 2311 5728 ιιιιι,
2342 5664 2428 5718 15.
2508 5664 2555 5694 ’³
2584 5663 2724 5718 Psal.
2763 5678 2986 5723 Luxu,
3015 5661 3068 5714 2.
3147 5663 3191 5694 ”
3220 5662 3376 5719 Juan.
3404 5677 3514 5729 xw,
3539 5661 3609 5731 6;
3633 5675 3688 5728 κ,
3728 5659 3784 5717 9ο

1043 5732 1082 5762 ³³
1117 5732 1257 5786 P.~al.
1294 5748 1355 5796 ιι,
1397 5733 1447 5786 7.
1529 5733 1571 5762 ³⁸
1609 5731 1761 5784 Deut.
1801 5748 1977 5798 xxx”,
2010 5735 2062 5787 6.
2144 5736 2186 5772 3‘
2229 5735 2363 5789 Gen.
2397 5751 2456 5800 ιι,
2495 5735 2546 5788 5.

2629 5735 2671 5765 ³⁸
2701 5735 2856 5790 Deut.
2889 5747 3060 5797 χχχιι,
3092 5733 3144 5787 8.
