4106 6452
473 330 545 391 ιζ’,
1506 331 1565 387 S.
1608 329 1888 388 CYRILLI
1924 330 2397 390 ALEXANDRINI
2433 336 2751 394 ARCHIEP.
3659 336 3730 394 ιι

474 452 741 500 creatum.
798 443 856 500 Si
902 454 1083 501 autem
1126 444 1243 501 hoc
1295 460 1479 500 verum
1525 454 1629 510 est,
1681 461 1788 503 non
1837 447 2055 502 habebit

2160 450 2305 521 μένῳ
2333 451 2395 504 τδ
2424 451 2758 523 κτιζόμενον.
2818 452 2881 505 Et
2927 451 2985 504 δὲ
3028 450 3183 505 τοῦτο
3221 449 3419 521 ἀληθὲς
3440 491 3455 517 ,
3483 451 3581 521 οὑχ
3617 451 3730 517 ἕξει

476 535 654 591 locum
686 535 837 604 illud,
881 535 1004 591 Non
1035 545 1167 601 erat.
1198 537 1268 591 de
1296 532 1453 603 Filio,
1504 539 1648 606 quod
1686 536 1943 592 nimirum
1987 538 2052 593 de

477 627 608 684 solis
640 628 913 685 creaturis
934 629 1149 700 proprie
1183 628 1405 691 dicitur.

1159 737 1385 793 ALIUD.

550 852 608 908 Si
642 852 812 909 Filius
840 853 1052 925 genitos
1081 861 1165 908 est
1194 869 1223 907 a
1259 852 1418 909 Patre
1452 871 1465 909 :
1496 852 1623 906 illud
1658 867 1787 907 vero
1813 851 1954 924 quod
1986 868 2052 906 ex

479 943 638 1001 Patre
667 945 905 1014 genitum
939 951 1040 1008 est,
1072 943 1308 1000 Verbum
1347 943 1516 1013 ipsius
1547 953 1649 1009 est,
1686 952 1738 996 et
1767 943 2052 1011 sapientia,

477 1045 531 1091 et
572 1035 830 1105 splendor
850 1034 930 1100 ³⁹;
970 1035 1061 1105 qui
1113 1036 1300 1090 dicunt
1333 1033 1505 1090 :Erat
1549 1036 1759 1105 quando
1801 1052 1903 1089 non
1942 1044 2054 1088 erat

481 1122 674 1189 Filius,
706 1123 890 1193 procul
927 1123 1090 1178 dubio
1123 1133 1373 1179 asserunt
1402 1124 1568 1179 fuisse
1599 1132 1809 1195 tempus
1840 1123 2055 1192 quando

474 1211 636 1268 Pater
696 1212 904 1281 absque
961 1209 1162 1278 Verbo,
1219 1212 1427 1283 absque
1477 1212 1762 1283 sapientia,
1822 1204 2056 1282 denique

474 1302 685 1370 absque.
716 1301 954 1371 proprio
1000 1315 1099 1355 suo
1142 1300 1428 1371 splendore
1457 1302 1748 1356 exstiterit.
1793 1300 1888 1355 Sin
1926 1316 2054 1355 vero

478 1396 580 1449 hoc
612 1394 908 1447 absurdum
939 1401 1044 1459 est,
1073 1403 1222 1447 certe
1265 1390 1415 1456 illud,
1470 1390 1592 1445 Non
1623 1402 1757 1456 erat,
1799 1393 1864 1447 de
1894 1392 2050 1456 Filio,

476 1486 709 1539 otiosum
745 1484 871 1540 erit.
916 1483 1031 1537 Erit
1063 1485 1246 1552 itaque
1276 1482 1781 1561 Patrbcozeternus.

1133 1573 1362 1629 ALIUD.

478 1688 716 1757 Obiectio
759 1704 860 1740 non
898 1681 1043 1752 vero,
1072 1701 1196 1757 quas,
1227 1682 1355 1757 ilii
1384 1685 1734 1738 wlernitalem
1761 1684 2055 1740 subvertere

1150 1755 1375 1810 videtur.

546 1872 629 1939 Si,
664 1870 938 1940 inquiunt,
979 1867 1158 1922 divina
1206 1876 1400 1921 natura
1434 1864 1754 1920 divisionem
1803 1879 1908 1919 non
1955 1865 2045 1921 ad.

480 1966 668 2030 mittit,
695 1979 762 2020 eo
782 1964 923 2034 quod
950 1961 1099 2015 nulla
1131 1960 1313 2030 passio
1343 1959 1395 2012 in
1420 1972 1539 2013 eam
1567 1958 1713 2011 cadit
1739 1956 1882 2026 (quae
1908 1956 2051 2011 enim

475 2056 715 2126 passioni
762 2053 995 2110 obnoxia
1030 2061 1181 2116 sunt,
1218 2050 1285 2106 iis
1314 2050 1479 2104 etiam
1506 2047 1788 2119 proprium
1838 2057 1921 2103 est
1970 2049 2052 2103 di-

476 2147 607 2219 vidi)
638 2163 744 2202 non
775 2157 861 2202 cst
892 2142 1003 2217 24
1033 2143 1296 2199 dicendus
1316 2139 1486 2197 Filius
1515 2154 1583 2197 ex
1611 2139 1848 2194 essentia
1877 2139 2054 2194 Patris

473 2255 618 2305 esse,
659 2252 728 2292 ne
750 2236 931 2308 passio
959 2236 1139 2304 aliqua
1185 2242 1241 2289 et
1270 2230 1465 2287 divisio
1494 2230 1546 2284 in
1588 2230 1820 2301 simplici
1859 2240 2051 2287 natura

476 2333 739 2387 videatur.
782 2329 844 2384 Si
881 2328 1027 2384 enim
1076 2325 1126 2379 id
1160 2323 1307 2396 quod
1363 2337 1427 2378 ex
1463 2322 1647 2390 aliquo
1675 2323 1940 2393 procedit,
1974 2323 2054 2378 di-

476 2438 689 2477 versum
739 2422 897 2492 plane
938 2432 1169 2473 numero
1220 2423 1306 2472 cst
1352 2414 1420 2469 ab
1468 2428 1534 2468 eo
1588 2415 1727 2470 unde
1767 2416 2051 2484 processit,

477 2512 673 2567 divisio
704 2510 950 2581 quaedam
982 2519 1145 2578 atque
1178 2505 1351 2561 seetio
1388 2505 1442 2559 in
1475 2505 1652 2559 divina
1687 2514 1879 2560 natura
1906 2508 2055 2562 vide-

478 2612 585 2666 tur,
627 2600 671 2654 si
712 2616 820 2655 non
865 2597 1228 2660 extrinsecus,
1272 2596 1366 2649 sed
1429 2610 1617 2651 revera
1669 2611 1734 2652 ex
1779 2597 1895 2667 ipsa
1928 2613 2051 2669 pro.

475 2691 708 2747 cessisse
735 2689 931 2743 Filium
972 2696 1301 2744 statuamus.
1335 2681 1391 2739 Si
1424 2701 1552 2741 vero
1582 2688 1919 2743 extrinsecus
1948 2696 2051 2753 est,

476 2795 604 2853 ergo
633 2794 798 2850 super
824 2779 1079 2843 accessit,
1122 2790 1298 2846 neque
1327 2785 1411 2831 est
1448 2775 1596 2832 Patri
1618 2787 1943 2835 coaeternus.

981 2950 1188 3009 Salutio
1220 2952 1547 3023 objectionis.

546 3064 685 3122 Male
725 3064 1085 3135 imperiteque
1127 3078 1420 3134 corporum
1469 3063 1829 3134 proprietates
1868 3063 2053 3120 incor-

478 3172 655 3228 porea:
686 3156 939 3212 essentia:
971 3155 1407 3218 accommodant.
1461 3153 1515 3208 lu
1550 3154 1868 3225 corporibus
1908 3155 2050 3207 enim

476 3259 626 3305 recte
675 3248 784 3303 dici
823 3256 1002 3317 potest
1034 3245 1151 3301 lleri
1201 3248 1508 3315 passionem
1557 3255 1611 3299 et
1663 3246 1958 3301 sectionem
1993 3260 2056 3299 ac

476 3341 834 3407 divisionem;
883 3347 938 3392 at
985 3336 1040 3390 in
1074 3346 1323 3391 naturam
1357 3338 1736 3408 incorpoream
1783 3335 1920 3391 nihil
1955 3336 2055 3393 bo-

481 3449 597 3488 rum
656 3433 825 3486 cadit.
864 3428 930 3484 Si
972 3442 1101 3484 vero
1152 3428 1294 3485 Deus
1342 3430 1697 3499 incorporeus
1737 3437 1840 3494 est,
1884 3427 2057 3497 gignit

476 3525 613 3580 citra
639 3518 730 3578 ἐιιί
784 3522 1131 3590 divisionem,
1165 3532 1392 3594 generat
1446 3522 1584 3579 citra
1633 3521 1952 3576 sectionem.
1994 3518 2053 3571 Si

479 3618 697 3688 quidem
716 3616 895 3671 etiam
942 3615 1083 3687 ignis
1109 3616 1283 3687 gignit
1303 3600 1369 3672 ex
1391 3629 1450 3671 se
1477 3614 1683 3677 lumen,
1735 3609 1941 3666 nullam
1973 3618 2057 3664 ta-

481 3724 602 3764 men
626 3708 940 3764 divisionem
965 3706 1189 3776 patitur,
1218 3706 1430 3762 tametsi
1457 3702 1789 3775 cogitatione
1812 3701 2055 3775 separari

479 3799 873 3871 quodammodo
906 3799 975 3854 ab
1018 3814 1084 3856 eo
1112 3800 1363 3855 videatur
1389 3798 1442 3853 id
1475 3794 1620 3867 quod
1660 3809 1726 3849 ex
1766 3807 1833 3848 eo
1862 3807 2053 3863 proce-

480 3894 578 3947 dit.
612 3889 669 3945 Si
704 3891 827 3960 quis
852 3904 979 3945 vero
1013 3904 1292 3961 corporeae
1334 3883 1647 3945 necessitati
1679 3884 2053 3955 incorpoream

481 3995 731 4039 naturam
778 3982 1056 4052 subjiciat,
1109 3983 1311 4039 mentis
1345 3994 1456 4035 sua:
1502 3975 1928 4033 imbecillitatem
1973 3974 2057 4029 iu-

480 4083 652 4141 cuset,
685 4089 804 4142 qua:
832 4088 895 4127 ea
922 4073 1228 4143 intelligere
1256 4071 1445 4141 nequit
1477 4082 1597 4137 qua:
1627 4077 1839 4122 naturae
1877 4066 2058 4122 incor-

479 4176 658 4231 porea;
684 4161 1036 4225 conveniunt.
1064 4161 1132 4215 Et
1158 4173 1375 4215 rursum
1409 4175 1422 4211 :
1455 4155 1511 4211 Si
1543 4155 1786 4211 nonnulli
1817 4156 1870 4211 in
1898 4155 2057 4212 intel-

476 4252 692 4322 ligenda
741 4256 943 4307 aeterna
982 4249 1114 4305 Filii
1168 4263 1233 4303 ex
1265 4257 1471 4302 aeterno
1516 4241 1678 4299 Patre.
1706 4244 2057 4314 generatione

480 4343 765 4407 laborant,
811 4352 978 4410 atque
1006 4339 1128 4395 ideo
1155 4336 1431 4407 corporeis
1466 4334 1768 4390 rationibus
1806 4343 2054 4389 naturam

2152 544 2317 600 τόπον
2347 544 2429 608 τὸ,
2473 547 2596 599 Οὐκ
2641 541 2749 616 ἦν,
2784 546 2868 615 ἑφ’
2902 544 3055 611 Υίοῦ,
3094 544 3236 599 κατὰ
3292 545 3470 615 μόνων
3503 546 3732 615 κτισμάι-

2152 654 2261 691 των
2295 637 2499 707 κυρίως
2532 638 2838 707 τιθέμενον.

2857 751 3062 804 ΔΛΛΟ.

2224 864 2286 915 Et
2329 861 2593 931 ἐγεννήθη
2634 861 2662 914 ὁ
2695 862 2822 926 Υίὸς
2868 861 3016 932 παρὰ
3064 859 3157 915 τοῦ
3193 860 3425 932 Πατρὸς,
3466 860 3525 912 τὸ
3565 860 3620 913 δὲ
3669 861 3731 913 ἐκ

2152 951 2246 1005 τοῦ
2293 951 2502 1023 [ἰατρὸς
2552 950 2808 1021 γεννηθὲν
2866 954 2891 1005 5
2922 952 3093 1019 Λόγος
3141 951 3288 1003 ἐστὶν
3337 948 3528 1012 αὑτοῦ,
3573 947 3667 1002 καὶ
3694 950 3727 1017 ἡ

2155 1044 2338 1112 σοφία,
2364 1045 2455 1097 καὶ
2481 1042 2542 1095 τὸ
2567 1042 2927 1112 ἀπαύγασμα,
2956 1043 3002 1095 οἱ
3029 1041 3276 1109 λέγοντες
3296 1057 3311 1070 ·
3344 1036 3455 1096 Ἦν
3491 1038 3587 1094 ὅτε
3619 1044 3731 1094 οὐκ

2155 1135 2235 1205 ἦν
2259 1137 2292 1189 d
2318 1135 2469 1201 Υἱὸς,
2497 1134 2754 1204 ἄντικρυς
2778 1133 3048 1203 λέγουσιν,
3080 1129 3188 1187 Ἦν
3216 1133 3304 1186 ὅτε
3332 1131 3523 1200 ἄλογος
3538 1127 3605 1203 ἦν
3636 1132 3734 1186 καὶ

2153 1228 2373 1296 άσοφος,
2399 1227 2491 1280 καὶ
2518 1227 2688 1299 χωρὶς
2712 1226 2806 1279 τοῦ
2834 1225 2966 1279 ίδίου
2997 1224 3433 1295 ἀπαυγάσματος
3458 1226 3485 1278 ὁ
3518 1223 3730 1293 Πατήρ.

2156 1317 2220 1373 Εἰ
2253 1320 2308 1372 δὲ
2350 1318 2507 1372 τοῦτο
2539 1317 2761 1383 ἄτοπον,
2804 1317 3035 1388 ἀργήσει
3075 1316 3292 1377 πάντως
3322 1314 3414 1367 ἐπὶ
3465 1314 3560 1366 τοῦ
3599 1311 3732 1366 Υίοῦ

2157 1408 2236 1474 τὸ,
2270 1410 2392 1463 Οὐκ
2429 1405 2527 1464 ἦν.
2560 1408 2752 1461 Ἔσται
2785 1404 2879 1461 οὖν
2908 1405 2986 1460 τῶ
3020 1403 3197 1476 Πατρὶ
3235 1402 3520 1465 συναῖδιος.

2842 1580 3043 1633 ΑΛΛΟ.

2167 1694 2488 1759 Ἀντίθεσις
2515 1710 2626 1748 ουκ
2660 1693 2916 1762 ἀληθὴς,
2945 1691 3299 1762 ἀνατρέπειν
3324 1690 3589 1744 δοκοῦσα
3626 1690 3734 1744 τοῦ

2717 1763 2853 1819 Υίοῦ
2882 1762 2948 1817 τὸ
2981 1761 3192 1816 ἀΐδιον.

2224 1876 2289 1930 Εί
2324 1874 2517 1946 τομὴν,
2550 1874 2735 1946 φησιν,
2762 1876 2797 1946 ἡ
2831 1874 2951 1928 θεία
2973 1873 3133 1943 φύσις
3159 1874 3260 1926 οὑκ
3290 1873 3616 1942 ἐπιδέχεται,
3648 1872 3737 1925 διὰ
3808 1882 3819 1890 ·

2152 1968 2214 2021 τὸ
2251 1967 2326 2039 μὴ
2369 1964 2511 2022 εἶναι
2551 1966 2759 2031 πάθους
2803 1967 3056 2038 δεκτικὴν
3106 1960 3219 2037 (οἷς
3260 1967 3369 2037 γὰρ
3405 1965 3468 2019 τὸ
3507 1965 3736 2035 πάσχειν

2122 2057 2296 2112 οκατά
2329 2056 2491 2126 φύσιν
2526 2056 2791 2127 ὑπάρχει,
2839 2055 3049 2118 τούτοις
3101 2055 3251 2107 ἐστὶν
3282 2054 3479 2109 οἰκεῖον
3530 2052 3624 2105 καὶ
3672 2052 3736 2103 τὺ

2152 2147 2493 2220 τέμνεσθαι),
2521 2149 2582 2201 οὑ
2617 2145 2723 2219 χρὴ
2750 2146 2930 2214 λέγειν
2962 2147 3026 2199 ἐκ
3053 2145 3151 2215 τῆς
3184 2144 3373 2207 οὑσίας
3397 2141 3491 2196 τοῦ
3525 2138 3735 2211 Πατρὸς

2152 2235 2294 2296 εἶναι
2326 2240 2417 2295 τὸν
2451 2239 2603 2304 Υἱὸν,
2645 2238 2732 2292 ἵνα
2762 2237 2837 2306 μή
2880 2253 2932 2289 τι
2965 2235 3137 2299 πάθος
3169 2235 3262 2287 καὶ
3307 2232 3575 2305 διαίρεσις
3609 2233 3738 2303 περὶ

2152 2334 2250 2405 τὴν
2279 2332 2456 2403 ἁπλῆν
2491 2330 2748 2401 φαίνηται
2778 2326 2960 2397 φύσιν.
3005 2328 3067 2380 Εί
3101 2327 3210 2397 γὰρ
3240 2325 3300 2378 τὸ
3329 2324 3393 2378 ἐκ
3430 2341 3574 2387 τινος
3604 2340 3738 2393 προ-

2152 2425 2326 2492 ελθὸν,
2356 2423 2542 2494 ἕτερόν
2575 2437 2628 2474 τι
2672 2419 2891 2481 πάντως
2931 2417 3007 2489 τῷ
3038 2415 3257 2490 ἀριθμῷ
3295 2417 3424 2488 παρ’
3447 2418 3644 2479 ἐκεῖνο,
3678 2412 3739 2477 ἐξ

2153 2511 2214 2574 οὗ
2249 2518 2342 2573 καὶ
2379 2512 2637 2587 προῆλθε,
2677 2510 2944 2583 μερισμός
2975 2527 3058 2573 τις
3093 2508 3187 2563 καὶ
3216 2508 3448 2579 διακοπὴ
3484 2507 3612 2577 περὶ.
3640 2503 3737 2577 τὴν

2154 2608 2304 2662 θείαν
2334 2606 2524 2676 ὁρᾶται
2555 2601 2737 2672 φύσιν,
2762 2600 2811 2652 εί
2847 2598 2922 2671 μὴ
2954 2596 3174 2664 ἔξωθεν,
3199 2596 3321 2675 ,ἀλλ’
3348 2596 3516 2658 ὅντως
3547 2596 3605 2661 ἐξ
3634 2594 3733 2645 αύ-

2151 2699 2250 2768 τῆς
2282 2696 2504 2765 δοίημεν
2541 2690 2823 2763 προελθεῖν
2854 2689 2947 2743 τὸν
2976 2689 3126 2743 Υίόν.
3155 2689 3219 2742 Εί
3253 2688 3312 2742 δὲ
3339 2686 3538 2752 ἔξωθέν
3567 2688 3736 2748 ἐστιν,

2149 2786 2592 2859 ὲπισυμϐέϐηκεν
2632 2782 2771 2854 ἄρα,
2818 2783 2913 2836 καὶ
2948 2782 3047 2835 οὑκ
3093 2780 3208 2835 ἔστι
3261 2780 3338 2851 τῷ
3390 2777 3568 2849 Πατρὶ
3615 2795 3740 2831 συν·

2152 2879 2340 2942 αῒδιος.

2646 2964 2802 3036 Πρὸς
2825 2963 3002 3020 τοῦτο
3035 2965 3235 3030 λύσις.

2224 3080 2428 3145 Κακῶς
2456 3080 2550 3134 καὶ
2577 3079 2921 3144 ἀπαιδεύτως
2950 3079 3020 3133 τὰ
3056 3079 3328 3149 σωμάτων
3362 3075 3467 3129 ἴδια
3498 3076 3565 3146 τῇ
3597 3075 3738 3129 ἀσω-

2158 3176 2312 3247 μάτῳ
2339 3174 2481 3236 τινὲς
2513 3171 2918 3244 προσάπτουσιν
2950 3170 3130 3241 οὐσίᾳ.
3171 3168 3295 3221 Ἐπὶ
3331 3166 3600 3238 σωμάτων
3640 3166 3739 3236 μὲν

2154 3265 2262 3334 γὰρ
2293 3262 2523 3334 ἁρμόσει
2555 3261 2758 3330 λέγειν,
2801 3261 2970 3324 πάθος
2998 3258 3245 3329 γίνεσθαι
3287 3256 3385 3310 καὶ
3425 3255 3598 3327 τομὴν
3647 3256 3741 3309 καὶ

2150 3354 2446 3425 διαίρεσινσ
2489 3352 2581 3405 ἐπὶ
2612 3352 2670 3407 δὶ
2700 3352 2801 3421 τῆς
2844 3351 3145 3422 ἀσωμάτου
3191 3349 3404 3419 φύσεως
3433 3347 3583 3401 οὐδέν
3625 3348 3739 3400 ἐστι

2153 3446 2264 3500 τῶν
2300 3443 2576 3499 τοιούτων.
2622 3444 2686 3496 Ei
2731 3443 2786 3496 δὲ
2824 3441 3114 3514 ἀσώματος
3162 3441 3190 3494 ὁ
3225 3439 3388 3503 Θεὸς,
3436 3440 3611 3491 τίκτει
3665 3436 3739 3506 μὴ

2154 3538 2535 3609 μεριζόμενος,
2580 3536 2745 3607 γεννᾷ
2782 3533 2856 3605 μὴ
2892 3533 3246 3604 τεμνόμενος.
3289 3528 3508 3598 Ἐπειδὴ
3545 3529 3639 3582 καὶ
3678 3527 3739 3579 τὸ

2156 3627 2268 3701 πῦρ
2311 3628 2373 3694 ἐξ
2414 3626 2610 3682 ἑαυτοῦ
2649 3626 2825 3679 τίκτει
2871 3623 2931 3676 τὸ
2976 3621 3127 3691 φῶς,
3179 3619 3436 3689 οὐδεμίαν
3472 3616 3740 3687 ὑπομένον

2151 3722 2436 3794 διαίρεσιν,
2467 3719 2572 3775 κᾶν
2600 3720 2666 3787 τῇ
2709 3715 2922 3786 ἐπινοίᾳ
2952 3711 3277 3784 χωρίζεσθαι
3309 3711 3439 3781 δοκῇ
3485 3726 3604 3772 πως
3642 3709 3739 3761 αὑ-

2155 3812 2249 3865 τοῦ
2286 3811 2349 3864 τὸ
2382 3810 2444 3877 ἐξ
2485 3811 2650 3865 αὑτοῦ
2694 3807 2979 3881 προελθὸν.
3027 3805 3090 3860 Et
3118 3804 3177 3858 δέ
3208 3821 3291 3868 τις
3336 3805 3453 3868 ταῖς
3497 3817 3740 3869 σωματι-

2155 3907 2280 3968 καῖς
2301 3904 2566 3974 ἀνάγκαις
2598 3900 2890 3955 ὑποδάλλοι
2918 3899 2980 3952 τὸ
3012 3896 3321 3968 ἀσώματον,
3355 3892 3619 3950 αίτιάσθω
3646 3890 3740 3944 τοῦ

2156 3996 2358 4050 οἰκείου
2390 3994 2482 4049 νοῦ
2510 3992 2607 4062 τὴν
2639 3990 2948 4055 ἀσθένειαν,
2971 3989 3031 4042 οὑ
3070 3986 3369 4057 δυναμένου
3407 3986 3546 4039 νοεῖν
3572 3982 3640 4036 τά
3671 3984 3736 4053 τῇ

2156 4085 2434 4157 ἀσωμάτῳ
2467 4085 2743 4153 πρέποντα
2782 4080 2964 4151 φύσει.
3005 4080 3116 4133 Καὶ
3154 4078 3344 4133 πάλιν⁸
3375 4077 3424 4129 εί
3457 4072 3742 4130 άσθενοῦσί

2155 4195 2302 4242 τινες
2332 4176 2461 4246 περὶ
2485 4175 2546 4228 τὸ
2576 4175 2768 4243 νοῆσαι
2794 4174 2893 4245 τὴν
2923 4172 2982 4241 ἔξ
3011 4172 3179 4226 ἀϊδίου
3211 4169 3422 4243 Πατρὸς
3451 4168 3619 4221 ἀΐδιον
3647 4165 3740 4218 τοῦ

2157 4269 2288 4323 Υίοῦ
2320 4269 2595 4337 γέννησιν,
2622 4266 2709 4320 διά
2737 4283 2796 4319 τε
2825 4266 2983 4319 τοῦτο
3012 4269 3132 4328 ταῖς
3162 4262 3498 4334 σωματικαῖς
3523 4259 3744 4312 ἀκολου-

2157 4361 2299 4424 θίαις
2330 4360 2686 4413 ὑποϐάλλουσι
2712 4358 2772 4412 τὸ
2799 4356 3109 4427 ἀσώματον,
3142 4354 3330 4433 ἐπειδὴ
3358 4354 3454 4406 καὶ
3478 4351 3535 4403 τί
3564 4352 3737 4414 ἐστιν,

480 4435 856 4503 incorpoream
905 4430 1250 4500 subjiciunt:
1285 4442 1407 4482 cum
1463 4438 1639 4494 neque
1685 4425 1812 4495 quid
1862 4425 1934 4480 sit
1974 4425 2054 4480 vel

2158 4452 2192 4525 ἢ
2222 4449 2458 4515 ποδαπὸς
2484 4453 2512 4504 ὁ
2540 4448 2730 4518 Πατὴρ
2756 4448 2898 4502 κατά
2923 4425 3021 4518 τὴν
3047 4446 3207 4515 φύσιν
3236 4430 3295 4497 ού
3303 4461 3334 4514 χ
3378 4440 3741 4510 εὑρίσκουσιν,

478 4522 658 4593 qualis
691 4522 992 4579 secundum
1030 4530 1287 4573 naturam
1333 4517 1407 4570 sit
1430 4514 1596 4570 Pater
1624 4530 1730 4570 non
1762 4515 2058 4580 inveniant,

482 4623 681 4684 negent
726 4614 894 4669 etiam
942 4613 1141 4681 ipsum.
1188 4608 1256 4665 .Si
1311 4622 1439 4662 vero
1481 4621 1544 4661 ea
1592 4621 1714 4676 quae
1751 4621 1915 4676 supra
1963 4620 2062 4661 nos

483 4710 633 4771 sunt,
662 4702 768 4759 (ide
807 4699 1315 4772 apprehenduntur,
1347 4708 1402 4751 et
1426 4695 1551 4751 Filii
1585 4695 1866 4765 generatio
1898 4709 2059 4765 supra

486 4808 587 4851 nos
635 4803 743 4863 est,
820 4807 978 4849 nemo
1045 4791 1190 4845 enim
1257 4788 1373 4857 ejus
1419 4790 1820 4859 generationem
1872 4802 2063 4842 narra-

485 4886 584 4954 bit,
641 4896 702 4942 ut
749 4886 827 4941 ait
874 4883 1137 4955 propheta
1173 4880 1242 4945 ⁸⁸,
1279 4881 1446 4935 etiam
1491 4882 1595 4936 hoc
1644 4879 1749 4934 [ide
1794 4879 2061 4948 suscipia-

489 4984 594 5042 tur,
626 4976 949 5042 irritumque
979 4971 1051 5025 sit
1088 4969 1242 5036 illud,
1275 4969 1400 5025 Non
1430 4980 1567 5035 erat,
1614 4983 1679 5024 ex
1719 4968 1939 5024 humani
1980 4970 2064 5023 in-

491 5067 732 5124 tellectus
763 5062 1137 5122 imbecillitate
1170 5063 1464 5117 invectum.

928 5171 1160 5228 ALIUD.
1199 5172 1278 5228 De
1301 5174 1614 5229 ceteruitate.

490 5293 838 5364 Syllogismus
870 5288 1245 5364 cum_quadam
1276 5287 1565 5364 quastione
1600 5296 2059 5364 connectatur!“

558 5356 826 5429 colligitur
873 5357 1224 5429 conﬁtendum
1277 5356 1582 5429 ιὲεδείΕίι)Δ
1608 5362 1832 5429 essentia
1880 5360 2059 5416 Patris

558 5425 701 5494 esse;
724 5444 826 5481 non
864 5428 1190 5483 extrinsecus
1221 5425 1500 5481 accessisse
1533 5425 1733 5483 Filium
1759 5445 1779 5485 :
1807 5430 1854 5483 si
1883 5443 2062 5486 autem

560 5504 632 5553 ita
664 5507 764 5562 est,
805 5506 1122 5552 cowternum
1147 5499 1306 5553 etiam
1341 5497 1496 5551 Patri
1524 5513 1654 5552 esse.

565 5745 609 5779 "
640 5742 661 5800 Ι
689 5744 820 5802 Cor.
849 5760 889 5814 ι,
920 5742 1023 5811 24;
1063 5745 1220 5801 llebr.
1256 5761 1291 5811 ι,
1328 5745 1381 5799 5.
1460 5745 1504 5777 ⁴⁰
1534 5743 1633 5798 Isa.
1671 5757 1786 5809 LIII,
1823 5742 1877 5798 8.
1928 5822 1933 5839 ι

1068 6060 1107 6076 ‘-

2163 4541 2535 4615 άρνείσθωσαν
2566 4543 2663 4594 καὶ
2692 4540 2873 4594 αὐτόν,
2907 4537 2970 4591 Et
3008 4537 3065 4591 δὲ
3104 4536 3282 4589 πίστει
3319 4533 3386 4586 τὰ
3415 4533 3558 4603 ὑπὲρ
3597 4532 3744 4601 ἡμᾶς

2167 4632 2681 4706 παραλαμϐάνεται,
2710 4632 2852 4704 ὑπὲρ
2885 4632 3030 4702 ἡμᾶς
3054 4629 3109 4682 δὲ
3135 4628 3231 4682 καὶ
3258 4627 3291 4697 ἡ
3326 4622 3594 4706 τοῦ-Υἱοῦ
3629 4623 3746 4691 γέν-

2165 4702 2321 4798 νησις
2338 4744 2352 4758 ’
2376 4702 2549 4790 οὐδεὶς
2575 4725 2683 4798 γὰρ
2714 4702 2878 4780 αὑτοῦ
2905 4725 3001 4794 τὴν
3027 4721 3219 4791 γενεάν
3242 4702 3578 4791 διηγήσεται,
3605 4715 3746 4769 καθά

2165 4833 2334 4887 φησιν
2363 4818 2392 4870 ὁ
2426 4818 2731 4888 προφήτης,
2784 4817 2968 4870 πίστει
3013 4810 3251 4883 δεχέσθω
3296 4810 3392 4863 καὶ
3430 4807 3608 4870 τοῦτο,
3654 4806 3746 4859 καὶ

2164 4908 2404 4981 άργείτω
2423 4908 2504 4975 τὸ,
2530 4911 2653 4963 Οὐκ
2677 4905 2776 4980 ἦν,
2805 4911 2864 4973 ἐξ
2890 4904 3248 4975 ἀνθρωπίνων
3274 4898 3554 4971 λογισμῶν
3586 4896 3747 4952 ἀσθε-

2074 5042 2077 5047 .
2169 4999 2276 5063 νῶς
2308 4999 2716 5073 είσφερόμενον.

2562 5178 2769 5233 AAAO.
2798 5142 2951 5246 \Hspl
2984 5177 3342 5246 ἁῖδιότητος.

2164 5290 2586 5360 Συλλογισμὸς
2633 5289 2785 5359 μετὰ
2806 5307 2993 5360 τινος
3042 5289 3474 5360 ἐπαπορήσεως
3527 5289 3750 5360 πεπλε-

2234 5356 2485 5431 γμένος(
2511 5360 2611 5415 καί
2634 5356 2938 5431 συνάγων
2968 5356 3074 5429 ἐις
3120 5356 3448 5431 ὁμολογίαν
3478 5358 3586 5413 τοῦ
3621 5356 3751 5431 δεῖν

2249 5427 2345 5483 Ἐκ
2382 5429 2494 5499 τῆς·
2526 5430 2741 5500 οὐσίας
2773 5427 2881 5484 τοῦ
2917 5427 3177 5500 Πατρός,
3210 5427 3323 5484 οὐκ
3363 5429 3588 5500 ἔξωθεν
3619 5427 3748 5500 sxt-

2238 5497 2521 5622 Ξξχοίνότα
2551 5499 2658 5553 τὸν
2693 5500 2830 5581 Υίρν
2864 5497 3315 5570 ὑπολαμϐάνειν
3332 5516 3345 5530 ’
3374 5502 3427 5555 εἰ
3457 5498 3524 5557 δὲ
3549 5497 3746 5564 τοῦτο,

2279 5573 2436 5622 πλον
2466 5569 2556 5622 ὅτι
2581 5569 2680 5622 καί
2712 5586 2793 5622 τω
2830 5571 3012 5622 nam!
3048 5569 3383 5622 συνιιῒδιον.

2291 5568 2317 5579 ι.

2279 5569 2436 5637 ἧλον
2466 5569 2556 5625 ὅτι
2581 5569 2680 5625 καί
2712 5570 2793 5635 τῷ
2829 5571 3012 5642 Πατρί
3048 5569 3383 5626 comidior.
