4106 6410
497 333 564 390 47
1501 337 1560 392 S.
1601 336 1875 392 CYRILLI
1919 337 2396 395 A‘LEXANDRINI
2435 337 2757 397 ARCHIEP.
3717 343 3786 395 18

503 456 611 510 rior
636 457 780 510 enim
807 465 890 511 est
916 456 1059 511 omni
1093 464 1334 525 tempore
1363 455 1533 521 Deus;
1573 459 1667 512 sed
1695 469 1751 512 ut
1786 459 1937 514 illum
1962 453 2084 530 qui-

2203 455 2367 526 τάξινε
2415 461 2530 514 ἄνω
2577 461 2687 532 γάρ
2726 459 2928 522 παντὸς
2975 460 3171 532 χρόνου
3213 460 3382 524 Θεὸς,
3435 460 3664 514 ἀλλ’ἵνα
3697 463 3789 514 τὸν

499 547 621 601 dem
651 557 706 599 ut
737 547 1071 612 Genitorem,
1105 546 1246 616 quod
1281 546 1452 614 patris
1480 547 1866 616 est'proprium
1897 564 1911 613 ;
1942 548 2088 602 hunc

500 653 628 693 vero
651 650 708 692 ut
736 639 1033 708 legitimum
1067 638 1261 692 Filium
1297 636 1645 692 incﬂabiliter
1671 653 1738 694 ex
1779 639 2086 694 substantia

503 731 678 784 Patris
706 729 945 797 genitum
971 729 1279 782 adoremus.
1309 728 1470 781 Pater
1495 728 1697 796 itaque,
1726 729 1852 798 quia
1877 728 2084 798 genuit,

499 822 690 889 Filius,
724 823 849 891 quia
893 822 1105 891 genitus
1136 838 1150 874 :
1181 831 1235 876 et
1281 822 1382 876 hoc
1418 823 1593 877 solum
1641 823 1920 876 nominum
1957 835 2089 876 usus

499 931 565 968 ex
617 915 976 968 similitudine
1033 915 1192 968 nobis
1227 915 1516 983 signiﬁcat.
1555 915 1611 969 Si
1651 917 1835 983 igitur
1876 916 1928 968 in
1977 913 2089 968 Deo

500 1022 722 1071 nomen,
773 1004 962 1069 Pater,
998 1005 1172 1059 solum
1221 1015 1570 1076 generantem
1607 1006 1900 1075 signiﬁcat,
1942 1004 2088 1058 nulla

501 1099 638 1152 ratio
665 1109 746 1152 est
777 1114 894 1166 qua:
924 1106 1086 1166 cogat
1121 1108 1174 1150 ut
1219 1097 1381 1162 Deus,
1415 1099 1505 1165 qui
1555 1098 1675 1151 sine
1720 1107 1966 1166 tempore
1997 1112 2090 1167 ge-

501 1201 680 1254 nerat,
719 1191 930 1259 primus
969 1191 1251 1245 exstitisse
1294 1191 1530 1255 dicatur,
1561 1205 1721 1259 quam
1756 1189 1806 1243 id
1845 1189 1988 1257 quod
2022 1189 2090 1242 ab

497 1296 561 1334 eo
588 1281 831 1351 genitum
875 1289 978 1334 est.
1013 1280 1077 1333 Et
1105 1281 1149 1334 si
1199 1281 1408 1334 nullum
1457 1279 2087 1350 tempus‘interpositum

501 1374 601 1428 fuit
652 1373 794 1426 inter
824 1383 1179 1442 generantem
1215 1381 1265 1427 et
1323 1373 1586 1442 genitum,
1640 1387 1746 1426 non
1784 1373 1969 1440 utique
2009 1379 2091 1425 est

499 1461 772 1532 posterior
809 1471 1074 1532 tempore,
1110 1463 1202 1518 sed
1241 1471 1546 1517 coaeternus
1578 1472 1660 1518 est
1699 1459 1848 1516 Patri
1896 1459 2084 1516 Filius.

1171 1646 1404 1703 ALIUD.

573 1737 628 1792 Si
667 1736 810 1791 Deus
841 1751 907 1790 ex
957 1744 1150 1790 natura
1199 1751 1300 1790 sua
1341 1743 1425 1789 est
1471 1742 1710 1799 creator,
1760 1745 1936 1802 neque
1974 1735 2090 1786 haec

2197 551 2295 620 μὲν
2323 551 2400 613 ὼς
2434 549 2795 621 Γεννήσαντα,
2827 551 2964 621 ὅπερ
2993 553 3111 604 ἐστὶ
3155 552 3365 622 πατρὸς
3414 551 3546 606 ἴδιον
3568 569 3581 583 ·
3614 554 3704 606 τὸν
3735 553 3790 604 δὲ

2195 643 2270 706 ὼς
2308 644 2532 714 γνήσιον
2567 641 2693 696 Υἱὸν
2727 642 2968 714 ἄρρητον
2994 644 3059 696 ὲκ
3089 644 3187 714 τῆς
3231 643 3419 706 οὐσίας
3445 643 3538 696 τοῦ
3579 643 3793 714 Πατρὸς

2195 736 2468 807 ἐσχηκότα
2494 735 2593 807 τὴν
2621 738 2874 806 γέννησιν
2905 737 3327 808 προσκυνῶμεν.
3362 736 3554 808 Πατὴρ
3585 733 3680 790 οῦν
3709 737 3792 788 ὅτι

2195 829 2554 900 γεγέννηκεν·
2594 829 2728 892 Υἱὸς
2765 830 2844 894 δὲ,
2883 830 2966 882 ὅτι
3013 829 3251 901 ἐγενήθη
3274 845 3288 859 ο
3320 831 3417 882 καί
3456 829 3593 898 ’πρὸς
3633 828 3794 898 μόνον

2195 922 2305 975 τῶν
2338 922 2617 992 ὀνομάτων
2650 923 2682 991 ἡ
2723 921 2884 991 χρεία
2929 923 3024 974 καὶ
3057 921 3117 974 τὸ
3151 921 3240 974 διὰ
3287 921 3390 991 τῆς
3442 920 3580 990 πρὸς
3635 917 3793 989 ἡμῶν

2195 1011 2508 1083 ὁμοιώσεως
2568 1011 2994 1081 σημαινόμενον.
3044 1012 3107 1064 Εἰ
3165 1013 3346 1064 τοίνυν
3397 1011 3491 1064 ἐπὶ
3543 1009 3680 1062 Θεοῦ
3732 1008 3796 1062 τὸ

2195 1104 2399 1173 Πατὴρ
2447 1104 2621 1174 ὄνομα
2671 1105 2833 1174 μόνου
2878 1103 2973 1157 τοῦ
3024 1106 3219 1176 γεννᾷν
3265 1107 3385 1157 ἐστι
3435 1102 3792 1174 σημαντικὸν,

2195 1196 2380 1258 οὐδεὶς
2423 1194 2726 1262 ἀναγκάσει
2759 1194 2916 1261 λόγος
2951 1195 3330 1264 προϋπάρχειν
3370 1192 3466 1246 τοῦ
3501 1193 3628 1246 ἰδίου
3674 1208 3796 1258 γεν-

2198 1289 2440 1359 νήματος
2469 1287 2559 1340 τὸν
2601 1287 2849 1358 ἀχρόνως
2894 1287 3167 1356 γεννῶντα
3195 1286 3349 1340 Θεόν.
3381 1286 3492 1338 Καὶ
3522 1287 3571 1337 εἰ
3602 1284 3796 1354 χρόνος

2194 1373 2263 1450 ἦν
2292 1379 2467 1441 οὐδεὶς
2506 1377 2713 1449 μεταξὺ
2752 1379 2846 1431 τοῦ
2895 1380 3258 1448 γεννήσαντος
3304 1378 3397 1432 καὶ
3445 1375 3791 1446 γενηθέντος,

2195 1470 2295 1522 οὑκ
2343 1469 2682 1538 ὲπιγέγονεν,
2732 1469 2846 1523 ἀλλ’
2887 1465 2956 1540 ἦν
2986 1471 3074 1524 ἀεὶ
3119 1469 3197 1540 τῷ
3245 1470 3422 1540 Πατρὶ
3457 1467 3724 1531 συναῒδιος
3764 1466 3796 1518 6

2198 1562 2344 1626 Υἱός.

2895 1655 3106 1709 ΑΛΛυ.

2267 1746 2332 1800 Εἰ
2364 1747 2594 1817 ποιητής
2624 1748 2742 1800 ἐστι
2787 1745 2930 1800 κατά
2961 1747 3122 1817 φύσιν
3162 1749 3190 1801 6
3221 1747 3376 1812 Θεὸς,
3409 1747 3505 1801 καὶ
3538 1748 3638 1800 οῦκ
3669 1747 3796 1798 ἐπι-

503 1828 731 1883 facultas
761 1827 1106 1881 extrinsecus
1136 1827 1384 1889 advenit,
1425 1837 1484 1879 ut
1523 1835 1708 1895 posset
1748 1839 1835 1878 res
1877 1830 2090 1876 creatas

2203 1837 2416 1906 γέγονεν
2445 1838 2593 1909 αὐτῷ
2619 1840 2680 1892 τὸ
2707 1839 2968 1893 δύνασθαι
3000 1841 3273 1912 παράγειν
3306 1843 3370 1892 ἐκ
3400 1839 3494 1892 τοῦ
3526 1839 3601 1909 μὴ
3633 1839 3798 1899 ’ὄντος

502 1935 569 1974 ex
595 1920 764 1973 nihilo
793 1917 1091 1987 producere
1121 1917 1188 1970 ad
1217 1931 1367 1984 esse;
1400 1918 1582 1970 omnia
1625 1931 1752 1971 vero
1776 1931 1873 1985 per
1896 1913 2091 1968 Filium

504 2011 634 2066 facit
670 2020 829 2080 atque
855 2020 1134 2079 operatur,
1165 2019 1271 2078 quo
1319 2019 1480 2079 pacto
1518 2023 1622 2062 non
1657 2009 1822 2063 fuerit
1869 2007 2092 2077 impium

503 2105 685 2157 dicere
717 2122 729 2156 :
783 2099 914 2154 Erat
953 2101 1166 2171 quando
1197 2118 1300 2154 non
1340 2099 1498 2155 erat'?
1525 2100 1759 2156 Perinde
1789 2099 1936 2154 enim
1975 2099 2093 2153 'hoc

503 2204 584 2249 est
623 2209 688 2248 ac
724 2194 770 2247 si
803 2194 952 2247 dicas
981 2213 991 2247 :
1026 2192 1158 2246 Erat
1183 2194 1402 2261 quando
1432 2207 1539 2247 non
1592 2203 1714 2247 erat
1740 2190 1916 2254 'Deus,
1951 2190 2094 2260 quod

507 2289 778 2359 posterius
833 2285 1032 2339 factum
1084 2287 1155 2340 sit
1205 2285 1443 2341 Verbum
1499 2300 1596 2355 per
1641 2286 1784 2355 quod
1843 2286 2096 2338 universa

505 2390 686 2434 rreala
725 2388 888 2432 sunt:
928 2396 945 2429 ι
976 2377 1105 2431 Sine
1156 2380 1272 2448 ipso
1309 2379 1453 2432 enim
1504 2377 1704 2431 factum
1754 2387 1835 2432 est
1882 2375 2038 2442 nihil,
2072 2394 2090 2427 ι

507 2480 565 2523 ιιι
611 2470 689 2523 ait
722 2468 962 2523 Joannes
987 2468 1053 2521 ".
1084 2468 1138 2522 Si
1175 2485 1301 2522 vero
1332 2483 1548 2538 semper
1585 2480 1638 2522 et
1675 2470 1969 2522 secundum
2009 2481 2099 2519 na-

508 2575 681 2616 turam
719 2572 937 2617 creator
969 2571 1050 2615 est
1085 2561 1225 2615 Deus
1258 2577 1322 2615 ac
1363 2560 1549 2626 l'ater,
1597 2573 1716 2615 erat
1750 2561 1936 2630 utique
1970 2575 2094 2614 cum

508 2657 626 2726 ipso
671 2656 717 2709 is
785 2665 880 2724 per
925 2669 1083 2723 quem
1139 2663 1355 2708 creator
1405 2662 1520 2718 est,
1578 2654 1682 2708 hoc
1726 2663 1808 2708 est
1861 2651 2096 2707 Verbum

509 2746 700 2818 ipsius.
753 2744 1220 2812 Quemadmodmn
1272 2744 1416 2799 enim
1483 2744 1536 2797 id
1585 2745 1730 2815 quod
1778 2745 2102 2800 naturaliter

508 2842 715 2897 homini
758 2842 920 2907 inest,
951 2839 1192 2908 separari
1235 2839 1303 2894 ab
1335 2854 1399 2893 eo
1435 2854 1539 2893 non
1572 2845 1773 2908 potest,
1829 2839 1902 2892 ita
1935 2853 2034 2893 nec
2070 2854 2100 2894 a

510 2937 619 2989 Deo
649 2933 910 3004 quidquid
959 2934 1011 2986 in
1049 2932 1166 3001 ipso
1211 2941 1265 2985 et
1296 2946 1360 2985 ex
1396 2930 1515 3000 ipso
1543 2939 1645 2984 est.
1685 2929 1781 2983 Est
1822 2938 2003 2983 autem
2047 2929 2100 2983 in

511 3025 674 3079 Patre
699 3033 751 3078 et
791 3039 857 3079 ex
906 3023 1069 3079 Patre
1101 3019 1380 3078 Verbum:
1417 3021 1780 3092 inseparabile
1819 3023 2002 3092 itaque
2051 3030 2105 3077 et

509 3128 860 3173 cowternum.

684 3210 927 3277 ALIUD,
969 3225 1061 3278 per
1109 3209 1464 3265 reductionem
1509 3213 1578 3265 ad
1610 3211 1922 3268 absurdum.

586 3325 644 3380 Si
694 3339 801 3379 non
874 3331 958 3376 est
1009 3318 1181 3375 Filius
1223 3319 1370 3375 Patri
1422 3329 1766 3385 coaeternus,
1822 3317 1917 3374 sed
1972 3317 2102 3372 Erat

509 3420 721 3494 quando
746 3432 848 3470 non
874 3422 1013 3477 erat,
1038 3425 1095 3466 ut
1115 3428 1213 3469 vos
1239 3413 1562 3484 opinamini,
1591 3427 1818 3468 necesse
1843 3411 1948 3465 erit
1974 3426 2106 3467 con-

510 3515 707 3570 cedere
739 3510 1118 3581 imperfectam
1155 3506 1450 3580 aliquando
1479 3507 1652 3565 l‘uisse
1680 3520 1924 3564 sanctam
1971 3507 2106 3562 lTri-

514 3609 760 3660 nitatem.
798 3603 929 3658 Erat
962 3602 1107 3659 enim
1145 3602 1347 3669 unitas,
1381 3610 1440 3655 ut
1463 3600 1698 3667 videtur,
1726 3610 1854 3656 ante
1884 3598 2102 3654 Filium.

515 3700 711 3752 Postea
755 3705 936 3749 autem
981 3693 1122 3747 facta
1172 3702 1256 3748 est
1291 3691 1551 3760 Trinitas,
1576 3693 1683 3762 27
1706 3707 1828 3747 cum
1874 3690 2107 3747 accessit

513 3789 658 3858 quod
697 3787 902 3842 deerat.
947 3784 1081 3840 Cum
1113 3799 1244 3839 vero
1278 3783 1540 3854 quidquid
1578 3781 1894 3837 accessione
1926 3780 2104 3851 aliqua

513 3883 725 3946 erevit,
771 3877 1110 3934 detractione
1175 3878 1494 3931 decrescere
1527 3875 1748 3943 possit,
1811 3873 2104 3927 verendum

515 3985 598 4031 est
630 3989 698 4029 ne
721 3990 826 4044 qua
859 3973 998 4028 ratio
1027 3987 1124 4028 nos
1149 3986 1310 4041 cogat
1338 3967 1612 4032 conﬁteri,
1643 3975 1891 4022 sanctam
1926 3965 2106 4020 Trini-

519 4077 913 4123 tatemrursus
947 4064 1012 4118 ad
1070 4063 1336 4118 unitatem
1386 4058 1556 4130 redigi
1607 4073 1786 4129 posse.
1832 4057 1890 4112 Si
1923 4065 2104 4112 autem

519 4163 590 4215 ita
621 4161 832 4215 sentire
885 4157 968 4211 vel
1021 4157 1168 4226 loqui
1199 4169 1418 4209 omnem
1452 4153 1792 4221 impietatem
1837 4157 2103 4221 superat;

515 4262 636 4306 erat
697 4250 920 4305 omnino
971 4262 1190 4318 semper
1242 4261 1365 4300 cum
1420 4255 1610 4300 sancta
1663 4242 1936 4298 Trinitate
1988 4241 2106 4304 ejus

516 4345 809 4416 plenitudo.

1007 4431 1216 4488 ALIUD
1257 4432 1376 4485 huic
1415 4429 1608 4484 simile.

2194 1931 2277 1993 είς
2317 1928 2376 1982 τὸ
2417 1925 2560 1984 εἶναι
2592 1932 2660 1986 τὰ
2701 1931 2866 1985 ὅντα·
2901 1932 3083 1986 πάντα
3123 1932 3179 1985 δὲ
3213 1932 3280 1985 δι’
3326 1931 3456 1985 Υἱοῦ
3503 1934 3652 2011 στοιεῖ
3700 1933 3797 1985 καὶ

2194 2021 2630 2094 κατεργάζεται,
2674 2024 2792 2088 πῶς
2829 2025 2930 2078 οὐκ
2980 2025 3175 2087 ἀσεϐὲς
3215 2024 3274 2077 τὸ
3313 2024 3522 2092 λέγειν’
3553 2019 3665 2079 Ἦν
3697 2023 3798 2077 ὅτε

2196 2117 2309 2170 οὐκ
2347 2112 2460 2186 ἦν;
2509 2117 2624 2171 ἴσον
2658 2117 2765 2190 γάρ
2807 2119 2954 2170 ἐστιν
3005 2119 3215 2170 εἰπεῖν·
3246 2112 3355 2171 Ἦν
3387 2118 3476 2170 ὅτε
3519 2117 3621 2169 οὐκ
3663 2111 3730 2188 ἦν
3767 2119 3798 2170 6

2196 2200 2350 2273 Θεὸς,
2385 2207 2611 2280 ὕστερον
2641 2208 3030 2280 ἐπιγενομένου
3061 2208 3156 2262 τοῦ
3191 2209 3412 2262 πάντων
3456 2206 3796 2278 δημιουργοῦ

2198 2304 2404 2372 Λόγου·
2438 2322 2463 2355 -‹
2496 2305 2679 2374 Χωρὶς
2721 2303 2830 2375 γὰρ
2871 2301 3037 2357 αὐτοῦ
3073 2302 3291 2371 ἐγένετο
3323 2303 3444 2356 οὐδὲ
3490 2302 3571 2367 ἒν,
3603 2322 3618 2354 ι
3654 2303 3799 2356 κατὰ

2198 2397 2296 2466 τὴν
2334 2396 2584 2451 Ἰωάννου
2616 2397 2822 2467 φωνήν.
2853 2395 2914 2448 Εἰ
2943 2396 2999 2448 δὲ
3033 2397 3120 2449 ἀεὶ
3147 2397 3241 2449 καὶ
3269 2397 3410 2449 κατὰ
3441 2395 3605 2465 φύσιν
3638 2413 3798 2466 ποιη-

2198 2489 2298 2559 τὴς
2338 2491 2365 2541 6
2395 2489 2528 2552 Θεὸς
2560 2490 2653 2542 καὶ
2681 2489 2896 2560 Πατὴρ,
2923 2483 2992 2560 ἦν
3025 2488 3133 2560 ἄρα
3165 2489 3262 2541 σὺν
3291 2487 3440 2558 αὐτῷ
3462 2487 3527 2541 δι’
3557 2482 3618 2541 οὗ
3654 2505 3806 2559 ποιη-

2199 2580 2297 2652 τὴς
2321 2579 2606 2650 ἐφαίνετο,
2632 2581 2915 2634 τουτέστιν
2945 2583 2973 2634 6
3004 2582 3176 2648 Λόγος
3233 2579 3420 2634 αὐτοῦ.
3453 2581 3663 2651 ’Ὠσπερ
3692 2579 3802 2650 γὰρ

2207 2671 2512 2743 ἀχώριστον
2563 2671 2856 2742 ἀνθρώπου
2909 2673 3018 2724 πᾶν
3057 2671 3118 2723 τὸ
3173 2671 3333 2739 φύσει
3367 2671 3566 2742 προσὸν
3621 2670 3798 2740 αὐτῷ·

2202 2763 2350 2818 οὕτω
2380 2764 2475 2817 καὶ
2522 2763 2659 2820 Θεοῦ
2703 2765 2810 2817 πᾶν
2844 2763 2904 2816 τὸ
2952 2765 3010 2816 ὲν
3047 2760 3197 2834 αὑτῷ
3244 2764 3340 2817 καὶ
3385 2764 3443 2830 ἐξ
3487 2762 3674 2818 αὑτοῦ.
3713 2763 3801 2815 Ἐν

2204 2855 2379 2925 Πατρὶ
2417 2853 2474 2907 δὲ
2516 2854 2612 2906 καὶ
2657 2854 2722 2907 ὲκ
2767 2853 2979 2924 Πατρός
3021 2855 3049 2906 ό
3087 2854 3258 2922 Λόγος
3283 2872 3294 2884 ο
3341 2854 3645 2926 ἀχώριστος
3682 2854 3801 2923 ἄρα
3860 2868 3867 2910 '.

2207 2946 2300 2999 καὶ
2330 2944 2619 3007 συναῒδιος.
3865 2943 3867 3005 ξ

2404 3207 2611 3270 ΑΛΛΟ,
2642 3206 2740 3260 διὰ
2768 3205 2876 3276 τῆς
2909 3211 2997 3275 εἱς
3027 3208 3256 3264 ἄτοπον
3299 3211 3643 3282 ἀπαγωγῆς.

2275 3319 2340 3373 Et
2369 3320 2470 3373 οὑκ
2502 3320 2650 3375 ἐστιν
2677 3322 2705 3374 ὁ
2741 3323 2870 3386 Υἱὸς
2900 3323 2977 3394 τῷ
3013 3323 3190 3395 Πατρὶ
3225 3325 3516 3392 συναῒδιος,
3549 3326 3664 3379 ἀλλ’
3691 3323 3804 3381 Ἦν

2205 3411 2304 3466 ὅτε
2336 3415 2447 3467 οὐκ
2481 3409 2733 3484 ἦν,.καθ’
2779 3417 2946 3488 ὑμᾶς,
2972 3417 3188 3490 ἀνάγκη
3223 3419 3602 3488 συνομολογεῖν
3636 3421 3804 3492 ἀτελῆ

2205 3525 2337 3560 ποτε
2384 3507 2650 3579 ὑπάρχειν
2678 3508 2776 3580 τὴν
2811 3511 2977 3579 ἁγίαν
3019 3511 3254 3582 Τριάδα.
3283 3507 3394 3565 ἸΓΗν
3444 3511 3553 3584 γὰρ
3609 3515 3801 3583 μονάς,

2203 3597 2280 3663 ὡς
2308 3599 2476 3666 εἰκὸς,
2505 3599 2614 3670 πρὸ
2643 3599 2794 3655 Υἱοῦ.
2825 3600 3023 3670 Γέγονε
3068 3601 3126 3655 δὲ
3167 3601 3395 3671 ὕστερον
3443 3602 3636 3674 Τριάς,
3679 3605 3808 3656 sm-
3864 3669 3867 3671 _

2204 3691 2500 3763 γενομένου
2547 3691 2642 3746 τοῦ
2675 3692 2977 3756 λείποντος.
3023 3693 3242 3766 Ἐπειδὴ
3288 3695 3345 3748 δὲ
3392 3697 3500 3748 πᾶν
3552 3697 3689 3766 ὅπερ
3730 3696 3806 3749 ἂν

2207 3781 2411 3854 συμϐῇ,
2443 3783 2538 3836 καὶ
2583 3783 2972 3855 ἀποπμὸἦναι
3023 3783 3274 3848 δύναται,
3319 3785 3438 3849 δέος
3476 3786 3550 3857 μὴ
3588 3786 3680 3840 καί
3718 3804 3807 3850 τις

2207 3876 2356 3947 ἡμᾶς
2383 3875 2674 3948 ἀναγκάσῃ
2701 3874 2859 3944 λόγος
2891 3875 3179 3946 ὁμολογεῖν
3205 3877 3470 3932 δύνασθαι
3508 3879 3608 3949 τὴν
3641 3880 3806 3948 ἁγίαν

2206 3965 2416 4039 Τριάδα
2445 3965 2582 4036 πρὸς
2623 3966 2786 4020 ἑνάδα
2829 3967 3235 4038 παλινδρομεῖν.
3269 3970 3331 4022 Et
3375 3969 3431 4023 δὲ
3467 3970 3626 4024 τοῦτο
3669 3988 3811 4043 φρο-

2205 4064 2317 4117 νεῖν
2346 4060 2379 4132 ῆ
2418 4061 2600 4130 λέγειν
2645 4062 2865 4132 ἀπάσης
2897 4063 3015 4116 ἐστὶ
3046 4063 3368 4130 δυσσεὸείας
3402 4067 3692 4133 ἐπέκεινα,
3735 4064 3806 4140 ἦν

2207 4151 2294 4205 ἀεὶ
2318 4151 2476 4221 ,μετά
2517 4153 2734 4222 Πατρὸς
2765 4153 2866 4223 τῆς
2894 4155 3053 4222 ἁγίας
3083 4156 3127 4208 Τ
3134 4156 3314 4226 ριάδος
3342 4159 3402 4210 τὸ
3434 4159 3727 4231 πλήρωμα.

2673 4421 2882 4485 ΛΛΛΟ,
2904 4422 3090 4487 τούτῳ
3119 4424 3340 4491 ὅμοιον.

590 4552 646 4608 Si
692 4550 862 4606 Filius
905 4563 1009 4602 non
1053 4557 1137 4600 est
1175 4545 1451 4615 proprium
1496 4543 1746 4614 geuimen
1787 4541 2098 4596 substantia

2286 4536 2347 4589 Εἰ
2387 4536 2485 4589 οὐκ
2521 4535 2666 4588 ἔστιν
2693 4537 2721 4588 6
2757 4535 2884 4599 Υἱὸς
2920 4535 3051 4589 ἴδιον
3085 4536 3331 4606 γέννημα
3362 4537 3462 4605 τῆς
3489 4540 3680 4604 οὐσίας
3707 4539 3800 4596 τοῦ

519 4646 728 4709 Patris,
759 4642 855 4698 sed
887 4659 952 4696 ex
988 4639 1157 4694 nihilo
1190 4637 1364 4692 factus
1395 4645 1510 4702 est,
1545 4633 1826 4690 dissimilis
1861 4634 1961 4689 sibi
2003 4633 2105 4703 ipsi

519 4737 683 4793 fuerit
707 4745 896 4791 sancta
920 4733 1164 4788 Trinitas
1190 4745 1256 4784 ex
1284 4729 1454 4784 nihilo
1480 4743 1634 4783 suam
1663 4725 2105 4781 constitutionem

519 4831 765 4886 trahens.
793 4830 970 4898 Atque
995 4826 1068 4880 ita
1099 4823 1355 4892 deinceps
1381 4831 1632 4876 creatura
1659 4819 1902 4874 Creatori
1930 4822 2104 4872 annu-

522 4921 839 4987 mcrahitur,
869 4929 924 4973 et
954 4930 1090 4986 opus
1125 4915 1367 4985 ejusdem
1403 4913 1507 4968 erit
1540 4926 1662 4966 cum
1697 4909 1893 4980 Opifice
1929 4907 2107 4979 digni-

522 5015 667 5069 tatis.
706 5012 776 5066 At
820 5011 866 5066 si
900 5010 1002 5063 hoc
1043 5007 1264 5076 impium
1307 5016 1422 5070 est,
1463 5019 1568 5058 una
1619 5003 1763 5058 enim
1804 5013 1889 5056 est
1930 5002 2110 5056 Deitas

521 5108 722 5155 sanctae
745 5097 1065 5162 Trinitatis,
1095 5111 1198 5150 una
1231 5094 1574 5164 gloriﬁcatio,
1601 5095 1900 5163 eademque
1932 5093 2108 5148 domi-

526 5193 707 5258 natio;
744 5190 928 5258 inique
963 5187 1129 5256 igitur
1163 5187 1214 5240 in
1249 5183 1866 5253 differentesessentias
1899 5183 2105 5238 scindi-

523 5299 630 5340 tur.
669 5283 788 5351 Quo
826 5290 983 5350 pacto
1026 5288 1207 5335 autem
1253 5295 1358 5334 non
1401 5277 1564 5333 fuerit
1605 5277 1940 5342 absurdum,
1982 5289 2103 5329 cum

520 5378 681 5431 Pater
710 5374 782 5428 sit
812 5381 1069 5437 aeternus,
1105 5371 1306 5426 audere
1342 5371 1524 5426 dicere
1551 5370 1788 5426 Verbum
1825 5369 1971 5438 quod
2006 5366 2104 5436 ipsi

518 5469 723 5523 assidet
763 5476 978 5532 unaque
1017 5473 1240 5535 regnat,
1279 5462 1573 5534 aliquando
1608 5478 1718 5518 non
1756 5461 1961 5526 fuisse;
2003 5459 2102 5516 sed

519 5557 799 5629 postmodo
834 5553 1033 5610 factum
1068 5569 1210 5621 esse,
1245 5564 1300 5610 et
1337 5570 1534 5610 novum
1574 5553 1866 5625 quemdam
1909 5566 1974 5608 ac
2017 5564 2101 5605 re-

520 5667 644 5706 cens
672 5652 871 5702 factum
903 5647 1070 5703 Deum
1100 5648 1401 5705 inducere?

582 5805 629 5838 “
657 5807 809 5866 Joan.
845 5828 884 5883 t,
908 5814 960 5870 '5.

2215 4629 2460 4701 Πατρὸς,
2486 4628 2598 4680 ἀλλ’
2640 4625 2698 4690 ἐξ
2732 4627 2831 4680 οὐκ
2872 4626 3040 4681 ὅντων
3068 4627 3302 4695 ἐγένετο,
3348 4627 3604 4698 ἀνόμοιος
3651 4630 3804 4684 ἔσται

2217 4722 2353 4794 πρὸς
2380 4721 2634 4792 ἐαυτὴνὴ
2672 4720 2803 4789 ἁγία
2834 4720 3006 4790 Τριάς
3043 4719 3102 4782 ἐξ
3134 4720 3233 4772 οὐκ
3266 4721 3435 4772 ὄντων
3466 4719 3663 4791 ἔχουσα
3707 4722 3805 4792 τὴν

2217 4815 2494 4868 σύστασιν.
2523 4815 2646 4867 ’Καὶ
2685 4811 2868 4865 λοιπδν
2897 4811 2959 4863 τὸ
2989 4811 3193 4881 κτίσμα
3223 4811 3300 4882 τῷ
3333 4812 3540 4884 Κτίστῃ
3587 4831 3808 4886 συναρι-

2216 4911 2454 4980 θμεῖται,
2481 4909 2576 4962 καὶ
2612 4907 2675 4960 τὸ
2713 4906 2928 4975 ποίημα
2962 4904 3039 4974 τῷ
3076 4909 3274 4977 ποιητῇ
3308 4906 3710 4972 συνδοξάζεται.
3743 4909 3806 4961 Εἰ

2215 5004 2273 5056 δὲ
2304 5001 2462 5056 τοῦτο
2498 5001 2714 5064 ἀσεϐὲς,
2749 4999 2845 5069 μία
2881 4997 2986 5068 γὰρ
3014 4997 3204 5068 Θεότης
3233 4999 3330 5071 τῆς
3367 4999 3528 5067 ἁγίας
3556 4999 3803 5069 Τριάδος,

2221 5093 2319 5164 μία
2366 5090 2670 5160 δοξολογία,
2708 5089 3034 5159 κυριότηςή
3082 5089 3254 5160 αὑτὴ,
3302 5090 3404 5142 οὐκ
3438 5092 3674 5159 εὐλόγως
3725 5093 3807 5154 είς

2214 5184 2505 5256 διαφόρους
2547 5182 2734 5242 οὐσίας
2766 5180 3026 5250 σχίζεται.
3080 5182 3206 5244 Πῶς
3233 5181 3290 5234 δὲ
3325 5182 3424 5235 οὐκ
3458 5183 3658 5236 ἄτοπον
3709 5181 3805 5236 τοῦ

2216 5278 2430 5349 Πατρὸς
2487 5276 2640 5338 ὄντος
2671 5272 2865 5336 ἀϊδίου,
2915 5273 3003 5326 τὸν
3055 5273 3472 5344 συγκαθήμενον
3526 5274 3673 5346 αὐτῷ
3711 5278 3806 5330 καὶ

2217 5365 2688 5439 συμϐασιλεύοντα
2735 5365 2908 5432 Λόγον
2962 5364 3232 5434 τολμῆσαι
3283 5363 3462 5434 λέγειν
3513 5366 3613 5420 οὐκ
3665 5359 3806 5421 εἶναι

2217 5461 2316 5532 μέν
2349 5475 2513 5512 ποτεο
2553 5455 2928 5525 ὲπιγεγονέναι
2962 5454 3018 5509 δὲ
3068 5455 3315 5527 ὕστερον,
3365 5455 3460 5511 καὶ
3497 5456 3805 5527 πρόσφατον

2213 5554 2344 5625 ἡμῖν
2375 5548 2726 5621 εἰσφέρεσθαι
2763 5547 2897 5600 Θεόν
2921 5566 2936 5614 ;
