4106 6432
478 373 546 424 55
1563 368 1833 422 CYlilLLl
1876 366 2051 420 ALEX

2155 358 2702 419 'DRINI‘AllCHlEP.
3666 360 3733 412 56

473 484 645 536 set-ari
697 482 840 535 enim
887 498 949 535 at:
981 483 1149 536 ﬂuere
1209 496 1483 550 corporeae
1531 493 1738 537 naturae
1770 485 2043 553 proprium

2155 484 2277 538 σθαι
2310 484 2404 537 καὶ
2429 486 2542 554 ῥεῖν
2576 482 2673 551 τῆς
2705 477 3027 550 σωματικῆς
3084 477 3152 530 ἂν
3198 474 3284 545 εἴη
3319 473 3533 543 φύσεως
3582 468 3732 525 ἴδιον·

468 582 584 637 est;
645 573 980 643 incorporeas
1032 584 1210 627 autem
1266 574 1570 644 divinaeque
1635 577 1890 631 essentia:
1937 591 2043 630 non

2155 576 2246 629 ἐπὶ
2274 575 2331 628 δὲ
2358 575 2456 645 τῆς
2485 571 2780 643 ἀσωμάτου
2812 569 2905 622 καὶ
2935 566 3084 630 θείας
3110 566 3320 627 οὐσίας,
3356 563 3417 616 οὐ
3453 559 3644 624 πάθος,
3672 559 3734 612 οὐ

470 666 672 732 passio,
702 682 807 719 non
838 667 1031 728 sectio,
1060 666 1144 719 vel
1183 666 1291 719 tale
1317 666 1517 733 aliquid
1546 666 1767 721 accidit.
1794 667 1908 720 Non
1939 667 2046 721 erit

2155 665 2420 738 μερισμὸς
2448 665 2557 717 τῶν
2580 661 2837 717 τοιούτων
2861 658 3014 712 οὐδὲν
3048 657 3415 726 συμϐήσεται.
3443 652 3556 706 Οὐκ
3582 651 3734 704 ἔσται

470 759 655 824 itaque
682 755 848 812 Filius
887 758 1049 811 veluti
1084 773 1208 824 pars
1267 758 1512 826 quaedam
1580 757 1790 823 Patris,
1849 759 1943 811 sed
1978 774 2042 812 ex

2155 756 2329 810 τοίνυν
2358 754 2545 825 ὥσπερ
2574 771 2628 807 τι
2687 749 2854 822 μέρος
2890 748 2985 827 τοῦ
3035 746 3251 815 Πατρὸς
3282 746 3311 797 6
3340 743 3490 806 Υίὸς,
3530 741 3644 794 ἀλλ’
3675 741 3735 805 ἐξ

470 854 587 917 ipso
631 859 680 903 et
718 850 769 902 in
800 850 936 919 ipso.
966 849 1042 902 Ac
1071 864 1165 916 per
1194 846 1315 902 Filii
1365 849 1581 918 quidem
1633 849 2045 918 appellationem

469 957 534 995 ex
571 942 686 1011 ipso
718 957 733 995 :
766 956 860 1010 per
889 942 1164 1010 sapientia:
1191 958 1321 996 vero
1349 951 1402 996 et
1426 941 1587 996 Verbi
1612 942 2045 1012 appellationem,

470 1031 521 1084 iu
557 1033 673 1101 ipso
727 1048 848 1087 esse
896 1034 1256 1103 significatur.
1286 1033 1404 1087 Erit
1449 1034 1632 1102 itaque
1687 1033 1918 1102 genitori
1956 1050 2046 1087 eo-

2150 846 2340 913 αὐτοῦ,
2373 848 2469 900 καὶ
2496 848 2552 899 ὲν
2583 843 2747 914 αὐτῷ.
2777 842 2876 895 Διὰ
2927 836 3149 913 μὲν-τοῦ
3180 834 3463 890 καλεῖσθαι
3515 833 3642 897 Υἱὸς
3671 834 3734 885 τὸ

2150 940 2211 1004 ἐξ
2233 940 2421 1003 αὐτοῦ,
2447 938 2536 992 διὰ
2558 937 2615 992 δὲ
2645 935 2740 990 τοῦ
2769 933 3048 989 καλεῖσθαι
3077 928 3238 998 σοφία
3290 927 3385 980 καὶ
3425 925 3617 994 Λόγος,
3672 923 3733 977 τὸ

2149 1030 2209 1081 ὲν
2239 1027 2387 1097 αὐτῷ
2416 1026 2717 1098 γνωρίζων.
2746 1021 2957 1076 Οὐκοῦν
2987 1019 3140 1073 ἔσται
3178 1014 3255 1087 τῷ
3300 1014 3511 1068 τεκόντι
3548 1012 3731 1065 συναΐ-

2150 1121 2282 1182 διος.
2311 1120 2387 1172 Οὐ
2411 1118 2521 1189 γὰρ
2549 1117 2614 1171 ἄν
2666 1130 2752 1178 τις
2784 1114 2930 1167 εἴποι
2959 1110 3069 1164 τῶν
3103 1105 3163 1162 εὖ
3216 1108 3435 1182 φρονεῖν
3461 1102 3731 1157 εἰωθότων

2150 1211 2344 1280 ἄλογόν
2404 1227 2464 1262 τε
2518 1209 2611 1262 καὶ⁸
2669 1206 2872 1274 ἄσοφον
2923 1199 3257 1272 γεγενῆσθαί
3308 1213 3438 1252 ποτε
3485 1196 3577 1250 τὸν
3615 1195 3726 1249 Πα-

2050 1313 2057 1321 ’
2146 1305 2302 1376 τέρα.

470 1134 725 1180 :eternus.
760 1125 942 1194 Neque
971 1128 1113 1180 enim
1143 1128 1429 1195 quisquam
1467 1142 1611 1182 sana:
1639 1127 1834 1180 mentis
1851 1125 2046 1179 dixerit

471 1214 681 1270 Patrem
719 1216 936 1286 inquam
977 1220 1181 1287 absque
1219 1217 1390 1273 Verbo
1422 1227 1475 1273 et
1524 1216 1809 1286 Sapientia
1875 1217 2046 1272 exsti-

472 1308 622 1365 tisse.
1112 1308 1155 1341 ν

1139 1420 1367 1478 ALIUD.
2843 1409 3047 1465 AAAO.

540 1534 598 1586 Si
634 1548 787 1588 mens
812 1534 1049 1588 humana
1074 1535 1208 1589 citra
1268 1535 1430 1590 ullam
1465 1535 1788 1589 divisionem
1818 1536 2045 1588 verbum

2220 1530 2283 1583 Εί
2313 1532 2340 1582 6
2372 1527 2711 1598 ἀνθρώπινος
2773 1521 2898 1586 νοῦς
2950 1519 3261 1591 ἀμερίστως
3307 1514 3368 1580 ἐξ
3411 1510 3607 1568 ἑαυτοῦ
3638 1509 3728 1562 τὸν

469 1628 614 1693 quod
649 1626 855 1694 profert
913 1642 978 1682 ex
1027 1628 1227 1697 seipsa,
1289 1628 1482 1698 gignit,
1536 1641 1712 1696 neque
1755 1609 2051 1695 quidquam‘

2155 1620 2484 1693 προφορικδν
2536 1616 2811 1686 ἀπογεννᾷ
2852 1613 3032 1681 λόγον,
3067 1611 3161 1663 καὶ¹
3212 1606 3385 1669 πάθος
3420 1603 3575 1698 οὐδὲν
3598 1599 3729 1698 περ).

472 1718 587 1783 ipsa
616 1730 680 1769 ex
714 1715 799 1769 illa
863 1717 1011 1772 verbi
1070 1690 1375 1786 p'rolatiovne
1405 1690 1655 1786 patitur}
1696 1690 1791 1771 sed
1822 1690 2045 1770 verbum

2155 1690 2313 1768 αὐτὸν
2334 1690 2408 1765 Ῠὲκ
2426 1709 2617 1764 τούτου
2646 1708 2876 1776 γίνεται,
2914 1704 3031 1757 ἀλλ’
3070 1702 3217 1755 ἔστιν
3263 1700 3392 1753 ἰδεῖν
3437 1696 3494 1749 ἐν
3524 1694 3622 1765 μὲν
3650 1690 3729 1761 τῷ

471 1807 686 1872 quidem
715 1809 767 1860 iu
794 1819 994 1872 mente,
1025 1823 1173 1863 mens
1208 1809 1260 1862 in
1304 1808 1467 1863 verbo
1529 1809 1791 1872 cernitur,
1824 1816 1880 1863 et
1906 1808 2047 1861 alte-

2155 1806 2226 1875 νῷ
2251 1806 2344 1858 τὸν
2374 1803 2554 1871 λόγον,
2585 1804 2643 1855 ἐν
2675 1801 2732 1854 δὲ
2751 1799 2829 1869 τῷ
2860 1797 3003 1866 λόγῳ
3028 1796 3120 1848 τὸν
3168 1792 3315 1857 νοῦν,
3347 1788 3442 1843 καὶ
3470 1786 3730 1854 ἑκάτερον

473 1919 590 1956 rum
626 1903 695 1957 ab
745 1904 917 1958 altero
959 1905 1268 1974 depingitur
1308 1921 1322 1957 :
1370 1912 1425 1957 et
1471 1917 1630 1958 nemo
1676 1904 1795 1958 sani
1852 1901 2044 1968 iudicii

471 1994 669 2047 dixerit
718 2002 950 2047 mentem
994 2009 1232 2063 unquam
1268 1995 1474 2063 absque
1512 1994 1680 2048 verbo
1708 1992 1922 2047 fuisse:
1952 2006 2047 2044 ne-

470 2099 575 2153 que
602 2099 754 2139 mens
774 2100 1011 2154 unquam
1038 2085 1203 2139 fuerit
1235 2100 1355 2155 qua:
1406 2085 1634 2139 verbum
1665 2098 1772 2137 nou
1807 2081 2041 2145 habeat;

470 2177 691 2231 verbum
741 2186 919 2231 autem
980 2176 1213 2232 dicimus
1264 2192 1368 2231 non
1422 2176 1475 2230 in
1537 2175 1852 2229 universum
1899 2172 2043 2244 quod

470 2267 650 2338 lingua
684 2268 983 2337 profertur,
1010 2284 1197 2324 verum
1231 2268 1394 2323 etiam
1428 2267 1479 2322 id
1506 2269 1649 2337 quod
1681 2275 1862 2321 mente
1893 2264 2048 2319 intel-

470 2358 775 2413 lectualiter
807 2360 1079 2429 agitatur;
1114 2359 1183 2412 ita
1235 2361 1400 2413 etiam
1449 2373 1609 2412 nemo
1670 2356 1893 2419 dixerit,
1939 2371 2044 2408 non

471 2466 592 2505 esse
616 2452 838 2506 omnino
867 2452 918 2505 in
961 2450 1068 2506 Deo
1093 2452 1370 2520 proprium
1399 2451 1569 2517 ipsius
1611 2449 1872 2511 Verbum,
1898 2450 2045 2518 quod

472 2554 535 2591 ex
567 2540 782 2608 integro
809 2538 971 2595 Patre
1005 2541 1294 2610 imaginem
1353 2539 1536 2605 refert,
1578 2546 1634 2592 et
1685 2539 1737 2593 in
1777 2536 1942 2595 Patre
1975 2535 2047 2591 ob

472 2632 720 2686 essentia:
747 2631 1353 2699 iucoinniutabilitatcm
1373 2630 1556 2687 animo
1584 2629 1848 2686 cernitur.

1122 2741 1482 2815 aaauun

545 2857 602 2909 Si
638 2864 786 2912 recte
815 2856 1021 2911 sentire
1051 2854 1302 2915 velimus,
1329 2867 1551 2909 necesse
1580 2860 1665 2909 est
1694 2860 1752 2908 ut
1777 2854 2044 2917 dicamus,

475 2965 580 3001 non
609 2949 906 3002 accessisse
960 2948 1062 3002 hoc
1115 2955 1304 3015 postea
1335 2945 1481 3000 Patri
1529 2955 1585 2999 ut
1634 2946 1703 3000 sit
1737 2944 1921 3009 Pater,
1952 2944 2044 3000 sed

475 3051 688 3103 semper
720 3038 771 3090 id
835 3038 1002 3092 fuisse
1040 3055 1052 3091 :
1103 3037 1302 3107 alioqui
1336 3037 1613 3092 mutabilis
1667 3045 1874 3091 natura:
1924 3050 2048 3090 esse
2086 3071 2095 3079 -

2149 1898 2330 1954 αὐτῶν
2364 1895 2615 1964 ἐκατέρῳ
2645 1889 3133 1964 ζωγραφούμενον,
3189 1884 3285 1938 καὶ
3332 1882 3434 1935 οὐκ
3457 1881 3523 1934 ἄν
3542 1894 3626 1941 τις
3650 1876 3730 1928 εί-

2149 2007 2242 2044 ποι
2292 1984 2584 2059 σωφρονῶν
2638 1982 2832 2048 ἄλογόν
2876 1996 3006 2032 ποτε
3062 1972 3388 2045 γεγενῆσθαι
3441 1970 3541 2059 τὸν
3566 1966 3690 2059 νοῦν
3711 1983 3724 1996 ·

2146 2080 2331 2135 οὐκέτι
2365 2079 2473 2148 γὰρ
2506 2076 2660 2129 ἔσται
2690 2072 2815 2134 νοῦς
2840 2071 2997 2137 λόγον
3025 2069 3124 2123 οὐκ
3146 2066 3306 2136 ἔχων,
3347 2061 3506 2130 λόγον
3528 2058 3586 2112 δέ
3624 2073 3731 2125 φα-

2151 2191 2250 2243 μεν
2283 2172 2343 2224 οὐ
2376 2170 2592 2232 πάντως
2648 2165 2739 2218 τὸν
2797 2163 2885 2217 διὰ
2932 2158 3178 2229 γλώττης
3204 2151 3727 2221 ἀποκτυπούμενον,

2147 2262 2283 2317 ἀλλά
2315 2262 2412 2316 καὶ
2466 2260 2555 2313 τὸν
2581 2261 2639 2312 ὲν
2670 2255 2747 2325 τῷ
2785 2253 2859 2324 νῷ
2893 2247 3239 2321 νοηματικῶς
3270 2243 3607 2314 κινούμενονο
3638 2237 3729 2293 οὗ·

2146 2372 2255 2417 τως
2282 2354 2381 2406 οὐκ
2404 2353 2470 2405 ἄν
2500 2367 2586 2412 τις
2643 2349 2786 2401 εἴποι
2817 2345 2892 2416 μὴ
2936 2342 3076 2396 εἶναι
3106 2340 3321 2401 πάντως
3373 2338 3429 2389 ἐν
3480 2334 3600 2403 Θεῷ
3636 2331 3729 2385 τὸν

2149 2448 2280 2501 ἴδιον
2305 2443 2470 2499 αὐτοῦ
2501 2441 2695 2508 Λόγον,
2725 2440 2853 2508 ὃλην
2885 2434 2945 2501 ἐξ
2976 2430 3231 2489 ὅλουτοῦ
3273 2428 3483 2498 [ἰατρὸς
3536 2424 3730 2495 ἔχοντα

2147 2539 2244 2609 τὴν
2272 2536 2478 2599 εἰκόνα,
2538 2533 2635 2586 καὶ
2688 2533 2746 2586 ὲν
2781 2528 2957 2600 Πατρὶ
3007 2522 3377 2595 θεωρούμενον
3426 2518 3513 2571 διὰ
3541 2516 3602 2569 τὸ
3628 2514 3730 2583 τῆς

2148 2629 2334 2693 οὐςίας
2376 2623 2818 2697 ἀπαράλλακτον.

2827 2736 3035 2791 ΛΔΛΟ.

2220 2857 2284 2911 Ei
2312 2851 2635 2926 βουλοίμεθα
2663 2849 2907 2919 δοξάζειν
2931 2845 3129 2920 ὀρθῶς.
3180 2842 3395 2910 ἀνάγκη
3426 2836 3608 2926 λέγεξν

2147 2949 2248 3004 οὐκ
2285 2921 2570 3016 ἐπιγέγονε
2594 2943 2672 3015 τῷ
2697 2941 2818 3014 Θεῷ
2847 2940 2911 2995 τὸ
2936 2936 3076 2994 εἶναι
3111 2933 3355 3005 Πατέρα,
3401 2928 3517 2983 ἀλλ’
3547 2921 3618 2995 ἦν
3641 2922 3732 2976 ἀεὶ

2148 3038 2388 3110 τοῦτο’-ἢ
2432 3037 2542 3107 γὰρ
2591 3034 2657 3089 ἂν
2682 3033 2778 3088 καὶ
2829 3032 3071 3105 τρεπτῆς
3115 3026 3192 3082 ὢν
3240 3025 3485 3096 φαίνοιτο
3516 3016 3733 3088 φύσεως

476 3129 764 3194 videbitur,
813 3129 1012 3198 quippe
1063 3129 1154 3199 qui
1214 3129 1494 3197 postmodo
1547 3128 1725 3183 factus
1793 3128 1959 3183 fuerit
1995 3127 2047 3181 id

2155 3132 2380 3203 ὕστερον
2400 3125 2661 3198 γεγονὼς,
2686 3127 2823 3198 ὅπερ
2843 3125 2944 3178 οὐκ
2973 3117 3061 3194 ἦν,
3106 3119 3250 3174 κατὰ
3274 3117 3372 3188 τὴν
3396 3112 3506 3207 egw
3525 3112 3733 3207 αἱρετι-

476 3223 617 3289 quud
655 3235 762 3277 non
829 3229 967 3287 erat,
1004 3220 1159 3292 juxta
1203 3221 1581 3276 haereticorum
1613 3221 1873 3276 furorem.
1912 3218 2048 3275 Nam

480 3317 522 3368 si
557 3315 755 3369 bonum
781 3313 1049 3383 quoddam
1079 3312 1311 3377 videtur,
1339 3315 1512 3382 ipsum
1543 3328 1665 3368 esse
1689 3312 1928 3378 Patrem,
1951 3312 2054 3367 hoc

476 3420 608 3460 vero
639 3420 743 3461 non
776 3419 995 3475 semper
1048 3402 1172 3472 fuit,
1202 3388 1322 3458 erat
1370 3404 1536 3476 igitur
1563 3415 1776 3474 tempus
1832 3404 2051 3473 quando

478 3500 681 3553 bonum
710 3513 816 3552 non
848 3504 967 3553 erat
994 3497 1048 3551 in
1086 3496 1213 3552 Deo.
1248 3495 1400 3565 Quod
1430 3498 1645 3566 quidem
1676 3512 1799 3550 eum
1825 3496 2050 3565 impium

481 3591 624 3644 dictu
654 3591 745 3655 sit,
770 3597 887 3644 erat
910 3589 1075 3659 igitur
1127 3603 1341 3659 semper
1361 3589 1551 3655 'Pater,
1585 3588 1724 3642 Filio
1767 3587 2053 3642 manifeste

481 3694 587 3732 una
616 3680 911 3734 exsistente
943 3695 959 3731 :
990 3692 1164 3746 neque
1208 3677 1351 3732 enim
1382 3686 1526 3732 esset
1553 3676 1736 3739 Pater,
1772 3690 1879 3730 non
1904 3675 2052 3729 exsi-

481 3781 658 3826 stente
687 3770 846 3825 Filio.
880 3769 936 3825 Si
972 3784 1099 3825 vero
1149 3770 1271 3840 quis
1312 3769 1556 3839 objiciet,
1602 3768 1824 3823 dicens:
1880 3767 2053 3838 Ergo,

481 3864 746 3934 siquidem
794 3865 1088 3918 secundum
1162 3873 1408 3919 naturam
1477 3870 1561 3917 est
1622 3861 1785 3914 etiam
1840 3858 2057 3917 creator

482 3958 638 4021 Deus,
681 3954 895 4009 fuerunt
928 3954 1089 4009 etiam
1132 3969 1348 4023 semper
1399 3960 1663 4006 creaturae
1692 3963 1709 4001 :
1742 3959 1905 4019 atque
1953 3950 2056 4005 boc

481 4045 698 4113 quidem
732 4047 913 4101 dicere
950 4060 1048 4098 nos
1074 4059 1300 4100 necesse
1332 4054 1437 4108 est,
1470 4057 1536 4096 ne
1559 4043 1843 4111 postmodo
1867 4057 2055 4098 acces-

480 4137 615 4191 sisse
656 4136 767 4191 Deo
819 4137 1090 4201 videatur,
1138 4144 1439 4191 creatorem
1475 4147 1618 4200 esse,
1670 4148 1806 4188 neve
1826 4134 2055 4187 mutatio

480 4230 658 4297 aliqua
700 4229 843 4283 circa
870 4229 1108 4283 divinam
1139 4236 1388 4281 naturam
1412 4224 1552 4279 facta
1570 4238 1693 4279 esse
1723 4235 2053 4282 censeatur:

483 4321 582 4374 hnc
603 4320 746 4374 enim
769 4320 1006 4375 diximus
1034 4321 1103 4374 de
1156 4318 1314 4372 Filio.
1349 4317 1456 4370 Aut
1506 4316 1613 4370 alio
1659 4316 1821 4371 etiam
1871 4318 2053 4371 modo.

480 4413 922 4482 Quandoquidem
959 4416 1155 4468 bonum
1189 4420 1271 4465 est
1297 4423 1487 4464 creare
1514 4419 1569 4463 et
1591 4409 1770 4466 facere
1792 4451 1809 4477 ,
1836 4410 2057 4465 fuerunt

2154 3227 2266 3281 κῶν
2288 3200 2517 3294 μανίαν.
2550 3220 2615 3274 El
2633 3217 2743 3288 γὰρ
2770 3215 2936 3271 καλόν
2962 3231 3014 3268 τι
3034 3211 3284 3282 φαίνεται
3309 3208 3369 3261 τὸ
3399 3201 3538 3259 εἶναι
3566 3200 3733 3294 αὐτὸν

2154 3293 2396 3387 Πατέρα,
2418 3311 2576 3367 τοῦτο
2603 3310 2660 3364 δὲ
2681 3304 2750 3380 ἦν
2775 3307 2877 3361 οὐκ
2902 3305 3011 3370 ἀεὶ,
3041 3298 3109 3373 ἦν
3153 3301 3263 3371 ἄρα
3303 3297 3492 3369 χρόνος
3530 3295 3623 3387 ότε
3668 3293 3735 3347 τὸ

2154 3384 2318 3466 καλὸν
2340 3407 2442 3462 οὐκ
2465 3402 2534 3478 ἦν
2554 3407 2611 3458 ὲν
2638 3402 2780 3474 Θεῷ.
2812 3400 2876 3454 Ei
2909 3399 2966 3452 δὲ
2997 3396 3156 3451 τοῦτο
3194 3393 3496 3461 δύσφημον,
3526 3384 3595 3478 ἦν
3620 3387 3733 3478 ἄρα

2153 3502 2242 3556 ἀεὶ
2272 3475 2500 3571 Πατὴρ,
2518 3495 2650 3551 Υἱοῦ
2679 3490 2921 3561 δηλονότι
2950 3487 3405 3557 συνυπάρχοντοςδ
3438 3480 3498 3533 οὐ
3527 3477 3641 3571 γὰρ
3664 3475 3735 3529 ἂν

2153 3594 2242 3665 εἴη
2275 3568 2466 3662 Πατὴρ
2496 3588 2598 3644 οὐκ
2653 3586 2808 3647 ὄντος
2844 3581 2998 3637 Υίοῦ.
3045 3580 3110 3633 Ei
3162 3577 3220 3630 δέ
3251 3592 3335 3638 τις
3366 3568 3734 3665 ἀνθυποφέρει

2153 3658 2347 3755 λέγων·
2378 3658 2502 3752 ’Ᾰρ’
2527 3673 2622 3733 οὖν
2646 3675 2833 3746 ἐπειδὴ
2860 3672 3002 3726 κατὰ
3033 3669 3195 3740 φύσιν
3219 3664 3335 3719 ἐστὶ
3378 3662 3474 3716 καὶ
3501 3658 3735 3755 ποιητὴς

2152 3780 2182 3833 6
2213 3750 2366 3839 ὸεδς,
2496 3771 2586 3826 ἀεὶ
2616 3771 2685 3825 τὰ
2713 3769 3013 3839 ποιήματαο
3039 3764 3134 3817 καὶ
3174 3756 3333 3813 τοῦτο
3369 3755 3566 3842 λέγειν
3587 3750 3735 3842 qua;

2154 3837 2473 3933 ἀναγκαῖον,
2503 3862 2590 3915 ἴνα
2624 3858 2698 3930 μὴ
2727 3837 2953 3927 ὕστερον
2982 3849 3295 3921 ἐπιγεγονὸς
3344 3844 3422 3915 τῷ
3458 3841 3578 3912 Θεῷ
3611 3837 3737 3933 (put:-

2154 3930 2314 4027 νηται
2346 3954 2407 4008 τὸ
2459 3948 2599 4006 εἶναι
2630 3948 2879 4021 ποιητὴν,
2914 3945 3009 4000 καὶ
3060 3940 3233 4006 δόξειὲ
3273 3955 3357 4001 τις
3397 3934 3572 4027 τροπὴ

2154 4020 2254 4118 τήν
2281 4046 2432 4100 θείαν
2452 4043 2697 4112 γίνεσθαι
2740 4039 2925 4109 φύσιν·
2974 4035 3133 4088 τοῦτο
3192 4031 3301 4099 γὰρ
3358 4020 3738 4118 ἐλέγομεν

2126 4111 2249 4196 ιτοῦ
2274 4138 2427 4193 Υἱοῦ.
2466 4111 2539 4191 Ἦ
2563 4135 2656 4188 καὶ
2697 4131 2818 4187 καθ’
2851 4130 3038 4200 ἓτερον
3074 4124 3299 4195 τρόπον·
3340 4115 3529 4185 ἐπειδὴ
3572 4111 3738 4166 καλὸν

2156 4234 2218 4286 τὸ
2241 4230 2446 4296 κτίζειν
2482 4227 2576 4282 καὶ
2614 4226 2807 4288 ποιεῖν,
2836 4218 2905 4290 ἦν
2956 4219 3043 4273 ἀεὶ
3101 4218 3172 4270 τὰ
3206 4212 3509 4282 ποιήματα,
3534 4207 3621 4260 ἵνα
3662 4204 3736 4274 μὴ

2158 4322 2416 4395 φαίνηταί
2438 4336 2571 4373 ποτε
2624 4316 2698 4389 μὴ
2720 4314 2779 4367 ὃν
2815 4315 2872 4367 ὲν
2913 4310 3031 4381 Θεῷ
3080 4309 3141 4362 τὸ
3181 4305 3363 4360 καλόν.
3394 4300 3539 4373 Πρὸς
3564 4297 3739 4395 ταῦτα

2159 4392 2268 4488 χρὴ
2295 4392 2482 4467 τοῦτον
2507 4410 2817 4478 ὑπαντῆσαι
2844 4406 2935 4458 τὸν
2968 4404 3188 4474 τρόπον’
3211 4400 3338 4488 Tib;
3364 4396 3458 4450 καὶ
3493 4392 3704 4488 ποίημα
3721 4429 3738 4453 ,

479 4520 694 4576 semper
726 4516 1013 4570 creaturae,
1043 4518 1112 4558 ne
1149 4503 1201 4557 id
1228 4501 1370 4571 quod
1420 4501 1619 4555 bonum
1655 4509 1760 4565 est,
1809 4502 2051 4557 videatur

2325 4505 2422 4575 τῆς
2443 4501 2580 4576 πρὸς
2604 4499 2812 4569 ἄλληλα
2835 4492 3120 4555 κοινωνίας
3160 4487 3493 4557 ἀπῴκισται,
3534 4480 3628 4537 καὶ
3648 4482 3741 4576 οὐ·

481 4596 847 4666 aliquandoin
912 4597 1021 4651 Deo
1073 4608 1178 4646 non
1211 4592 1396 4646 fuisse.
1456 4589 1594 4646 Huic
1639 4590 1930 4659 objectioni
1981 4592 2051 4646 ita

478 4688 878 4743 occurrendum
908 4697 995 4742 est
1020 4703 1036 4741 :
1068 4684 1241 4739 Filius
1280 4692 1335 4736 et
1364 4697 1502 4752 opus
1527 4683 1795 4740 immenso
1825 4683 1973 4739 inter
1994 4699 2054 4741 se

480 4779 764 4835 intervallo
823 4778 1108 4841 dissident,
1170 4788 1347 4841 neqne
1407 4774 1701 4843 quidquam
1746 4775 1954 4842 azquale
1985 4776 2054 4832 iis

479 4872 770 4927 intercedit
808 4889 820 4924 :
863 4868 1034 4922 Filius
1086 4865 1230 4920 enim
1254 4880 1320 4919 ex
1367 4864 1668 4920 substantia
1725 4864 1904 4922 Patris
1938 4883 2055 4937 pro—

479 4979 719 5032 gressus,
749 4961 933 5016 statim
975 4972 1097 5011 eum
1153 4956 1449 5027 genitorem
1495 4970 1616 5011 esse
1658 4958 1917 5013 ostendit.
1971 4957 2055 5013 Sit

480 5066 662 5110 autem
704 5054 870 5109 veluti
903 5051 971 5105 de
995 5048 1305 5103 hominibus
1328 5063 1508 5103 sermo
1533 5064 1548 5115 ;
1584 5064 1719 5117 opus
1741 5065 1871 5106 vero
1896 5062 2051 5107 extra

476 5149 770 5204 essentiam
798 5154 903 5206 est,
927 5140 1152 5197 omnino
1175 5149 1302 5195 tunc
1332 5141 1581 5210 opificem
1609 5142 1901 5198 ostendens
1922 5159 2046 5199 eum

480 5241 572 5309 qui
604 5241 656 5294 id
688 5238 836 5302 fecit,
865 5232 1082 5303 quando
1107 5232 1166 5286 ﬁt
1197 5250 1210 5286 :
1244 5242 1363 5286 erat
1394 5233 1537 5288 enim
1571 5233 1625 5287 in
1685 5233 1800 5304 ipso
1844 5250 1935 5290 ars
1980 5235 2057 5291 fa—

479 5331 682 5395 ciendi,
703 5343 863 5397 quam
890 5323 1112 5379 omnino
1136 5325 1285 5393 prius
1306 5324 1577 5380 exstitisse
1599 5335 1812 5394 oportet
1843 5325 1910 5380 iis
1940 5341 2052 5395 qua

481 5445 577 5501 per
601 5429 771 5496 ipsam
826 5423 1004 5477 fiunt:
1039 5420 1187 5490 prius
1232 5420 1375 5475 enim
1432 5421 1629 5490 aliquis
1658 5423 1766 5476 erit
1819 5421 2015 5476 artifex

481 5517 673 5574 deinde
695 5514 898 5585 opifex.
927 5511 1062 5567 Cum
1089 5512 1251 5583 igitur
1280 5519 1499 5566 tantum
1517 5511 1856 5570 discriminis
1883 5513 2057 5567 inter-

482 5609 713 5678 positum
736 5609 826 5672 sit,
855 5618 1089 5674 euntque
1116 5604 1287 5660 Filius
1319 5618 1425 5658 una
1448 5619 1571 5659 cum
1614 5602 1796 5659 Patris
1818 5604 2051 5673 appella-

484 5701 630 5755 tione
666 5696 829 5753 simul
869 5699 1033 5753 etiam
1088 5694 1447 5764 intelligatur,
1492 5694 1764 5765 simulque
1812 5710 2060 5766 compre—

489 5790 787 5858 hendatur;
828 5787 992 5848 simul
1028 5788 1171 5844 enim
1234 5802 1297 5841 ac
1326 5785 1487 5841 Pater
1539 5795 1639 5850 cst,
1668 5785 1850 5841 statim
1885 5796 1937 5842 ct
1972 5786 2060 5841 Fi-

2161 4599 2250 4653 δὲν
2270 4599 2327 4651 ὲν
2351 4572 2536 4657 αὐτοῖς
2565 4592 2626 4645 τὸ
2646 4591 2779 4644 ἴσον·
2807 4591 2836 4642 6
2860 4588 2959 4660 μὲν
2981 4587 3087 4657 γὰρ
3112 4580 3183 4637 ἐπ’
3205 4582 3303 4652 τῆς
3331 4578 3517 4639 οὐσίας
3545 4572 3741 4646 προελ-

2163 4692 2292 4758 θὼν,
2343 4688 2563 4758 Πατέρα
2582 4686 2743 4749 εὐθὺς
2774 4682 2941 4746 ἔδειξε
2965 4682 3056 4733 τὸν
3081 4677 3439 4746 γεννήσαντα.
3479 4671 3661 4723 Ἔστω
3683 4667 3741 4719 δὲ

2161 4785 2238 4848 ὡς
2274 4783 2362 4835 ἐπ’
2391 4777 2696 4851 ἀνθρώπων
2737 4778 2766 4830 ὁ
2811 4775 2990 4842 λόγος’
3021 4770 3083 4823 τὸ
3106 4769 3164 4822 δὲ
3197 4764 3392 4832 ἔξωθεν
3426 4761 3530 4832 τῆς
3553 4758 3741 4851 οὐσίας

2163 4876 2331 4938 ἐστὶν,
2356 4873 2478 4925 τότε
2501 4849 2721 4939 πάντως
2773 4863 3003 4935 ποιητὴν
3038 4859 3337 4929 ἀποφαῖνον
3383 4854 3475 4908 τὸν
3514 4849 3742 4922 ἐργαζό-

2165 4982 2347 5036 μενον,
2381 4965 2472 5018 ὃτε
2502 4961 2598 5017 καὶ
2622 4960 2848 5030 γίνεται·
2884 4952 2952 5027 ἦν
2978 4953 3098 5024 γὰρ
3133 4955 3192 5005 ὲν
3218 4947 3367 5019 αὐτῷ
3386 4944 3482 5000 τοῦ
3504 4944 3678 4997 ποιεῖν
3692 4942 3739 5036 Λή

2160 5032 2350 5127 τέχνη,
2385 5056 2452 5126 ἢν
2478 5056 2573 5107 καὶ
2626 5051 2873 5123 προεῖναι
2899 5046 3116 5106 πάντως
3151 5042 3369 5109 ἀνάγκη
3401 5038 3510 5091 τῶν
3552 5037 3617 5088 δι’
3647 5032 3745 5086 αὐ·
3774 5050 3779 5051 ί

2160 5148 2280 5218 τῆς·
2315 5146 2578 5217 πρότερον
2600 5142 2710 5212 γάρ
2751 5157 2836 5201 τις
2862 5139 3014 5192 ἔσται
3044 5135 3316 5207 τεχνίτης,
3351 5129 3450 5185 εἷθ’
3477 5129 3621 5183 οὕτω
3645 5127 3742 5194 δη-

2169 5238 2449 5312 μιουργός.
2478 5234 2763 5303 Τοσαύτης
2787 5233 2965 5286 τοίνυν
3015 5225 3221 5300 μεταξὺ
3254 5224 3515 5296 κειμένης
3558 5220 3745 5287 διαφο-

2169 5333 2289 5400 ρᾶς,
2320 5330 2415 5384 καὶ¹
2441 5327 2536 5381 τοῦ
2567 5326 2666 5396 μὲν
2694 5322 2826 5377 Υἱοῦ
2848 5323 2966 5394 ἅμα
3003 5324 3070 5393 τῇ
3100 5319 3193 5374 τοῦ
3227 5316 3442 5388 Πατρὸς
3473 5328 3747 5384 προσηγο-

2165 5423 2260 5494 ρίᾳ
2292 5417 2796 5488 συνεπινοουμένου,
2855 5416 2948 5468 καὶ
2981 5411 3462 5471 συνεισϐαίνοντος·
3513 5407 3629 5476 ἅμα
3687 5420 3746 5455 τε

2165 5515 2274 5585 γὰρ
2300 5510 2512 5581 Πατὴρ,
2543 5508 2706 5571 εὐθὺς
2753 5509 2847 5562 καὶ
2874 5508 2905 5560 6
2931 5507 3080 5569 Υἱὸς,
3132 5503 3249 5573 ἅμα
3293 5517 3355 5553 τε
3412 5498 3559 5562 Υἱὸς,
3584 5495 3770 5585 2602i;

2163 5583 2264 5663 xui.
2287 5601 2498 5672 Πατὴρ,
2533 5599 2630 5653 καὶ
2658 5599 2758 5652 οὐκ
2788 5597 2853 5651 ἂν
2887 5595 3107 5667 νοηθείη
3144 5593 3316 5665 χωρὶς
3353 5589 3446 5645 τοῦ
3474 5586 3660 5658 ἐτέρου
3687 5583 3746 5638 τὸ

2166 5697 2371 5766 ἕτερον.
2407 5692 2514 5745 Τοῦ
2541 5691 2597 5746 δὲ
2626 5691 2931 5761 ποιήματος
2964 5688 3057 5741 καὶ
3084 5686 3221 5756 μετὰ
3244 5684 3342 5754 τὴν
3376 5679 3606 5751 ὓπαρξιν
3652 5674 3742 5728 τοῦ

2177 5781 2392 5853 ποιητοῦ
2421 5780 2719 5850 δυναμένου
2743 5775 3029 5846 φαίνεσθαι
3055 5775 3151 5846 (οὐ
3181 5774 3289 5844 γὰρ
3314 5774 3376 5827 ἐκ
3405 5772 3501 5840 τῆς
3534 5763 3745 5840 φύσεώς
