4106 6410
337 359 403 410 57
1765 359 2203 418 THESAURUS.
3538 367 3606 423 58

338 477 453 527 ἐστι
488 475 582 528 τοῦ
618 475 924 538 ποιοῦντος,
961 475 1101 528 ἀλλά
1132 476 1321 546 τέχνης
1353 475 1590 546 εὖρημα’
1625 477 1735 546 ἡδὲ
1768 479 1929 548 τέχνη

2037 481 2160 542 lius,
2181 479 2338 533 simul
2370 495 2431 533 ae
2458 478 2648 540 Filius.
2683 477 2864 532 statim
2893 487 2946 531 et
2969 475 3153 540 Pater,
3176 491 3348 545 neque
3377 479 3606 536 alterum

338 567 501 632 φύσις
531 567 633 620 οὐκ
659 565 828 627 ἔστιν,
865 567 983 618 ἀλλ’
1007 565 1065 618 ἓν
1095 567 1202 618 τῶν
1232 570 1298 636 τῇ
1351 567 1508 634 φύσει
1556 569 1930 638 προσόντων),

341 658 458 720 πῶς
483 675 631 720 τινες
651 659 745 710 ἐπὶ
774 658 912 711 Θεοῦ
939 660 1014 722 ὡς
1037 659 1231 711 ταυτὸν
1255 659 1567 728 εἰσφέρουσι
1600 661 1810 732 ποίημα
1841 663 1934 716 καὶ

340 748 612 817 γέννημα,
658 749 882 818 Πατέρα.
919 749 1180 802 δύνασθαι
1231 749 1416 802 καλεῖν
1457 750 1705 818 λέγοντες
1733 753 1894 806 αὐτὸν
1917 796 1932 819 ,

342 842 434 893 καὶ
473 841 577 892 οὐκ
611 839 764 904 ὄντος
794 840 926 894 Υίοῦ
951 859 964 907 ;
997 841 1215 911 Ἐπειδὴ
1243 842 1336 894 καὶ
1360 841 1692 913 δημιουργὸς
1722 843 1935 915 ὑπῆρχε

344 933 450 1002 :96
481 933 594 984 τῶν
629 933 1159 1004 δημιουργημὼτων.
1188 934 1411 1002 Ὅμοιον
1446 934 1555 1004 γάρ
1593 937 1738 988 ἐστιν
1781 937 1856 1000 ὡς
1886 937 1941 990 εῐ

342 1042 426 1086 τις
453 1024 666 1076 καὶτὸν
701 1024 1051 1095 ναυπηγικὴν
1087 1023 1283 1096 ἔχοντα
1337 1026 1552 1096 τέχνην,
1588 1027 1805 1097 Πατέρα
1838 1045 1938 1081 κα-

343 1115 462 1182 λοίη
499 1115 594 1166 καὶ
634 1115 712 1184 μὴ
752 1115 907 1178 ὄντος
942 1116 1100 1170 Υίοῦ·
1131 1118 1254 1170 ἐπεὶ
1306 1117 1400 1170 καὶ
1454 1118 1734 1187 ναυπηγός
1790 1120 1938 1173 ἐστιν

345 1206 469 1259 ὅσον
499 1209 580 1270 είς
601 1208 702 1277 τὴν
724 1207 943 1278 τέχνην,
963 1209 1058 1261 καὶ
1086 1209 1183 1281 τὴν
1211 1209 1304 1262 τοῦ
1335 1209 1595 1263 δύνασθαι
1625 1212 1796 1263 ποιεῖν
1826 1212 1939 1263 ὲπι-

345 1299 674 1369 τηδειότητα
710 1300 846 1372 ἔχει,
869 1303 964 1354 καὶ
997 1303 1141 1373 εἰμὴ
1171 1319 1258 1354 πω
1273 1301 1334 1355 τὸ
1352 1301 1561 1373 σκάφος
1593 1303 1935 1356 κατεσκεύα-

347 1409 465 1445 σεν.
508 1392 651 1443 Ἀλλ’
685 1395 714 1445 6
743 1392 990 1458 τοιοῦτος
1035 1394 1315 1465 ναυπηγός
1361 1395 1460 1465 μὲν
1510 1394 1682 1457 ἔσται,
1713 1395 1807 1448 καὶ⁵
1833 1393 1940 1464 πρὸ

347 1483 447 1536 τοῦ
479 1485 721 1553 σκάφους
747 1484 834 1537 se;
865 1485 965 1554 τὴν
992 1485 1206 1556 τέχνην.
1244 1485 1431 1555 Πατὴρ
1457 1485 1512 1537 δὲ
1541 1483 1723 1537 οὐκέτι
1753 1485 1824 1554 μή
1855 1501 1939 1537 πω

347 1575 638 1641 γεγονότος
657 1574 753 1627 τοῦ
773 1575 840 1628 δι’
851 1575 911 1628 ὄν
934 1575 1086 1628 ἔσται
1110 1577 1314 1647 πατήρ.
1331 1576 1443 1628 Καὶ
1459 1575 1525 1628 τὰ
1549 1575 1646 1645 μὲν
1665 1574 1940 1644 ποιήματα

347 1664 448 1716 καὶ
477 1664 554 1734 μὴ
577 1665 841 1732 γεγονότα
868 1666 970 1717 οὐκ
993 1666 1210 1735 ἀναιρεῖ
1242 1665 1300 1717 τὸ
1340 1663 1598 1716 δύνασθαί
1647 1681 1766 1716 τινα
1799 1658 1938 1716 εἶναι

349 1758 605 1824 ποιητήνυ
629 1759 658 1808 6
687 1755 744 1808 δὲ
803 1756 916 1819 υίὸς
946 1755 1098 1810 οὔπω
1137 1756 1444 1827 γενόμενος,
1480 1756 1765 1825 ἀναιρήσει
1800 1753 1936 1808 πάν-

2035 571 2238 637 absque
2305 568 2473 624 altero
2524 568 2744 636 intelligi
2791 577 2983 634 potest.
3034 568 3180 636 Opus
3219 580 3396 622 autem
3441 571 3606 624 etiam

2035 677 2154 732 post
2189 664 2558 716 exsiSIentiam
2589 663 2796 730 Opiticis
2823 663 2991 730 possit
3021 663 3190 716 videri
3219 664 3426 731 (neque
3453 681 3600 718 enlm

2034 763 2118 808 est
2150 767 2212 808 ex
2247 763 2435 806 natura
2463 754 2694 820 Opificis,
2727 753 2818 806 sed
2846 755 2977 806 artis
3020 753 3297 807 inventum
3332 773 3344 806 :
3392 770 3484 808 ars
3509 770 3606 808 au-

2036 853 2144 896 tem
2177 857 2278 896 non
2316 852 2396 895 est
2429 851 2643 902 natura,
2673 841 2766 894 sed
2804 857 2967 893 unum
3017 841 3219 910 aliquid
3250 857 3438 896 eorum
3488 859 3607 910 qua:

2036 943 2242 988 natura:
2273 932 2525 1003 insunt);
2583 947 2815 1000 quonam
2867 943 3024 1000 pacto
3087 932 3325 986 nonnulli
3383 934 3434 986 in
3499 934 3607 988 Deo

2036 1035 2292 1094 tanquam
2317 1025 2457 1079 idem
2493 1034 2736 1078 statuunt
2761 1023 2960 1078 factum
2989 1033 3045 1078 et
3069 1025 3334 1093 genitum,
3359 1025 3604 1078 dicentes

2035 1133 2194 1186 posse
2227 1132 2350 1171 eum
2374 1116 2552 1169 vocari
2583 1116 2822 1176 Patrem.
2849 1115 3010 1168 etiam
3040 1129 3146 1168 non
3186 1114 3486 1168 exsistente
3524 1115 3607 1169 Fi-

2035 1207 2145 1263 lio?
2169 1207 2445 1277 Siquidem
2471 1213 2524 1259 et
2570 1204 2748 1275 opifex
2777 1205 2990 1258 exsistit
3036 1216 3163 1259 ante
3191 1205 3424 1274 Opiﬁcia.
3465 1205 3601 1259 Per-

2036 1299 2160 1353 inde
2218 1298 2361 1352 enim
2389 1305 2475 1350 est
2506 1311 2570 1352 ac
2621 1297 2664 1351 si
2700 1295 2823 1364 quis
2847 1310 2968 1349 eum
3010 1295 3102 1365 qui
3156 1304 3273 1349 arte
3303 1295 3601 1350 fabricandi

2039 1404 2200 1444 naves
2223 1387 2479 1458 praditus
2529 1387 2621 1453 sit,
2663 1394 2873 1454 patrem
2907 1400 3104 1442 vocare
3167 1386 3401 1441 voluerit
3428 1388 3596 1443 etiam

2038 1496 2143 1535 non
2180 1481 2475 1534 exsistente
2501 1479 2634 1544 filio,
2654 1479 2910 1548 quoniam
2966 1488 3020 1533 et
3067 1477 3362 1532 fabricator
3391 1480 3607 1534 navium

2037 1581 2119 1626 est
2139 1580 2398 1641 quantum
2425 1572 2617 1624 attinet
2642 1570 2707 1623 ad
2730 1577 2922 1635 artem,
2948 1577 3003 1623 et
3023 1568 3330 1622 facultatem
3355 1567 3606 1622 liabilita-

2041 1675 2250 1733 temque
2265 1665 2330 1716 ad
2352 1661 2718 1718 fabricandum
2744 1661 2925 1726 habet,
2943 1661 3154 1717 etiamsi
3175 1661 3408 1715 nondum
3430 1661 3608 1712 navim

2038 1754 2528 1825 33construxerit.
2549 1753 2814 1807 Cmterum
2827 1751 3088 1820 ejusmodi
3103 1752 3298 1820 aliquis
3318 1749 3612 1804 fabricator

345 1865 459 1909 τως
489 1849 551 1899 τὸ
575 1843 717 1900 εἶναι
776 1848 990 1918 πατέρα
1029 1849 1168 1901 τινά.
1227 1849 1390 1900 Ὥστε
1445 1848 1544 1900 οὐκ
1591 1847 1654 1900 ἂν
1709 1848 1820 1900 ἴσον
1849 1845 1934 1915 εἴη

2038 1846 2254 1914 quidem
2287 1845 2440 1898 navis
2483 1843 2608 1911 erit,
2651 1845 2817 1898 etiam
2865 1853 2990 1898 ante
3043 1843 3238 1897 iactam
3304 1841 3508 1907 navim,
3536 1842 3606 1895 ob

349 1938 569 2008 ποίημα
597 1939 689 1991 καὶ
717 1939 867 2001 Υἱός·
898 1940 998 1992 καὶ
1047 1939 1274 2009 ποιητὴς
1330 1939 1427 2009 μὲν
1469 1938 1640 2002 ἔστιν,
1683 1939 1806 1992 ὅσον
1859 1940 1936 2001 είς

345 2029 455 2098 τὴν
478 2029 683 2082 οἰκείαν
707 2030 888 2098 φύσιν,
927 2031 1024 2082 καὶ
1084 2031 1188 2102 πρὸ
1210 2030 1318 2082 τῶν
1364 2031 1684 2102 ποιημάτων
1707 2031 1734 2082 6
1766 2028 1898 2092 Θεὸς
1920 2068 1936 2093 ,

347 2122 553 2190 Πατὴρ
581 2120 635 2171 δὲ
658 2119 906 2189 οὐδαμῶς
935 2122 1036 2172 οὐκ
1067 2119 1217 2183 ὄντος
1241 2121 1393 2174 Υἱοῦ.

2046 1945 2215 1989 artem
2247 1950 2349 2004 qua
2380 1935 2636 2004 praditus
2668 1943 2770 1989 est.
2822 1933 2981 1988 Pater
3009 1949 3136 1986 vero
3183 1931 3326 1986 nulla
3369 1933 3612 1994 ratione,

2046 2042 2167 2080 cum
2186 2027 2418 2079 nondum
2443 2024 2644 2079 factum
2670 2027 2741 2079 sit
2772 2025 2822 2080 id
2843 2040 2937 2094 per
2957 2026 3097 2094 quod
3117 2023 3329 2078 futurus
3346 2032 3610 2090 estpaler.

2053 2121 2212 2186 Atqui
2231 2132 2395 2185 opera
2421 2118 2661 2186 quidem,
2681 2116 2890 2170 etiamsi
2917 2117 3152 2170 nondum
3177 2114 3312 2168 facta
3342 2115 3468 2178 sint,
3497 2128 3600 2166 non

347 2214 657 2280 impediunt
714 2214 1009 2283 quominus
1038 2215 1300 2282 quispiam
1349 2215 1528 2284 Opifex
1563 2229 1684 2267 esse
1715 2213 1930 2284 possit:
1974 2211 2116 2265 filius
2184 2227 2312 2265 vero
2373 2211 2605 2264 nondum
2670 2219 2827 2262 natus
2865 2208 3020 2278 plane
3057 2207 3276 2276 impedit
3299 2216 3355 2260 ut
3395 2206 3515 2274 quis
3544 2205 3614 2258 sit

345 2316 528 2371 pater.
561 2305 676 2359 Non
729 2318 814 2361 est
861 2323 992 2375 ergo
1058 2308 1234 2370 idem,
1278 2321 1413 2374 Opus
1469 2317 1520 2358 et
1564 2304 1775 2358 Filius:
1809 2304 1954 2372 atqui
1993 2302 2171 2371 opifex
2216 2303 2428 2370 quidem
2459 2311 2560 2365 est,
2594 2311 2853 2371 quantum
2894 2301 2960 2354 ad
2998 2299 3271 2369 propriam
3323 2313 3474 2352 suam
3514 2311 3607 2350 na-

351 2411 555 2462 turam,
595 2401 760 2454 etiam
785 2412 913 2454 ante
938 2415 1100 2471 opera
1132 2401 1294 2466 facta,
1329 2399 1468 2453 Deus
1497 2416 1512 2458 ι
1537 2398 1701 2452 Pater
1730 2408 1909 2452 autem
1952 2411 2316 2461 neouauuam,
2355 2411 2459 2449 non
2497 2396 2794 2449 exsistente
2833 2393 2991 2447 Filio.

873 2526 1241 2610 ΛΟΓΟΣ
1317 2525 1439 2609 E’.

344 2661 478 2711 Ὅτι
526 2661 604 2711 οὐ
669 2660 1048 2727 προϋπάρχει
1109 2658 1214 2712 τοῦ
1259 2658 1390 2711 Υῑοῦ
1449 2655 1766 2727 ὁΠατὴρ,
1831 2657 1948 2727 κᾶν

413 2728 720 2794 ἀγένητος
748 2725 811 2798 ᾗ,
849 2725 987 2783 ἀλλ’
1021 2726 1100 2799 ἦν
1124 2728 1283 2794 αὐτῷ
1311 2726 1624 2792 συναΐδιος
1660 2726 1947 2793 γεννητὸς

413 2802 448 2852 ό
483 2799 641 2863 Υἱός.

639 2912 964 2974 Ἀντίσεσις
1000 2910 1081 2974 ὡς
1109 2910 1176 2962 ἐκ
1207 2909 1325 2961 τῶν
1351 2908 1666 2962 Εὐνοαίου.

411 3028 478 3080 EE
532 3027 690 3079 ἐστιν
743 3025 998 3094 ἀνάρχως
1048 3023 1142 3075 καὶ
1188 3025 1464 3092 ἀγενήτως
1499 3021 1585 3076 ἀεὶ
1641 3023 1670 3074 6
1726 3021 1938 3092 Πατὴρ,

2450 2521 3021 2610 ASSERTIO
3093 2525 3205 2612 V.

2049 2651 2199 2716 Quod
2233 2650 2389 2702 Pater
2417 2667 2518 2702 non
2547 2651 2748 2702 exsistit
2781 2659 2898 2701 ante
2929 2647 3157 2710 Filium,
3189 2648 3395 2700 tametsi
3420 2649 3614 2715 ingeni-

2187 2733 2268 2773 tus
2297 2722 2384 2785 sit,
2409 2722 2497 2772 sed
2523 2731 2631 2784 erat
2661 2722 2705 2772 ei
2735 2728 3020 2771 τυιιτιρνιιιιε
3054 2716 3225 2770 Filius
3252 2719 3472 2785 genitus.

2289 2917 2522 2986 Objectio
2555 2926 2801 2984 tanquam
2832 2929 2896 2966 ea:
2922 2914 3078 2966 dictis
3109 2911 3376 2968 Eunomii.

2119 3027 2174 3080 Si
2210 3025 2412 3094 absque
2445 3025 2707 3095 principio
2740 3033 2901 3092 atque
2929 3035 3048 3076 ortu
3085 3039 3298 3092 semper
3325 3033 3408 3076 est
3433 3023 3616 3088 Pater,

337 3116 536 3188 ὥσπερ
573 3113 671 3170 οὖν
711 3118 806 3170 καὶ
845 3116 1012 3179 ἔστιν,
1057 3115 1318 3184 ἐγεννήθη
1344 3115 1400 3167 δὲ
1440 3117 1467 3167 6
1509 3115 1656 3178 Υἱὸς,
1690 3113 1807 3178 πῶς
1838 3113 1934 3166 οὐκ

2041 3126 2097 3170 ιιι
2134 3132 2318 3171 revera
2356 3125 2468 3181 εει,
2504 3116 2674 3170 Filius
2708 3126 2886 3168 autem
2925 3115 3138 3187 genitus
3171 3124 3286 3178 est,
3321 3131 3426 3184 quo
3461 3129 3615 3184 pacto

336 3210 562 3278 ἀνάγκη
602 3211 758 3262 πὶςα
787 3209 847 3261 τὸ
877 3208 1135 3278 γεννηθὲν
1168 3209 1309 3278 ἀρχῇ
1344 3205 1815 3278 περιγράφεσθαις

844 3389 1002 3456 Πρός
1033 3387 1206 3441 τοῦτο
1235 3388 1437 3452 λύσις.

409 3505 608 3566 Οὐδεὶς
647 3503 952 3571 ἀναγκάσει
980 3503 1138 3570 λόγος
1172 3501 1516 3572 ἀνύπαρκτον
1545 3498 1680 3555 εἶναι
1723 3502 1940 3566 πάντως

339 3597 447 3665 πρὸ
491 3597 596 3664 τῆς
628 3596 910 3663 γενήσεως
951 3595 1011 3647 τὸ
1043 3593 1288 3665 γενηθὲν,
1316 3594 1348 3664 ἢ
1379 3595 1471 3648 καὶ
1496 3596 1636 3666 ἀρχῇ
1675 3596 1940 3667 περιγρά-

337 3707 400 3755 qs
413 3689 561 3750 σθαι,
595 3687 701 3740 κᾶν
722 3691 750 3740 6
772 3688 976 3755 γεννῶν
988 3687 1260 3757 ,ἀγένητος
1285 3683 1373 3759 ἦν.
1402 3690 1476 3741 Οὐ
1500 3689 1606 3757 γὰρ
1637 3690 1764 3760 περί
1797 3705 1939 3752 τινος

337 3778 447 3828 τῶν
485 3776 615 3828 καθ’
643 3778 798 3846 ἡμᾶς
830 3779 858 3829 6
891 3777 1047 3844 λόγος
1075 3779 1228 3847 ἡμῖν,
1263 3773 1306 3831 ὦ
1349 3772 1525 3841 οὗτος,
1556 3779 1641 3832 ἵνα
1665 3779 1728 3850 δὴ
1762 3781 1856 3833 καὶ
1882 3781 1939 3832 ὲν

336 3870 524 3937 χρόνῳ
557 3868 622 3919 τὸ
663 3867 1002 3938 γεννώμενον
1038 3868 1280 3937 φαίνοιτο
1336 3872 1430 3924 καὶ
1467 3871 1719 3942 καθάπερ
1763 3872 1828 3925 ἐκ
1863 3871 1938 3941 μὴ

335 3962 494 4022 ὄντος
529 3961 608 4021 εἰς
639 3959 701 4012 τὸ
733 3955 874 4012 εἶναι
900 3960 1134 4030 βαδίζον,
1166 3963 1308 4032 ἀρχῇ
1343 3962 1734 4034 περιγράφοιτο
1757 3979 1770 3993 ο
1801 3963 1939 4016 ἀλλά

338 4054 470 4120 περὶ
507 4050 610 4118 τῆς
644 4051 795 4114 θείας
820 4069 878 4103 τε
909 4053 1003 4105 καὶ
1029 4054 1382 4124 ἀπερινοήτου
1417 4054 1650 4124 φύσεως,
1681 4057 1938 4126 ἀρρήτως

335 4143 524 4194 πάντα
562 4142 829 4212 ποιούσης
850 4145 943 4195 καὶ
966 4144 1304 4214 θεοπρεπῶς.
1337 4147 1544 4199 Οὐκοῦν
1565 4147 1936 4218 ὑπερϐήσεται

331 4233 435 4302 τὴν
484 4233 612 4285 καθ’
643 4235 796 4302 ἡμᾶς
833 4235 1038 4301 γνῶσιν
1077 4237 1168 4288 καὶ
1215 4237 1244 4288 6
1293 4240 1392 4308 τῆς
1431 4237 1578 4301 Θείας
1627 4240 1934 4307 γεννήσεως

330 4325 567 4391 τρόπος,
593 4327 691 4376 καὶ
723 4326 784 4376 οὐ
820 4329 933 4388 τοῖς
968 4327 1329 4398 ἀνθρωπίνοις
1363 4329 1585 4399 θεσμοῖς
1616 4331 1898 4384 ὑπόκειται
1918 4349 1930 4362 ’

330 4414 451 4466 ἀλλ’
487 4417 617 4466 ὅσον
649 4417 749 4484 τῆς
780 4417 836 4467 ὲν
862 4417 994 4486 ἡμῖν
1035 4420 1503 4488 σμικροπρεπείας
1535 4423 1568 4490 ἡ
1620 4420 1738 4473 θεία
1773 4422 1930 4488 φύσις

327 4509 683 4578 ἀπῴκισται,
724 4508 979 4561 τοσοῦτον
1026 4509 1083 4560 ἐν
1130 4513 1240 4573 τοῖς
1280 4511 1398 4563 καθ’
1433 4511 1630 4582 ἑαυτὴν
1675 4512 1934 4582 ὑπερέχει

327 4600 403 4652 τὰ
437 4601 716 4670 ἡμέτερα.
750 4601 1120 4654 Παυέσθωσαν
1161 4603 1339 4655 τοίνυν
1387 4604 1600 4676 ἀνάγκῃ
1648 4605 1744 4658 κτίιὶ
1791 4607 1930 4677 ἀρχῇ

328 4691 783 4760 περιγράφοντες
831 4692 922 4745 τὸν
980 4693 1227 4764 ἀνάγκης
1273 4697 1576 4766 κρείττονα,
1623 4696 1716 4749 καὶ
1757 4696 1930 4768 ἀρχὴν

329 4784 436 4851 μὲν
482 4781 588 4852 τὴν
634 4785 693 4834 ἐν
737 4784 915 4853 χρόνῳ
947 4787 1416 4856 παραιτούμενον·
1445 4787 1667 4854 λέγοντα
1705 4787 1761 4840 δὲ
1795 4789 1930 4859 πρὸς

325 4875 548 4927 Μωσέα
577 4874 674 4926 τὸν
704 4874 1046 4943 σοφώτατον·
1084 4895 1103 4927 ι
1151 4876 1293 4944 Ἐγώ
1326 4879 1440 4947 εἰμι
1473 4881 1502 4932 6
1534 4879 1628 4934 ὢν.
1680 4899 1698 4933 ι
1739 4881 1828 4952 Τῷ
1869 4882 1926 4934 δὲ

324 4964 425 5018 ἀεὶ
456 4965 575 5017 ὄντι
606 4964 788 5029 (τοῦτο
818 4967 928 5036 γάρ
960 4968 1216 5040 σημαίνει
1248 4969 1309 5022 τὸ
1336 4970 1465 5039 ὢν),
1507 4973 1666 5026 ποίαν
1693 4991 1774 5037 τις
1814 4973 1927 5046 δοίη

323 5056 430 5124 τὴν
475 5055 576 5108 τοῦ
627 5053 769 5110 εἶναι
815 5059 956 5111 κατὰ
1009 5060 1200 5128 χρόνον
1235 5062 1444 5131 ἀρχήν;
1498 5065 1709 5128 Ἀλλως
1757 5055 1839 5120 τέ’
1867 5067 1928 5118 οὐ

324 5148 562 5208 τεᾶντως
611 5147 752 5218 ὅπερ
804 5148 871 5201 ἂν
928 5152 1042 5213 τοῖς
1089 5149 1183 5203 τοῦ
1233 5154 1594 5223 γεννήσαντος
1646 5155 1928 5226 ίδιώμασιν

321 5238 580 5290 ἐναντίον
621 5234 763 5293 εἶναι
804 5240 958 5311 δοκῇ,
997 5241 1156 5294 τοῦτο
1201 5243 1279 5314 τῷ
1322 5244 1634 5314 γεννηθέντι
1679 5248 1928 5316 φαίνεται

323 5330 558 5398 προσόν.
610 5329 701 5394 Ὠς
747 5331 883 5399 γοῦν
932 5332 1081 5386 ἔστιν
1114 5335 1142 5386 6
1187 5334 1353 5399 Θεός·
1395 5336 1457 5388 τὸ
1511 5337 1567 5390 δὲ
1613 5339 1932 5394 ἀντιπίπτον

333 5418 502 5488 τούτῳ
533 5421 633 5473 καὶ
666 5421 1052 5490 ἀντικείμενον
1077 5422 1138 5474 οὐ
1172 5422 1323 5484 Θεός.
1367 5423 1507 5476 Ἀλλ’
1539 5424 1654 5478 ἐστι
1681 5425 1813 5490 Θεὸς
1838 5427 1932 5480 καὶ

323 5511 350 5560 6
391 5511 539 5574 Υἱὸς,
580 5511 762 5565 καίτοι
806 5511 903 5565 τοῦ
949 5512 1164 5583 Πατρὸς
1189 5512 1342 5577 ὄντος
1379 5514 1534 5581 Θεοῦ,
1571 5516 1837 5586 βασιλέως
1871 5536 1932 5571 τε

324 5601 483 5667 ὄντος
520 5603 729 5672 ὁμοίως
763 5603 861 5659 τοῦ
891 5604 1126 5675 Πατρὸς,
1161 5603 1416 5674 βασιλεύς
1441 5609 1554 5662 ἐστι
1586 5611 1678 5664 καὶ
1721 5613 1750 5664 6
1781 5611 1926 5675 Υἱός.

397 5780 443 5812 ⁵³
475 5781 644 5836 Exod.
675 5798 757 5847 Ill,
804 5783 888 5836 Η.

2045 3223 2148 3262 non
2176 3208 2396 3263 omnino
2431 3222 2650 3261 necesse
2679 3205 2868 3264 fuerit.
2898 3215 2954 3258 ιιι
2985 3205 3035 3258 id
3067 3206 3208 3274 quod
3238 3208 3474 3274 genitum
3505 3219 3616 3269 est,

2042 3301 2306 3372 principio
2335 3299 2847 3355 circumscribatur?

2540 3389 2748 3446 Salutio
2791 3391 3118 3462 objectionis.

2112 3505 2266 3559 Nulla
2309 3504 2466 3574 plane
2505 3505 2642 3559 ratio
2687 3515 2842 3576 coget
2883 3514 2943 3560 ut
2983 3505 3036 3558 id
3077 3503 3218 3573 quod
3261 3503 3498 3574 genitum
3540 3513 3621 3556 est

2044 3610 2169 3656 ante
2211 3600 2616 3670 generationem
2662 3612 2764 3651 non
2805 3597 3102 3658 exstiterit,
3136 3604 3227 3649 aut
3264 3603 3321 3649 ut
3355 3595 3620 3664 principio

2041 3693 2537 3753 circutttscribatur,
2559 3695 2770 3745 tametsi
2795 3691 3006 3757 genitor
3029 3689 3294 3759 ingenitus
3325 3688 3414 3741 sit.
3436 3687 3619 3755 Neque

2041 3787 2220 3850 enim,
2249 3801 2281 3840 ο
2318 3787 2487 3850 bone,
2517 3784 2582 3837 de
2613 3798 2882 3852 quoquam
2923 3789 3165 3846 nostrum
3201 3794 3382 3834 sermo
3419 3786 3532 3840 est,
3564 3787 3620 3830 ut

2043 3880 2292 3932 nimirum
2324 3878 2375 3931 id
2403 3876 2542 3945 quod
2576 3875 2818 3944 genitum
2849 3882 2952 3939 est,
2978 3873 3028 3925 in
3061 3882 3302 3941 tempore
3328 3885 3450 3924 esse
3475 3870 3620 3923 diea-

2043 3979 2149 4034 tur,
2175 3979 2229 4025 et
2251 3970 2406 4038 quasi
2437 3983 2468 4021 a
2501 3983 2604 4021 non
2631 3982 2753 4020 esse
2779 3967 2845 4019 ad
2871 3979 2992 4019 esse
3020 3963 3322 4018 traductum
3355 3962 3619 4030 principio

2037 4059 2548 4117 circumscribatur;
2578 4057 2672 4110 sed
2699 4057 2763 4108 de
2790 4056 2966 4108 divina
2997 4063 3051 4108 et
3075 4052 3610 4118 incomprehensibili

2039 4160 2385 4218 natura,qu:c
2414 4145 2755 4200 ineﬂabiliter
2776 4159 2947 4211 eoque
2981 4143 3138 4197 modo
3164 4145 3253 4212 qui
3284 4142 3392 4198 Deo
3419 4159 3619 4200 conve-

2039 4245 2115 4296 nit
2138 4240 2312 4294 omnia
2341 4237 2483 4293 facit.
2508 4238 2735 4306 Superat
2759 4236 2941 4304 itaque
2968 4235 3258 4288 humanum
3286 4234 3616 4290 intellectum

2036 4334 2229 4391 divina:
2265 4328 2628 4400 generationis
2665 4329 2886 4390 modus,
2923 4341 3096 4396 neque
3132 4325 3380 4380 humanis
3414 4327 3618 4392 legibus

2038 4422 2276 4488 subiacet
2305 4438 2318 4472 :
2352 4419 2445 4473 sed
2478 4428 2680 4487 quanto
2711 4417 2886 4469 divina
2917 4427 3108 4469 natura
3141 4426 3322 4470 nostra
3359 4418 3618 4470 tenuitate

2037 4526 2118 4568 est
2159 4511 2529 4574 excellentior,
2567 4518 2713 4563 tanto
2752 4508 2913 4561 etiam
2958 4509 3074 4576 ejus
3111 4509 3358 4562 actiones
3403 4519 3618 4562 nostras

2033 4615 2309 4675 superant.
2347 4603 2603 4658 Desinant
2641 4602 2822 4667 itaque
2881 4599 3207 4652 necessitate
3255 4607 3310 4650 et
3349 4599 3616 4667 principio

2031 4698 2478 4753 circumscribere
2513 4710 2634 4747 eum
2669 4696 2760 4764 qui
2794 4691 2940 4747 omni
2980 4690 3303 4743 necessitate
3336 4698 3418 4742 est
3452 4705 3612 4757 supe-

2029 4791 2160 4855 rior,
2181 4798 2234 4842 et
2265 4786 2588 4858 principium
2613 4785 2666 4838 in
2695 4795 2933 4854 tempore
2959 4781 3264 4836 consistens
3287 4795 3390 4833 non
3415 4795 3616 4850 cogno-

2025 4882 2156 4947 scit;
2200 4881 2326 4948 quin
2368 4877 2546 4948 potius
2585 4876 2652 4930 ad
2697 4875 3157 4943 sapientissimum
3202 4871 3383 4926 Mosen
3423 4873 3555 4925 dicit
3596 4887 3612 4925 :

2038 4974 2148 5043 Ego
2171 4988 2286 5026 sum
2305 4987 2402 5027 ens
2420 4969 2485 5023 ⁸³.
2502 4970 2559 5023 Ei
2587 4984 2712 5023 vero
2738 4968 2828 5038 qui
2856 4982 3066 5036 semper
3086 4965 3298 5020 exsistit
3324 4963 3446 5034 (hoc
3469 4965 3610 5017 enim

2036 5067 2305 5135 signiﬁcat
2327 5063 2462 5134 eas),
2485 5062 2755 5131 quodnam
2785 5060 3079 5114 exsistendi
3113 5058 3165 5111 in
3202 5067 3438 5123 tempore
3469 5055 3611 5124 priu-

2035 5160 2234 5228 cipium
2278 5157 2545 5226 quispiam
2589 5155 2819 5208 tribuet?
2854 5152 3025 5206 Aliter
3058 5164 3163 5204 non
3206 5149 3257 5202 in
3301 5149 3609 5200 universum

2035 5248 2092 5303 id
2138 5247 2278 5316 quod
2327 5247 2587 5316 genitoris
2637 5243 3056 5313 proprietatibus
3101 5239 3432 5293 contrarium
3491 5251 3612 5290 esse

2029 5349 2299 5404 censetur,
2333 5339 2438 5392 hoc
2465 5335 2574 5408 35.
2604 5336 2786 5404 genito
2822 5335 3108 5388 tribuetur.
3145 5333 3281 5385 Deus
3319 5329 3496 5398 itaque
3527 5339 3611 5384 est

2029 5431 2221 5498 Pater;
2264 5445 2568 5500 repugnans
2606 5444 2732 5483 vero
2769 5426 2892 5480 huic
2929 5435 3090 5493 atque
3128 5423 3466 5494 oppositum,
3505 5438 3608 5475 non

2031 5521 2194 5576 Deus.
2220 5520 2380 5590 Atqui
2415 5519 2554 5575 Deus
2580 5528 2665 5574 est
2695 5518 2860 5572 etiam
2893 5516 3085 5580 Filius,
3117 5515 3330 5570 tametsi
3365 5524 3419 5569 et
3455 5512 3612 5567 Pater

2033 5613 2103 5669 sit
2141 5614 2312 5680 Deus;
2348 5619 2402 5666 et
2433 5610 2682 5666 similiter
2712 5625 2832 5664 cum
2869 5621 2960 5663 rex
2995 5608 3064 5662 sit
3099 5607 3281 5674 Pater,
3311 5622 3404 5662 rex
3445 5605 3608 5662 etiam
