4106 6428
512 386 585 445 59
1197 356 1203 362 ’
1544 391 1600 446 s.
1638 390 1919 446 cmeLt
1957 392 2428 451 ALEXANDllINl
2462 397 2783 453 AHClllEP.
3692 397 3778 452 ιιι

514 511 593 557 est
620 499 802 555 Filius.
836 500 1141 571 Eademque
1163 502 1299 557 ratio
1319 510 1403 557 est
1429 504 1493 557 de
1510 503 1879 572 immortali,et
1900 506 2085 562 invisi-

2201 505 2260 562 Ὀ
2288 508 2345 561 δὲ
2378 510 2538 574 αὐτὸς
2568 510 2799 576 σώζεται
2824 511 2979 580 λόγος
3008 513 3099 566 ὲπί
3136 531 3196 566 τε
3222 512 3317 567 τοῦ
3361 515 3636 586 ἀφθάρτου
3667 519 3769 573 καὶ

516 589 637 657 bili,
667 601 720 647 et
768 591 1118 661 incorporeo,
1149 590 1379 661 aliisque
1422 593 1682 660 ejusmodi
1729 612 1850 667 quae
1895 596 2086 653 divinas

2193 600 2442 672 ἀοράτου,
2479 603 2573 655 καὶ
2610 603 2922 674 ἀσωμάτου,
2968 604 3062 657 καὶ
3096 605 3201 657 ὅσα
3230 606 3455 660 τοιαῦτα
3503 609 3761 677 πρόσεστι

515 692 721 737 naturae
761 682 964 736 insunt.
994 678 1049 735 Si
1088 697 1217 752 ergo
1256 698 1358 756 non
1399 682 1454 738 in
1494 685 1803 743 universmn
1842 690 2088 756 opposita

2193 688 2253 758 τῇ
2296 686 2414 760 θείᾳ
2447 687 2627 757 φύσει.
2662 689 2725 744 Ei
2771 691 2948 744 τοίνυν
2978 691 3037 745 οὐ
3074 694 3290 758 πάντως
3318 695 3386 747 τὰ
3413 696 3759 766 ἀντικείμενα

514 791 701 831 eorum
750 789 869 845 quae
916 775 1226 830 tribuuntur
1270 775 1452 840 Patri,
1502 775 1689 832 insunt
1736 776 1905 845 Filio,
1955 778 2089 834 nihil

516 867 671 922 laedet
695 862 814 921 Filii
845 866 1133 922 essentiam
1166 866 1474 934 generatio,
1504 868 1715 926 etiamsi
1744 867 1906 926 Pater
1935 872 2089 942 iuge-

515 959 664 1014 nitus
694 958 943 1015 exsistat.
972 957 1081 1013 Erit
1112 968 1290 1015 autem
1323 959 1371 1013 ei
1403 969 1708 1017 coaeternus
1737 978 1840 1018 non
1870 975 2089 1033 prorsus

517 1050 721 1105 habens
768 1050 821 1105 in
879 1063 939 1105 se
985 1049 1258 1105 contraria
1314 1052 1642 1107 naturalium
1696 1052 2087 1124 proprietatum

515 1142 713 1211 ipsius,
736 1142 879 1197 sicut
906 1142 1332 1197 demonStratum
1360 1151 1461 1197 est.

514 1252 634 1327 Alio
660 1252 1417 1327 dentonatratio:_Quod_qute
1446 1255 1584 1327 inter
1608 1272 1662 1309 se
1694 1257 1929 1323 opposita
1956 1274 2088 1327 quo-

584 1323 863 1376 dammodo
911 1325 1138 1376 nominis
1188 1324 1389 1377 ratione
1431 1324 1690 1386 videntur.
1737 1323 2089 1390 arepenuntero

583 1392 839 1446 nonnulla
867 1394 1058 1446 habent
1087 1395 1385 1447 corﬂmunia
1415 1395 1467 1447 in
1498 1394 1847 1449 naturalibus.

585 1507 701 1565 Non
753 1508 804 1563 in
848 1508 1160 1563 universum
1204 1520 1538 1578 quaecunque
1581 1509 1753 1578 prima
1800 1525 1931 1564 voce
1978 1511 2093 1566 sive

519 1600 669 1655 vocis
701 1598 1099 1671 signiticatiOne
1132 1599 1407 1655 contraria
1440 1598 1582 1654 inter
1612 1613 1671 1655 se
1705 1607 1857 1665 sunt,
1891 1600 2090 1655 nullam

515 1706 701 1747 eorum
740 1708 860 1762 quae
902 1692 1218 1747 substantiis
1265 1691 1448 1747 insunt
1485 1692 1912 1747 convenientiam
1953 1693 2095 1749 inter

517 1799 576 1837 se
632 1782 852 1836 habent.
902 1780 1178 1850 Siquidem
1243 1780 1442 1835 animal
1493 1781 1796 1851 oppositum
1855 1792 1936 1837 est
1985 1798 2091 1837 non

515 1872 735 1927 animali
778 1891 792 1928 :
835 1874 930 1928 sed
972 1874 1361 1928 incrementum
1409 1873 1636 1941 suscipit
1666 1873 1863 1928 animal
1898 1884 1951 1928 et
1984 1890 2088 1929 non
2127 1860 2166 1914 Β

515 1965 744 2032 animal,
770 1965 1224 2034 quemadmodum
1256 1980 1424 2035 equus
1449 1974 1503 2020 et
1528 1966 1729 2035 planta.
1761 1964 1818 2021 Si
1848 1979 1975 2019 vero
2008 1966 2091 2020 his

513 2057 760 2126 quamvis
790 2057 1023 2113 similem
1055 2055 1410 2111 dilferentiam
1442 2072 1548 2112 non
1581 2057 1906 2111 habentibus
1939 2072 2089 2113 com-

512 2148 696 2202 munio
727 2148 973 2215 quaedam
1007 2147 1150 2203 circa
1186 2162 1301 2201 rem
1332 2146 1565 2217 aliquam
1602 2147 1913 2211 intercedit,
1942 2161 2086 2216 quae-

512 2252 637 2293 nam
675 2238 811 2292 ratio
845 2245 999 2306 coget
1033 2246 1091 2291 ut
1122 2237 1257 2291 nihil
1292 2250 1576 2291 commune
1611 2237 1809 2292 habeat
1840 2236 1999 2293 Pater
2029 2253 2093 2292 ac

513 2328 656 2383 Deus
697 2343 818 2382 cum
860 2326 997 2382 Filio
1037 2337 1093 2382 et
1130 2327 1262 2392 Deo,
1298 2328 1418 2383 ideo
1460 2328 1600 2396 quod
1638 2328 1727 2383 ille
1768 2328 1983 2399 quidem
2022 2329 2092 2383 sit

513 2421 818 2490 ingenitus,
853 2420 938 2475 hic
965 2436 1093 2475 vero
1128 2423 1373 2490 genitus,
1402 2431 1451 2475 et
1487 2421 1796 2476 nominibus
1827 2422 2091 2488 quodam-

513 2511 672 2565 modo
700 2510 914 2565 dillcrre
938 2510 1254 2565 videantur?
1281 2511 1464 2579 Neque
1486 2512 1631 2565 enim
1654 2512 1777 2580 quia
1806 2512 1906 2566 hoc
1930 2513 2089 2567 modo

510 2617 568 2655 se
610 2602 767 2655 habet
811 2601 1010 2666 Filius,
1046 2600 1208 2655 Pater
1252 2617 1355 2655 non
1406 2603 1567 2667 item,
1607 2604 1930 2660 substantiae
1972 2607 2089 2676 ejus

510 2693 892 2762 proprietatem
925 2693 1081 2745 tollit.
1106 2691 1397 2747 Generatio
1424 2694 1691 2762 siquidem
1726 2704 1933 2750 tantum
1957 2712 2091 2767 quo-

514 2788 673 2841 modo
705 2786 775 2838 sit
805 2784 1104 2852 signiticat;
1141 2800 1313 2853 neque
1344 2786 1638 2854 quidquam
1670 2787 1788 2856 ejus
1821 2789 1911 2859 qui
1946 2804 2091 2844 sem-

512 2892 609 2947 per
642 2878 694 2930 in
728 2875 885 2930 Patre
912 2875 1156 2941 exsistit,
1185 2875 1541 2930 aeternitatem
1572 2876 1731 2932 laedit.

1192 2987 1398 3043 ALIUD

516 3080 600 3134 Ex
634 3080 892 3149 apposito,
924 3079 1198 3151 ostendens
1232 3081 1378 3151 quod
1402 3095 1583 3151 expers
1613 3082 1859 3150 principii
1891 3091 2089 3151 tempo-

1077 3149 1204 3201 ralis
1232 3145 1299 3201 ait
1328 3145 1526 3202 Filius.
1614 3145 1623 3147 7
1786 3145 1795 3150 ’
1994 3145 2008 3166 ²

585 3261 641 3315 Si
677 3260 937 3330 quidquid
973 3276 1036 3314 ex
1077 3260 1258 3329 genito
1292 3269 1348 3315 et
1381 3261 1593 3314 mortali
1631 3263 1871 3333 genitum
1905 3261 2086 3327 fuerit,

515 3353 567 3407 id
595 3352 818 3406 omnino
849 3351 1078 3420 genitori
1111 3351 1289 3405 simile
1318 3351 1387 3405 sit
1413 3363 1647 3420 oportet,
1679 3354 1916 3421 genitum
1945 3353 2093 3408 scili-

514 3454 602 3498 cet
634 3450 690 3497 et
725 3441 955 3496 mortale
1003 3460 1017 3496 :
1066 3456 1286 3496 necesse
1320 3443 1483 3496 etiam
1519 3452 1601 3498 est
1634 3459 1665 3498 e
1697 3445 2002 3509 contrario,
2037 3452 2096 3498 ut

516 3532 778 3604 quidquid
799 3548 863 3587 ex
891 3532 1127 3602 ingenito
1148 3541 1312 3602 atque
1334 3534 1622 3589 immortali
1647 3535 1884 3605 genitum
1908 3533 2092 3601 fuerit,

516 3630 618 3678 hoc
647 3624 942 3694 ingenitum
974 3624 1045 3677 sit
1074 3632 1236 3694 atque
1268 3624 1596 3680 immortale.
1628 3623 1876 3693 Ejusdem
1914 3624 2094 3693 itaque

512 3714 617 3768 erit
656 3725 861 3767 natura:
898 3713 1065 3769 Filius
1105 3725 1267 3784 atque
1305 3716 1353 3784 is
1393 3718 1484 3786 qui
1527 3731 1648 3771 cum
1689 3715 1894 3786 genuit.
1926 3714 2092 3783 Atqui

515 3803 674 3859 Pater
704 3803 875 3859 factus
905 3820 1011 3859 non
1044 3814 1125 3859 est
1162 3825 1174 3860 :
1211 3822 1387 3877 neque
1414 3806 1586 3862 Filius
1618 3821 1747 3875 ergo
1781 3806 1953 3861 factus
1984 3806 2091 3878 35

512 3904 623 3963 est;
656 3896 745 3965 qui
776 3910 902 3949 vero
933 3894 1105 3951 iactus
1138 3912 1243 3952 non
1281 3907 1394 3959 est,
1421 3897 1580 3967 quale
1613 3897 1775 3951 habet
1799 3898 2092 3953 exsistendi

513 3986 869 4057 principium?
893 3986 1206 4046 Coaeternus
1231 3990 1398 4059 igitur
1423 3989 1523 4044 fuit
1548 3987 1716 4045 Patri.

712 4074 952 4141 ALIUD,
981 4078 1049 4130 ad
1080 4079 1156 4131 rei
1185 4078 1587 4145 explicationem
1614 4076 1897 4143 pertinent.

582 4184 682 4251 Qui
727 4185 1042 4240 existimant
1074 4184 1242 4241 Deum
1281 4187 1347 4240 ab
1382 4185 1563 4255 aliquo
1612 4184 1882 4257 principio
1925 4201 2089 4257 gene~

513 4291 636 4330 rare
673 4277 933 4345 coepisse,
960 4279 1310 4332 vehementer
1352 4277 1404 4329 in
1446 4290 1571 4330 suas
1609 4276 1849 4346 ipsorum
1885 4277 2094 4333 animas

511 4367 661 4438 impii
692 4377 838 4434 sunt,
867 4369 1000 4423 nihil
1031 4370 1078 4425 ei
1108 4369 1339 4439 amplius
1371 4380 1533 4434 quam
1565 4368 1717 4424 nobis
1749 4368 2045 4424 tribuentes
2077 4385 2091 4422 :

2119 3189 2166 3252 ο

2186 779 2298 840 τοῖς
2328 780 2604 848 προσεῖναι
2647 779 2957 852 λεγομένοις
3000 781 3078 852 τῷ
3125 783 3321 854 Πατρὶ,
3374 783 3628 855 πρόσεστι
3683 784 3763 853 τῷ

2187 865 2322 938 Υἱῷ,
2356 866 2509 921 οὐδὲν
2558 868 2805 941 ἀδικήσει
2841 870 2934 925 τοῦ
2969 870 3100 925 Υίοῦ
3132 873 3229 943 τὴν
3261 872 3449 929 οὐσίαν
3489 876 3522 945 ἠ
3565 874 3759 944 γέννη-

2189 974 2295 1026 σις,
2336 961 2441 1016 κᾶν
2485 961 2775 1033 ἀγέννητος
2825 964 2854 1016 6
2907 964 3096 1036 Πατὴρ
3140 967 3403 1038 τυγχάνῃ.
3466 968 3657 1020 Ἔσται
3696 966 3761 1037 δὴ

2188 1050 2337 1123 αὐτῷ
2370 1053 2636 1117 συναΐδιος
2670 1055 2731 1107 οὐ
2766 1053 2982 1119 πάντως
3012 1056 3150 1127 ἔχων
3177 1058 3245 1110 τὰ
3279 1056 3495 1111 ἐναντία
3524 1057 3631 1111 τῶν
3657 1074 3760 1125 φυ-

2191 1142 2357 1198 σικῶν
2386 1145 2691 1217 ἰδιωμάτων
2715 1146 2903 1215 αὐτοῦ,
2934 1148 3079 1203 καθὰ
3104 1147 3390 1203 δέδεικται.

2203 1261 2531 1332 Ἀπόδειξις
2581 1262 2828 1331 ἐφεξῆς,
2892 1264 3022 1317 Ὀτι
3077 1263 3152 1317 τὰ
3213 1261 3590 1332 ἀντικείμενὰ
3635 1276 3761 1327 κως

2259 1329 2407 1397 πρὸς
2448 1329 2688 1399 ἄλληλα
2718 1329 2867 1387 κατὰ
2896 1333 3010 1400 τὴν
3036 1335 3388 1401 ὀνομασίαν,
3417 1329 3588 1387 κοινὰ
3616 1334 3767 1384 πολ-

2258 1400 2437 1455 λάκις
2463 1400 2586 1455 am
2620 1401 2751 1455 τινὰ
2790 1402 2908 1455 τῶν
2942 1401 3234 1455 φυσικῶν.

2300 1417 2437 1466 ακις
2463 1417 2586 1469 εχει
2620 1417 2751 1455 τινα
2790 1420 2908 1456 των
2939 1419 3234 1471 φυσικων.

2260 1512 2334 1566 Οὐ
2369 1513 2586 1575 πάντως
2623 1514 2721 1568 ὅσα
2754 1516 2894 1569 κατὰ
2926 1516 3024 1586 τὴν
3069 1516 3357 1588 πρόχειρον
3408 1514 3591 1585 φωνὴν
3645 1514 3765 1583 ἤτοι

2191 1604 2251 1657 τὸ
2271 1606 2328 1658 ὲν
2354 1605 2497 1670 λέξει
2521 1607 2916 1677 σημαινόμενον
2945 1610 3201 1671 ἐναντίως
3233 1606 3346 1678 ἔχει
3376 1607 3510 1677 πρὸς
3538 1604 3765 1674 ἄλληλα,

2190 1694 2363 1747 ταῦτα
2398 1696 2491 1749 καὶ
2519 1696 2635 1749 κατ’
2669 1696 2856 1750 οὐδένα
2886 1697 3083 1769 τρόπον
3110 1696 3218 1750 τῶν
3256 1698 3356 1751 ὅσα
3396 1700 3513 1760 ταῖς
3555 1695 3771 1758 οὐσίαις

2194 1788 2483 1858 πρόσεστιν
2538 1787 2786 1859 ἀλλήλοις
2840 1788 3291 1842 ἐπικοινωνοῦντα
3316 1778 3605 1856 ’φαίνεταμ
3659 1787 3771 1837 Καὶ

2191 1877 2323 1948 γοῦν
2358 1879 2419 1932 τὸ
2463 1876 2599 1943 ζῶον
2651 1879 2949 1934 ἀντίκειται
2985 1878 3063 1949 τῷ
3111 1880 3185 1950 μὴ
3248 1877 3405 1948 ζώῳο
3461 1875 3771 1946 ἀλλάὐξην

2191 1967 2498 2039 ἐπιδέχεται
2533 1968 2595 2022 τό
2625 1986 2685 2022 τε
2725 1968 2861 2034 ζῶον
2891 1971 2984 2023 καὶ
3011 1969 3071 2022 τὸ
3102 1969 3175 2040 μὴ
3210 1967 3369 2032 ζῶον,
3405 1966 3516 2022 οἷον
3543 1970 3570 2021 ὁ
3605 1969 3771 2030 ἵππος

2192 2057 2286 2110 καὶ
2331 2057 2391 2110 τὸ
2442 2057 2625 2126 φυτόν.
2680 2059 2742 2110 Ei
2788 2058 2845 2112 δὲ
2890 2058 3100 2122 τούτοις
3145 2058 3319 2113 καίτοι
3357 2058 3455 2128 τὴν
3505 2056 3770 2127 διαφορὰν

2191 2150 2381 2218 ὁμοίαν
2411 2150 2511 2203 οὐκ
2542 2150 2724 2220 ἔχουσι
2752 2150 3006 2204 κοινωνία
3038 2168 3122 2214 τις
3152 2150 3279 2222 περί
3319 2168 3373 2204 τι
3415 2150 3649 2219 πρᾶγμα
3679 2149 3771 2216 γέ-

2192 2256 2340 2307 γονε,
2386 2239 2472 2303 τίς
2519 2240 2820 2308 ἀναγκάσει
2865 2239 3021 2307 λόγος
3068 2239 3186 2310 Θεῷ
3216 2240 3308 2292 καὶ
3354 2238 3526 2309 Πατρὶ
3565 2239 3771 2312 μηδένα

2194 2336 2501 2404 κοινότητος
2538 2328 2677 2386 εἶναι
2705 2332 2869 2385 τόπον
2922 2332 3056 2403 πρὸς
3092 2332 3222 2386 Υίδν
3255 2334 3347 2386 καὶ
3389 2333 3541 2398 Θεὸν,
3579 2332 3770 2403 ἐπειδὴ

2191 2427 2220 2478 6
2256 2426 2352 2495 μὲν
2384 2424 2529 2477 ἐστιν
2562 2425 2859 2493 ἀγενήτως,
2891 2425 2918 2476 6
2951 2424 3006 2476 δὲ
3048 2423 3341 2494 γεννητῶς,
3374 2424 3466 2476 καὶ
3498 2428 3610 2487 τοῖς
3651 2422 3771 2475 ὀνό-

2196 2532 2359 2587 μασιν
2412 2514 2938 2569 ἁντιδιαστέλλεσθαί
2988 2532 3105 2577 πως
3141 2513 3319 2579 δοκεῖ;
3374 2514 3508 2567 Οὐδὲ
3551 2514 3659 2583 γὰρ
3708 2512 3771 2565 τὺ

2192 2601 2345 2660 εἶναι
2378 2605 2603 2658 τοιῶσδε
2650 2604 2742 2657 τὸν
2777 2604 2925 2669 Υίδν,
2962 2606 3011 2657 εί
3048 2603 3143 2657 καὶ
3175 2605 3203 2656 6
3245 2604 3435 2674 Πατὴρ
3489 2604 3562 2674 μὴ
3599 2602 3772 2666 οὕτως

2192 2693 2328 2764 ἔχει,
2358 2693 2415 2744 τὸ
2442 2692 2542 2762 τῆς
2573 2692 2762 2755 οὐσίας
2794 2692 2959 2746 αὐτοῦ
2991 2694 3211 2762 γνήσιον
3237 2689 3470 2763 ἀναιρεῖ.
3507 2692 3772 2762 Σημαίνει

2191 2782 2247 2836 δὲ
2283 2783 2441 2852 μόνον
2469 2782 2503 2851 ἡ
2551 2781 2805 2850 γέννησις
2849 2781 2909 2834 τὸ
2952 2781 3068 2844 πῶς
3096 2782 3265 2845 ἐστιν,
3300 2781 3453 2834 οὐδὲν
3476 2782 3564 2841 εἰς
3608 2779 3778 2835 ἀῖδιό-

2192 2888 2333 2944 τητα
2365 2872 2677 2925 ϐλάπτουσα
2707 2872 2796 2927 τὸν
2823 2874 2911 2927 ἀεὶ
2934 2872 3062 2925 ὅντα
3092 2875 3148 2928 ὲν
3181 2872 3258 2943 τῷ
3296 2873 3489 2943 Πατρί.

2879 2986 3083 3040 ΑΛΛΟ.

2205 3074 2301 3130 Ἐκ
2349 3076 2455 3131 τοῦ
2492 3076 2907 3146 ἀντικειμένου
2949 3076 3229 3131 δεικνύων
3267 3075 3358 3130 ὅτι
3401 3077 3661 3146 ἄναρχος
3705 3077 3780 3131 ἐν

2755 3147 2951 3216 χρόνῳ
2984 3149 3018 3200 ὁ
3063 3147 3214 3212 Υἱός.

2267 3255 2331 3308 Ei
2359 3256 2467 3308 πᾶν
2490 3255 2628 3325 ὅπερ
2654 3254 2718 3307 ἂν
2749 3256 2811 3307 ἐκ
2845 3253 3041 3324 θνητοῦ
3074 3256 3167 3329 καὶ
3191 3255 3430 3326 φθαρτοῦ
3461 3256 3778 3328 γεννηθείη,

2195 3347 2352 3400 τοῦτο
2385 3348 2599 3410 πάντως
2633 3345 2783 3400 ἔσται
2817 3346 2895 3417 τῷ
2926 3346 3153 3416 φύσαντι
3182 3348 3520 3418 προσεοικὸς,
3551 3348 3781 3417 γενητὸν

2196 3437 2396 3509 δηλαδὴ
2432 3438 2526 3491 καὶ
2561 3438 2822 3508 φθαρτὸν,
2851 3437 3062 3508 ἀνάγκη
3104 3440 3250 3491 πᾶσα
3298 3438 3481 3491 καὶτὸ
3514 3439 3774 3502 ἐναντίον,

2195 3530 2335 3601 ὅπερ
2358 3531 2422 3592 ἂν
2453 3528 2513 3595 ἐξ
2539 3530 2803 3598 ἀγενήτου
2828 3530 2921 3582 καὶ
2949 3528 3226 3598 ἀφθάρτου
3256 3531 3598 3599 γεγέννηται,
3621 3528 3781 3581 τοῦτο

2197 3623 2415 3684 πάντως
2454 3621 2728 3692 ἄφθαρτον
2758 3616 2897 3676 εἶναι
2927 3621 3020 3674 καὶ
3061 3621 3341 3690 ἀγένητον.
3375 3622 3524 3686 "Eia:
3559 3637 3781 3691 τοιγαρ-

2197 3713 2291 3769 οῦν
2328 3713 2471 3767 οῦτω
2510 3712 2724 3782 φύσεως
2755 3715 2783 3765 6
2816 3712 2941 3775 Υἱὸς
2967 3712 3121 3775 ὅπως
3163 3711 3229 3766 ἂν
3258 3712 3372 3782 ἔχοι
3407 3713 3498 3764 καὶ
3527 3714 3555 3765 6
3580 3713 3776 3780 γεννή-

2199 3824 2298 3869 σας
2332 3805 2514 3860 αὐτόν.
2547 3806 2620 3857 Οὐ
2650 3804 2873 3872 γέγονεν
2907 3804 2961 3857 δὲ
2993 3806 3020 3857 6
3050 3805 3239 3874 Πατήρ
3259 3821 3270 3834 ·
3307 3805 3368 3857 οὐ
3403 3804 3624 3873 γέγονεν
3666 3803 3779 3873 ἄρα

2194 3891 2318 3944 οὐδὲ
2342 3891 2373 3943 6
2403 3890 2555 3954 Υἱὸς,
2586 3891 2614 3942 6
2641 3890 2697 3941 δὲ
2731 3888 2804 3959 μὴ
2845 3887 3105 3959 γεγονὼς,
3141 3889 3300 3941 ποίαν
3345 3888 3457 3958 ἔχει
3495 3886 3587 3941 τοῦ
3633 3882 3781 3939 εἶναι

2195 3981 2297 4050 τὴν
2329 3981 2538 4052 ἀρχήν;
2566 3974 2675 4032 Ἦν
2705 3974 2798 4032 οὖν
2830 3980 2938 4049 ἄρα
2962 3978 3040 4049 τῷ
3082 3978 3258 4049 Πατρὶ
3301 3977 3592 4042 συναῖδιος,

2620 4069 2827 4136 ΑΛΛΟ,
2892 4066 3341 4136 διηγηματικῶς.

2268 4185 2330 4237 Oi
2378 4182 2485 4236 ἀπό
2514 4200 2658 4247 τινος
2689 4183 2864 4255 ἀρχῆς
2884 4180 3142 4252 ἄρχεσθαι
3183 4179 3275 4234 τοῦ
3314 4184 3515 4251 γεννᾷν
3535 4179 3772 4248 οἰόμενοι

2197 4274 2289 4326 τδν
2322 4273 2475 4338 Θεὸν,
2500 4273 2621 4328 λίαν
2650 4270 2939 4326 ἀσεϐοῦσιν
2970 4271 3050 4334 εἰς
3080 4270 3178 4333 τὰς
3213 4270 3421 4324 ἑαυτῶν
3450 4268 3649 4339 ψυχὰς,
3679 4268 3771 4320 οὐ·

2196 4370 2285 4424 δὲν
2313 4368 2461 4439 αὐτῷ
2487 4365 2718 4432 διδόντες
2749 4362 2909 4417 πλέον
2942 4363 3114 4436 ἡμῶν.
3153 4364 3472 4436 Ἀνθρωπος
3507 4363 3606 4434 μὲν
3662 4361 3770 4432 γάρ

512 4461 673 4514 hmno
700 4461 840 4515 enim
873 4476 993 4515 cum
1025 4459 1315 4515 exsistendi
1346 4457 1559 4513 initium
1596 4455 1813 4524 habeat,
1839 4457 2091 4529 gignendi

2199 4463 2390 4533 ἐπειδὴ
2413 4458 2508 4517 τοῦ
2541 4461 2679 4519 εῖναι
2709 4454 2911 4529 ἤρξατο
2950 4456 3263 4525 ἀναγκαίως
3290 4455 3386 4509 καὶ
3426 4453 3519 4509 τοῦ
3565 4455 3769 4508 τίκτειν

460 4580 463 4583 η
510 4551 669 4604 etiam
709 4551 920 4605 initium
964 4550 1214 4605 habuerit
1251 4561 1473 4603 necesse
1509 4556 1627 4613 est,
1650 4556 1707 4602 et
1739 4548 1882 4618 quod
1927 4563 1995 4603 ex
2030 4563 2089 4603 sc

2199 4522 2446 4627 ἄρχεται,
2471 4551 2566 4605 καὶ
2591 4550 2654 4605 τὸ
2707 4522 2765 4616 ἐξ
2789 4522 2982 4603 έαυτοῦ
3021 4522 3246 4619 γενητὸν
3293 4546 3424 4615 ἔχει·
3449 4548 3477 4599 6
3504 4545 3560 4598 δὲ
3602 4543 3735 4608 Θεὸς
3752 4583 3777 4607 ,η

510 4641 750 4710 genitum
794 4650 877 4697 est
915 4642 1103 4707 habet;
1149 4640 1289 4695 Deus
1321 4654 1479 4703 vero,
1512 4654 1632 4695 cum
1675 4638 1747 4695 sit
1787 4638 2084 4710 ingenitus,

513 4748 616 4788 non
662 4741 881 4805 generat
924 4734 976 4788 in
1023 4743 1294 4801 tempore,
1328 4746 1502 4802 neque
1543 4746 1608 4785 ex
1646 4744 1706 4785 se
1746 4730 1989 4801 genitum
2032 4732 2085 4786 in

516 4840 756 4897 tempore
797 4826 960 4881 habet
1001 4843 1017 4881 :
1056 4823 1153 4880 sed
1186 4824 1641 4894 quemadmodum
1683 4822 1797 4891 ipse
1838 4823 2084 4893 principii

511 4931 673 4988 atque
700 4929 848 4974 ortus
874 4931 1068 4987 expers
1093 4923 1196 4978 est,
1217 4915 1294 4970 ita
1317 4926 1372 4969 et
1391 4914 1626 4970 Verbum
1656 4914 1797 4985 quod
1821 4927 1889 4969 ex
1918 4914 2087 4985 ipsius

510 5011 813 5067 substantia
847 5007 1138 5078 processit,
1166 5006 1466 5073 principio,
1495 5015 1736 5075 tempore
1768 5015 1931 5077 atque
1965 5017 2084 5063 ortu

510 5107 744 5170 carebit,
776 5103 997 5175 perinde
1027 5113 1189 5171 atque
1220 5102 1265 5157 is
1293 5102 1383 5172 qui
1415 5101 1468 5157 id
1500 5102 1705 5173 genuit.

671 5213 1019 5283 Interrogatio
1050 5220 1298 5281 tanquam
1327 5227 1391 5266 ea;
1418 5211 1624 5279 scriptis
1656 5210 1922 5266 Eunomii.

582 5323 775 5377 Dicant
791 5321 967 5384 nobis,
981 5319 1249 5389 inquiunt,
1263 5320 1353 5390 qui
1375 5321 1568 5377 Filium
1589 5320 1737 5376 Patri
1760 5329 2085 5377 cozeternum

513 5429 632 5469 csse
665 5420 913 5475 censent,
941 5426 1007 5465 an
1040 5412 1265 5469 desierit
1288 5428 1551 5484 generare
1578 5412 1773 5469 Pater?
1797 5413 2088 5468 Enimvero

514 5507 675 5562 desiit
717 5523 731 5558 :
778 5506 918 5576 Ergo
960 5507 1047 5562 illa
1088 5511 1321 5565 cessatio
1356 5510 1534 5567 Patris
1577 5528 1605 5565 a
1654 5510 1963 5581 generando
2004 5518 2089 5565 est

515 5598 834 5667 principium
867 5600 1200 5658 exsistentize
1224 5602 1369 5657 Filii.

1188 5712 1410 5770 Salutio.

594 5801 653 5858 Si
687 5808 921 5863 essentia
950 5808 1042 5866 Dei
1072 5824 1231 5866 omne
1264 5819 1469 5879 tempus
1497 5815 1550 5865 et
1580 5805 1900 5879 principium
1929 5816 2087 5876 atque

2195 4644 2459 4714 ἀγένητος
2486 4641 2582 4707 ὢν,
2609 4642 2710 4695 οὐκ
2739 4641 2797 4695 ὲν
2819 4641 2996 4711 χρόνῳ
3022 4639 3207 4709 γεννᾷ,
3238 4636 3359 4690 οὐδὲ
3396 4635 3623 4705 γενητὸν
3655 4634 3768 4703 ἔχει

2192 4736 2284 4790 τὸν
2315 4734 2375 4801 ἐξ
2410 4733 2624 4789 ἑαυτοῦο
2653 4731 2770 4790 ἀλλ’
2815 4733 3004 4803 ὥσπερ
3061 4728 3222 4792 αὐτὸς
3269 4726 3504 4798 ἄναρχός
3534 4727 3650 4777 ἐστι
3679 4726 3783 4778 καὶ.

2192 4827 2477 4899 ἀγένητος,
2511 4824 2655 4880 οὕτω
2684 4824 2777 4880 καὶ
2799 4826 2826 4878 6
2854 4824 2918 4877 ὲκ
2945 4824 3043 4892 τῆς
3067 4820 3251 4884 οὐσίας
3298 4817 3462 4871 αὐτοῦ
3495 4814 3772 4888 προελθὼν

2194 4921 2387 4989 Λόγος,
2410 4919 2665 4989 ἄναρχος,
2687 4917 2913 4988 ἄχρονος
2939 4913 3093 4967 ἔσται
3121 4913 3212 4967 καὶ
3239 4910 3500 4980 ἀγένητος
3532 4909 3718 4978 ὥσπερ
3743 4908 3785 4959 ὸς

2193 5012 2514 5080 ἀποκυήσεις
2547 5007 2727 5065 αὐτόν.

2474 5209 2794 5281 Ἐρώτησις
2827 5206 2908 5272 ὡς
2937 5206 3006 5258 ἐκ
3035 5202 3151 5258 τῶν
3182 5203 3504 5270 Εὐνομίου.

2264 5326 2586 5395 Λεγέτωσαν
2630 5324 2781 5392 ἡμῖν,
2810 5320 2993 5387 φασὶν,
3039 5320 3088 5371 οἱ
3134 5316 3211 5387 τῷ
3266 5316 3439 5386 Πατρὶ
3496 5314 3590 5366 τὸν
3642 5314 3781 5366 Υίὸνν

2196 5419 2467 5473 συναῖδιον
2512 5412 2649 5469 εἶναι
2701 5413 3022 5482 φάσκοντες,
3074 5409 3353 5463 ἐπαύσατο
3388 5407 3481 5460 τοῦ
3513 5407 3707 5476 γεννᾷν
3742 5406 3773 5458 6

2195 5511 2416 5582 Πατήρ;
2464 5506 2771 5562 Ἐπαύσατο
2822 5504 2900 5558 δέ.
2947 5502 3147 5573 ’Δρχὴν
3187 5496 3279 5554 οὖν
3325 5500 3551 5570 ἔχειτοῦ
3581 5495 3719 5552 εἶναι
3743 5497 3772 5549 6

2197 5602 2343 5667 Υἱὸς,
2376 5600 2474 5671 τὴν
2496 5601 2554 5652 ὲν
2581 5596 2660 5668 τῷ
2682 5596 2879 5666 γεννᾷν
2902 5593 3245 5648 κατάπαυσιν
3269 5592 3362 5644 τοῦ
3395 5589 3625 5661 Πατρός.

2656 5708 2811 5777 Πρὸς
2869 5707 3047 5759 τοῦτο
3101 5705 3300 5770 λύσις.

2268 5805 2330 5858 Εἰ
2366 5804 2562 5865 παντὸς
2602 5799 2859 5870 ἀνωτέρω
2920 5797 3109 5870 χρόνου
3159 5799 3254 5851 καὶ
3288 5795 3461 5866 ἀρχῆς
3490 5793 3521 5864 ἦ
3551 5791 3769 5863 διαστήτ
