4106 6448
468 392 535 447 63
1472 381 1530 438 S.
1570 381 1853 437 CYRILLI
1887 379 2359 437 ALEXANDBINI
2392 380 2712 437 ARCHIEP.
3678 374 3748 428 65

1149 500 1373 556 Salutio.

541 618 702 687 Atqui
751 618 849 671 hoc
893 614 1315 687 nugacissimum
1363 622 1478 678 est,
1516 622 1571 667 et
1618 612 2059 682 iucomparabilis
2088 608 2134 664 Α

469 708 746 777 cujusdam
784 706 1065 760 dementia:
1103 703 1446 758 manifestum
1482 712 1882 773 argumentum.
1921 704 2052 769 Quis

470 800 612 853 enim
639 791 849 868 ignorat
871 799 935 852 de
957 796 1180 866 singulis
1200 797 1363 850 etiam
1389 797 1656 850 creaturis
1685 797 2052 866 producendis

471 891 801 945 voluntatem
834 890 885 942 in
918 889 1052 943 Filio
1080 888 1281 942 fuisse?
1306 887 1504 943 Volens
1534 887 1678 942 enim
1719 889 1898 941 omnia
1927 887 2055 943 fecit

471 981 725 1048 Creator,
768 996 941 1048 neque
1004 983 1211 1049 absque
1273 980 1390 1050 ejus
1457 980 1732 1035 voluntate
1792 991 2059 1035 creatura:

471 1074 639 1143 ipsius
672 1075 960 1128 exsistunt.
991 1072 1251 1139 Quaenam
1289 1073 1453 1141 igitur
1477 1081 1560 1127 est
1595 1070 1898 1127 differentia
1933 1072 2057 1126 Filii

471 1175 526 1219 et
561 1164 810 1229 factum,
838 1172 1104 1219 creaturae
1139 1172 1194 1218 et
1228 1163 1552 1233 genimiuis,
1584 1163 1691 1233 37
1728 1164 1770 1217 si
1810 1162 2060 1218 voluntas

471 1255 537 1309 de
575 1255 819 1323 utrisque
853 1254 907 1307 in
946 1254 1056 1309 Deo
1089 1255 1192 1309 sita
1227 1254 1345 1307 est?
1379 1252 1642 1319 Quisnam
1678 1268 1827 1308 sanae
1864 1254 2058 1310 mentis

472 1346 538 1400 iis
563 1346 655 1416 qui
689 1348 761 1400 ita
793 1346 1039 1401 sentiunt
1066 1362 1170 1399 non
1203 1346 1497 1412 acclamet,
1524 1347 1665 1413 quod
1690 1361 1752 1400 ea
1786 1362 1907 1416 qua:
1938 1358 2058 1400 tan-

471 1444 656 1507 topere
688 1439 829 1493 inter
860 1452 919 1493 se
951 1438 1157 1492 ratione
1184 1447 1391 1492 naturae
1419 1438 1650 1501 distant,
1677 1439 1867 1491 eodem
1899 1439 2058 1494 modo

470 1530 774 1592 restituent,
808 1530 861 1583 in
913 1531 1025 1584 sola
1074 1528 1168 1584 Dei
1219 1530 1557 1600 praenotione
1606 1539 1837 1599 utraque
1884 1530 2059 1599 posita

471 1636 593 1675 esse
634 1630 963 1686 statuentes,
997 1631 1051 1676 et
1084 1620 1263 1675 Verbo
1302 1620 1447 1690 quod
1488 1636 1552 1674 ex
1602 1620 1837 1674 essentia
1885 1620 2062 1676 Patris

473 1719 738 1786 processit
768 1718 896 1771 uiliil
931 1716 1162 1786 amplius
1188 1730 1348 1783 quam
1377 1716 1641 1768 creaturis
1672 1714 1945 1769 tribuant?

1183 1916 1413 1973 ALIUD.

547 2034 604 2088 Si
629 2032 795 2086 Filius
818 2046 922 2085 non
958 2039 1078 2084 erat
1107 2044 1321 2099 semper
1350 2044 1473 2084 cum
1505 2029 1665 2084 Patre
1691 2045 1756 2085 ex
1809 2044 1923 2100 ipso
1974 2044 2063 2085 se-

474 2127 707 2181 cundum
737 2134 985 2178 naturam
1016 2123 1288 2178 exsistens
1316 2131 1371 2177 et
1395 2124 1839 2186 comternus,scd
1878 2132 2065 2193 postea

474 2220 522 2272 ei
552 2218 753 2273 accidit
791 2227 848 2271 ut
873 2224 1039 2279 esset,
1078 2214 1279 2269 accidit
1307 2214 1498 2283 procul
1522 2213 1688 2269 dubio
1714 2213 1878 2269 etiam
1922 2214 2065 2269 Patri

477 2319 536 2360 ut
568 2307 720 2360 fieret
752 2306 932 2360 Pater.
970 2305 1149 2373 Atque
1184 2303 1257 2357 ita
1311 2304 1540 2359 mutatio
1595 2305 1845 2373 quaedam
1906 2316 2071 2374 atque

476 2398 726 2452 alteratio
756 2397 809 2450 in
848 2398 962 2465 ipso
1002 2395 1144 2450 facta
1186 2397 1423 2450 videtur.
1458 2394 1695 2461 Nam,ex
1733 2404 1914 2450 vestra
1944 2408 2070 2450 sen-

481 2491 646 2545 tentia
679 2531 694 2554 ,
727 2490 868 2561 quod
898 2491 1049 2558 prius
1090 2505 1194 2543 non
1226 2489 1445 2551 erat,'id
1482 2500 1665 2557 postea
1728 2489 1907 2543 factus
1962 2497 2065 2542 est.

478 2585 546 2638 At
579 2598 707 2637 vero
737 2582 790 2634 iu
828 2581 1063 2635 divinam
1097 2590 1349 2634 naturam
1384 2579 1527 2633 nulla
1564 2579 1796 2634 mutatio
1848 2589 1942 2632 aut
1992 2578 2072 2632 al-

482 2674 669 2728 teralio
698 2673 860 2728 cadit.
895 2672 1010 2726 Non
1054 2673 1220 2741 igitur
1243 2674 1442 2727 accidit
1469 2674 1578 2727 Deo
1608 2681 1666 2725 ut
1690 2670 1851 2725 Pater
1874 2670 2067 2725 fleret:

479 2767 574 2822 sed
603 2774 719 2820 erat
758 2766 807 2819 ei
839 2775 1168 2820 eoat-ternum
1202 2765 1347 2834 quod
1382 2781 1447 2819 ex
1491 2765 1609 2834 ipso
1651 2762 2074 2834 processitVer-

424 2875 428 2882 ‘
480 2859 603 2913 lium
639 2875 656 2925 ;
691 2858 1151 2927 quemadmodum
1189 2857 1340 2911 calor
1375 2857 1428 2910 in
1463 2857 1605 2926 igne,
1629 2857 1720 2926 qui
1753 2857 1971 2925 quidem
2005 2870 2072 2911 ex

480 2951 605 3021 igne
621 2951 858 3021 gignitur
875 2959 929 3005 et
956 2965 1175 3019 semper
1203 2965 1327 3005 cum
1349 2964 1415 3005 eo
1431 2950 1668 3015 exsistit,
1701 2957 1757 3005 et
1781 2965 1847 3005 ex
1873 2949 2075 3005 lumine

481 3043 722 3114 gignitur
753 3043 1089 3097 exteriorum
1119 3042 1475 3096 illuminatio.

699 3179 946 3247 ALIUD,
988 3179 1071 3234 Ea:
1101 3180 1393 3251 objections
1431 3179 1818 3234 ltwrelicorum.

556 3294 612 3349 Si
637 3294 930 3364 perfectus,
960 3294 1236 3363 inquiunt,
1259 3303 1343 3349 est
1368 3293 1532 3349 Pater
1558 3295 1611 3348 in
1644 3310 1740 3348 sua
1768 3292 2072 3365 majestate,

484 3401 660 3455 neque
743 3385 858 3453 ejus
929 3397 1135 3441 natura:
1202 3387 1494 3455 quidquam
1565 3386 1633 3440 ad
1706 3386 1810 3441 hoc
1891 3387 2075 3452 deest,

448 3479 947 3547 supervacaneum
1040 3488 1125 3532 est
1194 3478 1362 3533 veluti
1438 3477 1875 3548 supplementum
1960 3480 2080 3535 sive

487 3571 879 3641 plenitudinem
962 3570 1180 3626 deitatis
1246 3570 1418 3641 ipsius
1493 3570 1690 3626 Filium
1753 3557 1809 3626 ei
1871 3571 2077 3642 adjun-

487 3676 635 3733 gere.

1174 3775 1405 3833 Salutio.

562 3906 841 3961 Perfectus
886 3906 1101 3976 quidem
1137 3915 1221 3962 est
1243 3905 1406 3961 Pater
1439 3906 1492 3962 in
1518 3921 1617 3962 sua
1652 3907 1958 3979 majestate,
1985 3922 2082 3965 ne-

489 4014 595 4070 que
628 3999 911 4069 quisquam
936 4013 1081 4053 sanae
1109 3999 1305 4054 mentis
1355 3999 1405 4053 id
1439 3999 1752 4069 negaverit;
1811 3999 2085 4072 perfectus

490 4099 668 4146 autem
707 4102 789 4147 est
827 4107 934 4146 non
963 4106 1028 4146 eo
1064 4101 1270 4147 tantum
1311 4091 1530 4147 nomine
1572 4095 1716 4162 quod
1777 4092 1953 4159 Deus,
1990 4108 2084 4149 ve-

491 4196 610 4235 rum
645 4181 806 4234 etiam
841 4181 984 4250 quod
1016 4177 1349 4235 Pater.Nam
1380 4180 1425 4235 si
1444 4180 1552 4237 Deo
1579 4180 1850 4237 ademeris
1865 4182 2082 4238 Patrem

491 4284 633 4332 esse,
656 4270 1040 4323 fecunditatem
1075 4284 1106 4324 e
1133 4269 1312 4324 divina
1346 4279 1537 4324 natura
1567 4272 1888 4327 sustuleris:
1926 4273 1998 4327 ita
2030 4283 2087 4326 ut

493 4361 769 4429 perfectus
809 4376 1146 4430 nequaquam
1180 4362 1273 4426 sit,
1309 4376 1431 4416 cum
1467 4364 1760 4434 generandi
1830 4362 2087 4420 facultate

495 4463 700 4509 careat.
735 4455 1123 4509 Documentum
1165 4455 1347 4525 itaque
1372 4454 1728 4527 perfectionis
1768 4466 1851 4512 est
1897 4456 2087 4512 fecun-

2656 496 2810 566 Πρὸς
2837 494 3012 550 τοῦτο
3048 495 3250 560 λύσις.

2245 612 2386 666 Ἀλλ’
2453 613 2571 667 ἔστι
2619 612 2779 666 τοῦτο
2836 610 3077 679 φλυαρία
3141 605 3352 677 πολλὴ,
3411 605 3505 658 καὶ
3562 602 3755 667 ἀνοίαις

2161 705 2493 772 ἀσυγκρίτου
2528 705 2704 773 σαφὴς
2755 701 3051 765 ἀπόδειξις.
3086 701 3205 753 Τίνι
3238 699 3346 770 γὰρ
3375 698 3477 751 οὐκ
3509 697 3625 750 ἐστι
3653 695 3748 765 δῆ-

2158 794 2248 849 λον
2271 796 2353 848 ὅτι
2380 796 2445 867 δὴ
2468 798 2564 849 καὶ
2589 794 2717 865 περὶ⁹
2750 794 2982 846 ἑκάστου
3008 790 3118 844 τῶν
3173 788 3558 859 πεποιημένων
3587 782 3655 857 ἦν
3690 786 3750 837 ἐν

2161 888 2241 957 τῷ
2272 886 2391 958 Θεῷ
2418 887 2479 939 τὸ
2499 886 2672 940 θέλειν
2693 904 2707 950 ;
2739 884 2986 954 Θελήσας
3012 881 3122 953 γὰρ
3148 880 3216 933 τὰ
3239 881 3417 933 πάντα
3448 878 3749 948 πεποίηκεν

2157 981 2186 1034 6
2214 979 2566 1050 δημιουργός
2589 978 2682 1032 καὶ
2713 979 2814 1030 οὐκ
2848 976 3088 1045 ἁθέλητά
3132 975 3281 1026 ἐστιν
3325 972 3475 1043 αὑτῷ
3520 972 3588 1024 τὰ
3618 969 3748 1040 παρ’

2159 1072 2326 1126 αὑτοῦ
2386 1074 2750 1143 πεποιημένα.
2782 1071 2879 1135 Τίς
2931 1067 3023 1125 οὗν
3082 1073 3115 1141 ἡ
3176 1069 3414 1139 διαφορὰ
3473 1066 3607 1121 Υἱοῦ
3654 1067 3751 1120 καὶ

2161 1166 2489 1237 ποιήματος,
2515 1166 2745 1229 κτίσεως
2793 1166 2890 1218 καὶ
2942 1166 3275 1233 γενήματος,
3300 1161 3436 1215 εἰτὸ
3465 1161 3640 1215 θέλειν
3691 1161 3751 1212 ὲν

2162 1256 2282 1327 Θεῷ
2308 1259 2489 1311 κεῖται
2520 1257 2651 1329 περὶ
2698 1257 2942 1326 ἁμφοῖν;
2993 1254 3112 1309 Οὐκ
3142 1254 3206 1308 ἄν
3235 1271 3320 1317 τις
3360 1253 3600 1322 εὐλόγως
3640 1250 3751 1304 τῶν

2161 1347 2320 1403 τοῦτο
2357 1347 2698 1419 φρονούντων
2727 1348 3141 1418 καταϐοήσειεν,
3164 1347 3248 1399 ὅτι
3278 1347 3345 1399 τὰ
3364 1345 3619 1398 τοσοῦτον
3652 1343 3752 1399 ἀλ-

2161 1439 2339 1510 λήλων
2368 1438 2694 1511 διεστηκότα
2722 1438 2868 1493 κατὰ
2886 1438 2980 1492 τὸν
3008 1440 3106 1508 τῆς
3130 1436 3346 1507 φύσεως
3382 1435 3540 1505 λόγον
3566 1437 3623 1488 ὲν
3652 1433 3752 1503 ῐσῳ

2167 1533 2353 1606 μέτρῳ
2379 1534 2548 1605 τιμᾷν
2573 1531 2965 1604 ἐπιχειροῦσιν,
3016 1532 3075 1586 ὲν
3115 1530 3258 1603 μόνῃ
3293 1528 3603 1601 προγνώσει
3657 1527 3753 1581 τοῦ

2162 1626 2299 1680 Θεοῦ
2332 1625 2546 1681 κεῖσθαι
2601 1624 2835 1688 διδόντες
2873 1622 3182 1695 ἀμφότερα,
3241 1622 3337 1676 καὶ
3385 1620 3545 1674 πλέον
3598 1618 3753 1673 οὐδὲν

2166 1719 2313 1790 ἔχειν
2350 1717 2459 1772 τῶν
2481 1717 2729 1788 γενητῶν
2761 1712 3223 1788 παραχωροῦντες
3271 1712 3350 1784 τῷ
3399 1714 3465 1767 ὲκ
3506 1712 3608 1782 τῆς
3655 1709 3752 1764 τοῦ

2165 1812 2379 1884 Πατρδς
2403 1811 2591 1873 οὐσίας
2622 1804 2937 1881 προελθόντι
2961 1809 3155 1878 Λόγῳ;

2864 1922 3069 1976 ΑΛΛΟ.

2240 2042 2303 2095 Ei
2341 2039 2417 2112 μὴ
2484 2040 2650 2109 συνῆν
2682 2040 2710 2093 6
2748 2038 2877 2101 Υἱὸς
2910 2036 2999 2091 ἀεὶ
3032 2035 3111 2107 τῷ
3155 2034 3331 2107 Πατρὶ
3378 2032 3438 2099 ἐξ
3481 2031 3651 2087 αὐτοῦ
3693 2048 3756 2087 τε

2168 2134 2244 2189 ὢν
2272 2134 2415 2189 κατὰ
2444 2133 2604 2203 φύσιν
2634 2133 2728 2187 καὶ
2759 2130 3043 2196 συναῖδιος,
3088 2127 3404 2199 συμϐέϐηκε
3434 2127 3490 2180 δὲ
3518 2125 3669 2195 αὐτῷ
3697 2125 3763 2178 τὸ

2170 2221 2334 2291 εἶναι,
2371 2225 2568 2296 συνέϐη
2603 2224 2845 2295 δηλονότι
2886 2221 2982 2275 καὶ
3025 2220 3102 2291 τῷ
3141 2220 3353 2274 τεκόντι
3392 2218 3455 2270 τὸ
3501 2215 3766 2286 γενέσθαι)

2172 2321 2412 2394 Πατέρα.
2446 2320 2556 2373 Καὶ
2588 2317 2860 2390 μεταϐολή
2882 2333 2976 2391 ,τις
3007 2315 3133 2387 περὶ
3163 2313 3325 2368 αὐτὸν
3351 2313 3445 2367 καὶ
3477 2310 3765 2375 ἀλλοίωσις

2172 2411 2436 2486 γενομένη
2488 2411 2762 2481 φαίνεται.
2818 2410 2884 2462 Ὃ
2915 2407 3025 2478 γὰρ
3071 2408 3174 2460 οὐκ
3215 2401 3284 2476 ἦν
3313 2404 3600 2476 πρότερον,
3634 2402 3763 2456 καθ’

2174 2506 2340 2574 ὑμᾶς,
2365 2502 2526 2557 τοῦτο
2549 2502 2775 2571 γέγονεν
2801 2499 3050 2569 ὕστερον.
3080 2498 3303 2568 Τροπῆς
3330 2496 3389 2550 δὲ
3419 2497 3637 2565 ἀπάσης
3666 2495 3763 2548 καὶ

2175 2594 2517 2658 ἀλλοιώσεως
2570 2592 2921 2655 ἀνεπίδεκτος
2972 2590 3006 2659 ὴ
3062 2588 3183 2642 Θεία
3240 2585 3421 2657 φύσις,
3480 2587 3594 2639 Οὐκ
3652 2587 3764 2658 ἄρα

2175 2686 2380 2757 συνέϐη
2412 2685 2491 2756 τῷ
2519 2684 2640 2755 Θεῷ
2669 2683 2730 2737 τὸ
2766 2681 3021 2752 γενέσθαι
3063 2680 3321 2752 Πατέρα·
3366 2678 3482 2733 ἀλλ’
3515 2674 3583 2748 ἦν
3613 2677 3767 2747 αὺτῷ

2177 2780 2447 2843 ωναῖδιος
2489 2779 2519 2831 6
2566 2777 2626 2843 ἐξ
2673 2775 2841 2831 αὐτοῦ
2873 2773 3156 2846 προελθὼν
3190 2773 3382 2841 Λόγος,
3431 2772 3685 2842 καθάπερ
3726 2773 3764 2842 ή

2177 2874 2450 2945 θερμότης
2480 2874 2538 2926 ὲν
2573 2871 2728 2942 πυρὶ,
2759 2867 3037 2940 γεννητῶς
3075 2865 3135 2930 ἐξ
3170 2864 3335 2919 αὑτοῦ
3367 2864 3632 2934 προϊοῦσα
3670 2864 3769 2917 καὶ

2176 2966 2266 3021 ἀεὶ
2295 2965 2742 3036 συνυπάρχουσα,
2777 2961 2874 3016 καὶ
2902 2962 2967 3014 ὲκ
3000 2958 3181 3031 φωτὸς
3206 2958 3236 3011 6
3269 2957 3399 3029 περὶ
3427 2957 3495 3011 τὰ
3527 2956 3632 3022 ἔξω
3660 2973 3769 3026 φω-

2176 3057 2389 3129 τισμός.

2303 3192 2508 3256 ΑΛΛΟ,
2550 3193 2631 3258 ὡς
2659 3192 2728 3255 ἐξ
2760 3188 3125 3257 ἀντιθέσεως
3160 3188 3281 3243 τῶν
3317 3187 3647 3256 αἱρετικῶν.

2249 3308 2313 3360 Ei
2341 3307 2571 3372 τέλειος,
2602 3307 2788 3377 φησὶν,
2822 3304 2968 3358 ἐστιν
2996 3306 3025 3357 6
3055 3303 3247 3373 Πατὴρ
3276 3304 3333 3354 ὲν
3366 3304 3432 3372 τῇ
3459 3301 3636 3373 οἰκείᾳ
3669 3319 3769 3371 με-

2179 3397 2489 3468 γαλειότητι
2537 3397 2631 3450 καὶ
2664 3397 2815 3451 οὐδὲν
2860 3395 3097 3448 ἐλλείπει
3144 3393 3281 3463 πρὸς
3309 3391 3468 3446 τοῦτο
3494 3395 3560 3463 τῇ
3598 3391 3767 3447 αὐτοῦ

2180 3489 2363 3559 φύσει,
2395 3488 2665 3560 περιττῶς
2692 3490 2768 3554 ὡς
2805 3489 3082 3559 πλήρωμα
3121 3486 3220 3555 τῆς
3261 3484 3513 3550 θεότητος
3543 3484 3713 3540 αὑτοῦ
3741 3487 3772 3541 6

2181 3582 2312 3646 Υἱὸς
2344 3581 2753 3653 ὲπεισφέρεται.

2676 3785 2834 3854 Πρὸς
2864 3785 3042 3841 τοῦτο
3071 3788 3274 3854 λύσις.

2257 3915 2473 3979 Τέλειος
2517 3915 2616 3985 μὲν
2644 3915 2673 3967 6
2704 3916 2895 3987 Πατὴρ
2928 3917 2985 3968 ὲν
3026 3920 3095 3988 τῇ
3130 3916 3326 3972 ἑαυτοῦ
3360 3917 3775 3990 μεγαλειότητι⁶

2187 4005 2282 4059 καὶ
2308 4005 2409 4072 οὐκ
2435 4005 2501 4058 ἄν
2530 4021 2613 4068 τις
2640 4002 2797 4057 τοῦτο
2832 4004 2942 4059 τῶν
2973 4001 3032 4059 εὖ
3070 4005 3411 4075 φρονούντων
3444 4006 3745 4077 ἀρνήσεται

2187 4096 2391 4158 τέλειος
2422 4094 2497 4158 δὲ,
2527 4094 2626 4164 οὐχ
2653 4095 2734 4148 ὅτι
2768 4095 2927 4164 μόνον
2960 4094 3079 4148 ἐστὶ
3105 4094 3258 4160 Θεὸς,
3288 4095 3403 4150 ἀλλ’
3430 4097 3513 4149 ὅτι
3540 4098 3637 4151 καὶ
3665 4099 3785 4151 Πα-

2187 4189 2314 4259 τήρ.
2349 4188 2413 4240 Εἰ
2438 4186 2545 4257 γὰρ
2569 4185 2791 4255 ἀφέλοις
2820 4185 2916 4240 τοῦ
2946 4185 3083 4241 Θεοῦ
3115 4188 3175 4241 τὸ
3196 4183 3336 4242 εἶναι
3358 4188 3600 4263 Πατέρα,
3633 4190 3788 4245 ἀναι-

2193 4281 2381 4352 ρήσεις
2409 4278 2507 4349 τῆς
2537 4276 2688 4342 θείας
2722 4277 2938 4348 φύσεως
2970 4279 3030 4332 τὸ
3067 4280 3428 4352 καρπογόνον,
3464 4281 3551 4334 ἵνα
3584 4280 3785 4352 μηκέτι

2189 4370 2252 4423 τὸ
2288 4369 2491 4423 τέλειον
2536 4369 2671 4440 ἔχοι,
2708 4369 2988 4436 λείποντος
3040 4372 3179 4444 αὐτῇ
3228 4371 3323 4426 τοῦ
3376 4374 3593 4444 γεννᾷν.
3640 4371 3788 4426 Γνώ-

2195 4479 2368 4535 ρισμα
2414 4461 2592 4516 τοίνυν
2633 4461 2734 4532 τῆς
2783 4462 3142 4536 τελειότητος,
3190 4467 3223 4535 ἡ
3275 4465 3636 4536 καρπογονία,
3686 4466 3787 4518 καὶ

496 4549 671 4612 ditas,
727 4558 781 4603 et
822 4549 1035 4619 signum
1103 4549 1248 4618 quod
1300 4549 1519 4605 Patrem
1592 4549 1889 4619 perfectum
1966 4564 2076 4606 esse

2193 4555 2397 4626 argum;
2421 4552 2500 4623 τῷ
2534 4554 2710 4624 Πατρὶ
2744 4555 2837 4609 τοῦ
2867 4551 3008 4614 εἶναι
3038 4557 3265 4624 τέλειον,
3295 4559 3324 4610 6
3356 4557 3417 4625 ἐξ
3448 4556 3616 4611 αὑτοῦ
3649 4573 3788 4628 προ-

496 4643 755 4707 ostendit,
799 4652 882 4698 est
940 4640 1133 4710 Filius,
1174 4642 1265 4712 qui
1302 4657 1366 4698 ex
1434 4642 1552 4713 ipso
1583 4643 1651 4697 ab
1699 4652 1903 4698 aaterno
1963 4657 2090 4711 pro—

499 4734 686 4790 cessit.

1186 4848 1423 4906 ALIUD.

572 4986 629 5041 Si
653 4986 828 5041 Patris
842 4986 1412 5043 esscntiacfecunditas
1441 4985 1762 5040 naturaliter
1783 5000 1888 5040 non
1933 4985 2094 5051 inest,

503 5078 771 5146 perfectus
813 5095 940 5136 vero
961 5090 1041 5136 est
1065 5081 1228 5134 etiam
1255 5079 1394 5134 citra
1427 5077 1720 5147 generandi
1756 5076 2090 5144 facultatem,

503 5170 831 5241 superﬂuum
866 5173 1032 5244 igitur
1093 5182 1255 5240 atque
1315 5170 1678 5225 adventitium
1710 5172 1812 5224 hoc
1836 5171 1885 5225 ei
1953 5171 2098 5226 acci-

503 5262 618 5316 dit:
659 5271 750 5316 aut
783 5265 962 5334 potius
983 5278 1048 5317 eo
1077 5261 1322 5332 indiguit.
1348 5260 1594 5328 Quonam
1642 5276 1770 5316 vero
1804 5272 1960 5332 pacto
1982 5277 2100 5332 per-

505 5357 675 5411 fectus
704 5356 863 5411 fuerit
896 5356 986 5425 qui
1014 5356 1196 5422 aliquo
1235 5355 1397 5422 eget?
1417 5352 1528 5424 38
1548 5362 1642 5407 aut
1671 5369 1780 5424 quo
1808 5365 1965 5424 pacto
1992 5371 2094 5409 non

506 5448 795 5502 absurdum
846 5448 920 5502 sit
964 5445 1164 5514 aliquid
1223 5445 1569 5499 extrinsecus
1617 5446 1851 5515 adjicere
1904 5446 2099 5501 divina:

508 5550 733 5604 naturae,
795 5538 1017 5609 perinde
1075 5553 1139 5593 ac
1186 5538 1231 5594 si
1298 5537 1684 5608 perfectionem
1757 5554 1823 5592 ex
1883 5554 1942 5592 se
1983 5540 2096 5608 ipsa

508 5648 611 5687 non
646 5630 894 5686 habent?
955 5627 1228 5688 Naturalis
1290 5631 1472 5701 itaque
1518 5639 1602 5686 est
1656 5630 1807 5685 Patri
1850 5630 2099 5686 fecundi-

508 5735 592 5780 tas
624 5763 639 5790 ,
672 5733 837 5793 atque
876 5723 996 5780 ideo
1020 5724 1293 5796 perfectus
1332 5734 1412 5782 est
1434 5766 1449 5794 ,
1483 5724 1626 5797 quod
1661 5725 1846 5796 genuit
1901 5725 2101 5782 nullius

510 5817 635 5872 boni
675 5815 902 5887 indigus.

2192 4642 2362 4698 ελθὼν
2389 4643 2460 4713 ἀχ
2469 4642 2636 4712 ρόνως
2665 4644 2812 4708 Υἱός.

2889 4834 3093 4887 ΑΔΛΟ.

2268 4987 2331 5039 Εἰ
2367 4986 2441 5056 μὴ
2476 4983 2616 5038 κατᾶ
2644 4983 2806 5053 φύσιν
2841 4981 3101 5052 πρόσεστι
3135 4982 3200 5051 τῇ
3246 4979 3340 5034 τοῦ
3374 4978 3588 5051 Πατρὸς
3626 4977 3788 5049 οὐσίᾳ

2194 5077 2255 5131 τὸ
2284 5075 2645 5146 καρπογόνον,
2674 5073 2879 5135 τέλειος
2926 5072 2985 5126 δέ
3016 5073 3130 5125 ἐστι
3173 5072 3267 5133 καὶ
3310 5071 3433 5142 δίχα
3482 5070 3578 5123 τοῦ
3624 5069 3789 5123 δύνα-

2198 5170 2322 5222 σθαι
2354 5169 2569 5239 γεννᾷν,
2607 5164 2859 5236 περιττὸν
2884 5163 2991 5235 ἄρα
3020 5164 3115 5217 καὶ
3144 5162 3466 5217 ἐπείσακτον
3493 5161 3788 5231 ἐγγέγονεν

2197 5267 2346 5337 αὑτῷ
2366 5264 2543 5320 τοῦτο·
2581 5261 2780 5334 μᾶλλον
2804 5258 2861 5312 δὲ
2898 5256 3090 5328 ἐδεήθη
3121 5256 3335 5310 τούτου.
3379 5255 3489 5308 Καὶ
3520 5252 3638 5317 πῶς
3672 5252 3791 5305 ἐστι

2197 5359 2400 5421 τέλειος
2426 5359 2453 5412 6
2474 5354 2683 5427 δεηθείς
2708 5369 2887 5419 τινος;
2926 5351 3042 5415 πῶς
3072 5350 3130 5404 δὲ
3161 5350 3260 5403 οὐκ
3287 5348 3486 5403 ἄτοπον
3519 5347 3579 5400 τὺ
3606 5348 3792 5399 ἐπεισ-

2199 5452 2429 5520 ἀγεσθαί
2453 5468 2507 5503 τι
2535 5451 2602 5520 τῇ
2634 5448 2755 5519 θείᾳ
2786 5445 2970 5515 φύσει,
3003 5445 3079 5508 ὡς
3109 5443 3208 5496 οὐκ
3238 5440 3440 5514 ἐχούσῃ
3484 5439 3547 5493 τὸ
3581 5438 3786 5492 τέλειον

2198 5544 2257 5611 ἐξ
2280 5544 2509 5615 έαυτῆςς
2536 5539 2766 5595 Φυσικὸν
2793 5533 2885 5593 οὖν
2913 5537 2989 5609 τῷ
3015 5537 3191 5607 Πατρὶ
3218 5534 3280 5588 τὸ
3305 5530 3665 5605 καρπογόνον,
3696 5530 3790 5583 καὶ

2199 5636 2289 5689 διὰ
2316 5635 2474 5689 τοῦτο
2499 5632 2730 5697 τέλειος,
2767 5632 2846 5685 ὅτι
2880 5630 2973 5683 καὶ
3003 5629 3222 5684 τέτοκεν
3260 5626 3475 5691 οὐδενὸς
3500 5625 3609 5679 τῶν
3647 5624 3788 5693 ἀγα-

2201 5726 2312 5780 θῶν
2348 5727 2690 5789 λειπόμενος.
