4106 6436
360 401 443 457 τε
1816 398 2264 458 THESAURUS.
3602 401 3671 454 66

752 512 964 579 ΔΑΜ),
996 510 1598 582 διησνιματεκώτερον.

2544 514 2754 573 ALIUD
2785 555 2801 581 ,
2826 517 3156 587 explicatius.

444 626 507 681 El
528 622 746 687 τέλειός
772 626 924 678 ἔστιν
943 625 972 677 6
1000 625 1195 694 Πατὴρ
1223 625 1280 676 ὲν
1307 625 1371 693 τῇ
1394 622 1560 675 αὐτοῦ
1595 622 1975 692 μεγαλειότητι

2151 625 2207 679 Si
2240 624 2510 694 perfectus
2546 637 2631 681 est
2675 627 2837 682 Pater
2865 628 2918 681 in
2982 644 3079 682 sua
3131 628 3412 698 majestate
3456 629 3670 685 etiamsi

379 717 478 771 xiv
508 715 724 786 μηδένα
755 714 974 783 καρπὸν
1011 712 1114 785 ἔχῃ
1147 711 1270 764 καθ’
1304 712 1469 781 ὑμᾶς,
1499 709 1701 776 ἔξωθεν
1730 709 1838 780 ἄρα
1880 710 1975 762 καὶ

376 811 470 864 οὐκ
496 810 566 861 ὲκ
594 808 703 877 τῆς
731 806 924 869 οὐσίας
952 804 1122 859 αὑτοῦ
1159 805 1386 873 γέγονεν
1416 805 1445 857 6
1484 804 1633 867 Υἱὸς,
1666 802 1854 873 ὥσπερ
1883 802 1976 855 καὶ

372 903 438 957 τὰ
460 903 786 971 ποιήματα·
831 897 1066 970 περιττὴ
1105 898 1163 950 δὲ
1195 898 1323 961 ἴσως
1360 897 1455 949 καὶ
1483 896 1604 949 οὐδὲ
1648 895 1782 958 ὅλως
1807 896 1974 962 ἀναγ-

373 993 504 1048 aia.
538 995 577 1063 ἡ
620 994 708 1057 είς
745 990 812 1043 τὸ
842 986 986 1044 εἶναι
1033 988 1267 1060 πάροδος
1296 987 1484 1055 αὐτοῦ,
1530 987 1780 1058 καθάπερ
1815 989 1849 1056 ἡ
1882 988 1976 1039 ἀν-

369 1084 611 1156 θρώπων
640 1085 811 1155 τυχὸν
840 1084 936 1137 καὶ
963 1082 1132 1154 ἡτῶν
1156 1082 1331 1136 ἄλλων
1357 1081 1699 1153 ποιημάτων.
1734 1081 1843 1134 Καὶ
1864 1079 1976 1152 γὰρ

369 1176 466 1229 καὶ
514 1176 651 1245 πρὶν
689 1174 854 1244 ἡμῶν
897 1172 1180 1241 γενέσθαι,
1211 1168 1279 1244 ἦν
1309 1172 1469 1225 τοῦτο
1513 1170 1646 1235 Θεὸς
1692 1171 1829 1242 ὅπερ
1878 1172 1974 1224 νῦν

368 1269 507 1333 ἐστι,
540 1267 641 1320 καὶ
668 1266 984 1336 γενομένων
1009 1265 1191 1336 ἡμῶν,
1222 1267 1279 1318 ὲν
1299 1263 1583 1335 ταυτότητι
1609 1262 1779 1334 μένει.
1810 1262 1977 1317 Οὐδὲν

366 1359 481 1429 γὰρ
504 1358 660 1426 αὐτῷ
699 1356 1073 1427 προστίθεμεν
1114 1357 1180 1410 ὲκ
1224 1355 1319 1411 τοῦ
1347 1356 1424 1427 μὴ
1454 1355 1607 1419 ὄντος
1645 1356 1725 1419 είς
1750 1355 1811 1408 τὸ
1834 1351 1975 1408 εἶναι

366 1450 734 1519 καλουμενοι’
784 1447 911 1500 οὔτε
959 1448 1064 1519 μὴν
1116 1446 1539 1519 ἀφαιρησόμεθά
1579 1463 1633 1500 τι
1681 1446 1780 1517 τὴν
1825 1446 1975 1501 θείαν

367 1540 537 1609 φύσιν
576 1537 772 1600 αὑτοῦ,
818 1536 974 1591 οὔπω
1011 1537 1074 1590 τὸ
1113 1533 1252 1590 εἶναι
1298 1536 1575 1607 λαχόντες.
1620 1537 1834 1608 ’Ὥσπερ
1878 1531 1972 1591 οὖν

365 1632 555 1700 ἡμεῖς.
608 1629 800 1700 ἐπειδὴ
852 1628 1225 1700 πεποιήμεθα,
1273 1628 1434 1699 χάριν
1492 1626 1687 1697 ἔχομεν
1737 1626 1815 1698 τῷ
1864 1629 1973 1699 Δη-

370 1721 650 1794 μιουργῷ,
696 1719 1035 1790 ὀμολογείτω
1064 1719 1160 1773 καὶ
1211 1721 1240 1771 6
1290 1719 1452 1781 Υἱόςο
1493 1718 1587 1771 καὶ⁸
1635 1716 1775 1770 ἔστω
1807 1717 1971 1773 πάλιν

365 1815 507 1884 ἡμῖν
542 1815 647 1866 κάν
675 1811 857 1882 τούτῳ
886 1810 1299 1880 παραπλήσιος,
1331 1807 1532 1874 ἔξωθεν
1565 1809 1657 1862 καὶ
1683 1808 1846 1872 αὐτὸς
1882 1826 1973 1879 γε·

368 1903 571 1973 γονὼς,
605 1902 863 1974 καθάπερ
891 1904 1075 1974 ἡμεῖς.
1118 1900 1260 1955 Ἀλλ’
1306 1900 1421 1953 ἐστι
1454 1899 1612 1953 τοῦτο
1653 1900 1814 1970 βυθὸς
1845 1900 1969 1954 δυσο

370 1996 616 2066 milia;
671 1994 903 2061 Φεύγειν
948 1989 1043 2046 οὖν
1088 1993 1387 2061 ἀναγκαῖον
1423 1990 1575 2054 αὐτὸ,
1616 1990 1710 2045 καὶ
1738 1989 1816 2059 τῷ
1851 2007 1973 2058 γεν-

367 2090 586 2159 νήματι
630 2085 823 2150 σώζειν
870 2083 934 2138 τὸ
983 2086 1049 2137 ἐκ
1094 2084 1194 2153 τῆς
1224 2082 1318 2136 τοῦ
1362 2081 1753 2152 γεγεννηκότος
1785 2081 1971 2145 οὐσίας

363 2178 648 2248 ὑπάρχειν
668 2191 682 2204 ⁸
719 2173 867 2227 οὕτω
900 2173 1009 2245 γὰρ
1040 2172 1107 2226 ἂν
1135 2173 1221 2244 εἴη
1246 2172 1340 2226 καὶ
1368 2172 1636 2241 γέννημα.
1685 2170 1971 2241 Ἀγένητος

360 2268 425 2320 δὲ
476 2270 510 2337 ἡ
560 2267 722 2318 οὖςία
770 2265 869 2317 τοῦ
918 2264 1171 2336 Πατρός“·
1212 2251 1474 2332 ἆγένητον
1509 2262 1618 2331 ἄρα
1661 2262 1757 2315 καὶ
1803 2261 1866 2316 τὸ
1912 2261 1972 2326 ἐξ

352 2358 543 2427 αὐτῆς
574 2358 876 2428 προελθὸν,
906 2356 1191 2411 τουτέστιν
1223 2357 1250 2409 6
1281 2355 1427 2418 Υἱός.

503 2471 717 2538 ΔΛΛΟ,
754 2472 838 2537 ὡς
868 2470 936 2536 ἐξ
965 2467 1326 2535 ἀντιθέσεως
1363 2465 1486 2521 τῶν
1514 2467 1838 2536 αἱρηικῶν.

435 2564 514 2616 οὐ
538 2563 793 2626 πάντως,
824 2563 982 2633 φησι,
1007 2561 1096 2615 διὰ
1115 2561 1176 2615 τὸ
1208 2556 1349 2614 εἶναι
1373 2558 1736 2630 καρπογόνον,
1762 2556 1969 2622 τέλειός

2082 715 2346 772 fecundus
2386 733 2492 772 non
2523 720 2614 783 sit,
2639 728 2696 772 ut
2721 735 2814 774 vos
2845 719 3168 786 Opinamini,
3205 729 3260 774 et
3292 721 3633 777 extrinsecus
3654 763 3669 785 .

2090 825 2197 864 non
2221 820 2400 864 autem
2435 825 2501 864 ex
2537 810 2654 878 ejus
2679 813 2913 866 essentia
2960 811 3135 866 factus
3179 820 3261 866 est
3296 812 3485 878 Filius,
3530 814 3672 868 sicut

2083 911 2135 953 et
2169 912 2470 956 creaturae:
2503 901 2772 971 superﬂua
2806 902 2969 957 inerit
3003 918 3178 971 neque
3214 905 3434 959 omnino
3480 918 3671 959 neces-

2082 993 2223 1045 saria
2247 992 2362 1058 ejus
2393 994 2458 1045 ad
2481 1006 2602 1046 esse
2632 992 2933 1059 productio,
2977 992 3429 1060 quemadmodum
3495 994 3673 1049 homi-

2083 1096 2209 1133 num
2269 1079 2411 1135 i‘orte
2468 1090 2523 1135 et
2580 1080 2811 1135 aliarum
2882 1091 3279 1137 creaturarum.
3346 1083 3668 1154 Priusquam

2080 1172 2224 1225 enim
2260 1186 2358 1225 nos
2391 1186 2724 1236 crearentur,
2748 1172 2890 1228 Deus
2922 1174 2973 1227 id
3004 1173 3179 1242 ipsum
3211 1183 3329 1228 erat
3358 1176 3501 1243 quod
3528 1192 3673 1230 nunc

2079 1273 2184 1327 est,
2218 1270 2272 1315 et
2309 1263 2509 1316 creatis
2538 1262 2694 1316 nobis
2719 1262 2859 1317 idem
2896 1265 3216 1331 permansit.
3253 1264 3400 1320 Nihil
3428 1267 3573 1320 enim
3618 1268 3672 1322 ei

2080 1354 2384 1410 addidimus
2410 1369 2476 1408 ex
2496 1355 2664 1409 nihilo
2695 1357 2762 1409 ad
2792 1370 2917 1411 esse
2948 1356 3180 1411 traducti
3208 1374 3222 1422 ;
3271 1372 3448 1426 neque
3510 1359 3670 1429 quid-

2079 1461 2240 1515 quam
2306 1446 2502 1502 divinae
2577 1446 2694 1515 ejus
2772 1458 2979 1503 naturae
3031 1450 3378 1504 detrahemus
3435 1453 3673 1506 nomium

2080 1536 2355 1590 consecuti
2393 1544 2452 1590 ut
2489 1536 2680 1591 simus.
2730 1536 3194 1603 Quemadmodum
3229 1539 3391 1608 igitur
3426 1554 3523 1594 nos
3541 1556 3671 1610 gra-

2081 1628 2183 1681 tias
2205 1628 2413 1693 agimus
2440 1627 2708 1692 Creatori,
2739 1632 2883 1696 quod
2908 1628 3038 1683 iacti
3066 1644 3279 1694 sumus,
3311 1629 3482 1684 Filius
3529 1644 3672 1699 quo-

2079 1732 2185 1787 que
2208 1718 2461 1773 similiter
2482 1728 2639 1790 agat:
2660 1719 2957 1790 eademque
2981 1721 3189 1776 ratione
3212 1731 3485 1777 statuatur
3507 1724 3671 1778 etiam

2080 1809 2236 1864 nobis
2270 1809 2486 1876 similis,
2503 1809 2758 1865 nimirum
2782 1812 3144 1879 extrinsecus,
3167 1814 3444 1879 sicutnos,
3474 1813 3671 1868 factus.

2079 1899 2346 1955 (Steterunt
2382 1900 2499 1956 haec
2525 1909 2584 1955 ut
2613 1917 2827 1957 summa
2857 1902 3196 1972 blasphemia
3223 1904 3540 1959 detestanda
3571 1919 3672 1959 no-

2079 1991 2162 2046 his
2189 2002 2291 2055 est,
2326 2003 2376 2046 et
2402 1993 2660 2062 genimini
2693 1995 2796 2051 hoc
2826 1995 3175 2051 tribuendum
3209 2004 3314 2059 est,
3341 2005 3401 2049 ut
3455 2010 3523 2051 ex
3562 1996 3672 2051 Ge-

2081 2084 2273 2138 nitoris
2326 2084 2559 2138 essentia
2636 2086 2883 2140 exsistat.
2949 2085 3041 2140 Sic
3088 2085 3232 2139 enim
3283 2086 3446 2140 etiam
3519 2088 3672 2156 geni-

2081 2193 2204 2230 mrn
2263 2176 2444 2231 fuerit.
2493 2175 2608 2231 Non
2669 2188 2752 2232 est
2817 2189 2995 2234 autem
3071 2179 3208 2233 facta
3274 2180 3507 2234 essentia
3567 2180 3670 2233 Pa-

2080 2269 2178 2321 tris
2211 2286 2225 2334 ;
2256 2284 2384 2339 ergo
2432 2284 2530 2323 nec
2585 2270 2637 2324 id
2688 2272 2833 2340 quod
2881 2286 2944 2324 ex
2999 2284 3059 2324 ea
3106 2271 3390 2341 procedit,
3440 2272 3540 2326 hoc
3587 2282 3673 2325 est

2078 2355 2266 2412 Filius.
2934 2370 2943 2377 ’

2326 2471 2539 2529 ALIUD
2560 2514 2575 2538 ,
2614 2489 2679 2527 ea:
2711 2473 2998 2544 objections
3028 2473 3416 2527 haereticorum.

2149 2561 2267 2616 Non
2305 2563 2358 2617 itt
2392 2568 2727 2630 universum,
2761 2565 3027 2634 inquiunt,
3066 2566 3189 2633 quia
3247 2565 3666 2631 l'ecundnsest,

345 2655 515 2706 ἐστιν
546 2657 577 2707 6
606 2655 766 2719 Θεός.
810 2653 975 2707 Ἀλλὰ
1001 2652 1136 2717 Θεὸς
1160 2651 1258 2718 ὢν,
1292 2651 1386 2705 καὶ
1428 2650 1517 2704 διὰ
1551 2648 1709 2704 τοῦτο
1740 2650 1967 2717 τέλειος,

356 2748 557 2817 γέγονε
586 2749 687 2800 καὶ
721 2747 878 2816 Πατή
884 2763 939 2818 ρ.

2078 2653 2353 2723 perlaetus
2390 2666 2473 2710 est
2507 2657 2665 2710 Deus.
2701 2655 2807 2710 Sed
2855 2657 2993 2709 Dens
3021 2673 3143 2709 eum
3197 2656 3289 2721 sit,
3334 2667 3495 2725 atque
3520 2656 3589 2711 ob
3619 2658 3670 2711 id

2079 2744 2376 2814 perlectus,
2404 2746 2579 2801 factus
2609 2756 2692 2802 est
2713 2747 2878 2801 etiam
2907 2744 3089 2801 Pater.

2761 2858 2991 2913 Salutio.

2150 2949 2322 3006 Dicite
2351 2966 2481 3021 ergo
2515 2950 2671 3005 nobis
2698 2951 2787 3020 qui
2812 2950 2865 3003 in
2915 2960 3122 3004 tantam
3148 2950 3483 3019 impietatem
3534 2968 3661 3022 pro-

877 2857 1035 2927 Πρὸς
1063 2855 1241 2911 τοῦτο
1276 2857 1479 2922 λύσις.

430 2952 651 3006 Εἴπατε
673 2932 970 3021 τοιγαροῧν
1000 2950 1134 3020 ἡμῖν
1162 2948 1213 3001 οἱ
1239 2947 1375 3016 πρὸς
1407 2943 1676 3016 τοσαύτην
1713 2942 1968 2997 ἀσέϐειαν

350 3032 645 3100 ’ἐκϐαίνειν
692 3045 758 3095 οὐ
794 3041 1253 3113 παραιτούμενοι,
1292 3040 1340 3092 εί
1386 3035 1680 3108 ἐπισυνέϐη
1729 3034 1808 3106 τῷ
1848 3033 1967 3106 Θεῴ

2080 3057 2329 3112 rumpere
2356 3057 2462 3097 non
2491 3042 2773 3105 veremini,
2802 3041 2850 3096 si
2899 3042 3002 3096 hoc
3035 3052 3216 3109 postea
3274 3042 3506 3096 accessit
3563 3044 3670 3097 Deo

355 3138 422 3192 τὸ
439 3134 710 3205 γενέσθαι
742 3133 985 3202 Πατέρα,
1011 3132 1063 3185 τί
1089 3127 1156 3203 ἦν
1186 3130 1295 3200 ἄρα
1320 3130 1448 3200 πρὶν
1477 3128 1703 3198 γένηται
1735 3126 1963 3195 Πατήρ;

2080 3145 2134 3186 ut
2159 3133 2321 3186 Pater
2369 3131 2543 3195 ﬁeret,
2586 3130 2714 3198 quid
2740 3140 2860 3184 erat
2894 3131 3210 3199 priusquam
3271 3128 3424 3184 ﬂeret
3457 3131 3619 3185 Pater
3648 3132 3671 3186 2

358 3232 436 3284 T6
470 3230 584 3299 γὰρ
610 3228 756 3290 ὅλως
782 3226 864 3291 ὃν,
897 3225 1014 3279 ἔστι
1042 3242 1096 3278 τι
1132 3224 1351 3286 πάντως
1370 3237 1383 3253 ο
1405 3221 1439 3293 ἢ
1473 3222 1581 3292 γὰρ
1599 3220 1849 3288 λέγοντες
1871 3219 1971 3271 οὐκ

2080 3222 2215 3276 Nam
2238 3223 2296 3277 id
2332 3222 2474 3291 quod
2496 3230 2600 3285 est,
2634 3220 2836 3290 aliquid
2864 3221 3086 3275 omnino
3113 3220 3183 3273 sit
3212 3230 3456 3289 oportet;
3501 3232 3591 3275 aut
3623 3207 3668 3276 si

357 3318 506 3377 εἷναί
542 3337 679 3375 ποτε
715 3319 942 3389 Πατέρα
982 3317 1076 3370 τὸν
1116 3315 1268 3378 Θεὸν,
1324 3312 1625 3384 μαχόμενοι
1656 3313 1856 3373 πάσαις
1884 3311 1974 3363 εὑ-

2080 3331 2184 3369 non
2220 3328 2341 3369 esse
2368 3313 2586 3375 Patrem
2617 3313 2784 3367 Deum
2816 3313 3033 3377 dicatis,
3074 3313 3325 3366 omnibus
3356 3313 3530 3367 sacris
3559 3312 3671 3367 Lit-

362 3411 675 3486 ρεθήσεσθε
699 3413 825 3473 ταῖς
856 3409 1105 3479 Γραφαίς
1127 3423 1139 3434 ·
1173 3407 1235 3460 οὐ
1264 3404 1374 3475 γὰρ
1405 3404 1554 3457 ῐσασι
1583 3402 1675 3455 τὸν
1704 3402 1838 3454 Θεὸν
1875 3402 1975 3455 οὐκ

2081 3401 2209 3455 teris
2239 3415 2537 3472 repugnare
2563 3400 3080 3470 deprehemlemini:
3136 3416 3313 3471 neque
3366 3404 3509 3455 enim
3566 3402 3670 3457 illae

359 3506 496 3558 ὂντα
520 3502 754 3572 Πατέρα
775 3516 788 3530 ·
818 3499 852 3570 ἢ
883 3500 978 3552 καὶ
1019 3498 1176 3551 αὐτοὶ
1205 3491 1618 3566 συγχωροῦντες
1647 3491 1976 3562 ἐνυπάρχειν

346 3598 455 3652 ,ἀεὶ
484 3595 567 3666 τῷ
599 3594 728 3665 θεῷ
754 3593 857 3662 τὴν
890 3589 986 3644 τοῦ
1030 3588 1248 3660 Πατρὸς
1280 3585 1621 3657 ἐπωνυμίαν,
1660 3582 1976 3653 ἀναγκαίως

362 3687 522 3758 αὑτῷ
568 3688 633 3740 τὸ
658 3685 719 3752 ἐξ
748 3682 920 3737 αὑτοῦ
970 3680 1360 3735 συνεισοίσετε.
1410 3678 1486 3733 Οὐ
1520 3675 1629 3748 γὰρ
1664 3676 1732 3729 ἂν
1764 3674 1976 3744 λέγοιτο

366 3779 565 3850 Πατὴρ
602 3777 709 3831 οὐκ
742 3776 896 3838 ὄντος
930 3771 1085 3827 Υἰοῦ.

2076 3499 2375 3558 agnoscunt
2413 3489 2601 3555 Deum,
2643 3489 2732 3559 qui
2767 3488 2925 3544 Pater
2956 3506 3060 3544 non
3100 3491 3169 3545 sit
3197 3507 3211 3556 ;
3238 3499 3333 3545 aut
3361 3491 3403 3546 si
3439 3507 3534 3546 vos
3566 3492 3669 3562 ipsi

2076 3581 2377 3637 conceditis
2410 3597 2626 3652 semper
2661 3583 2840 3637 inesse
2865 3582 2972 3636 Deo
2998 3582 3177 3637 Patris
3226 3584 3667 3653 appellationem,

2077 3672 2387 3727 necessario
2447 3674 2608 3728 etiam
2668 3674 2720 3728 id
2766 3674 2909 3744 quod
2970 3688 3034 3727 ex
3109 3677 3224 3742 ipso
3306 3676 3548 3744 proceiit
3616 3676 3669 3731 ei

2068 3763 2350 3836 tribuetis.
2401 3762 2587 3834 Neque
2641 3765 2784 3819 enim
2835 3762 2996 3818 Pater
3048 3764 3154 3819 diri
3213 3774 3391 3833 potest
3436 3781 3542 3819 non
3573 3780 3669 3820 ett-

2078 3854 2322 3911 sistentis
2345 3854 2495 3911 Filii.

1078 3952 1284 4006 AAAO.

428 4075 509 4130 Ὲί
553 4072 705 4144 μέγα
734 4088 790 4123 τι
823 4065 1148 4140 χαρίζεσθαι
1182 4063 1497 4136 νομίζουσιν
1531 4065 1580 4116 οἱ
1616 4061 1975 4133 χριστομάχοι

363 4166 449 4237 τῷ
482 4163 632 4235 Θεῷ,
681 4161 906 4231 Πατέρα
965 4158 1063 4229 μὲν
1111 4156 1171 4224 ὲξ
1216 4150 1392 4227 ἀρχῆς
1444 4155 1544 4225 οὐχ
1586 4152 1976 4225 ὁμολογοῦντες

364 4257 561 4321 αὐτὸν,
603 4253 742 4307 Θεὸν
773 4251 829 4305 δὲ
860 4245 1000 4304 εἶναι
1046 4248 1302 4312 διδόντες,
1345 4246 1693 4300 ἀκουέτωσαν
1724 4246 1806 4298 ὅτι
1853 4242 1975 4297 λίαν

364 4349 688 4420 ὑϐρίζουσι,
713 4346 1045 4417 πράγματος
1078 4338 1502 4409 ἀξιολογωτέρου
1528 4336 1628 4408 τὴν
1657 4334 1806 4389 θείαν
1837 4335 1975 4389 ἀπο-

368 4440 706 4513 στεροῦντες
736 4436 927 4508 φύσιν.
961 4435 1096 4496 Θεὸς
1143 4431 1243 4503 μὲν
1274 4429 1385 4500 γὰρ
1424 4428 1501 4492 ὡς
1531 4427 1668 4498 πρὸς
1709 4426 1777 4480 τὰ
1813 4424 1977 4480 δοῦλα

2709 3944 2820 4015 39
2858 3941 3091 3999 ALIUD.

2150 4059 2206 4115 Si
2231 4059 2468 4114 haeretici
2508 4058 2686 4128 magni
2718 4058 2919 4126 aliquid
2944 4071 3066 4112 sese
3093 4055 3332 4111 tribuere
3349 4055 3458 4112 Deo
3481 4056 3669 4112 existi-

2077 4162 2249 4216 mant,
2275 4151 2416 4220 quod
2454 4149 2666 4203 Patrem
2699 4151 2869 4219 ipsum
2898 4150 2964 4203 ab
2999 4149 3151 4201 initio
3200 4146 3368 4204 fuisse
3426 4161 3666 4218 negent,

2077 4243 2245 4300 Deum
2273 4241 2488 4296 interim
2525 4255 2644 4296 esse
2672 4240 3025 4304 conﬁtentes,
3064 4240 3171 4294 into
3222 4255 3420 4308 magna
3474 4252 3664 4297 contn-

2079 4335 2237 4391 melia
2270 4348 2390 4390 sese
2413 4350 2537 4390 eum
2573 4332 2786 4389 allicere
2812 4333 3060 4398 credant,
3092 4327 3217 4388 cum
3274 4333 3508 4388 divinam
3566 4351 3666 4389 na-

2081 4437 2253 4483 turam
2286 4427 2533 4499 digniore
2571 4426 2725 4482 titulo
2752 4428 2987 4497 privant.
3025 4424 3159 4480 Nam
3194 4432 3252 4480 ut
3284 4424 3427 4482 Deus
3450 4426 3669 4482 relatio-

368 4536 469 4589 καὶ
492 4532 568 4585 τὰ
594 4528 837 4600 γενητὴν
871 4526 1067 4598 ἔχοντα
1105 4523 1204 4596 τὴν
1233 4522 1421 4577 οὐσίαν
1460 4520 1573 4592 ἔχει
1604 4519 1703 4592 τὴν
1749 4521 1933 4592 σχέσιν
1957 4535 1973 4550 ⁸

2081 4535 2202 4575 nem
2239 4518 2401 4574 habet
2426 4519 2493 4575 ad
2527 4518 2744 4574 servilia
2773 4528 2830 4573 et
2853 4522 3093 4573 creatam
3145 4517 3505 4571 substantiam
3564 4519 3662 4572 ha-

368 4624 572 4695 Πατὴρ
618 4621 680 4675 δὲ
706 4620 785 4684 ὡς
833 4617 972 4690 πρὸς
1005 4615 1156 4671 Υίόν.
1195 4615 1462 4683 Λέγοντες
1493 4613 1673 4667 τοίνυν
1713 4613 1794 4665 ὅτι
1842 4611 1975 4676 Θεὸς

2081 4612 2306 4667 hentia:
2341 4610 2416 4664 ita
2451 4610 2616 4665 Pater
2673 4609 2739 4663 ad
2791 4609 3017 4664 Filium.
3066 4606 3203 4662 Cum
3251 4607 3436 4672 itaque
3481 4608 3666 4663 dicunt

372 4718 480 4790 μὲν
512 4712 585 4787 ἦν
621 4711 888 4784 ὲξαρχῆς,
919 4708 1075 4763 οὔπω
1122 4706 1182 4759 δὲ
1223 4706 1321 4759 καὶ
1353 4705 1564 4775 Πατὴρ,
1610 4703 1708 4774 τὴν
1740 4703 1878 4774 πρὸς
1907 4702 1976 4757 τὰ

366 4813 543 4869 δοῦλα
596 4807 789 4879 σχέσιν
836 4804 1215 4876 προσάπτουσι
1262 4798 1342 4868 τῷ
1393 4799 1531 4868 Θεῷ,
1579 4798 1674 4851 τοῦ
1733 4798 1977 4869 μείζονος

367 4899 823 4973 ἀποστεροῦντες
849 4894 1015 4950 αὐτόν
1035 4910 1049 4923 ⁸
1085 4894 1338 4964 κρεῖττον
1374 4890 1482 4962 γὰρ
1512 4890 1571 4944 τὸ
1609 4890 1828 4961 Πατέρα
1854 4906 1978 4959 γεν-

368 4999 627 5067 νήματος
684 4986 846 5053 εῐναι,
898 4986 995 5041 καὶ
1021 4984 1296 5050 τοσοῦτον,
1335 4983 1446 5051 ὅσῳ
1498 4984 1800 5052 ποιήματος
1853 4980 1979 5043 Υἱὸς

365 5087 656 5156 διαφέρει.
725 5078 1029 5151 Ἐφ’ήμῶν
1084 5077 1184 5149 μὲν
1248 5076 1359 5147 γὰρ
1391 5074 1641 5142 λέγεται’
1701 5092 1720 5129 ι
1786 5073 1977 5143 Ἡμεῖς

368 5181 506 5244 λαὸς
544 5176 722 5247 νομῆς
744 5171 936 5233 αὑτοῦ,
969 5169 1064 5223 καὶ
1090 5169 1338 5238 πρόϐατα
1371 5165 1553 5237 χειρὸς
1578 5163 1766 5218 αὑτοῦ.
1796 5183 1815 5215 ι
1841 5165 1978 5236 Περὶ

368 5274 434 5328 δὲ
466 5269 607 5324 Υίοῦ
627 5285 645 5300 ο
687 5286 704 5318 ι
756 5266 853 5328 Ὃς
883 5265 941 5316 ὲν
975 5262 1156 5333 μορφῇ
1189 5257 1323 5313 Θεοῦ
1357 5258 1638 5329 ὑπάρχων,
1669 5258 1768 5326 οὺχ
1801 5258 1979 5328 ἁρπα-

372 5364 519 5435 γμὸν
556 5361 812 5432 ἡγήσατο
847 5355 907 5408 τὸ
959 5349 1098 5406 εἶναι
1148 5355 1238 5405 ι’σα
1266 5350 1420 5422 Θεῷ’
1460 5367 1478 5401 t
1514 5350 1608 5402 καὶ
1642 5349 1803 5402 πάλιν
1843 5350 1979 5420 πρὸς

2077 4706 2242 4760 Deum
2280 4704 2497 4773 quidem
2530 4704 2598 4758 ab
2639 4702 2798 4758 initio
2830 4702 3128 4765 exstitisse,
3153 4699 3369 4754 Patrem
3395 4714 3525 4756 vero
3559 4718 3665 4755 non

2077 4796 2228 4860 item,
2261 4794 2722 4865 comparationem
2787 4793 2903 4848 sive
2946 4792 3261 4846 relationem
3323 4793 3391 4845 ad
3449 4791 3663 4846 servilia

2079 4887 2190 4942 Deo
2214 4885 2645 4951 accommodant,
2679 4885 3057 4956 praestantiore
3097 4883 3364 4939 relatione
3393 4897 3517 4938 eum
3549 4885 3663 4953 pri-

2084 4989 2276 5033 vantes
2302 4994 2319 5031 :
2351 4977 2701 5047 praestantius
2727 4978 2870 5033 enim
2899 4985 2982 5031 est
3007 4974 3221 5030 Patrem
3241 4973 3529 5044 geniminis
3545 4989 3665 5028 esse

2084 5080 2139 5122 et
2167 5069 2384 5139 quidem
2418 5079 2587 5130 tanto,
2625 5078 2825 5137 quanto
2856 5067 3025 5123 Filius
3048 5076 3296 5123 creatura
3340 5073 3424 5123 est
3481 5064 3665 5121 excel-

2088 5161 2301 5214 lentior.
2333 5159 2468 5215 Nam
2490 5161 2563 5215 de
2587 5161 2745 5216 nobis
2770 5160 2995 5215 dicitur:
3018 5177 3037 5211 ι
3068 5158 3177 5213 Νοε
3196 5156 3425 5227 populus
3451 5171 3665 5226 pascua:

2085 5251 2219 5320 ejus,
2252 5261 2307 5305 et
2338 5265 2466 5307 oves
2494 5265 2684 5306 manus
2715 5264 2827 5306 suae
2854 5250 2957 5303 ".t
2996 5250 3069 5303 De
3101 5246 3236 5301 Filio
3267 5256 3445 5315 autem
3467 5264 3478 5300 :
3504 5265 3522 5297 ι
3561 5246 3662 5314 Qui

2078 5358 2198 5398 cum
2235 5351 2378 5398 esset
2419 5344 2472 5397 in
2502 5342 2673 5397 forma
2711 5342 2828 5408 Dei,
2850 5356 2958 5396 non
2994 5339 3238 5409 rapinam
3265 5339 3667 5393 estarhitratus

375 5428 546 5510 αίιτόν
568 5428 637 5503 ’.γι
657 5428 859 5504 Κάθου
893 5448 956 5498 ὲκ
984 5443 1175 5511 δεξιῶν
1201 5460 1322 5514 μου.
1366 5460 1383 5493 ι
1424 5440 1565 5510 ’Όση
1593 5440 1676 5503 τίς
1708 5435 1801 5493 οὖν
1834 5441 1975 5493 ἐστιν

2080 5449 2136 5489 se
2158 5448 2280 5490 esse
2308 5434 2573 5505 aequalem
2613 5432 2724 5489 Deo
2771 5433 2818 5465 ⁸⁸
2851 5448 2867 5498 ;
2903 5452 2921 5484 ι
2979 5440 3036 5486 et
3069 5444 3280 5484 rursum
3324 5428 3389 5484 ad
3443 5430 3617 5499 ipsum
3648 5448 3662 5485 :

374 5545 413 5613 ἡ
445 5539 691 5612 διαφορὰ
721 5535 1032 5606 ποιήματος
1065 5531 1161 5585 καὶ
1196 5530 1348 5594 Υίοῦ,
1401 5530 1496 5582 καὶ
1534 5528 1622 5583 διὰ
1660 5528 1863 5583 τούτων
1909 5530 1983 5581 εἰ-

378 5631 615 5703 sese“

444 5828 496 5862 ⁸⁸
536 5827 683 5883 Psal.
731 5841 883 5888 κους,
923 5826 979 5879 5.

2085 5543 2101 5574 ι
2135 5522 2275 5579 Sede
2331 5541 2359 5579 ιι
2401 5525 2634 5598 ιΙιιιιΗε⁴
2666 5525 2804 5581 meis
2846 5523 2922 5591 ,‘7.
2969 5541 2989 5574 ι
3050 5518 3324 5588 Quantum
3379 5521 3542 5593 igitur
3583 5521 3666 5576 in-

2082 5616 2238 5672 tersit
2283 5616 2423 5674 inter
2469 5629 2775 5675 creaturam
2826 5626 2880 5672 et
2935 5613 3154 5681 Filium,
3205 5629 3272 5670 ex
3322 5613 3407 5669 his
3464 5612 3661 5687 intelli-

2082 5722 2279 5776 gnnus.

1056 5827 1101 5857 "
1137 5823 1371 5892 Philipp.
1398 5839 1462 5886 -Η,
1506 5822 1556 5877 7.
1600 5823 1642 5853 ⁸⁷
1685 5821 1829 5878 Pani.
1870 5837 1979 5887 CII,
2028 5824 2077 5877 ι.
