4106 6416
457 355 527 411 67
1529 353 1582 408 S.
1624 353 1898 408 CVRILLI
1936 351 2408 411 ALEXANDRINI
2446 354 2767 411 ARCHIEP.
3664 364 3734 419 68

1137 467 1366 524 ALIUD.

2836 471 3041 525 AAAO.

435 606 442 612 -
524 579 987 646 Quemadmodum
1033 577 1193 634 Pater
1233 580 1430 635 dicitur
1470 589 1722 650 respecm
1780 582 1927 649 Filii,
1962 583 2021 637 itz

2219 580 2428 653 Ὠσπερ
2463 582 2525 636 τὸ
2551 582 2744 655 Πατὴρ
2769 583 2845 645 ὡς
2873 582 3011 651 πρὸς
3039 580 3171 637 Υἱὸν
3199 581 3564 652 λαμϐάνεται,
3592 584 3735 640 οὕτω

458 671 599 726 Deus
632 679 876 739 respectu
908 685 1187 725 servorum
1214 680 1269 725 et
1291 685 1408 740 qua:
1426 687 1533 727 non
1563 673 1806 728 eamdem
1837 672 2037 729 habent

459 770 708 813 naturam
734 771 898 829 atque
933 761 1067 829 ipse.
1101 760 1328 830 Oportet
1358 762 1539 831 itaque
1568 763 1728 818 simul
1765 774 1821 820 et
1868 764 2034 820 Deum

456 858 511 901 et
546 849 759 905 Patrem
805 850 1028 919 intelligi
1059 854 1354 917 genitorem
1388 854 1546 908 Verbi
1579 857 1775 912 :autsi
1810 857 1861 911 in
1900 867 2037 913 teut-

458 957 586 1009 pore
613 941 836 997 ell‘ectus
864 952 948 997 est
976 942 1163 1011 Pater,
1199 945 1382 1015 genito
1413 949 1756 1015 po‘stmorlum
1791 947 1952 1013 Filio,
1982 950 2035 1002 in

456 1042 699 1101 tempore
727 1035 889 1088 etiam
922 1032 1150 1088 ell‘ectus
1185 1044 1269 1089 est
1303 1037 1462 1100 Deus,
1488 1040 1704 1106 quando
1756 1053 1854 1108 per
1912 1037 2040 1091 Ver-

455 1124 583 1178 bum
621 1126 686 1177 ad
729 1139 850 1181 esse
891 1126 1137 1199 traducta
1173 1136 1300 1182 sunt
1357 1129 1541 1183 omnia
1603 1145 1834 1199 quorum
1864 1139 1949 1185 est
1983 1141 2038 1184 et

454 1214 613 1269 Deus.
648 1213 717 1268 Et
743 1217 787 1270 si
820 1217 1002 1272 omnia
1024 1196 1170 1272 lfacta
1205 1228 1333 1277 sunt
1363 1230 1485 1289 post
1514 1196 1708 1274 Filium
1739 1221 1759 1291 (
1805 1236 1902 1289 per
1953 1223 2034 1289 ip-

452 1321 573 1359 sum
606 1309 750 1365 enim
786 1306 927 1361 facta
954 1317 1080 1363 sunt
1110 1310 1158 1343 ⁸⁸
1182 1308 1232 1379 ),
1283 1311 1597 1380 priusquam
1649 1322 1794 1367 esset
1830 1313 1988 1374 Deus
2014 1353 2030 1376 ,

454 1398 555 1451 hoc
592 1397 756 1452 etiam
791 1398 1012 1454 habebit
1046 1401 1196 1456 utsit
1250 1400 1414 1456 Pater
1464 1405 1553 1471 qui
1613 1405 1787 1472 ipsum
1828 1405 2030 1472 genuit.

452 1484 743 1541 Ostensum
776 1489 922 1548 enim
954 1498 1040 1545 est
1067 1505 1188 1545 esse
1207 1492 1538 1560 postFilium
1574 1503 1902 1557 creaturam,
1938 1507 2036 1547 ett-

446 1577 537 1645 jus
569 1589 652 1637 est
683 1580 844 1645 Deus,
866 1583 1032 1636 et‘ad
1067 1598 1229 1651 quant
1293 1584 1486 1646 merito
1537 1584 1778 1649 refertur
1836 1599 2031 1640 nomen

452 1669 693 1726 deitatis.

798 1784 1028 1842 ALIUD.
1056 1784 1163 1842 Per
1199 1787 1716 1844 demonstrationem.

453 1894 606 1959 Quod
633 1898 1018 1953 conuenientius
1049 1911 1131 1973 est
1163 1900 1378 1973 Patrem
1430 1917 1616 1959 vocare
1651 1901 1813 1956 Deum
1872 1920 2030 1973 quant

1053 1968 1222 2023 solum
1270 1970 1458 2027 Deum.

516 2073 631 2130 Nisi
663 2078 1095 2145 nontett,-Pater,
1154 2082 1324 2153 magis
1382 2084 1661 2153 proprium
1712 2057 2033 2156 digu‘tusque

445 2184 588 2227 esset
618 2174 670 2227 itt
708 2174 816 2229 Deo
850 2191 1010 2245 quam
1045 2178 1166 2242 hoc,
1202 2178 1362 2244 Deus,
1392 2181 1747 2248 quamobrem
1774 2180 2034 2236 Servatur

445 2280 568 2317 cum
606 2266 897 2336 discipulos
926 2283 1054 2323 suos
1080 2269 1146 2323 ad
1175 2269 1556 2339 baptizandum
1604 2272 1868 2338 mitteret,
1922 2290 2029 2329 non

439 2355 605 2423 jussit
638 2357 899 2424 baptizari
933 2369 1121 2429 gentes
1155 2360 1207 2412 in
1257 2362 1475 2416 nomine
1514 2362 1631 2427 Dei,
1674 2372 1731 2418 et
1782 2365 1927 2430 Filii,
1981 2374 2033 2421 et

447 2445 685 2514 Spiritus
726 2450 922 2513 sancti,
955 2452 1046 2504 sed
1089 2452 1282 2505 divina:
1323 2463 1530 2508 natura:
1579 2455 1894 2523 dignitatem
1936 2472 2030 2511 ve-

446 2541 559 2593 rius
587 2541 937 2611 signiﬁcans,
971 2542 1144 2595 dixit:
1176 2542 1287 2615 40
1323 2563 1342 2596 ι
1380 2544 1434 2598 In
1478 2560 1696 2601 nomute
1742 2546 1923 2601 Patris
1976 2559 2031 2603 ct

444 2631 564 2685 Filii
625 2646 679 2688 et
726 2633 967 2703 Spiritus
1006 2637 1175 2690 sancti
1206 2638 1252 2669 ³⁹
1275 2637 1300 2689 ?
1340 2655 1358 2688 ι
1394 2637 1457 2691 Ει
1494 2637 1769 2709 Philippus
1793 2640 2027 2694 divinam

443 2738 688 2778 naturam
724 2728 1013 2792 curiosius,
1041 2738 1097 2781 ttt
1128 2729 1201 2781 ita
1235 2728 1431 2794 dicam,
1466 2731 1820 2802 investigans,
1842 2732 2022 2788 dixit:

447 2835 466 2867 ι
507 2816 745 2871 Ostende
771 2817 928 2872 nobis
955 2817 1169 2873 Patrem
1196 2819 1263 2871 ⁸ο.
1302 2837 1321 2870 t
1363 2820 1522 2875 Vides
1552 2836 1659 2891 quo
1694 2835 1851 2893 pacto
1904 2841 2026 2878 rur-

439 2923 533 2963 sus
573 2925 678 2963 nou
705 2920 857 2963 vocet
891 2910 1080 2976 Deum,
1114 2915 1207 2967 sed
1234 2913 1488 2969 Patrem?
1529 2916 1643 2985 ipse
1673 2932 1798 2973 vero
1824 2918 2025 2973 Serva-

441 3012 524 3054 tor
550 3003 617 3055 ad
670 3002 770 3056 hoc
798 3002 971 3057 dicit:
1008 3022 1026 3055 t
1064 3005 1237 3062 Tanto
1271 3016 1513 3077 tempore
1567 3010 1845 3066 vobiscum
1875 3027 2020 3078 sum,

434 3099 487 3143 et
516 3105 622 3144 non
663 3092 802 3146 nosti
842 3108 946 3158 me,
1001 3092 1288 3165 Philippe?
1315 3096 1415 3163 Qui
1468 3098 1598 3153 vidit
1636 3116 1742 3167 tne,
1796 3102 1927 3156 vidit
1971 3112 2025 3157 et

435 3170 647 3238 Patrem
678 3186 777 3239 ⁸³.»
813 3187 1023 3243 Rursus
1049 3204 1154 3242 non
1182 3190 1318 3244 dixit
1348 3192 1479 3246 vidit
1509 3193 1699 3258 Deum,
1762 3197 1855 3250 sed
1918 3196 2022 3250 Pa-

437 3287 594 3342 trem,
620 3277 671 3332 id
709 3281 851 3347 quod
886 3279 1094 3347 majus,
1127 3297 1231 3336 nou
1265 3285 1409 3352 quod
1455 3286 1638 3341 minus
1692 3298 1797 3352 est,
1826 3289 1875 3343 ei
1926 3290 2025 3343 tri-

436 3371 631 3424 lutcus.
667 3371 798 3426 Cum
829 3374 974 3427 enim
1012 3385 1239 3430 vocatur
1278 3376 1460 3445 Pater,
1498 3393 1563 3432 ex
1616 3381 1821 3448 majore
1851 3390 1907 3435 et
1941 3382 2025 3435 di-

431 3463 641 3531 gniore,
678 3465 934 3518 nimirum
982 3465 1139 3532 Filio,
1175 3468 1536 3539 signiﬁcatur.
1574 3472 1803 3539 Quando
1840 3483 2022 3529 autem

434 3554 596 3621 Deus,
621 3572 685 3610 ex
719 3559 1014 3613 creaturis:
1049 3562 1189 3629 quod
1218 3564 1397 3618 minus
1419 3575 1521 3627 est,
1555 3574 1609 3618 ct
1629 3566 1845 3633 quidem
1873 3574 2024 3621 tanto

429 3656 692 3712 quantum
728 3648 952 3702 interest
983 3649 1123 3705 inter
1144 3666 1363 3707 servant
1420 3662 1473 3709 et
1528 3652 1831 3720 dominum,
1887 3670 2022 3724 opus

428 3746 477 3785 et
514 3734 779 3804 opiﬁcem.

1098 4026 1330 4084 ALIUD.

425 4137 554 4214 Cum
613 4141 892 4210 manifesta
925 4210 942 4214 Α
975 4143 1418 4198 demonstratione
1479 4146 1620 4214 quod
1687 4148 1913 4214 primum
1945 4149 2011 4201 sit

497 4210 679 4274 Pater,
705 4214 892 4264 deinde
913 4210 1069 4287 ρεαδ,
1096 4216 1303 4268 tametsi
1337 4210 1500 4268 etiam
1525 4210 2008 4285 simul'utrumquc.

492 4392 770 4462 Servatur,
803 4411 927 4451 cum
955 4406 1172 4467 peracta
1216 4398 1523 4453 meonomia
1559 4407 1758 4457 nostrae
1790 4403 2003 4470 salutis,
2042 4402 2057 4411 ’

419 4493 541 4550 post
570 4500 784 4542 erucem
834 4489 1077 4542 ascendit
1119 4489 1186 4543 ad
1220 4489 1388 4544 caelos
1414 4531 1428 4555 ,
1459 4493 1529 4545 ita
1563 4493 1856 4565 discipulos
1878 4512 2007 4551 suos
2042 4489 2083 4544 D
2113 4517 2265 4571 Σωτῇ

416 4583 502 4629 est
559 4576 825 4633 allocutus
850 4598 865 4634 :
894 4599 913 4630 ι
941 4582 1192 4636 Ascendo
1216 4586 1281 4634 ad
1312 4581 1526 4639 Patrem
1556 4603 1752 4655 meum,
1798 4600 1851 4645 et
1907 4589 2009 4644 Pa-

419 4680 554 4722 trem
586 4682 849 4739 vestrum,
869 4684 924 4728 et
960 4675 1125 4728 Deum
1164 4691 1340 4730 meum
1368 4688 1423 4731 et
1448 4678 1613 4734 Deum
1641 4691 1879 4737 vestrum
1904 4684 2000 4737 θ’.»

418 4760 652 4816 Videsne
687 4763 775 4817 hic
822 4763 1165 4837 manifestam
1201 4767 1481 4822 nominum
1535 4772 1943 4827 distinctionem
1983 4773 2008 4827 ‘I

414 4848 578 4904 Vides
609 4867 715 4921 quo
747 4863 906 4923 pacto
933 4854 1093 4908 Pater
1119 4857 1337 4926 quidem
1383 4860 1655 4918 referatur
1680 4866 1745 4917 ad
1776 4862 1999 4931 Filium,

412 4940 557 4997 Deus
608 4959 736 5000 vero
785 4947 852 4999 ad
893 4947 1107 5002 servilia
1141 4958 1195 5004 et
1225 4955 1565 5010 creaturas?
1615 4954 1883 5022 Quocirca
1953 4960 1999 5013 si

412 5038 684 5103 pasterior
737 5047 822 5093 est
869 5040 1073 5094 crealio
1112 5053 1487 5101 creaturarum
1552 5064 1713 5119 quam
1767 5060 1998 5122 genera-

415 5127 488 5181 tio
523 5127 668 5193 Filii,
695 5131 927 5199 primum
964 5132 1067 5188 hoc
1100 5136 1260 5192 habet
1308 5142 1447 5208 quod
1480 5142 1555 5196 sit
1592 5140 1772 5207 Pater,
1809 5160 2000 5200 euttse-

412 5234 588 5287 quens
623 5236 750 5275 vero
799 5224 942 5290 quod
986 5226 1058 5280 sit
1100 5229 1260 5285 Deus.
1309 5230 1449 5288 Hinc
1491 5247 1621 5288 vero
1657 5236 1997 5295 manifestius

410 5314 737 5367 ostendetur
808 5320 1282 5390 contemplationis
1337 5323 1498 5395 hujus
1560 5330 1718 5386 ratio.
1757 5330 1999 5400 Dignita-

413 5412 519 5458 tem
560 5405 704 5458 euim
737 5422 888 5463 suam
922 5426 1040 5481 qua:
1064 5415 1110 5468 ei
1158 5417 1480 5471 naturaliter
1522 5420 1682 5489 inest,
1742 5440 1853 5493 pra:
1897 5425 1999 5479 im-

410 5510 593 5581 mensa
644 5513 738 5553 sua
772 5501 1107 5574 benignitate
1154 5511 1311 5565 nobis
1340 5515 1774 5582 comtnunicans,
1808 5519 1996 5586 addit;

412 5605 431 5638 ι
458 5586 672 5645 Patrem
694 5607 954 5652 vestrum:
987 5618 1005 5651 ι
1026 5600 1267 5669 adoptatl
1292 5605 1434 5658 cnim
1466 5621 1653 5662 sumus
1679 5624 1773 5678 per
1798 5610 2002 5679 ipsum,’

2143 672 2239 724 καὶ
2288 671 2420 735 Θεὸς
2452 672 2528 736 ὡς
2580 672 2719 744 πρὸς
2763 670 2836 726 τὰ
2883 672 3043 729 δοῦλα
3092 674 3189 729 καὶ
3234 675 3304 733 τὰ
3352 675 3429 747 μὴ
3477 677 3737 748 τοιαύτην

2143 763 2336 834 ἔχοντα
2363 764 2462 835 τὴν
2511 763 2672 833 φύσιν
2701 764 2892 818 ὁποίαν
2929 765 3112 830 αὑτός.
3157 766 3398 839 ’Δνᾴγκη
3445 769 3735 842 τοιγαροῦν

2143 854 2279 925 ὁμοῦ
2313 857 2410 909 καὶ
2439 855 2571 909 Θεὸν
2614 855 2708 908 καὶ
2752 856 2974 926 Πατέρα
3016 856 3256 915 νοεῖσθαι
3286 858 3378 911 τὸν
3417 859 3513 913 τοῦ
3553 860 3734 930 Λόγου

2144 947 2447 1015 γεννήτορα
2468 964 2480 978 ·
2513 944 2545 1015 ἢ
2577 945 2734 1016 εἴπερ
2757 948 2815 1007 ἐν
2840 947 3018 1018 χρόνῳ
3048 949 3238 1017 γέγονε
3266 950 3480 1022 Πατὴρ,
3505 950 3736 1024 ὕστερον

2142 1037 2234 1093 τὸν
2277 1036 2406 1089 Υἱὸν
2452 1036 2850 1106 ἀπογεννήσας,
2903 1040 2962 1097 ἐν
2996 1040 3172 1110 χρόνῳ
3219 1041 3414 1110 γέγονε
3449 1043 3545 1096 καὶ
3575 1042 3732 1111 Θεὸς,

2142 1129 2231 1183 ὅτε
2268 1126 2358 1185 διὰ
2387 1127 2481 1183 τοῦ
2520 1128 2693 1195 Λόγου
2730 1128 2865 1198 πρὸς
2892 1130 2956 1184 τὸ
2989 1127 3128 1189 εἶναι
3164 1133 3420 1206 παρήχθη
3451 1135 3519 1195 τὰ
3555 1137 3734 1190 πάντα

2143 1212 2218 1273 ὧν
2246 1220 2362 1277 ἐστι
2411 1219 2507 1277 καὶ
2536 1218 2688 1283 Θεός.
2723 1222 2835 1279 Καὶ
2867 1223 2917 1275 εί
2948 1222 3197 1293 φαίνεται
3248 1226 3428 1280 πάντα
3469 1227 3733 1295 γεγονότα

2144 1306 2284 1376 μετὰ
2308 1307 2399 1367 τὸν
2435 1307 2562 1361 Υἱὸν
2588 1308 2675 1377 (δι’
2710 1309 2879 1367 αὐτοῦ
2920 1310 3029 1383 γὰρ
3061 1313 3295 1383 γέγονε),
3330 1315 3435 1386 πρὸ
3457 1316 3551 1370 τοῦ
3588 1313 3733 1377 εἶναι

2142 1396 2295 1464 Θεὸς,
2352 1396 2462 1465 ἕξει
2504 1398 2566 1461 τὸ
2607 1395 2746 1457 εἶναι
2787 1402 2979 1473 Πατὴρ
3024 1406 3053 1459 6
3098 1408 3367 1478 γεννήσας
3410 1408 3594 1463 αὐτόν.
3635 1410 3733 1463 Δέ-

2141 1490 2351 1545 δεικται
2388 1489 2509 1560 ,γὰρ
2556 1492 2639 1544 ὅτι
2697 1492 2837 1563 μετά
2868 1493 2960 1549 τὸν
3008 1494 3137 1553 Υἱὸν
3174 1499 3208 1565 ἠ
3245 1497 3446 1565 κτίσις,
3496 1495 3567 1571 ἧς
3613 1502 3732 1554 ἐστι

2140 1581 2294 1648 Θεὸς,
2328 1582 2421 1639 καὶ
2464 1583 2599 1654 πρὸς
2629 1585 2696 1654 ῆν
2745 1588 2948 1640 νοεῖται
2995 1589 3217 1654 εἰκότως
3249 1589 3309 1643 τὸ
3339 1591 3437 1659 τῆς
3477 1591 3732 1662 θεότητος

2141 1672 2330 1743 ὖνομα.

2077 1797 2119 1851 Β
2567 1788 2771 1842 ΔΛΛΟ.
2827 1790 3301 1859 ’Δποδεικτικῶς.

2139 1900 2267 1954 Ὀτι
2300 1903 2794 1972 πρεπωδέστερον
2831 1906 2898 1960 τὸ
2951 1911 3183 1977 Πατέρα
3219 1910 3462 1981 μᾶλλον
3518 1911 3730 1969 itala-Tr

2319 1993 2426 2048 τὸν
2470 1996 2640 2064 Θεὸν,
2674 1998 2711 2066 ἢ
2745 1998 2921 2053 τοῦτο
2953 2004 3101 2055 αὐτὸ
3143 2004 3337 2072 μόνον
3379 2006 3545 2059 Θεόν.

2204 2104 2269 2160 Εἰ
2301 2107 2379 2180 μὴ
2422 2108 2483 2161 τὸ
2517 2110 2707 2182 Πατὴρ
2749 2112 2921 2183 ὄνομα
2954 2115 3288 2187 κυριώτερόν
3319 2116 3437 2182 πώς
3481 2121 3599 2173 ἐστι
3633 2123 3726 2175 καὶ

2134 2198 2557 2274 ἀξιολογώτερον
2605 2203 2699 2256 ἐπὶ
2744 2204 2878 2258 Θεοῦ
2927 2206 3124 2278 ἧαὺτὸ
3169 2208 3233 2278 δὴ
3261 2208 3419 2263 τοῦτο
3458 2211 3518 2265 τὸ
3566 2212 3723 2279 Θεὸς,

2133 2288 2254 2341 ὅτου
2303 2288 2368 2361 δὴ
2421 2291 2583 2362 χάριν
2631 2292 2724 2345 ἐπὶ
2768 2294 2827 2348 τὸ
2868 2294 3152 2366 βαπτίζειν
3197 2299 3544 2354 ἀποστέλλων
3595 2303 3723 2368 τοὺς

2135 2382 2332 2436 ἑαυτοῦ
2373 2383 2623 2454 μαθητὰς
2645 2383 2674 2436 6
2700 2385 2912 2455 Σωτὴρ,
2948 2387 3047 2440 οὐκ
3082 2387 3333 2441 ἐκέλευσε
3353 2390 3635 2460 βαπτίζειν
3656 2392 3724 2444 τὰ

2136 2474 2263 2545 ἔθνη
2294 2477 2375 2537 είς
2407 2474 2576 2546 ὄνομα
2601 2474 2759 2541 Θεοῦ,
2781 2479 2875 2530 καὶ
2892 2478 3046 2541 Υίοῦ,
3076 2481 3169 2532 καὶ
3196 2481 3350 2548 ἁγίου
3380 2481 3718 2553 Πνεῦματος,

2138 2566 2275 2620 ἀλλὰ
2316 2567 2377 2620 τὸ
2426 2566 2788 2639 ἀληθέστερον
2835 2570 3115 2640 σημαίνων
3157 2572 3255 2643 τῆς
3310 2571 3459 2637 θείας
3505 2575 3722 2644 φύσεως

2132 2654 2384 2726 ἀξίωμαο
2433 2675 2450 2707 t
2492 2656 2585 2719 Είς
2613 2656 2853 2727 Πατέρα,
2883 2660 3036 2728 φησι,
3069 2661 3164 2713 καὶ
3207 2664 3288 2726 εἰς
3337 2663 3488 2727 Υἱὸν,
3522 2667 3614 2719 καὶ
3639 2668 3720 2730 εἰς

2129 2748 2190 2801 τὸ
2221 2747 2446 2818 Πνεῦμα
2486 2748 2547 2801 τὸ
2590 2748 2780 2816 ἆγιον;
2831 2749 2891 2803 '0
2925 2750 2983 2804 δέ
3013 2769 3077 2819 γε
3114 2753 3378 2820 Φίλιππος
3416 2759 3515 2829 τὴν
3545 2758 3718 2823 θείαν,

2132 2839 2197 2893 ἵν’
2228 2838 2401 2902 οὕτως
2423 2841 2585 2904 εἴπω,
2619 2842 3114 2912 περιεργαζόμενος
3140 2844 3324 2915 φιξσιν,
3355 2848 3560 2916 ἔφασκε
3586 2850 3721 2921 πρὸς

2130 2931 2325 2985 αὐτόν’
2368 2951 2388 2983 t
2427 2933 2773 3004 Δεῖξον-ημῖν
2805 2934 2899 2988 τὸν
2941 2936 3183 3008 Πατέρα.
3221 2956 3240 2988 ι
3287 2939 3450 3011 Ὁρᾷς
3475 2942 3625 3004 ὅπως
3656 2941 3719 2995 οὐ

2128 3021 2262 3075 Θεὸν
2288 3021 2541 3093 ὀνομάζει
2569 3022 2752 3085 πάλιν,
2777 3023 2915 3077 ἀλλὰ
2945 3025 3166 3097 Πατέρα
3194 3028 3353 3082 καλεῖ
3376 3046 3390 3095 ;
3424 3031 3531 3083 Καὶ
3556 3031 3719 3095 αὐτὸς

2128 3113 2187 3166 δὲ
2214 3112 2349 3185 πρὸς
2372 3112 2528 3167 τοῦτό
2555 3131 2720 3187 φησιν
2740 3117 2768 3169 6
2790 3116 2985 3188 Σωτήρ
3003 3131 3016 3146 ’
3044 3138 3060 3169 ι
3085 3118 3353 3173 Τοσοῦτον
3375 3122 3566 3191 χρόνον
3599 3123 3717 3193 μεθ’

2130 3205 2286 3275 ὑμῶν
2323 3202 2459 3275 εἰμί,
2489 3206 2585 3260 καὶ
2627 3207 2729 3260 οὐκ
2759 3208 3006 3276 ἔγνωκάς
3036 3227 3104 3280 με
3142 3212 3412 3279 Φίλιππε;
3457 3215 3514 3269 '0
3545 3217 3717 3286 ἑωρα-

2084 3295 2240 3375 κκὼς
2287 3295 2388 3367 ἐμὲ
2431 3296 2645 3361 ἑώρακε
2700 3299 2791 3352 τὸν
2836 3300 3077 3372 Πατέρα.
3126 3320 3144 3354 ι
3194 3304 3365 3359 Πάλιν
3403 3306 3503 3360 οὐκ
3537 3303 3711 3371 εἶπεν,

2139 3383 2385 3455 Ἑώρακε
2414 3386 2506 3439 τὸν
2528 3385 2683 3452 Θεὸν,
2720 3387 2857 3441 ἀλλὰ
2887 3389 2977 3443 τὸν
3003 3391 3246 3463 Πατέρα,
3271 3394 3332 3446 τὸ
3356 3396 3544 3465 μεῖζον
3574 3399 3714 3451 ἀπο-

2126 3471 2308 3543 νέμων
2342 3473 2511 3545 αὐτῷ,
2561 3477 2656 3529 καὶ
2702 3478 2764 3531 οὺ
2795 3478 2858 3530 τὸ
2899 3479 3139 3534 ἔλαττον.
3172 3482 3299 3537 Ὅτε
3346 3479 3445 3556 μὲν
3474 3487 3582 3559 γὰρ
3613 3506 3714 3541 κα-

2124 3564 2297 3618 λεῖται
2349 3566 2564 3639 Πατὴρ,
2616 3569 2680 3621 ἑκ
2721 3568 2816 3621 τοῦ
2865 3572 3111 3640 μείζονος
3148 3575 3243 3627 καὶ
3288 3575 3713 3651 ἀξιολογωτέρου

2126 3658 2467 3728 σημαίνεται,
2519 3660 2801 3713 τουτέστιν
2831 3662 2897 3713 ὲκ
2926 3662 3019 3715 τοῦ
3050 3662 3180 3717 Υίοῦ
3202 3681 3217 3701 υ
3245 3667 3334 3719 ὅτε
3364 3667 3422 3721 δὲ
3449 3668 3603 3733 Θεὸς,
3646 3675 3713 3725 ἐκ

2122 3748 2231 3802 τῶν
2268 3750 2625 3821 ποιημάτων·
2676 3752 2813 3821 ὅπερ
2863 3754 3011 3807 ἐστὶν
3039 3755 3288 3810 ἔλαττονο
3334 3761 3431 3815 καὶ
3458 3761 3712 3815 τοσοῦτον

2121 3842 2246 3895 ὅσον
2294 3844 2410 3895 ἐστὶ
2444 3842 2505 3895 τὸ
2556 3844 2763 3913 μεταξὺ
2798 3844 2986 3898 δούλου
3031 3847 3123 3901 καὶ
3154 3848 3436 3917 δεσπότου,
3484 3854 3709 3926 ποιητοῦ

2120 3934 2213 3986 καὶ
2242 3936 2565 4006 ποιήματος.

2801 4049 3005 4105 ΔΛΑΟ.

2117 4156 2277 4213 Μετὰ
2298 4158 2534 4226 σαφοῦς
2550 4158 2931 4229 ἀποδείξεως,
2957 4163 3044 4217 ὅτι
3067 4165 3302 4233 πρῶτόν
3323 4170 3453 4223 ἐστι
3478 4174 3701 4244 Πατὴρ,

2382 4245 2511 4307 εἶτα
2544 4250 2708 4317 Θεὸς,
2741 4255 2794 4305 el
2822 4254 2917 4314 καὶ
2950 4254 3072 4321 ἅμα
3101 4257 3425 4327 ἀμφότερα.

2188 4425 2316 4478 Ὅτε
2368 4425 2465 4497 τὴν
2521 4428 2645 4481 καθ’
2683 4430 2844 4501 ἡμῶν
2890 4431 3295 4505 ἀποπληρώσας
3328 4439 3642 4511 οἰκονομίαν
3672 4446 3701 4497 6

2255 4534 2306 4589 ;p
2336 4519 2596 4588 ἠπείγετο
2637 4523 2775 4591 μετὰ
2801 4524 2893 4576 τὸν
2928 4526 3162 4598 σταυρὸν
3194 4529 3274 4591 είς
3297 4529 3578 4600 οὐρανοὺς,
3607 4533 3701 4587 λέ-

2105 4625 2192 4676 γει
2228 4610 2364 4680 πρὸς
2398 4612 2524 4676 τοὺς
2573 4612 2769 4666 ἑαυτοῦ
2821 4616 3069 4688 μαθητάς
3092 4635 3107 4650 ο
3146 4636 3165 4669 t
3204 4620 3521 4676 Ἀναϐαίνω
3563 4627 3701 4696 πρὸς

2105 4700 2197 4753 τὸν
2233 4702 2455 4774 Πατέρα
2514 4720 2616 4772 μου
2653 4705 2745 4759 καὶ
2795 4698 3013 4779 Πατέρα
3063 4709 3240 4779 ὑμῶν,
3291 4712 3385 4765 καὶ
3425 4713 3561 4768 Θεόν
3594 4734 3699 4781 μου

2104 4793 2198 4845 καὶ
2245 4793 2376 4847 Θεὸν
2415 4794 2594 4866 ὑμῶν.
2640 4817 2657 4849 ι
2710 4798 2873 4871 Ὁρᾷς
2919 4802 2977 4854 ὲν
3021 4801 3195 4873 τούτῳ
3247 4806 3395 4876 σαφῆ
3443 4808 3544 4876 τὴν
3588 4809 3699 4864 τῶν

2100 4882 2384 4954 ὀνομάτων
2442 4886 2763 4962 διαστολήνς
2817 4892 2977 4964 Ὁρᾷς
3029 4894 3109 4947 ὅτι
3158 4897 3186 4948 6
3237 4897 3426 4970 Πατὴρ
3477 4899 3579 4970 μὲν
3621 4902 3699 4965 ὡς

2107 4976 2244 5046 πρὸς
2277 4977 2404 5030 Υἱὸν
2446 4984 2669 5051 νοεῖται,
2702 4983 2836 5047 Θεὸς
2881 4984 2962 5047 δὲ,
3001 4984 3078 5049 ὡς
3115 4986 3251 5058 πρὸς
3292 4988 3361 5042 τὰ
3405 4989 3568 5046 δοῦλα
3601 4994 3697 5047 καὶ

2108 5070 2487 5141 πεποιημένα;
2529 5076 2740 5129 Οὐκοῦν
2769 5077 2819 5128 εί
2861 5077 3091 5149 δεύτερα
3131 5080 3230 5151 τῆς
3264 5086 3570 5154 γεννήσεως
3600 5086 3694 5138 τοῦ

2112 5159 2243 5214 Υἱοῦ
2294 5165 2363 5217 τὰ
2397 5167 2699 5237 ποιήματα,
2750 5168 2966 5239 πρῶτον
3011 5171 3121 5243 ἔχει
3182 5173 3243 5226 τὸ
3291 5169 3430 5229 εἶναι
3480 5178 3691 5249 Πατὴρ,

2107 5253 2507 5311 ἐπακολουθοῦν
2533 5258 2588 5312 δὲ
2617 5260 2732 5331 ἅμα
2764 5262 2857 5315 καὶ
2890 5262 2953 5316 τὸ
2985 5259 3127 5318 εἶναι
3158 5264 3308 5329 Θεός.
3336 5268 3692 5343 Δειχθήσεται

2097 5343 2154 5397 δὲ
2198 5345 2595 5420 ἀκριϐέστερον
2626 5352 2941 5427 ἐντεῦθεν-1)
2990 5355 3083 5410 τοῦ
3126 5359 3395 5429 νοήματος
3437 5360 3689 5433 δύναμις.

2098 5435 2171 5487 Τὸ
2201 5437 2310 5508 γὰρ
2344 5439 2546 5509 προσὸν
2574 5442 2723 5513 αὐτῷ
2758 5446 2898 5500 κατὰ
2934 5446 3095 5517 φύσιν
3129 5447 3348 5519 ἀξίωμα
3394 5449 3693 5523 χαριζόμε-

2098 5546 2189 5591 νος
2236 5531 2369 5601 ἡμῖν
2414 5531 2502 5586 διὰ
2545 5535 2748 5607 πολλὴν
2799 5538 3239 5612 φιλανθρωπίαν,
3300 5543 3689 5613 προστέθεικεν

2098 5621 2199 5685 ὅτι,
2238 5642 2254 5674 t
2293 5624 2386 5676 καὶ
2420 5626 2643 5698 Πατέρα
2677 5630 2832 5700 ὑμῶν
2855 5645 2869 5658 ·
2916 5650 2935 5684 ι
2967 5633 3285 5704 κεκλήμεθα
3325 5634 3434 5706 γὰρ
3468 5638 3547 5702 είς
3576 5638 3686 5692 υἱο-

479 5770 525 5802 ⁵⁸
561 5769 715 5828 .ioau.
760 5792 797 5841 ι,
832 5776 883 5831 5.
962 5778 1007 5809 ⁸⁸
1046 5777 1234 5833 Matth.
1279 5796 1468 5851 xxvut,
1518 5784 1597 5839 l9.
1679 5790 1721 5818 ⁶⁰
1762 5789 1916 5845 .ltau.
1966 5810 2091 5859 xlv,
2137 5801 2187 5853 8.
2268 5801 2307 5831 θ’
2356 5801 2486 5856 ibi-.l.
2529 5804 2581 5859 9.
2663 5806 2707 5838 "
2744 5807 2902 5864 Joan.
2946 5827 3038 5877 xx,
3085 5813 3175 5868 i7.
