4106 6432
506 350 565 401 71
1482 345 1542 401 S.
1578 345 1856 402 CYRILLI
1895 343 2364 401 ALEXANDRINI
2402 345 2727 403 ARCIDEP.
3711 349 3781 407 ἸΞ
3833 384 3843 393 .

501 470 621 524 quae
656 471 720 508 ex
764 455 920 510 nobis
956 454 1108 526 ipsis.
1138 454 1275 534 Cum
1310 457 1472 527 igitur
1501 457 1670 513 Filius
1703 473 1808 513 non
1837 459 1908 512 sit
1931 473 2087 527 opus,

2198 459 2491 530 ἐπειδήπερ
2511 461 2613 514 οὐκ
2633 460 2795 531 ἔργον
2816 462 2966 514 ἐστὶν
2991 462 3021 514 ὁ
3048 459 3201 524 Υἱὸς,
3229 458 3475 529 γέννημα
3496 458 3552 511 δι
3580 459 3782 530 μᾶλλον

503 549 595 604 sed
645 552 828 617 potius
865 549 1115 616 genitnen
1167 550 1358 605 :rterui
1423 552 1884 621 Patris,.paterna
1928 550 2089 603 etiam

506 639 781 692 nobilitate
830 639 1089 709 praeditus
1139 641 1265 706 erit,
1322 649 1554 696 mternus
1611 642 1883 696 exsistens
1925 639 2093 694 Filius

497 740 564 781 ut
594 729 702 783 ille.

1171 838 1415 896 ALIUD.

466 1024 467 1027 η
577 952 653 1007 Ne
699 954 862 1009 nimis
917 954 1242 1009 contentiosi
1295 971 1419 1010 esse
1465 956 1777 1020 videamur,
1835 956 2091 1013 dabimus

509 1045 750 1098 hostibus
785 1045 880 1099 Dei
924 1046 1234 1101 dicentibus
1264 1049 1497 1101 activam
1538 1063 1661 1103 esse
1690 1052 2090 1118 generationem

509 1133 651 1200 Filii,
704 1138 846 1204 quod
905 1152 1010 1190 non
1063 1152 1127 1192 ex
1176 1139 1432 1207 passione
1468 1141 1717 1208 genuerit
1758 1138 1937 1193 Pater.
1986 1138 2091 1194 Sed

504 1228 962 1294 qnetnadtnodum
1015 1212 1113 1283 est
1155 1230 1355 1294 activa,
1394 1231 1463 1284 ita
1510 1231 1672 1285 etiam
1720 1234 1985 1289 naturalis
2040 1242 2095 1289 et

504 1319 830 1383 essentialis,
867 1331 920 1374 et
961 1320 1031 1374 ab
1065 1320 1346 1393 liypostasi
1391 1320 1508 1390 ejus
1550 1323 1946 1391 inseparabilis.
1991 1324 2095 1380 Ne-

505 1413 802 1466 cessarium
855 1413 1020 1482 igitur
1061 1417 1284 1467 omnino
1327 1424 1431 1479 est,
1473 1417 1685 1469 tametsi
1729 1415 1890 1471 Pater
1919 1418 2094 1473 active

508 1503 703 1558 Filium
765 1514 1010 1575 generet,
1076 1520 1199 1560 esse
1244 1505 1406 1573 plane
1452 1518 1785 1562 coaeternum
1838 1509 2090 1564 :dicmm

505 1596 650 1648 enim
685 1604 770 1650 est
843 1597 1019 1666 ipsum
1054 1596 1280 1667 gignere
1310 1614 1337 1650 a
1379 1600 1600 1666 pmprla
1626 1599 1795 1668 ipsius
1818 1600 2093 1670 bypostasi

507 1689 747 1755 separari
784 1703 888 1742 non
920 1703 1100 1758 posse.
1132 1689 1266 1744 Cum
1306 1704 1433 1746 vero
1463 1691 1576 1760 ejus
1617 1691 1924 1762 ltypostasis
1953 1709 2094 1748 sem-

2193 549 2367 603 ἁῖδίου
2402 551 2636 622 Πατρὸς,
2670 551 2781 618 ἔξει
2819 551 3023 622 δηλαδὴ
3056 549 3150 604 τοῦ
3179 548 3432 612 τεκόντος
3474 549 3575 620 τὴν
3622 550 3782 619 εὐγέ-

2194 661 2364 709 νειαν,
2398 644 2569 708 ἀΐδιος
2599 644 2675 697 ὢν
2705 645 2781 708 ὡς
2810 646 3035 708 ἐκεῖνος.

2881 842 3089 895 ΔΛΛΟ.

2268 952 2384 1008 Ἵνα
2431 954 2506 1025 μὴ
2556 956 2759 1026 σφόδρα
2814 955 3109 1024 φιλόνεικοι
3137 976 3281 1023 τινες
3323 954 3464 1013 εἶναι
3513 960 3783 1033 δοκῶμεν,

2196 1045 2577 1116 συνθησόμεθα
2626 1053 2739 1111 τοῖς
2787 1051 3179 1122 χριστομάχοις
3233 1053 3593 1125 ὲνεργητικὴν
3643 1050 3785 1109 εἶναι

2193 1138 2411 1207 λέγουσι
2440 1140 2538 1211 τὴν
2568 1141 2820 1212 γέννησιν
2847 1143 2941 1195 τοῦ
2977 1143 3130 1208 Υίοῦ,
3164 1144 3253 1199 διὰ
3288 1146 3351 1199 τὸ
3383 1146 3459 1217 μὴ
3488 1148 3552 1201 ὲκ
3576 1147 3786 1210 πάθους

2192 1232 2474 1285 τετοκέναι
2500 1233 2590 1285 τὸν
2613 1233 2853 1303 Πατέρα.
2872 1234 3012 1287 Ἀλλ’
3038 1235 3228 1306 ὥσπερ
3253 1236 3401 1289 ἐστὶν
3430 1238 3783 1311 ὲνεργητικὴ,

2194 1324 2336 1379 οὕτω
2364 1324 2427 1396 δὴ
2455 1327 2657 1397 φυσική
2684 1343 2745 1378 τε
2766 1327 2859 1379 καὶ
2889 1326 3175 1397 οὐσιώδης,
3195 1329 3289 1381 καὶ
3311 1329 3409 1399 τῆς
3432 1329 3786 1393 ὑποστάσεως
3840 1323 3845 1329 ’

2194 1413 2778 1486 ἀχώριστος.Ἀνάγκη
2819 1415 3130 1486 τοιγαροῦν,
3164 1416 3267 1470 κᾶν
3317 1416 3451 1488 τέκῃ
3512 1417 3605 1471 τὸν
3658 1417 3786 1472 Υίὸν

2194 1506 2565 1580 ἐνεργητικῶς
2595 1509 2623 1560 ὁ
2654 1506 2862 1578 Πατὴρ,
2892 1502 3031 1560 εἶναι
3058 1509 3273 1571 πάντως
3294 1508 3455 1563 αὑτὸν
3482 1509 3779 1563 συναῗδιον⁸

2195 1600 2522 1670 προείρηται
2551 1600 2660 1670 γὰρ
2693 1598 2776 1652 ὅτι
2797 1598 2900 1669 τῆς
2932 1599 3070 1663 ἰδίας
3101 1600 3451 1662 ὑποστάσεως
3480 1600 3786 1672 ἀχώριστον

2196 1694 2309 1765 ἔχει
2330 1694 2390 1747 τὸ
2414 1694 2641 1747 τίκτειν.
2669 1691 2852 1763 Οὖσης
2880 1692 2936 1745 δὲ
2964 1694 3051 1746 ἀεὶ
3076 1693 3178 1763 τῆς
3209 1694 3562 1757 ὑποστάσεως
3593 1693 3781 1759 αὑτοῦ,

508 1792 605 1845 per
636 1778 727 1845 sit,
774 1779 880 1834 erit
921 1778 1086 1833 etiam
1123 1793 1342 1850 semper
1375 1797 1442 1837 ex
1488 1794 1680 1837 natura
1708 1785 1876 1854 ipsius
1901 1800 2093 1854 proce-

2198 1785 2336 1842 εἶναι
2373 1788 2454 1841 δεῖ
2484 1789 2699 1849 πάντως
2727 1786 2823 1839 καὶ
2861 1785 2923 1838 τὸ
2968 1784 3028 1851 ἐξ
3067 1785 3238 1858 αὐτῆς
3274 1786 3539 1858 προελθὸν
3570 1786 3784 1856 φύσεως

509 1874 641 1925 dens
678 1870 906 1928 fructus.
944 1871 1226 1937 Quomodo
1272 1875 1437 1944 igitur
1481 1891 1587 1930 non
1631 1877 1738 1931 erit
1791 1886 2093 1931 coaeternus

511 1961 710 2017 Filius?

1184 2077 1422 2136 ALIUD.

581 2191 779 2248 Videre
825 2202 906 2248 est
944 2194 999 2248 in
1040 2195 1106 2249 iis
1139 2210 1262 2264 quae
1312 2209 1341 2246 a
1390 2194 1498 2248 Deo
1536 2204 1717 2248 creata
1759 2205 1908 2259 sunt,
1950 2197 2094 2267 quod

508 2300 847 2355 quaecunque
914 2287 1208 2355 generandi
1271 2285 1582 2340 facultatem
1644 2288 1840 2355 partite
1899 2289 2098 2344 habent

513 2378 650 2449 (haec
674 2378 819 2429 enim
851 2392 1140 2444 corporum
1178 2378 1262 2430 lett
1294 2379 1421 2448 est),
1464 2389 1519 2432 et
1552 2380 1768 2447 quando
1798 2378 1864 2431 ad
1893 2388 2095 2431 certam

509 2471 687 2525 natalis
742 2486 1053 2524 mensuram
1108 2473 1477 2540 pervenerint,
1527 2480 1640 2525 tum
1694 2471 1925 2540 printttut
1974 2480 2096 2527 actu

510 2577 773 2631 generare
799 2578 978 2633 posse,
1010 2573 1066 2615 ut
1092 2563 1281 2628 homo,
1310 2564 1528 2617 brutum
1567 2562 1790 2626 animal,
1819 2571 1874 2616 et
1891 2562 2094 2632 planta.

514 2654 640 2709 llaec
687 2654 833 2710 enim
883 2669 1005 2709 cum
1058 2655 1239 2709 adhuc
1278 2669 1443 2723 parva
1492 2654 1625 2720 sint,
1673 2669 1778 2708 non
1826 2654 2094 2724 gignunt:

512 2747 602 2803 ubi
640 2760 767 2802 vero
807 2746 1045 2816 perfecta
1077 2757 1211 2802 aetas
1249 2745 1502 2810 accessit,
1540 2746 1787 2815 gignunt.
1827 2746 1967 2813 Quid
1995 2747 2099 2818 igi-

512 2849 603 2893 tur
657 2837 935 2893 obstiterit
981 2839 1272 2908 quominus
1329 2836 1634 2891 substantia
1705 2834 1918 2901 Patris,
1974 2851 2099 2892 cum

512 2930 754 3000 perfecta
793 2930 882 2994 sit,
928 2930 1180 2999 genuerit
1229 2943 1293 2983 ex
1331 2944 1391 2983 se
1441 2929 1579 2983 citra
1621 2937 1833 2999 tempus
1875 2938 2099 2983 eoa-tero

514 3039 642 3076 num
685 3021 788 3077 sibi
826 3020 1121 3090 genimen?
1160 3019 1344 3091 Neque
1382 3021 1526 3076 enim
1573 3021 1858 3090 quisquam
1903 3020 2101 3075 dixerit

2197 1881 2443 1952 ὑπάρχον
2491 1879 2725 1952 καρπός.
2757 1879 2882 1943 Πῶς
2934 1873 3028 1932 οὖν
3081 1879 3182 1933 οὐκ
3236 1878 3388 1933 ἔσται
3443 1879 3709 1942 συναῖδιος
3756 1883 3784 1932 ὁ

2196 1975 2323 2040 Υἱός
2343 1993 2357 2042 ;

2881 2088 3088 2142 AAAO.

2279 2201 2526 2273 Ὅρῶμεν
2555 2202 2612 2255 ἐν
2639 2203 2750 2264 τοῖς
2780 2200 3173 2272 πεποιημένοις
3215 2199 3365 2271 παρὰ
3404 2199 3562 2263 Θεοῦ,
3592 2200 3786 2271 ὅτιπερ

2196 2298 2296 2350 ὅσα
2329 2294 2425 2349 τοῦ
2454 2297 2650 2366 γεννᾷν
2681 2294 2781 2366 τὴν
2810 2295 3040 2365 δύναμιν
3067 2294 3179 2365 ἔχει
3215 2294 3635 2365 μεμερισμένως
3665 2287 3791 2363 (οῦ-

2197 2407 2289 2453 τος
2320 2389 2431 2460 γὰρ
2480 2388 2749 2459 σωμάτων
2789 2386 2994 2458 νόμος),
3031 2387 3125 2441 καὶ
3168 2388 3295 2441 ὅταν
3326 2388 3405 2450 είς
3438 2385 3636 2456 μέτρον
3667 2385 3791 2454 ἡλι-

2146 2530 2149 2531 ,
2199 2483 2322 2547 κίας
2350 2481 2480 2554 ἔλθῃ
2507 2480 2760 2552 φανερὸν,
2783 2480 2904 2534 τότε
2936 2479 3031 2533 καὶ
3053 2477 3275 2551 ἐνεργὸν
3304 2479 3442 2548 ῐσχει
3468 2475 3531 2529 τὸ
3559 2476 3790 2538 τίκτειν,

2198 2568 2310 2627 οἷον
2338 2572 2642 2645 ἄνθρωπος,
2671 2570 2811 2637 ζῶον
2860 2571 3074 2638 ἄλογον,
3102 2569 3195 2622 καὶ
3242 2568 3425 2638 φυτόν.
3458 2564 3642 2621 Ταῦτα
3681 2564 3792 2635 γὰρ

2203 2663 2377 2736 μικρὰ
2404 2664 2554 2726 ὄντα,
2587 2664 2794 2717 τίκτειν
2824 2664 2884 2716 οὐ
2916 2663 3142 2716 δύναται
3162 2678 3176 2693 '
3205 2661 3557 2730 τελειούμενα
3587 2658 3664 2723 δὲ,
3696 2658 3795 2712 καὶ

2199 2757 2359 2812 τοῦτο
2392 2760 2557 2812 ποιεῖ.
2589 2756 2655 2809 Τί
2679 2752 2772 2811 οῦν
2798 2755 3002 2810 ἐκώλυε
3025 2754 3235 2808 τελείαν
3278 2749 3444 2808 οὖσαν
3472 2751 3570 2824 τὴν
3602 2749 3795 2805 οὐσίαν

2198 2846 2295 2903 τοῦ
2318 2848 2531 2919 Πατρὸς
2551 2849 2757 2903 τίκτειν
2780 2848 2839 2902 τὸ
2861 2848 2920 2916 ἐξ
2950 2849 3122 2919 αὐτῆς
3144 2846 3387 2919 ἀχρὸνως
3417 2846 3493 2909 ὡς
3523 2843 3799 2898 συναῖδιον

2201 2943 2371 3013 αὐτῇς
2426 2942 2501 2995 Οὐ
2534 2941 2645 3013 γὰρ
2673 2942 2843 3015 δήπου
2876 2943 3100 3012 φήσειεν
3125 2923 3192 2995 ἄν
3215 2958 3300 3003 τις
3331 2939 3407 3004 ὡς
3436 2940 3494 2994 ὲν
3524 2938 3700 3011 χρόνῳ
3729 2936 3799 2991 τὸ

2202 3034 2405 3087 τέλειον
2458 3034 2616 3105 ἔσχεν
2665 3036 2698 3106 ὴ
2754 3033 2848 3089 τοῦ
2898 3033 3115 3104 Πατρὺς
3164 3032 3345 3096 οὐσία,
3389 3032 3478 3086 ἀεὶ
3530 3029 3800 3094 ὡσαύτως

513 3115 873 3169 substantiam
905 3114 1002 3168 Dei
1033 3111 1332 3183 perfectam
1369 3112 1422 3166 in
1470 3122 1714 3182 tempore
1745 3111 1950 3168 fuisse:
1973 3128 2096 3167 cum

2202 3127 2421 3199 ἔχουσα,
2471 3128 2565 3180 καὶ
2614 3126 2740 3179 οὔτε
2800 3126 3118 3198 προσθήκης
3167 3125 3313 3188 τινὸς
3366 3124 3615 3194 δεομένη,
3668 3121 3799 3177 οὔτε

512 3221 729 3277 semper
775 3206 966 3261 eodem
1011 3207 1172 3261 modo
1219 3220 1281 3261 se
1317 3205 1536 3272 habeat,
1588 3219 1766 3275 neque
1809 3214 2098 3273 augmento

2210 3217 2435 3288 μείωσιν
2488 3218 2790 3288 ὑποστῆναι
2840 3217 3296 3289 δυναμένη.Ἔδει
3334 3215 3626 3287 τοιγαροῦν
3655 3217 3802 3270 ἁπο-

514 3300 622 3354 ullo
650 3311 828 3369 egeat,
869 3313 1045 3369 neque
1084 3298 1257 3353 tuinui
1298 3297 1406 3352 ulla
1450 3297 1663 3352 ratione
1698 3297 1890 3365 possit.
1927 3294 2103 3365 Opor-

514 3394 617 3446 tuit
652 3391 840 3461 itaque
886 3391 1144 3447 demirari
1176 3405 1270 3446 eos
1317 3389 1423 3445 nisi
1466 3397 1796 3443 coaeternum
1831 3397 1952 3442 erat
1993 3385 2102 3441 Deo

516 3489 566 3541 id
601 3487 745 3555 quod
787 3501 854 3540 ex
887 3499 951 3539 eo
978 3485 1246 3554 procedit,
1293 3499 1402 3537 non
1446 3498 1513 3537 ex
1545 3480 1838 3536 contrariis
1873 3481 2104 3535 interro-

513 3594 644 3650 gare
675 3580 830 3643 illud,
874 3577 1102 3645 Quando
1125 3578 1316 3646 genuit
1345 3573 1580 3629 Filium?
1608 3572 1753 3627 Patri
1783 3574 1927 3626 enim
1963 3586 2103 3627 sem-

515 3687 612 3740 per
645 3670 919 3741 perfecto,
955 3668 1531 3725 convenientissimum
1572 3676 1656 3722 est
1694 3665 1762 3721 ab
1791 3675 1995 3722 aeterno
2032 3666 2106 3721 ci-

518 3781 598 3820 tra
624 3775 839 3836 tempus
865 3779 1151 3839 generare.

1193 3875 1426 3933 ALIUD.

585 3995 994 4053 Conttentiosius
1053 4006 1185 4049 vero
1248 3989 1713 4061 interrogantibus
1761 4006 1774 4043 :
1820 3990 1900 4042 An
1946 3986 2108 4044 Pater

513 4092 810 4164 aliquando
845 4090 1101 4162 genuerit
1136 4084 1358 4152 Filium,
1402 4085 1563 4154 objiei
1604 4092 1800 4153 potest,
1839 4100 1904 4137 ae
1945 4082 2052 4136 dici
2086 4099 2102 4135 :

515 4183 742 4252 Quando
772 4182 912 4252 ignis
940 4194 1103 4236 urere
1132 4178 1382 4249 creperit.
1428 4174 1534 4231 Sed
1568 4191 1677 4230 non
1715 4184 1969 4245 poterunt
2001 4173 2104 4227 bu-

515 4278 603 4347 jus
648 4274 862 4330 initium
915 4280 1223 4326 monstrare
1254 4287 1267 4324 :
1300 4267 1461 4324 simul
1514 4283 1580 4323 ac
1620 4267 1766 4322 enim
1805 4266 1981 4320 factus
2023 4272 2110 4319 est

520 4365 684 4435 ignis,
722 4361 917 4417 urendi
949 4359 1178 4415 facultas
1208 4358 1258 4414 ei
1293 4358 1479 4414 infuit.
1523 4356 1582 4412 Si
1620 4371 1754 4427 ergo
1782 4354 2049 4410 creaturis
2072 4367 2105 4406 a

523 4457 632 4511 Deo
665 4454 824 4509 factis
851 4460 908 4507 et
939 4465 1082 4516 esse,
1117 4458 1174 4505 et
1202 4463 1268 4504 eo
1296 4450 1456 4504 modo
1484 4463 1608 4503 esse
1628 4450 1789 4513 inest,
1819 4442 1948 4516 quid
1976 4459 2105 4515 pro-

2206 3307 2505 3379 θαυμάζειν
2538 3309 2757 3374 αὐτοὺς,
2792 3310 2840 3361 εί
2873 3309 2948 3379 μὴ
2994 3308 3264 3362 συναῖδίον
3296 3303 3365 3379 ἦν
3395 3307 3474 3378 τῷ
3500 3306 3620 3377 Θεῷ
3644 3304 3707 3359 τδ
3734 3305 3802 3374 ἐξ

2203 3400 2393 3466 αὑτοῦ,
2423 3402 2523 3455 οὐκ
2552 3403 2617 3455 ὲκ
2649 3401 2760 3456 τῶν
2799 3402 3059 3456 ἐναντίων
3096 3402 3382 3472 ἐπερωτᾷν
3423 3400 3506 3465 τὸ,
3536 3399 3672 3453 Πότε
3698 3415 3803 3467 γε-

2204 3495 2437 3566 γέννηκε
2465 3496 2557 3549 τὸν
2587 3496 2744 3560 Υίόν;
2775 3495 2864 3566 Τῷ
2895 3496 3005 3567 γὰρ
3035 3495 3123 3548 ἀεὶ
3155 3494 3347 3564 τελείῳ
3380 3493 3559 3564 Πατρὶ
3585 3491 3644 3545 τὸ
3670 3507 3801 3560 γεν-

2206 3588 2303 3658 νᾷν
2330 3587 2575 3660 άχρὸνως
2602 3586 3078 3659 πρεπωδέστατον.

2895 3870 3100 3926 ΑΛΛΟ.

2280 3988 2407 4051 Τοῖς
2438 3985 2737 4058 διερωτῶσι
2771 3984 3120 4056 φιλονεικώτε
3131 4002 3221 4057 ρον
3242 4026 3258 4049 ,
3296 3984 3524 4055 πότερόν
3551 4003 3680 4040 ποτε
3701 4003 3806 4056 γε-

2207 4081 2441 4151 γέννηκε
2467 4079 2560 4132 τὸν
2600 4079 2727 4131 Υίὸν
2759 4081 2789 4132 ὁ
2816 4077 3026 4150 Πατὴρ,
3058 4077 3350 4131 ἀκόλουθον
3377 4077 3675 4132 ἀντιθεῖναι
3705 4083 3809 4134 καὶ

2207 4172 2419 4241 λέγειν·
2455 4171 2593 4225 Πότε
2637 4170 2699 4224 τὸ
2748 4170 2859 4241 πῦρ
2898 4169 2993 4223 τοῦ
3042 4170 3216 4223 καίειν
3248 4169 3486 4240 ἧρξατος
3530 4171 3670 4224 Ἀλλ’
3703 4174 3807 4240 οὐχ

2210 4267 2503 4337 εὑρήσουσι
2554 4263 2723 4328 δεῖξαι
2759 4263 2967 4337 ,τούτου
3023 4263 3123 4333 τὴν
3160 4262 3365 4334 ἀρχήν·
3422 4262 3538 4333 ἅμα
3580 4281 3641 4317 τε
3692 4265 3807 4338 γὰρ

2209 4358 2427 4427 ἐγένετο
2457 4357 2590 4430 πῦρ,
2621 4359 2716 4412 καὶ
2758 4352 2827 4429 ἦν
2855 4356 3169 4411 καυστικόν.
3201 4356 3263 4408 Ei
3288 4355 3468 4409 τοίνυν
3496 4359 3608 4419 τοῖς
3653 4360 3808 4428 παρα

2210 4451 2346 4506 Θεοῦ
2380 4451 2767 4523 πεποιημένοις
2793 4450 2929 4520 ὁμοῦ
2964 4449 3060 4504 καὶ
3088 4449 3149 4503 τὸ
3174 4444 3315 4502 εῖναι
3347 4448 3440 4503 καὶ
3469 4448 3695 4502 τοιῶσδε
3726 4446 3808 4501 εἷ-

521 4548 730 4606 bibebit
775 4546 1071 4617 quominus
1128 4544 1396 4600 fateamur
1420 4541 1641 4598 Patrem
1690 4541 1950 4610 operibus
1993 4539 2098 4593 suis

2213 4561 2300 4597 ναι
2332 4543 2588 4614 ὑπάρχει,
2619 4542 2674 4594 τί
2721 4540 2956 4595 κωλύσει
2990 4537 3213 4612 μείζονα
3240 4539 3351 4594 τῶν
3377 4540 3595 4594 οἰκείων
3625 4540 3809 4611 ἔργων

522 4643 781 4712 majorem
837 4654 982 4704 esse,
1040 4637 1311 4707 simulque
1367 4646 1422 4692 et
1469 4650 1619 4702 esse,
1678 4632 1984 4701 Filiumque
2040 4644 2110 4685 ex

519 4738 699 4806 seipse
727 4733 969 4805 genitutn
1006 4730 1246 4786 habere?

891 4882 1467 4976 ASSERTIO
1551 4884 1712 4974 VI.

521 5040 627 5115 43
652 5040 804 5107 Quod
829 5037 994 5092 Pater
1014 5038 1146 5115 citra
1171 5033 1477 5115 divisionth
1496 5031 1702 5115 alt-citra
1724 5032 2110 5099 corruptionem

910 5126 975 5164 ea:
1022 5110 1191 5177 seipse
1223 5104 1461 5175 genuerit
1496 5100 1719 5154 Filium.

985 5221 1221 5291 Objectio
1259 5233 1325 5274 ea:
1362 5215 1649 5270 Eunomia.

595 5343 665 5395 At
696 5339 988 5411 quomodo,
1024 5336 1224 5406 inquit,
1277 5347 1385 5387 non
1421 5330 1584 5385 fuerit
1626 5330 1989 5386 necessarium
2032 5328 2112 5384 fa-

2209 4631 2493 4703 ὁμολογεῖν
2522 4626 2660 4684 εἶναι
2704 4630 2795 4683 τὸν
2843 4631 3082 4702 Πατέρα.
3113 4627 3251 4699 ὁμοῦ
3301 4629 3396 4683 καὶ
3424 4628 3484 4683 τὸ
3513 4624 3674 4695 εἶναι,
3712 4629 3809 4682 καὶ

2210 4724 2302 4777 τὸν
2337 4723 2465 4776 Υίὸν
2492 4721 2684 4793 ἔχοντα
2715 4721 2991 4793 γεννητῶς
3020 4720 3078 4788 ἐξ
3106 4719 3340 4789 ἑαυτοῦ;

2712 4867 3081 4953 ΛΟΓΟΣ
3154 4862 3297 4963 εἷ’.

2215 5029 2341 5082 Ὅτι
2373 5031 2406 5082 ὀ
2422 5025 2627 5096 Πατὴρ
2654 5026 2990 5098 ἀμερίστως
3017 5024 3115 5079 καὶ
3147 5027 3455 5098 ἀρεύστως
3473 5026 3808 5098 ἐγέννησεν
3904 5075 3908 5079 ι

2667 5098 2736 5162 ἐξ
2778 5097 2999 5150 ἑαυτοῦ
3035 5098 3144 5150 τὸν
3193 5097 3348 5152 Υιόν.

2484 5215 2815 5279 ’Λντίθεσις
2851 5212 2932 5278 ὡς
2967 5211 3036 5266 ἐκ
3076 5211 3195 5265 τῶν
3227 5212 3544 5281 Εὐνομίου.

2286 5330 2397 5383 Καὶ
2430 5330 2568 5395 πῶς,
2600 5328 2786 5399 φησὶν,
2818 5327 2919 5380 οὐκ
2965 5328 3266 5396 ἀναγκαῖον
3312 5325 3596 5397 ὁμολογεῖν
3641 5324 3791 5395 ἠλατσ

526 5436 627 5490 teri
662 5434 979 5487 diminutam
1026 5445 1147 5486 esse
1190 5427 1370 5481 Patris
1418 5424 1807 5488 substantiam,
1842 5423 1886 5476 si
1936 5439 2004 5478 ex
2045 5438 2098 5477 ea

2213 5422 2422 5477 τῶσθαι
2451 5421 2544 5475 τοῦ
2569 5420 2782 5491 Πατρδς
2809 5420 2906 5489 τὴν
2928 5420 3139 5486 οὐσίαν,
3177 5419 3337 5490 εἴπερ
3383 5414 3443 5483 ἐξ
3473 5418 3643 5487 αὐτῆς
3671 5434 3800 5489 προ-

528 5525 788 5594 processit
818 5520 988 5576 Filius
1009 5518 1162 5589 quasi
1205 5531 1332 5588 pars
1368 5516 1612 5585 qumdam
1648 5513 1765 5583 ejus
1797 5513 2098 5569 exsistensi

2212 5515 2377 5586 ἦλθεν
2409 5516 2438 5568 ὁ
2466 5513 2596 5577 Υἱὸς
2622 5515 2789 5585 μέρος
2817 5511 3005 5585 ὥσπερ
3030 5530 3083 5565 τι
3116 5510 3401 5581 τυγχάνων
3424 5509 3625 5579 αὐτῆςς
3660 5508 3723 5561 Ei
3750 5507 3807 5559 δὲ

528 5621 584 5673 Si
622 5630 801 5672 autem
826 5615 989 5668 vultis
1018 5611 1167 5667 Patri
1196 5608 1690 5665 immutabilitatetn
1718 5623 1957 5672 servare,
1992 5607 2098 5661 ιιιιί·

2217 5604 2471 5678 βούλεσθε
2517 5605 2579 5658 τὸ
2623 5605 2891 5675 ἄτρεπτον
2922 5605 3111 5677 τηρεῖν
3140 5601 3218 5673 τῷ
3257 5600 3433 5674 Πατρὶ
3477 5601 3570 5654 καὶ
3601 5599 3662 5654 τὸ
3695 5599 3812 5653 ἄνω

530 5714 672 5783 lique
730 5706 1093 5766 tnuniuutioni
1159 5706 1453 5762 obnoxium
1522 5712 1798 5768 statuere,
1869 5703 2098 5756 fatemini

2217 5698 2427 5753 κεῖσθαι
2462 5698 2564 5769 τῆς
2611 5697 2981 5761 ἐλαττώσεως,
3033 5696 3096 5750 οὐ
3136 5691 3541 5765 παραιτήσεσθε
3590 5692 3809 5761 φρονεῖν

527 5780 691 5862 etiam
742 5800 936 5855 Filium
993 5814 1095 5854 non
1148 5804 1536 5865 esse'partem
1595 5795 1913 5851 substantia:
1966 5794 2098 5858 eius.

2215 5796 2289 5858 ὡς
2333 5794 2433 5847 οὐκ
2464 5792 2529 5846 ἂν
2559 5793 2642 5854 εἴη
2694 5792 2856 5861 μέρος
2885 5791 2914 5842 ὁ
2942 5788 3066 5852 Tib;
3100 5787 3201 5851 ﬁt;
3233 5786 3420 5850 οὐσίας
3468 5781 3655 5839 αὑτοῦ.
3685 5780 3809 5835 οὐδὲ
