4106 6414
352 354 426 415 π
1795 337 2239 400 TIIESAURUS.
3547 295 3554 302 ’
3587 337 3654 393 ἰι

358 471 419 536 ιε
450 466 652 530 αὑτοῦ,
695 466 816 520 ἀλλ’
851 464 1078 532 ἔξωθεν,
1108 463 1364 519 καὶκατὰ
1384 461 1612 534 δύναμιν
1639 461 1737 534 τὴν
1762 463 1821 515 ὲν
1851 463 1972 532 βου-

2090 473 2250 527 reque
2289 472 2356 513 ex
2387 456 2504 526 ipso
2535 468 2676 520 esse,
2731 455 2823 509 sed
2868 456 3210 510 extrinsecus
3256 461 3309 507 et
3355 452 3651 506 secundum

360 564 512 631 λήσει
551 559 698 631 μόνῃ
725 557 828 629 τὴν
861 555 1201 628 συνύπαρξιν
1231 557 1362 627 ἔχει.

2090 549 2382 604 'acultatem
2447 550 2560 603 sive
2605 547 2898 616 potentiam
2939 561 3061 616 quae
3110 546 3164 600 in
3215 544 3328 599 sola
3378 542 3660 598 voluntate

2067 653 2170 707 est,
2202 642 2556 698 coexsistere.

865 777 1024 844 Ιζρὸς
1061 773 1239 828 τοῦτο
1274 775 1478 839 λύσις.

2559 777 2782 848 {Salutio
2817 778 3142 848 objectiouis.

436 889 681 960 Μικρὸν,
717 882 767 940 ὦ
794 888 1068 958 βέλτιστε,
1108 887 1303 940 σαυτὸν
1331 887 1443 940 ἄνω
1474 884 1743 955 σωμάτων
1767 884 1857 956 ἔχε
1879 887 1970 937 καὶ

359 983 467 1036 τῶν
499 984 636 1053 περὶ
662 981 737 1036 τὰ
767 981 1002 1050 σώματα
1031 979 1251 1034 παθῶν·
1283 978 1410 1050 περὶ
1437 977 1574 1031 Θεοῦ
1608 977 1717 1047 γὰρ
1739 978 1769 1030 ὁ
1790 977 1969 1045 λόγος.

361 1076 424 1128 El.
469 1074 584 1143 γὰρ
632 1072 741 1126 οἴει
792 1070 1050 1141 καθάπερ
1080 1068 1368 1140 ἄνθρωπον
1399 1068 1650 1122 τίκτοντα
1693 1066 1788 1121 τὸν
1837 1065 1972 1120 Θεὸν

361 1164 723 1220 ἐλαττοῦσθαί
747 1181 871 1227 πως
898 1165 1019 1226 ταῖς
1051 1161 1394 1233 ἀπορροίαις,
1437 1160 1532 1214 καὶ
1556 1161 1680 1230 δίχα
1710 1159 1856 1223 τινὸς
1877 1157 1973 1230 ζη-

363 1257 492 1327 μίας
533 1255 614 1326 μὴ
657 1253 931 1309 δύνασθαι
972 1249 1134 1308 τοῦτο
1161 1255 1359 1318 ποιεῖν,
1395 1251 1752 1324 μεριζόμενον
1783 1251 1973 1322 ὥσπερ

357 1350 436 1413 είς
467 1348 567 1401 τὸν
597 1347 664 1412 ἐξ
689 1346 862 1400 αὕτοῦ
907 1345 1246 1416 προελθόντα
1288 1343 1486 1414 Λόγον,
1508 1345 1564 1397 τί
1604 1342 1847 1398 κωλύσαι
1875 1343 1973 1414 τὴν

359 1439 532 1509 eam
580 1440 896 1507 ἐπαγαγεῖν
946 1435 1322 1508 βλασφημίαν,
1351 1435 1446 1489 καὶ
1497 1434 1594 1488 ἐπὶ
1633 1437 1747 1496 τοῖς
1793 1433 1976 1496 ἄλλοις

362 1536 536 1588 ἅπασι
589 1534 713 1596 τοῖς
763 1530 1072 1602 προσοῦσιν
1117 1529 1300 1601 «ora;
1345 1529 1407 1582 Εἰ
1440 1526 1551 1599 γὰρ
1577 1526 1652 1590 ὡς
1686 1525 1976 1596 ἄνθρωπος

362 1626 538 1678 τίκτει
571 1622 842 1695 ρευπῶς,
872 1621 1273 1692 δημιουργήσει
1298 1619 1392 1672 καὶ
1419 1617 1495 1681 ὡς
1522 1616 1809 1687 ἄνθρωπος
1835 1613 1977 1686 μετὰ

364 1718 554 1770 πόνου.
585 1717 650 1769 Εἰ
699 1715 758 1768 δὲ
791 1713 954 1768 τοῦτο
983 1715 1187 1768 ἄτοπον
1222 1711 1322 1779 (οὐ
1351 1710 1459 1780 γὰρ
1510 1709 1587 1771 ὡς
1630 1706 1916 1778 ἄνθρωπος
1947 1707 1976 1759 ὁ

2090 1719 2149 1774 At
2175 1720 2220 1774 si
2253 1719 2304 1774 id
2329 1719 2624 1775 absurdum
2647 1729 2730 1776 est
2761 1719 3123 1791 (nequeenim
3149 1720 3292 1775 Deus
3322 1720 3396 1776 ita
3420 1727 3480 1774 ut
3501 1719 3665 1775 bomo

367 1809 499 1870 Θεὸς
527 1805 924 1878 δημιουργεῖ),
969 1803 1093 1858 οὐδὲ
1133 1803 1210 1868 ὡς
1235 1801 1520 1871 ἄνθρωπος
1551 1800 1660 1871 ἄρα
1699 1799 1971 1870 γεννήσει,

2090 1811 2295 1881 creat),
2327 1825 2505 1881 neque
2528 1811 2696 1882 igitur
2723 1813 2904 1882 gignet
2935 1820 2992 1866 ut
3019 1812 3206 1876 homo,
3237 1813 3330 1867 sed
3369 1812 3663 1866 humanam

372 1900 508 1954 me
535 1900 634 1970 τὴν
665 1897 968 1969 ἀνθρώπου
987 1897 1153 1965 φύσιν
1179 1896 1282 1949 κάν
1307 1893 1481 1963 τούτῳ
1507 1891 1671 1945 πάλιν
1696 1889 1969 1961 ἀναϐήσε-

2090 1912 2325 1957 maturam
2373 1904 2542 1958 etiam
2589 1903 2642 1958 in
2694 1903 2800 1960 hoc
2833 1902 3470 1973 superabit,-generans
3527 1903 3664 1958 citra

381 2013 494 2058 ται,
525 1992 724 2062 γεννῶν
749 1990 1102 2063 ἀμερίστως.

2090 1994 2422 2050 divisionem.
2752 1982 2758 1990 ’

1094 2105 1301 2158 ΔΛΛῢ.

2763 2109 2991 2166 ALIUD.

444 2221 509 2273 Εί
540 2219 790 2290 καθάπερ
821 2218 1114 2290 ἄνθρωπος
1147 2215 1322 2270 τίκτει
1347 2213 1502 2278 Θεὸς,
1534 2211 1831 2285 ἐργάζεται
1880 2209 1976 2264 καὶ

2151 2223 2209 2280 Si
2235 2224 2378 2280 Deus
2405 2221 2576 2295 gignit
2602 2223 2793 2279 eadem
2819 2223 3030 2278 ratione
3057 2237 3162 2293 qua
3190 2224 3376 2288 homo,
3407 2231 3668 2293 operatur

367 2314 443 2377 ὡς
471 2313 784 2381 ἄνθρωπος.
816 2313 930 2366 Καὶ
960 2309 1264 2380 ἐπειδήπερ
1287 2309 1448 2379 ἡμεῖς
1478 2304 1612 2377 ὕλης
1632 2301 1978 2376 παρακειμέ-

2090 2317 2245 2372 ctiam
2296 2325 2356 2371 ut
2401 2317 2585 2373 homo.
2623 2315 2689 2371 Et
2737 2331 2859 2373 cum
2889 2317 3165 2386 proposita
3207 2315 3392 2386 aliqua
3439 2317 3666 2372 materia

367 2423 466 2476 νης
488 2405 635 2468 τινὸς
664 2404 758 2458 διὰ
788 2404 1066 2471 κινήσεως
1110 2398 1310 2471 χειρῶν
1354 2395 1728 2468 ἀποτελοῦμεν
1765 2413 1819 2448 τι
1869 2393 1978 2448 τῶν

2090 2409 2413 2464 adminiculo
2439 2423 2695 2463 manuum
2729 2423 2791 2464 ea
2816 2423 2936 2479 qua:
2964 2408 3213 2463 volumus
3237 2407 3568 2478 perlicimus,
3594 2407 3666 2460 ita

367 2499 466 2553 ὅσα
519 2500 703 2551 ποιεῖν
750 2495 1086 2568 βουλόμεθα,
1120 2495 1265 2549 οὕτω
1313 2493 1408 2547 καὶ
1452 2491 1606 2554 Θεὸς.
1659 2489 1725 2542 El.
1760 2487 1821 2541 δὲ
1853 2486 1980 2558 δίχα

2090 2515 2212 2572 ergo
2239 2502 2404 2556 etiam
2456 2501 2621 2556 Deus.
2674 2502 2744 2555 At
2793 2502 2840 2556 si
2897 2501 3040 2556 Deus
3085 2501 3292 2571 absque
3319 2498 3572 2555 manibus
3616 2509 3671 2554 et

367 2590 566 2661 χειρῶν
614 2589 715 2642 καὶ
757 2589 895 2658 ὕλης
929 2589 996 2640 ὲκ
1041 2587 1136 2642 τοῦ
1189 2586 1262 2658 μὴ
1308 2585 1462 2648 δντος
1491 2583 1572 2646 είς
1623 2579 1685 2635 τὸ
1728 2574 1868 2633 εἶναι
1910 2578 1979 2632 τὰ

2090 2593 2312 2648 materia
2360 2608 2426 2648 ex
2477 2593 2644 2648 nihilo
2683 2601 2877 2648 cuncta
2929 2593 3098 2648 verbo
3141 2594 3208 2647 ad
3257 2578 3381 2648 esse
3415 2591 3664 2656 traducit,

364 2681 547 2734 πάντα
584 2679 736 2750 λόγῳ
786 2678 1056 2750 παράγει,
1085 2677 1184 2746 τὴν
1231 2674 1520 2746 ἀνθρώπου
1571 2670 1738 2742 φύσιν
1789 2669 1980 2736 νικῶν,

2090 2685 2372 2740 humanam
2404 2695 2653 2739 naturam
2687 2684 2845 2752 longe
2881 2697 3171 2754 superans,
3197 2685 3359 2738 etiam
3396 2683 3672 2754 superabit

362 2773 587 2844 νικήσει
617 2772 846 2834 πάντως
876 2770 1052 2841 αὐτην
1084 2771 1181 2824 καὶ
1208 2768 1338 2841 περὶ
1366 2768 1458 2822 τὸν
1482 2764 1577 2822 τοῦ
1611 2765 1812 2838 γεννᾷν
1853 2763 1982 2837 τρόπ-

2090 2771 2256 2842 ipsam
2293 2772 2345 2826 in
2370 2774 2660 2844 generandi
2693 2772 2876 2828 modo.

364 2881 470 2917 πον
476 2904 493 2920 ο

2143 891 2306 948 Paulo
2337 891 2522 956 altius,
2568 891 2710 946 bone
2741 891 2846 954 vir,
2889 903 3050 958 supra
3097 903 3326 959 corpora
3362 900 3660 957 eorumque

2071 984 2388 1039 aﬂ‘ectiones
2414 991 2651 1038 mentem
2682 981 2872 1036 attolle
2906 1000 2920 1034 :
2949 981 3016 1036 de
3046 981 3157 1035 Deo
3190 981 3333 1034 enim
3366 981 3424 1034 lit
3454 993 3655 1034 sermo.

2073 1075 2130 1131 Si
2160 1075 2305 1130 enim
2341 1079 2534 1130 censes
2569 1072 2682 1129 Deo
2711 1072 2940 1142 perinde
2977 1080 3142 1142 atque
3172 1071 3376 1126 homini
3408 1072 3460 1125 in
3493 1085 3657 1140 gene-

2074 1261 2277 1330 aliquid
2297 1261 2374 1316 illi
2396 1261 2676 1331 depereat,
2712 1260 2786 1315 ita
2812 1269 2872 1314 ut
2898 1257 3296 1330 quodammodo
3319 1257 3372 1312 in
3400 1257 3660 1323 Verbum,

2075 1353 2219 1422 quod
2251 1367 2317 1408 ex
2346 1353 2462 1422 ipso
2483 1351 2748 1422 procedit,
2775 1350 3070 1418 dividatur,
3085 1349 3210 1420 quid
3232 1350 3504 1404 obstiterit
3524 1363 3663 1419 quo-

2079 1443 2258 1498 minus
2288 1443 2536 1498 eamdem
2563 1441 2958 1514 blasphemiam
2998 1442 3068 1496 ad
3109 1441 3346 1511 reliquas
3384 1440 3502 1510 ejus
3534 1454 3661 1508 pro-

2076 1536 2334 1605 prietates
2366 1535 2887 1592 accommodemus?
2933 1533 2992 1589 Si
3033 1535 3179 1589 enim
3211 1549 3314 1604 per
3338 1531 3541 1587 ﬂuxum
3585 1532 3666 1602 gi-

2077 1627 2193 1697 gnit
2234 1637 2292 1682 nt
2334 1629 2520 1692 homo,
2556 1628 2766 1685 creabit
2795 1627 2960 1684 etiam
2997 1635 3056 1683 ut
3094 1628 3256 1682 homo
3284 1641 3406 1682 cum
3455 1623 3663 1681 labore.

1085 2971 1288 3026 AAAO.

438 3086 524 3140 Τὰ
580 3082 884 3156 συνέχοντά
931 3102 1076 3152 τινα,
1128 3086 1294 3139 οἱονεὶ
1344 3084 1532 3156 κύκλῳ
1587 3079 1982 3156 περιτετάσθαι

2161 3093 2234 3148 Ea
2267 3108 2386 3162 quae
2416 3092 2520 3146 alia
2551 3091 2608 3146 in
2633 3106 2691 3146 se
2721 3094 3025 3158 continent,
3057 3105 3283 3148 necesse
3313 3100 3395 3147 est
3421 3099 3482 3146 ut
3507 3091 3672 3148 veluti

362 3180 598 3243 πάντως
626 3179 932 3246 ἀναγκαῖον
963 3177 1074 3231 τῶν
1094 3177 1196 3231 ὅσα
1224 3177 1460 3248 συνέχει.
1481 3176 1556 3229 Τὸ
1583 3175 1640 3229 δὲ
1670 3177 1750 3238 είς
1777 3173 1979 3228 κύκλον

2091 3185 2142 3240 in
2177 3161 2363 3240 orbem
2401 3183 2748 3250 circumjecta
2792 3183 2904 3238 sint
2935 3184 3188 3238 omnibus
3237 3184 3308 3239 iis
3341 3197 3462 3253 qua:
3501 3183 3677 3238 conti-

360 3268 724 3325 ἑκτείνεσθαι
769 3269 1043 3338 σωμάτων
1074 3269 1225 3323 ἴδιον.
1257 3268 1384 3332 Πῶς
1416 3261 1509 3322 οὖν
1545 3268 1615 3320 τὰ
1648 3267 1828 3320 πάντα
1858 3281 1983 3319 συν-

2091 3286 2240 3333 nent.
2289 3277 2360 3330 At
2384 3291 2513 3331 vero
2542 3277 2595 3330 in
2629 3275 2816 3331 orbem
2859 3273 3003 3330 ﬂecti
3039 3282 3203 3344 atque
3231 3274 3446 3330 extendi
3483 3287 3679 3342 corpo-

365 3365 485 3433 ἔχει
532 3363 562 3415 ὁ
612 3362 751 3424 Θεὸς
800 3361 1091 3431 ἀσώματος
1145 3360 1242 3425 ὣν,
1274 3362 1369 3415 καὶ
1416 3361 1505 3414 διὰ
1552 3357 1710 3413 τοῦτο
1759 3357 1894 3429 μηδὲ
1922 3358 1981 3410 ὲν

2093 3384 2209 3423 rum
2237 3377 2340 3422 est.
2364 3369 2480 3436 Quo
2509 3376 2668 3436 pacto
2696 3367 2859 3436 igitur
2883 3365 3065 3421 omnia
3089 3365 3335 3420 continet
3359 3365 3520 3430 Deus,
3549 3378 3676 3420 cum

364 3455 526 3525 τόπῳ
553 3453 800 3508 νοεῖσθαι
831 3452 1165 3523 δυνάμενοςς
1202 3452 1363 3506 Ἀλλὰ
1399 3452 1612 3522 συνέχει
1650 3450 1749 3521 τὴν
1774 3451 1832 3503 ἐν
1855 3448 1982 3502 τού-

2090 3460 2162 3516 sit
2193 3461 2560 3528 incorporeus,
2590 3457 2702 3531 44
2735 3467 2896 3529 atque
2925 3458 2993 3512 ob
3018 3458 3069 3512 id
3110 3472 3177 3512 ne
3223 3457 3275 3512 in
3311 3456 3428 3512 loco
3459 3455 3678 3526 quidem

364 3565 486 3610 τοις
519 3543 876 3609 ἀκολουθίαν,
895 3543 971 3607 ὡς
1015 3543 1172 3608 Θεὸς,
1206 3544 1535 3598 ἀναϐαίνων.
1566 3543 1682 3596 Οὐκ
1727 3541 1837 3614 ἄρα
1871 3542 1984 3604 τοῖς

2091 3567 2214 3608 esse
2251 3551 2475 3621 intelligi
2514 3551 2724 3621 possit?
2753 3547 2860 3604 Sed
2895 3549 3141 3604 continet
3180 3549 3426 3604 ordinem
3471 3563 3678 3616 rerum,

369 3635 716 3708 σωματικῶν
748 3634 1100 3689 ὑποκείσεται
1124 3633 1310 3704 νόμοις
1328 3649 1341 3664 ⁶
1365 3631 1562 3689 οὐκοῦν
1585 3632 1704 3686 οὐδὲ
1725 3632 1799 3697 ὡς
1823 3630 1984 3702 σῶμα

2093 3653 2153 3700 ιιι
2175 3643 2342 3709 Deus,
2372 3643 2785 3698 transcenderis.
2809 3639 2926 3696 Non
2959 3641 3146 3712 itaque
3172 3641 3450 3710 corporeis
3469 3640 3682 3712 legibus

369 3730 662 3801 γεννήσειο
2095 3735 2396 3806 subiacebit
2425 3747 2442 3788 :
2473 3747 2605 3805 ergo
2636 3748 2812 3804 neque
2841 3741 2902 3789 ut
2936 3747 3135 3804 corpus
3165 3731 3470 3804 generabit.

2774 3842 3004 3899 ALIUD.

2168 3957 2224 4012 ld
2254 3957 2396 4028 quod
2439 3956 2494 4013 in
2537 3957 2790 4013 omnibus
2821 3957 3038 4013 exsistit
3073 3965 3376 4024 cunctaque
3417 3963 3683 4024 permeat,

2095 4049 2344 4106 connecti
2371 4048 2625 4104 omnibus
2651 4061 2877 4103 necesse
2909 4056 3013 4102 est.
3050 4047 3127 4100 lta
3157 4046 3302 4102 enim
3343 4046 3397 4100 in
3434 4047 3686 4100 omnibus

2763 2974 2990 3033 ALIUD.

1094 3841 1298 3895 ᾹΛΔΟ.

449 3961 530 4014 Τὸ
559 3961 623 4013 ἐν
651 3960 820 4012 πᾶσιν
845 3957 906 4011 ὃν
943 3957 1037 4011 καὶ
1067 3956 1156 4010 διὰ
1187 3956 1406 4010 πάντων
1435 3954 1642 4024 διῆκον,
1676 3953 1986 4024 συμπλέκε-

376 4054 508 4108 σθαι
541 4055 661 4118 τοῖς
691 4053 859 4106 πᾶσιν
891 4052 1212 4119 ἀναγκαῖον.
1251 4047 1407 4103 Οὕτω
1434 4049 1543 4119 γὰρ
1578 4048 1646 4102 ἂν
1675 4048 1762 4118 είη
1807 4048 1901 4102 καὶ
1929 4049 1988 4102 ὲν

374 4149 571 4202 πᾶσιν.
620 4144 762 4198 Ἀλλ’
791 4144 854 4196 οὐ
904 4141 1322 4213 συμπεπλέχθαι
1370 4140 1470 4212 μὲν
1515 4139 1614 4212 τὴν
1661 4140 1850 4194 οὐσίαν
1891 4137 1984 4192 τοῦ

2097 4141 2284 4198 fuerit.
2311 4141 2580 4197 Caeterum
2610 4148 2954 4209 nequaquam
2987 4137 3279 4192 fatebimur
3318 4137 3412 4192 Dei
3437 4136 3687 4192 substan-

375 4238 517 4292 Θεοῦ
545 4241 618 4309 τῇ
650 4235 898 4308 ποικιλίᾳ
921 4235 1032 4288 τῶν
1059 4234 1118 4287 ὲν
1145 4234 1335 4304 κόσμῳ
1364 4231 1634 4303 σωμάτων
1660 4233 1984 4303 ὁμολογήσο-

2101 4235 2232 4290 tiam
2293 4232 2464 4288 variis
2526 4231 2710 4287 mundi
2773 4231 3102 4302 corporibus
3151 4245 3454 4286 connexam
3511 4245 3684 4286 esse:

383 4350 521 4402 μεν·
563 4331 722 4402 μένει
754 4327 864 4400 γὰρ
899 4327 984 4396 ἐφ’
1008 4325 1211 4396 ἑαυτῆς
1241 4325 1463 4395 καθαρὰ
1491 4343 1551 4380 τε
1588 4325 1682 4378 καὶ
1709 4325 1811 4395 τῆς
1851 4325 1984 4399 πρὸς

2100 4336 2287 4384 manet
2319 4327 2464 4382 enim
2489 4325 2575 4380 illa
2613 4327 2664 4380 in
2699 4338 2757 4381 se
2785 4339 2922 4397 pura
2953 4334 3010 4380 et
3039 4323 3329 4392 naturalis,
3362 4338 3484 4379 eum
3517 4323 3689 4378 altero

379 4425 578 4496 ἕτερον
617 4423 930 4488 κοινωνίας,
954 4419 1310 4492 ἁσύμπλοκος
1339 4420 1587 4490 φυσικῶς
1607 4435 1622 4451 ’
1673 4420 1850 4492 διήκει
1877 4421 1934 4474 δὲ
1963 4422 1984 4474 ό

2101 4421 2456 4477 connexionis
2499 4433 2741 4490 expers;
2791 4425 3040 4490 permeat
3067 4426 3246 4473 tamen
3285 4418 3467 4473 omnia
3508 4418 3689 4472 admi-

384 4517 488 4587 μὲν
524 4515 620 4568 διὰ
660 4512 884 4567 πάντων
934 4509 1258 4582 παραδόξως
1291 4511 1387 4565 καὶ
1419 4511 1696 4583 ἀρρήτως.
1735 4511 1849 4564 Οὕκ
1885 4511 1984 4582 ἄρα

2103 4513 2273 4569 rando
2319 4513 2553 4584 quodam
2606 4520 2770 4582 atque
2822 4509 3080 4567 inell‘abili
3125 4509 3305 4566 modo.
3358 4509 3473 4566 Non
3526 4510 3691 4581 igitur

381 4609 508 4670 ταῖς
537 4605 816 4675 σωμάτων
857 4601 1204 4665 ἀκολουθίαις
1235 4601 1609 4656 ὑποκείσεται.
1643 4601 1842 4672 Διόπερ
1871 4601 1984 4655 οὐδὲ

2101 4603 2388 4674 corporum
2440 4601 2764 4676 connexipni
2813 4601 3090 4670 subjectus
3143 4608 3251 4654 est.
3317 4598 3461 4669 Ergo
3513 4613 3692 4670 neque

2074 1168 2248 1223 rando
2276 1166 2480 1236 aliquid
2509 1167 2802 1232 decedere,
2849 1180 3030 1236 neque
3058 1164 3110 1219 id
3150 1163 3331 1219 facere
3365 1177 3522 1232 posse
3553 1162 3660 1218 nisi
3772 1167 3782 1177 '

383 4698 532 4752 κατὰ
566 4697 670 4770 τὴν
695 4697 805 4749 τῶν
843 4691 1116 4766 σωμάτων
1147 4692 1312 4764 φύσιν
1337 4692 1608 4763 γεννήσει.

1079 4830 1288 4886 AAAO.

459 4949 528 5002 ΕΞ
577 4944 786 5010 ἁπλοῦς
826 4945 922 4999 καὶ
966 4943 1263 5007 ἀσύνθετός
1295 4941 1413 4995 ἐστι
1458 4942 1554 4996 καὶ
1596 4941 1797 4996 νοεῖται
1837 4939 1991 5008 Θεὸς,

385 5041 511 5104 πῶς
561 5038 863 5109 διαφόρους
921 5036 1022 5091 καί⁵
1072 5034 1324 5100 ποικίλας
1375 5033 1490 5104 ἔχει
1537 5033 1638 5098 τὰς
1691 5033 1993 5106 ἐνεργείας,

383 5129 566 5184 πολλὰ
613 5128 940 5199 ποιημάτων
973 5127 1092 5197 εἴδη
1133 5125 1280 5180 κατὰ
1324 5125 1554 5196 καιροὺς
1596 5125 1995 5196 ὲργαζόμενος;

386 5223 450 5276 Εἰ
479 5221 541 5275 δὲ
575 5219 736 5274 οὐδὲν
763 5220 845 5282 είς
871 5218 937 5272 τὸ
963 5217 1171 5281 ἁπλοῦς
1197 5212 1338 5272 εἶναι
1362 5215 1694 5289 βλαϐήσεται
1723 5213 2000 5285 διαφόρως

385 5316 447 5367 ὲν
486 5313 716 5384 ἑκάστῳ
749 5311 862 5366 τῶν
893 5310 1066 5365 ὄντων
1097 5308 1359 5380 ἐνεργῶν,
1394 5309 1518 5363 ἐπεὶ
1558 5307 1634 5378 μὴ
1669 5305 1810 5360 κατὰ
1840 5304 2000 5375 σῶμά

388 5407 569 5473 ἔστιν,
602 5405 722 5459 ἄνω
750 5401 1024 5474 σωμάτων
1058 5401 1152 5455 καὶ
1185 5403 1244 5457 ἐν
1269 5400 1351 5472 τῷ
1378 5401 1574 5472 γεννᾷν
1601 5399 1862 5453 κείσεται.

666 5608 1005 5676 Ἀντίθεσις
1039 5608 1122 5676 ὡς
1159 5609 1229 5663 ἐκ
1267 5607 1387 5662 τῶν
1426 5608 1752 5679 Εὐνομίου.

465 5723 534 5776 Εἰ
589 5719 874 5792 βούλεσθε,
901 5719 1058 5792 φησι,
1090 5719 1183 5774 τὸν
1211 5719 1338 5774 Υίὸν
1386 5720 1453 5773 ὲκ
1497 5719 1598 5791 τῆς
1643 5717 1740 5772 τοῦ
1789 5717 2004 5789 Πατρὸς

392 5813 591 5879 οὐσίας
625 5812 1038 5886 προεληλυθότα
1055 5813 1256 5881 λέγειν,
1279 5813 1496 5886 ἀνάγκη
1525 5813 1790 5885 πρότερον
1816 5813 2005 5884 ὁμολο-

736 5903 1016 5970 Parnm.
1059 5907 1180 5968 ὒιι.
1214 5906 1460 5970 LXXV.

2097 4695 2250 4765 juxta
2279 4709 2570 4765 corporum
2606 4701 2856 4748 naturam
2888 4690 3192 4762 generabit.

2782 4791 3015 4884 ALIUD.

2175 4944 2234 4999 Si
2263 4945 2305 4999 si
2315 4943 2491 5014 mplex
2509 4952 2564 4999 et
2591 4956 2698 4997 non
2719 4941 3053 5012 compositus
3071 4951 3159 4998 est
3179 4950 3343 5011 atque
3372 4938 3694 5010 intelligitur

2105 5036 2269 5101 Deus,
2295 5051 2404 5105 quo
2435 5044 2594 5105 pacto
2625 5034 2868 5090 diversas
2902 5034 3191 5105 variasque
3217 5033 3378 5088 liabet
3418 5031 3693 5103 operatio-

2107 5144 2224 5195 nes,
2280 5128 2477 5183 multas
2499 5139 2878 5184 creaturarum
2911 5130 3121 5200 species
3151 5145 3247 5200 per
3271 5137 3516 5198 tempora
3557 5141 3693 5199 ope.

2107 5220 2280 5276 rans?
2308 5218 2366 5275 Si
2403 5235 2533 5276 vero
2569 5221 2783 5279 diversa
2827 5223 2943 5293 ejus
2971 5225 3022 5278 in
3049 5221 3274 5292 singulis
3307 5222 3556 5292 operatio
3585 5235 3692 5275 non

2111 5311 2336 5382 impedit
2362 5311 2656 5382 quominus
2701 5314 2931 5385 simplex
2963 5315 3054 5380 sit,
3091 5328 3216 5368 eum
3261 5329 3367 5368 non
3397 5311 3694 5368 secundum

2108 5417 2307 5472 corpus
2361 5403 2616 5469 exsistat,
2666 5418 2956 5477 corporum
3017 5405 3180 5462 etiam
3229 5405 3601 5462 conditionem
3637 5403 3696 5473 in

2109 5494 2420 5563 generando
2458 5497 2758 5568 superabit.

2636 5612 2874 5683 Objeclio
2905 5613 3174 5674 Eunomii.

2187 5723 2244 5779 Si
2295 5723 2496 5793 velitis,
2548 5725 2748 5796 inquit,
2800 5724 2996 5782 Filium
3046 5741 3112 5783 ex
3168 5725 3344 5782 Patris
3393 5720 3694 5781 substantia

2114 5817 2468 5888 processisse,
2497 5817 2774 5875 latendum
2799 5819 3023 5876 omnino
3047 5828 3129 5875 est
3162 5833 3284 5873 enm
3317 5816 3468 5886 prius
3501 5817 3554 5866 in
3579 5813 3699 5882 ipso

3300 5907 3336 5973 3
