4106 6432
421 350 493 406 75
1467 343 1523 398 S.
1568 336 1844 397 CYiliLLI
1883 331 2353 393 ALEXANDNNI
2394 328 2715 389 ARCHIEP.
3092 348 3095 351 '
3639 325 3713 384 τῦ

423 465 722 525 exstitisse.
748 465 825 520 Ita
848 464 992 520 enim
1015 476 1082 519 ex
1110 475 1175 519 eo
1198 466 1532 533 processisse
1557 460 1844 518 videbitur.
1870 461 1940 515 At
1963 460 2008 516 si

2134 457 2234 529 [εἴν
2261 450 2694 527 προϋποκεῖσθαι
2713 447 2901 502 τοῦτον
2925 446 2985 501 ὲν
3010 442 3183 515 αὐτῷ.
3208 441 3368 497 Οὕτω
3391 441 3501 533 γὰρ
3526 440 3594 514 δὴ
3617 441 3711 496 καὶ
3819 435 3829 443 ’

429 556 622 617 Filium
658 557 841 623 Pater,
873 532 1209 625 nullumque
1230 552 1396 607 alium
1427 560 1551 621 post
1578 565 1702 608 eum
1728 551 2013 623 geniturus

2134 547 2177 615 ιξ
2216 544 2381 603 αὑτοῦ
2414 541 2695 616 προελθὼν
2745 540 3007 611 φαίνοιτο.
3042 536 3154 594 Καὶ
3186 536 3237 590 si
3269 535 3362 589 τὸν
3392 532 3523 589 Υἰδν
3550 533 3727 602 ὲγέν-.

427 661 510 710 est
530 649 868 720 (unigenitus
889 648 1036 703 enim
1057 648 1186 716 est),
1202 656 1424 699 necesse
1444 652 1528 698 est
1550 650 1608 696 ut
1626 643 1870 698 dicamus
1890 657 2013 697 eum

2134 657 2280 714 μησεν
2303 642 2332 694 ό
2363 637 2578 710 Πατὴρ,
2610 636 2707 690 καὶ
2752 634 2941 704 ἕτερον
2965 630 3054 685 ἐπ’
3088 628 3239 701 αὐτῷ
3271 627 3465 720 οὐδένα
3496 626 3715 720 τέξεται

428 717 725 814 generandi
755 748 1021 812 potestate
1052 738 1322 808 privatum
1361 750 1509 805 esse,
1563 745 1725 803 alque
1756 748 1820 789 ex
1861 745 2016 804 parte

2134 731 2441 806 ξμονογενὴς
2459 726 2616 802 γὰρ),
2637 724 2957 801 ἀφῃρῆσθαι
2988 721 3086 778 καὶ
3108 719 3274 776 αὑτὸν
3294 718 3510 789 ἀνάγκη
3535 717 3717 788 λέγειν

431 810 799 900 imminutum,
831 832 1015 904 genito
1049 829 1219 886 semel
1250 828 1413 898 Filio,
1440 843 1628 901 neque
1676 826 1909 903 amplius
1958 826 2015 885 in

2134 826 2221 896 ιῆς
2246 821 2574 894 γεννητικῆς
2600 819 2906 890 δυνάμεως,
2932 813 3278 887 ὴλαττῶσθαι
3309 813 3366 867 δὲ
3397 812 3494 868 καὶ
3522 812 3589 866 ὲκ
3614 810 3716 883 μέ-

431 942 498 983 co
528 935 586 983 ut
613 927 769 999 prius
795 923 1109 981 cxsistente.

1103 1119 1334 1177 Salutio.

500 1259 711 1316 Rursus
740 1273 803 1315 ea
842 1272 966 1328 quae
991 1256 1312 1328 corporibus
1340 1255 1563 1327 propria
1610 1265 1740 1312 sunt
1772 1254 1869 1310 Dei
1924 1270 2022 1311 ua-

436 1362 568 1408 turte
588 1351 867 1406 ascribere
887 1365 993 1404 non
1017 1345 1336 1403 erubescis?
1359 1346 1549 1417 Neque
1562 1347 1710 1402 ollim
1741 1355 1801 1401 ut
1824 1360 2026 1418 corpus

435 1447 486 1500 in
512 1458 760 1514 corpore,
785 1443 860 1499 ita
886 1441 1086 1497 Filium
1110 1442 1164 1497 in
1186 1440 1354 1497 Patre
1380 1440 1652 1497 contineri
1677 1442 2023 1511 cogitandum

433 1545 535 1593 est.
566 1536 754 1606 Neque
806 1533 1263 1606 quemadmodum
1287 1547 1410 1604 quae
1450 1546 1516 1589 ex
1548 1532 1706 1589 nobis
1735 1532 2028 1603 gignuntur

435 1630 488 1683 in
518 1634 805 1698 parentum
822 1625 1031 1680 1ombis
1046 1624 1290 1695 iacuisse
1310 1623 1626 1689 creduntur,
1644 1622 1720 1675 ita
1743 1621 1811 1676 de
1838 1619 2029 1676 divino

432 1718 707 1790 genimine
741 1717 1084 1774 sentiendum
1113 1724 1218 1772 est.
1263 1714 1323 1770 Si
1371 1715 1495 1786 quis
1520 1714 1667 1770 enim
1691 1727 1758 1770 eo
1790 1713 2028 1768 audaciae

2122 934 2271 990 ρους,
2301 913 2657 987 γεννηθέντος
2691 910 2839 979 ἅπαξ
2885 908 2978 964 τοῦ
3016 906 3149 963 Υίοῦ
3188 906 3285 963 καὶ
3333 905 3536 980 μηκέτι
3563 904 3719 970 όντος

2122 1011 2180 1063 ὲν
2210 1006 2358 1083 αὐτῷ
2384 1005 2636 1078 καθάπερ
2670 1004 2768 1059 καὶ
2799 1001 3089 1076 πρότερον.

2607 1115 2767 1188 ῌρὸς
2802 1116 2982 1172 τοῦτο
3017 1115 3221 1182 λύσις.

2193 1251 2366 1307 Πάλιν
2393 1251 2463 1306 τὰ
2492 1249 2764 1321 σωμάτων
2784 1247 2900 1302 ἴδια
2926 1251 2995 1321 τῇ
3030 1248 3130 1303 τοῦ
3155 1247 3294 1319 Θεοῦ
3320 1246 3482 1321 φύσει
3510 1264 3726 1322 περπι-

2125 1345 2242 1411 Osi;
2266 1345 2366 1399 οὐκ
2393 1343 2681 1417 ἐρυθριᾷςς
2712 1342 2791 1396 Οὐ
2814 1341 2926 1413 γάρ
2952 1342 3206 1412 καθάπερ
3236 1345 3399 1415 σῶμα
3427 1344 3484 1397 ὲν
3507 1343 3724 1415 σώματι

2125 1439 2220 1493 τὸν
2263 1438 2395 1492 Υίὸν
2452 1438 2510 1491 ὲν
2564 1434 2741 1506 Πατρὶ
2798 1434 3014 1490 κεῖσθαι
3065 1435 3276 1490 δίκαιον
3331 1437 3554 1493 ἐννοεῖν.
3584 1435 3725 1491 Οὐδὲ

2126 1530 2319 1602 ὥσπερ
2356 1529 2426 1584 τά
2477 1527 2536 1595 ἐξ
2579 1526 2740 1598 ἡμῶν
2773 1525 3098 1599 γεννώμενοι
3136 1530 3204 1600 τῇ
3250 1527 3362 1582 τῶν
3408 1526 3725 1597 γεννώντων

2127 1621 2291 1693 ὀσφύϊ
2318 1620 2670 1692 περιέχεσθαι
2698 1619 2979 1676 πιστεύειν
3009 1621 3306 1693 εὐπρεπὲς,
3332 1621 3478 1676 οὕτω
3507 1621 3603 1676 καὶ
3629 1621 3726 1675 ἐπὶ

2128 1715 2222 1771 τοῦ
2246 1715 2395 1771 θείου
2418 1714 2759 1785 γεννήματος
2789 1713 3108 1785 φρονητέον.
3130 1715 3194 1767 Ei
3219 1714 3329 1785 γάρ
3351 1730 3434 1778 τις
3460 1715 3542 1778 είς
3565 1713 3727 1768 τοῦτο

435 1811 744 1882 proruperit
786 1820 847 1865 ut
896 1809 962 1866 ad
1020 1820 1314 1879 corporum
1368 1807 1647 1864 miseriam
1698 1804 2025 1862 incili-nbilam

2134 1808 2414 1883 προϐαίνει
2436 1806 2645 1879 τόλμης
2669 1806 2745 1870 ὡς
2769 1806 2853 1869 είς
2873 1806 2977 1880 τὴν
3002 1807 3114 1861 τῶν
3135 1806 3408 1879 σωμάτων
3432 1806 3728 1877 ἀθλιότητα

434 1900 531 1956 Dei
574 1900 866 1957 essentiam
915 1900 1224 1970 protrudat,
1253 1897 1388 1968 quid
1410 1896 1689 1953 obstiteuit
1730 1895 2020 1964 quominus

433 2004 502 2045 ne
525 2003 814 2060 generasse
836 1989 1054 2057 quidem
1087 1986 1307 2043 Patrem
1344 1986 1680 2043 contendat?
1722 1983 1832 2058 ιε
1865 1982 2020 2052 Quod

434 2081 692 2136 nimirum
728 2094 927 2150 parere
960 2078 1125 2133 matri
1151 2078 1336 2148 potius
1368 2091 1531 2148 quam
1554 2075 1675 2132 viro
1694 2075 2025 2131 conveniat?

431 2172 566 2230 Cum
599 2187 729 2229 vero
757 2170 902 2229 Deus
950 2172 1309 2242 incorporeus
1348 2169 1442 2238 sit,
1483 2182 1657 2243 neque
1703 2166 2024 2224 differentiis

432 2280 555 2337 qua:
581 2266 634 2321 in
665 2278 895 2335 corpora
930 2263 1132 2319 cadunt
1153 2261 1425 2323 obnoxius
1456 2257 1773 2332 (masculus
1802 2259 1944 2315 enim
1971 2265 2027 2313 et

436 2356 639 2411 femina
672 2364 883 2411 tantum
910 2355 965 2411 in
994 2353 1186 2410 formis
1210 2352 1491 2423 corporeis
1518 2349 1896 2424 quaeruntur),
1929 2350 2025 2408 sed

436 2448 701 2519 simplicis
727 2447 1171 2518 ittcorporeaeque
1194 2455 1425 2513 natura},
1442 2454 1497 2500 et
1525 2460 1679 2502 mens
1710 2443 2023 2516 purissima,

434 2556 554 2597 eam
584 2540 653 2598 ob
680 2556 925 2607 causam,
964 2539 1180 2609 opinor,
1225 2539 1270 2595 si
1304 2537 1428 2608 quis
1470 2538 1877 2609 generationem
1907 2550 2026 2606 quae

438 2632 547 2689 Deo
580 2629 836 2688 convenit
865 2629 1198 2700 investigare
1224 2628 1375 2693 velit,
1400 2626 1788 2703 fecunditatem
1823 2641 1943 2697 quae
1971 2626 2025 2680 in

437 2734 617 2782 mente
640 2723 891 2781 consistit
916 2724 1266 2778 considerare
1295 2720 1474 2788 debet,
1509 2728 1675 2788 atque
1700 2717 1825 2773 hinc
1846 2716 2027 2788 potius

436 2817 599 2874 Verbi
651 2815 1054 2887 generationem
1102 2828 1448 2884 comparare,
1494 2827 1602 2867 non
1632 2820 1814 2867 autem
1846 2811 2028 2868 dicere

439 2913 609 2967 Deum
662 2909 841 2964 minus
880 2922 1004 2964 esse
1073 2904 1364 2961 fecundum
1409 2920 1573 2976 quam
1617 2904 1726 2960 sint
1773 2919 2023 2975 corpora.

437 3004 627 3073 Neque
641 3001 784 3056 enim
802 3008 861 3054 ut
879 3014 1079 3070 corpus
1097 2992 1342 3068 generat,
1363 2997 1631 3067 siquidem
1653 3006 1709 3053 et
1730 2997 2026 3053 humanam

440 3105 678 3150 mentem
731 3092 954 3164 gignere
981 3090 1215 3146 dicimus
1239 3090 1596 3158 cogitationes
1618 3088 1812 3146 bonas.
1845 3089 2029 3146 Bonus

2123 1900 2224 1972 τήν
2254 1901 2498 1973 ἄρρητον
2525 1896 2624 1952 τοῦ
2649 1896 2788 1951 Θεοῦ
2812 1898 3147 1970 καταφέρειν
3175 1899 3388 1966 οὐσίαν,
3412 1899 3466 1953 τί
3490 1899 3728 1953 κωλύσει

2124 1993 2302 2063 λέγειν
2338 1993 2475 2065 μηδὲ
2500 1992 2637 2056 ὅλως
2668 1993 3061 2065 γεγεννηκέναι
3109 1991 3201 2046 τὸν
3249 1992 3511 2064 Πατέρα;
3570 1992 3729 2045 Ἐπεὶ

2125 2085 2186 2141 τὸ
2215 2086 2423 2140 τίκτειν
2457 2085 2628 2157 μητρὶ
2682 2085 2887 2156 μᾶλλον
2934 2084 2969 2156 ἢ
3016 2085 3176 2157 ἀνδρὶ
3227 2083 3726 2156 πρεπωδέστερονς

2140 2177 2359 2248 Ἐπειδὴ
2403 2176 2462 2232 δὲ
2507 2174 2631 2232 οὔτε
2672 2175 2835 2249 σῶμα
2884 2175 3041 2241 Θεὸς,
3070 2174 3196 2231 οὔτε
3245 2175 3355 2247 μὴν
3396 2174 3497 2246 τὴν
3528 2176 3587 2229 ὲν
3614 2177 3731 2238 τοῖς

2130 2268 2377 2340 σώμασιν
2412 2266 2528 2340 ἔχει
2553 2266 2816 2340 διαφορὰν
2844 2267 3033 2338 (ἄρσεν
3064 2265 3171 2338 γὰρ
3199 2266 3297 2321 καὶ
3328 2265 3460 2337 θῆλυ
3486 2265 3648 2337 μόνον
3669 2267 3731 2319 ὲν

2126 2363 2242 2427 τοῖς
2288 2359 2399 2415 τῶν
2449 2359 2720 2431 σωμάτων
2765 2359 3013 2431 ζητεῖται
3053 2357 3390 2431 σχήμασιν),
3426 2356 3636 2421 ἁπλοῦς
3672 2356 3732 2411 δὲ

2129 2453 2225 2507 καὶ
2259 2450 2570 2524 ἀσώματος,
2621 2452 2720 2506 καί
2764 2450 2897 2507 αὐτὸ
2940 2450 3005 2523 δὴ
3052 2450 3211 2505 τοῦτο
3267 2450 3394 2515 νοῦς
3432 2453 3462 2506 ὁ
3513 2451 3734 2506 πάντων

2129 2543 2539 2616 καθαρώτατος,
2570 2543 2660 2599 διὰ
2710 2543 2916 2615 ταύτην
2967 2539 3124 2614 οἶμαι
3169 2542 3270 2616 τὴν
3317 2543 3499 2599 αἰτίαν
3532 2542 3733 2616 χρῆναι

2128 2638 2239 2693 δεῖν
2261 2639 2386 2703 τοὺς
2409 2638 2523 2692 ὅσοι
2540 2638 2651 2710 ,τὴν
2677 2617 2772 2692 έτθ
2800 2637 2966 2693 αὑτοῦ
2997 2637 3255 2708 γέννησιν
3299 2635 3575 2702 ἐξετάζειν
3602 2636 3731 2707 βού-

2130 2732 2333 2801 λονται,
2355 2728 2459 2796 τὰς
2494 2731 2563 2784 ὲκ
2593 2728 2689 2785 νοῦ
2730 2728 3112 2803 καρποφορίας
3145 2728 3351 2796 ζητεῖν,
3381 2727 3477 2782 καὶ
3504 2730 3734 2794 ταύταις

2135 2823 2337 2900 μᾶλλον
2365 2822 2644 2893 ἐξομοιοῦν
2666 2821 2984 2892 ἐπείγεσθαι
3010 2818 3102 2875 τοῦ
3128 2821 3304 2889 Λόγου
3326 2821 3425 2890 τὴν
3449 2820 3728 2894 γέννησιν,

2132 2914 2229 2970 καὶ
2260 2912 2335 2985 μὴ
2360 2912 2542 2981 λέγειν
2587 2912 2857 2984 σωμάτων
2887 2908 3229 2982 ἀγονώτερον
3258 2904 3400 2964 εἶναι
3424 2909 3578 2979 Θεὸν,
3608 2911 3732 2964 ἐπεὶ

2135 3007 2214 3081 μὴ
2246 3007 2322 3071 ὡς
2355 3005 2517 3077 σῶμα
2555 3006 2739 3076 γεννᾷ.
2770 3005 2971 3076 Γεννᾷν
3010 3003 3112 3075 μὲν
3133 3003 3242 3075 γὰρ
3267 3001 3363 3056 καὶ
3400 3001 3491 3056 τὸν
3517 3000 3732 3075 ἀνθρώ-

2132 3114 2287 3152 πινον
2334 3094 2461 3152 νοῦν
2509 3096 2730 3161 πάντως
2763 3096 2831 3150 ἂν
2871 3095 3314 3168 ὁμολογήσαιμεν
3347 3094 3732 3167 διαλογισμοὺς

438 3186 581 3242 cnim
610 3186 715 3253 vir,
742 3184 920 3256 inquit
942 3181 1225 3250 Senator,
1265 3196 1300 3239 e
1338 3182 1503 3239 corde
1533 3183 1743 3253 profert
1777 3184 1918 3238 bona
1956 3184 2022 3237 ”.

2134 3187 2392 3259 ἀγαθούς.
2451 3188 2585 3242 Ἀπὸ
2619 3186 2731 3260 γὰρ
2755 3187 2854 3260 τῆς
2880 3186 3111 3259 καρδίας
3139 3187 3166 3239 ό
3194 3184 3399 3254 ἀγαθὸς
3421 3185 3732 3258 ἄνθρωπος,

439 3276 498 3334 Si
517 3291 645 3349 ergo
669 3276 896 3348 impium
914 3283 1000 3332 est
1022 3275 1205 3331 dicere
1222 3283 1456 3330 mentem
1476 3276 1773 3331 humanam
1794 3275 2030 3332 fructum

442 3369 647 3423 nullum
682 3366 948 3437 proferre,
997 3380 1118 3421 cum
1171 3366 1225 3421 id
1277 3367 1540 3424 Dominus
1576 3368 1692 3438 ipse
1722 3375 1952 3424 testatur
1980 3377 2035 3424 et

441 3466 530 3516 res
584 3460 696 3531 ipsa
745 3460 959 3529 probet,
994 3474 1101 3531 quo
1152 3468 1312 3530 pacto
1365 3475 1474 3516 non
1525 3461 1820 3516 absurdum
1873 3459 2035 3516 fuerit

439 3552 625 3607 dicere
680 3566 990 3622 supremam
1045 3550 1291 3606 onmium
1365 3560 1600 3607 mentem
1660 3551 2033 3619 iufrugiferam

436 3658 586 3709 esse,
622 3653 677 3699 et
699 3643 1034 3700 fecunditate
1065 3660 1187 3715 quae
1212 3647 1262 3700 ei
1290 3647 1543 3701 convenit
1576 3645 1793 3714 privare
1818 3661 1834 3713 ;
1863 3658 1957 3700 aut
1988 3644 2054 3702 si.

446 3740 648 3805 dicant,
684 3751 972 3809 generare,
1011 3739 1287 3809 corporeis
1330 3739 1539 3809 legibus
1564 3738 1840 3809 subjicere
1874 3748 2036 3807 atque

448 3831 519 3883 ita
545 3826 769 3900 perinde
789 3844 853 3884 ac
876 3844 1072 3899 corpus
1092 3845 1380 3901 generare,
1403 3846 1527 3887 cum
1560 3846 1629 3886 ne
1649 3846 1801 3887 mens
1819 3831 2035 3902 quidem

446 3934 569 3988 quae
599 3923 655 3973 in
686 3919 853 3976 .nobis
883 3930 969 3976 est
1012 3935 1275 3990 corporeo
1320 3922 1481 3979 modo
1514 3922 1778 3994 generet?
1814 3924 1885 3977 At
1913 3938 2039 3979 vero

446 4012 543 4083 qui
565 4012 819 4071 universa
845 4014 1182 4071 transcendit
1205 4014 1470 4086 longeque
1495 4023 1716 4084 supcrat
1736 4015 1900 4081 Deus.
1931 4029 2039 4085 quo

444 4113 607 4174 pacto
647 4120 757 4162 non
786 4114 1028 4162 mentem
1059 4105 1225 4162 etiam
1268 4106 1640 4177 generationis
1681 4106 1843 4163 modo
1884 4121 2043 4178 supe-

451 4193 610 4264 rabit,
656 4211 766 4252 non
797 4196 1093 4255 amissione
1134 4205 1226 4254 aut
1266 4196 1416 4261 fluxu
1454 4197 1772 4269 cujusquam
1808 4199 1955 4269 quod
1988 4197 2039 4254 ei

448 4285 602 4355 prius
632 4286 828 4354 inerat,
858 4288 954 4343 sed
983 4287 1344 4345 illustratione
1361 4288 1498 4345 citra
1525 4289 1689 4346 ullam
1714 4290 2038 4347 divisionem

449 4393 518 4433 ex
559 4378 740 4449 seipse
813 4379 1041 4450 gignens
1080 4379 1320 4447 Filium,
1376 4384 1672 4439 secundum
1714 4381 2040 4441 ineffabilem

450 4484 614 4541 atque
646 4473 1074 4537 inenarrabilem
1124 4475 1322 4533 divinae
1346 4476 1715 4550 generationis
1744 4475 2008 4534 modum?

1136 4675 1369 4734 ALIUD.
1428 4642 1441 4663 ⁵

523 4806 795 4879 Quidquid
823 4810 893 4866 ad
919 4810 1328 4871 similitudinem
1351 4812 1576 4870 alterius
1606 4815 1808 4870 factum
1840 4822 1947 4882 est,
1972 4816 2040 4869 ab

454 4899 760 4975 equalitate
787 4902 949 4974 primi
974 4907 1309 4980 exemplaris
1335 4908 1565 4977 recedit,
1596 4918 1654 4965 et
1682 4910 1949 4965 secundas
1971 4908 2039 4963 ab

456 4989 547 5046 illo
570 5001 758 5061 partes
783 5003 949 5053 tenet.
969 4998 1161 5055 Creata
1193 5000 1377 5070 itaque
1402 5010 1597 5057 natura
1620 5015 1721 5070 per
1736 5000 2037 5071 potentiam

456 5084 553 5140 Dei
594 5083 784 5147 effecta
819 5098 906 5145 est
934 5088 1193 5165 fecunda,
1232 5102 1290 5149 et
1334 5092 1514 5150 eiiicta
1557 5108 1655 5165 per
1688 5093 1921 5166 gratiam
1971 5094 2037 5149 ad

456 5175 605 5239 illam
625 5193 747 5252 qua:
765 5196 894 5241 vere
912 5199 977 5240 ac
994 5187 1213 5257 proprie
1232 5185 1463 5242 fecunda
1479 5195 1583 5243 est.
1603 5185 1833 5244 Deﬁciet
1857 5188 2041 5258 itaque

457 5263 677 5322 omnino
706 5267 775 5324 ab
804 5269 893 5325 illa
924 5273 1151 5329 veritate
1177 5289 1296 5344 qua:
1326 5274 1403 5329 illi
1429 5275 1570 5333 inest
1600 5276 1655 5333 in
1693 5279 1851 5334 modo
1876 5293 2045 5348 gene-

426 5420 431 5439 1
461 5356 649 5424 randi;
672 5365 726 5415 et
750 5363 1037 5431 generabit
1065 5365 1311 5434 quidem,
1344 5366 1442 5425 sed
1467 5382 1575 5423 non
1605 5368 1680 5424 ita
1716 5377 1882 5440 atque
1902 5369 2046 5426 illius

460 5445 528 5500 ad
560 5448 716 5520 cujus
746 5453 1157 5511 similitudinem
1185 5455 1422 5513 edictum
1445 5467 1551 5516 est.
1580 5460 1735 5531 Quod
1757 5463 1802 5518 si
1842 5465 1914 5517 ita
1941 5472 2045 5531 est,

459 5542 741 5607 generabit
792 5544 953 5615 Deus,
981 5562 1091 5604 non
1132 5560 1191 5608 ut
1226 5561 1479 5611 creatura
1514 5569 1633 5625 quae
1679 5570 1776 5626 per
1813 5556 2043 5626 gratiam

544 5761 587 5794 ”
612 5767 805 5827 Matth.
846 5785 944 5839 xu,
976 5772 1064 5827 55.

2134 3280 2281 3337 καθά
2326 3298 2492 3353 φησιν
2525 3282 2554 3335 ό
2577 3281 2792 3352 Σωτὴρ,
2824 3279 3093 3353 προφέρει
3122 3280 3189 3334 τὰ
3222 3279 3424 3350 ἀγαθά.
3462 3280 3526 3333 Εἰ
3552 3280 3734 3334 τοίνυν

2135 3371 2331 3438 ἀσεϐὲς
2346 3375 2528 3427 εἰπεῖν
2551 3372 2642 3426 τὸν
2672 3370 3016 3444 ἀνθρώπινον
3050 3370 3176 3425 νοῦν
3205 3371 3419 3444 καρπὸν
3437 3372 3540 3426 οὐκ
3564 3371 3731 3442 ἔχειν,

2138 3464 2232 3518 καὶ
2261 3463 2355 3517 τοῦ
2387 3464 2595 3537 Κυρίου
2634 3463 2939 3533 φάσκοντος
2974 3463 3070 3517 καὶ
3102 3461 3268 3517 αὐτοῦ
3295 3462 3353 3516 δὲ
3382 3461 3613 3533 βοῶντος
3636 3462 3732 3517 τοῦ

2137 3554 2488 3628 πράγματος,
2521 3555 2641 3618 πῶς
2687 3556 2788 3609 οὐκ
2824 3554 3028 3610 ἄτοπον
3061 3555 3154 3610 τὸν
3197 3555 3338 3626 ὑπὲρ
3378 3555 3560 3609 πάντα
3607 3555 3735 3609 νοῦν

2137 3645 2389 3717 ἄκαρπον
2416 3641 2556 3698 εἶναι
2584 3644 2791 3714 λέγειν,
2822 3645 2919 3698 καὶ
2942 3644 3042 3716 τῆς
3070 3645 3391 3719 πρεπούσης
3419 3646 3570 3718 αὐτῷ
3595 3662 3733 3719 καρ-

2139 3737 2408 3809 ποφορίας
2439 3739 2799 3808 ἁποστερεῖν;
2848 3737 2882 3809 ἢ
2910 3738 2959 3790 εί
2993 3736 3244 3807 λέγονται
3269 3741 3485 3811 γεννᾷν,
3515 3740 3737 3794 ὑποκεῖ-

2143 3830 2268 3884 σθαι
2301 3832 2423 3895 ταῖς
2456 3829 2565 3883 τῶν
2596 3828 2866 3901 σωμάτων
2890 3829 3161 3900 ἀνάγκαις
3194 3831 3622 3903 ὑπολαμϐάνειν,
3642 3834 3738 3888 καὶ

2139 3921 2312 3987 οὕτως
2354 3922 2519 3976 αὑτὸν
2551 3921 2629 3986 ὡς
2656 3921 2815 3993 σῶμα
2861 3925 3079 3995 γεννᾷν,
3104 3924 3228 3979 οὐδὲ
3250 3924 3344 3980 τοῦ
3374 3927 3432 3979 ὲν
3462 3928 3596 3998 ἡμῖν
3632 3928 3739 3981 ύπ-

2142 4015 2400 4087 ἀρχοντος
2445 4015 2538 4068 νοῦ
2582 4013 2722 4069 κατά
2760 4015 2852 4069 τὸν
2880 4014 2989 4070 τῶν
3024 4018 3292 4088 σωμάτων
3322 4019 3621 4088 γεννῶντος
3653 4021 3742 4076 νό-

2142 4124 2280 4179 μον;
2313 4107 2370 4161 '0
2390 4106 2449 4161 δὲ
2478 4107 2593 4162 ἀνω
2618 4106 2837 4163 πάντων
2864 4108 3223 4181 ἀναϐεϐηκὼς
3244 4112 3339 4167 καὶ
3367 4113 3545 4167 πάντα
3567 4113 3741 4187 ὑπερ-

2143 4199 2394 4271 κείμενος
2420 4198 2575 4265 Θεὸς,
2605 4200 2726 4266 πῶς
2766 4201 2829 4256 ού
2877 4202 3132 4273 γεννήσει
3163 4203 3258 4271 καὶ
3283 4203 3428 4276 ὑπὲρ
3459 4204 3605 4272 νοῦν,
3636 4207 3741 4261 οὐκ

2142 4289 2418 4361 ἀποϐολὴν
2444 4290 2481 4363 ἢ
2513 4290 2818 4363 ἀπόρροιαν
2854 4291 3331 4364 προῦποκειμένου
3349 4294 3496 4359 τινὸς
3526 4295 3741 4368 ὑπομέ-

2142 4400 2272 4450 νων,
2303 4382 2421 4438 ἀλλ’
2452 4384 2742 4456 ἐκλάμψας
2786 4386 3102 4458 ἀμερίστως
3143 4385 3204 4455 ἐξ
3238 4385 3434 4443 ἑαυτοῦ
3465 4388 3557 4445 τὸν
3587 4389 3738 4457 Υἱὸν,

2143 4474 2287 4530 κατὰ
2316 4472 2409 4528 τὸν
2438 4475 2678 4547 ἀρῤητόν
2709 4493 2771 4532 τε
2803 4477 2899 4533 καὶ
2930 4477 3211 4551 ἄφραστον
3244 4478 3343 4551 τῆς
3372 4478 3521 4546 θείας
3546 4482 3741 4555 γεννή-

2072 4545 2119 4602 Ῐ)
2150 4582 2287 4631 σεως
2313 4545 2551 4637 τρόπονς

2836 4701 3045 4756 AAAO.

2216 4824 2332 4878 Πᾶν
2358 4824 2497 4897 ὅπερ
2538 4825 2604 4881 ἂν
2633 4825 2754 4881 καθ’
2778 4828 3040 4900 ὁμοίωσιν
3081 4828 3293 4897 γένοιτό
3327 4846 3492 4896 τινος,
3519 4830 3739 4885 ἀπολείο

2112 4958 2117 4965 .
2144 4933 2309 4977 meat
2342 4916 2562 4982 πάντως
2591 4918 2694 4990 τῆς
2716 4921 2856 4993 πρὸς
2881 4921 2943 4975 τὸ
2969 4922 3326 4994 πρωτότυπον
3351 4924 3615 4995 ἰσότητος,
3640 4923 3737 4978 καὶ

2145 5007 2247 5079 τῆς
2277 5010 2488 5065 ἐκείνου
2530 5009 2691 5083 δόξης
2722 5012 2844 5069 ἐστὶ
2879 5012 3403 5085 δεύτερον.Ἀγεται
3437 5016 3618 5071 τοίνυν
3646 5015 3737 5070 διὰ

2146 5099 2429 5171 δυνάμεως
2476 5101 2613 5157 Θεοῦ
2663 5103 2805 5176 πρὸς
2849 5107 3220 5177 καρπογονίαν
3245 5108 3281 5179 ἡ
3304 5108 3508 5179 γενητὴ
3551 5106 3734 5177 φύσις,

2149 5193 2287 5262 πρὸς
2312 5194 2530 5266 ἐκείνην
2558 5197 2913 5270 μορφουμένη
2940 5197 3030 5254 διὰ
3054 5200 3276 5271 χάριτος
3306 5199 3408 5271 τὴν
3433 5199 3604 5262 ὅντως
3641 5198 3738 5254 καὶ

2118 5338 2125 5344 .
2147 5286 2366 5358 ἀληθῶς
2390 5290 2885 5363 καρπογόνον.Ἃρ’
2906 5286 3003 5347 οὖν
3032 5292 3490 5364 enumquam”
3517 5291 3737 5354 πάντως

2150 5379 2371 5450 καὶτῆς
2415 5380 2601 5453 ἐκείνῃ
2655 5382 2966 5453 προσούσης
3017 5382 3274 5455 ἀληθείας
3325 5382 3457 5454 περὶ
3500 5380 3592 5436 τὸν
3638 5379 3738 5435 τοῦ

2149 5472 2345 5543 γεννᾷν
2372 5472 2572 5544 τρόπον
2597 5488 2609 5502 ’
2659 5473 2755 5527 καὶ
2786 5476 3039 5547 γεννήσει
3081 5476 3199 5547 μὲν,
3226 5476 3325 5547 οὐχ
3352 5475 3428 5541 ὡς
3457 5476 3633 5529 ἐκεῖνο
3656 5474 3735 5541 δὲ,

2151 5560 2287 5633 πρὸς
2309 5562 2337 5615 ὃ
2366 5563 2464 5619 καὶ
2508 5565 2891 5638 μεμόρφωται.
2919 5568 2985 5623 Εἰ
3011 5567 3071 5623 δὲ
3095 5567 3256 5625 τοῦτο
3285 5567 3506 5641 ἀληθὲς,
3539 5565 3736 5638 γεννή-
