4106 6418
357 360 424 413 77
1797 351 2240 410 TIIESAURUS.
3569 350 3638 404 78

362 496 446 534 σει
478 478 582 548 μὲν
625 479 656 531 ὁ
703 477 862 540 Θεὸς,
895 477 996 546 οὐχ
1025 475 1101 539 ὡς
1145 477 1178 547 ἡ
1225 474 1400 538 κτίσις
1428 475 1485 528 δὲ
1519 473 1659 528 κατὰ
1687 473 1846 543 χάριν
1873 471 1967 525 καὶ

2094 485 2210 524 ιτιιιο
2238 484 2358 524 cmn
2383 482 2446 524 eo
2478 465 2887 523 similitudinem
2921 474 3000 520 est
3027 473 3335 528 consecuta,
3369 463 3463 520 sed
3489 461 3644 530 longe

366 569 572 638 ταύτην
603 567 856 622 λαϐοῦσα
883 567 984 637 τὴν
1018 567 1154 636 πρὸς
1190 566 1348 620 αὑτὸν
1387 565 1663 636 ὁμοίωσιν,
1695 563 1806 622 ἀλλ’
1830 564 1967 633 ὑπὲρ

376 663 542 715 πάντα
577 660 649 713 τὰ
678 657 913 727 γενητὰ.

1035 772 1236 826 ᾹΛΛΟ.

654 881 980 950 Ἐρώτησις
1013 881 1098 948 ὡς
1137 882 1206 934 ἐκ
1243 879 1349 934 τοῦ
1388 883 1710 950 Εὑνομίου.

453 994 516 1049 Ὃ
550 995 746 1068 Πατὴρ
780 994 1076 1065 ἐγέννησεν
1106 995 1166 1060 ἐξ
1196 993 1391 1048 ἑαυτοῦ
1423 994 1514 1048 τὸν
1540 995 1691 1058 Υἱὸν,
1722 992 1974 1065 καθάπερ

368 1088 534 1158 ὑμεῖς
584 1104 730 1156 φατε
777 1087 831 1140 οἱ
881 1087 975 1139 ἐπὶ
1019 1086 1191 1156 πολλῇ
1226 1085 1344 1140 λίαν
1392 1085 1644 1158 ὀρθότητι
1687 1085 1975 1154 δογμάτων

368 1176 920 1248 ἀποσεμνυνὸμιενοι⁴
972 1175 1090 1228 ἀλλ’
1116 1177 1282 1246 ὁρᾶτε
1325 1175 1422 1228 καὶ
1455 1174 1632 1228 τοῦτο.
1667 1174 1884 1239 Τέλειος
1907 1170 1978 1246 ἦν

370 1273 398 1323 ὁ
425 1270 627 1339 Πατὴρ
661 1268 773 1338 πρὸ
817 1267 920 1338 τῆς
967 1269 1277 1338 γεννήσεως
1317 1267 1412 1320 τοῦ
1445 1265 1598 1332 Υίοῢ,
1631 1267 1747 1320 ἀλλ’
1779 1267 1827 1320 εί
1855 1283 1976 1336 γεν-

367 1364 540 1431 νήσας
572 1363 660 1423 εἰς
690 1359 861 1414 δυάδα
895 1357 1246 1430 μεμέρισται,
1273 1357 1397 1423 πῶς
1415 1357 1578 1412 ἔτιτὸ
1599 1357 1801 1411 τέλειον
1828 1357 1974 1424 seu;

371 1456 419 1506 εί
450 1455 529 1524 μὴ
560 1454 674 1522 ἄρα
706 1452 902 1520 γέγονε
927 1451 1060 1521 περὶ
1087 1451 1190 1522 τὴν
1219 1450 1412 1503 οὐσίαν
1438 1448 1605 1503 αὐτοῦ
1635 1448 1976 1520 πληθυσμὸς,

370 1542 540 1598 οἱονεὶ
573 1541 636 1593 τὸ
669 1539 914 1594 κενωθὲν
940 1538 1293 1610 ἀναπληρῶν.
1311 1539 1550 1610 Ἀνάγκη
1583 1537 1694 1610 γὰρ
1728 1540 1878 1592 πᾶσα
1915 1539 1978 1593 τὸ

369 1637 433 1700 ἐξ
461 1633 654 1696 ὲνάδος
685 1634 770 1696 είς
791 1632 964 1686 δυάδα
993 1633 1350 1703 τεμνόμενον,
1382 1631 1607 1686 ἔλαττον
1633 1631 1827 1685 ἑαυτοῦ
1853 1633 1980 1702 φαί-

373 1732 588 1794 νεσθαι,
622 1730 672 1782 εί
709 1730 784 1799 μή
826 1745 912 1792 τις
943 1725 1088 1798 αὔξη
1117 1725 1603 1798 παρεισδραμοῦσα
1627 1725 1892 1798 προσθείη
1915 1726 1978 1778 τὸ

2073 561 2455 616 excellentiore
2480 575 2642 629 quam
2671 573 2861 615 omnes
2889 567 3150 615 creatum
3181 556 3358 612 modo.

2749 766 2980 822 ALIUD.

2326 877 2682 948 Interrogatio
2719 895 2783 936 ea:
2811 879 3100 947 objectione
3133 875 3400 932 Eunonii.

2150 994 2310 1049 Pater
2339 992 2521 1064 genuit
2552 990 2748 1046 Filium
2784 1006 2850 1045 ex
2888 991 3088 1059 seipso,
3128 998 3187 1043 ut
3209 1004 3304 1044 vos
3333 990 3446 1061 46
3473 988 3652 1046 dicitis

2077 1085 2168 1155 qui
2212 1087 2278 1140 de
2326 1099 2536 1139 summa
2575 1084 2885 1155 dogmatum
2937 1082 3263 1138 rectitudine
3310 1084 3650 1152 gloriamini;

2077 1177 2171 1234 sed
2205 1177 2382 1233 videte
2412 1178 2577 1232 etiam
2609 1178 2730 1232 hoc.
2755 1175 2918 1231 Pater
2946 1185 3072 1231 ante
3097 1176 3498 1244 generationem
3532 1173 3655 1232 Filii

2076 1270 2352 1340 perfectus
2373 1277 2524 1336 erat;
2551 1270 2643 1325 sed
2671 1269 2715 1322 si
2747 1278 3028 1338 postquam
3060 1267 3244 1338 genuit
3271 1268 3323 1321 in
3346 1266 3656 1321 dualitatetn

2079 1364 2282 1418 divisus
2309 1371 2413 1428 cst,
2445 1375 2553 1432 quo
2588 1372 2744 1433 pacto
2771 1359 3012 1415 manebit
3053 1358 3363 1428 perfectus?
3401 1356 3506 1411 nisi
3549 1355 3658 1411 for-

2081 1465 2226 1512 tasse
2273 1457 2326 1511 in
2379 1455 2499 1526 ejus
2547 1453 2851 1510 substantia
2902 1451 3172 1522 suppletio
3215 1448 3458 1519 quaedam
3514 1447 3657 1500 facta

2079 1546 2268 1612 fuerit,
2299 1558 2420 1613 quae
2447 1545 2844 1615 quodammodo
2876 1544 2927 1598 id
2950 1543 3095 1613 quod
3125 1542 3446 1598 exhaustum
3486 1539 3662 1594 iuerat

2079 1639 2364 1709 supplevit.
2410 1635 2787 1693 Necessarium
2829 1637 2975 1690 enim
3021 1649 3247 1705 prorsus
3283 1643 3370 1688 est
3419 1641 3480 1687 ut
3517 1633 3660 1701 quod

2080 1745 2146 1784 ex
2201 1729 2409 1784 unitate
2461 1730 2516 1784 in
2578 1729 2894 1784 dualitatem
2951 1736 3190 1789 secatur.
3247 1726 3426 1780 minus
3481 1724 3665 1792 seipso

376 1823 712 1886 ἐκλελοιπός.
743 1823 808 1874 Ei
849 1820 909 1874 δὲ
949 1820 1195 1874 τοιοῦτον
1225 1820 1378 1876 οὐδὲν
1408 1819 1535 1891 περὶ
1564 1819 1666 1890 τὴν
1699 1818 1854 1872 θείαν
1883 1819 1976 1871 οὐ-

2094 1819 2371 1886 eﬂiciatur,
2413 1821 2515 1876 nisi
2561 1822 2957 1877 incrementum
2989 1817 3208 1886 aliquod
3251 1815 3475 1870 accedat
3517 1813 3663 1883 quod

380 1916 505 1970 σίαν
539 1913 863 1984 συμϐαίνειν
900 1911 1151 1976 δύναται,
1181 1911 1282 1965 οὐκ
1309 1911 1600 1982 ἐγέννησεν
1627 1911 1736 1981 ἄρα
1761 1910 1820 1976 ὲξ
1853 1911 1979 1964 tiatu-

389 2007 486 2060 τοῦ
514 2006 604 2059 τὸν
630 2006 753 2058 Υἱὸν
782 2007 814 2058 ὁ
844 2004 1062 2074 Πατὴρ,
1095 2003 1182 2056 ἵνα
1209 2004 1283 2073 μὴ
1309 2003 1565 2074 φαίνηται
1599 2003 1975 2076 μεριζόμενος⁹

397 2094 599 2164 ὓπέστη
610 2111 662 2147 σε
690 2094 741 2147 δὲ
764 2092 940 2148 αὐτὸν
967 2094 1158 2164 ὅμοιον
1182 2092 1358 2163 ἑαυτῷ
1385 2093 1527 2147 κατὰ
1551 2095 1748 2148 πάντα.

865 2401 1026 2470 Πρὸς
1056 2401 1242 2457 τοῦτο
1277 2403 1480 2470 λύσις.

449 2517 609 2571 Ἔστι
644 2515 748 2586 μὲν
799 2516 894 2569 καὶ
929 2517 988 2582 ἐξ
1023 2516 1229 2590 ἑτέρων
1275 2518 1405 2572 ίδεῖν
1436 2519 1520 2572 ὅτι
1554 2517 1753 2590 πολλὴν
1781 2520 1831 2574 oi
1864 2537 1982 2590 χρι-

379 2609 643 2678 στομάχοι
671 2605 896 2662 νοσοῦσι
925 2608 1143 2679 φρενῶν
1171 2609 1428 2680 ἐρημίαν,
1450 2609 1600 2665 οὐδὲν
1622 2610 1680 2664 δὲ
1703 2606 1866 2682 ἦττον
1889 2613 1982 2668 καὶ

370 2704 463 2758 διὰ
483 2702 722 2756 τούτων.
760 2700 1082 2758 Πλανῶνται
1129 2701 1240 2775 γὰρ
1287 2703 1478 2769 ὅντως,
1517 2703 1591 2774 μὴ
1638 2704 1842 2770 εἰδότες
1885 2706 1984 2771 τὰς

372 2793 606 2863 Γραφάς
641 2791 783 2862 μηδὲ
814 2790 916 2861 τὴν
939 2790 1172 2864 δύναμιν
1203 2790 1298 2852 τοῦ
1330 2791 1485 2847 Θεοῦ.
1516 2792 1640 2856 Πῶς
1667 2792 1775 2863 γὰρ
1799 2795 1984 2866 ὅμοιον

371 2887 532 2940 ἔσται
567 2885 718 2940 κατά
749 2886 931 2938 πάντα
959 2883 1039 2954 τῷ
1077 2884 1320 2955 ἀκτίστῳ
1357 2885 1453 2939 καὶ
1481 2885 1568 2938 ἀεὶ
1597 2885 1710 2940 ὄντι
1741 2887 1863 2958 Θεῷ
1887 2891 1985 2942 καὶ

2082 1911 2353 1966 defectum
2379 1922 2695 1980 compenset
2731 1926 2798 1966 ac
2832 1909 3099 1980 suppleat.
3138 1909 3196 1962 Si
3240 1920 3372 1962 vero
3406 1915 3660 1962 neutrum

2082 2003 2274 2057 horum
2317 2003 2371 2056 in
2413 2003 2595 2057 divina
2629 2012 2820 2056 natura
2861 2001 3120 2056 accidere
3145 2007 3347 2069 potest,
3384 2011 3515 2066 ergo
3551 2009 3662 2050 non

2080 2093 2266 2161 genuit
2292 2093 2452 2149 Pater
2477 2109 2541 2148 ex
2568 2094 2747 2163 seipso
2768 2091 2986 2156 Filium,
3016 2105 3084 2146 ne
3108 2089 3315 2144 divisus
3331 2103 3456 2144 esse
3482 2087 3666 2142 videa-

2085 2194 2211 2251 tur;
2241 2200 2362 2240 enim
2397 2201 2529 2241 vero
2553 2185 2656 2241 sibi
2683 2184 2918 2241 similem
2950 2183 3004 2237 in
3045 2181 3299 2239 omnibus
3337 2180 3468 2237 fecit
3502 2187 3665 2250 atque

2078 2277 2378 2332 constituit.

2590 2413 2801 2468 Salutio
2831 2411 3160 2480 objectiom’s.

2155 2522 2292 2578 Cum
2321 2538 2386 2577 ex
2409 2523 2532 2578 aliis
2557 2523 2741 2580 multis
2759 2533 2974 2580 constet
2997 2532 3200 2593 quanta
3245 2521 3444 2579 montis
3485 2520 3666 2592 inopia

2086 2611 2336 2668 laborent
2386 2613 2572 2668 hostes
2633 2613 2762 2679 Dei,
2835 2623 2948 2667 tum
3007 2613 3357 2668 nihilominus
3405 2625 3473 2667 ex
3525 2611 3665 2668 istis.

2086 2704 2286 2761 Errant
2337 2705 2482 2760 enim
2540 2719 2783 2773 prorsus,
2838 2719 3011 2772 neque
3046 2703 3284 2760 scientes
3333 2703 3669 2772 Scripturas.

2088 2811 2264 2867 neque
2301 2797 2556 2850 virtutem
2609 2795 2702 2848 Dei
2735 2793 2800 2848 “.
2840 2793 3120 2860 Quomodo
3146 2794 3290 2848 enim
3323 2793 3530 2862 aequale
3575 2809 3674 2864 per

2086 2888 2272 2944 omnia
2311 2887 2418 2943 Deo
2449 2901 2514 2941 ac
2553 2886 2702 2940 Patri
2744 2886 2988 2941 iucreato
3021 2899 3347 2958 semperque
3385 2886 3671 2942 exsistenti

371 2979 580 3048 Πατρὶ,
615 2977 677 3030 τὸ
720 2973 780 3039 ἐξ
824 2975 926 3027 οὐκ
965 2973 1138 3028 ὄντων
1169 2975 1249 3038 είς
1280 2975 1576 3030 ὑπόστασιν
1621 2978 1876 3049 ὲνεχθέν;
1921 2982 1984 3036 Ei

2094 2981 2255 3035 fuerit
2284 2980 2334 3034 id
2367 2979 2508 3049 quod
2541 2993 2608 3033 ex
2651 2977 2821 3031 nihilo
2855 2977 2920 3032 ad
2961 2992 3083 3033 esse
3118 2979 3423 3032 traductum
3453 2978 3574 3032 est?
3612 2977 3671 3031 Si

370 3071 488 3142 γὰρ
517 3072 662 3133 ὅλως
692 3068 928 3141 ὑπέστη.
954 3069 1056 3123 οὐκ
1087 3063 1157 3138 ἦν
1194 3067 1436 3139 δηλονότι
1462 3069 1616 3125 ποτέ.
1647 3069 1772 3136 Πῶς
1800 3071 1858 3126 δὲ
1886 3074 1987 3127 οὐκ

2094 3077 2234 3130 enim
2276 3075 2456 3132 factus
2495 3085 2550 3130 et
2589 3076 2918 3132 constitutus
2952 3074 3074 3143 fuit,
3123 3075 3313 3145 procul
3359 3075 3526 3134 dubio
3575 3073 3674 3128 ali-

371 3162 738 3233 αίσχύνονται
779 3161 1087 3232 μερισμοὺς
1115 3162 1210 3212 καὶ
1241 3161 1524 3232 ἀποτομὰς
1559 3163 1689 3233 περὶ
1714 3162 1812 3236 τὴν
1838 3163 1987 3218 Θείαν

2094 3164 2306 3234 quando
2346 3181 2450 3219 non
2484 3165 2606 3222 fuit.
2643 3165 2757 3233 Quo
2792 3176 2951 3236 pacto
2997 3175 3179 3220 autem
3224 3180 3330 3220 non
3370 3166 3536 3234 pudet
3580 3181 3676 3221 eos

377 3254 644 3325 γέννησιν
691 3252 1064 3324 εἰσφέροντες,
1109 3253 1207 3304 καὶ
1235 3253 1349 3316 τοῖς
1377 3251 1480 3322 τῆς
1511 3252 1744 3324 γενητῆς
1775 3253 1988 3322 φύσεως

2094 3256 2388 3311 divisiones
2440 3265 2496 3311 et
2547 3257 2817 3312 sectiones
2865 3259 2918 3312 in
2969 3257 3206 3312 divinam
3267 3257 3673 3328 generationem

2093 3345 2372 3414 inducere,
2395 3355 2450 3401 ct
2477 3346 2800 3404 ineifabilem
2842 3346 3200 3404 substantiam
3243 3357 3440 3404 creatae
3469 3357 3676 3405 natura:

2091 3437 2302 3508 legibus
2348 3437 2664 3508 subjicere?
2710 3438 2896 3511 Neque
2945 3441 3091 3494 enim
3148 3440 3412 3496 creaturis
3465 3441 3562 3497 abs
3617 3456 3677 3498 se

2094 3526 2254 3584 factis
2274 3529 2504 3599 aequalis
2526 3539 2613 3585 est
2635 3529 2799 3596 Deus,
2821 3545 2994 3600 neque
3013 3529 3200 3584 eadem
3221 3529 3435 3585 ratione
3453 3539 3678 3601 generat

2094 3636 2200 3690 qua
2230 3621 2354 3689 illa;
2389 3623 2483 3676 sed
2519 3623 2663 3678 sicut
2692 3621 2745 3676 in
2775 3621 2990 3677 caeteris
3015 3621 3406 3678 omnibusilias
3432 3621 3677 3689 excellit,

2094 3711 2170 3767 ita
2200 3713 2362 3767 etiam
2397 3713 2449 3767 in
2475 3713 2601 3768 hoc.
2631 3710 2700 3766 Et
2729 3712 2774 3767 si
2801 3726 3018 3768 omnem
3047 3718 3284 3767 creatam
3315 3712 3677 3769 substantiam

2095 3803 2241 3859 Deus
2260 3818 2322 3858 ac
2355 3801 2520 3858 Pater
2553 3802 2711 3874 longe
2742 3811 2982 3874 superat,
3008 3803 3116 3859 erit
3144 3805 3309 3861 etiam
3333 3819 3396 3861 ea
3429 3804 3680 3876 superior

2096 3897 2395 3965 generandi
2429 3897 2611 3962 modo,
2663 3895 3011 3952 ineﬂ'abiliter
3044 3897 3332 3970 divineque
3361 3899 3415 3956 id
3449 3899 3676 3958 faciens.

376 3347 573 3416 νόμοις
603 3344 959 3408 ὖποτιθέντες
1003 3345 1104 3414 τὴν
1144 3343 1384 3416 ἄρρητον
1407 3343 1634 3409 οὺσίαν;
1679 3344 1753 3397 Οὐ
1786 3343 1896 3416 γὰρ
1923 3346 1987 3417 δή

376 3455 490 3492 που
539 3440 660 3501 τοῖς
712 3437 935 3502 οἰκείοις
981 3438 1285 3509 ποιήμασιν
1331 3437 1448 3500 ίσος
1492 3435 1644 3490 ἔσται
1679 3436 1832 3503 Θεὸς,
1869 3439 1990 3492 οὐδὲ

377 3528 531 3584 οὕτω
567 3529 831 3598 γεννήσει
859 3526 1116 3599 καθάπερ
1147 3528 1353 3580 ἐκεῖνα·
1376 3525 1494 3580 ἀλλ’
1534 3525 1725 3598 ὥσπερ
1750 3529 1810 3580 ὲν
1841 3527 1988 3582 ᾶπα-

383 3642 476 3677 σιν
529 3620 800 3694 ὑπερέχει
850 3619 1052 3684 αὐτῶν,
1108 3617 1286 3683 οὕτως
1336 3617 1592 3690 ὑπερέξει
1641 3619 1744 3673 κάν
1791 3618 1988 3691 τούτῳ.

380 3715 497 3769 Καὶ
530 3715 583 3768 εἰ
615 3714 799 3783 πάσης
843 3711 956 3766 ἄνω
981 3711 1219 3782 γενητῆς
1266 3711 1456 3774 οὐσίας
1486 3712 1635 3765 ἐστὶν
1675 3713 1704 3765 ὁ
1733 3710 1867 3775 Θεὸς
1896 3713 1992 3766 καὶ

380 3806 607 3876 Πατὴρ,
646 3805 762 3859 ἀνω
805 3803 974 3858 πάλιν
1003 3804 1177 3873 αὐτῆς
1213 3801 1364 3855 ἔσται
1407 3803 1503 3855 καὶ
1540 3801 1682 3856 κατά
1709 3801 1798 3856 τὸν
1826 3804 1884 3855 ἐν
1916 3801 1992 3872 τῷ

382 3899 590 3968 γεννᾷν
634 3897 862 3968 τρόπον,
904 3895 1160 3967 ἀρρήτως
1202 3893 1363 3948 τοῦτο
1409 3893 1579 3947 ποιῶν
1625 3895 1721 3948 καὶ
1768 3893 1992 3965 θεοπρε-

385 4005 533 4053 πως.

1094 4100 1297 4153 ΑΛΛΟ.

461 4217 794 4291 λιερισμοῦς
811 4215 906 4269 καὶ
924 4212 1253 4276 ἐλαττώσεις
1273 4206 1590 4283 ὑπομένειν,
1622 4212 1795 4285 αὔξην
1816 4232 1875 4268 τε
1901 4215 1995 4268 καὶ

390 4309 746 4380 πληθυσμὸν,
769 4308 864 4360 καὶ
895 4307 997 4370 τὰς
1031 4307 1088 4358 ὲν
1132 4303 1210 4374 τῷ
1241 4304 1448 4358 τίκτειν
1478 4305 1778 4377 ἀπορροίας
1811 4306 1997 4376 σωμά-

387 4419 525 4466 των,
561 4400 698 4454 ῐδιον
732 4398 831 4452 καὶ
859 4397 971 4451 τῶν
1003 4397 1106 4450 ὅσα
1130 4394 1233 4465 τῆς
1253 4396 1488 4466 γενητῆς
1521 4395 1710 4458 οὐσίας
1738 4395 1903 4451 ἐστίν.
1933 4397 1997 4449 Ei

389 4494 577 4548 τοίνυν
607 4491 758 4545 οὕτω
779 4489 954 4543 τίκτει
993 4488 1147 4551 Θεὸς,
1177 4488 1368 4559 ὥσπερ
1395 4487 1490 4542 καὶ
1514 4488 1589 4542 τὰ
1623 4487 1870 4557 σώματα,
1901 4489 1998 4544 καὶ

392 4585 672 4655 κρατήσει
698 4581 866 4651 νόμος
897 4579 984 4633 ἐπ’
1007 4577 1172 4633 αὐτοῦ
1201 4579 1444 4642 τοιοῦτος
1472 4580 1658 4643 ὁποῖος
1687 4581 1746 4634 ὲν
1767 4582 1881 4645 τοῖς
1901 4598 1999 4636 πε-

394 4676 750 4747 ποιημένοις,
780 4673 926 4728 οὕτω
969 4670 1066 4726 καί
1092 4671 1490 4743 δημιουργήσει
1526 4672 1780 4743 καθάπερ
1807 4673 1902 4726 καὶ
1928 4673 1999 4727 τὰ

397 4773 660 4842 σώματα,
692 4767 949 4840 ὀργάνοις
976 4765 1176 4837 δηλαδὴ
1212 4765 1308 4820 καὶ
1339 4766 1494 4837 χερσὶ
1540 4766 1899 4838 κεχρημένος.
1936 4769 2002 4822 Ei

393 4866 455 4919 δὲ
481 4867 586 4934 τῆς
615 4859 940 4932 σωματικῆς
970 4859 1066 4916 καὶ
1092 4857 1329 4929 γενητῆς
1359 4857 1570 4926 φύσεως
1603 4859 1748 4913 οὕτω
1771 4860 2004 4930 δυναμέ-

396 4974 502 5028 νης
530 4955 897 5026 δημιουργεῖν
929 4951 1024 5004 καὶ
1045 4949 1146 5021 οὐχ
1171 4949 1394 5018 ἑτέρως,
1411 4949 1555 5021 λόγῳ
1581 4951 1648 5005 τά
1675 4950 1853 5005 πάντα
1873 4951 2006 5014 Θεὸς

395 5044 729 5120 ἐργάζεται,
777 5042 876 5096 καὶ
920 5041 977 5093 ὲν
1009 5042 1077 5112 τῇ
1125 5037 1292 5094 αὑτοῦ
1331 5038 1585 5110 βουλήσει
1626 5039 1696 5094 τὰ
1734 5041 1862 5095 ὄντα
1906 5042 2006 5112 τὴν

397 5143 675 5197 σύστασιν
703 5138 842 5208 ἔχει,
861 5134 979 5198 πῶς
1001 5134 1064 5188 οὐ
1093 5133 1298 5203 γελοῖον
1330 5135 1390 5187 ὲν
1418 5136 1534 5197 τοῖς
1561 5133 2008 5205 ἀξιολογωτέρας

398 5238 504 5292 καὶ
535 5232 756 5305 μείζοσι
789 5227 865 5300 μὴ
899 5227 1013 5282 ἄνω
1042 5226 1256 5280 κεῖσθαι
1285 5226 1496 5290 πάθους
1545 5225 1636 5279 τὸν
1681 5226 1835 5292 Θεὸν,
1872 5227 2006 5297 μηδὲ

400 5324 735 5396 ἐξάλλεσθαι
765 5321 836 5376 τὰ
862 5323 977 5384 τοῖς
1002 5317 1250 5390 σώμασιν
1277 5319 1508 5378 εἰωθότα
1538 5318 1856 5390 συμϐαίνειν
1878 5321 2009 5390 περὶ

400 5419 462 5472 τὸ
485 5417 694 5487 γεννᾷν
718 5455 734 5480 ,
767 5411 885 5467 ἀλλ’
922 5411 998 5475 ὡς
1033 5409 1096 5476 ἐξ
1127 5411 1378 5483 ἀνάγκης
1409 5409 1581 5474 οὕτως
1617 5408 1755 5464 εῖναι
1787 5412 1916 5483 περὶ
1947 5411 2010 5465 τὸ

402 5509 631 5578 γεννᾷν,
650 5504 910 5574 καθάπερ
931 5502 1027 5556 xui.
1051 5502 1121 5558 τὰ
1144 5501 1612 5572 σώματα.Ὤσπερ
1635 5497 1730 5555 οὖν
1749 5502 1813 5572 δη
1822 5519 1944 5572 μιου
1954 5519 2012 5573 ρ-

402 5601 496 5670 γεῖ
530 5599 632 5670 μὲν
689 5596 792 5666 οὐχ
817 5591 1236 5664 ὡςάνθρωπος,
1275 5593 1396 5646 οὐδὲ
1439 5592 1515 5657 ὡς
1543 5593 1724 5663 σῶμα,
1747 5593 1891 5647 οὓτω
1918 5593 2014 5645 καὶ

406 5692 580 5762 γεννᾷ
599 5692 725 5753 ταῖς
745 5687 856 5740 τῶν
883 5685 1158 5756 σωμάτων
1177 5685 1486 5758 συνηθείαις
1504 5687 1600 5757 οὐχ
1628 5685 2008 5758 ὑποκείμενος.

483 5812 534 5844 ⁶δ
573 5807 767 5866 Matth.
813 5819 952 5864 xxii.
992 5802 1083 5856 9.9.

2769 4094 2999 4150 ALIUD.

2183 4207 2486 4263 Divisiones
2565 4214 2622 4262 et
2699 4205 3127 4275 imminutiones,
3206 4207 3563 4276 incrementa,
3629 4218 3686 4265 et

2099 4299 2470 4370 suppletiones
2520 4313 2584 4354 ac
2629 4295 2876 4354 deﬂuxus
2924 4298 2979 4352 in
3033 4301 3342 4370 generando
3392 4314 3682 4370 corporum

2100 4392 2320 4464 prapri-a
2371 4399 2518 4456 sunt,
2558 4399 2831 4446 eteorum
2879 4405 3004 4462 quae
3033 4400 3272 4447 creatam
3321 4393 3682 4449 substantiam

2101 4485 2325 4540 habent.
2374 4483 2432 4539 Si
2480 4484 2646 4554 igitur
2692 4481 2838 4538 Deus
2900 4483 2974 4539 ita
3024 4484 3200 4556 gignit
3240 4485 3378 4539 sicut
3427 4499 3684 4556 corpora.

2104 4578 2405 4648 eademque
2437 4578 2554 4647 lego
2583 4585 2796 4632 tenetur
2816 4589 2922 4646 qua
2953 4585 3240 4641 creatura,
3279 4577 3492 4632 creabit
3517 4578 3683 4632 etiam

2106 4669 2570 4742 quemadmodum
2602 4681 2855 4737 corpora,
2904 4667 3284 4722 instrumentis
3329 4667 3587 4722 nimirum
3631 4677 3688 4724 et

2108 4764 2364 4818 manibus
2401 4770 2584 4816 utens.
2635 4759 2693 4814 Si
2743 4773 2876 4814 vero
2925 4773 3048 4814 cum
3098 4773 3359 4828 corporea
3405 4767 3461 4815 et
3505 4769 3687 4814 creata

2109 4866 2305 4912 natura
2355 4854 2428 4909 ita
2456 4851 2672 4923 operari
2711 4852 2883 4921 possit
2926 4864 3102 4920 neq-ue
3131 4850 3308 4916 aliter,
3356 4850 3499 4906 Deus
3523 4851 3690 4908 verbo

2109 4946 2294 5001 omnia
2337 4952 2614 5015 operatur,
2661 4950 2719 4995 ct
2758 4941 2815 4996 in
2851 4941 2970 5012 ejus
3005 4939 3286 4996 voluntate
3327 4941 3512 4994 omnia
3553 4955 3688 4996 con-

2113 5038 2333 5101 sistunt,
2366 5050 2473 5104 quo
2518 5041 2677 5104 pacto
2721 5046 2828 5088 non
2879 5031 3166 5087 ridiculum
3221 5030 3388 5086 ﬁxerit
3426 5031 3480 5085 in
3529 5031 3694 5088 rebus

2115 5127 2458 5200 dignioribus
2498 5135 2555 5180 et
2588 5125 2846 5182 momenti
2899 5122 3070 5179 Deum
3118 5138 3222 5178 non
3253 5136 3374 5177 esse
3411 5133 3690 5192 expertem

2116 5221 2407 5290 passionis,
2439 5219 2546 5291 47
2565 5233 2742 5288 neque
2766 5231 3052 5286 corporum
3082 5215 3138 5271 in
3160 5214 3469 5287 generando
3499 5215 3693 5270 condi-

2115 5314 2316 5369 tionem
2349 5325 2608 5382 superare
2628 5351 2643 5378 ,
2667 5310 2762 5366 sed
2791 5309 2953 5364 veluti
2995 5308 3324 5363 necessitate
3360 5309 3590 5377 quadam
3621 5309 3690 5364 ita

2115 5419 2376 5477 generare
2432 5411 2492 5457 ut
2531 5401 2765 5472 corpus?
2806 5398 3270 5468 Quemadmodum
3326 5397 3492 5468 igitur
3545 5409 3694 5455 creat

2116 5513 2220 5553 non
2252 5505 2310 5551 ut
2347 5498 2528 5560 homo,
2565 5508 2740 5564 nequc
2786 5503 2845 5549 ut
2887 5506 3108 5563 corpus.
3147 5491 3220 5547 ita
3269 5493 3432 5548 etiam
3474 5503 3697 5564 generat

2117 5607 2406 5664 corporum
2429 5585 2806 5646 consuetudini
2843 5598 3184 5658 nequaquam
3216 5585 3496 5643 astrictus.
