4106 6412
444 351 518 413 79
1437 353 1494 410 S.
1532 352 1804 434 CYBILLI
1844 352 2314 411 ALEXANDRINI
2354 353 2680 413 ARCHIEP.
3640 351 3708 410 SO

790 466 1021 536 ALIUD,
1047 471 1116 524 ad
1145 471 1217 524 rei
1252 470 1674 540 explicationem.

525 586 683 639 Pater
717 583 910 637 Filium
939 597 1004 637 ex
1036 582 1214 652 seipse
1240 581 1444 649 absque
1479 581 1749 637 divisione
1797 591 1891 638 aut
1937 583 2023 638 in-

449 673 675 732 tervallo
713 673 986 742 produxit,
1028 672 1488 740 quemadmodum
1536 680 1589 726 et
1642 671 1725 727 sol
1772 672 2025 742 splendo-

453 784 566 823 rem
593 782 656 820 ex
707 781 766 821 se
814 765 1096 819 emissum.
1140 763 1400 828 Quamvis
1445 763 1699 832 splendor
1735 764 1870 820 solis
1913 781 2024 820 non

452 861 651 914 habeat
699 856 974 928 propriam
1021 854 1381 925 ltypostasim,
1418 867 1594 922 neque
1632 854 1872 922 perfecte
1911 856 2027 926 ipse

452 953 506 1006 in
550 951 731 1020 seipso
765 951 1001 1004 essentia
1051 947 1124 1001 sit
1159 963 1172 1000 :
1227 946 1389 1000 habet
1422 945 1570 1000 enim
1614 961 1772 1002 suum
1805 961 1927 1002 esse
1972 948 2024 1003 in

452 1043 595 1107 sole;
644 1041 887 1095 divinum
931 1053 1064 1094 vero
1111 1038 1360 1106 genimen
1409 1037 1512 1092 hoc
1563 1045 1772 1093 tantum
1816 1053 1880 1092 ex
1925 1039 2027 1092 hoc

450 1134 696 1202 exemplo
723 1133 884 1186 liabet
929 1130 1072 1200 quod
1116 1143 1184 1182 ex
1223 1127 1388 1182 Patre
1426 1129 1686 1198 procedat
1727 1129 1863 1183 citra
1893 1129 2029 1184 divi-

451 1228 659 1282 sionem
690 1224 854 1278 ullam
890 1231 950 1279 et
975 1222 1184 1291 absque
1220 1221 1422 1290 spatio,
1451 1222 1836 1290 propriamque
1867 1221 2028 1276 habet

453 1315 790 1388 ltypostasim
819 1329 926 1367 non
954 1320 1262 1382 separatam
1305 1325 1333 1364 a
1360 1309 1540 1374 Patre,
1573 1311 1668 1365 sed
1701 1311 1752 1365 in
1778 1310 1940 1366 Patre
1971 1321 2029 1366 et

452 1423 572 1463 cum
627 1405 791 1462 Patre
829 1403 1158 1459 intellectam
1204 1410 1368 1470 atque
1421 1401 1796 1456 exsistentem.
1839 1401 2030 1456 Dicere

453 1508 634 1553 autem
677 1496 972 1552 sectionem
1028 1504 1082 1550 et
1124 1494 1454 1548 decisionem
1497 1493 1551 1548 in
1581 1493 1760 1548 divina
1812 1507 2030 1562 genera-

455 1589 602 1642 tione
629 1585 828 1640 faetam
855 1586 1042 1649 fuisse,
1076 1584 1331 1638 immanis
1364 1581 1588 1637 insaniae
1622 1591 1705 1637 est
1735 1583 2030 1636 documen-

455 1686 591 1732 tum.
623 1675 754 1731 Cum
785 1675 928 1730 enim
953 1675 1207 1730 divinitas
1239 1673 1358 1728 loco
1389 1689 1495 1729 non
1519 1670 2022 1736 circumscribatur,

455 1783 525 1823 ne
555 1768 606 1822 id
629 1767 847 1837 quidem
879 1768 1021 1836 quod
1043 1781 1111 1822 ex
1137 1781 1203 1822 eo
1223 1765 1468 1834 procedit
1489 1765 1542 1818 in
1574 1763 1692 1819 loco
1729 1763 1852 1818 erit.
1872 1761 2024 1829 Quod

455 1875 586 1916 vero
609 1874 782 1928 neque
807 1859 858 1913 in
896 1860 1013 1912 loco
1040 1867 1146 1923 est,
1175 1872 1351 1926 neque
1385 1872 1504 1912 esse
1532 1864 1730 1925 potest,
1760 1853 2028 1924 quomodo
2061 1846 2102 1904 Β

455 1952 695 2023 separari
717 1951 929 2021 potest?
949 1951 1194 2016 Quonam
1221 1951 1365 2002 enim
1392 1947 1490 2002 ibit
1512 1947 1656 2016 quod
1680 1955 1887 2002 sectum
1909 1943 2029 1998 est?

454 2051 547 2099 aut
572 2059 604 2098 e
639 2057 747 2112 quo
774 2043 826 2096 in
848 2056 1009 2110 quem
1043 2037 1442 2094 transferetur?
1471 2037 1587 2092 haec
1614 2034 1879 2106 siquidem
1907 2048 2031 2090 cor-

456 2149 646 2204 porum
695 2140 823 2188 sunt
862 2131 1130 2201 propria,
1178 2130 1246 2184 ab
1299 2129 1620 2197 incorporea
1671 2140 1802 2181 vero
1837 2135 2029 2180 natura

455 2240 680 2298 prorsus
725 2224 924 2282 aliena.
969 2221 1045 2276 Ne
1095 2221 1260 2292 igitur
1294 2221 1460 2289 impie
1490 2222 1542 2273 in
1592 2220 1772 2275 divina
1801 2233 2035 2290 genera-

459 2319 606 2372 tione
655 2311 941 2375 delluxus,
1000 2311 1396 2380 separationes,
1465 2319 1630 2378 atque
1685 2311 1773 2365 bis
1836 2309 2034 2364 similia

456 2405 968 2462 comminiscentur.
996 2399 1274 2470 ‘Suprema
1327 2399 1469 2454 enim
1516 2400 1606 2454 illa
1646 2399 1890 2454 omnium
1933 2414 2032 2452 na-

459 2509 580 2552 tura
605 2495 739 2550 nulli
766 2493 1026 2564 passioni,
1061 2491 1386 2562 separationi
1423 2500 1517 2545 aut
1545 2490 1771 2546 sectioni
1822 2499 1907 2546 est
1933 2491 2033 2545 ob-

460 2587 644 2654 noxia,
699 2599 880 2655 neque
929 2597 1216 2652 corporum
1269 2583 1630 2652 proprietates
1682 2582 1894 2652 recipit.
1925 2581 2031 2636 Sed

457 2678 908 2748 quemadmodum
957 2682 1113 2729 creat
1172 2672 1537 2738 mirabiliter,
1592 2672 1863 2743 longeque
1927 2672 2035 2726 alio

457 2783 618 2837 quam
672 2775 857 2820 nostra
900 2762 1241 2819 consuetudo
1276 2763 1380 2815 fert
1412 2761 1594 2828 modo,
1650 2762 1723 2816 ita
1762 2761 1923 2817 etiam
1950 2774 2037 2830 ge-

460 2868 614 2914 nerat
639 2873 706 2912 ex
739 2870 800 2911 se
831 2855 936 2908 alia
969 2853 1181 2908 ratione
1207 2867 1370 2922 quam
1403 2866 1526 2907 nos.

462 2988 724 3060 Exempla
776 2989 1131 3058 particulatim
1175 2981 1505 3060 declargntia
1541 3002 1642 3054 quo
1670 2996 1822 3055 pacto
1861 2986 2037 3045 Filius

694 3055 826 3118 citra
858 3060 1241 3130 reparationem
1281 3073 1308 3111 ε
1339 3055 1499 3111 Patre
1522 3061 1797 3126 processit.

533 3197 726 3255 Sermo
753 3193 1150 3258 enuntiativus,
1183 3206 1292 3263 quo
1323 3191 1548 3258 utimur,
1584 3193 1638 3247 in
1676 3202 1859 3248 mente
1889 3203 1943 3250 et
1970 3207 2037 3249 ex
2063 3186 2107 3244 C

459 3301 642 3346 mente
669 3288 932 3359 gignitur,
963 3297 1127 3355 atque
1151 3285 1290 3340 alius
1314 3285 1532 3354 quidem
1573 3285 1790 3340 videtur
1814 3299 1938 3340 esse
1968 3285 2038 3338 ab

459 3397 526 3438 eo
562 3381 654 3450 qui
695 3379 750 3433 in
791 3377 956 3433 corde
989 3375 1250 3446 agitatur.
1281 3384 1551 3445 quatenus
1585 3385 1741 3431 extra
1776 3389 1839 3431 os
1868 3375 2036 3430 veluti

459 3488 490 3530 e
520 3471 763 3527 tenebris
794 3471 848 3525 in
879 3469 1056 3524 lucem
1085 3467 1394 3532 emittitur;
1426 3475 1513 3524 est
1541 3475 1722 3522 autem
1759 3482 1952 3523 rursus
1985 3468 2035 3521 in

459 3581 548 3631 eo,
573 3564 876 3632 similisque
914 3561 962 3616 ei
1014 3569 1098 3616 est
1136 3575 1234 3629 per
1265 3561 1471 3615 omnia.
1509 3560 1564 3615 ln
1607 3573 1859 3615 sermone
1891 3559 2038 3614 enim

460 3657 676 3711 videtur
716 3653 974 3724 cogitatio
1005 3650 1208 3714 cordis,
1233 3658 1286 3705 et
1324 3665 1514 3706 rursus
1550 3651 1603 3704 in
1633 3658 1816 3704 mente
1859 3663 2040 3704 sermo

461 3749 701 3805 nondum
752 3743 1021 3813 loquendo
1059 3757 1376 3811 eXpressus.
1407 3741 1482 3795 lta
1522 3741 1684 3796 etiam
1722 3739 1890 3795 Filius
1922 3739 2040 3803 Dei,

462 3843 668 3912 absque
711 3836 1060 3908 separatione
1103 3849 1134 3890 e
1176 3834 1340 3889 Patre
1388 3833 1710 3904 procedens,
1755 3831 1870 3904 48
1912 3830 2044 3886 cha-

460 3943 644 3988 racter
673 3940 757 3987 est
781 3938 832 3985 et
858 3942 1116 3999 expressa
1147 3928 1319 3998 ﬁgura
1348 3925 1701 3996 pr0prietatis
1723 3939 1833 3980 sua:
1859 3942 1873 3979 :
1907 3923 2042 3979 Ver-

457 4026 588 4081 bum
627 4023 770 4078 enim
819 4029 904 4077 est
943 4019 1285 4090 bypostatice
1328 4015 1600 4074 exsistens
1643 4023 1699 4072 et
1745 4015 1935 4071 vivens
1973 4029 2040 4069 ex

460 4117 583 4172 vivo
615 4113 794 4170 Patre.

1137 4239 1366 4298 ALIUD.

531 4359 608 4415 ita
640 4357 827 4428 genuit
846 4371 914 4412 ex
941 4370 1000 4411 se
1031 4354 1193 4410 Pater
1215 4353 1412 4409 Filium
1445 4352 1652 4422 absque
1677 4351 2042 4422 separatione,

2573 473 2777 534 AAAU,
2809 465 3262 540 διηγηματικῶς.

2209 587 2269 641 '0
2299 586 2486 659 Πατὴρ
2521 584 2818 656 ἐξέλαμψεν
2867 582 2926 648 ἐξ
2967 581 3161 636 ἑαυτοῦ
3193 581 3284 634 τὸν
3339 579 3467 634 Υἱδν
3514 581 3707 654 ἁμερίο-

2131 696 2270 743 στως
2310 695 2370 731 τε
2409 678 2502 730 καί
2531 675 2886 737 ἀδιαστάτως,
2929 673 3119 742 ὥσπερ
3157 666 3250 726 οῦν
3279 673 3372 725 καὶ
3407 673 3436 724 ὁ
3461 673 3612 744 ἥλιος
3650 671 3710 726 τδ-

2130 767 2190 834 ὲξ
2227 766 2394 820 αὑτοῦ
2436 765 2787 836 πεμπόμενον
2829 762 3194 832 ἀπαύγασμα.
3234 762 3372 816 Ἀλλ’
3405 763 3582 817 ἐκεῖνο
3613 764 3712 834 μὲν

2128 860 2229 913 οὑκ
2275 857 2639 912 ίδιοσύστατον
2680 853 2802 908 οὑδὲ
2828 854 2927 924 τὴν
2958 853 3148 907 ούσίαν
3176 853 3389 916 ἐντελὲς
3422 854 3554 906 αὑτὸ
3586 853 3711 908 καθ’

2131 949 2296 1006 αὑτόο
2330 948 2442 1019 ἔχει
2494 947 2601 1018 γὰρ
2648 947 2706 1000 ὲν
2747 944 2825 1016 τῷ
2859 944 2998 1015 ἡλίῳ
3037 943 3100 997 τὸ
3146 939 3320 998 εἶναι’
3359 943 3420 996 τὸ
3464 943 3522 998 δὲ
3571 944 3714 998 θεῖον

2129 1041 2375 1111 γέννημα
2424 1039 2584 1109 μόνον
2635 1037 2758 1107 ἔχον
2805 1037 2870 1090 ἐκ
2913 1035 3008 1090 τοῦ
3058 1035 3506 1107 παραδείγματος
3540 1035 3601 1088 τὸ
3648 1036 3715 1089 ὲκ

2132 1130 2340 1202 [ἰατρὸς
2371 1126 2650 1200 προελθεῖν
2693 1125 3010 1196 ἀμερίστως
3039 1125 3136 1178 καὶ
3180 1125 3540 1190 ἀδιαστάτως,
3579 1124 3715 1178 ίδίαν

2130 1221 2242 1292 ἔχει
2276 1220 2375 1290 τὴν
2408 1217 2642 1292 ὓπαρξιν
2670 1217 2731 1270 οὑ
2765 1215 3182 1287 κεχωρισμένην
3208 1216 3304 1270 τοῦ
3333 1215 3566 1287 Πατρδς,
3597 1207 3714 1270 ἀλλ’

2130 1314 2188 1366 ὲν
2222 1310 2395 1380 Πατρὶ
2424 1310 2520 1363 καὶ
2554 1308 2691 1380 μετὰ
2718 1308 2931 1380 Πατρὸς
2973 1308 3273 1379 νοουμένην
3307 1307 3404 1361 καὶ
3442 1307 3718 1378 ὑπάρχου-

2133 1421 2251 1458 σαν.
2281 1401 2352 1455 Τὸ
2381 1401 2437 1454 δὲ
2473 1400 2651 1469 λέγειν
2695 1401 2778 1454 ὅτι
2810 1399 2952 1471 τομὴ
3005 1399 3102 1453 καὶ
3149 1399 3402 1471 ἀποκοπὴ
3448 1400 3576 1470 περὶ
3617 1397 3718 1469 τὴν

2129 1497 2381 1568 γέννησιν
2430 1495 2595 1548 αὑτοῦ
2655 1495 2882 1564 γέγονε,
2940 1494 3138 1565 μανίας
3195 1494 3433 1564 ἀμέτρου
3490 1495 3720 1564 σημεῖόν

2129 1588 2296 1643 ἐστιν.
2339 1586 2558 1656 Ἐπειδὴ
2610 1586 2720 1656 γὰρ
2769 1587 2870 1640 οὑκ
2902 1588 2960 1639 ὲν
3005 1586 3159 1656 τόπῳ
3216 1585 3606 1657 περιείληπται
3659 1584 3722 1638 τὸ

2132 1677 2296 1741 θεῖον,
2335 1678 2456 1732 οὑδὲ
2483 1680 2541 1731 ὲν
2571 1682 2722 1749 τόπῳ
2751 1677 2978 1750 τοιούτῳ
3007 1679 3068 1732 τὸ
3102 1677 3162 1743 ἐξ
3194 1677 3379 1732 αὑτοῦ.
3427 1677 3501 1730 Τὸ
3547 1676 3605 1730 δὲ
3641 1675 3720 1747 μὴ

2129 1766 2188 1820 ὃν
2220 1769 2279 1821 ἐν
2307 1768 2474 1838 τόπῳ,
2518 1768 2550 1840 ἢ
2583 1770 2678 1822 καὶ
2715 1768 2788 1840 μὴ
2835 1764 2974 1822 εἶναι
3019 1769 3336 1838 δυνάμενον,
3373 1767 3492 1832 πῶς
3536 1767 3721 1821 ἐπιδέ-

2131 1876 2283 1930 χεται
2328 1859 2625 1930 μερισμόν;
2673 1861 2772 1913 Ποῖ
2831 1859 2939 1930 γὰρ
2979 1861 3221 1931 χωρήσει
3250 1860 3311 1912 τὸ
3343 1859 3720 1930 τεμνόμενον;

2132 1953 2164 2022 ἦ
2194 1954 2258 2006 ὲκ
2285 1951 2427 2016 τίνος
2452 1953 2531 2016 είς
2559 1953 2612 2005 τί
2646 1954 3028 2023 μετοιχήσεται
3056 1970 3070 2018 ;
3101 1952 3275 2006 ταῦτα
3305 1951 3414 2022 γὰρ
3450 1952 3722 2022 σωμάτων

2136 2043 2235 2114 μὲν
2268 2043 2406 2107 ίδια,
2441 2044 2540 2112 τῆς
2581 2043 2639 2097 δὲ
2669 2044 2961 2114 ἀσωμάτου
3000 2043 3214 2114 φύσεως
3258 2041 3538 2106 παντελῶς
3567 2043 3726 2097 ἀλλό-

2132 2151 2280 2206 τρια.
2314 2134 2406 2205 Μὴ
2438 2133 2617 2188 τοίνυν
2641 2133 2919 2198 δυσσεϐῶς
2949 2133 3382 2188 ἅναπλάττωσάν
3413 2150 3559 2196 τινες
3593 2133 3727 2204 περὶ

2132 2226 2234 2296 τὴν
2277 2225 2429 2280 θείαν
2475 2226 2728 2296 γέννησιν
2769 2226 2867 2289 τάς
2893 2243 2955 2279 τε
3007 2227 3352 2296 καλουμένας
3381 2224 3724 2298 ἀπορροίας,

2136 2316 2231 2370 καὶ
2267 2323 2591 2388 μερισμοὺς,
2635 2318 2732 2370 καὶ
2761 2317 2861 2370 ὅσα
2896 2318 3035 2389 πρὸς
3075 2317 3249 2371 ταῦτα
3275 2318 3372 2390 τὴν
3402 2319 3726 2387 συγγένειαν

2136 2405 2270 2476 ἔχει.
2303 2408 2451 2460 Ἀνω
2498 2409 2608 2476 γὰρ
2643 2406 2851 2470 πάθους
2884 2407 2980 2460 καὶ
3017 2407 3290 2480 μερισμοῦ
3322 2409 3416 2462 καὶ
3447 2409 3648 2479 τομῆς,
3690 2410 3725 2479 ἡ

2133 2496 2244 2550 τῶν
2275 2497 2492 2551 πάντων
2531 2497 2902 2568 ὑπερκειμένη
2934 2497 3117 2567 φύσις,
3145 2499 3241 2552 καὶ
3277 2500 3378 2552 οὑκ
3413 2498 3722 2564 ἐπιδέξεται

2135 2588 2206 2641 τὰ
2254 2589 2523 2659 σωμάτων
2555 2589 2680 2642 ίδια.
2726 2589 2866 2643 Ἀλλ’
2896 2589 3089 2661 ὥσπερ
3129 2574 3456 2664 δημιουργεῖ
3483 2593 3726 2663 παραδό-

2138 2678 2278 2746 ξως,
2321 2679 2382 2732 οὑ
2414 2679 2555 2733 κατά
2597 2681 2689 2734 τὸν
2736 2682 2836 2752 τῆς
2878 2682 3190 2756 κρατούσης
3242 2684 3374 2755 παρ’
3418 2686 3554 2756 ⁴ἡμῖν
3598 2703 3727 2738 συν-

2135 2771 2324 2843 ηθείας
2357 2773 2539 2842 νόμον,
2570 2773 2713 2827 οὕτω
2743 2775 2838 2828 καὶ
2873 2775 3126 2846 γεννήσει
3153 2775 3214 2829 τὸ
3247 2775 3306 2843 ἐξ
3348 2777 3522 2848 αὑτῆς
3561 2777 3730 2845 ξένως

2136 2861 2172 2936 ἦ
2199 2861 2320 2918 καθ’
2349 2862 2532 2935 ἡμῶν.
3014 2884 3018 2902 τ

2152 2995 2590 3066 ’Υποδείγματα
2654 2999 2912 3066 μερικῶς
2982 2998 3360 3066 σημαίνοντα
3429 2997 3528 3060 τὸ,
3604 2997 3730 3064 πῶς

2282 3068 2620 3137 ἀμερίστως
2647 3069 2716 3121 ἐκ
2757 3068 2988 3136 Πατρός
3024 3067 3333 3136 προῆλθεν
3364 3071 3398 3122 ὁ
3431 3071 3584 3135 Υἱός.

2222 3201 2280 3254 '0
2333 3199 2486 3269 λόγος
2524 3193 2678 3264 οὗτος
2726 3201 2754 3254 ὁ
2792 3199 3125 3271 προφορικὸς
3172 3193 3216 3268 ᾧ
3263 3200 3618 3272 κεχρήμεθα,
3652 3202 3733 3264 είς

2140 3291 2265 3348 νοῦν
2295 3293 2392 3347 καὶ
2421 3295 2488 3346 ἐκ
2519 3292 2610 3348 νοῦ
2653 3295 2933 3362 γεννᾶται,
2967 3297 3060 3348 καὶ
3097 3295 3247 3348 δοκεῖ
3280 3296 3382 3366 μὲν
3421 3296 3608 3367 ’ἐτερος
3655 3291 3736 3350 sl-

2142 3401 2230 3437 ναι
2261 3383 2413 3454 παρὰ
2442 3385 2534 3436 τὸν
2563 3385 2622 3438 ὲν
2650 3383 2848 3455 καρδίᾳ
2887 3388 3276 3456 στρεφόμενον,
3311 3385 3449 3438 καθὸ
3480 3385 3586 3451 ἔξω
3617 3386 3737 3441 στό-

2145 3490 2315 3544 ματος
2368 3473 2610 3542 γίγνεται
2653 3474 3009 3545 πεμπόμενος
3051 3474 3241 3544 ὥσπερ
3292 3477 3357 3527 ὲκ
3411 3474 3610 3545 βάθους
3654 3477 3737 3538 εἰς

2142 3564 2277 3634 φῶς.
2312 3565 2467 3618 Ἔστι
2499 3565 2557 3617 δὲ
2594 3564 2756 3618 πάλιν
2789 3566 2846 3619 ὲν
2875 3564 3045 3635 αὑτῷ,
3077 3566 3172 3619 καὶ
3199 3567 3385 3638 ὅμοιος
3416 3567 3565 3638 αύτῷ
3593 3569 3734 3622 κατὰ

2143 3655 2340 3711 πάντα.
2368 3657 2525 3710 Ἐστι
2565 3657 2675 3728 γὰρ
2707 3657 2833 3710 ἰδεῖν
2879 3659 2935 3710 ἐν
2965 3658 3115 3728 αὑτῷ
3150 3659 3295 3730 λόγῳ
3327 3659 3418 3713 τὸν
3449 3661 3506 3714 ὲν
3537 3661 3736 3732 καρδίᾳ

2143 3746 2412 3817 κληθέντα
2441 3748 2721 3819 λογισμὸν,
2749 3748 2843 3802 καὶ
2868 3749 3032 3803 πάλιν
3062 3751 3119 3804 ὲν
3151 3750 3228 3822 τῷ
3250 3750 3325 3822 νῷ
3352 3751 3443 3806 τὸν
3468 3753 3627 3821 λόγον
3653 3751 3734 3804 ἔτι

2145 3844 2520 3915 σιωπώμενον.
2563 3843 2720 3900 Οὑτω
2754 3847 2848 3901 καὶ
2877 3849 2906 3900 δ
2939 3846 3070 3910 Υἱὸς
3104 3846 3195 3900 τοῦ
3227 3847 3389 3912 Θεοῦ,
3419 3848 3734 3920 ἀμερίστως

2143 3939 2210 3992 ἐκ
2232 3936 2446 4009 Πατρδς
2469 3937 2767 4007 προελθὼν,
2789 3939 3078 4010 χαρακτήρ
3099 3939 3214 3992 ἐστι
3241 3940 3336 3993 καὶ
3356 3938 3606 4010 ὁμοίωμα
3634 3940 3736 4012 τῆς

2147 4032 2407 4102 ἰδιότητος
2451 4032 2638 4096 αὑτοῦ,
2666 4031 2838 4100 Λόγος
2867 4030 2944 4085 ὢν
2991 4031 3362 4096 ὲνυπόστατος
3408 4031 3502 4086 καὶ
3533 4030 3642 4096 ζῶν
3670 4034 3738 4086 ἐκ

2145 4123 2344 4189 ζῶντος
2383 4124 2614 4195 Πατρός.

2832 4260 3038 4314 ΑΛΛΟ.

2216 4372 2405 4438 Οὕτως
2465 4372 2758 4446 ἐγέννησεν
2805 4371 2867 4438 ἐξ
2920 4372 3115 4427 ἑαυτοῦ
3165 4373 3258 4427 τὸν
3303 4373 3434 4427 Υίὸν
3481 4374 3510 4426 ὁ
3544 4373 3738 4446 Πατὴρ

459 4467 525 4507 ac
556 4453 601 4506 si
632 4450 848 4518 sapiens
874 4445 1073 4516 aliquis
1115 4447 1303 4515 gignat
1337 4443 1554 4514 aliquod
1595 4445 1896 4509 inventum,
1927 4444 2037 4499 sive

2146 4443 2603 4535 ἀμερίστωςςὼς
2637 4443 2704 4517 ἀν
2737 4464 2786 4518 εί
2830 4463 2993 4533 σοφὸς
3026 4463 3286 4517 ἀποτέκοι
3332 4464 3512 4535 νόημα
3549 4443 3734 4534 σοφὸν,

462 4540 862 4603 ntecbanicum,
899 4538 1014 4593 sive
1039 4535 1457 4606 geometricum,
1493 4535 1609 4590 sive
1642 4533 1907 4603 ejusmodi
1938 4535 2037 4590 ali-

2147 4533 2458 4622 μηχανικὴν
2503 4550 2687 4620 τυχὸν,
2734 4552 2768 4622 ἢ
2802 4553 3168 4623 γεωμετρίαν,
3215 4552 3250 4623 ἢ
3296 4533 3482 4624 ἕτερόν
3523 4571 3576 4608 τι
3625 4533 3738 4608 τῶν

459 4631 609 4702 quid.
636 4629 900 4685 Videntur
926 4627 1072 4681 enim
1105 4624 1511 4695 quodammodo
1535 4625 1816 4695 sapientiae
1833 4626 2042 4683 fructus

459 4739 601 4788 esse,
630 4731 793 4790 atque
821 4721 894 4773 ita
928 4725 1126 4772 natura
1157 4730 1216 4770 se
1260 4715 1496 4783 habent;
1525 4717 1677 4787 atqui
1711 4732 1817 4772 non
1845 4726 1929 4774 est
1957 4732 2042 4772 se-

461 4821 649 4884 parata
683 4827 711 4865 a
758 4807 1025 4878 sapientia
1070 4820 1160 4860 ars
1190 4819 1310 4874 quae
1355 4819 1423 4860 ex
1469 4821 1533 4862 ea
1566 4816 1650 4862 est
1689 4809 2040 4878 excogitata:

461 4903 557 4962 sed
589 4913 670 4962 est
710 4917 777 4957 ex
825 4901 941 4968 ipsa
975 4909 1030 4952 et
1060 4898 1113 4950 in
1163 4898 1276 4966 ipsa
1303 4898 1584 4967 genitricis
1617 4915 1728 4955 suae
1753 4901 2041 4970 imaginem

461 4997 813 5067 exprimens,
862 4999 920 5047 et
955 4989 1092 5044 citra
1131 4991 1534 5058 separationem
1572 4993 1720 5048 aliud
1761 4995 2041 5066 quidpiam

464 5104 588 5146 esse
615 5086 849 5142 videtur.
875 5081 956 5137 lta
1000 5090 1055 5135 et
1089 5083 1367 5154 generatio
1395 5083 1539 5151 Filii,
1568 5101 1692 5140 cum
1724 5087 1796 5141 sit
1833 5087 2042 5157 absque

462 5180 808 5252 separatione
853 5189 920 5229 ex
961 5172 1141 5240 Patre,
1191 5176 1244 5231 in
1294 5191 1390 5232 sua
1436 5178 1713 5250 ltypostasi
1751 5189 2040 5244 servatur,

459 5278 623 5345 longe
651 5283 831 5326 tamen
874 5266 1034 5338 hujus
1064 5269 1295 5340 exempli
1353 5270 1467 5327 sive
1499 5271 1873 5328 similitudinis
1933 5272 2040 5327 vim

457 5363 749 5422 excedens.

1132 5475 1364 5534 ALIUD.

531 5591 633 5660 Qui
660 5589 962 5646 divinorum
991 5590 1304 5662 dogmatum
1324 5591 1612 5646 veritatem
1636 5602 1910 5662 quaerunt,
1934 5607 2039 5648 non

461 5683 516 5738 in
541 5683 809 5738 humanas
861 5682 1097 5737 rationes
1134 5682 1335 5737 mentis
1356 5681 1548 5738 oculos
1585 5681 1906 5750 conjiciunt.
1937 5681 2043 5738 Ne-

460 5788 567 5845 que
623 5775 750 5845 quia
783 5774 946 5834 Pater
983 5773 1168 5846 genuit
1215 5773 1458 5837 Filium.
1519 5774 1868 5834 imminutum
1913 5787 2038 5836 eum

2143 4643 2423 4697 τοιούτων.
2455 4645 2612 4697 Δοκεῖ
2647 4643 2746 4714 μὲν
2779 4644 2890 4715 γάρ
2929 4662 3049 4708 πως
3095 4645 3288 4715 σοφίας
3340 4641 3479 4701 εἶναι
3526 4648 3739 4718 καρπὸς

2143 4735 2212 4790 τὰ
2259 4733 2510 4797 τοιαῦτα,
2544 4736 2641 4787 καὶ
2683 4733 2857 4800 οὑτως
2885 4735 3000 4807 ἔχει
3031 4735 3130 4807 τὴν
3164 4736 3358 4807 φύσιν·
3392 4738 3506 4792 ἀλλ’
3539 4739 3601 4792 οὑ
3635 4757 3736 4810 με·

2148 4827 2402 4898 μέρισται
2431 4829 2530 4896 τῆς
2562 4827 2754 4896 σοφίας
2793 4829 2826 4897 ἡ
2862 4827 2922 4894 ἐξ,
2949 4827 3121 4899 αὐτῆς
3167 4829 3518 4900 ὲπινοηθεῖσα
3540 4830 3733 4901 τέχνη·

2144 4917 2258 4970 ἀλλ’
2281 4915 2431 4970 ἔστιν
2464 4917 2524 4983 ἐξ
2559 4917 2731 4988 αὐτῆς
2770 4919 2866 4972 καὶ
2904 4918 2963 4974 ὲν
2995 4917 3133 4990 αὐτῇ
3165 4918 3265 4990 τὴν
3303 4920 3570 4975 τεκοῦσαν
3597 4921 3738 4986 ἐξει-

2145 5008 2456 5075 κονίζουσα,
2497 5009 2593 5063 καὶ
2631 5009 2945 5081 ἀμερίστως
2973 5010 3160 5083 ἔτερόν
3191 5029 3244 5066 τι
3284 5015 3416 5085 παρ’
3449 5015 3620 5085 αὑτὴν
3653 5009 3734 5068 εῖ-

2145 5117 2234 5152 ναι
2259 5099 2512 5156 δοκοῦσα.
2539 5101 2725 5165 Οὑτως
2747 5104 2781 5171 ὴ
2805 5101 2937 5155 Υίοῦ
2963 5103 3238 5173 γέννησις,
3267 5105 3580 5177 ἀμερίστως
3601 5102 3738 5160 οὖσα

2145 5190 2212 5244 ὲκ
2254 5191 2488 5261 Πατρδς,
2519 5193 2576 5246 ὲν
2610 5193 2715 5264 ἰδίᾳ
2745 5193 3044 5248 ὑποστάσει
3090 5195 3344 5262 σώζεται,
3374 5198 3474 5268 τὴν
3505 5197 3601 5253 τοῦ
3632 5213 3739 5252 πα-

2149 5281 2508 5354 ραδείγματος
2536 5284 2909 5356 ὑπεραίρουσα
2939 5286 3189 5358 δύναμιν.

2839 5489 3042 5544 AAAO.

2216 5601 2281 5654 Οἱ
2310 5601 2410 5674 τὴν
2434 5603 2492 5656 ἐν
2519 5603 2632 5668 τοῖς
2658 5603 2823 5668 θείοις
2850 5605 3084 5676 δόγμασι
3111 5586 3399 5678 ζητοῦντες
3427 5607 3732 5678 ἀκρίϐειαν,

2144 5696 2205 5748 οὑ
2236 5695 2356 5758 ταῖς
2387 5693 2754 5767 ἀνθρωπίναις
2783 5696 3181 5761 ὲνατενίζουσιν
3209 5698 3573 5763 ἀκολουθίαις.
3599 5699 3734 5752 Οὐδὲ

2148 5785 2337 5858 ἐπειδὴ
2377 5787 2676 5859 γεγέννηκε
2727 5788 2820 5844 τὸν
2873 5789 2999 5844 Υίὸν
3035 5791 3063 5843 ὁ
3109 5790 3332 5862 Πατὴρ,
3386 5789 3732 5862 ἠλαττῶσθαι
