4106 6412
490 373 558 425 8'5
1485 370 1540 423 S.
1586 367 1864 425 CYRILLI
1903 363 2379 424 ALEXANDRINI
2418 371 2738 428 ARCHIEP.
3694 372 3764 428 84

483 484 740 557 paratim,
775 493 936 555 atque
987 484 1110 540 ideo
1141 485 1309 538 divisa
1360 498 1481 540 esse
1543 487 1726 539 omnia
1770 499 1891 556 qua:
1947 485 2064 556 ejus

2191 489 2262 542 ιαὶ
2306 490 2761 562 κεχωρισμένως,
2801 491 2892 544 καὶ
2932 491 3018 543 διὰ
3061 489 3218 543 τοῦτο
3252 489 3553 558 φάσκοντες
3596 505 3768 561 μεμε·-

483 587 610 632 sunt
641 576 998 640 contendunt,
1046 584 1101 631 et
1130 576 1198 630 ad
1250 575 1530 630 dimidium
1566 575 1752 644 gloriae
1781 575 2061 631 redactum

2191 583 2355 637 >ίσθαι
2385 583 2564 638 πάντα
2591 583 2660 638 τὰ
2693 582 2879 650 αὐτοῦ,
2929 585 3026 636 καὶ
3068 583 3147 646 εἰς
3173 583 3346 653 ἥμισυ
3394 581 3555 652 δόξης
3605 579 3768 635 αὐτὸν

485 686 607 726 esse
635 670 825 725 dicunt
854 669 994 740 quod
1021 667 1188 723 altera
1207 668 1470 723 medietas
1499 667 1553 722 in
1577 667 1772 724 Filium
1801 669 2064 724 translata

2191 672 2345 727 ιλθεῖν
2393 672 2482 728 διά
2519 673 2581 726 τὸ
2635 672 2924 744 βεϐηκέναι
2982 670 3046 725 τὸ
3089 671 3278 725 λεῖπον
3327 671 3408 735 εἰς
3461 669 3556 724 τὸν
3602 671 3765 734 Υίὸν,

481 763 578 827 sit,
602 777 710 816 non
737 761 1044 830 intelligunt
1073 761 1127 814 in
1164 769 1422 830 quantam
1453 761 1846 817 absurditatem
1883 762 2064 832 prola-

2191 765 2456 834 ὶγνοοῦσιν
2504 765 2601 836 οἵῳ
2646 766 3073 836 περιπίπτουσιν
3104 764 3442 832 ἀτοπήματι.
3475 761 3618 833 ’Ἄρα
3657 761 3768 834 γὰρ

484 855 700 908 bantur.
742 853 798 906 Si
848 853 1089 922 quidem,
1125 861 1182 906 ut
1222 852 1324 922 ipsi
1380 852 1588 918 volunt,
1640 861 1761 908 cum
1814 853 1964 922 prius
2011 854 2068 909 in

2191 860 2492 932 ιπειδήπερ,
2525 859 2600 923 ὡς
2634 858 2786 914 αὐτοί
2829 875 3015 928 φασιν,
3054 857 3114 911 ὲν
3163 855 3352 928 μονάδι
3397 854 3664 929 πρότερον
3693 853 3771 906 ὣν

485 945 692 999 unitate
721 944 1048 1001 constitutus
1095 951 1264 1008 esset,
1306 941 1468 998 Pater
1495 944 1714 1000 creandi
1752 943 2066 1000 facultatem

2191 955 2199 1003 ι
2243 951 2455 1022 Πατὴρ,
2504 950 2601 1004 καὶ
2653 949 2752 1020 τὴν
2789 948 3190 1020 δημιουργικὴν
3241 946 3472 1017 δύναμιν
3524 944 3663 1016 ἔχων
3711 945 3771 996 ἐν

487 1035 694 1091 habens
749 1035 802 1089 in
849 1049 907 1091 se
953 1033 1072 1106 ipso
1111 1035 1366 1104 produxit
1396 1031 1626 1102 Filium,
1655 1045 1712 1090 et
1757 1051 1853 1106 per
1893 1039 2066 1105 ipsum

2191 1041 2372 1113 ;αυτῷ,
2415 1040 2746 1114 προεϐάλετο
2779 1040 2869 1094 τὸν
2924 1040 3076 1104 Υίὸν,
3127 1039 3220 1092 καὶ
3264 1037 3334 1091 δι’
3375 1037 3540 1091 αὐτοῦ
3588 1037 3773 1090 πάντα

485 1136 678 1183 cuncta
737 1136 920 1196 creat,
969 1139 1296 1198 omnemque
1346 1128 1566 1184 creandi
1619 1136 1946 1197 potestatem
2001 1141 2069 1184 ex

2191 1136 2516 1206 ῖημιουργεῐ,
2557 1133 2661 1201 ἔξω
2697 1135 2798 1204 τῆς
2834 1133 3023 1196 οὐσίας
3047 1132 3148 1203 τῆς
3186 1129 3383 1186 ἑαυτοῦ
3419 1130 3519 1202 τὴν
3554 1131 3647 1183 ἐπὶ
3690 1129 3770 1200 τῷ

482 1219 721 1276 essentia
756 1235 852 1276 sua
885 1219 1120 1286 dimisit,
1151 1229 1208 1276 et
1247 1222 1390 1290 quod
1421 1230 1580 1275 antea
1619 1235 1722 1274 non
1753 1229 1892 1288 erat,
1928 1229 2072 1289 post-

2191 1224 2430 1280 ῑύνασθαι
2477 1225 2831 1296 δημιουργεῖν
2891 1221 3107 1294 ἔπεμψε
3154 1220 3428 1293 δύναμιν,
3469 1221 3567 1274 καὶ
3611 1219 3640 1272 δ
3691 1221 3770 1292 μὴ

486 1312 707 1366 modum
740 1311 918 1366 factus
957 1320 1060 1378 est,
1089 1325 1286 1381 expers
1321 1310 1577 1366 nimirum
1609 1307 1862 1366 creativa:
1896 1310 2071 1365 virtu-

2191 1317 2439 1389 πρότερον
2470 1311 2559 1387 ἦν,
2595 1315 2756 1368 τοῦτο
2789 1315 3011 1384 γέγονεν
3051 1313 3300 1384 ὕστερον,
3330 1313 3537 1384 ἔρημός
3569 1327 3628 1365 τε
3671 1311 3772 1366 νῦν

488 1403 558 1458 tis
591 1422 606 1458 :
644 1407 738 1458 sed
774 1403 878 1458 hoc
909 1404 993 1458 vel
1038 1405 1304 1476 cogitare,
1351 1403 1434 1459 vel
1465 1404 1646 1460 dicere
1678 1413 1927 1458 extreme
1965 1403 2071 1458 im-

2191 1414 2324 1462 lzctw
2377 1407 2560 1477 ίσχύος
2595 1405 3030 1478 δημιουργικῆςο
3081 1401 3218 1458 ἀλλά
3269 1403 3428 1457 τοῦτο
3477 1402 3694 1472 φρονεῖν
3732 1401 3772 1471 ﬂ

486 1495 632 1565 pium
677 1503 804 1550 est:
840 1494 948 1566 50
983 1513 1002 1548 ι
1029 1494 1192 1551 Pater
1232 1498 1375 1552 enim
1431 1498 1730 1566 usquedum
1792 1506 2072 1567 operatur,

2191 1500 2356 1571 ιέγειν
2380 1501 2620 1572 ἄμετρον
2649 1498 2761 1569 ἔχει
2791 1498 2890 1569 τὴν
2920 1495 3241 1551 δυσσέϐειαν
3260 1511 3273 1524 ·
3305 1512 3323 1546 ι
3368 1493 3428 1547 '0
3447 1493 3638 1565 Πατὴρ
3660 1492 3780 1564 γὰρ

486 1596 544 1643 et
583 1603 684 1658 ego
712 1603 926 1658 operor,
960 1609 978 1642 ι
1021 1589 1195 1659 inquit
1233 1590 1483 1646 Christus
1508 1591 1575 1645 ⁸⁸.
1607 1590 2072 1656 Quemadmodum

2191 1594 2279 1658 iw;
2326 1593 2453 1664 ἄρτι
2510 1590 2837 1662 ἐργάζεται,
2890 1589 3046 1658 κάγὼ
3099 1587 3436 1660 ἐργάζομαι,
3472 1604 3492 1637 ι
3531 1587 3696 1656 φησιν
3741 1586 3778 1637 6

488 1679 654 1750 igitur
685 1681 923 1735 crcativa
954 1666 1183 1736 facultas
1213 1680 1393 1737 Patris
1421 1697 1530 1738 non
1565 1694 1650 1738 est
1677 1683 1871 1751 divisa,
1901 1699 2078 1753 neque

2191 1682 2433 1754 Χριστός.
2460 1681 2672 1750 Ὠσπερ
2714 1675 2808 1733 οὖν
2847 1679 2912 1732 οὐ
2947 1679 3276 1748 μεμέρισται
3310 1675 3405 1730 τοῦ
3454 1674 3668 1745 Πατρὸς
3709 1674 3776 1726 τὸ

488 1770 810 1840 imperfecta
838 1773 995 1828 estin
1029 1771 1146 1841 ejus
1173 1773 1434 1838 essentia,
1463 1774 1695 1828 habente
1721 1775 1886 1828 etiam
1927 1774 2074 1828 illam

2191 1770 2719 1844 5ημιουργικδν,οὐδὲ
2740 1769 2936 1840 ἀτελής
2963 1771 3079 1822 ἐστι
3109 1767 3205 1822 νῦν
3227 1767 3285 1820 ἐν
3311 1769 3380 1838 τῇ
3402 1766 3560 1837 οὐσίᾳ
3580 1764 3776 1830 αὐτοῦ,

489 1833 731 1931 perfecte
754 1862 934 1918 Filio:
966 1867 1039 1919 ita
1057 1833 1244 1919 'etiam
1290 1833 1590 1933 perfectam
1627 1864 1788 1920 habet
1822 1865 2074 1935 gloriam,

2191 1833 2394 1938 έχοντος
2417 1833 2638 1930 τελείως
2663 1862 2822 1917 τοῦτο
2845 1833 2940 1916 καὶ
2965 1859 3059 1914 τοῦ
3091 1859 3245 1924 Υἰοῦ,
3270 1833 3412 1913 οὕτω
3437 1833 3546 1914 καὶ*
3559 1856 3772 1910 τελείαν

487 1970 614 2010 cum
637 1955 910 2024 perfectus
945 1959 1110 2013 etiam
1147 1958 1202 2012 in
1237 1958 1408 2027 gloria
1441 1959 1515 2014 sit
1543 1957 1737 2012 Filius.
1763 1957 1898 2012 Cum
1927 1959 2076 2013 enim

2191 1961 2297 2032 έχει
2329 1959 2428 2031 τὴν
2453 1956 2633 2024 δόξαν,
2659 1955 2875 2027 ἔχοντος
2900 1954 3062 2009 πάλιν
3083 1952 3178 2007 τοῦ
3203 1951 3336 2006 Υἱοῦ
3362 1951 3456 2004 καὶ
3479 1952 3535 2003 ὲν
3556 1949 3686 2022 δόξῃ
3711 1948 3778 2002 τὸ

487 2045 681 2100 similis
712 2061 809 2116 per
835 2049 1018 2104 omnia
1063 2049 1136 2104 sit
1180 2049 1427 2106 Genitori
1470 2065 1600 2115 suo,
1631 2050 1754 2106 ideo
1782 2049 2077 2119 perlectam

2191 2053 2417 2108 τέλειον.
2441 2051 2668 2120 Ὅμοιος
2699 2049 2809 2117 γὰρ
2837 2045 2912 2100 ὣν
2946 2045 3090 2099 κατά
3113 2045 3291 2098 πάντα
3311 2042 3388 2114 τῷ
3421 2042 3777 2113 γεννήσαντι,

488 2136 652 2191 etiam
685 2138 847 2193 habet
873 2139 1122 2209 gloriam,
1181 2141 1453 2210 siquidem
1483 2157 1546 2197 ex
1576 2141 1739 2197 Patre
1784 2141 2078 2211 perfectam

491 2227 719 2298 gloriam
746 2231 980 2287 habente
1001 2232 1220 2302 genitus
1253 2243 1360 2289 est.

839 2379 1420 2476 ASSERTWO
1503 2387 1742 2481 ViL.

490 2529 763 2603 Adversus
799 2530 1030 2603 sesqui
1077 2530 1372 2600 objiciunt:
1403 2531 1592 2587 Utrum
1643 2533 1809 2588 Pater
1860 2532 2078 2603 fortuito

608 2600 783 2670 genuit
813 2597 1042 2667 Filium,
1071 2597 1148 2655 an
1171 2603 1434 2658 voluntate
1463 2621 1561 2657 sua
1593 2597 1916 2674 praecedente
1935 2606 1961 2656 9

2182 2146 2272 2200 διὰ
2304 2143 2463 2197 τοῦτο
2499 2140 2706 2195 τελείαν
2750 2139 2864 2209 ἔχει
2903 2140 3008 2208 τὴν
3039 2137 3216 2202 δόξαν,
3250 2135 3550 2206 ἐπειδήπερ
3591 2135 3659 2188 ὲκ
3689 2149 3776 2188 τεο

2183 2239 2334 2293 λείαν
2361 2236 2578 2307 ἔχοντος
2603 2233 2762 2298 δόξαν
2790 2229 3054 2302 ἐγεννήθη
3085 2231 3347 2300 Πατρός.,

2693 2373 3060 2461 ΛΟΓΟΣ
3147 2369 3258 2467 Ζ,

2185 2535 2338 2604 Πρὸς
2377 2534 2518 2599 τοὺς
2553 2533 2976 2604 προτείνοντας
3013 2533 3098 2604 τοο
3145 2525 3584 2604 ᾎϐουςίήξωςῇ
3625 2524 3783 2580 κατὰ

2339 2595 2652 2672 ,βούλησὶν
2681 2595 2976 2673 ἐγέννησε
3004 2601 3114 2656 τὸν
3147 2599 3286 2654 Υιὸν
3316 2601 3349 2652 d
3380 2595 3608 2665 Hatrip;

893 2713 1253 2784 Interrogatio
1290 2718 1693 2774 Μοναίσου-ωτι.-

2463 2718 2780 2787 Ἐρώτησις
2814 2718 2893 2783 ὡς
2921 2715 2990 2771 ἐκ
3019 2713 3138 2768 τῶν
3171 2709 3507 2782 αἱρετικῶν.

563 2822 832 2889 Fortuito,
878 2825 1152 2895 inquiunt,
1205 2837 1261 2883 et
1312 2830 1708 2887 inconsiderate
1753 2833 1937 2904 genuit
1990 2843 2083 2889 aut

2270 2831 2607 2902 Ἀϐουλήτως
2639 2833 2766 2903 ἀρα,
2813 2831 2977 2901 φασὶ,
3008 2829 3104 2883 καὶ
3153 2827 3443 2890 ἀσκέπτως
3485 2825 3782 2895 ἐγέννησεν

498 2916 626 2972 fecit
656 2915 854 2972 Filium
882 2916 1068 2987 Pater,
1101 2928 1195 2973 aut
1229 2919 1508 2980 voluntate
1541 2939 1637 2980 sua
1675 2925 2084 2981 intercedente?

2191 2922 2306 2992 ήτοι
2353 2921 2622 2991 πεποίηκε
2651 2921 2741 2975 τὸν
2791 2920 2921 2974 Υἱὸν
2963 2922 2992 2974 ὁ
3022 2919 3234 2990 Πατὴρ,
3277 2915 3487 2988 ἢκατὰ
3521 2914 3782 2986 βούλησιν

417 3049 424 3064 ..
499 3008 658 3077 Atqui
688 3009 733 3064 si
777 3009 1004 3066 fortuito
1029 3011 1237 3080 genuit,
1273 3028 1466 3084 passus
1515 3026 1597 3071 est
1640 3017 1844 3088 aliquid
1887 3027 2085 3088 praeter

2191 3013 2432 3078 οίκείαν;
2487 3013 2553 3067 Εἰ
2609 3012 2709 3082 μὲν
2743 3007 2835 3066 οὖν
2871 3011 3184 3082 ἀϐουλήτως
3249 3009 3539 3080 ἐγέννησεν
3587 3006 3781 3070 αὐτὸν,

495 3099 862 3166 voluntatem;
899 3101 946 3156 si
975 3111 1154 3156 autem
1187 3103 1393 3172 volens,
1429 3115 1484 3162 et
1527 3122 1754 3163 necesse
1791 3109 1864 3162 sit
1902 3110 2082 3164 consi-

2191 3104 2428 3158 πέπονθέ
2458 3120 2510 3156 τι
2541 3101 2651 3156 τῶν
2685 3102 2836 3178 ποιρά
2865 3102 3112 3173 γνώμην·
3155 3102 3202 3155 εἰ
3232 3100 3289 3154 δὲ
3327 3101 3466 3154 κατά
3499 3097 3774 3170 βούλησιν,

495 3187 834 3245 derationem
872 3191 938 3247 de
983 3191 1163 3262 aliqua
1197 3209 1254 3249 re
1298 3196 1534 3265 priorem
1581 3213 1705 3254 esse
1755 3215 1914 3270 quam
1964 3201 2081 3271 ipsa

2191 3196 2566 3267 προύπάρχειν
2593 3195 2650 3249 δὲ
2678 3193 2787 3247 τῶν
2817 3194 3120 3265 γινομένων
3147 3193 3362 3263 ἀνάγκη
3395 3191 3493 3262 τὴν
3525 3190 3654 3260 περὶ
3684 3187 3778 3242 αὑ-

498 3281 795 3351 iiat,prior
845 3284 1028 3353 itaque
1075 3286 1174 3340 fuit
1225 3287 1388 3343 Pater
1432 3287 1592 3356 Filio,
1650 3306 1776 3347 cum
1837 3291 2086 3349 voluntas

2191 3287 2295 3340 τῶν
2337 3287 2552 3356 σκέψιν,
2585 3285 2763 3356 προῆν
2796 3286 2904 3356 ἀρα
2943 3284 3040 3339 τοῦ
3079 3283 3212 3337 Υἱοῦ
3238 3285 3267 3336 6
3300 3282 3511 3352 Πατὴρ,
3549 3279 3776 3352 μεσολα·

497 3374 908 3444 generationem
938 3381 1302 3448 praecesserit.

1143 3484 1444 3555 Refutatio.

572 3593 748 3661 Unde,
779 3597 1030 3667 obsecro,
1067 3600 1213 3657 hunc
1261 3601 1515 3672 loquendi
1548 3619 1750 3661 morem
1794 3609 2087 3679 accepistis

499 3682 804 3753 dementes;
839 3692 982 3758 quod
1015 3700 1110 3746 aut
1131 3707 1198 3748 ex
1231 3708 1326 3749 sua
1358 3696 1634 3752 voluntate
1662 3707 1754 3752 aut
1776 3699 1911 3755 citra
1931 3714 2085 3757 suam

498 3775 838 3833 voluntatem
864 3783 1114 3851 genuerit
1159 3783 1392 3851 Filium;
1423 3797 1517 3841 aut
1560 3801 1625 3842 ex
1652 3805 1759 3858 quo
1792 3790 2087 3858 Scriptura:

500 3866 622 3928 loco
679 3872 1054 3944 hujuscemodi
1105 3877 1433 3947 quaestiones
1494 3880 1740 3950 proferre
1783 3881 2088 3940 didicistis?

500 3973 635 4040 Quis
672 3985 800 4027 vero
833 3979 1146 4026 sanctorum
1187 3972 1346 4040 dixit,
1378 3982 1473 4028 aut
1522 3989 1587 4028 ex
1641 3974 1938 4042 voluntate,
1997 3986 2088 4033 aut

500 4064 642 4118 citra
669 4062 1030 4128 voluntatem,
1058 4061 1253 4118 Filium
1289 4078 1355 4119 ex
1383 4062 1545 4120 Patre
1588 4069 1955 4135 processisse?
1982 4070 2090 4126 Aut

499 4156 622 4225 quis
664 4153 972 4224 huiusmodi
1003 4155 1284 4210 vocabulis
1314 4164 1397 4211 est
1442 4159 1621 4213 usus?
1665 4158 1818 4226 Quod
1870 4161 2088 4232 quidem

502 4257 623 4301 erat
649 4257 706 4301 et
728 4255 811 4301 est
847 4246 940 4301 Dei
980 4245 1239 4315 Verbum,
1269 4262 1335 4301 ex
1365 4233 1534 4303 ‘sacra
1566 4249 1847 4321 Scriptura
1887 4268 2091 4324 cogno-

502 4337 727 4393 scimus.
767 4335 901 4391 lllud
925 4350 1077 4401 vero,
1110 4337 1244 4391 citra
1289 4339 1621 4394 voluntatem
1653 4351 1744 4394 aut
1775 4351 1987 4407 contra,
2021 4359 2088 4398 ex

504 4426 660 4482 vobis
707 4425 838 4482 solis
868 4426 1196 4482 audivimus.
1238 4425 1490 4482 Ostendit
1525 4429 1667 4484 enim
1699 4431 1893 4487 Filium
1927 4433 2089 4488 Pater

2189 3378 2390 3448 ϐούσης
2422 3377 2521 3449 τὴν
2549 3377 2803 3448 γέννησιν
2831 3373 2930 3448 τῆς
2961 3376 3092 3446 περὶ
3119 3375 3287 3429 αὐτοῦ
3317 3374 3647 3445 βουλήσεως.

2625 3490 2936 3561 Ἀπολογία
2969 3489 3120 3560 πρὸς
3151 3489 3347 3544 τοῦτο.

2262 3601 2431 3661 Πόθεν
2476 3605 2654 3676 ὑμεῖς,
2697 3598 2744 3658 ὦ
2771 3597 2951 3668 οὗτοι,
2997 3603 3141 3658 κατὰ
3179 3601 3432 3674 βούλησιν
3471 3599 3503 3672 ἤ
3546 3598 3779 3671 ἀϐουλή-

2187 3716 2296 3762 τως
2323 3696 2684 3768 γεγεννῆσθαι
2715 3696 2900 3765 λέγειν
2924 3695 3014 3750 τὸν
3045 3693 3194 3760 Υίὺν,
3225 3692 3259 3766 ἦ
3295 3695 3388 3746 καὶ
3419 3691 3554 3754 ὅλως
3595 3689 3779 3744 τοιαύ-

2187 3808 2288 3855 τας
2319 3793 2432 3854 τοῖς
2464 3789 2854 3859 ἐντυγχάνουσι
2904 3786 3004 3851 τὰς
3039 3785 3260 3850 πεύσεις
3306 3785 3625 3856 προσάγειν,
3669 3781 3781 3836 ἀπὺ

2191 3881 2351 3945 ποίας
2387 3880 2547 3934 τοῦτο
2578 3879 2938 3950 μεμαθήκατε
2969 3877 3220 3949 Γραφῆςς
3255 3875 3353 3940 Τίς
3375 3875 3432 3928 δὲ
3468 3874 3578 3928 τῶν
3603 3873 3778 3941 ἁγίων

2189 3971 2392 4046 ἦκατά
2435 3972 2691 4044 βούλησιν
2721 3973 2756 4043 ἢ
2786 3970 3102 4042 ἀϐουλήτως
3143 3967 3308 4022 αὐτὸν
3350 3967 3550 4036 ἔφησεν
3579 3967 3643 4018 ἐκ
3681 3963 3780 4017 τοῦ

2191 4065 2404 4138 Πατρὸς
2441 4063 2758 4135 προελθεϊνς
2807 4062 2969 4133 Παρά
3005 4061 3110 4114 τίνι
3139 4060 3196 4113 δὲ
3227 4058 3542 4129 ὠνόμασται
3572 4055 3640 4110 τὰ
3667 4071 3780 4107 τοι·

2189 4158 2328 4213 αὐτα
2356 4159 2611 4230 ρήματα;
2637 4156 2762 4209 Ὀτι
2793 4155 2893 4226 μὲν
2919 4153 3029 4226 γὰρ
3049 4149 3125 4224 ’ἦν
3154 4152 3250 4206 καὶ
3279 4151 3426 4203 ἔστιν
3456 4150 3485 4202 6
3512 4147 3607 4201 τοῦ
3638 4145 3780 4199 Θεοῦ

2190 4250 2384 4318 Λόγος,
2413 4249 2659 4320 ἔγνωμεν
2691 4247 2801 4302 ἀπὸ
2825 4247 2926 4317 τῆς
2951 4245 3102 4310 Θείας
3133 4243 3376 4317 Γραφῆς.
3406 4241 3480 4295 Τδ
3507 4240 3585 4308 δὲ,
3613 4239 3780 4293 ἀϐου-

2190 4343 2370 4416 λήτως
2405 4343 2438 4414 ἢ
2482 4342 2591 4414 μὴ,
2629 4341 2783 4413 παρά
2819 4341 2996 4412 μόνων
3046 4337 3200 4410 ὑμῶν
3247 4335 3580 4408 ἠκούσαμεν.
3619 4333 3780 4385 Ἀπο-

2191 4436 2456 4492 καλύπτει
2498 4436 2596 4505 μὲν
2622 4434 2731 4504 γὰρ
2756 4433 2848 4487 τὸν
2875 4433 3001 4486 Υίὸν
3025 4433 3054 4486 6
3085 4429 3277 4502 Πατήρ
3312 4429 3372 4495 ἐξ
3400 4425 3653 4500 οὐρανοῦ,
3685 4423 3780 4478 καί

501 4532 570 4574 ex
607 4517 744 4573 coelo
766 4519 991 4573 dicens:
1021 4537 1040 4570 ι
1073 4518 1169 4574 llic
1201 4529 1286 4574 est
1315 4519 1483 4577 Filius
1518 4537 1672 4578 meus
1704 4525 1934 4582 dilectus
1959 4528 2026 4593 ";
2064 4547 2082 4578 ι

2194 4545 2359 4600 φησιν
2378 4544 2394 4558 ο
2435 4544 2454 4577 ι
2481 4520 2650 4587 Οὗτός
2682 4525 2830 4576 ἐστιν
2862 4524 2891 4575 6
2923 4522 3051 4584 Υἱός
3085 4539 3184 4590 μου
3212 4523 3240 4573 6
3272 4517 3557 4588 ἀγαπητός
3577 4534 3589 4546 ο
3626 4533 3645 4566 ι
3683 4513 3782 4567 καὶ

503 4619 558 4666 et
596 4623 693 4679 per
720 4609 935 4666 David:
971 4626 990 4660 ι
1024 4609 1304 4666 Eruetavit
1333 4627 1428 4667 cor
1467 4628 1646 4670 meum
1701 4613 1938 4674 Verbum
1990 4617 2090 4672 bo-

507 4716 638 4756 num
666 4701 746 4768 ‘7;
786 4720 806 4753 ι
851 4709 909 4757 et
949 4701 1386 4771 sapientissimus
1425 4703 1665 4761 Joannes
1698 4728 1708 4762 :
1748 4725 1768 4759 ι
1803 4708 1858 4763 In
1893 4709 2094 4779 princi-

508 4791 619 4862 pio,
672 4793 868 4862 inquit,
920 4803 1039 4848 erat
1091 4794 1352 4864 Verbum,
1404 4810 1460 4852 et
1511 4796 1746 4854 Verbum
1787 4809 1905 4854 erat
1950 4802 2092 4870 apud

511 4885 700 4950 Deum,
729 4890 786 4939 et.
816 4882 959 4939 Deus
987 4895 1106 4940 erat
1142 4885 1371 4942 Verbum
1399 4888 1464 4941 ⁸⁸.
1508 4907 1525 4940 ι
1557 4889 1624 4944 Ει
1650 4889 1938 4946 Psalmisla
1971 4907 2091 4945 rur-

509 4989 602 5029 sus
625 4977 690 5030 ad
716 4973 932 5030 Patrem
976 4976 1108 5030 dicit
1139 4991 1156 5029 :
1194 4995 1212 5030 ι
1247 4977 1512 5043 Quoniam
1538 4965 1678 5046 apud
1733 4989 1783 5033 te
1831 4991 1918 5035 est
1971 4979 2090 5036 fons

511 5067 654 5133 vitae,
681 5077 734 5123 et
757 5068 810 5122 in
840 5067 1040 5126 lumine
1072 5078 1165 5124 tuo
1196 5070 1500 5125 videbimus
1521 5069 1700 5126 iumen
1733 5071 1798 5125 ⁵³.
1833 5090 1852 5124 ι
1887 5072 2090 5128 Paulus

508 5159 872 5229 splendorem,
904 5169 960 5216 et
993 5159 1242 5227 formam,
1263 5171 1320 5216 et
1349 5161 1638 5233 imaginem
1667 5164 1768 5234 51
1803 5165 2088 5221 invisibilis

511 5251 604 5307 Dei
641 5260 801 5307 vocat
828 5252 898 5307 ".
931 5252 1210 5308 Neminem
1254 5268 1383 5308 vero
1429 5255 1621 5309 horum
1679 5257 1947 5328 repereris
1997 5259 2089 5329 qui

511 5341 705 5397 Filium
769 5358 837 5399 ex
892 5343 1172 5400 voluntate
1231 5353 1326 5398 aut
1374 5345 1510 5399 citra
1555 5345 1885 5402 voluntatem
1937 5347 2090 5418 geni-

512 5441 624 5486 tum
669 5433 836 5489 dicat.
870 5434 976 5490 Sed
1009 5451 1132 5490 cum
1177 5434 1608 5503 dixerintﬁerat,
1648 5446 1722 5504 et,
1755 5448 1850 5504 est,
1885 5440 2090 5495 nullum

511 5522 834 5596 principium
866 5525 919 5580 in
945 5535 1185 5598 tempore
1208 5528 1518 5583 tribuerunt
1543 5529 1593 5584 ei
1623 5533 1713 5600 qui
1740 5531 1935 5588 saecula
1958 5547 2090 5588 con-

583 5723 630 5755 "
662 5721 821 5778 Joan.
863 5741 915 5786 v,
959 5725 1046 5779 i7.

517 5808 578 5860 ιι,
603 5795 635 5847 6
670 5813 683 5862 ;
726 5793 887 5850 ilebr.
930 5810 968 5862 ι,
1002 5796 1038 5850 '2
1068 5814 1081 5863 ;
1115 5796 1322 5852 Coioss.
1368 5813 1404 5863 ι,
1454 5797 1536 5855 15.

1159 5725 1206 5799 "_
1242 5723 1432 5780 Matth.
1459 5742 1562 5799 tit,
1593 5731 1675 5784 i7.
1753 5733 1796 5764 ⁸⁷
1832 5732 1974 5788 Psai.
2015 5749 2081 5787 χι,

2201 5733 2257 5787 2.
2335 5733 2377 5765 ⁸³
2416 5732 2569 5790 Joau.
2618 5751 2653 5798 l,
2695 5734 2742 5788 i.
2824 5737 2865 5767 “’
2895 5733 3034 5790 Psal.
3081 5749 3244 5798 xxxv,
3295 5733 3373 5789 i0.

2190 4621 2278 4676 διά
2325 4617 2420 4672 τοῦ
2459 4614 2623 4670 Δαϐὶδ
2671 4615 2853 4683 λέγει·
2895 4633 2913 4666 ι
2957 4610 3318 4683 Ἑξηρεύξατο
3355 4611 3388 4679 ἡ
3428 4608 3626 4680 καρδία
3678 4623 3780 4676 μου

2191 4712 2364 4781 Λόγον
2379 4708 2579 4777 ἀγαθόν
2597 4722 2610 4736 °
2637 4725 2656 4758 ι
2674 4706 2769 4760 καὶ
2789 4707 2816 4760 6
2832 4703 3136 4775 σοφώτατος
3166 4701 3443 4773 Ίωάννηςυ
3467 4718 3488 4753 ι
3528 4700 3617 4754 Ἐν
3635 4699 3777 4770 ἀρχῇ

2189 4800 2280 4874 ἦν,
2312 4799 2499 4870 φησὶν,
2527 4799 2555 4851 6
2581 4796 2789 4864 Λόγος,
2831 4795 2922 4848 καὶ
2951 4795 2980 4847 6
3015 4792 3188 4861 Λόγος
3219 4787 3288 4862 ἦν
3333 4790 3472 4862 πρὸς
3499 4788 3592 4842 τὸν
3622 4786 3778 4851 Θεὸν,

2192 4893 2287 4948 καὶ
2313 4889 2444 4952 Θεὸς
2465 4884 2532 4960 ἦν
2556 4889 2584 4942 6
2612 4887 2784 4956 Λόγος
2805 4902 2819 4916 ·
2851 4903 2870 4938 ι
2901 4885 2929 4939 6
2957 4883 3263 4954 Ψαλμῳδὸς
3291 4882 3364 4946 ὡς
3393 4882 3530 4953 πρὸς
3558 4879 3648 4933 τὸν
3677 4879 3782 4931 Πα-

2198 4983 2332 5056 τέρα
2361 4980 2522 5035 πάλιν
2548 4980 2682 5052 φησί
2704 4995 2718 5009 ο
2755 4997 2774 5031 ι
2802 4975 2962 5048 Παρὰ
2991 4975 3075 5030 σοὶ
3116 4975 3266 5048 πηγὴ
3297 4975 3464 5045 ζωῆς,
3494 4973 3586 5027 καὶ
3616 4975 3672 5026 ἐν
3701 4970 3780 5042 τῷ

2198 5075 2337 5144 φωτί
2366 5091 2459 5127 σου
2486 5071 2729 5145 ὀψόμεθα
2755 5069 2893 5138 φῶς.
2919 5087 2938 5122 ι
2976 5067 3034 5124 Ὁ
3058 5069 3268 5132 Παῦλος
3296 5066 3657 5137 ἀπαύγασμα,
3687 5065 3780 5118 καὶ

2201 5165 2436 5238 μορφὴν,
2476 5164 2572 5219 καὶ
2623 5162 2809 5218 εἰκόνα
2853 5159 2949 5216 τοῦ
2987 5158 3122 5216 Θεοῦ
3169 5162 3406 5236 ἀοράτου
3445 5155 3619 5214 καλεῖ.
3671 5158 3780 5210 Καὶ

2193 5257 2400 5313 τούτων
2438 5257 2615 5320 οὐδεὶς
2660 5255 2977 5326 εὑρίσκεται
3003 5255 3179 5324 λέγων
3205 5249 3520 5323 ἀϐουλήτως
3557 5249 3590 5322 ἢ
3638 5248 3784 5303 κατά

2197 5349 2452 5421 βούλησιν
2483 5348 2840 5420 γεγεννῆσθαι
2861 5349 2953 5403 τὸν
2979 5350 3127 5402 Υίόν.
3163 5344 3323 5399 Ἀλλά
3354 5345 3435 5409 τὸ,
3463 5340 3563 5415 ἦν,
3605 5341 3782 5396 εἰπόν-

2193 5459 2310 5506 τες,
2347 5442 2442 5496 καὶ
2481 5441 2563 5506 τὸ,
2609 5440 2802 5506 ἔστιν,
2844 5441 3105 5512 οὐδεμίαν
3153 5439 3328 5509 ἀρχὴν
3367 5436 3468 5508 τὴν
3514 5437 3574 5490 ὲν
3607 5435 3784 5508 χρόνῳ

2194 5535 2458 5591 δεδώκασι
2489 5536 2566 5609 τῷ
2594 5537 2702 5592 τῶν
2730 5539 2937 5610 χρόνων
2962 5538 3180 5609 ποιητῇ.
3212 5535 3382 5590 Πόθεν
3409 5530 3502 5588 οὖν
3527 5533 3682 5605 ὑμεῖς
3712 5529 3780 5584 τὰ

3459 5734 3502 5763 ⁷ο
3543 5727 3777 5800 Philipp.
