4106 6406
545 303 617 358 8"!
1541 305 1600 361 S.
1642 304 1915 362 CYRILLI
1951 307 2429 367 ALEXANDRINI
2470 314 2794 372 ARCHIEP.
3739 327 3817 385 δε
3848 341 3868 354 -~

543 419 635 476 sed
662 419 768 486 illi,
796 420 1017 490 opinor,
1050 420 1273 478 credere
1301 437 1522 479 necesse
1552 433 1654 480 est.
1684 425 1814 480 Erat
1846 427 2028 498 igitur,
2061 443 2092 482 u

2192 482 2195 490 _
2221 408 2300 495 δέ,
2324 427 2500 502 οἶμαι,
2530 432 2806 488 πιστεύειν
2854 435 3172 506 ἀναγκαῖον.
3201 432 3312 490 Ἤν
3356 437 3486 509 ἄρα,
3549 439 3691 493 κατὰ
3719 442 3813 496 τὸν

541 512 632 568 ille
659 511 812 578 dicit,
837 510 1029 579 Filius,
1063 519 1119 568 et
1143 513 1299 582 illud,
1332 531 1435 569 non
1468 525 1602 584 erat,
1635 531 1920 587 perperam
1955 519 2021 574 de
2054 534 2092 576 et

2226 519 2435 574 ἐκείνου
2493 522 2672 590 λόγον,
2725 525 2757 576 6
2799 525 2948 592 Υἱὸς,
2993 527 3086 580 καὶ
3117 525 3201 594 τδ,
3241 528 3353 582 οὐκ
3382 522 3480 598 ἦν,
3525 528 3611 582 ἐπ’
3660 529 3815 603 αὐτῷ

540 604 753 660 dicitur.

1091 757 1124 771 κ
1214 720 1446 777 ALIUD.

611 826 667 883 Si
704 843 766 884 ea
803 845 924 899 quae
951 846 1016 886 ex
1051 831 1329 888 voluntate
1359 833 1500 890 facta
1536 846 1693 902 sunt,
1727 846 1938 910 tempus
1972 857 2114 911 pra:-

535 920 732 985 cessit,
761 921 813 975 in
849 936 956 992 quo
986 923 1054 979 de
1087 923 1219 992 ipsis
1247 925 1603 982 deliberatum
1636 937 1751 994 est,
1779 931 1825 986 si
1859 932 2114 1004 exiguum

534 1010 750 1081 aliquod
784 1013 1279 1086 brevissimumque
1312 1026 1524 1088 tempus
1556 1021 1773 1089 demus,
1803 1037 1910 1086 quo
1953 1033 2112 1093 pacto

531 1103 635 1156 erit
678 1112 980 1174 temporum
1023 1107 1273 1163 conditor
1312 1107 1513 1175 Filius,
1547 1111 1596 1167 si
1622 1111 1954 1180 ,deliberatio
1994 1116 2112 1186 ejus

530 1194 936 1263 generationem
967 1198 1286 1266 praecessit?
1315 1201 1476 1270 Atqui
1497 1209 1582 1258 est
1611 1203 1833 1260 omnino
1863 1207 2112 1263 conditor

530 1293 856 1352 temporum.
885 1286 1016 1343 Erat
1049 1287 1263 1359 itaque,
1287 1301 1345 1346 et
1380 1292 1516 1347 nihil
1551 1291 1666 1363 ejus
1699 1298 2106 1365 generationem

526 1374 819 1441 praecessit.

1202 1493 1435 1552 ALIUD.

595 1602 652 1657 Si
685 1602 856 1660 Filius
880 1614 964 1662 est
990 1609 1258 1677 sapientia
1285 1610 1483 1677 Patris,
1509 1621 1569 1668 ut
1594 1629 1783 1669 revera
1807 1623 1910 1681 est,
1936 1617 2104 1686 quod-

525 1711 651 1750 nam
688 1705 899 1767 tempus
925 1709 1194 1756 statuetur
1240 1717 1347 1772 quo
1372 1719 1476 1760 non
1501 1715 1618 1760 erat
1638 1707 1690 1760 in
1714 1722 1780 1762 eo
1803 1709 2102 1778 sapientia?

523 1789 582 1843 Si
623 1797 806 1845 autem
850 1799 934 1846 est
975 1801 1214 1849 aeternus
1260 1795 1314 1850 in
1355 1794 1516 1852 Patre
1555 1795 1794 1869 (semper
1836 1801 1982 1856 enim
2021 1814 2104 1858 est

521 1882 740 1951 sapiens
769 1882 986 1954 Pater),
1010 1901 1119 1956 quo
1150 1896 1310 1957 pacto
1341 1889 1612 1958 praecedet
1633 1892 1841 1963 aliquid
1873 1895 1925 1950 id
1957 1897 2102 1966 quod

517 1984 733 2042 semper
757 1973 1006 2029 exsistit?
1033 1976 1153 2043 Quo
1181 1986 1340 2046 pacto
1370 1979 1513 2034 inter
1540 1995 1604 2036 ea
1631 1982 1950 2042 deliberatio
1981 2003 2104 2057 pro-

517 2061 701 2128 cedet,
734 2061 928 2118 Filium
963 2064 1252 2135 aliquando
1282 2084 1388 2126 non
1421 2072 1770 2129 exsistentem
1806 2075 2100 2142 inducens,

517 2168 638 2208 eum
668 2153 738 2210 sit
763 2154 1006 2213 Genitori
1033 2168 1355 2228 coaeternus,
1380 2163 1635 2219 nimirum
1669 2161 1933 2236 sapientia
1949 2169 2104 2239 ejus?

1199 2274 1428 2333 ALIUD.

587 2384 647 2442 Si
679 2386 936 2456 praeedit
963 2387 1285 2444 deliberatio
1308 2389 1527 2459 Filium,
1550 2402 1605 2447 et
1632 2408 1854 2450 necesse
1879 2397 2100 2453 omnino

517 2479 590 2532 sit
621 2492 742 2534 eam
781 2479 836 2533 in
880 2490 1124 2550 tempore
1163 2480 1364 2537 factam
1399 2483 1568 2540 fuisse
1612 2502 1630 2539 :
1667 2486 1714 2540 si
1749 2492 2099 2557 quantumvis

511 2570 766 2640 exiguum
811 2587 876 2627 ac
922 2571 1088 2628 breve
1135 2583 1344 2644 tempus
1391 2577 1580 2640 detur,
1625 2593 1734 2648 quo
1785 2591 1945 2648 pacto
1992 2585 2099 2636 erit

511 2661 753 2716 omnium
778 2662 1155 2718 creatorlAut
1174 2680 1281 2735 quo
1313 2678 1472 2736 pacto
1501 2669 1772 2725 credimus
1799 2669 2097 2741 Scriptum

511 2754 709 2810 dicenti
762 2756 946 2811 omnia
978 2771 1075 2826 per
1103 2771 1228 2812 eum
1261 2757 1405 2813 facta
1448 2760 1606 2815 esse?
1644 2761 1754 2816 Aut
1783 2762 1874 2818 ubi
1916 2764 2094 2836 ipsum

511 2847 850 2915 praecesserit
880 2855 1121 2916 tempus,
1151 2850 1204 2904 in
1237 2864 1344 2920 quo
1377 2851 1442 2906 de
1475 2865 1541 2905 eo
1573 2851 1928 2910 deliberatum
1958 2855 2090 2925 fuit,

509 2951 630 2990 cum
663 2936 867 2992 nullum
897 2946 1107 3007 tempus
1135 2949 1261 2994 ante
1293 2940 1466 3009 ipsum
1499 2942 1812 3015 exstiterit?

1174 3051 1406 3110 ALIUD.

884 3164 971 3221 Ea:
1002 3166 1290 3236 objectione
1319 3167 1705 3227 haereticorum.

577 3277 660 3344 Si,
687 3278 960 3348 inquiunt,
991 3278 1160 3335 Filius
1195 3278 1290 3336 Dei
1320 3281 1602 3340 voluntate
1634 3285 1810 3342 factus
1846 3302 1952 3344 non
1987 3298 2090 3357 est,

504 3370 814 3426 necessario
854 3371 1020 3440 igitur
1058 3371 1221 3428 Pater
1264 3388 1370 3429 non
1410 3376 1595 3432 volens
1638 3377 1835 3435 Filium
1881 3383 2088 3438 habuit.

504 3459 641 3528 Quis
691 3469 870 3516 autem
917 3470 1002 3518 est
1051 3461 1224 3532 major
1267 3465 1449 3532 Patre,
1474 3477 1533 3548 ut
1581 3469 1656 3524 illi
1709 3473 2088 3530 necessitatem

507 3553 783 3622 imponat?
807 3552 936 3620 Quae
965 3555 1108 3610 enim
1138 3564 1336 3627 pratter
1357 3558 1690 3618 voluntatem
1716 3564 1996 3630 accidunt,
2022 3583 2086 3622 ex

503 3641 827 3698 necessitate
852 3643 1011 3698 ﬁunt.

939 3777 1046 3850 53
1065 3777 1269 3836 Salutio
1297 3782 1630 3853 objectionis.

572 3912 944 3983 lnterrogandi
973 3923 1100 3972 sunt
1128 3917 1364 3974 vicissim
1391 3919 1598 3977 Christi
1634 3923 1839 3989 hostes,
1909 3935 1961 3980 et
1991 3941 2088 3996 per

499 4019 564 4060 ea
606 4005 721 4075 ipsa
747 4021 866 4076 qua;
903 4008 1151 4078 imperite
1196 4012 1352 4068 nobis
1403 4013 1690 4083 objiciunt,
1754 4017 1861 4074 illis
1882 4033 2080 4075 occur-

501 4098 727 4153 rendum
754 4108 856 4166 est,
881 4101 1185 4174 similisque
1211 4107 1528 4175 opponenda
1562 4110 1883 4180 propositio.
1914 4108 2085 4166 Dicite

501 4191 684 4260 itaque
704 4191 892 4248 nobis:
929 4194 1070 4250 Deus
1101 4205 1257 4252 estne
1289 4199 1482 4263 bonus,
1519 4201 1830 4257 misericors
1877 4212 1933 4258 et
1951 4217 2082 4259 sau-

498 4290 620 4337 etus
643 4295 711 4336 ex
739 4281 1036 4353 voluntate,
1071 4301 1138 4342 an
1174 4299 1373 4357 praeter
1395 4289 1764 4346 voluntatem?
1827 4291 1884 4346 Si
1937 4294 2082 4348 enim

2229 610 2459 681 μάταιόν
2482 629 2542 666 τε
2565 613 2661 668 καὶ
2687 613 3098 688 διεψευσμένον.

2907 728 3114 784 ΔΛΛΟ.

2292 836 2355 891 El
2379 837 2489 892 τῶν
2517 840 2576 893 ἐν
2601 840 2856 911 βουλήσει
2885 842 3193 912 γενομένων
3231 846 3558 914 προηγεῖται
3589 845 3808 915 χρόνος,

2219 927 2343 981 καθ’
2376 928 2436 982 ὃν
2463 931 2496 1001 ἠ
2525 934 2653 1002 περὶ
2686 933 2864 988 αὐτῶν
2897 933 3088 1004 σκέψις
3118 933 3350 1004 ἐγίνετο,
3412 935 3505 990 καὶ
3533 937 3583 988 εί
3609 937 3808 1007 μικρὸν

2218 1037 2338 1075 τινα
2367 1024 2462 1076 καὶ
2494 1024 2779 1095 ἀκαριαῖον
2807 1025 3030 1098 δοίημεν
3061 1027 3244 1091 αὐτὸν,
3267 1027 3384 1092 πῶς
3409 1028 3564 1081 ἔσται
3592 1028 3807 1098 χρόνων

2218 1110 2668 1184 ποιητὴςόΥίδς,
2723 1117 2774 1168 εί
2817 1114 3070 1188 βούλησις
3116 1119 3444 1188 προηγεῖται
3473 1117 3572 1188 τῆς
3606 1117 3805 1186 γεννή-

2217 1214 2357 1261 σεως
2401 1200 2602 1270 αὐτοῦς
2638 1201 2777 1256 Ἀλλ’
2821 1203 2937 1259 ἐστι
2992 1206 3201 1276 χρόνων
3246 1207 3503 1277 ποιητής.
3526 1202 3637 1260 Ἦν
3664 1206 3800 1277 ἄρα,

2215 1289 2309 1343 καὶ
2333 1290 2487 1347 οὐδέν
2510 1292 2628 1347 ἐστι
2657 1293 2764 1366 πρὸ
2792 1295 2890 1366 τῆς
2914 1299 3220 1369 γεννήσεως
3249 1297 3436 1353 αὑτοῦ.

2901 1499 3105 1554 ΑΛΛΟ.

2279 1597 2357 1662 Εί
2376 1609 2536 1678 σοφία
2557 1611 2652 1665 τοῦ
2683 1613 2896 1683 Πατρός
2921 1614 3069 1666 ἐστιν
3101 1616 3129 1668 6
3157 1613 3305 1680 Υἱὸς,
3331 1615 3520 1685 ὥσπερ
3553 1607 3648 1668 οὖν
3695 1612 3798 1666 καὶ

2209 1696 2348 1762 ἔστι,
2377 1700 2528 1765 ποῖός
2547 1701 2663 1756 ἐστι
2709 1703 2900 1775 χρόνος
2927 1703 3015 1757 ὅτε
3047 1705 3149 1758 οὐκ
3195 1699 3262 1775 ἦν
3307 1704 3364 1758 ὲν
3403 1703 3556 1774 αὐτῷ
3589 1702 3796 1773 σοφίας

2139 1785 2180 1840 Β
2209 1790 2259 1842 εἰ
2288 1789 2347 1842 δέ
2379 1792 2528 1845 ἐστιν
2549 1792 2716 1858 ἀΐδιος
2737 1793 2796 1846 ὲν
2833 1794 3009 1865 Πατρὶ
3030 1794 3149 1864 (ἀεὶ
3179 1793 3288 1863 γὰρ
3314 1793 3473 1862 σοφὸς
3493 1796 3521 1846 6
3541 1789 3729 1863 Πατὴρ
3747 1789 3792 1860 ).

2210 1881 2328 1944 πῶς
2353 1882 2621 1953 ήγήσεταί
2647 1901 2700 1937 τι
2732 1883 2826 1938 τοῦ
2861 1885 2948 1938 ἀεὶ
2982 1885 3168 1952 ὅντος;
3192 1885 3317 1948 Πῶς
3349 1885 3408 1936 δὲ
3456 1885 3492 1954 ή
3533 1882 3794 1953 βούλησις

2204 1972 2446 2044 χωρήσει
2473 1975 2700 2044 μεταξὺ,
2726 1976 2801 2046 μὴ
2835 1975 2966 2030 ὅντα
2993 1975 3124 2029 ποτὲ
3145 1975 3238 2028 τὸν
3279 1975 3409 2029 Υίὸν
3433 1973 3791 2043 εἰσφέρουσα,

2203 2061 2297 2114 τὸν
2323 2060 2403 2132 τῷ
2419 2064 2739 2134 γεννήσαντι
2769 2065 3036 2118 συναῒδιον
3071 2065 3151 2129 ὡς
3191 2063 3382 2134 σοφίαν
3412 2063 3615 2130 atii-.06;

2893 2338 3096 2393 ΑΛΛΟ.

2272 2447 2335 2500 Εἰ
2379 2451 2702 2520 προηγεῖται
2744 2449 2998 2521 βούλησις
3044 2451 3138 2504 τοῦ
3205 2451 3359 2517 Υίοῦ,
3411 2451 3470 2505 ἐν
3524 2449 3698 2521 χρόνῳ
3731 2450 3793 2503 δὲ

2199 2539 2414 2610 ἀνάγκη
2441 2540 2542 2612 τὴν
2576 2543 2707 2613 περὶ
2735 2542 2905 2596 αὑτοῦ
2936 2542 3192 2612 γενέσθαι
3223 2543 3434 2614 σκέψιν,
3467 2543 3563 2596 καὶ
3604 2544 3653 2595 εί
3696 2559 3790 2613 μισ

2201 2634 2333 2704 κρός
2357 2649 2444 2696 τις
2491 2634 2577 2704 εἴη
2630 2634 2726 2689 καί¹
2751 2634 2874 2688 λίαν
2918 2634 3146 2706 βραχὺς,
3206 2634 3327 2700 πῶς
3367 2635 3522 2689 ἔσται
3566 2633 3794 2687 πάντων

2199 2725 2463 2795 ποιητής;
2497 2725 2568 2778 ’Ἡ
2602 2725 2721 2788 πῶς
2768 2726 3096 2796 πιστεύομεν
3130 2729 3197 2798 τῇ
3230 2728 3453 2799 Γραφῇ,
3505 2725 3685 2780 πάντα
3713 2724 3795 2780 δι’

2199 2814 2363 2868 αὐτοῦ
2393 2815 2648 2884 γενέσθαι
2680 2815 2953 2888 λεγούσης
2991 2818 3164 2873 Ὅπου
3208 2818 3316 2888 πρὸ
3337 2815 3500 2870 αὑτοῦ
3535 2816 3794 2886 φαίνεται

2198 2907 2410 2978 χρόνος,
2441 2907 2565 2961 καθ’
2584 2909 2645 2961 ὃν
2677 2909 2710 2978 ή
2738 2909 2870 2978 περὶ
2907 2908 3074 2964 αὑτοῦ
3103 2910 3297 2978 γέγονε
3352 2908 3625 2980 βούλησις,
3649 2907 3791 2980 χρό-

2197 3016 2304 3054 νων
2322 3000 2422 3053 οὐκ
2450 2999 2618 3054 ὄντων
2648 2999 2752 3072 πρὸ
2773 2999 2938 3054 αὑτοῦ
2962 3016 2978 3067 ;

2886 3113 3098 3172 ΔΛΛΟ.

2405 3224 2502 3290 Ὧς
2537 3227 2606 3292 ἐξ
2648 3227 3006 3294 ἀντιθέσεως
3040 3226 3162 3281 τῶν
3209 3228 3540 3297 αἱρετικῶν.

2265 3315 2330 3370 Et
2363 3316 2438 3390 μὴ
2471 3317 2745 3389 βουλήσει,
2801 3319 2958 3390 φησὶ,
3005 3319 3229 3388 γέγονεν
3255 3322 3284 3374 ὁ
3320 3321 3451 3384 Υἱὸς
3480 3320 3574 3374 τοῦ
3620 3320 3788 3387 Θεοῦ,

2193 3404 2252 3470 ἐξ
2292 3405 2540 3477 ἀνάγκης
2569 3407 2679 3478 ἄρα
2704 3409 2800 3462 καὶ
2841 3406 2918 3480 μὴ
2952 3407 3121 3462 θέλων
3149 3408 3308 3480 ἔσχεν
3350 3409 3480 3463 Υἱδν
3510 3410 3539 3464 6
3564 3410 3783 3481 Πατήρ.

2194 3495 2302 3548 Καὶ
2322 3495 2407 3558 τίς
2443 3498 2472 3550 6
2524 3497 2727 3568 μείζων
2761 3497 2930 3552 αὑτοῦ
2981 3499 3076 3552 καὶ
3119 3499 3218 3570 τὴν
3266 3500 3515 3572 ἀνάγκην
3567 3501 3786 3564 ἐπιθεὶς

2192 3584 2370 3656 αὑτῷ;
2402 3586 2484 3640 Τὰ
2539 3587 2649 3657 γὰρ
2690 3589 2843 3660 παρὰ
2891 3587 3120 3663 γνώμην
3181 3593 3670 3663 ὲπισυμὸαίνοντα,
3718 3595 3790 3660 ἐξ

2190 3679 2440 3750 ἀνάγκης
2467 3679 2698 3748 γίνεται.

2668 3809 2828 3881 Πρὸς
2860 3812 3047 3869 ταῦτα
3074 3807 3288 3882 λύσιςξ

2272 3940 2702 4013 Ἀντερωτητέον
2731 3945 2859 4009 τοὺς
2878 3948 3303 4020 χριστομάχους,
3336 3951 3431 4005 καὶ
3459 3951 3526 4005 δι’
3549 3943 3625 4006 ὧν
3643 3953 3779 4024 ἡμῖν

2188 4033 2567 4103 προτείνουσιν
2599 4035 2850 4105 ἀμαθῶς,
2890 4037 2980 4092 διὰ
2999 4040 3206 4094 τούτων
3242 4042 3428 4106 αὐτοῖς
3460 4043 3777 4116 ὑπαντήσω-

2190 4142 2310 4196 μεν,
2340 4124 2440 4196 τὴν
2470 4125 2592 4197 ἴσην
2629 4129 3028 4198 ἀντεπάγοντες
3053 4133 3339 4203 πρότασιν.
3383 4137 3590 4190 Είπατε
3615 4138 3776 4208 ἡμῖν’

2198 4217 2427 4287 Ἀγαθὸς
2447 4220 2541 4272 καὶ¹
2555 4220 2878 4292 οἰκτίρμων,
2897 4222 3146 4295 ἐλεήμων
3171 4243 3229 4280 τε
3253 4228 3347 4281 καὶ
3371 4228 3528 4297 ἅγιος
3553 4231 3618 4284 ὲκ
3644 4229 3778 4299 βου-

2184 4309 2392 4380 λήσεὼς
2417 4311 2565 4364 ἐστιν
2590 4313 2619 4364 6
2641 4311 2790 4377 Θεὸς,
2821 4314 3024 4387 ῆπαρὰ
3047 4317 3333 4391 βούλησιν;
3372 4321 3431 4374 Et
3459 4323 3557 4392 μὲν
3583 4318 3678 4377 οὖν
3707 4325 3780 4378 ἐκ

497 4386 566 4425 ex
601 4371 894 4438 voluntate,
920 4375 1170 4433 voluntas
1200 4387 1380 4434 autem
1397 4394 1612 4450 semper
1641 4385 1900 4451 praecedit
1927 4399 1989 4440 ea
2015 4386 2084 4442 de

2192 4371 2511 4472 βουλήσεως,
2539 4405 2572 4474 ή
2601 4402 2660 4456 δὲ
2689 4371 3268 4481 βουνλησιςαροτρέχει

499 4463 696 4532 quibus
719 4463 812 4530 ﬁt,
845 4476 968 4522 erat
1012 4467 1196 4539 itaque
1245 4479 1456 4540 tempus
1509 4473 1722 4542 quando
1777 4474 1920 4532 Deus
1968 4477 2084 4534 haec

2192 4463 2315 4565 ιπερὶ
2336 4463 2422 4548 ,ὧν
2447 4463 2791 4565 καὶγίνεται,
2814 4463 2882 4570 ήν
2905 4463 3026 4572 όίρα.
3044 4463 3476 4574 χρόνὲςὸτεῗοίδκ
3491 4463 3567 4579 ἣν
3596 4507 3778 4562 ταῦτα

498 4569 605 4612 non
641 4567 780 4624 erat,
815 4575 940 4616 cum
976 4562 1233 4618 nimirum
1256 4563 1428 4619 adhuc
1452 4565 1518 4620 de
1543 4566 1610 4621 iis
1638 4565 1991 4624 deliberabat.
2023 4571 2080 4625 Si

499 4663 628 4704 vero
659 4660 858 4720 praeter
883 4651 1218 4709 voluntatem
1248 4670 1404 4710 suam
1433 4656 1610 4714 bonus
1641 4669 1727 4714 est
1777 4667 1832 4714 et
1865 4659 2080 4715 miseri-

497 4753 642 4805 cors,
671 4728 801 4811 ergo
828 4744 1157 4800 necessitate
1188 4747 1422 4814 quadam
1448 4749 1501 4804 id
1539 4759 1643 4804 est.
1680 4749 1814 4818 Quis
1841 4765 1969 4808 vero
1995 4763 2082 4808 est

497 4830 591 4900 qui
642 4833 692 4886 ei
744 4835 1122 4891 necessitatem
1179 4846 1273 4893 aut
1319 4839 1426 4893 vim
1486 4840 1703 4906 inferat,
1737 4853 1796 4897 ιιι
1821 4859 1915 4900 vos
1977 4845 2079 4914 ipsi

497 4923 822 4993 loquimini?
871 4925 1094 4982 Constat
1149 4928 1313 4998 igitur
1361 4933 1784 5000 propositionem
1841 4947 2078 4994 vestram

497 5016 783 5074 dementia:
809 5017 1024 5090 plenam
1052 5035 1194 5090 esse,
1221 5021 1463 5092 nihilque
1483 5025 1607 5079 boni
1646 5025 1869 5085 inferre.

846 5151 1077 5220 ALIUD,
1114 5155 1183 5209 ad
1207 5172 1280 5211 ret
1311 5155 1736 5226 explicationem.

564 5265 621 5322 ln
652 5267 814 5322 rebus
839 5267 1178 5325 naturalibus
1231 5285 1336 5324 non
1401 5273 1658 5341 praecedit
1705 5275 2073 5334 deliberatiO:

495 5360 904 5414 versaturenim
939 5370 1147 5416 tantum
1176 5364 1320 5418 circa
1347 5378 1410 5419 ea
1441 5381 1562 5436 qua:
1614 5378 1742 5423 sunt
1799 5381 1951 5424 extra
1979 5376 2073 5427 de-

499 5444 781 5503 liberantis
806 5451 1120 5507 essentiam.
1155 5453 1403 5524 Exempli
1437 5457 1612 5526 gratia
1641 5473 1658 5515 :
1720 5458 1936 5516 Plantat
1976 5465 2077 5518 ali-

495 5539 621 5616 quis
646 5537 834 5607 vitem,
865 5553 958 5596 aut
995 5545 1173 5600 navim
1208 5549 1460 5615 aediﬁcat,
1491 5549 1643 5619 prius
1673 5552 1739 5606 (le
1780 5553 1845 5608 iis
1869 5554 2073 5612 delibe-

499 5644 659 5683 rans:
697 5630 934 5703 gignitur
957 5645 1134 5692 autem
1167 5639 1484 5693 naturaliter
1517 5655 1580 5693 ex
1609 5639 1825 5695 homine
1871 5645 2070 5713 proles,
2125 5645 2132 5656 ’

501 5717 646 5774 nulla
685 5723 1022 5791 pnecedcnte
1050 5727 1456 5786 deliberatione.
1492 5728 1549 5785 Si
1578 5729 1698 5798 quis
1732 5730 1894 5801 igitur
1951 5733 2070 5791 lor-

2184 4585 2336 4650 Θεὸς,
2353 4585 2433 4639 ἔτι
2443 4586 2543 4658 τὴν
2554 4606 2622 4641 πε
2629 4589 2684 4659 ρὶ
2699 4590 2879 4646 αὐτῶν
2895 4593 3088 4664 σκέψιν
3103 4596 3425 4668 ποιούμενος
3435 4640 3448 4653 .
3465 4599 3594 4653 Είδὲ
3607 4599 3776 4653 ἀδου-

2183 4674 2360 4747 λήτως
2393 4676 2597 4745 ἀγαθός
2635 4678 2754 4733 ἐστι
2785 4681 2878 4734 καί¹
2930 4683 3176 4754 ἐλεήμων
3208 4685 3362 4757 παρὰ
3390 4687 3638 4759 γνώμην,
3659 4688 3775 4760 ἄρα

2182 4766 2341 4819 τοῦτό
2375 4769 2492 4821 ἐστι
2556 4771 2649 4823 καὶ
2681 4770 2742 4836 ἐξ
2791 4773 3061 4846 ἀνάγκης.
3122 4777 3233 4831 Καὶ
3265 4777 3348 4841 τίς
3392 4780 3540 4832 ἐστιν
3591 4780 3620 4832 6
3671 4779 3774 4849 τὴν

2182 4858 2430 4930 ἀνάγκην
2466 4860 2672 4926 ἐπιθεὶς
2701 4864 2870 4936 αὐτῷ,
2929 4865 3052 4919 καθ’
3073 4867 3256 4938 ὑμῶν;
3286 4868 3564 4924 Δέδεικται
3587 4871 3772 4924 τοίνυν

2186 4952 2394 5022 μωρίας
2415 4953 2720 5023 ἀνάμεστος
2750 4958 2782 5026 ή
2811 4958 2940 5027 παρ’
2960 4958 3104 5029 ὑμᾶς
3135 4961 3418 5032 πρότασις,
3443 4963 3537 5017 καὶ
3563 4962 3771 5032 ἀγαθὸν

2181 5043 2331 5097 οὐδὲν
2362 5044 2692 5116 εἰσφέρουσα
2730 5049 2928 5120 νόημα.

2618 5175 2824 5240 ΑΛΛΟ,
2856 5176 3314 5250 διηγηματικῶς.

2262 5287 2385 5341 Ἐπὶ
2438 5289 2546 5342 τῶν
2595 5291 2736 5344 κατὰ
2799 5290 2960 5361 φύσιν
3000 5294 3062 5348 οὐ
3120 5299 3444 5367 προηγεῖται
3485 5297 3763 5371 βούλησις,

2180 5383 2350 5452 χωρεῖ
2385 5381 2442 5436 δὲ
2479 5382 2637 5452 μόνον
2684 5384 2777 5437 ἐπὶ
2830 5385 2940 5440 τῶν
3007 5387 3206 5454 ἔξωθεν
3235 5390 3338 5459 τῆς
3370 5391 3559 5457 οὐσίας
3593 5393 3763 5448 ὄντων

2177 5471 2271 5525 τοῦ
2322 5472 2732 5545 βουλευομένου.
2756 5471 2881 5531 Οἷον
2923 5479 3054 5550 φέρε
3081 5483 3277 5535 εἰπεῖν’
3318 5483 3642 5555 Ἀμπελῶνα
3675 5505 3760 5550 τις

2180 5562 2478 5636 φυτεύει,ἢ
2521 5571 2880 5638 ναυπηγεῖται
2911 5571 3138 5640 σκάφος,
3161 5571 3590 5645 βουλευσάμενος
3620 5578 3754 5646 πρό-

2176 5672 2335 5725 τερον
2369 5657 2721 5728 περἰαὑτῶψ
2782 5658 3025 5713 τίκτεται
3084 5662 3140 5715 δὲ
3207 5663 3349 5716 κατὰ
3408 5666 3572 5734 φύσιν
3603 5667 3663 5718 τὸ
3697 5667 3755 5733 ἐξ

2179 5743 2472 5815 ἀνθρώπου
2511 5747 3011 5820 παιδίον,οὑδεμιᾶς
3036 5752 3390 5825 ἡγηταμὲνης
3422 5754 3748 5826 βουλήσεως.
