4106 6432
333 333 412 391 89
485 423 490 428 γ
1771 347 2224 408 THESAURUS.
3567 351 3640 410 90

331 454 402 508 Εῐ
429 471 518 518 τις
542 448 645 510 οὖν
668 456 830 526 λέγοι
855 459 1021 530 τυχὸν
1045 461 1143 514 ἐπί
1170 479 1315 527 τινος
1367 463 1476 517 τῶν
1527 465 1835 538 ἀνθρώπων
1864 468 1948 521 ὅτι

2055 475 2202 524 tasse
2269 468 2414 525 dicat
2489 469 2560 526 de
2618 469 2805 540 aliquo
2865 469 3148 526 hominum
3208 469 3353 538 quod
3439 479 3640 538 praeter

334 546 492 618 παρά
548 545 824 619 βούλησιν
876 550 1039 622 ἔσχεν
1085 554 1203 608 υἱὸν
1230 595 1244 619 ,
1289 555 1366 627 μὴ
1410 557 1573 623 εὐθὺς
1624 560 1720 613 ἐπὶ
1778 559 1841 613 τὸ
1887 559 1947 625 ἐξ

345 637 586 708 ἀνάγκης
623 638 906 709 τρεχέτω⁹
942 641 1004 694 οὑ
1034 641 1146 715 γάρ
1185 644 1252 700 ἐκ
1283 663 1428 712 τινος
1465 649 1715 722 ἀνάγκης
1745 651 1904 722 ἔσχεν
1928 668 1942 682 ο

345 729 455 783 ἀλλ’
485 728 672 800 ὁράτω
697 731 914 800 μᾶλλον
941 733 1026 788 ὅτι
1054 737 1166 790 τῶν
1191 738 1256 791 ὲκ
1283 738 1497 808 φύσεως
1519 741 1582 794 οὑ
1613 745 1946 815 προηγεῖται

344 819 613 890 βούλησις.
661 822 850 878 Ἐκὼν
872 827 984 898 γάρ
1010 845 1098 892 τις
1153 833 1336 902 γεννᾷ,
1379 831 1636 904 οὐδεμιᾶς
1664 834 1794 907 περὶ
1825 836 1950 890 τού-

335 928 424 964 του
451 915 896 988 προηγουμένης
929 917 1264 988 βουλήσεως.
1303 923 1559 994 Θελητῶς
1599 921 1691 981 οὖν
1716 926 1826 999 ἄρα
1853 927 1948 982 καὶ

332 1003 654 1075 ἀϐουλήτως
678 1007 927 1081 ὑπάρχει
951 1012 1045 1067 καὶ
1068 1015 1097 1066 6
1122 1013 1296 1083 Λόγος
1335 1017 1393 1071 ὲν
1427 1016 1506 1088 τῷ
1528 1017 1726 1092 Πατρὶ,
1759 1019 1950 1093 ὥσπερ

331 1097 478 1151 ἔστὶν
501 1099 565 1152 ὲν
597 1099 892 1172 ἀνθρώπῳ
918 1103 980 1158 τὸ
1002 1105 1063 1173 ἐξ
1094 1106 1294 1162 ἑαυτοῦ
1329 1109 1569 1165 παιδίον.

1048 1313 1259 1369 AAAO.

400 1419 463 1474 Et
493 1420 649 1476 κατὰ
685 1421 858 1492 φύσιν
890 1424 1100 1493 ἁγαθός
1149 1428 1300 1481 ἐστιν
1329 1430 1359 1482 6
1387 1429 1520 1494 Θεὸς
1566 1432 1662 1486 καὶ
1717 1383 1910 1505 Πατὴρ
1932 1470 1950 1498 ,

2053 562 2384 627 voluntatem
2446 563 2615 618 ﬁliuni
2681 565 2896 631 habuit,
2960 578 3030 618 ne
3085 563 3272 618 statim
3323 561 3390 617 ad
3445 576 3634 617 neces-

2050 655 2268 710 sitatem
2333 654 2614 728 confugiat
2663 675 2676 711 :
2748 671 2925 727 neque
2981 657 3128 712 enim
3181 654 3496 711 necessario
3551 655 3644 708 ha-

2049 746 2213 814 buit,”
2253 745 2346 802 sed
2408 747 2592 817 potius
2641 748 2944 820 intelligat,
2997 749 3052 803 in
3125 745 3464 802 naturalibus
3531 760 3640 800 non

2049 838 2355 911 praecedere
2387 838 2853 896 deliberationem.
2912 839 3119 910 Sponte
3168 839 3315 894 enim
3367 838 3640 909 quispiam

2049 939 2294 1002 general,
2312 931 2455 986 nulla
2481 931 2876 988 deliberatione
2901 932 3268 1002 praecedente.
3299 930 3504 999 Sponte
3530 930 3639 1001 igi-

2054 1036 2141 1080 tur
2166 1035 2220 1081 et
2245 1025 2386 1082 citra
2441 1024 2893 1082 deliberatidnem
2934 1036 3016 1082 est
3059 1024 3294 1081 Verbum
3350 1025 3404 1080 in
3456 1024 3644 1088 Patre,

2051 1118 2507 1190 quemadmodum
2538 1127 2624 1174 est
2661 1119 2717 1175 iu
2750 1117 2972 1175 homine
2992 1116 3109 1186 ejus
3146 1115 3350 1188 proles.

2740 1309 2977 1372 ALIUD.

2124 1429 2185 1486 Si
2219 1428 2540 1484 naturaliter
2562 1429 2738 1485 bonus
2769 1439 2859 1486 est
2904 1431 3049 1486 Deus
3098 1443 3161 1486 ac
3184 1429 3366 1495 Pater,
3395 1445 3504 1485 non
3571 1445 3646 1486 ex

336 1512 430 1567 οὐκ
454 1514 522 1566 ὲκ
547 1513 900 1584 βουλήσεως,
939 1518 1030 1573 ἵνα
1064 1518 1142 1590 μὴ
1188 1521 1451 1594 φαίνηται
1489 1524 1702 1595 χρόνος,
1731 1527 1822 1580 ὅτε
1851 1527 1950 1580 οὑκ

2055 1522 2350 1590 voluntate,
2379 1538 2448 1578 ne
2470 1521 2716 1578 videatur
2733 1522 2954 1594 aliquod
2983 1530 3196 1594 tempus
3233 1521 3402 1578 fuisse
3427 1525 3652 1593 quando

336 1600 400 1677 ἧν
419 1603 605 1672 τοῦτο,
649 1606 782 1662 καθ’
841 1607 904 1662 ὃν
934 1603 1004 1681 ἦν
1037 1611 1316 1683 βούλησις,
1363 1613 1425 1667 οὑ
1486 1613 1746 1688 βουλήσει
1788 1618 1952 1688 γεννᾷ

2055 1615 2158 1670 hoc
2187 1615 2365 1686 ipsum
2402 1629 2508 1670 non
2538 1615 2754 1680 erat,in
2778 1629 2886 1685 quo
2921 1613 3088 1670 ﬂebat
3121 1614 3468 1680 deliberatio,
3533 1629 3638 1669 non

335 1699 424 1751 τον
461 1698 630 1765 Υἰδν,
673 1699 825 1754 ἀλλά
873 1700 1061 1770 φύσει.
1098 1703 1312 1774 Πρέπει
1373 1705 1484 1778 γὰρ
1537 1707 1741 1778 μᾶλλον
1793 1707 1950 1764 τοῦτο

2054 1706 2332 1762 voluntate
2356 1715 2579 1776 generat
2611 1705 2833 1774 Filium,
2861 1706 2956 1764 sed
2988 1713 3206 1762 natura.
3241 1705 3356 1762 Hoc
3392 1707 3539 1762 enim
3591 1707 3646 1761 ei

338 1789 504 1861 αὐτῷ.

1007 1950 1010 1954 .
1053 1908 1265 1965 AAAO.

431 2019 762 2094 Ἐρωτητέον
797 2024 935 2088 τοὺς
983 2025 1413 2098 χριστομάχους,
1444 2027 1494 2079 εἰ
1545 2025 1711 2090 αὐτὸς
1757 2027 1787 2080 6
1843 2024 1943 2078 τοῦ

353 2112 529 2180 Λόγου
560 2114 746 2185 Πατὴρ
772 2117 842 2168 ὲκ
870 2115 1191 2188 βουλήσεως
1218 2117 1478 2189 ὑπάρχει,
1507 2117 1541 2189 ἢ
1570 2117 1722 2188 παρὰ
1755 2115 1950 2187 βούληο

347 2221 431 2258 σιν
455 2205 668 2260 ἑαυτοῦ.
723 2207 791 2260 El
826 2207 932 2278 μὲν
960 2205 1056 2263 οὖν
1086 2212 1152 2264 ὲκ
1202 2210 1533 2281 βουλήσεως,
1581 2210 1946 2282 προηγεῖσθαι

336 2297 392 2350 δὲ
414 2297 629 2368 ἀνάγκη
663 2299 770 2370 τῆς
829 2300 1130 2372 ὑπάρξεως
1172 2301 1275 2373 τὴν
1327 2302 1608 2374 βούλησιν,
1663 2301 1856 2356 σιωπῶ
1882 2303 1948 2356 τὸ

335 2386 636 2458 δύστρημον·
659 2391 712 2443 εἰ
734 2389 796 2442 δὲ
822 2392 982 2463 παρὰ
1006 2391 1286 2463 βούλησιν,
1306 2393 1364 2460 ἐξ
1389 2393 1637 2464 ἀνάγκης
1657 2393 1765 2464 ἄρα
1788 2391 1949 2446 τοῦτό

334 2482 494 2546 ἔστιν,
532 2481 678 2554 ὅπερ
718 2483 990 2555 ὑπάρχει.
1023 2485 1137 2539 Καὶ
1165 2484 1250 2550 τίς
1273 2487 1302 2540 6
1339 2485 1440 2556 τὴν
1462 2485 1712 2555 ἀνάγκην
1739 2485 1948 2549 ἐπιθεὶς

336 2573 516 2642 αὑτῷ;
555 2575 619 2628 Ei
644 2576 707 2630 δὲ
749 2577 998 2650 ὑπάρχει
1033 2577 1135 2649 μὲν
1173 2580 1201 2632 6
1246 2577 1458 2650 Πατὴρ,
1506 2578 1606 2631 οὑκ
1655 2579 1721 2630 ὲκ
1750 2577 1948 2650 βουλή-

335 2683 470 2730 σεως
493 2669 572 2731 δὲ,
595 2667 729 2722 οὔτε
765 2670 880 2740 μὴν
913 2671 1068 2742 παρὰ
1097 2670 1376 2742 βούλησιν,
1409 2673 1438 2726 6
1481 2669 1647 2734 αὑτὸς
1673 2671 1947 2740 κρατείτω

330 2759 478 2830 λόγος
510 2762 994 2833 ἀτιεριεργάστως
1025 2765 1122 2818 καὶ⁸
1182 2765 1268 2835 ἐφ’
1294 2763 1449 2818 Υἱοῦ.
1503 2762 1813 2828 Ἐξετάζειν
1838 2764 1948 2835 γὰρ

327 2855 394 2909 τά
427 2854 666 2910 τοιαῦτα
697 2856 1100 2927 ῥιψοκινδύνως
1120 2857 1221 2911 οὑκ
1243 2853 1562 2910 ἀκόλουθον.
1588 2853 1710 2926 Χρὴ
1733 2855 1790 2907 δὲ
1820 2853 1950 2926 μᾶλ-

325 2948 749 3013 λονάχούοντας
785 2949 922 3024 περὶ
953 2949 1092 3004 Θεοῦ
1141 2949 1364 3014 εἰδέναι,
1391 2949 1476 3003 ὄντι
1521 2949 1686 3012 αὑτός
1714 2950 1865 3000 ἐστιν
1914 2951 1948 3002 ό

322 3040 430 3110 ὢν,
456 3043 563 3096 οὑκ
622 3043 814 3114 ἀρχήν
847 3061 972 3096 τινα
1014 3042 1109 3097 τοῦ
1169 3039 1312 3098 εἶναι
1360 3041 1566 3110 λαϐὼν,
1617 3040 1732 3096 ἀλλ’
1781 3039 1948 3104 αὐτὸς

325 3135 435 3199 τοῖς
465 3134 659 3199 ἄλλοις
687 3134 843 3206 ἀρχὴ
874 3135 970 3189 τοῦ
1005 3129 1148 3190 εἶναι
1177 3135 1487 3209 γενόμενος.

813 3340 1022 3405 ΑΔΛΟ,
1053 3339 1516 3409 διηγηματικῶς.

400 3456 651 3508 ’Δτοπον
684 3453 902 3526 σφόδρα
938 3455 1032 3508 καὶ⁸
1065 3455 1407 3509 ἐπικίνδυνον
1456 3457 1541 3525 ἐφ’
1585 3455 1716 3509 Υἱοῦ
1769 3455 1951 3522 λέγειν

326 3546 407 3610 τὺ,
437 3547 718 3618 Βουλήσει
745 3545 858 3618 ἄρα
886 3547 919 3617 ἢ
956 3547 1108 3617 παρὰ
1132 3547 1392 3618 βούλησιν
1429 3548 1722 3620 ἐγεννήθη.
1741 3548 1802 3601 Ὀ
1841 3549 1949 3620 γὰρ

325 3638 428 3690 οὑκ
447 3638 517 3690 ἐκ
547 3636 874 3708 βουλήσεως
909 3637 1176 3708 ὑπάρχων
1208 3637 1364 3703 Θεὸς,
1394 3639 1498 3692 οὑκ
1527 3640 1592 3692 ὲκ
1641 3639 1950 3710 βουλήσεως

329 3728 441 3797 ἔχει
480 3727 580 3780 τὸν
641 3726 712 3778 ὲκ
754 3727 856 3797 τῆς
906 3725 1098 3790 οὐσίας
1159 3726 1326 3780 αὑτοῦ
1385 3727 1726 3799 προελθόντα
1756 3729 1971 3806 Λόγον,-

330 3818 471 3873 ἀλλά
510 3817 795 3887 φυσικῶς.
839 3818 940 3888 Ετη
976 3818 1086 3890 γὰρ
1116 3818 1212 3872 καὶ
1241 3817 1415 3884 οὕτως
1445 3819 1611 3874 εἰκὼν
1633 3819 1803 3874 αὑτοῦ
1855 3819 1950 3874 καὶ

330 3911 633 3982 χαρακτὴρ
662 3911 728 3964 οὑ
758 3910 1173 3983 διεψευσμένος.

1045 4025 1255 4080 ΑΛΛΟ.
1755 4089 1758 4095 ,

399 4134 468 4188 ΕΞ
497 4132 768 4204 βούλησις
800 4135 896 4189 καὶ
919 4135 1112 4206 σκέψις
1147 4139 1475 4209 προηγεῖται
1513 4139 1615 4210 τῆς
1656 4137 1950 4212 ὑπάρξεως

329 4226 425 4280 τοῦ
457 4227 621 4292 Υξοῦ,
655 4227 766 4281 ὀδὲ
796 4227 930 4292 Υἱὸς
959 4229 1123 4298 σοφία
1181 4230 1274 4282 καὶ
1321 4230 1495 4299 Λόγος
1540 4231 1658 4284 ἐστὶ
1695 4229 1792 4284 τοῦ
1840 4232 1952 4284 Πα-

328 4322 486 4393 τρὺς,
515 4320 644 4385 πῶς
674 4320 930 4374 ἐϐούλετο
949 4322 979 4373 6
1004 4322 1136 4386 Θεὸς
1159 4322 1353 4393 ἄλογός
1380 4342 1441 4377 τε
1467 4325 1561 4378 καὶ
1615 4324 1820 4395 άσοφος
1849 4325 1947 4391 ὣν,

332 4413 458 4470 καθ’
488 4415 680 4486 (mag;
713 4412 885 4468 Οὔπω
915 4413 1028 4486 γὰρ
1058 4411 1128 4486 ἦν
1147 4417 1175 4468 6
1207 4415 1353 4482 Υἱὸς,
1390 4416 1472 4470 ἔτι
1496 4419 1598 4489 τῆς
1623 4419 1754 4490 περὶ
1777 4418 1946 4473 αὑτοῦ

1984 1826 2026 1883 Β
2057 1798 2466 1856 convenientius
2492 1806 2600 1856 est.

2725 1907 2966 1971 ALIUD.

2113 2027 2486 2099 lnterrogandi
2522 2036 2650 2084 sunt
2678 2027 2865 2084 hostes
2899 2026 3131 2091 Christi,
3167 2042 3297 2081 num
3343 2027 3462 2097 ipse
3483 2025 3648 2082 Verbi

2051 2124 2212 2179 Pater
2246 2125 2522 2179 voluntate
2550 2123 2804 2189 exsistat,
2837 2139 2905 2177 an
2949 2132 3144 2192 przeter
3189 2137 3344 2177 suam
3399 2120 3645 2176 volunta~

2055 2215 2198 2272 tem?
2225 2215 2359 2270 Nam
2391 2215 2436 2271 si
2467 2229 2533 2271 ex
2569 2215 2874 2280 voluntate,
2903 2222 2961 2269 et
2993 2227 3220 2269 necesse
3263 2223 3346 2269 est
3397 2213 3647 2268 voluntao

2052 2317 2160 2363 tem
2194 2307 2433 2377 priorem
2461 2305 2633 2362 fuisse
2669 2305 3010 2370 exsistentia,
3070 2313 3228 2360 taceo
3251 2303 3646 2374 blasphemiam

2049 2415 2171 2472 qua:
2199 2399 2324 2455 inde
2351 2378 2647 2469 sequetur;
2671 2399 2714 2452 si
2747 2407 2946 2466 praeter
2963 2396 3324 2460 voluntatem,
3355 2409 3423 2450 ex
3453 2409 3647 2449 neces-

2049 2493 2211 2548 sitate
2242 2491 2409 2562 igitur
2436 2499 2524 2545 est
2571 2489 2624 2544 id
2649 2489 2793 2558 quod
2846 2500 2952 2544 est.
2990 2489 3061 2543 At
3085 2489 3208 2557 quis
3257 2487 3306 2542 ei
3349 2489 3649 2542 necessita-

2052 2595 2159 2640 tem
2189 2583 2475 2654 imposuit?
2499 2581 2613 2654 54
2643 2584 2699 2638 Si
2721 2597 2846 2638 vero
2906 2580 3125 2637 exsistit
3189 2581 3407 2650 quidem
3460 2577 3644 2644 Pater,

2051 2690 2227 2745 neque
2252 2689 2319 2729 ex
2348 2675 2647 2741 voluntate,
2691 2689 2865 2743 neque
2911 2683 3112 2742 praeter
3165 2671 3527 2737 voluntatem,
3555 2686 3648 2727 ea-

2051 2770 2172 2823 dem
2205 2780 2338 2821 sane
2379 2767 2517 2822 ratio
2545 2766 2790 2821 obtineat
2817 2764 3054 2820 etiamin
3082 2763 3241 2819 Filio.
3284 2763 3469 2832 Neque
3502 2763 3646 2819 enim

2050 2858 2166 2913 haec
2208 2856 2370 2912 nimis
2414 2857 2672 2912 audacter
2704 2867 2758 2910 et
2789 2855 3085 2911 temerarie
3132 2856 3457 2926 inquirenda
3499 2863 3645 2910 sunt.

2051 2951 2166 3006 Hoc
2197 2965 2325 3005 vero
2347 2950 2546 3020 potius,
2571 2964 2700 3004 cum
2733 2949 2798 3004 de
2821 2949 2930 3002 Deo
2969 2949 3176 3019 agitur,
3215 2946 3508 3002 tenendum
3537 2957 3646 3013 est,

2052 3041 2227 3112 ipsum
2249 3055 2370 3096 esse
2395 3041 2606 3109 quiest,
2639 3039 2842 3108 quique
2876 3038 3084 3092 nullum
3125 3039 3288 3093 habet
3347 3039 3646 3096 exsistendi

2057 3133 2410 3203 principium,
2437 3133 2533 3189 sed
2560 3131 2783 3202 reliquis
2821 3131 3079 3186 omnibus
3145 3132 3362 3187 essendi
3422 3132 3643 3188 initium

1985 3215 2030 3278 C
2061 3224 2241 3300 dedit.

2400 3338 2636 3404 ALIUD,
2663 3339 2733 3392 ad
2761 3338 2836 3393 rei
2861 3337 3291 3409 explicationem.

2124 3455 2431 3510 Absurdum
2456 3462 2512 3509 et
2539 3454 2900 3524 periculosum
2927 3463 3012 3509 est
3032 3454 3098 3509 de
3119 3453 3258 3509 Filio
3306 3455 3490 3509 dicere
3520 3469 3532 3506 :
3569 3454 3648 3509 Ex

2057 3548 2450 3604 voluntateaut
2493 3556 2693 3618 praeter
2752 3549 3086 3603 voluntatem
3141 3547 3318 3602 factus
3372 3556 3477 3602 est.
3547 3547 3650 3613 Qui

2053 3640 2198 3698 enim
2225 3655 2330 3696 non
2360 3655 2426 3694 ex
2460 3639 2742 3696 voluntate
2771 3640 2991 3696 exsistit
3019 3638 3188 3702 Deus,
3224 3653 3330 3692 non
3363 3651 3429 3692 ex
3454 3636 3650 3692 volun-

2055 3743 2168 3790 tate
2189 3735 2349 3789 habet
2385 3733 2620 3789 Verbum
2644 3737 2787 3803 quod
2816 3748 2883 3788 ex
2923 3732 3044 3803 ejus
3077 3730 3317 3787 essentia
3362 3731 3648 3798 processit,

2054 3825 2147 3883 sed
2189 3824 2533 3881 naturaliter.
2574 3825 2651 3880 Ita
2676 3825 2824 3880 enim
2859 3823 3040 3894 imago
3067 3821 3186 3893 ejus
3245 3831 3301 3878 et
3355 3823 3649 3877 character

2054 3932 2182 3974 vere
2212 3916 2379 3993 fuerit
2411 3918 2483 3973 '°.

2727 4027 2959 4083 ALIUD.
3011 4032 3020 4040 '

2127 4141 2184 4196 Si
2221 4141 2471 4196 voluntas
2502 4149 2557 4194 et
2596 4139 2918 4194 deliberatio
2948 4137 3072 4193 Filii
3109 4137 3485 4193 exsistentiam
3519 4151 3656 4205 pra:-

2058 4233 2224 4300 cedit,
2264 4231 2432 4286 Filius
2464 4242 2648 4286 autem
2678 4240 2763 4286 est
2781 4230 3046 4299 sapientia
3075 4243 3130 4284 et
3181 4227 3416 4283 Verbum
3454 4228 3654 4293 Patris,

2054 4341 2163 4394 quo
2207 4333 2364 4394 pacto
2393 4323 2714 4379 deliberavit
2769 4323 2952 4388 Pater,
3017 4320 3198 4378 Verbo
3255 4332 3310 4377 et
3365 4321 3654 4392 sapientia,

2051 4417 2209 4488 juxta
2247 4425 2493 4473 vestram
2527 4417 2878 4481 sententiam,
2899 4415 3132 4472 carens?
3159 4413 3345 4484 Neque
3379 4415 3524 4468 enim
3551 4415 3654 4467 ad-

330 4506 641 4578 γινομένης
699 4505 968 4576 σκέψεως.
1029 4506 1154 4571 Πῶς
1191 4507 1248 4560 δὲ
1279 4509 1380 4562 οὑκ
1435 4509 1637 4564 ἄτοπον
1668 4511 1944 4582 εἰσφέρειν

2058 4509 2161 4564 huc
2183 4516 2302 4564 erat
2325 4507 2517 4574 Filius,
2543 4521 2666 4562 cum
2702 4507 2880 4563 adhuc
2893 4507 2959 4562 de
2985 4521 3051 4561 eo
3077 4505 3490 4561 deliberaretur.
3536 4504 3654 4571 Quo

331 4573 472 4669 περ).⁷
499 4573 708 4652 ἑαυτοῦ
746 4573 1138 4669 βουλευόμενον
1158 4599 1252 4652 τὸν
1286 4601 1530 4673 Πατέρα,
1557 4573 1789 4675 πότερόν
1817 4573 1949 4658 ποτε

2056 4609 2214 4673 pacto
2251 4614 2382 4655 vero
2413 4614 2520 4654 non
2567 4599 2863 4654 absurdum
2923 4597 3092 4653 fuerit
3143 4597 3402 4653 inducere
3439 4597 3653 4650 Patrem

333 4692 440 4763 χρὴ
472 4690 678 4759 σοφίαν
702 4689 852 4760 ἔχειν
908 4690 1003 4745 καὶ
1053 4691 1322 4764 Λόγον,ἢ
1381 4693 1488 4764 μή;
1552 4695 1950 4765 Παραιτεῖσθαι

332 4781 639 4854 τοιγαροῦν
663 4782 970 4863 ἀναγκαῖον
990 4783 1092 4847 τὰς
1121 4784 1482 4849 ἀπαιδεύτους
1512 4785 1622 4840 τῶν
1651 4788 1950 4860 χριστομά-

332 4890 446 4943 χων
481 4874 810 4945 προτάσεις,
844 4873 905 4928 οὑ
939 4874 1146 4947 σφόδρα
1201 4875 1564 4931 διατείνεσθαι
1600 4880 1737 4950 πρὸς
1761 4880 1822 4933 τὸ
1860 4881 1954 4934 άν-

331 4967 580 5036 τιλέγειν
607 4966 827 5030 αὑταῖς.

793 5172 999 5239 ΛΛΛΟ,
1059 5169 1158 5240 διη
1167 5171 1522 5242 γηματικῶς.

411 5287 521 5341 Διά
551 5283 774 5338 πολλῶν
797 5284 900 5355 ἤδη
933 5283 1202 5338 δέδεικται
1253 5283 1428 5354 λόγων
1447 5285 1531 5338 ὅτι
1557 5285 1666 5339 τῶν
1715 5288 1954 5359 ποιημά-

335 5398 448 5433 των
471 5381 737 5450 ήγήσατο
767 5375 1040 5447 βούλησις.
1082 5374 1172 5439 Ἐξ
1196 5375 1313 5438 ἑνὸς
1334 5375 1390 5428 δὲ
1414 5376 1474 5429 τὸ
1510 5377 1620 5430 πᾶν
1649 5377 1956 5450 γνωρισθή-

338 5490 520 5528 σεται.
577 5469 709 5522 Ἐπὶ
759 5466 870 5539 γὰρ
916 5469 981 5539 τῇ
1007 5465 1103 5519 τοῦ
1148 5464 1438 5536 ἀνθρώπου
1487 5470 1826 5538 κατασκευῇ,
1858 5469 1945 5534 τὸ,

342 5584 362 5616 ι
399 5564 749 5634 Ποιήσωμεν
799 5559 1111 5630 ἄνθρωπον,
1144 5577 1162 5610 ι
1199 5558 1290 5610 καὶ
1328 5558 1409 5623 τὸ,
1462 5575 1480 5609 ι
1518 5559 1806 5631 Γενηθήτω
1836 5577 1957 5612 στε-

344 5657 571 5729 ρέωμα,
615 5674 633 5704 ι
675 5652 770 5705 καὶ
798 5651 877 5714 τὸ,
933 5649 1221 5722 Γενηθήτω
1260 5649 1378 5703 τόδε
1429 5652 1522 5705 καὶ
1575 5651 1715 5720 τόδε,
1765 5650 1960 5724 βουλῆς

440 5809 683 5866 7‘IIehr.
720 5823 759 5873 ι,
798 5809 857 5864 5.
925 5810 969 5882 ⁷7
1012 5809 1144 5864 Gen.
1191 5825 1232 5875 ι,
1274 5808 1328 5879 6,
1360 5807 1448 5863 26.

2055 4707 2244 4761 secum
2267 4691 2776 4756 deliberantem,'an
2802 4697 3086 4760 oporteret
3116 4687 3411 4757 aliquando
3437 4689 3654 4758 sapien-

2059 4787 2189 4840 tiam
2221 4793 2277 4840 et
2300 4782 2540 4840 Verbum
2567 4781 2874 4846 habere,an
2912 4782 3059 4836 non?
3089 4779 3408 4848 Rejicienda
3489 4779 3654 4850 igitur

2060 4888 2283 4946 prorsus
2304 4881 2430 4930 sunt
2459 4871 2675 4928 indocta
2732 4872 2968 4926 hostium
3020 4871 3226 4927 Christi
3295 4879 3654 4944 argumenta,

2064 4983 2173 5023 non
2227 4976 2410 5023 autem
2478 4965 2644 5021 anxie
2706 4964 3092 5037 laborioseque
3143 4965 3212 5022 iis
3272 4965 3655 5022 contradicen-

2056 5060 2209 5116 dum.

2549 5170 2779 5238 ALIUD,
2815 5170 3147 5242 explicatius.

2136 5285 2445 5355 Multisjam
2477 5271 2658 5339 verbis
2679 5294 2955 5341 ostensum
3013 5292 3098 5339 est
3151 5281 3488 5338 voluntatem
3535 5283 3656 5338 sive

2063 5378 2509 5434 deliberationem
2535 5385 2912 5432 creaturarum
2953 5375 3288 5430 creationem
3317 5377 3649 5445 prmcedere.

2067 5471 2142 5524 Ex
2170 5484 2280 5525 uno
2321 5478 2501 5523 autem
2536 5476 2706 5524 totum
2736 5467 3083 5537 intelligetur.
3103 5463 3236 5521 Nam
3272 5469 3326 5523 in
3377 5469 3655 5525 creatione

2069 5559 2339 5616 hominis:
2371 5579 2390 5612 ι
2436 5561 2740 5622 Faciamus,
2779 5559 2974 5630 inquit,
2997 5561 3293 5624 hominem,
3325 5580 3342 5613 ι
3373 5569 3452 5625 et,
3485 5578 3501 5611 ι
3531 5558 3654 5614 Fiat

2071 5652 2556 5719 ﬁrmamentum",
2588 5671 2606 5704 ›
2647 5661 2808 5723 atque
2848 5654 2968 5718 hoc,
2999 5651 3235 5709 Fiatlioc
3281 5662 3332 5707 et
3383 5651 3532 5719 illud,
3570 5666 3653 5705 vo-
