4106 6424
425 3597 438 3615 ι
523 3579 618 3636 sed
658 3579 775 3650 ipse
803 3589 887 3637 est
915 3580 1170 3638 voluntas
1204 3581 1409 3640 Patris.

507 356 572 415 9|
1553 359 1612 415 S.
1651 356 1932 415 ςῑιιιιιι
1968 353 2441 410 ALEXANDRINI
2473 353 2802 411 ARCHIEP.
3708 349 3788 405 οξ).

503 483 724 537 lnntatis
748 483 1168 553 significativum
1201 490 1301 547 est,
1336 495 1453 551 qua:
1481 482 1545 535 ad
1569 480 1813 552 singulas
1867 490 2088 536 creatu-

2219 495 2262 532 ιν
2299 477 2384 550 είη
2414 475 2749 550 σημαντικὸν
2780 475 2881 548 τῆς
2905 475 2992 546 ἐφ’
3019 475 3234 547 ἑκάστῳ
3264 476 3374 530 τῶν
3401 477 3800 550 πεποιημένων

506 588 594 627 ras
617 572 893 629 faciendas
941 589 970 628 a
1030 573 1141 630 Deo
1193 573 1438 629 adhibita
1488 579 1595 636 est,
1659 572 1882 627 tametsi
1913 575 2096 630 statim

2219 569 2500 640 Γενομένης
2538 567 2688 639 παρὰ
2721 567 2879 634 Θεοῦ,
2915 569 2964 622 εἰ
3011 569 3107 622 καὶ
3155 569 3500 642 παραχρῆμα
3522 571 3583 624 τὸ
3625 570 3802 643 ἔργον

505 679 644 734 opus
679 664 1028 721 subsecutum
1061 671 1338 734 appareat.
1369 662 1423 717 Si
1456 678 1585 734 ergo
1646 672 1933 719 creaturas
1962 680 2098 734 prae--

2219 659 2526 715 ἱκολουθοῦν
2550 661 2819 730 φαίνεται.
2872 660 2934 713 Εἰ
2987 661 3167 715 τοίνυν
3197 660 3305 715 τῶν
3343 661 3441 733 μὲν
3470 665 3795 734 κτισμάτων

503 757 648 810 cedit
671 756 942 824 voluntas,
977 756 1158 812 omnia
1209 770 1336 811 vero
1369 754 1508 809 facta
1539 763 1667 810 sunt
1707 771 1807 826 per
1855 756 2051 813 Filium
2082 799 2099 822 ,

2219 754 2418 824 ῆγεῖται
2455 751 2726 822 βούλησις,
2772 753 2963 822 γέγονε
3014 752 3072 806 δὲ
3116 753 3295 806 πάντα
3356 752 3424 807 δι’
3455 754 3607 821 Υῐοῦ,
3632 758 3798 823 ἐκτός

505 856 656 900 certe
689 847 931 902 omnium
962 861 1188 900 numero
1219 861 1326 901 non
1385 846 1873 918 comprehenditur
1914 848 1961 903 is
2003 864 2100 918 per

2219 860 2318 896 εστι
2341 841 2450 897 τῶν
2483 843 2700 899 πάντων
2755 844 2784 897 ὁ
2840 843 2906 897 δι’
2939 835 3001 898 οὑ
3030 843 3100 898 τὰ
3138 843 3319 899 πάντα
3348 843 3560 914 γέγονε.
3603 845 3715 901 Καὶ
3739 850 3795 902 εί

505 953 664 1007 quem
692 940 871 993 omnia
899 937 1036 993 facta
1055 946 1202 993 sunt.
1242 936 1308 994 Et
1353 938 1397 993 si
1449 938 1586 994 alius
1616 949 1701 994 est
1751 940 1820 995 ab
1871 941 1937 997 iis
1980 956 2099 1010 quat

2219 933 2386 1005 Ξτερός
2418 936 2565 988 ἐστιν
2617 935 2843 989 ἐκείνων
2879 928 2955 988 ὧν
2997 936 3244 1007 ήγήσατο
3296 936 3571 1010 βούλησις,
3595 939 3693 994 οὑκ
3720 939 3796 994 ἂν

505 1031 780 1096 praecessit
807 1029 1077 1097 voluntas,
1111 1045 1219 1085 non
1250 1039 1334 1085 est
1365 1029 1542 1085 factus
1571 1046 1638 1086 ex
1673 1032 1950 1088 voluntate
1985 1035 2098 1088 sie-

2219 1025 2288 1094 εἷη
2319 1024 2460 1078 κατὰ
2490 1025 2744 1096 βούλησιν
2777 1026 3015 1095 γεγονὼς
3044 1025 3233 1100 ὥσπερ
3262 1028 3420 1083 αὑτά.
3469 1029 3642 1094 sese;
3678 1031 3802 1104 γάρ

505 1120 841 1190 ntilla.lpsej
867 1120 1012 1175 enim
1055 1130 1139 1176 est
1161 1122 1282 1176 viva
1341 1123 1596 1176 voluntas
1663 1120 1866 1187 Patris,
1902 1124 1954 1177 in
1989 1139 2094 1192 qua

2219 1131 2348 1167 :cmv
2388 1116 2420 1186 ἡ
2445 1113 2596 1178 ζῶσα
2619 1115 2782 1187 βουλὴ
2823 1115 2918 1169 τοῦ
2946 1116 3181 1188 Πατρὺς,
3235 1118 3294 1171 ὲν
3336 1110 3462 1191 ᾖτὰ
3493 1119 3673 1174 πάντα
3697 1120 3797 1190 ἐρ-

503 1209 683 1264 omnia
711 1220 984 1277 operatur.
1026 1207 1194 1266 Vocat
1252 1221 1434 1264 autem
1491 1214 1656 1267 etiam
1712 1213 1886 1280 ipsum
1947 1211 2098 1268 Psal-

2219 1205 2448 1273 τάζεται.
2477 1206 2649 1261 Καλεῖ
2692 1207 2750 1260 δὲ
2807 1207 2970 1262 αὑτὸν
2991 1209 3087 1261 καὶ
3128 1209 3323 1280 βουλὴν
3366 1209 3458 1263 τοῦ
3506 1211 3718 1282 Πατρὺς
3761 1213 3800 1265 ὁ

504 1302 664 1355 mista
697 1301 1032 1356 voluntatem
1063 1302 1264 1368 Patris,
1297 1302 1522 1359 dicens:
1558 1323 1576 1356 ι
1615 1305 1669 1359 In
1703 1305 1976 1363 voluntate
2009 1317 2096 1363 tua

2219 1296 2505 1367 ναλμῳδὸς
2533 1338 2547 1364 ,
2587 1297 2762 1366 λέγων
2794 1314 2809 1330 ο
2877 1317 2897 1351 ι
2946 1297 3037 1354 Ἐν
3080 1303 3150 1371 τῇ
3218 1299 3388 1372 βουλῇ,
3431 1317 3529 1354 σου
3583 1300 3803 1374 ὼδήγη⁶

506 1389 779 1446 deduxisti
813 1406 900 1446 me
928 1392 994 1446 ⁷⁸.
1039 1409 1058 1442 ι

2219 1389 2300 1451 τάς
2333 1404 2477 1458 με.)

1189 1506 1350 1564 Αιιυ
1361 1508 1423 1562 D.

2869 1501 3080 1560 AAAO.

581 1623 638 1678 Si
667 1622 949 1679 consilium
977 1632 1032 1679 et
1057 1621 1306 1678 voluntas
1335 1623 1515 1679 Patris
1559 1632 1643 1678 est
1682 1619 1872 1692 Filius,
1909 1632 1969 1678 ut
2020 1639 2097 1679 re-

2271 1613 2335 1668 Εί
2369 1613 2533 1686 βουλὴ
2587 1614 2682 1670 καὶ
2734 1613 2947 1688 θέλημα
2977 1617 3072 1672 τοῦ
3105 1619 3319 1691 Πατρός
3367 1619 3514 1675 ἐστιν
3550 1621 3591 1706 ’ὁ
3629 1621 3758 1685 Υἱὸς
3778 1661 3804 1687 ,.

506 1728 638 1768 vera
667 1723 771 1776 est,
810 1728 916 1782 quo
936 1720 1092 1782 pacto
1116 1713 1374 1783 prmcedit
1401 1713 1648 1768 voluntas
1680 1713 1796 1783 ejus
1828 1715 2098 1770 exsisten-

2219 1707 2385 1780 ὑσπερ
2423 1702 2517 1762 οὖν
2548 1708 2641 1761 καὶ
2670 1707 2806 1774 ἔστι,
2857 1711 2974 1774 πῶς
3005 1711 3223 1782 ήγεϊται
3251 1712 3471 1782 θέλησις
3494 1702 3591 1784 τῆς
3613 1714 3799 1785 ὑπάρ-

511 1800 682 1854 tiatn?
721 1799 1004 1856 Videbitur
1028 1802 1172 1857 enim
1209 1801 1324 1870 ipse
1349 1802 1586 1871 seipsum
1619 1800 1833 1858 fecisse.
1885 1800 1992 1874 55
2030 1804 2098 1858 Et

2219 1800 2338 1866 ἱεως
2367 1799 2533 1855 αὑτοῦ
2553 1817 2568 1867 ;
2586 1799 2759 1864 Αὐτὸς
2788 1801 2897 1872 γὰρ
2927 1802 3118 1856 ἑαυτὸν
3142 1803 3294 1858 ἔσται
3323 1804 3663 1876 πεποιηκώς.
3682 1805 3805 1858 Καὶ

510 1893 600 1960 qui
630 1892 864 1947 nondum
897 1892 1069 1949 factus
1091 1902 1230 1959 erat,
1258 1901 1316 1948 ut
1365 1893 1603 1950 haeretici
1653 1895 1861 1960 volunt,
1925 1898 1994 1951 de
2041 1912 2101 1954 se

2219 1891 2441 1964 5μήπω
2487 1889 2750 1960 γεγονὼς,
2807 1891 2951 1948 κατὰ
3000 1893 3130 1958 τοὺς
3180 1896 3604 1967 χριστομάχους,
3665 1895 3813 1965 περὶ

511 1981 628 2050 ipso
653 1983 990 2040 deliberasse
1015 1985 1244 2040 dicetur.
1294 1987 1364 2041 At
1385 1987 1432 2041 si
1470 1987 1572 2042 hoc
1599 1988 1894 2043 absurdum
1947 1989 2097 2046 dictu

2219 1982 2404 2038 ἑαυτοῦ
2443 1985 2694 2052 φανεῖται
2748 1983 3154 2057 βουλευόμενος.
3216 1987 3280 2040 El
3330 1986 3389 2040 δὲ
3421 1987 3581 2041 τοῦτο
3616 1986 3806 2054 λέγειν

511 2085 620 2142 est,
651 2091 755 2131 non
783 2092 916 2146 ergo
939 2077 1217 2134 voluntate
1245 2079 1420 2134 iactus
1479 2089 1584 2144 est,
1634 2066 2099 2150 quemadmodum

2219 2073 2428 2138 Ξτοπον,
2461 2073 2563 2126 οὐκ
2588 2071 2697 2144 ἄρα
2723 2074 2974 2147 βουλήσει
3014 2078 3260 2147 γέγονεν,
3303 2078 3494 2150 ὥσπερ
3547 2078 3614 2133 τὰ
3636 2080 3809 2150 ποιή-

511 2175 813 2234 creaturae;
845 2169 940 2224 sed
968 2179 1164 2224 eratut
1196 2171 1444 2227 voluntas
1475 2171 1656 2228 Patris
1681 2174 1732 2227 in
1763 2175 1901 2244 ipso,
1935 2184 2101 2246 atque

2219 2183 2376 2236 ματα·
2419 2167 2534 2220 ἀλλ’
2563 2163 2630 2238 ἦν
2654 2168 2728 2232 ὡς
2755 2168 2918 2240 βουλὴ
2971 2169 3066 2225 τοῦ
3113 2171 3328 2242 Πατρὺς
3351 2173 3409 2225 ὲν
3444 2171 3617 2243 αὑτῷ,
3667 2170 3814 2225 αὑτὸ

511 2262 652 2316 deo
679 2261 850 2330 ipsius
873 2261 1150 2318 Genitoris
1172 2265 1428 2319 essentia:
1450 2267 1777 2335 proprietas.
2057 2317 2062 2322 .

2219 2259 2305 2329 τῆς
2334 2258 2520 2324 οὐσίας
2556 2261 2819 2332 ὑπάρχων
2849 2262 2938 2316 τοῦ
2969 2264 3332 2334 γεννήσαντος
3360 2265 3420 2319 τὸ
3453 2264 3604 2321 ἴδιον.

1192 2372 1305 2426 ALI
1315 2372 1352 2428 U
1363 2374 1422 2427 D.
2910 2378 3115 2434 AAAO.

584 2478 838 2535 Christus
865 2481 1066 2538 alicubi
1099 2479 1276 2551 inquit
1310 2503 1323 2538 :
1368 2483 1480 2554 Ego
1523 2485 1574 2539 in
1610 2469 1792 2550 Patre,
1828 2499 1881 2543 et
1942 2487 2103 2546 Pater

2224 2472 2250 2485 ”
2280 2486 2443 2556 Λέγει
2471 2504 2577 2541 που
2605 2486 2858 2560 Χριστός·
2903 2506 2922 2540 ι
2971 2487 3112 2558 Ἐγὼ
3171 2490 3230 2544 ἐν
3281 2487 3358 2561 τῷ
3398 2487 3595 2564 Πατρι,
3633 2495 3728 2548 καὶ
3771 2495 3823 2548 ὀ

515 2571 568 2625 in
597 2584 702 2638 me,
732 2571 897 2627 veluti
929 2573 1106 2628 locum
1143 2575 1458 2644 quemdam,
1499 2577 1588 2646 qui
1623 2593 1680 2632 se
1711 2577 1886 2632 solum
1923 2581 2100 2635 conti-

2219 2579 2403 2650 Πατὴρ
2426 2581 2482 2633 ὲν
2505 2580 2650 2650 ἐμοὶ,
2691 2597 2707 2631 t
2774 2579 2964 2655 ὥσπερ
3012 2580 3134 2634 τινὰ
3185 2583 3353 2638 τόπον
3383 2584 3576 2638 ἑαυτὸν
3609 2585 3817 2656 ἔχοντα.

514 2672 664 2730 neat,
728 2665 1044 2735 signiﬁcans
1093 2665 1337 2732 Patrem,
1371 2677 1425 2723 et
1457 2685 1647 2725 rursus
1678 2670 1895 2727 Patrem
1928 2674 2100 2729 solum

2219 2670 2374 2740 μόνον
2415 2670 2695 2740 σημαίνων
2718 2671 2811 2724 τὸν
2844 2671 3084 2743 Πατέρα,
3111 2673 3208 2727 καὶ
3252 2673 3417 2727 πάλιν
3452 2674 3528 2739 ὡς
3561 2676 3655 2730 τοῦ
3688 2677 3818 2730 Πα-

514 2756 569 2811 ἰη
599 2755 715 2825 ipso
745 2755 1120 2810 exsistentem.
1183 2755 1237 2811 Si
1272 2771 1402 2828 ergo
1433 2759 1577 2814 aliud
1623 2762 1904 2830 quidpiam
1937 2773 2021 2818 est
2047 2765 2100 2818 in

2219 2760 2337 2831 τρὸς
2372 2760 2524 2824 ὄντος
2554 2761 2614 2813 ὲν
2648 2760 2797 2831 αὑτῷ
2828 2761 3006 2831 μόνον.
3038 2763 3102 2816 El
3127 2763 3308 2817 τοίνυν
3345 2764 3535 2836 ἕτερόν
3563 2766 3616 2819 τί
3651 2768 3821 2820 ἐστιν

517 2845 678 2901 Patre
711 2847 968 2902 voluntas
997 2847 1172 2916 ipsius
1223 2863 1385 2918 quam
1423 2848 1614 2914 Filius,
1645 2867 1752 2922 quo
1789 2861 1946 2922 pacto
1971 2871 2102 2910 vero

2219 2852 2269 2903 ὲν
2294 2848 2371 2920 τῷ
2399 2850 2575 2921 Πατρὶ
2605 2850 2757 2922 παρὰ
2785 2853 2876 2905 τὸν
2913 2852 3041 2906 Υίὸν
3081 2854 3116 2923 ἡ
3163 2853 3419 2925 βούλησις
3451 2855 3637 2920 αὑτοῦ,
3685 2856 3820 2919 πῶς

515 2937 634 2994 haec
669 2937 910 2998 dixerit?
946 2939 1274 3008 Reperietur
1308 2941 1476 3009 enim,
1520 2941 1674 3010 juxta
1713 2946 1959 3000 insanam
1991 2947 2104 3003 hae-

2219 2939 2502 3011 άληοεύσει
2531 2939 2601 2994 τὰ
2632 2940 2857 2994 τοιαῦτα
2899 2941 3109 3010 λέγων;
3134 2943 3462 3014 Εὑρίσκεται
3498 2944 3628 3016 γὰρ,
3660 2946 3818 3000 κατὰ

517 3030 812 3084 reticorum
845 3029 1178 3099 opinionem,
1233 3041 1357 3087 ante
1417 3035 1793 3091 exsistentiam
1825 3035 1971 3105 Filii,
2007 3052 2102 3092 vo-

2219 3031 2310 3100 τὴν
2345 3029 2454 3084 τῶν
2485 3030 2870 3102 χριστομάχων
2928 3033 3151 3103 μανίαν,
3194 3035 3300 3104 πρὸ
3364 3036 3464 3106 τῆς
3515 3034 3815 3108 ὑπάρξεως

517 3120 701 3176 luntas
763 3120 820 3176 in
869 3118 1032 3176 Patre
1083 3123 1372 3190 exsistens,
1416 3139 1514 3192 per
1571 3141 1733 3197 quam
1782 3127 1957 3185 factus
1996 3139 2102 3196 cst,

2219 3121 2307 3176 τοῦ
2338 3121 2491 3191 Υίοῦ,
2526 3122 2782 3194 βούλησις
2802 3116 2937 3179 οὖσα
2976 3126 3036 3179 ὲν
3064 3126 3262 3198 Πατρὶ,
3292 3126 3415 3181 καθ’
3442 3129 3510 3200 ἥν
3533 3129 3764 3197 γέγονεν
3792 3171 3816 3197 ,

519 3221 578 3268 ιιι
595 3213 668 3268 illi
701 3213 909 3270 dicunt.
950 3213 1006 3269 Si
1035 3227 1217 3271 autem
1275 3233 1402 3272 vere
1435 3220 1564 3274 dicit
1590 3235 1650 3274 se
1694 3223 1750 3276 in
1780 3221 1937 3277 Patre
1961 3237 2105 3293 esse,

2219 3213 2284 3277 Lb;
2324 3214 2522 3268 ἐκείνοὶ
2554 3232 2738 3285 φασιν.
2768 3217 2830 3269 Ei
2870 3216 2928 3270 δὲ
2958 3216 3237 3289 ἀληθεύει,
3289 3219 3482 3273 ἑαυτὸν
3529 3222 3588 3274 ἐν
3629 3221 3816 3291 Πατρὶ

515 3311 573 3359 et.
609 3319 818 3371 rursus,
848 3305 1023 3360 solum
1047 3306 1101 3360 in
1133 3321 1194 3362 se
1223 3321 1344 3363 esse
1375 3308 1620 3374 Patrem,
1655 3307 1873 3366 ubi-nam
1901 3314 2106 3369 consti-

2219 3305 2317 3376 μὲν
2348 3301 2489 3360 εἶναι
2523 3307 2772 3376 φάσκων,
2802 3309 2896 3362 καὶ
2928 3309 3117 3374 πάλιν,
3145 3309 3220 3374 ὡς
3245 3311 3406 3381 μόνον
3447 3313 3506 3366 ἐν
3541 3311 3692 3382 αὑτῷ
3713 3312 3818 3366 τὸν

523 3405 704 3450 tuetur
746 3397 1023 3463 voluntas,
1081 3413 1204 3453 cum
1268 3400 1402 3454 nihil
1458 3401 1561 3457 loci
1635 3404 1706 3458 sit
1752 3404 2109 3459 intermedii?

2219 3398 2453 3467 Πατέρα,
2470 3400 2574 3453 ποῦ
2602 3402 2635 3471 ή
2661 3401 2915 3474 βούλησις
2933 3403 3202 3469 κείσεται,
3222 3403 3438 3468 οὐδενὸς
3457 3404 3607 3469 ὄντος
3635 3403 3815 3457 τόπου

521 3487 675 3554 Quod
713 3488 760 3544 si
783 3503 972 3545 verum
997 3498 1106 3558 est,
1153 3504 1260 3547 non
1311 3507 1440 3562 ergo
1471 3495 1751 3552 voluntate
1782 3497 1961 3552 factus
1985 3505 2107 3564 est,

2219 3489 2422 3562 μεταξύ
2447 3508 2461 3558 ;
2498 3493 2560 3546 Εἰ
2585 3492 2642 3546 δὲ
2667 3493 2847 3556 τοῦτο,
2867 3494 2966 3547 οὑκ
2991 3494 3102 3566 ἄρα
3139 3495 3394 3568 βουλήσει
3427 3497 3670 3569 γέγονεν,
3689 3495 3817 3552 ἀλλ’

2214 3582 2376 3648 αὑτός
2403 3587 2552 3638 ἐστιν
2581 3587 2615 3656 ή
2653 3584 2749 3639 τοῦ
2775 3587 2992 3659 Πατρὸς
3023 3587 3301 3659 βούλησις⁴

2913 3701 3121 3755 ΑΛΛΟ.

2285 3816 2349 3868 El
2401 3813 2656 3886 καθάπερ
2700 3813 2816 3868 τῶν
2852 3801 3205 3886 stet-quoium;
3229 3804 3474 3889 ἡγήσατο
3519 3808 3815 3888 βούλησις,

2215 3905 2357 3960 οὑτω
2383 3905 2478 3959 καὶ
2505 3905 2605 3974 τῆς
2637 3905 2926 3975 ὑπάρξεως
2953 3905 3047 3959 τοῦ
3079 3905 3340 3978 Χριστοῦ,
3385 3907 3510 3959 ὅτου
3534 3906 3599 3978 δή
3643 3907 3820 3978 χάριν

2213 3998 2282 4052 τά
2321 3997 2418 4068 τὴν
2449 3997 2619 4067 αὑτὴν
2679 3994 2869 4066 ἔχοντα
2898 3996 2999 4067 τῆς
3029 3997 3300 4065 γενέσεως
3339 3997 3515 4068 ἀρχὴν
3563 3996 3658 4049 καὶ
3715 3996 3817 4050 διὰ

2214 4089 2314 4159 τῆς
2345 4087 2514 4158 αὑτῆς
2549 4087 2812 4156 γεγονότα
2875 4087 3096 4160 βουλῆς,
3143 4088 3400 4142 τοσοῦτον
3435 4086 3678 4158 ἀλλήλων
3707 4086 3817 4158 τὴν

2217 4180 2378 4251 φύσιν
2407 4179 2710 4250 διέστηκεν,
2744 4179 2818 4242 ὡς
2842 4179 2932 4233 τὸν
2966 4181 3064 4250 μὲν
3098 4180 3304 4251 Κύριον
3341 4178 3514 4243 οὑτως
3547 4175 3684 4232 εἶναι
3711 4180 3816 4232 καὶ

2215 4273 2368 4339 Θεὸν,
2414 4271 2482 4326 τὰ
2514 4272 2571 4325 δὲ
2594 4271 2756 4326 δοῦλά
2778 4289 2836 4325 τε
2862 4273 2956 4326 καὶ
2981 4271 3299 4344 ποιήματα;
3342 4272 3481 4326 Ἀλλ’
3516 4272 3817 4344 ἔστιδῆλον

529 4360 628 4416 tris
658 4363 978 4419 naturaliter
1010 4364 1197 4420 unitus
1252 4364 1512 4421 Dominus
1543 4368 1618 4421 'et
1669 4367 1870 4423 dicitur
1893 4379 1950 4425 et
1973 4380 2057 4426 est
2096 4386 2109 4426 :

2219 4366 2291 4432 ὡς
2320 4368 2347 4420 ὁ
2379 4364 2476 4438 μὲν
2504 4364 2632 4428 Υἱὸς
2685 4366 2750 4436 τῇ
2782 4367 2877 4418 τοῦ
2913 4363 3133 4436 Πατρὺς
3188 4364 3404 4436 Θεὸτητι
3462 4363 3605 4418 κατά
3647 4362 3816 4432 φύσιν

528 4463 775 4507 creatura
806 4469 939 4510 vero
976 4469 1158 4523 serva,
1197 4456 1324 4527 quia
1377 4468 1534 4512 extra
1557 4459 1855 4516 essentiam
1893 4472 2111 4518 creato-

2219 4459 2505 4532 ἑνούμενος
2543 4457 2749 4528 Κύριος
2809 4456 3028 4530 εἴρηται
3092 4456 3185 4510 καὶ
3235 4455 3464 4526 ἔστινοή
3499 4454 3554 4507 δὲ
3608 4453 3812 4518 κτίσις,

530 4545 603 4600 ris
631 4553 738 4614 est,
771 4553 826 4601 et
863 4546 900 4602 ’a
933 4547 1166 4603 naturali
1217 4546 1286 4602 ad
1336 4548 1554 4605 Patrem
1605 4551 1873 4606 relatione
1912 4553 2108 4609 aliena.

2219 4549 2400 4623 δούλη,
2420 4551 2510 4605 διὰ
2542 4551 2602 4603 τὸ
2627 4549 2731 4617 ἔξω
2767 4548 2984 4602 κεῖσθαι
3008 4548 3111 4618 τῆς
3135 4548 3326 4610 οὐσίας
3379 4546 3475 4601 τοῦ
3512 4546 3817 4616 πεποιηκό-

529 4638 902 4696 Necessarium
937 4642 1101 4712 igitur
1121 4649 1204 4698 est
1233 4650 1295 4698 ut
1333 4659 1454 4713 qua:
1505 4651 1708 4699 tantam
1746 4645 1891 4701 inter
1925 4661 1984 4702 se
2008 4647 2107 4702 ha-

2219 4663 2331 4712 τος,
2379 4643 2473 4698 καὶ
2522 4643 2624 4714 τῆς
2673 4643 2811 4714 πρὸς
2863 4641 2956 4696 τὸν
3003 4639 3229 4713 Πατέρα
3282 4639 3522 4710 σχέσεως
3547 4639 3811 4708 φυσικῆς.

533 4730 664 4786 bent
691 4733 1082 4803 diﬂerentiam,
1125 4753 1233 4794 non
1279 4753 1446 4793 unum
1494 4739 1733 4795 habeant
1758 4740 2112 4810 principium.

2234 4737 2472 4808 Ἀνάγκη
2500 4735 2680 4790 τοίνυν
2701 4734 2770 4790 τὰ
2802 4734 3073 4806 τοσαύτην
3097 4733 3290 4804 ἔχοντα
3321 4732 3456 4804 πρὸς
3485 4731 3690 4803 ἄλληλα
3709 4732 3815 4802 τὴν

530 4823 640 4881 Sed
674 4823 757 4880 ba:
791 4827 1032 4896 quidem,
1068 4840 1136 4885 ut
1175 4840 1464 4896 creaturas,
1513 4845 1580 4886 ex
1633 4831 1913 4886 voluntate
1959 4831 2113 4890 facta:

2219 4830 2506 4903 διαφορὰν,
2557 4829 2631 4902 μὴ
2672 4830 2805 4900 μίαν
2838 4828 2982 4899 ἔχειν
3029 4827 3224 4898 ἀρχήν.
3275 4824 3439 4880 Ἀλλὰ
3476 4825 3544 4879 τά
3579 4824 3698 4896 μὲν,
3733 4824 3814 4886 ὡς

1205 3694 1436 3753 ALIUD.

593 3805 649 3862 Si
691 3807 1152 3876 quemadmodum
1199 3822 1499 3880 creaturas,
1532 3812 1603 3868 ita
1653 3814 1818 3870 etiam
1842 3815 2113 3873 exsisten-

527 3903 652 3956 tiam
677 3899 796 3956 Filii
834 3905 1112 3973 praecessit
1140 3906 1413 3972 voluntas,
1444 3923 1543 3962 cur
1572 3922 1694 3977 quae
1732 3905 1873 3964 idem
1907 3909 2114 3966 habent

525 3995 892 4062 generationis
924 3995 1248 4066 principium
1275 4006 1328 4053 et
1372 4011 1470 4068 per
1496 4000 1742 4055 eamdem
1771 4001 2109 4058 voluntatem

527 4085 668 4140 facta
703 4095 850 4152 sunt,
878 4096 1161 4160 tantopere
1189 4090 1332 4146 inter
1354 4106 1414 4148 se
1447 4101 1642 4148 natura
1666 4092 1945 4159 diﬂerunt,
1975 4095 2111 4150 adeo

526 4184 583 4230 ut
611 4177 698 4232 illc
736 4179 998 4237 Dominus
1029 4181 1100 4236 sit
1133 4191 1188 4237 et
1247 4183 1408 4250 Deus,
1442 4183 1524 4239 hae
1553 4184 1778 4241 serviles
1817 4187 1926 4240 sint
1951 4200 2111 4241 crea-

528 4269 686 4325 turae?
709 4268 1056 4328 Manifestum
1087 4281 1270 4328 autem
1305 4283 1390 4328 est
1414 4277 1557 4344 quod
1597 4277 1770 4332 Filius
1797 4279 1984 4334 deitati
2008 4280 2113 4334 Pa-

528 4924 678 4971 sunt.
727 4916 900 4974 Filius
955 4931 1159 4988 autem,
1189 4922 1388 4994 quippe
1415 4924 1505 4993 qui
1536 4933 1621 4980 est
1663 4923 1780 4994 ipsa
1825 4923 2116 4993 voluntas,

528 5017 649 5064 erat
677 5010 746 5066 ab
770 5019 976 5068 interno
997 5011 1051 5067 in
1084 5011 1270 5073 Patre.

881 5123 1116 5194 ALIUD,
1144 5129 1215 5184 ad
1241 5129 1319 5186 rei
1339 5129 1760 5200 explicationem.

600 5233 901 5304 Oportebat
946 5245 1127 5294 autem
1166 5239 1333 5296 hosce
1389 5241 1594 5298 Christi
1643 5244 1831 5300 hostes
1881 5246 1974 5316 qui
2017 5261 2126 5302 non

534 5333 792 5378 verentur
855 5325 1199 5398 interrogare
1238 5343 1307 5385 an
1339 5330 1617 5390 voluntate
1643 5333 1840 5392 Filium
1865 5341 2116 5408 genuerit

532 5413 713 5478 Pater,
739 5414 905 5469 etiam
959 5418 1061 5474 hoc
1104 5420 1286 5476 dicere
1320 5440 1333 5476 :
1394 5422 1478 5478 An
1524 5423 1576 5480 in
1607 5429 1892 5496 prudentia
1920 5427 2116 5485 Filium

529 5502 778 5570 genuerit
801 5501 981 5560 Pater.
1021 5503 1166 5563 idem
1201 5510 1346 5566 enim
1371 5511 1625 5568 videntur
1648 5529 1770 5570 esse
1794 5515 2114 5572 deliberatio

533 5602 586 5646 ct
618 5591 921 5662 prudentia.
953 5595 1231 5668 Siquidem
1257 5601 1515 5674 quisquis
1580 5606 1778 5675 aliquid
1813 5606 2114 5674 deliberat,

626 5767 668 5795 ”
690 5769 829 5827 l’sal.
868 5792 1037 5843 nun,
1082 5781 1168 5835 ili.

2222 4922 2526 4992 ποιήματα,
2582 4922 2647 4973 ὲκ
2695 4918 3005 4991 βουλήσεως
3065 4916 3308 4984 γέγονεν.
3359 4915 3418 4970 '0
3463 4915 3522 4970 δὲ
3554 4915 3706 4980 Υἱὸς,
3734 4912 3813 4977 ὡς

2223 5014 2383 5078 αὑτὸς
2405 5013 2535 5085 ἃ)νὴ
2567 5012 2842 5084 βούλησις,
2868 5006 2936 5082 ἦν
2969 5008 3155 5073 ἁῖδίως
3188 5009 3246 5064 ἐν
3289 5007 3488 5080 Πατρί.

2654 5125 2838 5180 ΑΛΛΟ
2858 5165 2874 5189 ,
2902 5119 3361 5195 διηγηματικῶς.

2286 5242 2434 5296 Ἔδει
2461 5239 2589 5303 τοὺς
2639 5234 3050 5308 χριστομάχους
3094 5232 3524 5304 ἀποτολμῶντας
3577 5230 3810 5303 ἐρωτᾷν,

2221 5338 2268 5390 εἰ
2312 5335 2564 5406 βουλήσει
2593 5332 2687 5385 τὸν
2714 5331 2846 5385 Υἱὸν
2884 5329 3178 5399 ἐγέννησεν
3207 5329 3234 5381 ὁ
3282 5326 3499 5398 Πατὴρ,
3527 5324 3623 5379 καὶ
3651 5323 3814 5378 τοῦτο

2220 5428 2419 5497 λέγειν·
2456 5427 2518 5479 Ei
2549 5426 2608 5478 ὲν
2637 5423 2898 5495 φρονήσει
2923 5421 3015 5474 τὸν
3053 5418 3181 5473 Υἱὺν
3206 5413 3494 5490 ἐγέννησεν
3523 5419 3552 5472 ὁ
3595 5417 3810 5486 Πατήρ.

2223 5517 2432 5575 Toto-cev
2455 5517 2562 5587 γὰρ
2593 5515 2860 5586 ὑπάρχειν
2901 5513 3152 5582 φαίνεται
3193 5510 3355 5582 βουλὴ
3391 5510 3485 5565 καὶ
3526 5508 3813 5579 φρόνησις.

2235 5611 2452 5681 Ἐπειδὴ
2496 5610 2600 5664 πᾶν
2659 5609 2794 5679 ὅπερ
2851 5608 2913 5662 ἄν
2968 5623 3050 5670 τις
3089 5603 3438 5678 βουλεύηται,
3505 5600 3661 5656 τοῦτο
3717 5599 3814 5654 καὶ
