4106 6424
511 303 589 362 95
1553 302 1614 359 s.
1655 285 1933 358 CYRILLI
1971 292 2443 355 ALEXANDBLNI
2479 291 2801 353 ARCHIEP.
3726 296 3801 352 96

512 423 811 487 exstitisse,
849 422 948 479 sed
979 422 1149 483 veluti
1190 436 1258 479 ex
1304 422 1611 480 mutatione
1631 422 1867 492 quadam
1897 435 1965 477 eo
1996 431 2107 476 tra-

2217 436 2355 484 τινος
2391 417 2696 490 μεταϐολῆς
2731 415 2812 479 είς
2876 412 3036 468 τοῦτο
3097 411 3376 484 παρῆλθεν
3428 411 3802 484 ἀποκυήσασα

515 513 736 570 ductam
767 513 938 570 fuisse
967 524 1027 570 ut
1061 517 1310 588 gigneret
1337 512 1550 570 Filium.
1591 513 1648 569 Si
1683 528 1812 568 vero
1849 513 1901 568 id
1929 521 1984 568 et
2011 526 2105 568 co-

515 606 692 676 gitatu
720 615 776 660 et
807 606 955 662 dictu
992 607 1217 676 impium
1246 613 1353 684 est,
1384 621 1452 662 ne
1497 605 1654 670 illud,
1695 604 2007 669 Voluntate,
2033 617 2101 657 an

517 714 645 764 non,
671 699 738 754 de
762 697 902 754 Filio
928 699 1210 767 objicient.
1241 697 1396 754 Sient
1414 698 1566 754 enim
1600 697 1760 752 Pater
1781 694 2106 756 naturaliter

517 799 602 845 est
638 789 833 858 bonus,
866 790 938 845 ita
963 791 1127 845 etiam
1149 789 1470 846 naturaliter
1493 789 1868 862 generativus.

907 922 1136 993 ALIUD,
1179 926 1248 980 ad
1286 924 1712 995 explicationem.

589 1031 648 1088 Si
679 1033 861 1089 omnis
889 1033 1140 1090 voluntas
1169 1050 1289 1102 quae
1320 1035 1373 1090 in
1407 1049 1680 1106 quoquam
1713 1034 1772 1089 [lt
1829 1049 1937 1091 non
1985 1037 2108 1091 abs-

518 1141 624 1196 que
653 1127 819 1182 verbo
858 1127 919 1182 [it
960 1126 1247 1199 (voluntas
1277 1128 1420 1183 enim
1456 1137 1542 1185 est
1571 1129 1797 1185 verbum
1836 1127 2106 1183 occultum

519 1219 663 1289 quod
699 1219 753 1275 in
790 1221 956 1276 corde
992 1220 1296 1292 agitatur),
1331 1220 1504 1276 Filius
1540 1229 1721 1276 autem
1755 1228 1840 1275 est
1875 1217 2108 1274 Verbum

519 1309 727 1376 Patris,
761 1311 904 1368 idem
935 1311 1102 1383 igitur
1129 1313 1295 1367 etiam
1326 1321 1411 1367 est
1437 1313 1692 1368 voluntas
1722 1310 1913 1379 ipsius.
1942 1309 2107 1379 Atqui

519 1417 627 1471 quo
655 1413 813 1473 pacto
839 1402 1090 1458 voluntas
1121 1403 1175 1457 in
1202 1403 1478 1458 voluntate
1506 1403 1601 1457 ﬁt?
1627 1410 1720 1456 aut
1751 1402 1843 1471 qui
1870 1400 2109 1456 Verbum

522 1494 576 1547 in
597 1494 814 1549 Verbo?
841 1493 1035 1550 Omnia
1069 1493 1237 1565 igitur
1264 1495 1380 1550 brec
1407 1504 1489 1550 est
1519 1493 1689 1548 Filius
1716 1492 1863 1546 Patri
1897 1509 1910 1547 :
1937 1499 1992 1547 et
2020 1505 2112 1546 vo-

521 1581 701 1638 luntas
728 1592 782 1638 et
808 1583 1072 1650 Verbum,
1105 1595 1161 1639 et
1189 1583 1459 1654 sapientia
1493 1599 1510 1639 :
1543 1581 1788 1653 nihilque
1815 1589 1900 1638 est
1929 1581 1983 1637 in
2009 1580 2114 1636 Pa-

526 1682 608 1728 tre
635 1683 763 1729 ante
792 1675 990 1744 ipsum.

1099 1785 1312 1843 ALIUD
1348 1786 1541 1842 simile.

594 1895 770 1952 ilabet
811 1897 912 1952 sibi
961 1898 1123 1953 homo
1163 1898 1487 1954 naturaliter
1522 1897 1740 1952 insitam
1787 1895 2110 1966 procreandi

524 1988 667 2044 ﬁlios
704 1997 1065 2060 potestatem,
1107 1999 1162 2046 et
1202 2006 1308 2045 non
1351 1990 1808 2061 quemadmodum
1851 1992 2012 2046 homo
2044 2003 2112 2044 ex

521 2081 803 2138 voluntate
838 2091 923 2138 est
958 2082 1133 2139 bonus
1164 2090 1259 2138 aut
1291 2082 1494 2152 malus,
1527 2082 1602 2138 ita
1631 2082 1797 2137 etiam
1831 2095 1899 2136 ex
1926 2080 2116 2136 volun-

523 2183 634 2228 tate
657 2181 740 2228 est
767 2183 941 2244 pater.
971 2174 1077 2231 Sed
1105 2176 1212 2231 hoc
1235 2191 1299 2232 ex
1331 2185 1521 2230 natura
1541 2215 1556 2240 ,
1583 2173 1715 2229 illud
1742 2187 1808 2229 ex
1834 2173 2114 2228 voluntate

523 2264 704 2318 habet.
736 2264 802 2319 Et
835 2264 983 2320 illius
1013 2265 1232 2336 quidem
1264 2264 1471 2320 domini
1505 2277 1726 2330 sumus;
1761 2263 1816 2316 in
1851 2261 1954 2316 hoc
1985 2275 2114 2316 vero

524 2363 783 2424 perpetua
833 2364 998 2427 atque
1045 2355 1511 2412 incommutabilis
1565 2361 1774 2410 naturae
1821 2353 1908 2409 lex
1947 2352 2110 2423 viget.

525 2447 679 2502 Sicut
718 2449 882 2519 igitur
916 2464 1016 2504 nos
1055 2463 1160 2504 non
1196 2463 1262 2502 ex
1299 2446 1598 2513 voluntate,
1637 2447 1730 2501 sed
1764 2454 1980 2506 natura,
2018 2445 2115 2498 ha-

525 2541 715 2596 bemus
739 2549 796 2594 ut
822 2541 994 2596 simus
1020 2550 1201 2612 patres
1226 2540 1460 2594 filiorum
1487 2548 1820 2602 nostrorum,
1847 2537 1920 2592 ita
1945 2537 2111 2592 etiam

529 2633 667 2687 Deus
697 2647 760 2689 ac
787 2633 947 2689 Pater
974 2648 1080 2688 non
1109 2649 1176 2688 ex
1204 2632 1479 2688 voluntate
1507 2629 1668 2686 Pater
1691 2639 1798 2696 est,
1826 2630 1923 2687 sed
1954 2637 2114 2683 natu-

524 2724 733 2780 raliter.
773 2726 838 2780 Et
881 2725 1339 2796 quemadmodum
1381 2723 1473 2794 qui
1513 2738 1581 2778 ex
1624 2723 1779 2778 nobis
1818 2723 2116 2791 gignuntur

524 2818 732 2874 similes
763 2833 988 2888 prorsus
1026 2817 1184 2874 nobis
1222 2825 1349 2873 sunt
1381 2817 1680 2872 secundum
1718 2815 2112 2879 substantiam,

527 2910 598 2964 ita
629 2912 792 2966 etiam
825 2909 997 2966 Filius
1029 2925 1135 2966 non
1167 2910 1511 2965 extrinsecus
1545 2907 1696 2963 Patri
1727 2907 1986 2975 accessit,
2019 2907 2114 2962 sed

527 3015 716 3057 revera
742 3017 808 3056 ex
838 3003 1074 3058 essentia
1105 3002 1278 3072 ipsius
1303 3003 1604 3074 procedens
1631 3015 1728 3070 per
1753 3001 1935 3055 omnia
1963 2999 2115 3055 simi-

526 3091 593 3147 lis
617 3102 702 3149 est
729 3092 995 3149 Genitori.
1025 3094 1089 3149 Et
1110 3094 1568 3164 quemadmodum
1600 3093 1762 3148 Pater
1787 3109 1896 3150 non
1927 3109 1994 3150 ex
2020 3109 2115 3148 vo-

527 3183 734 3240 luntate
759 3194 843 3240 est
873 3184 1057 3251 Pater,
1085 3184 1157 3239 ita
1185 3194 1241 3241 et
1267 3185 1439 3242 Filius
1469 3201 1573 3241 non
1605 3199 1672 3241 ex
1698 3185 1991 3252 voluntate,
2020 3185 2116 3240 sed

526 3288 591 3328 ex
631 3284 824 3329 natura
863 3284 968 3341 est,
1005 3276 1260 3345 splendor
1293 3284 1346 3332 et
1383 3275 1667 3332 character
1698 3275 1969 3333 exsistens
2002 3274 2118 3344 eius

527 3366 624 3436 qui
656 3364 832 3436 ipsum
867 3367 1073 3436 genuit.

1203 3476 1428 3534 ALIUD.

989 3569 1231 3640 Objectio
1268 3586 1334 3625 ea:
1372 3571 1656 3626 Eunomia.

598 3684 969 3756 Interrogandi
1007 3693 1168 3751 sunt,
1203 3685 1410 3756 inquit,
1446 3686 1482 3740 ii
1519 3685 1612 3754 qui
1646 3697 1705 3740 se
1739 3691 1885 3738 recte
1915 3682 2119 3738 sentire

527 3777 864 3840 existimant,
893 3785 1074 3832 utrum
1107 3777 1402 3848 aliquando
1447 3777 1730 3832 voluntate
1755 3774 2003 3845 genuerit
2032 3773 2119 3827 Fi-

530 3868 657 3923 lium
685 3867 866 3932 Pater,
894 3884 961 3923 an
993 3870 1127 3924 citra
1159 3871 1519 3925 voiuntatem.
1563 3868 1620 3924 Si
1648 3867 1794 3924 enim
1822 3866 2034 3922 exstitit
2062 3866 2116 3920 in

526 3962 760 4016 essentia
791 3961 1000 4026 Patris,
1035 3962 1176 4018 alius
1205 3963 1273 4018 ab
1306 3963 1422 4031 ipso
1452 3961 1650 4024 Filius,
1685 3976 1791 4016 non
1817 3959 2119 4015 voluntarie

527 4053 732 4124 genuit.
756 4053 990 4110 Necesse
1017 4055 1162 4110 enim
1194 4064 1311 4110 erat
1343 4070 1534 4124 parere
1563 4069 1688 4109 eum
1718 4055 1808 4124 qui
1842 4054 1895 4108 in
1928 4061 2117 4107 natura

527 4155 664 4200 erat.
697 4145 754 4200 Si
787 4161 915 4201 vero
943 4162 1048 4201 non
1079 4155 1197 4202 erat
1229 4147 1282 4201 in
1312 4145 1502 4212 Patre,
1536 4145 1630 4201 sed
1666 4145 1843 4200 iactus
1871 4151 1953 4199 est
1987 4143 2118 4197 deli-

529 4239 813 4295 beratione
846 4239 1026 4295 Patris
1055 4239 1297 4295 adhibita
1317 4279 1331 4304 ,
1371 4253 1595 4294 necesse
1622 4247 1704 4294 est
1733 4237 1955 4292 omnino
1985 4234 2119 4291 deli-

528 4331 865 4387 berationem
906 4333 1272 4403 przecessisse.
1313 4330 1430 4387 Non
1470 4339 1589 4386 erat
1632 4329 1801 4400 igitur
1834 4327 1987 4384 Patri
2020 4340 2120 4385 co-

529 4433 786 4481 aeternus.

1039 4539 1247 4596 Salutio
1285 4536 1608 4608 objectionis.

598 4677 840 4732 Primum
871 4676 1090 4746 quidem
1122 4673 1389 4745 stupenda
1424 4687 1510 4728 res
1539 4681 1625 4728 est
1654 4685 1762 4741 quo
1791 4675 1952 4741 pacto
1983 4667 2115 4727 adeo

529 4769 816 4825 temerarie
854 4777 910 4824 et
952 4776 1263 4838 portentosa
1299 4766 1446 4821 velut
1485 4764 1757 4833 imperitia
1800 4764 1852 4818 in
1896 4774 2115 4818 omnem

528 4861 913 4932 blasphemiam
939 4869 1120 4916 ruant.
1139 4858 1325 4929 Neque
1349 4858 1459 4929 58
1481 4859 1624 4913 enim
1649 4857 1810 4926 pudet
1833 4869 1927 4910 eos
1949 4853 2115 4908 etiam

528 4953 702 5023 ipsum
735 4951 904 5009 Deum
936 4952 1247 5009 necessitati
1282 4951 1586 5020 subjicere,
1618 4949 1860 5003 dicentes
1893 4945 2118 5016 perinde

527 5055 689 5117 atque
718 5046 769 5099 in
802 5045 1054 5100 humanis
1083 5043 1404 5114 corporibus
1435 5039 1640 5109 aliquid
1671 5037 1848 5094 Patris
1876 5036 2112 5093 essentia

525 5138 932 5208 comprehendi,
975 5152 1038 5192 ac
1081 5135 1236 5206 quasi
1271 5149 1368 5189 vas
1412 5133 1467 5188 in
1505 5147 1656 5198 vase,
1693 5131 1771 5186 ita
1819 5130 2017 5186 Filium
2061 5129 2114 5185 in

529 5229 688 5286 Patre
733 5231 925 5286 teneri.
968 5227 1080 5282 Nos
1122 5242 1273 5292 vero,
1307 5226 1397 5296 qui
1444 5235 1591 5281 recte
1637 5240 1700 5280 ac
1741 5223 1884 5293 juste
1913 5223 2118 5279 sentire

529 5321 838 5388 studemus,
869 5320 1160 5375 essentiam
1201 5318 1292 5374 Dei
1335 5317 1480 5372 omni
1519 5316 1840 5372 necessitate
1873 5314 2116 5387 superio-

531 5428 644 5467 rem
679 5427 801 5467 esse
838 5411 1099 5480 dicimus;
1131 5423 1186 5468 et
1213 5413 1412 5470 Filium
1444 5429 1566 5469 esse
1599 5416 1650 5468 in
1683 5414 1842 5468 Patre
1863 5453 1878 5479 ,
1911 5428 2018 5468 non
2058 5421 2116 5467 ut

533 5518 728 5572 corpus
758 5503 810 5556 in
842 5519 1091 5573 corpore,
1120 5505 1214 5560 sed
1247 5515 1304 5561 ut
1335 5506 1750 5576 inseparabilem
1785 5505 1854 5561 ab
1885 5505 2001 5573 ejus
2030 5520 2115 5561 cs-

529 5593 703 5646 sentia
741 5603 794 5649 et
831 5595 900 5649 ab
939 5596 1054 5665 ipso
1093 5600 1476 5667 procedentem
1513 5598 1852 5653 naturaliter.
1893 5597 1949 5652 Si
1986 5611 2115 5651 vero

533 5687 852 5744 existimant
893 5705 952 5746 se
994 5701 1208 5746 acutum
1249 5693 1452 5764 aliquid
1498 5706 1831 5763 proponere,
1877 5691 2116 5746 dicentes

538 5780 813 5842 voluntate
833 5794 928 5840 aut
955 5786 1089 5843 citra
1115 5787 1447 5846 voluntatem
1477 5802 1598 5844 cum
1627 5785 1830 5843 factum
1858 5799 1997 5843 esse.
2027 5785 2110 5838 vi-

2206 511 2299 568 τὸν
2329 510 2481 568 Υἱόν.
2517 507 2582 563 Ei
2609 509 2666 562 δὲ
2712 506 2874 562 τοῦτο
2893 504 3088 568 ἀσεϐὲς
3121 507 3340 576 φρονεῖν
3369 521 3430 558 τε
3464 504 3560 559 καὶ
3591 504 3796 575 λέγειν,

2213 603 2288 676 μή
2309 601 2742 676 πρπεινέτωσάν
2771 617 2916 664 τινες
2941 600 3030 668 ἐφ’
3062 597 3195 652 Υἱοῦ
3215 597 3297 661 τὺ,
3337 597 3602 670 Βουλήσει
3630 599 3664 670 ἢ
3694 599 3797 668 μή.

2212 695 2426 766 ’Ὥσπερ
2451 695 2560 766 γὰρ
2595 692 2798 763 ἀγαθὸς
2827 688 2970 744 κατά
3003 687 3166 760 φύσιν
3191 689 3337 744 ἐστὶν
3363 691 3391 744 6
3421 689 3634 762 Πατὴρ,
3654 689 3812 744 οὕτω

2212 789 2306 842 καὶ
2332 785 2652 858 γεννητικὸς
2678 784 2821 840 κατά
2848 786 3034 854 φύσιν.

2633 919 2819 974 ΑΛΛΟ
2839 959 2856 988 ,
2904 919 3362 992 διηγηματικῶς.

2286 1037 2350 1090 Et
2388 1035 2541 1090 πᾶσα
2590 1033 2846 1106 βούλησις
2874 1035 2908 1106 ἡ
2943 1033 3000 1088 ἐν
3025 1051 3135 1088 τισι
3169 1032 3432 1104 γινομένη
3461 1033 3523 1086 οὐ
3562 1033 3685 1104 δίχα
3715 1033 3809 1086 λό-

2213 1146 2310 1200 γου
2333 1128 2541 1196 γίνεται
2560 1126 2750 1200 (λόγος
2775 1126 2885 1198 γάρ
2916 1128 3066 1180 ἐστιν
3086 1125 3312 1196 ἀφανῶς
3341 1126 3398 1178 ὲν
3424 1125 3620 1196 καρδίᾳ
3649 1143 3810 1198 στρε-

2215 1220 2507 1291 φόμενοςή
2546 1217 2871 1290 βούλησις),
2932 1216 3048 1272 ἔστι
3107 1217 3164 1270 δὲ
3207 1220 3237 1271 6
3261 1217 3390 1281 Υίὺς
3421 1218 3450 1272 6
3501 1219 3671 1286 Λόγος
3705 1218 3809 1272 τοῦ

2216 1311 2454 1384 Πατρός,
2509 1309 2672 1373 αὐτὸς
2721 1307 2831 1380 ἄρα
2853 1308 3004 1362 ἔστῖν
3058 1309 3092 1378 ἡ
3135 1307 3388 1380 βούλησις
3439 1307 3626 1363 αὐτοῦ.
3665 1305 3812 1363 Εἶτα.

2217 1402 2336 1468 πῶς
2373 1405 2406 1475 ή
2445 1402 2701 1474 βούλησις
2743 1401 2802 1456 ὲν
2836 1399 3090 1472 βουλήσει
3130 1399 3379 1470 γίνεται;
3415 1399 3449 1472 ἢ
3492 1399 3608 1464 πῶς
3641 1403 3670 1454 6
3697 1401 3812 1454 Λό-

2216 1511 2312 1564 γος
2333 1495 2392 1550 ὲν
2416 1494 2612 1566 Λόγῳ;
2646 1493 2836 1548 Πάντα
2881 1492 3063 1547 τοίνυν
3089 1491 3239 1546 ἐστὶν
3271 1493 3300 1545 6
3334 1491 3465 1554 Υἱὸς
3491 1490 3568 1562 τῷ
3591 1492 3766 1562 Πατρϊ
3791 1533 3808 1557 ,

2217 1588 2313 1643 καὶ
2364 1586 2530 1659 βουλὴ
2560 1587 2654 1641 καὶ
2686 1586 2881 1656 Λόγος,
2915 1585 3010 1639 καὶ
3035 1584 3217 1655 σοφία·
3253 1582 3346 1638 καὶ
3368 1583 3521 1638 οὐδέν
3551 1582 3701 1638 ἐστιν
3745 1585 3816 1636 ὲν

2219 1679 2395 1752 Πατρὶ
2419 1677 2528 1751 πρὸ
2565 1678 2754 1734 αὐτοῦ.

2785 1791 2970 1847 ΑΛΛΟ
3003 1790 3232 1861 ὅμοιον.

2293 1909 2448 1980 Ἔχει
2480 1907 2622 1962 κατ-ἀ
2654 1905 2817 1977 φύσιν
2846 1907 2874 1960 6
2916 1905 3202 1976 ἄνθρωπος
3229 1903 3290 1957 τὸ
3314 1901 3578 1958 δύνασθαι
3596 1903 3818 1958 τέκνων

2215 1999 2377 2052 αὐτὸν
2399 1997 2653 2068 γενέσθαι
2683 1996 2918 2069 πατέρα’
2942 1996 3035 2048 καὶ
3063 1993 3160 2065 οὐχ
3187 1994 3374 2066 ὥσπερ
3403 1995 3467 2046 ὲκ
3501 1993 3814 2064 βουλήσεως

2214 2091 2417 2160 ἀγαθός
2443 2093 2596 2146 ἐστιν
2628 2091 2662 2162 ἢ
2701 2089 2960 2161 πονηρὸς,
2984 2087 3130 2144 οὓτω
3163 2087 3259 2142 καὶ
3279 2087 3493 2158 πατήρ.
3550 2087 3713 2140 Ἀλλὰ
3748 2085 3814 2139 τὸ

2219 2183 2317 2256 μὲν
2356 2181 2538 2253 φύσει,
2568 2180 2706 2235 τὸδὲ
2739 2179 2992 2251 βουλήσει
3035 2176 3175 2232 ὲστί.
3229 2176 3340 2230 Καὶ
3391 2176 3486 2229 τοῦ
3521 2176 3619 2247 μὲν
3639 2176 3814 2246 ἐσμὲν

2215 2275 2419 2347 κύριοι·
2453 2272 2548 2326 τοῦ
2578 2273 2634 2326 δὲ
2680 2273 2714 2344 ἡ
2769 2270 2932 2340 φύσις
2965 2266 3330 2339 ἀπαράϐατον
3355 2265 3467 2338 ἔχει
3498 2267 3590 2321 τὸν
3617 2267 3809 2338 νόμον.

2216 2367 2429 2439 ’Ὥσπερ
2456 2360 2548 2420 οὖν
2575 2363 2674 2420 οὐκ
2708 2363 2773 2416 ὲκ
2802 2361 3109 2432 βουλήσεως
3144 2359 3344 2430 ἔχομεν
3371 2360 3533 2430 ἡμεῖς
3573 2359 3636 2412 τὸ
3659 2353 3813 2415 εἶναι

2213 2457 2452 2528 πατέρες
2495 2455 2607 2510 τῶν
2663 2453 2722 2522 ἐξ
2776 2452 2955 2524 ἡμῶν,
3003 2450 3140 2506 ἀλλὰ
3189 2449 3455 2520 φυσικῶς,
3483 2449 3628 2505 οὓτω
3653 2453 3749 2505 καὶ
3783 2456 3815 2507 ὁ

2215 2548 2348 2611 Θεὸς
2396 2547 2491 2600 καὶ
2537 2545 2729 2616 Πατὴρ
2781 2545 2881 2597 οὐκ
2945 2544 3010 2595 ὲκ
3056 2541 3369 2613 βουλήσεως
3407 2543 3598 2613 Πατήρ
3632 2544 3811 2610 ἐστιν,

2215 2638 2352 2693 ἀλλά
2381 2636 2650 2708 φυσικῶς.
2713 2635 2824 2690 Καὶ
2876 2633 3071 2705 ὥσπερ
3101 2635 3152 2688 ei
3202 2633 3260 2700 ἐξ
3309 2632 3468 2704 ήμῶν
3493 2634 3816 2705 τικτόμενοι

2214 2734 2388 2804 ὅμοιοι
2412 2732 2630 2794 πάντως
2647 2732 2780 2800 ἡμῖν
2809 2730 2930 2782 κατ’
2952 2727 3142 2782 οὐσίαν
3159 2727 3319 2792 είσὶν,
3345 2725 3490 2780 οὕτω
3523 2727 3617 2780 καὶ
3635 2731 3663 2782 6
3680 2729 3818 2794 Υἱὸς

2215 2822 2314 2876 οὐκ
2345 2821 2542 2887 ἔξωθεν
2572 2821 2651 2892 τῷ
2675 2820 2851 2892 Πατρὶ
2891 2819 3350 2891 προσγενόμενος,
3390 2819 3508 2873 ἀλλ’
3543 2820 3711 2885 ὅντως
3741 2822 3819 2876 ἐκ

2215 2914 2314 2984 τῆς
2339 2913 2527 2978 οὐσίας
2559 2911 2726 2968 αὐτοῦ
2755 2911 3036 2985 προελθὼν
3093 2911 3280 2981 ὅμοιός
3311 2912 3425 2966 ἐστι
3459 2911 3601 2965 κατὰ
3628 2912 3817 2967 πάντα

2215 3004 2296 3076 τῷ
2331 3004 2703 3074 γεγεννηκότι.
2738 3005 2849 3057 Καὶ
2881 3004 3074 3074 ὥσπερ
3107 3004 3211 3057 οὐκ
3243 3002 3308 3056 ὲκ
3355 3001 3662 3074 βουλήσεώς
3689 3005 3817 3058 ἐστι

2218 3097 2430 3170 Πατὴρ,
2472 3097 2615 3152 οὕτω
2660 3096 2754 3151 καὶ
2788 3098 2817 3150 6
2865 3097 2993 3161 Υἱὸς
3025 3095 3124 3149 οὐκ
3173 3096 3236 3148 ὲκ
3280 3093 3590 3166 βουλήσεως
3627 3097 3814 3163 ἐστιν,

2221 3189 2357 3244 ἀλλὰ
2390 3187 2531 3243 κατά
2553 3187 2736 3259 φύσιν,
2759 3188 3102 3260 ἀπαύγασμα
3125 3185 3219 3240 καὶ
3241 3188 3528 3260 χαρακτὴρ
3548 3186 3819 3260 ὑπάρχων

2217 3281 2312 3336 τοῦ
2343 3283 2700 3354 γεννήσαντος
2735 3281 2919 3335 αὐτόν.

2918 3482 3121 3537 ΑΛΛΟ.

2480 3595 2805 3660 Ἄντίθεσις
2861 3593 2941 3661 ὡς
2972 3595 3041 3648 ἐκ
3078 3592 3196 3648 τῶν
3232 3595 3555 3665 Εὑνομίου.

2305 3685 2658 3758 ,Ερωτητέον,
2695 3686 2851 3758 φησι,
2887 3686 3016 3751 τοὺς
3049 3685 3186 3760 ὀρθά
3236 3690 3455 3758 φρονεῖν
3483 3688 3770 3760 οἰομένους
3791 3731 3812 3756 ,

2220 3779 2450 3852 πότερόν
2473 3796 2609 3833 ποτε
2647 3778 2903 3850 βουλήσει
2933 3779 3234 3848 γεγέννηκε
3260 3780 3354 3833 τὸν
3386 3779 3515 3834 Υίὸν
3538 3783 3566 3834 6
3593 3780 3812 3851 Πατὴρ,

2218 3873 2251 3944 ἢ
2287 3871 2623 3942 ἀϐουλήτως.
2689 3872 2751 3924 Εἰ
2780 3871 2878 3942 μὲν
2911 3871 3022 3943 γάρ
3047 3872 3323 3943 ἐνυπῆρχε
3365 3873 3431 3944 τῇ
3472 3871 3567 3925 τοῦ
3596 3873 3816 3942 Πατρὸς

2217 3963 2397 4036 οὐσίᾳ,
2436 3963 2624 4034 ἕτερος
2655 3963 2733 4018 ὣν
2763 3966 2896 4037 παρ’
2931 3964 3094 4018 αὐτὸν
3135 3965 3164 4017 ό
3197 3965 3347 4028 Υἱὸς,
3397 3965 3457 4017 οὐ
3485 3966 3816 4036 προαιρέσει

2217 4053 2452 4110 τέτοκεν.
2498 4050 2610 4110 Ἦν
2655 4053 2765 4125 γὰρ
2815 4054 3028 4125 ἀνάγκη
3083 4055 3265 4109 τεκεῖν
3318 4054 3411 4108 τὸν
3445 4055 3502 4108 ὲν
3547 4057 3611 4125 τῇ
3648 4055 3821 4124 φύσει

2220 4147 2492 4218 κείμενον.
2522 4148 2585 4200 Ei
2606 4147 2663 4200 δὲ
2692 4147 2792 4200 οὐκ
2815 4141 2884 4218 ἦν
2925 4146 2984 4200 ἐν
3013 4147 3210 4219 Πατρὶ,
3243 4147 3506 4218 ἐγεννήθη
3539 4147 3595 4200 δὲ
3619 4146 3819 4218 βουλη-

2221 4237 2408 4302 θέντος
2436 4239 2530 4292 τοῦ
2566 4238 2804 4311 Πατρός.
2845 4237 3061 4309 ἀνάγκη
3096 4239 3475 4311 προύπάρχειν
3508 4238 3670 4292 αὐτοῦ
3709 4239 3815 4309 τὴν

2221 4329 2496 4403 βούλησιν.
2521 4331 2634 4383 Οὐκ
2664 4325 2733 4400 ἦν
2761 4323 2854 4381 οὖν
2902 4328 3011 4398 ἀρα
3047 4327 3124 4400 τῷ
3171 4331 3491 4400 γεννήσαντι
3523 4329 3813 4393 συναῖόιός.

2715 4529 2872 4600 Πρὸς
2892 4529 3080 4584 ταῦτα
3105 4529 3307 4597 λύσις.

2291 4668 2518 4742 Πρῶτον
2561 4668 2658 4740 μὲν
2684 4665 3097 4738 ἀποθαυμάζειν
3143 4665 3292 4731 ἄξιον
3321 4666 3447 4730 τούς
3479 4666 3813 4735 ἀφυλάκτως

2219 4763 2300 4827 είς
2329 4763 2511 4816 πᾶσαν
2537 4759 2831 4832 τρέχοντας
2865 4757 3202 4829 δυσφημίαν,
3241 4756 3444 4829 πολλήν
3474 4774 3535 4810 τε
3561 4755 3813 4828 ἀμαθίαν

2218 4856 2403 4918 αὐτοῖς
2457 4853 2730 4922 ἐγκαλεῖν.
2803 4853 2878 4906 Οὐ
2935 4849 3044 4922 γὰρ
3103 4849 3455 4920 αἰσχύνονται
3512 4849 3606 4902 και¹
3642 4849 3815 4904 αὐτὸν

2218 4946 2488 5015 ἀνάγκαις
2517 4944 2862 5008 ὐποτιθέντες
2889 4942 2980 4995 τὸν
3005 4939 3159 5006 Θεὸν,
3185 4941 3280 4994 καὶ
3310 4939 3563 5010 καθάπερ
3584 4939 3678 4994 ἐπὶ
3703 4957 3815 4993 σω-

2223 5039 2410 5112 μάτων
2461 5037 2818 5111 ἀνθρωπίνων
2876 5031 3307 5104 ὲμπεριὲχεσθαί
3356 5051 3409 5087 τι
3461 5033 3711 5101 λέγοντες
3740 5035 3811 5103 τῇ

2218 5131 2315 5186 τοῦ
2348 5131 2560 5203 Πατρὸς
2589 5130 2770 5201 οὐσία,
2799 5127 2831 5197 ἢ
2867 5126 3056 5198 ὥσπερ
3079 5143 3132 5180 τι
3160 5124 3352 5189 σκεῦος
3381 5127 3439 5178 ἐν
3479 5124 3664 5178 σκεύει
3694 5123 3814 5175 κεῖ-

2221 5226 2342 5279 σθαι
2371 5226 2461 5279 τὸν
2513 5225 2641 5278 Υίὸν
2690 5223 2749 5275 ὲν
2802 5221 2998 5294 Πατρί.
3059 5221 3253 5292 Ἡμεῖς
3302 5218 3361 5272 δὲ
3414 5213 3496 5282 οἷς
3539 5215 3676 5288 ὀρθά
3713 5215 3813 5269 καὶ

2218 5315 2402 5370 δίκαια
2426 5315 2644 5386 φρονεῖν
2673 5311 3062 5375 ἐσπούδασται,
3080 5310 3194 5364 ἄνω
3221 5310 3318 5380 μὲν
3343 5308 3526 5378 πάσης
3555 5305 3812 5375 ἀνάγκης

2220 5403 2360 5461 εἷναί
2389 5423 2570 5476 φαμεν
2599 5405 2698 5476 τὴν
2737 5404 2925 5457 οὐσίαν
2947 5402 3041 5457 τοῦ
3073 5400 3234 5456 Θεοῦ·
3266 5397 3406 5454 εἶναι
3432 5399 3491 5453 δὲ
3523 5397 3686 5452 πάλιν
3715 5396 3810 5450 τὸν

2220 5500 2350 5554 Υἱδν
2377 5501 2432 5551 ἐν
2463 5499 2642 5567 Πατρὶ
2664 5537 2677 5562 ,
2713 5498 2811 5567 οὐχ
2838 5497 2915 5559 ὡς
2945 5496 3103 5567 σῶμα
3141 5494 3245 5547 ὑπὸ
3276 5491 3529 5564 σώματος
3557 5490 3810 5561 περιεχό·

2225 5609 2408 5665 μενον,
2439 5591 2554 5645 ἀλλ’
2582 5590 2656 5654 ὡς
2691 5588 2995 5661 ἀχώριστον
3025 5588 3124 5658 τῆς
3180 5585 3368 5648 οὐσίας
3419 5581 3585 5638 αὐτοῦ
3618 5581 3711 5635 καὶ
3746 5579 3809 5638 ἐξ

2223 5685 2392 5756 αὐτῆς
2426 5682 2760 5756 προελθόντα
2797 5679 2938 5735 κατά
2974 5678 3065 5733 τὸν
3109 5678 3209 5748 τῆς
3246 5677 3464 5745 φύσεως
3504 5674 3688 5745 νόμον.
3743 5672 3805 5726 Εἰ

2222 5779 2277 5834 δὲ
2305 5777 2506 5832 οἴονται
2541 5775 2701 5845 σοφόν
2737 5792 2787 5830 τι
2822 5771 3146 5842 προτείνειν,
3179 5770 3431 5841 βουλήσει
3468 5767 3715 5837 λέγοντες
3764 5761 3798 5830 ἦ
