4106 6418
265 408 329 469 επ
1727 401 2179 464 τΗΕεΑυιιιῑε.
2223 405 2231 427 ι
3517 408 3587 468 aa

263 522 580 596 ἁδουλήτως
609 516 794 577 αὑτὸν
826 522 1185 595 γεγενῆσθαι,
1206 526 1303 578 καὶ
1338 522 1470 595 παρ’
1501 522 1665 594 ἡμῶν
1691 522 1858 578 ἀκουέ

1991 521 2177 577 cissim
2203 520 2302 576 hoc
2332 533 2361 575 a
2395 521 2550 577 nobis
2579 520 2803 577 audiant
2833 538 2848 577 :
2882 521 3025 591 Ergo
3064 522 3203 595 ignis
3239 523 3402 580 etiam
3436 526 3581 582 calo-

266 634 458 672 τωσιν·
480 614 772 685 Βουλήσει
801 610 921 687 ἆρα
945 615 1011 669 τὸ
1058 612 1175 688 πῦρ
1195 615 1297 686 τήν
1314 614 1374 680 ὲξ
1389 613 1557 670 αὑτοῦ
1581 614 1865 686 θερμότητι

2000 626 2112 665 rem
2150 623 2217 664 ex
2258 625 2316 665 se
2349 610 2654 667 voluntarie
2693 610 2864 683 gignit
2900 621 2994 669 aut
3030 615 3434 671 involuntarie‘!
3476 615 3583 674 Sed

273 708 481 779 γεννᾷῆ
518 705 868 778 ἀϐουλήτως
896 723 913 774 ;
980 706 1126 760 Ἀλλ’
1156 707 1311 762 οὐδὲν
1338 706 1522 772 ἕξουσι
1568 706 1707 779 πρὸς
1732 705 1863 760 τοῦτ

1997 702 2131 757 nihil
2158 701 2436 759 habebunt
2461 703 2604 773 quod
2633 703 2699 758 ad
2728 704 2831 759 hoc
2852 704 3054 760 dicant.
3081 705 3214 760 Nam
3242 722 3364 777 quae
3389 723 3453 763 ex
3485 723 3583 762 na-

275 801 454 855 εὶκείν.
482 798 570 852 Τὰ
601 797 726 869 γὰρ
746 799 822 853 ὲκ
848 798 1071 868 φύσεως
1102 799 1393 872 προϊόντα,
1440 798 1568 854 οὕτε
1602 798 1889 871 βούλησιν,

269 892 385 948 οὔτε
410 890 768 962 ἀϐουλήσιαν
799 891 1140 962 ἐπιδέχεται.
1189 891 1315 946 ’Enl
1347 891 1404 945 δὲ
1426 891 1541 947 τῶν
1576 891 1773 958 ἔξωθεν
1796 892 1893 946 καὶ

266 978 338 1039 ὧν
362 986 533 1056 ἐσμεν
553 984 617 1038 ὲν
646 982 910 1053 ἐξουσίᾳ,
938 982 1194 1054 βούλησις
1218 984 1314 1038 καὶ
1342 982 1645 1056 ἀϐουλησία
1671 986 1889 1057 κρατεῖ.

268 1073 473 1141 Ὠσπερ
500 1066 603 1125 ὤν
670 1071 775 1126 καὶ
815 1073 973 1143 ἡμᾶς
1036 1071 1388 1144 ἐργαζόμεθα
1419 1091 1474 1127 τι
1504 1073 1888 1146 βουληθέντες,

267 1166 519 1234 τίκτομεν
578 1163 647 1218 δὲ
702 1164 771 1230 ἐξ
816 1164 1071 1230 ἑαυτῶν,
1113 1165 1308 1219 οὐδένα
1351 1164 1521 1219 τόπον
1561 1164 1793 1238 ἐχούσης
1830 1169 1890 1223 ὲν

261 1257 435 1327 τούτῳ
465 1255 803 1327 βουλήσεως
831 1256 867 1329 ἦ
898 1255 1262 1329 ἀδουλησίας,
1304 1256 1449 1312 οὕτω
1489 1259 1585 1312 καὶ
1626 1257 1763 1323 Θεὸς
1792 1259 1887 1330 έρ-

261 1348 488 1416 γάζεται
522 1347 632 1418 μὲν
669 1346 944 1421 βουλήσει
971 1347 1043 1403 τὰ
1062 1349 1243 1417 ἐκτὸς,
1275 1349 1535 1422 ἐγέννησε
1560 1349 1618 1404 δὲ
1641 1350 1890 1423 ἀχρόνως

264 1439 351 1492 τδν
372 1438 504 1491 Υἱδν
533 1438 600 1503 ἐξ
622 1440 860 1504 ἑαυτοῦ,
906 1439 1101 1495 οὐδένα
1153 1442 1318 1495 τόπον
1344 1442 1576 1513 ἐχούσης
1603 1443 1664 1497 ὲν
1711 1441 1888 1514 τούτῳ

270 1519 571 1600 βουλήσεως
595 1530 698 1583 καὶ¹
725 1529 1090 1602 ἀδουλησίας,
1111 1532 1161 1585 εἱ
1186 1537 1281 1587 καὶ
1302 1533 1404 1587 οὐκ
1425 1533 1688 1605 etiam;
1712 1535 1883 1590 ἐστιν.

280 1621 336 1674 '0
364 1622 472 1693 γὰρ
499 1620 708 1693 Πατὴρ
741 1622 948 1696 ἀγαπᾷ
985 1623 1078 1678 τὸν
1107 1624 1261 1688 Υῐὸν,
1282 1624 1360 1690 ὡς
1384 1624 1717 1697 γέγραπται.

982 1801 1193 1855 AAAO.

515 1912 615 1980 Ὠς
637 1911 711 1978 ἐξ
743 1912 1121 1987 ἀντιθέσεως
1159 1913 1280 1970 τῶν
1312 1916 1636 1987 Εὐνομίου.

346 2027 418 2080 El
454 2025 532 2097 μὴ
557 2026 825 2099 βουλήσει,
857 2030 1055 2101 φησὶν,
1112 2031 1377 2102 ἐγέννησε
1402 2031 1495 2086 τὸν
1537 2032 1669 2087 Υξὺν
1697 2031 1727 2085 6
1766 2034 1878 2088 [Ia-

281 2116 407 2188 τὴρ,
437 2118 553 2188 ἔχει
584 2118 641 2171 δὲ
674 2120 839 2173 αὐτὸν
861 2121 932 2175 ὲκ
952 2120 1199 2190 φύσεως,
1224 2123 1469 2193 δηλονότι
1495 2124 1593 2178 καὶ
1619 2123 1720 2196 τὴν
1747 2124 1878 2195 περὶ

270 2212 437 2265 αὑτὸν
464 2209 663 2279 γνῶσιν
695 2213 801 2266 οὐκ
831 2212 983 2283 ἔχων
1015 2215 1201 2279 αὐτὸς,
1236 2215 1352 2287 ἔχει
1377 2216 1541 2271 πάλιν
1574 2217 1744 2289 αὐτήν
1766 2215 1879 2271 ἀπὸ

259 2302 364 2373 τῆς
390 2302 631 2371 φύσεως.
678 2302 939 2375 Ἐμαθεν
971 2301 1069 2363 οὖν
1095 2308 1179 2362 ὅτι
1204 2310 1300 2363 καὶ
1322 2309 1450 2373 Υἱὸς
1478 2309 1645 2363 αὐτοῦ
1686 2308 1872 2377 ἔσται,

256 2394 353 2447 καὶ
391 2394 911 2468 συνδημιουργήσει
947 2398 1021 2452 τὰ
1065 2399 1266 2454 πάντ-α’
1322 2401 1418 2455 καὶ
1456 2400 1873 2473 ὲπισυμϐἐϐηκε

254 2484 334 2555 τῷ
360 2485 531 2557 Πατρὶ
552 2487 588 2557 ή
610 2503 683 2539 πε
692 2487 755 2559 pl.
789 2488 924 2541 Υἱοῦ
944 2489 1149 2559 γνῶσις
1177 2493 1243 2545 ὲκ
1265 2493 1363 2563 τῆς
1385 2493 1595 2557 οἰκείας
1627 2492 1874 2548 διδασκοο

261 2579 396 2648 μὲνη
433 2577 678 2646 φύσεως.
726 2578 796 2634 ΕΞ
861 2581 922 2635 δὲ
973 2583 1136 2638 τοῦτο
1172 2584 1395 2651 ἄτοπον,
1439 2585 1693 2658 βουλήσει
1734 2584 1872 2657 ἄρα,

252 2669 409 2734 εἰδὼς
450 2672 534 2726 ὅτι
592 2671 787 2739 ἔσται,
830 2675 1141 2747 προέϐαλεν
1204 2678 1392 2744 αὐτὸν,
1438 2679 1535 2734 καὶ
1581 2680 1872 2752 προτρέχει

246 2764 461 2830 πάντως
486 2766 595 2837 τῆς
623 2768 959 2838 γεννήσεως
992 2770 1026 2841 ή
1071 2770 1349 2842 βούλησις.

766 2882 937 2950 Πρὸς
966 2881 1145 2938 τοῦτο
1169 2885 1373 2952 λύσις.

321 2971 410 3036 Ὠς
430 2975 602 3047 ήμῶν
637 2975 1091 3049 ὁμολογοὼτων,
1142 2974 1227 3030 ὃτι
1257 2977 1476 3050 πρῶτον
1511 2977 1764 3051 ἐδιδάχθη
1787 2980 1872 3046 τίς

246 3066 386 3121 ἔσται
417 3069 449 3121 6
470 3068 633 3134 Υἱὸς,
656 3064 771 3124 εἷθ’
795 3067 979 3133 οὕτως
1003 3068 1339 3140 γεγέννηκεν
1381 3071 1544 3125 αὐτὸν
1572 3073 1601 3126 6
1622 3073 1830 3151 Πατὴρ
1851 3114 1866 3140 ,

248 3159 658 3213 κατασκευάσει
694 3159 806 3229 τὴν
842 3159 1111 3230 πρότασιν
1130 3158 1160 3211 6
1192 3158 1322 3231 περὶ
1348 3157 1520 3213 ταῦτα
1540 3159 1734 3226 δεινὸς,
1769 3162 1869 3214 οὐκ

1999 801 2119 846 tura
2150 792 2437 862 prodeunt,
2469 805 2641 863 neque
2667 793 2825 862 velle,
2850 794 2937 850 vel
2964 810 3069 851 non
3098 797 3233 853 velle
3262 799 3580 854 admittunt.

1995 882 2052 938 In
2090 886 2252 940 rebus
2281 899 2411 941 vero
2449 900 2569 955 quae
2606 896 2763 941 extra
2795 902 2894 943 nos
2923 897 2978 943 et
3006 888 3059 944 in
3096 900 3281 946 nostra
3312 901 3581 961 potestate

1993 981 2142 1039 sunt,
2170 981 2265 1028 aut
2283 973 2552 1041 volumus,
2581 982 2672 1030 aut
2694 974 2963 1034 nolumus.
2988 976 3455 1044 Quemadmodum
3482 981 3583 1053 igi-

1996 1075 2084 1121 tur
2109 1067 2274 1121 etiam
2307 1081 2407 1122 nos
2436 1081 2728 1146 operamur
2753 1068 2958 1139 aliquid
2985 1071 3261 1127 voluntate
3290 1074 3405 1128 sive
3434 1073 3579 1129 deli-

1991 1158 2272 1213 beratlone
2312 1157 2583 1225 adhibita,
2623 1158 2894 1230 gignimus
2931 1174 3062 1216 vero
3102 1175 3170 1216 ex
3213 1161 3370 1218 nobis
3410 1163 3578 1233 ipsis,

1992 1263 2167 1319 neque
2210 1249 2377 1305 ullum
2420 1250 2475 1305 in
2523 1251 2833 1321 generando
2876 1250 3053 1307 locum
3098 1252 3263 1310 habet
3300 1254 3442 1310 velle
3483 1266 3578 1311 aut

1989 1342 2154 1411 nolle,
2195 1344 2268 1397 ita
2310 1342 2473 1399 etiam
2514 1343 2658 1400 Deus
2695 1353 2956 1415 operatur
3018 1345 3235 1415 quidem
3273 1346 3579 1403 voluntarie

1992 1449 2111 1505 quae
2134 1444 2289 1490 extra
2318 1435 2495 1504 ipsum
2525 1443 2675 1501 sunt,
2721 1435 2920 1491 Filium
2949 1446 3129 1493 autem
3159 1439 3348 1508 genuit
3372 1441 3578 1511 absque

1990 1534 2233 1596 tempore
2266 1541 2331 1583 ex
2367 1540 2447 1595 se,
2483 1541 2662 1597 neque
2699 1528 2865 1584 ullum
2902 1544 2964 1586 ea
3004 1531 3059 1586 in
3102 1546 3160 1586 re
3197 1531 3373 1587 locum
3412 1533 3578 1589 habet

1988 1620 2126 1676 velle
2149 1630 2245 1677 aut
2268 1620 2440 1689 nolle,
2466 1622 2685 1677 tametsi
2711 1637 2819 1679 non
2845 1631 2932 1680 est
2957 1624 3128 1680 invito
3154 1623 3315 1680 Patre
3336 1626 3571 1697 genitus.

1986 1711 2154 1773 Pater
2178 1717 2347 1782 enim,
2374 1726 2437 1772 ut
2462 1715 2749 1787 Scriptura
2782 1715 3047 1787 loquitur,
3074 1726 3221 1773 amat
3248 1717 3466 1774 Filium.

2659 1827 2887 1884 ALIUD.

2418 1918 2504 1974 Ea:
2542 1921 2831 1989 objections
2868 1919 3143 1976 Eunomii.

2054 2030 2114 2087 Si
2143 2045 2247 2087 non
2273 2031 2571 2099 voluntate,
2603 2034 2796 2104 inquit,
2823 2033 3022 2089 Filium
3053 2034 3239 2107 genuit
3265 2033 3450 2104 Pater,
3475 2037 3571 2093 sed

1980 2135 2049 2178 ex
2093 2130 2287 2176 natura
2333 2122 2510 2193 ipsum
2553 2123 2739 2191 habet,
2786 2124 3075 2181 manifesto
3116 2126 3281 2181 etiam
3323 2128 3570 2183 n0titiam

1979 2213 2045 2266 de
2073 2225 2140 2268 eo
2168 2226 2274 2268 non
2302 2211 2510 2269 habens
2541 2213 2687 2283 ipse,
2718 2228 2839 2271 eam
2871 2231 2901 2271 a
2931 2224 3124 2271 natura
3157 2215 3338 2273 habet.
3371 2215 3571 2272 Didicit

1977 2302 2167 2374 itaque
2217 2304 2363 2374 quod
2394 2304 2566 2362 Filius
2595 2321 2725 2362 suus
2754 2305 2968 2363 futurus
2998 2315 3166 2374 esset,
3191 2316 3246 2364 et
3271 2308 3453 2363 omnia
3481 2323 3571 2363 se-

1977 2409 2101 2452 cum
2126 2405 2445 2465 creaturus;
2472 2407 2636 2469 atque
2662 2398 2737 2454 ita
2762 2399 2955 2455 notitia
2981 2399 3108 2455 Filii
3133 2400 3368 2458 accessit
3421 2400 3568 2457 Patri

1976 2502 2008 2542 a
2046 2503 2146 2543 sua
2185 2499 2379 2545 natura
2415 2489 2631 2545 edocto.
2664 2489 2720 2547 Si
2753 2505 2883 2547 vero
2917 2492 2971 2547 id
3004 2491 3304 2549 absurdum
3340 2502 3445 2561 est,
3474 2509 3569 2550 vo-

1975 2577 2186 2634 luntate
2221 2579 2405 2651 igitur,
2437 2580 2618 2636 sciens
2648 2584 2791 2651 quod
2824 2581 3044 2637 futurus
3070 2591 3248 2647 esset,
3281 2598 3406 2639 eum
3438 2598 3568 2652 pro-

1976 2667 2162 2734 duxit,
2194 2669 2561 2741 praeceditque
2597 2672 2822 2727 omnino
2859 2672 3266 2743 generationem
3295 2673 3564 2733 voluntas.

2478 2865 2690 2923 Salutio
2725 2868 3058 2938 objectionis.

2043 2957 2275 3015 Perinde
2321 2972 2387 3014 ac
2435 2960 2481 3015 si
2529 2961 2969 3027 consideremus,
3021 2962 3258 3031 primum
3309 2962 3563 3019 edoctum

1974 3048 2142 3105 fuisse
2178 3049 2398 3106 Patrem
2440 3052 2562 3121 quis
2602 3061 2748 3108 esset
2788 3053 3003 3109 futurus
3046 3054 3240 3120 Filius,
3281 3064 3449 3126 atque
3491 3058 3564 3114 ita

1972 3140 2228 3211 deinceps
2267 3156 2390 3196 eum
2434 3141 2707 3212 genuisse,
2743 3141 2817 3197 ita
2859 3152 3111 3198 versutus
3151 3144 3239 3200 hic
3276 3160 3564 3215 argumen-

246 3250 392 3315 εὲιόὺς
443 3252 554 3314 ὅτι,
609 3251 1007 3323 διαστήματος
1054 3250 1270 3314 οὐδενὸς
1328 3250 1482 3316 ὄντος
1539 3252 1745 3323 μεταξὺ
1771 3252 1865 3308 τοῦ

1975 3241 2087 3285 tum
2124 3247 2288 3288 suum
2318 3233 2533 3297 astruit,
2567 3233 2805 3303 ignarus,
2840 3248 2961 3289 cum
3002 3235 3137 3289 nihil
3172 3236 3246 3290 sit
3281 3235 3443 3306 spatii
3482 3237 3564 3291 in.

246 3342 692 3412 μεσολαϐοῢντος
726 3342 799 3395 τὸ
825 3337 971 3395 εἶναι
997 3340 1092 3395 τοῦ
1116 3339 1334 3412 Πατρδς
1371 3342 1465 3395 καὶ
1485 3342 1585 3413 τὴν
1607 3342 1866 3416 γέννησιν

241 3434 330 3487 τοῦ
351 3434 509 3499 Υἱοῦ,
550 3436 589 3507 ή
622 3435 769 3507 περὶ
804 3434 971 3489 αὐτοῦ
1010 3434 1325 3506 πρόγνωσις
1380 3435 1483 3489 οὐκ
1526 3434 1642 3507 ἔχει
1679 3436 1863 3493 τόπον.

242 3526 301 3579 Ei
325 3526 432 3600 γὰρ
455 3526 985 3600 προεϐουλεύσατο,
1020 3523 1117 3580 καὶ
1159 3516 1549 3598 προεδιδάχθη,
1585 3529 1645 3580 ὲν
1687 3527 1866 3601 χρόνῳ

238 3615 290 3669 δὲ
312 3616 537 3681 πάντως
558 3616 757 3670 ταῦτα
788 3616 1020 3685 ἐγίνετο,
1053 3614 1206 3670 κάτω
1230 3615 1440 3687 χρόνων
1468 3616 1497 3669 6
1528 3615 1680 3681 Υἱός.
1708 3616 1773 3670 Εἰ
1805 3617 1864 3671 δὲ

234 3707 393 3771 αὐτός
422 3710 585 3762 ἐστιν
614 3709 651 3762 6
715 3706 831 3761 τῶν
863 3706 1079 3779 χρόνων
1138 3705 1393 3779 ποιητὴς,
1435 3706 1492 3761 τί
1541 3708 1720 3779 μάτην
1763 3708 1865 3779 τῆς

234 3797 382 3863 θείας
410 3800 648 3870 φύσεως
677 3797 1086 3870 καταφλυαρεῖ,
1121 3796 1518 3872 διδασκομένην
1547 3800 1717 3872 αὐτὴν
1748 3800 1863 3853 εἰσ-

237 3886 415 3960 ιῖέρων
454 3889 574 3942 ἀπὸ
609 3889 721 3960 τῆς
763 3885 1007 3957 φύσεως,
1042 3885 1120 3950 ὡς
1154 3886 1321 3951 αὐτός
1353 3903 1509 3959 φησι,
1552 3888 1621 3942 τὰ
1663 3888 1862 3960 ἐσόμε-

237 3995 322 4044 να,
374 3981 475 4034 καὶ
534 3979 717 4034 πλέον
766 3977 925 4032 οὐδὲν
976 3975 1254 4050 ἀνθρώπῳ
1299 3977 1477 4043 διδοὺς
1525 3978 1560 4053 ή
1604 3979 1685 4052 τῷ
1717 3981 1860 4053 ὑπὲρ

237 4071 445 4136 πάντας
484 4072 612 4126 ὄντι
673 4069 838 4144 Θεῷ;
883 4072 1035 4125 ’Δνω
1088 4070 1273 4125 τοίνυν
1322 4071 1587 4143 κειμένης
1647 4071 1860 4128 αἰώνων

237 4165 327 4217 καὶ
355 4165 579 4235 χρόνων
636 4161 753 4234 τῆς
815 4162 1130 4235 γεννήσεως
1150 4161 1246 4216 τοῦ
1290 4161 1445 4226 Υῐοῦ,
1479 4161 1768 4235 δύσφημόν
1796 4181 1857 4219 τε

243 4253 329 4306 ul.
363 4254 590 4324 ἀμαθὶς
620 4254 866 4317 εἰκότως
885 4251 955 4306 ἂν
985 4251 1073 4322 εἴη
1098 4251 1160 4306 τὸ
1188 4251 1858 4323 λέγεινηπροσουλεύεσθαι

240 4360 307 4407 τι,
326 4345 361 4416 ή
393 4343 887 4417 προδιδάσκεσθαι
908 4342 1003 4397 τὸν
1018 4342 1242 4416 Πατέρα
1265 4343 1396 4416 περὶ
1421 4343 1611 4398 αὐτοῦ.
1638 4346 1858 4411 Τέλειος

237 4437 342 4507 γὰρ
381 4436 481 4491 καὶ
511 4439 578 4491 ὲν
615 4435 704 4505 τῷ
757 4435 942 4490 πάντα
984 4434 1188 4489 εἰδέναι
1232 4436 1265 4488 ὁ
1299 4435 1516 4507 Πατὴρ,
1546 4436 1643 4489 καὶ
1689 4436 1858 4493 τόπον

235 4528 424 4583 οὐδένα
447 4529 566 4601 πρὸ
606 4528 753 4583 Υἱοῦ
778 4529 814 4600 ή
845 4530 978 4601 περὶ
1004 4527 1176 4583 αὐτοῦ
1218 4527 1474 4600 βούλησις
1503 4527 1639 4600 ἔχει.

948 4635 1158 4692 ΑΛΛΟ.

299 4753 365 4807 Εἰ
398 4748 553 4807 οἶδεν
598 4749 804 4805 ἑαυτὸν
855 4749 944 4803 ἀεὶ
997 4749 1127 4804 ὄντα
1164 4749 1388 4820 Πατέρα
1420 4751 1448 4803 6
1476 4749 1688 4823 Πατήρ,
1736 4749 1849 4823 ἔχει

232 4846 452 4910 πάντως
484 4842 590 4898 καὶ
624 4845 690 4896 ὲν
720 4840 904 4912 ἑαυτῷ
931 4840 1025 4895 τοῦ
1054 4841 1187 4896 Υἱοῦ
1220 4842 1320 4914 τὴν
1346 4841 1567 4913 γνῶσιν.
1609 4841 1697 4897 Ἐν
1739 4842 1850 4915 γὰρ

229 4936 304 5005 τῷ
345 4935 565 4989 εἰδέναι
617 4933 763 5004 ὅπερ
811 4931 960 4985 ἐστὶν
991 4931 1176 4997 αὐτὸς,
1212 4930 1307 4985 καὶ
1336 4931 1435 5001 τῆς
1478 4930 1725 5002 υἰότητος
1749 4931 1850 5002 τὴν

236 5025 433 5091 Mam
464 5026 673 5097 φορεῖ·
706 5021 899 5093 Πατὴρ
933 5020 1042 5093 γὰρ
1070 5022 1146 5086 ὡς
1176 5021 1312 5094 πρὸς
1350 5020 1480 5074 Υἱὸν
1510 5019 1625 5076 ἔστι
1654 5039 1712 5076 τε
1753 5022 1848 5077 καὶ

242 5115 595 5188 θωμάζεται.
650 5115 768 5170 Kal.
808 5115 974 5170 πάλιν
1021 5117 1087 5169 ὲκ
1138 5112 1249 5168 τῶν
1297 5113 1587 5168 ἐναντίωνο
1638 5109 1791 5168 Οἶδεν
1819 5115 1848 5168 ὁ

243 5207 362 5274 Υἱὸς
391 5210 486 5265 τὸν
518 5208 781 5278 Πατέρα,
808 5205 966 5270 εἰδὼς
997 5206 1137 5277 ὅπερ
1166 5205 1314 5260 ἐστὶν
1346 5205 1530 5270 αὐτός.
1573 5204 1708 5259 Ἀπὸ
1739 5204 1847 5279 γὰρ

232 5298 335 5369 τῆς
362 5301 630 5372 νεότητος
674 5299 711 5371 ή
749 5297 1032 5371 πατρότης
1058 5299 1301 5353 νοεῖται·
1334 5298 1428 5352 καὶ
1468 5296 1531 5351 τὸ
1566 5296 1848 5368 ἀντιστρο-

226 5410 343 5462 «po-1,
376 5396 447 5449 ὲκ
470 5393 589 5465 τῆς
624 5391 974 5464 πατρότήτος
1007 5392 1042 5462 ή
1076 5389 1262 5462 υἱότης
1281 5408 1296 5423 ·
1326 5386 1394 5463 ἦν
1428 5385 1520 5445 οὖν
1545 5390 1632 5445 ἀεὶ
1657 5389 1847 5464 Πατὴρ

222 5485 254 5538 6
279 5485 439 5550 Θεὶς,
467 5480 547 5557 ἦν
586 5484 702 5555 ἄρα
746 5481 843 5537 καὶ
889 5483 919 5536 6
964 5482 1108 5548 Υἱός.
1147 5482 1446 5554 Δύσφημον
1485 5481 1543 5536 δὲ
1581 5480 1643 5535 τὸ
1666 5481 1848 5551 λέγειν

227 5576 301 5649 μή
332 5578 550 5632 ειδέναι
586 5577 685 5629 τὸν
732 5574 953 5648 Πατέρα
1006 5573 1069 5641 ἐξ
1118 5575 1317 5629 ἑαυτοῦ
1366 5573 1458 5628 τὸν
1503 5573 1654 5639 Υὶδν,
1703 5574 1848 5629 διδά-

228 5669 457 5723 σκεσθαι
490 5668 557 5721 δὲ
591 5666 706 5722 ἀπὸ
736 5666 838 5738 τῆς
870 5666 1111 5737 φύσεως,
1139 5667 1375 5720 ἑκάστου
1406 5664 1607 5739 δηλαδή
1645 5664 1740 5734 ἀφ’
1766 5657 1843 5720 ὧν

230 5764 369 5817 ἐστιν
396 5761 577 5825 αὐτὸς
612 5758 718 5831 τήν
746 5757 843 5813 τοῦ
884 5759 1077 5830 ἑτέρου
1106 5756 1309 5828 γνῶσιν
1358 5756 1595 5829 ἔχοντος.
1631 5755 1841 5821 "mm;

1972 3330 2055 3376 ter
2081 3335 2201 3377 esse
2235 3320 2414 3377 Patris
2448 3331 2500 3376 ct
2538 3324 2945 3393 generationem
2982 3323 3140 3392 Filii,
3173 3328 3562 3396 praenotionem

1968 3414 2037 3470 de
2064 3427 2131 3470 eo
2160 3414 2366 3469 nullum
2397 3414 2601 3470 habere
2632 3414 2832 3471 locum.
2863 3414 3000 3471 Nam
3029 3415 3076 3471 si
3108 3418 3260 3487 prius
3290 3417 3561 3475 delibera-

1967 3504 2075 3570 vit,
2105 3513 2162 3560 et
2196 3506 2348 3576 prius
2384 3507 2668 3578 cognovit,
2700 3519 2864 3579 atque
2898 3508 3015 3563 haec
3052 3509 3104 3564 in
3141 3517 3385 3581 tempore
3416 3510 3559 3567 iacta

1967 3595 2167 3652 fuerint
2202 3612 2429 3655 necesse
2461 3599 2569 3667 sit,
2610 3600 2841 3669 tempori
2874 3614 3006 3672 ergo
3039 3601 3310 3657 obnoxius
3345 3610 3426 3658 est
3462 3602 3558 3658 Fi—

1965 3689 2088 3746 lius.
2126 3692 2196 3747 At
2228 3705 2353 3747 eum
2388 3693 2506 3762 ipse
2544 3692 2616 3748 sit
2658 3702 2965 3764 temporum
3004 3694 3274 3759 conditor,
3311 3694 3441 3765 quid
3479 3704 3558 3750 te-

1964 3795 2114 3837 mere
2134 3784 2394 3838 adversus
2418 3782 2656 3838 divinam
2682 3791 2933 3839 naturam
2955 3783 3283 3850 deblaterat,
3308 3785 3555 3840 edoctam

1964 3872 2110 3927 illam
2151 3887 2275 3930 esse
2314 3873 2425 3945 59
2464 3889 2494 3929 a
2535 3884 2728 3930 natura
2771 3876 2839 3932 de
2881 3878 3043 3932 rebus
3085 3875 3284 3932 futuris
3320 3876 3552 3948 ﬁngens,

1962 3978 2138 4035 neque
2166 3966 2462 4036 quidquam
2492 3966 2727 4036 amplius
2758 3969 3079 4038 praepotenti
3114 3966 3228 4023 Deo
3260 3982 3424 4037 quam
3458 3970 3554 4022 ho-

1961 4056 2094 4111 mini
2122 4056 2401 4112 tribuens?
2423 4058 2557 4112 ϐαίη
2590 4059 2771 4128 itaque
2799 4057 3081 4128 generatio
3109 4057 3231 4113 Filii
3262 4057 3461 4114 sa-eula
3489 4073 3554 4114 ac

1962 4153 2206 4216 tempora
2236 4148 2485 4212 excedat,
2516 4146 2815 4202 absurdum
2846 4162 2910 4202 ac
2940 4145 3319 4218 blasphemum
3349 4156 3435 4206 est
3466 4151 3552 4203 di-

1958 4250 2086 4293 cere
2118 4237 2478 4305 deliberasse,
2513 4247 2569 4294 et
2608 4239 2757 4310 prius
2797 4240 3053 4297 edoctum
3092 4241 3262 4297 fuisse
3300 4243 3367 4298 de
3407 4242 3552 4299 illius

1959 4330 2310 4399 generatione
2348 4328 2589 4387 Patrem.
2626 4329 2907 4389 Perfectus
2945 4335 3091 4391 enim
3136 4342 3224 4390 est
3265 4334 3319 4390 in
3366 4337 3551 4407 cogni-

1958 4423 2106 4478 tione
2131 4424 2372 4479 omnium
2405 4439 2587 4480 rerum
2618 4423 2804 4491 Pater,
2832 4426 3147 4498 nullumque
3176 4425 3357 4485 locum
3386 4428 3550 4487 habet

1958 4514 2303 4585 deliberatio,
2328 4515 2528 4574 Filium
2561 4519 2894 4591 praecedens.

2640 4629 2878 4688 ALIUD.

2029 4738 2087 4796 Si
2137 4739 2299 4796 Pater
2344 4753 2562 4812 semper
2610 4744 2760 4797 novit
2805 4757 2864 4799 se
2915 4758 3039 4800 esse
3083 4743 3321 4811 Patrem,
3381 4743 3545 4803 habet

1955 4831 2177 4889 omnino
2222 4833 2385 4889 etiam
2418 4833 2470 4889 in
2497 4847 2558 4890 se
2587 4833 2834 4890 notitiam
2877 4833 3022 4892 Filii.
3062 4836 3141 4893 Eo
3193 4836 3338 4893 enim
3399 4840 3542 4910 quod

1955 4928 2191 4996 seipsum
2242 4926 2434 4992 novit,
2479 4926 2628 4982 novit
2679 4935 2734 4983 et
2760 4926 2998 4985 Filium:
3057 4920 3221 4986 Pater
3244 4930 3387 4986 enim
3448 4946 3542 4986 ra-

1956 5017 2102 5071 tione
2140 5014 2264 5071 Filii
2293 5026 2378 5072 est
2413 5025 2468 5072 et
2498 5016 2719 5075 dicitur.
2776 5018 2845 5075 Et
2897 5035 2928 5077 e
2963 5023 3238 5078 contrario
3300 5040 3315 5078 :
3381 5021 3541 5080 Novit

1954 5108 2125 5165 Filius
2161 5108 2401 5176 Patrem,
2429 5125 2662 5169 noscens
2700 5113 2965 5186 seipsum.
3012 5114 3146 5172 Nam
3179 5130 3247 5172 ex
3279 5115 3541 5175 tiliatione

1954 5201 2274 5273 intelligitur
2310 5204 2629 5272 paternitas,
2658 5214 2716 5261 et
2773 5208 3053 5279 reciproce
3101 5193 3539 5276 ex-paternltate

1953 5293 2143 5351 tiliatio
2176 5313 2190 5352 :
2223 5304 2341 5351 erat
2398 5311 2529 5368 ergo
2560 5312 2779 5369 semper
2803 5298 2966 5355 Pater
2996 5299 3169 5368 Deus;
3207 5309 3324 5356 erat
3347 5302 3538 5373 utique

1952 5396 2008 5442 et
2044 5385 2237 5442 Filius.
2276 5385 2503 5460 lmpium
2548 5398 2732 5446 autem
2769 5391 2916 5447 dictu
2957 5401 3174 5448 estnon
3221 5407 3385 5449 nosse
3431 5391 3539 5450 Pa—

1950 5488 2089 5537 trem
2117 5479 2338 5547 Filium,
2373 5481 2466 5553 qui
2508 5496 2577 5539 ex
2619 5498 2679 5539 se
2727 5491 2829 5549 est,
2871 5485 2979 5553 sed,
3009 5485 3191 5540 doceri
3236 5500 3267 5540 a
3315 5495 3539 5551 natura,

1947 5588 2074 5628 cum
2106 5582 2334 5645 uterque
2377 5589 2444 5631 ex
2485 5591 2553 5632 eo
2592 5575 2711 5649 ipso
2737 5576 2881 5647 quod
2903 5587 2988 5633 est
3025 5578 3252 5635 alterius
3285 5580 3532 5636 notitiam

1949 5663 2167 5721 habeat.
2201 5665 2266 5721 Et
2305 5668 2509 5738 alioqui
2546 5678 2739 5724 natura
2767 5668 2858 5725 Dei
2903 5683 3010 5725 non
3056 5670 3128 5726 sit
3168 5669 3312 5730 aliud
3367 5687 3531 5744 quam

1948 5753 2062 5825 ipse
2094 5772 2112 5823 ;
2154 5755 2385 5827 simplex
2411 5759 2555 5816 enim
2586 5769 2641 5818 et
2667 5759 3053 5833 incompositus
3083 5772 3187 5821 est.

229 5872 285 5908 τε
315 5857 510 5929 ἕτερον
542 5855 651 5910 οὐκ
684 5855 753 5911 ἂν
780 5853 868 5926 εἴη
899 5853 1066 5927 φύσις
1093 5853 1230 5910 Θεοῦ
1259 5853 1392 5926 παρ’
1427 5851 1612 5908 αὐτόν·
1641 5850 1849 5918 ἁπλοῦς
1885 5847 2011 5922 γὰρ.
2032 5848 2126 5905 καὶ
2156 5850 2465 5918 ἀσύνθετος.
