4106 6466
1257 524 1492 582 ALIUD.

1044 635 1127 694 Ex
1156 637 1442 707 objectione
1472 636 1739 692 Eunomt't'.

652 747 961 817 Voluptate,
988 748 1182 821 inquit,
1214 760 1268 805 et
1307 749 1512 820 judicio
1534 751 1720 822 genuit
1756 751 1918 808 Pater
1946 763 2040 808 aut
2067 769 2163 808 na-

582 845 847 902 turaliter.
870 843 941 898 At
963 845 1008 900 si
1037 840 1357 901 naturaliter
1378 852 1613 912 tantum,
1646 860 1755 900 non
1777 855 1957 900 autem
1983 845 2167 900 volun-

576 945 691 991 tate
711 946 799 991 aut
826 937 1057 1008 judicio,
1109 937 1472 993 involuntarie
1506 936 1690 1007 itaque
1746 944 1801 993 et
1862 938 2168 994 inconside-

576 1037 696 1082 rate
738 1029 951 1097 genitus
982 1036 1088 1084 est.
1115 1028 1172 1085 Si
1197 1043 1331 1085 vero
1381 1038 1696 1099 utrumque,
1742 1027 1855 1099 jam
1892 1030 2166 1102 composi-

573 1128 691 1172 tum
736 1119 918 1177 facitis
978 1120 1172 1185 Deum,
1224 1120 1492 1190 judicium
1522 1120 1685 1178 simul
1722 1132 1778 1177 et
1819 1132 2069 1178 naturam
2116 1122 2164 1179 ei

580 1207 905 1271 tribuentes.
936 1209 1055 1278 Quo
1083 1221 1244 1279 pacto
1263 1211 1410 1273 enim
1456 1211 1553 1283 qui
1605 1226 1675 1268 ex
1715 1211 1802 1268 his
1835 1213 2168 1284 compositus

576 1308 679 1368 est,
722 1300 951 1373 simplex
980 1300 1141 1357 fuerit
1162 1302 1188 1356 ?

1037 1413 1248 1470 Salutio
1296 1415 1624 1486 objectionit.

644 1526 942 1583 Generatie
960 1526 1086 1581 Filii
1141 1542 1318 1599 neque
1341 1528 1549 1597 judicio
1576 1543 1751 1598 neque
1797 1529 2057 1586 voluntati
2085 1541 2171 1587 est

575 1614 828 1673 obnoxia.
861 1614 1007 1673 Velle
1037 1615 1183 1671 enim
1231 1626 1287 1673 et
1307 1617 1558 1687 judicare
1592 1618 1647 1673 in
1684 1624 1937 1688 tempore
1977 1617 2119 1677 ﬁunt
2147 1634 2165 1677 :

576 1706 748 1764 Filius
773 1722 902 1765 vero
934 1716 1239 1776 temporum
1266 1709 1519 1767 conditor
1544 1720 1654 1768 est.
1684 1709 1804 1776 Quo
1860 1720 2020 1780 pacto
2065 1711 2160 1780 igi—

575 1805 669 1851 tur
707 1797 759 1851 id
785 1798 929 1868 quod
954 1797 1232 1853 conditum
1269 1806 1356 1854 est
1400 1798 1745 1854 conditorem
1776 1800 2167 1871 praecesserit?

1579 410 1646 466 S.
1689 409 1961 468 CYRILLI
1996 406 2467 465 ΑΙᾸΞΧΑΝὉΜΝῘ
2509 408 2830 465 ARCﬂlEP.
3740 412 3837 472 100

2542 574 2557 581 _
2951 526 3158 580 ΔΑΜ).

2510 637 2608 703 Ὦς
2634 635 2703 702 ἐξ
2739 635 3099 705 ἀντιθέσεως
3135 635 3258 692 τῶν
3292 638 3617 708 Eur-aulo».

2334 747 2583 820 Θελήσει,
2621 747 2805 820 φησὶν,
2858 749 2979 820 ἦτοι
3021 749 3202 821 κρίσει
3238 749 3331 803 τὸν
3360 749 3491 803 Υίδν
3520 747 3851 824 γεγέννηκεν

2269 839 2378 911 ἄρα
2407 842 2435 894 6
2463 839 2674 913 Πατὴρ,
2703 839 2737 912 ἢ
2777 841 2919 894 κατὰ
2957 840 3140 909 φύσιν.
3176 842 3240 895 El
3267 842 3369 912 μὲν
3384 836 3483 896 οὖν
3509 842 3651 897 κατὰ
3680 844 3850 912 φύσιν

2272 930 2450 1002 μόνον,
2484 931 2583 985 οὐκ
2623 931 2704 985 ἔτι
2751 931 2808 985 δὲ
2839 931 2982 987 κατὰ
3013 931 3231 1002 θέλησιν
3262 931 3298 1003 ἢ
3340 931 3544 1004 κρίσιν,
3572 932 3848 1005 ἀθελήτως

2268 1022 2387 1075 ἐστὶ
2412 1022 2510 1077 καὶ
2540 1022 2782 1094 ἀκρίτως
2804 1021 3105 1094 γεννηθείς.
3140 1024 3204 1077 El
3234 1023 3294 1077 δὲ
3323 1023 3387 1077 τὸ
3418 1024 3849 1097 συναμφότερον,

2270 1111 2524 1166 σύνθετον
2548 1115 2753 1166 ποιεῖτε
2778 1112 2871 1167 τὸν
2892 1113 3048 1182 θεὸν,
3069 1115 3164 1168 καὶ
3194 1115 3376 1187 κρίσιν
3393 1115 3546 1187 αὐτῷ
3567 1115 3664 1170 καὶ
3688 1115 3851 1185 φύσιν

2268 1203 2518 1269 διδόντες.
2555 1204 2680 1271 Πῶς
2707 1204 2817 1278 γὰρ
2844 1207 2873 1260 6
2904 1206 2969 1260 ὲκ
3009 1204 3219 1262 τούτων
3247 1206 3607 1280 συγκείμενος
3644 1208 3852 1274 ἁπλοῦς

2264 1295 2456 1364 ἔσται

2744 1397 2905 1482 Πρὸς⁵
2941 1412 3120 1469 τοῦτο
3153 1414 3356 1482 λύσις.

2340 1525 2489 1579 "Auro
2516 1525 2619 1597 μὲν
2649 1527 2884 1597 κρίσεως
2919 1528 3016 1582 καὶ
3043 1527 3350 1601 βουλήσεως
3374 1531 3408 1603 ή
3439 1528 3532 1585 τοῦ
3574 1530 3706 1586 Υἱοῦ
3737 1532 3855 1587 κεῖ.

2266 1630 2357 1667 ται
2384 1614 2658 1687 γέννησις.
2692 1616 2769 1671 Τὸ
2790 1619 2897 1690 γὰρ
2929 1617 3214 1691 βούλεσθαι
3234 1620 3330 1675 καὶ
3353 1619 3559 1697 κρίνειν
3585 1622 3645 1677 iw
3669 1622 3855 1693 χρόνῳ

2266 1705 2487 1769 πάντως
2531 1706 2680 1760 ἐστί·
2722 1707 2931 1779 χρόνων
2962 1710 3021 1763 δὲ
3065 1708 3295 1781 ποιητὴς
3332 1710 3361 1762 6
3402 1711 3549 1774 Υἱός.
3599 1710 3726 1775 Πῶς
3756 1706 3851 1766 οὖν

2267 1794 2421 1850 ἔσται
2463 1796 2526 1849 τὸ
2572 1796 2785 1869 ποίημα
2821 1799 2928 1871 πρὸ
2959 1800 3057 1855 τοῦ
3094 1799 3356 1872 ποιητοῦ;
3402 1801 3465 1855 El
3497 1801 3554 1855 δὲ
3595 1801 3854 1857 σύνθετον

574 1889 638 1944 Si
678 1904 807 1945 vero
838 1890 1195 1961 compositum
1248 1890 1584 1948 existimatis
1639 1890 1757 1947 ﬁeri
1810 1891 2005 1958 Deum,
2046 1891 2162 1949 ideo

2267 1885 2444 1939 οἴεσθε
2475 1886 2721 1954 γίνεσθαι
2750 1888 2883 1943 Θεὸν
2910 1889 2997 1943 διὰ
3040 1891 3100 1944 τὸ
3127 1890 3288 1961 φύσιν
3329 1890 3474 1963 ἔχειν
3516 1892 3611 1947 καὶ
3643 1894 3852 1962 κρίσιν,

573 1981 721 2051 quod
751 1989 1004 2039 naturam
1029 1982 1250 2046 habeat,
1280 1990 1335 2039 et
1357 1980 1643 2050 judicium,
1666 1982 1783 2038 sive
1807 1981 2161 2050 voluntatem,

575 2072 756 2129 videte
781 2073 943 2127 etiam
974 2073 1081 2128 hoc
1112 2089 1128 2129 :
1156 2071 1321 2126 Pater
1357 2080 1582 2141 generat
1608 2072 1931 2127 naturaliter
1958 2089 1976 2138 ;
2013 2085 2164 2129 creat

575 2170 757 2219 autem
790 2176 886 2232 per
908 2160 1106 2222 Filium
1136 2171 1405 2233 quatenus
1427 2162 1631 2231 opifex.
1660 2161 1846 2233 Neque
1866 2163 1988 2219 ideo
2017 2179 2166 2220 com-

574 2253 787 2321 positus
828 2261 951 2309 est:
991 2252 1152 2309 unius
1179 2252 1326 2307 enim
1378 2261 1588 2307 naturae
1642 2251 1866 2309 effectus
1917 2253 1969 2308 hi
2013 2264 2161 2309 sunt.

576 2344 783 2401 Eadem
833 2358 961 2400 vero
989 2344 1129 2401 ratio
1175 2353 1259 2400 est
1290 2344 1419 2400 boni
1450 2386 1465 2413 ,
1509 2343 1834 2400 immortalis
1878 2352 1934 2401 et
1981 2346 2165 2400 invisi-

580 2434 723 2497 bilis.
779 2444 943 2506 atque
990 2434 1217 2491 aliorum
1256 2433 1594 2505 eiuscctnodi
1649 2449 1770 2506 qua:
1816 2434 2011 2491 divinae
2065 2450 2164 2490 na-

581 2534 714 2579 turae
752 2524 963 2580 insunt.

1246 2638 1474 2699 ALIUD.

974 2750 1061 2804 Ea:
1086 2751 1372 2821 objectione
1405 2753 1675 2829 Euugmii.

648 2861 825 2917 Dicite
862 2862 1037 2929 nobis,
1068 2862 1263 2933 inquit,
1312 2878 1431 2931 vos,
1468 2867 1560 2936 qui
1604 2866 1802 2922 Filium
1845 2867 2009 2921 vultis
2044 2882 2166 2925 esse

576 2953 921 3025 splendorem
980 2953 1183 3022 Patris,
1222 2956 1483 3025 quidnam
1519 2957 1864 3015 existimatis.
1896 2959 2164 3026 Quaestio-

576 3046 663 3102 nis
688 3055 870 3103 autem
901 3046 1038 3103 ratio
1066 3047 1181 3103 haec
1196 3055 1317 3103 est:
1349 3046 1574 3110 Lumen,
1594 3047 1711 3104 sive
1740 3048 1901 3119 ignis,
1929 3049 2164 3119 exempli

576 3137 770 3209 gratia,
788 3138 842 3193 in
856 3136 1075 3193 lucerna
1092 3140 1320 3206 positus,
1346 3138 1614 3195 exteriora
1626 3139 1738 3215 eo
1752 3134 2035 3208 illuminat;
2051 3142 2168 3211 ipse

2265 1977 2382 2047 ἤτοι
2428 1975 2667 2049 θέλησιν,
2712 1980 2873 2050 ὁρᾶτε
2908 1980 3226 2037 καὶτοῦτο·
3278 1982 3431 2053 Ἔχει
3474 1982 3536 2036 τὸ
3585 1985 3783 2056 γεννᾷν
3822 1984 3855 2037 ὁ

2266 2067 2457 2140 Πατὴρ
2477 2069 2746 2138 φυσικῶς,
2770 2069 2884 2142 ἔχει
2908 2073 3003 2126 καί
3024 2071 3087 2126 τὸ
3114 2071 3323 2141 κτίζειν
3341 2073 3410 2127 δι’
3434 2073 3567 2127 Υἰοῦ
3584 2074 3650 2146 δη
3660 2091 3855 2147 μιουρ-

2276 2159 2473 2227 γικῶς,
2503 2159 2597 2214 καὶ
2620 2160 2682 2213 οὺ
2714 2161 2865 2233 παρὰ
2893 2162 3052 2218 τοῦτο
3085 2163 3340 2229 σύνθετός
3367 2166 3517 2219 ἐστι’
3565 2167 3698 2238 μιᾶς
3741 2168 3858 2237 γὰρ

2266 2247 2480 2315 φύσεως
2522 2248 2595 2303 τὰ
2637 2251 2862 2306 τοιαῦτα
2900 2254 3133 2325 καρπός.
3182 2255 3243 2310 Ὀ
3285 2256 3342 2310 δὲ
3384 2256 3549 2321 αὐτὸς
3582 2258 3857 2329 κρατήσει

2265 2338 2424 2409 λόγος
2451 2341 2547 2395 ὲπί
2571 2360 2631 2396 τε
2660 2343 2758 2398 τοῦ
2792 2344 2999 2413 ἀγαθοῦ
3029 2347 3124 2401 xal
3157 2347 3439 2422 ἀφθάρτου
3469 2349 3566 2404 καὶ
3588 2349 3857 2421 ἀοράτου,

2267 2433 2360 2486 καὶ
2382 2432 2483 2487 ὅσα
2513 2433 2775 2505 πρόσεστι
2805 2440 2871 2510 τῇ
2904 2436 3025 2510 θείᾳ
3050 2439 3232 2509 φύσει.

2947 2636 3153 2691 ᾹΔΛΟ.

2534 2744 2625 2810 Ὠς
2656 2744 2725 2811 ἐξ
2757 2745 3117 2814 ἀντιθέσεως
3145 2746 3264 2800 τῶν
3289 2746 3611 2820 Εὐνομίαν.

2336 2854 2562 2921 Εἴπατε,
2591 2856 2778 2927 φησὶν,
2807 2858 2963 2929 ἡμῖν,
2993 2859 3043 2912 οἰ
3071 2860 3414 2933 ἀπαύγασμα
3440 2863 3697 2934 λέγοντες
3719 2861 3866 2925 εἶναι

2265 2942 2360 2999 τοῦ
2392 2945 2605 3017 Πατρδς
2633 2947 2725 3000 τὸν
2770 2947 2919 3013 Υἱὺν,
2946 2949 3001 3005 τί
3041 2967 3173 3005 ποτε
3212 2951 3321 3025 ἄρα
3363 2954 3670 3024 λογίζεσθε.
3712 2956 3777 3013 '0
3805 2959 3866 3013 δὲ

2266 3033 2365 3105 τῆς
2394 3037 2714 3107 ἐρωτήσεως
2741 3039 2960 3110 τρόπος,
2994 3033 3150 3106 οὗτος
3169 3060 3184 3077 ’
3216 3044 3289 3098 Τὸ
3323 3046 3439 3123 φῶς
3477 3048 3598 3120 ἦτοι
3626 3048 3689 3107 τὸ
3721 3051 3863 3124 πῦρ,

2268 3125 2401 3197 φέρε
2431 3128 2628 3194 εἰπεῖν,
2663 3129 2723 3186 ἐν
2768 3130 2945 3204 λύχνῳ
2982 3133 3234 3204 κείμενον
3285 3137 3513 3206 φωτίζει
3558 3139 3628 3193 τὰ
3672 3140 3865 3212 ἐκτὸς,

578 3245 707 3285 vero
728 3244 833 3287 non
862 3227 1046 3285 omnia
1072 3229 1278 3299 implet,
1307 3229 1402 3285 sed
1434 3228 1487 3287 in
1516 3230 1641 3287 loco
1660 3231 1799 3286 situs
1825 3241 1929 3296 est.
1948 3242 2002 3286 et
2022 3232 2162 3287 circa

2268 3215 2384 3271 ἀλλ’
2427 3216 2560 3293 αὐτὸ
2603 3217 2701 3289 μὲν
2733 3219 2794 3273 οὐ
2822 3221 2999 3276 πάντα
3031 3223 3263 3297 πληροῖ,
3302 3228 3477 3286 κεῖται
3507 3228 3565 3282 δὲ
3596 3230 3655 3287 ὲν
3679 3231 3865 3306 τόπῳ,

574 3336 639 3378 ea
674 3337 798 3392 quae
830 3322 1076 3377 exterius
1108 3331 1259 3386 sunt,
1292 3331 1354 3378 ut
1382 3320 1514 3388 dixi,
1540 3321 1659 3391 ejus
1691 3320 2014 3381 illuminatio
2045 3337 2167 3377 ver-

577 3423 750 3469 satur.
776 3413 837 3468 Si
884 3415 1048 3484 igitur
1082 3412 1266 3470 lumen
1310 3427 1437 3470 ease
1481 3414 1666 3471 dicitis
1694 3413 1934 3479 Patrem,
1976 3414 2164 3484 splen-

576 3507 769 3562 dorem
794 3522 926 3561 vero
950 3506 1046 3577 qui
1072 3522 1137 3562 ex
1169 3505 1374 3563 lumine
1406 3506 1667 3578 gignitur,
1689 3506 1906 3572 Filium,
1943 3519 2167 3565 necesse

575 3608 665 3655 est
687 3598 843 3655 fateri
875 3599 1166 3654 essentiam
1193 3596 1373 3654 Patris
1414 3598 1597 3655 omnia
1642 3597 1870 3666 implere
1906 3611 2015 3655 non
2039 3611 2169 3666 pos-

575 3706 656 3759 se,
687 3701 747 3745 ut
795 3692 946 3749 locus
974 3690 1318 3761 relinquatur
1347 3690 1628 3760 splendori
1652 3689 1742 3759 qui
1777 3704 1847 3745 ex
1870 3689 1988 3759 ipso
2014 3689 2167 3745 emit-

578 3780 727 3836 titur.
761 3782 818 3836 Si
847 3796 977 3837 vero
1005 3781 1188 3837 omnia
1219 3781 1407 3853 implet
1428 3779 1609 3847 Pater,
1642 3780 1862 3841 ubinam
1900 3779 2166 3838 consistet

574 3874 810 3933 essentia
845 3872 1175 3945 geniminis?

1088 3984 1296 4041 Salutio
1335 3986 1661 4057 objectionis.

647 4100 703 4156 Si
737 4100 790 4157 in
829 4101 946 4156 loco
983 4102 1262 4161 constituit
1290 4101 1535 4166 Patrem,
1565 4108 1621 4156 et
1659 4099 1884 4170 perinde
1911 4114 1977 4155 ac
2031 4114 2161 4156 cor-

574 4208 674 4263 pus
707 4193 957 4264 progredi
989 4193 1282 4261 existimat,
1308 4198 1519 4263 quaerat
1547 4189 1711 4245 etiam
1768 4190 2025 4261 genimiui
2082 4190 2164 4245 lo-

572 4300 720 4340 cum.
747 4283 805 4337 Si
835 4298 960 4339 vero
986 4282 1167 4338 Patris
1198 4284 1434 4338 essentia
1472 4296 1580 4336 non
1632 4280 1882 4337 consistit
1922 4283 1976 4336 in
2039 4281 2161 4338 loco

573 4376 595 4449 ί
625 4391 792 4447 neque
824 4377 968 4435 enim
1008 4375 1261 4430 divinitas
1309 4373 1429 4428 loco
1456 4371 1830 4428 circumscribi
1890 4382 2067 4442 potest
2096 4373 2116 4446 )
2143 4415 2158 4442 ,

573 4479 672 4519 cur
724 4478 784 4520 se
821 4471 1035 4535 torquet
1058 4465 1118 4519 in
1162 4463 1327 4518 rebus
1360 4475 1479 4531 qua:
1529 4459 1675 4515 nulla
1723 4464 2022 4533 quastione
2078 4465 2161 4519 in-

2266 3307 2360 3360 καὶ
2387 3308 2516 3380 περί
2540 3308 2608 3364 τὰ
2632 3310 2808 3378 ὲκτὺς,
2840 3312 3094 3386 καθάπερ
3121 3316 3367 3388 εἴπομεν,
3392 3321 3420 3372 6
3448 3318 3508 3384 ἐξ
3538 3319 3708 3375 αὐτοῦ
3745 3341 3869 3394 φω-

2263 3399 2458 3469 τισμὸς
2503 3401 2772 3472 γίγνεται.
2810 3406 2876 3460 El
2903 3407 3080 3463 τοίνυν
3113 3408 3231 3477 φῶς
3262 3409 3363 3482 μὲν
3400 3406 3543 3471 εἶναί
3586 3430 3733 3483 φατε
3765 3415 3868 3472 τὸν

2266 3489 2511 3562 Πατέρα,
2539 3492 2603 3546 ὲκ
2637 3494 2815 3564 φωτὸς
2843 3495 2899 3550 δὲ
2928 3496 3270 3577 ἀπαύγασμα
3315 3500 3409 3557 τὸν
3450 3501 3600 3570 Υίδν,
3632 3503 3867 3578 ἀνάγκη

2264 3579 2444 3650 λέγειν
2474 3583 2568 3639 τοῦ
2596 3586 2810 3659 Πατρός
2842 3587 2940 3660 τήν
2969 3589 3157 3644 οὐσίαν
3188 3590 3548 3663 μὴδύνασθαι
3575 3595 3644 3650 τὰ
3669 3596 3869 3654 πάντα

2267 3672 2531 3746 πληροῦν,
2571 3675 2658 3731 ἵνα
2694 3677 2858 3733 τόπον
2889 3679 3002 3751 ἔχοι
3027 3681 3122 3734 καὶ
3148 3668 3399 3756 χωρῆσαί
3426 3703 3517 3743 ποι
3542 3676 3774 3745 δύναιτο
3805 3690 3871 3746 τδ

2265 3764 2327 3830 ὲξ
2346 3765 2527 3857 αὐτοῦ
2555 3769 2908 3841 πεμπόμενον
2931 3772 3293 3847 ἀπαύγασμα.
3323 3776 3387 3831 El
3413 3778 3473 3832 δὲ
3506 3780 3687 3835 πάντα
3718 3783 3873 3857 πλή-

2269 3856 2354 3927 ροῖ
2379 3858 2408 3911 6
2446 3858 2655 3931 Πατὴρ,
2686 3859 2791 3913 ποῦ
2820 3864 3071 3936 χωρήσει
3092 3864 3186 3919 τοῦ
3217 3868 3560 3940 γεννήματος
3589 3872 3624 3944 ή
3659 3856 3871 3944 οὐσία,

2750 3975 2909 4047 Πρὸς
2936 3977 3126 4035 ταῦτα
3158 3981 3360 4048 λύσις.

2333 4083 2401 4138 Εἰ
2444 4084 2543 4155 μὲν
2580 4087 2643 4141 ἐν
2671 4086 2824 4160 τόπῳ
2852 4088 3035 4160 τίθησι
3060 4090 3153 4147 τὸν
3184 4093 3431 4166 Πατέρα,
3472 4096 3569 4151 καὶ
3596 4097 3876 4173 καθάπερ

2261 4192 2317 4230 τι
2350 4176 2511 4249 σῶμα
2539 4179 2837 4250 χωρεῐσθαι
2883 4181 3154 4253 βούλεται,
3197 4184 3435 4257 ζητείτω
3471 4188 3569 4242 καὶ
3608 4190 3691 4261 τῷ
3733 4210 3874 4262 γεν-

2261 4272 2463 4344 νήματι
2489 4272 2675 4327 τόπον.
2701 4274 2767 4328 Εἰ
2791 4273 2850 4327 δὲ
2878 4276 2980 4330 οὐκ
3004 4276 3063 4331 ἑν
3091 4277 3241 4350 τόπῳ
3260 4278 3356 4334 τοῦ
3380 4281 3597 4352 Πατρὸς
3625 4285 3659 4354 ή
3694 4285 3880 4341 οὐσία

2262 4363 2345 4435 (οὐ
2380 4363 2492 4435 γὰρ
2519 4364 2671 4436 τόπῳ
2699 4366 3042 4438 περιληπτὸν
3069 4368 3133 4422 τὸ
3170 4369 3358 4443 θεῖον),
3388 4372 3447 4425 τί
3477 4373 3657 4446 μάτην
3688 4392 3875 4448 παρι-

2262 4454 2558 4527 εργάζεται
2584 4456 2655 4510 τὰ
2694 4457 2969 4529 μηδεμίαν
3007 4458 3204 4530 ἔχοντα
3242 4461 3494 4535 ζήτησιν,
3537 4465 3636 4520 καὶ
3673 4468 3877 4541 τολμᾷ

575 4557 782 4628 digent,
820 4559 1091 4626 audetque
1127 4556 1308 4610 dicere
1340 4571 1356 4609 :
1386 4552 1638 4619 Quonam
1668 4555 1863 4609 evadet
1888 4554 2017 4610 Filii
2080 4568 2161 4611 es-

2267 4546 2448 4616 λέγειν
2472 4564 2487 4579 ο
2518 4547 2632 4602 Ιίσῦ
2656 4550 2902 4621 χωρήσει
2939 4551 3035 4605 τοῦ
3062 4554 3401 4625 γεννήματος
3431 4558 3464 4628 ή
3494 4557 3674 4622 ούσία,
3709 4559 3877 4630 πλη-

574 4644 775 4706 sentia,
814 4658 938 4699 cum
964 4642 1129 4697 Pater
1152 4639 1336 4697 omnia
1362 4641 1866 4712 repleat?Apparet
1896 4644 2081 4715 itaque
2107 4654 2161 4702 et

571 4740 657 4788 est
694 4730 857 4789 Pater
894 4732 948 4789 in
988 4730 1149 4798 Filio,
1194 4737 1250 4785 et
1286 4729 1461 4791 Filius
1500 4731 1555 4786 in
1600 4730 1788 4798 Patre,
1819 4746 1927 4788 non
1974 4741 2158 4791 tamen

576 4834 637 4884 ut
664 4827 803 4887 idem
828 4826 1179 4891 exsistentes,
1208 4838 1385 4894 neque
1414 4834 1477 4891 ut
1517 4840 1682 4882 unum
1747 4841 1995 4885 numero.
2062 4829 2162 4885 Est

573 4916 906 4975 mim‘Pater
931 4918 984 4972 in
1015 4932 1111 4972 sua
1139 4917 1495 4986 proprietate,
1535 4926 1590 4972 et
1623 4926 1708 4979 est
1748 4917 1921 4977 Filius
1977 4920 2031 4979 in
2075 4936 2162 4993 pe.

572 5010 765 5067 euliari
806 5026 903 5067 sua
951 5009 1301 5079 proprietate,
1328 5009 1471 5065 hanc
1500 5010 1670 5065 solam
1696 5025 1726 5064 a
1786 5010 1952 5067 Patre
2007 5010 2163 5068 διατι.

574 5102 803 5157 rentiam
861 5101 1088 5165 Italicus,
1122 5098 1265 5169 quod
1318 5098 1480 5155 Pater
1521 5100 1738 5169 quidem
1771 5115 1868 5172 per
1922 5116 1987 5159 se
2028 5114 2111 5159 est
2141 5143 2158 5173 ,

573 5207 750 5263 neque
789 5200 874 5248 est
912 5189 1127 5254 Filius;
1185 5189 1356 5247 Filius
1382 5190 1546 5249 etiam
1584 5206 1682 5262 per
1728 5208 1794 5267 se
1847 5203 1953 5263 est,
1985 5210 2160 5266 neque

2267 4637 2486 4708 ροῦντος
2529 4639 2599 4692 τὰ
2629 4641 2810 4696 πάντα
2844 4641 2940 4696 τοῦ
2980 4644 3229 4717 Πατρός;
3272 4646 3526 4703 Φαίνεται
3571 4649 3672 4720 μὲν
3703 4647 3813 4707 οὗν
3844 4655 3878 4709 6

2261 4730 2453 4803 Πατὴρ
2481 4731 2573 4785 καὶ
2595 4730 2741 4786 ἔστιν
2770 4733 2828 4787 ὲν
2861 4733 2997 4806 Υίῷ,
3027 4737 3122 4791 καὶ
3151 4736 3280 4803 Υίδς
3315 4739 3375 4793 ὲν
3403 4740 3578 4811 Πατρί
3598 4758 3612 4773 ·
3641 4742 3751 4815 οὐχ
3787 4745 3876 4810 ὡς

2259 4819 2459 4874 ταυτὸν
2491 4818 2549 4873 δὲ
2595 4819 2769 4886 ὄντες,
2799 4822 2920 4876 οὐδὲ
2961 4822 3036 4887 ὡς
3086 4822 3145 4879 ἓν
3188 4825 3429 4900 ἀριθμῷ.
3462 4830 3620 4883 Ἔστι
3664 4831 3793 4905 γὰρ
3843 4835 3876 4888 6

2262 4907 2452 4980 Πατὴρ
2483 4910 2541 4962 ὲν
2569 4912 2639 4982 τῇ
2665 4908 2831 4964 αὐτοῦ
2862 4911 3118 4983 ἰδιότητι·
3149 4914 3244 4970 καὶ
3280 4914 3430 4972 ἔστιν
3466 4919 3495 4971 6
3522 4918 3653 4984 Υἱὸς
3696 4921 3768 4975 ὲν
3795 4926 3875 4995 τῇ

2266 5000 2372 5073 ἰδίᾳ
2406 5000 2647 5073 ἰδιότητι,
2674 5002 2879 5075 ταύτην
2909 5003 3047 5075 ἔχων
3077 5007 3246 5080 μόνην
3276 5009 3415 5080 πρὸς
3450 5009 3544 5065 τὸν
3579 5010 3881 5088 Γεγεννη-

2261 5090 2398 5145 κότα
2438 5091 2540 5163 τὴν
2576 5092 2841 5164 διαφοράν
2861 5111 2875 5125 ·
2916 5094 2945 5147 6
2972 5095 3074 5166 μὲν
3107 5096 3217 5170 γὰρ
3241 5099 3455 5172 Πατὴρ,
3501 5100 3625 5155 καθ’
3651 5103 3879 5161 ἑαυτόν

2260 5183 2397 5249 ἐστι,
2423 5184 2517 5238 καὶ
2542 5184 2643 5238 οὐκ
2667 5182 2814 5238 ἔστιν
2842 5186 3001 5258 mg;
3032 5191 3061 5244 6
3080 5190 3139 5244 δὲ
3168 5188 3297 5256 Υἱὸς
3322 5191 3445 5246 καθ’
3468 5192 3660 5247 ἑαυτόν
3706 5193 3881 5263 ἐστι,

2259 5276 2355 5329 καὶ
2400 5275 2502 5329 οὐκ
2547 5275 2663 5329 ἔστι
2704 5277 2921 5351 Πατήρ.
2982 5280 3142 5337 Ἀλλὰ
3181 5282 3322 5337 κατὰ
3365 5280 3524 5339 τοῦτο
3564 5284 3739 5355 μόνον
3792 5290 3883 5358 ὡς

2258 5365 2396 5438 πρὸς
2445 5366 2537 5421 τὸν
2592 5366 2814 5439 Πατέρα
2856 5371 2954 5442 τὴν
2999 5372 3282 5447 διαστολὴν
3330 5373 3493 5446 ἔχων,
3540 5377 3701 5449 φέρει
3760 5381 3880 5452 μὲν

2257 5459 2390 5513 αὐτὸ
2418 5459 2519 5531 τῆς
2548 5462 2820 5533 πατρικῆς
2846 5461 3062 5533 φύσεως
3096 5463 3159 5518 τὸ
3195 5465 3414 5538 ἰδίωμα,
3454 5464 3651 5521 ἔστιδὲ
3678 5469 3880 5528 πάλιν

2256 5550 2314 5603 ἐν
2354 5548 2433 5621 τῷ
2478 5552 2673 5624 Ila-:91,
2704 5551 2898 5625 ,ὥσπερ
2940 5556 3001 5609 τὸ
3045 5557 3110 5610 ἐκ
3150 5554 3244 5610 τοῦ
3285 5557 3437 5629 ήλίου
3485 5557 3881 5630 πεμπόμενον

2256 5642 2618 5717 ἀπαύγασμα,
2644 5647 2860 5717 πρόεισι
2888 5645 2987 5718 μὲν
3009 5647 3073 5714 ἐξ
3104 5648 3293 5717 αὑτοῦ,
3327 5649 3514 5723 ἕτερον
3540 5649 3596 5706 δέ
3624 5667 3677 5704 τι
3716 5660 3884 5723 παρ’

2256 5737 2420 5797 αὐτόν
2452 5740 2620 5801 ἐστιν,
2649 5735 2708 5791 ἒν
2751 5738 2892 5793 κατὰ
2939 5737 3103 5811 φύσιν
3147 5741 3410 5816 ὑπάρχον.
3444 5741 3518 5795 Τὸ
3560 5742 3659 5813 μὲν
3712 5745 3878 5819 γὰρ,

2256 5834 2407 5904 ἥλιος
2428 5871 2442 5899 ,
2466 5832 2526 5886 τὸ
2558 5831 2635 5900 δὲ,
2666 5830 3027 5905 ἀπαύγασμα.
3061 5835 3153 5889 Ὢν
3187 5830 3519 5908 οὖνεηατήρ,
3547 5833 3884 5908 ἀπηὺγασε

573 5294 657 5341 est
700 5282 884 5345 Pater.
912 5282 1018 5338 Sed
1069 5282 1173 5339 hac
1219 5282 1436 5352 quidem
1483 5283 1600 5339 sola
1640 5284 1941 5343 diderentia
1994 5304 2024 5343 a
2056 5288 2159 5343 Pa-

576 5384 662 5430 tre
704 5373 1014 5440 distinctus,
1060 5373 1307 5431 eamdem
1338 5374 1504 5431 habet
1531 5385 1768 5446 paterna:
1802 5388 2008 5437 natum
2037 5395 2159 5450 pro-

575 5466 897 5541 prietatem;
955 5476 1144 5536 estque
1213 5481 1407 5529 rursus
1457 5468 1509 5529 in
1558 5467 1758 5533 Patre,
1805 5472 2156 5542 quemadmo-

573 5557 702 5613 dum
727 5553 981 5623 splendor
1006 5555 1095 5628 qui
1122 5570 1154 5612 e
1190 5555 1304 5612 sole
1344 5556 1630 5623 emittitur,
1662 5557 1753 5628 qui
1781 5558 1998 5629 quidem
2030 5574 2155 5628 pro-

576 5646 724 5705 cedit
764 5660 832 5700 ex
862 5645 997 5716 ipso,
1028 5647 1172 5707 aliud
1193 5645 1469 5718 quidpiam
1502 5647 1572 5705 ab
1613 5648 1749 5718 ipso,
1779 5661 1943 5706 unum
1973 5656 2152 5702 tamen

576 5748 769 5795 natura
783 5738 1073 5815 exsistens.
1092 5738 1227 5795 Nam
1243 5740 1348 5795 hoc
1365 5747 1450 5795 est
1465 5738 1567 5805 sol,
1587 5738 1716 5797 illud
1732 5754 1860 5795 vero
1872 5738 2147 5809 splendor.

578 5830 737 5888 Pater
767 5832 947 5896 itaque
972 5832 1245 5892 exsistens
1271 5830 1453 5888 emisit
1493 5829 1697 5900 lumen,
1724 5827 1920 5887 Filium
1945 5870 1961 5900 ,
1993 5830 2145 5902 sigilo

4044 2614 4048 2657 ξ

4042 2706 4048 2743 ι

4040 2798 4047 2849 l

4042 2880 4048 2931 ί

4042 2990 4048 3025 l

4039 3080 4048 3121 ι

4039 3172 4048 3211 ι

4042 3258 4048 3319 l

4042 3366 4048 3403 ί

4036 3456 4048 3497 ι

4041 3554 4048 3589 1

4038 3642 4048 3683 t

4038 3732 4048 3775 ι
