  <div class='ocr_page' id='page_1' title='image "/cluster/home/n/w/nwhite01/storage/ocr_20150623/75:no.8/coo.31924054869767/058.png"; bbox 0 0 4106 6430; ppageno 0'>
   <div class='ocr_carea' id='block_1_1' title="bbox 255 393 2148 454">
    <p class='ocr_par' dir='ltr' id='par_1_1' title="bbox 255 393 2148 454">
     <span class='ocr_line' id='line_1_1' title="bbox 255 393 2148 454; baseline -0.002 0"><span class='ocrx_word' id='word_1_1' title='bbox 255 398 347 454; x_wconf 70' lang='grc' dir='ltr'><strong>ιοι</strong></span> <span class='ocrx_word' id='word_1_2' title='bbox 1703 393 2079 454; x_wconf 60' lang='grc' dir='ltr'>τηιςελυιιι]</span> <span class='ocrx_word' id='word_1_3' title='bbox 2092 396 2148 450; x_wconf 90' lang='lat' dir='ltr'><strong>S.</strong></span> 
     </span>
    </p>
   </div>
   <div class='ocr_carea' id='block_1_2' title="bbox 3451 400 3556 454">
    <p class='ocr_par' dir='ltr' id='par_1_2' title="bbox 3451 400 3556 454">
     <span class='ocr_line' id='line_1_2' title="bbox 3451 400 3556 454; baseline -0.01 -6"><span class='ocrx_word' id='word_1_4' title='bbox 3451 400 3556 454; x_wconf 65' lang='grc' dir='ltr'><strong>11)τῖ</strong></span> 
     </span>
    </p>
   </div>
   <div class='ocr_carea' id='block_1_3' title="bbox 251 507 1863 582">
    <p class='ocr_par' dir='ltr' id='par_1_3' title="bbox 251 510 1863 582">
     <span class='ocr_line' id='line_1_3' title="bbox 251 510 1863 582; baseline -0.001 -18"><span class='ocrx_word' id='word_1_5' title='bbox 251 513 342 564; x_wconf 66' lang='grc' dir='ltr'><strong>τὸν</strong></span> <span class='ocrx_word' id='word_1_6' title='bbox 377 510 529 570; x_wconf 77' lang='grc' dir='ltr'>Υξὸν,</span> <span class='ocrx_word' id='word_1_7' title='bbox 586 511 871 580; x_wconf 64' lang='grc' dir='ltr'>σφραγῖδα</span> <span class='ocrx_word' id='word_1_8' title='bbox 907 511 1002 563; x_wconf 70' lang='grc' dir='ltr'>καὶ</span> <span class='ocrx_word' id='word_1_9' title='bbox 1045 511 1226 565; x_wconf 81' lang='grc' dir='ltr'>εξκόνα</span> <span class='ocrx_word' id='word_1_10' title='bbox 1267 512 1363 582; x_wconf 78' lang='grc' dir='ltr'><strong>τῆς</strong></span> <span class='ocrx_word' id='word_1_11' title='bbox 1411 514 1602 568; x_wconf 69' lang='grc' dir='ltr'><strong>ἑαυτοῦ</strong></span> <span class='ocrx_word' id='word_1_12' title='bbox 1655 513 1863 581; x_wconf 69' lang='grc' dir='ltr'>φύσεως</span> 
     </span>
    </p>
   </div>
   <div class='ocr_carea' id='block_1_4' title="bbox 1969 507 3554 582">
    <p class='ocr_par' dir='ltr' id='par_1_4' title="bbox 1973 507 3554 582">
     <span class='ocr_line' id='line_1_4' title="bbox 1973 507 3554 582; baseline 0.003 -23"><span class='ocrx_word' id='word_1_13' title='bbox 1973 509 2079 560; x_wconf 91' lang='lat' dir='ltr'><strong>lum</strong></span> <span class='ocrx_word' id='word_1_14' title='bbox 2111 518 2164 562; x_wconf 87' lang='lat' dir='ltr'><strong>et</strong></span> <span class='ocrx_word' id='word_1_15' title='bbox 2219 507 2506 580; x_wconf 81' lang='lat' dir='ltr'><strong>imaginem</strong></span> <span class='ocrx_word' id='word_1_16' title='bbox 2551 511 3004 579; x_wconf 78' lang='lat' dir='ltr'><strong>perfectissimam</strong></span> <span class='ocrx_word' id='word_1_17' title='bbox 3058 527 3165 566; x_wconf 75' lang='lat' dir='ltr'><strong>sum</strong></span> <span class='ocrx_word' id='word_1_18' title='bbox 3233 510 3402 582; x_wconf 78' lang='lat' dir='ltr'><strong>ipsius</strong></span> <span class='ocrx_word' id='word_1_19' title='bbox 3457 529 3554 563; x_wconf 69' lang='lat' dir='ltr'><strong>na-</strong></span> 
     </span>
    </p>
   </div>
   <div class='ocr_carea' id='block_1_5' title="bbox 253 599 693 669">
    <p class='ocr_par' dir='ltr' id='par_1_5' title="bbox 253 599 693 669">
     <span class='ocr_line' id='line_1_5' title="bbox 253 599 693 669; baseline 0.002 -17"><span class='ocrx_word' id='word_1_20' title='bbox 253 599 693 669; x_wconf 56' lang='grc' dir='ltr'>άκᾳὸεστάτην.</span> 
     </span>
    </p>
   </div>
   <div class='ocr_carea' id='block_1_6' title="bbox 790 723 1370 811">
    <p class='ocr_par' dir='ltr' id='par_1_6' title="bbox 790 723 1370 811">
     <span class='ocr_line' id='line_1_6' title="bbox 790 723 1370 811; baseline -0.007 -2"><span class='ocrx_word' id='word_1_21' title='bbox 790 723 1164 811; x_wconf 89' lang='grc' dir='ltr'>ΛΟΓΟΣ</span> <span class='ocrx_word' id='word_1_22' title='bbox 1240 728 1370 808; x_wconf 90' lang='lat' dir='ltr'><strong>H’.</strong></span> 
     </span>
    </p>
   </div>
   <div class='ocr_carea' id='block_1_7' title="bbox 260 878 1865 951">
    <p class='ocr_par' dir='ltr' id='par_1_7' title="bbox 260 878 1865 951">
     <span class='ocr_line' id='line_1_7' title="bbox 260 878 1865 951; baseline 0 -17"><span class='ocrx_word' id='word_1_23' title='bbox 260 879 410 948; x_wconf 77' lang='grc' dir='ltr'>Πρὸς</span> <span class='ocrx_word' id='word_1_24' title='bbox 443 879 595 951; x_wconf 64' lang='grc' dir='ltr'>τοὺς</span> <span class='ocrx_word' id='word_1_25' title='bbox 631 878 960 948; x_wconf 74' lang='grc' dir='ltr'>λέγοντας,</span> <span class='ocrx_word' id='word_1_26' title='bbox 1001 880 1093 934; x_wconf 82' lang='grc' dir='ltr'>ὅτι</span> <span class='ocrx_word' id='word_1_27' title='bbox 1123 884 1194 934; x_wconf 81' lang='grc' dir='ltr'>οὐ</span> <span class='ocrx_word' id='word_1_28' title='bbox 1222 879 1302 946; x_wconf 84' lang='grc' dir='ltr'>τῷ</span> <span class='ocrx_word' id='word_1_29' title='bbox 1348 881 1550 950; x_wconf 75' lang='grc' dir='ltr'>Πατρί,</span> <span class='ocrx_word' id='word_1_30' title='bbox 1587 883 1748 937; x_wconf 78' lang='grc' dir='ltr'>ἀλλὰ</span> <span class='ocrx_word' id='word_1_31' title='bbox 1789 881 1865 951; x_wconf 72' lang='grc' dir='ltr'><strong>τῇ</strong></span> 
     </span>
    </p>
   </div>
   <div class='ocr_carea' id='block_1_8' title="bbox 420 950 1688 1020">
    <p class='ocr_par' dir='ltr' id='par_1_8' title="bbox 420 950 1688 1020">
     <span class='ocr_line' id='line_1_8' title="bbox 420 950 1688 1020; baseline -0.001 -15"><span class='ocrx_word' id='word_1_32' title='bbox 420 950 752 1016; x_wconf 63' lang='grc' dir='ltr'>,βουλήσει</span> <span class='ocrx_word' id='word_1_33' title='bbox 785 951 978 1008; x_wconf 76' lang='grc' dir='ltr'>αὐτοῦ</span> <span class='ocrx_word' id='word_1_34' title='bbox 1016 951 1220 1020; x_wconf 77' lang='grc' dir='ltr'>ὅμοιός</span> <span class='ocrx_word' id='word_1_35' title='bbox 1247 954 1418 1008; x_wconf 73' lang='grc' dir='ltr'>ἐστιν</span> <span class='ocrx_word' id='word_1_36' title='bbox 1455 957 1488 1007; x_wconf 86' lang='grc' dir='ltr'><strong>ό</strong></span> <span class='ocrx_word' id='word_1_37' title='bbox 1531 953 1688 1014; x_wconf 76' lang='grc' dir='ltr'>Υἱός.</span> 
     </span>
    </p>
   </div>
   <div class='ocr_carea' id='block_1_9' title="bbox 322 1063 1865 1135">
    <p class='ocr_par' dir='ltr' id='par_1_9' title="bbox 322 1063 1865 1135">
     <span class='ocr_line' id='line_1_9' title="bbox 322 1063 1865 1135; baseline 0.002 -19"><span class='ocrx_word' id='word_1_38' title='bbox 322 1063 534 1134; x_wconf 75' lang='grc' dir='ltr'>Πολλὴν</span> <span class='ocrx_word' id='word_1_39' title='bbox 564 1063 637 1117; x_wconf 75' lang='grc' dir='ltr'>ἂν</span> <span class='ocrx_word' id='word_1_40' title='bbox 663 1080 758 1126; x_wconf 84' lang='grc' dir='ltr'><strong>τις</strong></span> <span class='ocrx_word' id='word_1_41' title='bbox 784 1063 1016 1127; x_wconf 79' lang='grc' dir='ltr'><strong>εἰκότως</strong></span> <span class='ocrx_word' id='word_1_42' title='bbox 1049 1063 1305 1118; x_wconf 72' lang='grc' dir='ltr'>ἀϐουλίαν</span> <span class='ocrx_word' id='word_1_43' title='bbox 1332 1063 1442 1118; x_wconf 87' lang='grc' dir='ltr'><strong>τῶν</strong></span> <span class='ocrx_word' id='word_1_44' title='bbox 1482 1063 1865 1135; x_wconf 72' lang='grc' dir='ltr'>χριπομάχων</span> 
     </span>
    </p>
   </div>
   <div class='ocr_carea' id='block_1_10' title="bbox 255 1155 1865 1229">
    <p class='ocr_par' dir='ltr' id='par_1_10' title="bbox 255 1155 1865 1229">
     <span class='ocr_line' id='line_1_10' title="bbox 255 1155 1865 1229; baseline 0.001 -19"><span class='ocrx_word' id='word_1_45' title='bbox 255 1156 747 1228; x_wconf 52' lang='grc' dir='ltr'>καταθηφὶσαιτο,</span> <span class='ocrx_word' id='word_1_46' title='bbox 798 1155 836 1226; x_wconf 72' lang='grc' dir='ltr'>ἢ</span> <span class='ocrx_word' id='word_1_47' title='bbox 889 1157 1150 1226; x_wconf 70' lang='grc' dir='ltr'>λογιεῖται</span> <span class='ocrx_word' id='word_1_48' title='bbox 1197 1157 1374 1228; x_wconf 79' lang='grc' dir='ltr'>ὀρθῶς</span> <span class='ocrx_word' id='word_1_49' title='bbox 1420 1159 1728 1229; x_wconf 81' lang='grc' dir='ltr'>μαίνεσθαι,</span> <span class='ocrx_word' id='word_1_50' title='bbox 1775 1177 1865 1212; x_wconf 87' lang='grc' dir='ltr'>πι-</span> 
     </span>
    </p>
   </div>
   <div class='ocr_carea' id='block_1_11' title="bbox 257 1244 1866 1320">
    <p class='ocr_par' dir='ltr' id='par_1_11' title="bbox 257 1244 1866 1320">
     <span class='ocr_line' id='line_1_11' title="bbox 257 1244 1866 1320; baseline 0.002 -20"><span class='ocrx_word' id='word_1_51' title='bbox 257 1246 460 1300; x_wconf 79' lang='grc' dir='ltr'><strong>στεύων</strong></span> <span class='ocrx_word' id='word_1_52' title='bbox 480 1249 607 1310; x_wconf 87' lang='grc' dir='ltr'>τοῖς</span> <span class='ocrx_word' id='word_1_53' title='bbox 647 1246 754 1314; x_wconf 81' lang='grc' dir='ltr'>τῆς</span> <span class='ocrx_word' id='word_1_54' title='bbox 783 1245 1098 1318; x_wconf 82' lang='grc' dir='ltr'><strong>βουλήσεως</strong></span> <span class='ocrx_word' id='word_1_55' title='bbox 1133 1247 1226 1300; x_wconf 78' lang='grc' dir='ltr'>τοῦ</span> <span class='ocrx_word' id='word_1_56' title='bbox 1258 1248 1474 1319; x_wconf 82' lang='grc' dir='ltr'>Πατρδς</span> <span class='ocrx_word' id='word_1_57' title='bbox 1508 1249 1692 1320; x_wconf 76' lang='grc' dir='ltr'>ὅμοιον</span> <span class='ocrx_word' id='word_1_58' title='bbox 1727 1244 1866 1304; x_wconf 71' lang='grc' dir='ltr'>εἶναι</span> 
     </span>
    </p>
   </div>
   <div class='ocr_carea' id='block_1_12' title="bbox 254 1334 1867 1410">
    <p class='ocr_par' dir='ltr' id='par_1_12' title="bbox 254 1334 1867 1410">
     <span class='ocr_line' id='line_1_12' title="bbox 254 1334 1867 1410; baseline 0.003 -22"><span class='ocrx_word' id='word_1_59' title='bbox 254 1337 472 1405; x_wconf 78' lang='grc' dir='ltr'>λέγουσι</span> <span class='ocrx_word' id='word_1_60' title='bbox 500 1334 794 1398; x_wconf 69' lang='grc' dir='ltr'>τὸνοΥῑὸν,</span> <span class='ocrx_word' id='word_1_61' title='bbox 835 1335 940 1389; x_wconf 81' lang='grc' dir='ltr'>οὐκ</span> <span class='ocrx_word' id='word_1_62' title='bbox 984 1337 1137 1406; x_wconf 84' lang='grc' dir='ltr'><strong>αὐτῷ</strong></span> <span class='ocrx_word' id='word_1_63' title='bbox 1177 1337 1255 1406; x_wconf 84' lang='grc' dir='ltr'>τῷ</span> <span class='ocrx_word' id='word_1_64' title='bbox 1299 1338 1506 1410; x_wconf 86' lang='grc' dir='ltr'>Πατρί·</span> <span class='ocrx_word' id='word_1_65' title='bbox 1557 1339 1735 1392; x_wconf 86' lang='grc' dir='ltr'>καίτοι</span> <span class='ocrx_word' id='word_1_66' title='bbox 1769 1341 1867 1410; x_wconf 81' lang='grc' dir='ltr'>τῆς</span> 
     </span>
    </p>
   </div>
   <div class='ocr_carea' id='block_1_13' title="bbox 250 1427 1868 1505">
    <p class='ocr_par' dir='ltr' id='par_1_13' title="bbox 250 1427 1868 1505">
     <span class='ocr_line' id='line_1_13' title="bbox 250 1427 1868 1505; baseline 0.003 -24"><span class='ocrx_word' id='word_1_67' title='bbox 250 1429 401 1491; x_wconf 80' lang='grc' dir='ltr'><strong>θείας</strong></span> <span class='ocrx_word' id='word_1_68' title='bbox 424 1430 666 1499; x_wconf 56' lang='grc' dir='ltr'><strong>Γφφῆς</strong></span> <span class='ocrx_word' id='word_1_69' title='bbox 712 1428 777 1480; x_wconf 76' lang='grc' dir='ltr'>οὐ</span> <span class='ocrx_word' id='word_1_70' title='bbox 816 1427 1010 1482; x_wconf 79' lang='grc' dir='ltr'>τοῦτον</span> <span class='ocrx_word' id='word_1_71' title='bbox 1044 1429 1384 1501; x_wconf 79' lang='grc' dir='ltr'><strong>ἐκφερούσης</strong></span> <span class='ocrx_word' id='word_1_72' title='bbox 1423 1431 1551 1505; x_wconf 79' lang='grc' dir='ltr'>περὶ</span> <span class='ocrx_word' id='word_1_73' title='bbox 1579 1430 1746 1486; x_wconf 81' lang='grc' dir='ltr'>αὐτοῦ</span> <span class='ocrx_word' id='word_1_74' title='bbox 1775 1433 1868 1486; x_wconf 79' lang='grc' dir='ltr'>τὸν</span> 
     </span>
    </p>
   </div>
   <div class='ocr_carea' id='block_1_14' title="bbox 254 1520 1866 1594">
    <p class='ocr_par' dir='ltr' id='par_1_14' title="bbox 254 1520 1866 1594">
     <span class='ocr_line' id='line_1_14' title="bbox 254 1520 1866 1594; baseline 0.002 -19"><span class='ocrx_word' id='word_1_75' title='bbox 254 1523 396 1592; x_wconf 75' lang='grc' dir='ltr'>ὅρον,</span> <span class='ocrx_word' id='word_1_76' title='bbox 428 1521 550 1573; x_wconf 73' lang='grc' dir='ltr'>ἀλλ’</span> <span class='ocrx_word' id='word_1_77' title='bbox 573 1521 702 1573; x_wconf 72' lang='grc' dir='ltr'>οὐδὲ</span> <span class='ocrx_word' id='word_1_78' title='bbox 733 1520 909 1574; x_wconf 75' lang='grc' dir='ltr'>αὑτοῦ</span> <span class='ocrx_word' id='word_1_79' title='bbox 941 1520 1036 1574; x_wconf 76' lang='grc' dir='ltr'>τοῦ</span> <span class='ocrx_word' id='word_1_80' title='bbox 1070 1522 1322 1594; x_wconf 80' lang='grc' dir='ltr'><strong>Σωτῆρος</strong></span> <span class='ocrx_word' id='word_1_81' title='bbox 1346 1523 1595 1592; x_wconf 77' lang='grc' dir='ltr'>λέγοντος</span> <span class='ocrx_word' id='word_1_82' title='bbox 1616 1541 1630 1555; x_wconf 80' lang='grc'><em>’</em></span> <span class='ocrx_word' id='word_1_83' title='bbox 1675 1525 1732 1580; x_wconf 84' lang='grc' dir='ltr'>Ὀ</span> <span class='ocrx_word' id='word_1_84' title='bbox 1766 1526 1866 1579; x_wconf 78' lang='grc' dir='ltr'><strong>ἑω-</strong></span> 
     </span>
    </p>
   </div>
   <div class='ocr_carea' id='block_1_15' title="bbox 259 1609 1867 1686">
    <p class='ocr_par' dir='ltr' id='par_1_15' title="bbox 259 1609 1867 1686">
     <span class='ocr_line' id='line_1_15' title="bbox 259 1609 1867 1686; baseline 0.005 -24"><span class='ocrx_word' id='word_1_85' title='bbox 259 1611 436 1681; x_wconf 75' lang='grc' dir='ltr'>ρακὼς</span> <span class='ocrx_word' id='word_1_86' title='bbox 463 1610 594 1680; x_wconf 75' lang='grc' dir='ltr'>ἐμὲ,</span> <span class='ocrx_word' id='word_1_87' title='bbox 623 1610 846 1681; x_wconf 78' lang='grc' dir='ltr'>ἑώρακε</span> <span class='ocrx_word' id='word_1_88' title='bbox 874 1609 974 1682; x_wconf 75' lang='grc' dir='ltr'>τὴν</span> <span class='ocrx_word' id='word_1_89' title='bbox 1001 1609 1255 1682; x_wconf 77' lang='grc' dir='ltr'>βούλησιν</span> <span class='ocrx_word' id='word_1_90' title='bbox 1275 1611 1369 1666; x_wconf 81' lang='grc' dir='ltr'><strong>τοῦ</strong></span> <span class='ocrx_word' id='word_1_91' title='bbox 1395 1613 1629 1683; x_wconf 86' lang='grc' dir='ltr'>Πατρός.</span> <span class='ocrx_word' id='word_1_92' title='bbox 1671 1615 1867 1686; x_wconf 82' lang='grc' dir='ltr'>Ἐχρῆν</span> 
     </span>
    </p>
   </div>
   <div class='ocr_carea' id='block_1_16' title="bbox 254 1700 1860 1777">
    <p class='ocr_par' dir='ltr' id='par_1_16' title="bbox 254 1700 1860 1777">
     <span class='ocr_line' id='line_1_16' title="bbox 254 1700 1860 1777; baseline 0.005 -25"><span class='ocrx_word' id='word_1_93' title='bbox 254 1701 313 1752; x_wconf 81' lang='grc' dir='ltr'><em>δέ</em></span> <span class='ocrx_word' id='word_1_94' title='bbox 341 1718 404 1767; x_wconf 80' lang='grc' dir='ltr'>γε</span> <span class='ocrx_word' id='word_1_95' title='bbox 431 1700 530 1752; x_wconf 69' lang='grc' dir='ltr'><strong>τὸν</strong></span> <span class='ocrx_word' id='word_1_96' title='bbox 566 1701 805 1754; x_wconf 73' lang='grc' dir='ltr'>εἰπόντα</span> <span class='ocrx_word' id='word_1_97' title='bbox 828 1702 1071 1773; x_wconf 80' lang='grc' dir='ltr'>Χριστόν</span> <span class='ocrx_word' id='word_1_98' title='bbox 1093 1713 1106 1732; x_wconf 85' lang='grc'><em>⁴</em></span> <span class='ocrx_word' id='word_1_99' title='bbox 1135 1723 1154 1756; x_wconf 83' lang='grc' dir='ltr'><strong>ι</strong></span> <span class='ocrx_word' id='word_1_100' title='bbox 1202 1702 1342 1772; x_wconf 84' lang='grc' dir='ltr'><strong>Ἑγὼ</strong></span> <span class='ocrx_word' id='word_1_101' title='bbox 1367 1706 1484 1775; x_wconf 81' lang='grc' dir='ltr'>εἰμι</span> <span class='ocrx_word' id='word_1_102' title='bbox 1511 1708 1543 1776; x_wconf 83' lang='grc' dir='ltr'>ὴ</span> <span class='ocrx_word' id='word_1_103' title='bbox 1569 1706 1814 1777; x_wconf 76' lang='grc' dir='ltr'>ἀλήθεια,</span> <span class='ocrx_word' id='word_1_104' title='bbox 1843 1725 1860 1759; x_wconf 73' lang='grc' dir='ltr'><strong>ι</strong></span> 
     </span>
    </p>
   </div>
   <div class='ocr_carea' id='block_1_17' title="bbox 260 1793 1868 1869">
    <p class='ocr_par' dir='ltr' id='par_1_17' title="bbox 260 1793 1868 1869">
     <span class='ocr_line' id='line_1_17' title="bbox 260 1793 1868 1869; baseline 0.005 -25"><span class='ocrx_word' id='word_1_105' title='bbox 260 1793 338 1864; x_wconf 78' lang='grc' dir='ltr'>μὴ</span> <span class='ocrx_word' id='word_1_106' title='bbox 359 1793 436 1863; x_wconf 76' lang='grc' dir='ltr'>τῷ</span> <span class='ocrx_word' id='word_1_107' title='bbox 468 1795 654 1864; x_wconf 67' lang='grc' dir='ltr'>Πατρὶ</span> <span class='ocrx_word' id='word_1_108' title='bbox 695 1795 845 1848; x_wconf 75' lang='grc' dir='ltr'>κατὰ</span> <span class='ocrx_word' id='word_1_109' title='bbox 881 1795 1048 1864; x_wconf 80' lang='grc' dir='ltr'>φύσιν</span> <span class='ocrx_word' id='word_1_110' title='bbox 1076 1796 1269 1850; x_wconf 76' lang='grc' dir='ltr'>ἑαυτὸν</span> <span class='ocrx_word' id='word_1_111' title='bbox 1301 1797 1604 1869; x_wconf 77' lang='grc' dir='ltr'><strong>ἐξομοιοῦν,</strong></span> <span class='ocrx_word' id='word_1_112' title='bbox 1637 1802 1703 1869; x_wconf 80' lang='grc' dir='ltr'><strong>τῇ</strong></span> <span class='ocrx_word' id='word_1_113' title='bbox 1747 1798 1868 1868; x_wconf 80' lang='grc' dir='ltr'>βου-</span> 
     </span>
    </p>
   </div>
   <div class='ocr_carea' id='block_1_18' title="bbox 1971 608 2127 653">
    <p class='ocr_par' dir='ltr' id='par_1_18' title="bbox 1971 608 2127 653">
     <span class='ocr_line' id='line_1_18' title="bbox 1971 608 2127 653; baseline 0.006 -1"><span class='ocrx_word' id='word_1_114' title='bbox 1971 608 2127 653; x_wconf 68' lang='lat' dir='ltr'><strong>tura.</strong></span> 
     </span>
    </p>
   </div>
   <div class='ocr_carea' id='block_1_19' title="bbox 2285 729 3234 824">
    <p class='ocr_par' dir='ltr' id='par_1_19' title="bbox 2285 729 3234 824">
     <span class='ocr_line' id='line_1_19' title="bbox 2285 729 3234 824; baseline 0.002 -7"><span class='ocrx_word' id='word_1_115' title='bbox 2285 729 2860 824; x_wconf 78' lang='lat' dir='ltr'><strong>ASSERTIO</strong></span> <span class='ocrx_word' id='word_1_116' title='bbox 2954 735 3234 822; x_wconf 88' lang='lat' dir='ltr'><strong>Vlll.</strong></span> 
     </span>
    </p>
   </div>
   <div class='ocr_carea' id='block_1_20' title="bbox 2005 896 3524 972">
    <p class='ocr_par' dir='ltr' id='par_1_20' title="bbox 2005 896 3524 972">
     <span class='ocr_line' id='line_1_20' title="bbox 2005 896 3524 972; baseline 0.003 -22"><span class='ocrx_word' id='word_1_117' title='bbox 2005 897 2268 954; x_wconf 75' lang='lat' dir='ltr'><strong>Adversus</strong></span> <span class='ocrx_word' id='word_1_118' title='bbox 2286 896 2672 972; x_wconf 21' lang='lat' dir='ltr'><strong>dicentemﬂnon</strong></span> <span class='ocrx_word' id='word_1_119' title='bbox 2694 899 2867 972; x_wconf 52' lang='lat' dir='ltr'><strong>Patri.</strong></span> <span class='ocrx_word' id='word_1_120' title='bbox 2890 901 2980 954; x_wconf 78' lang='lat' dir='ltr'><strong>sed</strong></span> <span class='ocrx_word' id='word_1_121' title='bbox 3001 901 3260 956; x_wconf 78' lang='lat' dir='ltr'><strong>voluntati</strong></span> <span class='ocrx_word' id='word_1_122' title='bbox 3276 901 3392 972; x_wconf 84' lang='lat' dir='ltr'><strong>ejus</strong></span> <span class='ocrx_word' id='word_1_123' title='bbox 3449 901 3524 954; x_wconf 84' lang='lat' dir='ltr'><strong>si-</strong></span> 
     </span>
    </p>
   </div>
   <div class='ocr_carea' id='block_1_21' title="bbox 2469 969 3046 1025">
    <p class='ocr_par' dir='ltr' id='par_1_21' title="bbox 2469 969 3046 1025">
     <span class='ocr_line' id='line_1_21' title="bbox 2469 969 3046 1025; baseline 0.005 -3"><span class='ocrx_word' id='word_1_124' title='bbox 2469 969 2646 1023; x_wconf 64' lang='lat' dir='ltr'><strong>milem</strong></span> <span class='ocrx_word' id='word_1_125' title='bbox 2667 986 2779 1024; x_wconf 74' lang='lat' dir='ltr'><strong>esse</strong></span> <span class='ocrx_word' id='word_1_126' title='bbox 2815 969 3046 1025; x_wconf 66' lang='lat' dir='ltr'><strong>Filium.</strong></span> 
     </span>
    </p>
   </div>
   <div class='ocr_carea' id='block_1_22' title="bbox 2041 1079 3552 1150">
    <p class='ocr_par' dir='ltr' id='par_1_22' title="bbox 2041 1079 3552 1150">
     <span class='ocr_line' id='line_1_22' title="bbox 2041 1079 3552 1150; baseline 0.001 -15"><span class='ocrx_word' id='word_1_127' title='bbox 2041 1079 2232 1137; x_wconf 73' lang='lat' dir='ltr'><strong>Merito</strong></span> <span class='ocrx_word' id='word_1_128' title='bbox 2253 1081 2377 1150; x_wconf 86' lang='lat' dir='ltr'><strong>quis</strong></span> <span class='ocrx_word' id='word_1_129' title='bbox 2408 1095 2657 1150; x_wconf 83' lang='lat' dir='ltr'><strong>magnam</strong></span> <span class='ocrx_word' id='word_1_130' title='bbox 2685 1080 2920 1136; x_wconf 90' lang='lat' dir='ltr'><strong>hostium</strong></span> <span class='ocrx_word' id='word_1_131' title='bbox 2957 1081 3160 1137; x_wconf 76' lang='lat' dir='ltr'><strong>Christi</strong></span> <span class='ocrx_word' id='word_1_132' title='bbox 3191 1083 3552 1138; x_wconf 82' lang='lat' dir='ltr'><strong>temeritatem</strong></span> 
     </span>
    </p>
   </div>
   <div class='ocr_carea' id='block_1_23' title="bbox 1968 1170 3552 1242">
    <p class='ocr_par' dir='ltr' id='par_1_23' title="bbox 1968 1170 3552 1242">
     <span class='ocr_line' id='line_1_23' title="bbox 1968 1170 3552 1242; baseline 0.001 -18"><span class='ocrx_word' id='word_1_133' title='bbox 1968 1170 2206 1234; x_wconf 80' lang='lat' dir='ltr'><strong>damnet,</strong></span> <span class='ocrx_word' id='word_1_134' title='bbox 2239 1179 2330 1225; x_wconf 90' lang='lat' dir='ltr'><strong>aut</strong></span> <span class='ocrx_word' id='word_1_135' title='bbox 2383 1170 2584 1226; x_wconf 87' lang='lat' dir='ltr'><strong>rectius</strong></span> <span class='ocrx_word' id='word_1_136' title='bbox 2630 1171 2872 1226; x_wconf 83' lang='lat' dir='ltr'><strong>insanire</strong></span> <span class='ocrx_word' id='word_1_137' title='bbox 2915 1172 3119 1240; x_wconf 76' lang='lat' dir='ltr'><strong>indicet</strong></span> <span class='ocrx_word' id='word_1_138' title='bbox 3159 1187 3250 1228; x_wconf 90' lang='lat' dir='ltr'><strong>eos</strong></span> <span class='ocrx_word' id='word_1_139' title='bbox 3290 1173 3380 1242; x_wconf 84' lang='lat' dir='ltr'><strong>qui</strong></span> <span class='ocrx_word' id='word_1_140' title='bbox 3447 1188 3552 1226; x_wconf 86' lang='lat' dir='ltr'><strong>non</strong></span> 
     </span>
    </p>
   </div>
   <div class='ocr_carea' id='block_1_24' title="bbox 1971 1259 3553 1329">
    <p class='ocr_par' dir='ltr' id='par_1_24' title="bbox 1971 1259 3553 1329">
     <span class='ocr_line' id='line_1_24' title="bbox 1971 1259 3553 1329; baseline 0.002 -16"><span class='ocrx_word' id='word_1_141' title='bbox 1971 1262 2070 1328; x_wconf 92' lang='lat' dir='ltr'><strong>ipsi</strong></span> <span class='ocrx_word' id='word_1_142' title='bbox 2107 1261 2283 1327; x_wconf 88' lang='lat' dir='ltr'><strong>Patri,</strong></span> <span class='ocrx_word' id='word_1_143' title='bbox 2328 1262 2426 1316; x_wconf 85' lang='lat' dir='ltr'><strong>sed</strong></span> <span class='ocrx_word' id='word_1_144' title='bbox 2450 1260 2710 1315; x_wconf 86' lang='lat' dir='ltr'><strong>voluntati</strong></span> <span class='ocrx_word' id='word_1_145' title='bbox 2734 1261 2852 1329; x_wconf 83' lang='lat' dir='ltr'><strong>ejus</strong></span> <span class='ocrx_word' id='word_1_146' title='bbox 2903 1262 3133 1317; x_wconf 85' lang='lat' dir='ltr'><strong>similem</strong></span> <span class='ocrx_word' id='word_1_147' title='bbox 3182 1277 3304 1318; x_wconf 89' lang='lat' dir='ltr'><strong>esse</strong></span> <span class='ocrx_word' id='word_1_148' title='bbox 3359 1259 3553 1317; x_wconf 60' lang='lat' dir='ltr'><strong>Filium</strong></span> 
     </span>
    </p>
   </div>
   <div class='ocr_carea' id='block_1_25' title="bbox 1969 1351 3554 1422">
    <p class='ocr_par' dir='ltr' id='par_1_25' title="bbox 1969 1351 3554 1422">
     <span class='ocr_line' id='line_1_25' title="bbox 1969 1351 3554 1422; baseline 0.002 -18"><span class='ocrx_word' id='word_1_149' title='bbox 1969 1351 2344 1417; x_wconf 87' lang='lat' dir='ltr'><strong>contendunt,</strong></span> <span class='ocrx_word' id='word_1_150' title='bbox 2389 1366 2512 1407; x_wconf 86' lang='lat' dir='ltr'><strong>eum</strong></span> <span class='ocrx_word' id='word_1_151' title='bbox 2559 1351 2758 1421; x_wconf 78' lang='lat' dir='ltr'><strong>alioqui</strong></span> <span class='ocrx_word' id='word_1_152' title='bbox 2809 1367 2963 1408; x_wconf 84' lang='lat' dir='ltr'><strong>sacra</strong></span> <span class='ocrx_word' id='word_1_153' title='bbox 3002 1352 3280 1422; x_wconf 86' lang='lat' dir='ltr'><strong>Scriptura</strong></span> <span class='ocrx_word' id='word_1_154' title='bbox 3319 1369 3426 1408; x_wconf 80' lang='lat' dir='ltr'><strong>non</strong></span> <span class='ocrx_word' id='word_1_155' title='bbox 3483 1355 3554 1407; x_wconf 79' lang='lat' dir='ltr'><strong>it:</strong></span> 
     </span>
    </p>
   </div>
   <div class='ocr_carea' id='block_1_26' title="bbox 1970 1443 3560 1515">
    <p class='ocr_par' dir='ltr' id='par_1_26' title="bbox 1970 1443 3560 1515">
     <span class='ocr_line' id='line_1_26' title="bbox 1970 1443 3560 1515; baseline 0 -16"><span class='ocrx_word' id='word_1_156' title='bbox 1970 1445 2037 1499; x_wconf 90' lang='lat' dir='ltr'><strong>de</strong></span> <span class='ocrx_word' id='word_1_157' title='bbox 2110 1445 2226 1514; x_wconf 90' lang='lat' dir='ltr'><strong>ipso</strong></span> <span class='ocrx_word' id='word_1_158' title='bbox 2282 1445 2549 1510; x_wconf 83' lang='lat' dir='ltr'><strong>deﬁniat,</strong></span> <span class='ocrx_word' id='word_1_159' title='bbox 2602 1445 2696 1500; x_wconf 90' lang='lat' dir='ltr'><strong>sed</strong></span> <span class='ocrx_word' id='word_1_160' title='bbox 2757 1459 2932 1514; x_wconf 82' lang='lat' dir='ltr'><strong>neque</strong></span> <span class='ocrx_word' id='word_1_161' title='bbox 2998 1446 3112 1515; x_wconf 88' lang='lat' dir='ltr'><strong>ipse</strong></span> <span class='ocrx_word' id='word_1_162' title='bbox 3167 1443 3424 1500; x_wconf 78' lang='lat' dir='ltr'><strong>Servatur</strong></span> <span class='ocrx_word' id='word_1_163' title='bbox 3473 1447 3560 1499; x_wconf 81' lang='lat' dir='ltr'><strong>di-</strong></span> 
     </span>
    </p>
   </div>
   <div class='ocr_carea' id='block_1_27' title="bbox 1969 1535 3558 1603">
    <p class='ocr_par' dir='ltr' id='par_1_27' title="bbox 1969 1535 3558 1603">
     <span class='ocr_line' id='line_1_27' title="bbox 1969 1535 3558 1603; baseline 0.003 -13"><span class='ocrx_word' id='word_1_164' title='bbox 1969 1545 2056 1590; x_wconf 88' lang='lat' dir='ltr'><strong>cat</strong></span> <span class='ocrx_word' id='word_1_165' title='bbox 2093 1551 2107 1588; x_wconf 92' lang='lat'><strong>:</strong></span> <span class='ocrx_word' id='word_1_166' title='bbox 2150 1535 2250 1603; x_wconf 86' lang='lat' dir='ltr'><strong>Qui</strong></span> <span class='ocrx_word' id='word_1_167' title='bbox 2311 1537 2440 1590; x_wconf 89' lang='lat' dir='ltr'><strong>vidit</strong></span> <span class='ocrx_word' id='word_1_168' title='bbox 2501 1552 2586 1593; x_wconf 88' lang='lat' dir='ltr'><strong>me</strong></span> <span class='ocrx_word' id='word_1_169' title='bbox 2619 1578 2634 1601; x_wconf 94' lang='lat'><strong>,</strong></span> <span class='ocrx_word' id='word_1_170' title='bbox 2691 1539 2826 1594; x_wconf 85' lang='lat' dir='ltr'><strong>vidit</strong></span> <span class='ocrx_word' id='word_1_171' title='bbox 2880 1545 2935 1591; x_wconf 78' lang='lat' dir='ltr'><strong>ct</strong></span> <span class='ocrx_word' id='word_1_172' title='bbox 2988 1539 3325 1593; x_wconf 78' lang='lat' dir='ltr'><strong>voluntatem</strong></span> <span class='ocrx_word' id='word_1_173' title='bbox 3379 1538 3558 1594; x_wconf 78' lang='lat' dir='ltr'><strong>Patris</strong></span> 
     </span>
    </p>
   </div>
   <div class='ocr_carea' id='block_1_28' title="bbox 1965 1625 3557 1700">
    <p class='ocr_par' dir='ltr' id='par_1_28' title="bbox 1965 1625 3557 1700">
     <span class='ocr_line' id='line_1_28' title="bbox 1965 1625 3557 1700; baseline -0.001 -19"><span class='ocrx_word' id='word_1_174' title='bbox 1965 1627 2071 1700; x_wconf 78' lang='lat'><strong>61</strong></span> <span class='ocrx_word' id='word_1_175' title='bbox 2109 1629 2235 1682; x_wconf 87' lang='lat' dir='ltr'><strong>mei.</strong></span> <span class='ocrx_word' id='word_1_176' title='bbox 2272 1625 2524 1697; x_wconf 84' lang='lat' dir='ltr'><strong>Oportuit</strong></span> <span class='ocrx_word' id='word_1_177' title='bbox 2555 1644 2688 1684; x_wconf 85' lang='lat' dir='ltr'><strong>vero</strong></span> <span class='ocrx_word' id='word_1_178' title='bbox 2723 1629 2996 1685; x_wconf 78' lang='lat' dir='ltr'><strong>Christum</strong></span> <span class='ocrx_word' id='word_1_179' title='bbox 3043 1630 3309 1685; x_wconf 75' lang='lat' dir='ltr'><strong>dicentem</strong></span> <span class='ocrx_word' id='word_1_180' title='bbox 3342 1669 3358 1694; x_wconf 97' lang='lat'><strong>,</strong></span> <span class='ocrx_word' id='word_1_181' title='bbox 3389 1649 3407 1680; x_wconf 80' lang='grc' dir='ltr'><strong>ι</strong></span> <span class='ocrx_word' id='word_1_182' title='bbox 3446 1630 3557 1698; x_wconf 78' lang='lat' dir='ltr'><strong>Ego</strong></span> 
     </span>
    </p>
   </div>
   <div class='ocr_carea' id='block_1_29' title="bbox 1967 1719 3556 1790">
    <p class='ocr_par' dir='ltr' id='par_1_29' title="bbox 1967 1719 3556 1790">
     <span class='ocr_line' id='line_1_29' title="bbox 1967 1719 3556 1790; baseline -0.001 -17"><span class='ocrx_word' id='word_1_183' title='bbox 1967 1732 2087 1773; x_wconf 85' lang='lat' dir='ltr'><strong>sum</strong></span> <span class='ocrx_word' id='word_1_184' title='bbox 2114 1719 2314 1774; x_wconf 83' lang='lat' dir='ltr'><strong>veritas</strong></span> <span class='ocrx_word' id='word_1_185' title='bbox 2341 1719 2409 1786; x_wconf 78' lang='grc'><strong>⁸⁸,</strong></span> <span class='ocrx_word' id='word_1_186' title='bbox 2445 1737 2462 1772; x_wconf 73' lang='grc' dir='ltr'><strong>ι</strong></span> <span class='ocrx_word' id='word_1_187' title='bbox 2498 1735 2836 1790; x_wconf 75' lang='lat' dir='ltr'><strong>nequaquam</strong></span> <span class='ocrx_word' id='word_1_188' title='bbox 2862 1736 2919 1776; x_wconf 89' lang='lat' dir='ltr'><strong>se</strong></span> <span class='ocrx_word' id='word_1_189' title='bbox 2949 1721 3098 1776; x_wconf 83' lang='lat' dir='ltr'><strong>Patri</strong></span> <span class='ocrx_word' id='word_1_190' title='bbox 3127 1721 3424 1776; x_wconf 82' lang='lat' dir='ltr'><strong>secundum</strong></span> <span class='ocrx_word' id='word_1_191' title='bbox 3463 1737 3556 1773; x_wconf 86' lang='lat' dir='ltr'><strong>na-</strong></span> 
     </span>
    </p>
   </div>
   <div class='ocr_carea' id='block_1_30' title="bbox 1973 1811 3547 1882">
    <p class='ocr_par' dir='ltr' id='par_1_30' title="bbox 1973 1811 3547 1882">
     <span class='ocr_line' id='line_1_30' title="bbox 1973 1811 3547 1882; baseline 0 -19"><span class='ocrx_word' id='word_1_192' title='bbox 1973 1819 2148 1864; x_wconf 85' lang='lat' dir='ltr'><strong>turam</strong></span> <span class='ocrx_word' id='word_1_193' title='bbox 2199 1825 2539 1882; x_wconf 83' lang='lat' dir='ltr'><strong>comparare,</strong></span> <span class='ocrx_word' id='word_1_194' title='bbox 2569 1812 2666 1868; x_wconf 89' lang='lat' dir='ltr'><strong>sed</strong></span> <span class='ocrx_word' id='word_1_195' title='bbox 2707 1813 2889 1882; x_wconf 84' lang='lat' dir='ltr'><strong>potius</strong></span> <span class='ocrx_word' id='word_1_196' title='bbox 2919 1811 3036 1881; x_wconf 80' lang='lat' dir='ltr'><strong>ejus</strong></span> <span class='ocrx_word' id='word_1_197' title='bbox 3067 1812 3352 1877; x_wconf 86' lang='lat' dir='ltr'><strong>voluntati,</strong></span> <span class='ocrx_word' id='word_1_198' title='bbox 3395 1811 3438 1867; x_wconf 93' lang='lat' dir='ltr'><strong>si</strong></span> <span class='ocrx_word' id='word_1_199' title='bbox 3477 1812 3547 1864; x_wconf 86' lang='lat' dir='ltr'><strong>ita</strong></span> 
     </span>
    </p>
   </div>
   <div class='ocr_carea' id='block_1_31' title="bbox 258 1862 1863 1972">
    <p class='ocr_par' dir='ltr' id='par_1_31' title="bbox 258 1884 1863 1962">
     <span class='ocr_line' id='line_1_31' title="bbox 258 1884 1863 1962; baseline 0.003 -25"><span class='ocrx_word' id='word_1_200' title='bbox 258 1884 416 1956; x_wconf 77' lang='grc' dir='ltr'>λήσει</span> <span class='ocrx_word' id='word_1_201' title='bbox 453 1885 512 1938; x_wconf 73' lang='grc' dir='ltr'><strong>δὲ</strong></span> <span class='ocrx_word' id='word_1_202' title='bbox 556 1885 764 1955; x_wconf 73' lang='grc' dir='ltr'>μᾶλλον</span> <span class='ocrx_word' id='word_1_203' title='bbox 810 1884 1006 1950; x_wconf 80' lang='grc' dir='ltr'>αὑτοῦ,</span> <span class='ocrx_word' id='word_1_204' title='bbox 1051 1887 1211 1958; x_wconf 79' lang='grc' dir='ltr'>εἴπερ</span> <span class='ocrx_word' id='word_1_205' title='bbox 1244 1885 1417 1952; x_wconf 77' lang='grc' dir='ltr'>οὕτως</span> <span class='ocrx_word' id='word_1_206' title='bbox 1445 1887 1582 1959; x_wconf 79' lang='grc' dir='ltr'>ἔχει,</span> <span class='ocrx_word' id='word_1_207' title='bbox 1612 1889 1863 1962; x_wconf 85' lang='grc' dir='ltr'>καθάπερ</span> 
     </span>
    </p>
   </div>
   <div class='ocr_carea' id='block_1_32' title="bbox 1969 1862 3555 1972">
    <p class='ocr_par' dir='ltr' id='par_1_32' title="bbox 1969 1901 3555 1972">
     <span class='ocr_line' id='line_1_32' title="bbox 1969 1901 3555 1972; baseline -0.001 -14"><span class='ocrx_word' id='word_1_208' title='bbox 1969 1911 2074 1966; x_wconf 88' lang='lat' dir='ltr'><strong>est,</strong></span> <span class='ocrx_word' id='word_1_209' title='bbox 2117 1911 2178 1956; x_wconf 89' lang='lat' dir='ltr'><strong>ut</strong></span> <span class='ocrx_word' id='word_1_210' title='bbox 2229 1903 2329 1972; x_wconf 91' lang='lat' dir='ltr'><strong>ipsi</strong></span> <span class='ocrx_word' id='word_1_211' title='bbox 2385 1905 2597 1960; x_wconf 73' lang='lat' dir='ltr'><strong>volunt.</strong></span> <span class='ocrx_word' id='word_1_212' title='bbox 2663 1906 2732 1959; x_wconf 88' lang='lat' dir='ltr'><strong>At</strong></span> <span class='ocrx_word' id='word_1_213' title='bbox 2775 1901 2897 1960; x_wconf 86' lang='lat' dir='ltr'><strong>eum</strong></span> <span class='ocrx_word' id='word_1_214' title='bbox 2941 1919 3001 1960; x_wconf 90' lang='lat' dir='ltr'><strong>se</strong></span> <span class='ocrx_word' id='word_1_215' title='bbox 3051 1919 3155 1960; x_wconf 87' lang='lat' dir='ltr'><strong>non</strong></span> <span class='ocrx_word' id='word_1_216' title='bbox 3225 1904 3555 1958; x_wconf 75' lang='lat' dir='ltr'><strong>voluntatem</strong></span> 
     </span>
    </p>
   </div>
   <div class='ocr_carea' id='block_1_33' title="bbox 266 1977 1860 2054">
    <p class='ocr_par' dir='ltr' id='par_1_33' title="bbox 266 1977 1860 2054">
     <span class='ocr_line' id='line_1_33' title="bbox 266 1977 1860 2054; baseline 0.008 -26"><span class='ocrx_word' id='word_1_217' title='bbox 266 1977 466 2030; x_wconf 74' lang='grc' dir='ltr'><strong>ἐκείνοὶ</strong></span> <span class='ocrx_word' id='word_1_218' title='bbox 492 1995 678 2046; x_wconf 70' lang='grc' dir='ltr'>φασιν.</span> <span class='ocrx_word' id='word_1_219' title='bbox 717 1977 862 2030; x_wconf 81' lang='grc' dir='ltr'>Ἀλλ’</span> <span class='ocrx_word' id='word_1_220' title='bbox 890 1978 1131 2050; x_wconf 70' lang='grc' dir='ltr'>οὐδαμοῦ</span> <span class='ocrx_word' id='word_1_221' title='bbox 1160 1979 1256 2050; x_wconf 81' lang='grc' dir='ltr'>τὴν</span> <span class='ocrx_word' id='word_1_222' title='bbox 1290 1981 1543 2051; x_wconf 87' lang='grc' dir='ltr'>βούλησιν</span> <span class='ocrx_word' id='word_1_223' title='bbox 1569 1982 1860 2054; x_wconf 74' lang='grc' dir='ltr'>ὀνομάσας.</span> 
     </span>
    </p>
   </div>
   <div class='ocr_carea' id='block_1_34' title="bbox 275 2069 1863 2147">
    <p class='ocr_par' dir='ltr' id='par_1_34' title="bbox 275 2069 1863 2147">
     <span class='ocr_line' id='line_1_34' title="bbox 275 2069 1863 2147; baseline 0.004 -26"><span class='ocrx_word' id='word_1_224' title='bbox 275 2069 464 2122; x_wconf 79' lang='grc' dir='ltr'>εἰκόνα</span> <span class='ocrx_word' id='word_1_225' title='bbox 488 2069 546 2121; x_wconf 71' lang='grc' dir='ltr'>δὲ</span> <span class='ocrx_word' id='word_1_226' title='bbox 563 2069 654 2121; x_wconf 69' lang='grc' dir='ltr'>τοῦ</span> <span class='ocrx_word' id='word_1_227' title='bbox 683 2069 896 2140; x_wconf 82' lang='grc' dir='ltr'>Πατρὸς</span> <span class='ocrx_word' id='word_1_228' title='bbox 924 2071 1118 2124; x_wconf 78' lang='grc' dir='ltr'>ἑαυτὸν</span> <span class='ocrx_word' id='word_1_229' title='bbox 1151 2071 1484 2143; x_wconf 87' lang='grc' dir='ltr'>προσειπὼν,</span> <span class='ocrx_word' id='word_1_230' title='bbox 1506 2073 1663 2145; x_wconf 77' lang='grc' dir='ltr'>δῆλος</span> <span class='ocrx_word' id='word_1_231' title='bbox 1690 2075 1756 2128; x_wconf 85' lang='grc' dir='ltr'>ἂν</span> <span class='ocrx_word' id='word_1_232' title='bbox 1779 2075 1863 2147; x_wconf 88' lang='grc' dir='ltr'><strong>εἰή</strong></span> 
     </span>
    </p>
   </div>
   <div class='ocr_carea' id='block_1_35' title="bbox 278 2161 1223 2234">
    <p class='ocr_par' dir='ltr' id='par_1_35' title="bbox 278 2161 1223 2234">
     <span class='ocr_line' id='line_1_35' title="bbox 278 2161 1223 2234; baseline 0.007 -23"><span class='ocrx_word' id='word_1_233' title='bbox 278 2161 379 2233; x_wconf 72' lang='grc' dir='ltr'>τὴν</span> <span class='ocrx_word' id='word_1_234' title='bbox 409 2161 637 2214; x_wconf 76' lang='grc' dir='ltr'>ἐκείνων</span> <span class='ocrx_word' id='word_1_235' title='bbox 664 2161 927 2215; x_wconf 76' lang='grc' dir='ltr'><strong>ὑπόνοιαν</strong></span> <span class='ocrx_word' id='word_1_236' title='bbox 962 2163 1223 2234; x_wconf 84' lang='grc' dir='ltr'>ἀναιρῶν.</span> 
     </span>
    </p>
   </div>
   <div class='ocr_carea' id='block_1_36' title="bbox 963 2278 1173 2334">
    <p class='ocr_par' dir='ltr' id='par_1_36' title="bbox 963 2278 1173 2334">
     <span class='ocr_line' id='line_1_36' title="bbox 963 2278 1173 2334; baseline 0.014 -3"><span class='ocrx_word' id='word_1_237' title='bbox 963 2278 1173 2334; x_wconf 76' lang='grc' dir='ltr'><strong>ΑΛΛΟ.</strong></span> 
     </span>
    </p>
   </div>
   <div class='ocr_carea' id='block_1_37' title="bbox 348 2384 1864 2464">
    <p class='ocr_par' dir='ltr' id='par_1_37' title="bbox 348 2384 1864 2464">
     <span class='ocr_line' id='line_1_37' title="bbox 348 2384 1864 2464; baseline 0.007 -27"><span class='ocrx_word' id='word_1_238' title='bbox 348 2384 688 2456; x_wconf 79' lang='grc' dir='ltr'>Ἑρωτητέον</span> <span class='ocrx_word' id='word_1_239' title='bbox 704 2388 838 2452; x_wconf 77' lang='grc' dir='ltr'>τοὺς</span> <span class='ocrx_word' id='word_1_240' title='bbox 861 2391 1270 2461; x_wconf 78' lang='grc' dir='ltr'>χριστομάχους</span> <span class='ocrx_word' id='word_1_241' title='bbox 1289 2407 1303 2419; x_wconf 78' lang='lat'><strong><em>°</em></strong></span> <span class='ocrx_word' id='word_1_242' title='bbox 1351 2393 1413 2445; x_wconf 82' lang='grc' dir='ltr'><em>Ἥ</em></span> <span class='ocrx_word' id='word_1_243' title='bbox 1445 2392 1700 2464; x_wconf 76' lang='grc' dir='ltr'>βούλησις</span> <span class='ocrx_word' id='word_1_244' title='bbox 1727 2395 1864 2463; x_wconf 74' lang='grc' dir='ltr'>αὕτη</span> 
     </span>
    </p>
   </div>
   <div class='ocr_carea' id='block_1_38' title="bbox 262 2473 1864 2558">
    <p class='ocr_par' dir='ltr' id='par_1_38' title="bbox 262 2473 1864 2558">
     <span class='ocr_line' id='line_1_38' title="bbox 262 2473 1864 2558; baseline 0.008 -30"><span class='ocrx_word' id='word_1_245' title='bbox 262 2475 359 2528; x_wconf 79' lang='grc' dir='ltr'>τοῦ</span> <span class='ocrx_word' id='word_1_246' title='bbox 383 2477 622 2547; x_wconf 74' lang='grc' dir='ltr'>Πατρὸς,</span> <span class='ocrx_word' id='word_1_247' title='bbox 653 2473 727 2549; x_wconf 80' lang='grc' dir='ltr'>ἦς</span> <span class='ocrx_word' id='word_1_248' title='bbox 766 2479 962 2550; x_wconf 82' lang='grc' dir='ltr'>ὅμοιον</span> <span class='ocrx_word' id='word_1_249' title='bbox 985 2477 1129 2534; x_wconf 85' lang='grc' dir='ltr'>εἷναί</span> <span class='ocrx_word' id='word_1_250' title='bbox 1153 2500 1290 2550; x_wconf 84' lang='grc' dir='ltr'>φατε</span> <span class='ocrx_word' id='word_1_251' title='bbox 1317 2484 1408 2537; x_wconf 86' lang='grc' dir='ltr'>τὸν</span> <span class='ocrx_word' id='word_1_252' title='bbox 1453 2485 1600 2549; x_wconf 79' lang='grc' dir='ltr'>Υίὸν,</span> <span class='ocrx_word' id='word_1_253' title='bbox 1638 2486 1864 2558; x_wconf 81' lang='grc' dir='ltr'>πότερόν</span> 
     </span>
    </p>
   </div>
   <div class='ocr_carea' id='block_1_39' title="bbox 265 2570 1861 2650">
    <p class='ocr_par' dir='ltr' id='par_1_39' title="bbox 265 2570 1861 2650">
     <span class='ocr_line' id='line_1_39' title="bbox 265 2570 1861 2650; baseline 0.005 -28"><span class='ocrx_word' id='word_1_254' title='bbox 265 2584 395 2622; x_wconf 70' lang='grc' dir='ltr'>ποτε</span> <span class='ocrx_word' id='word_1_255' title='bbox 422 2570 584 2622; x_wconf 69' lang='grc' dir='ltr'>οὐσία</span> <span class='ocrx_word' id='word_1_256' title='bbox 619 2570 709 2634; x_wconf 85' lang='grc' dir='ltr'><strong>τίς</strong></span> <span class='ocrx_word' id='word_1_257' title='bbox 757 2573 897 2635; x_wconf 75' lang='grc' dir='ltr'>ἐστι,</span> <span class='ocrx_word' id='word_1_258' title='bbox 945 2572 1043 2626; x_wconf 83' lang='grc' dir='ltr'>καὶ</span> <span class='ocrx_word' id='word_1_259' title='bbox 1074 2573 1282 2644; x_wconf 82' lang='grc' dir='ltr'><strong>ὑπέστη</strong></span> <span class='ocrx_word' id='word_1_260' title='bbox 1316 2574 1456 2646; x_wconf 81' lang='grc' dir='ltr'>αὐτὴ</span> <span class='ocrx_word' id='word_1_261' title='bbox 1493 2575 1615 2629; x_wconf 76' lang='grc' dir='ltr'>καθ’</span> <span class='ocrx_word' id='word_1_262' title='bbox 1641 2578 1861 2650; x_wconf 72' lang='grc' dir='ltr'>ἑαυτὴν,</span> 
     </span>
    </p>
   </div>
   <div class='ocr_carea' id='block_1_40' title="bbox 266 2660 1865 2738">
    <p class='ocr_par' dir='ltr' id='par_1_40' title="bbox 266 2660 1865 2738">
     <span class='ocr_line' id='line_1_40' title="bbox 266 2660 1865 2738; baseline 0.004 -24"><span class='ocrx_word' id='word_1_263' title='bbox 266 2660 298 2730; x_wconf 75' lang='grc' dir='ltr'>ἦ</span> <span class='ocrx_word' id='word_1_264' title='bbox 328 2661 482 2732; x_wconf 76' lang='grc' dir='ltr'>οὐχίς</span> <span class='ocrx_word' id='word_1_265' title='bbox 519 2662 588 2714; x_wconf 72' lang='lat' dir='ltr'><strong>Ei</strong></span> <span class='ocrx_word' id='word_1_266' title='bbox 633 2661 741 2731; x_wconf 82' lang='grc' dir='ltr'>μὲν</span> <span class='ocrx_word' id='word_1_267' title='bbox 781 2662 895 2735; x_wconf 82' lang='grc' dir='ltr'>γὰρ</span> <span class='ocrx_word' id='word_1_268' title='bbox 924 2662 1160 2735; x_wconf 80' lang='grc' dir='ltr'>οὐσιὼδη</span> <span class='ocrx_word' id='word_1_269' title='bbox 1199 2667 1293 2718; x_wconf 79' lang='grc' dir='ltr'>καὶ</span> <span class='ocrx_word' id='word_1_270' title='bbox 1333 2667 1701 2738; x_wconf 79' lang='grc' dir='ltr'>ὑποστατικὴν</span> <span class='ocrx_word' id='word_1_271' title='bbox 1727 2664 1865 2721; x_wconf 76' lang='grc' dir='ltr'>εἶναι</span> 
     </span>
    </p>
   </div>
   <div class='ocr_carea' id='block_1_41' title="bbox 253 2751 1864 2830">
    <p class='ocr_par' dir='ltr' id='par_1_41' title="bbox 253 2751 1864 2830">
     <span class='ocr_line' id='line_1_41' title="bbox 253 2751 1864 2830; baseline 0.006 -25"><span class='ocrx_word' id='word_1_272' title='bbox 253 2751 456 2806; x_wconf 75' lang='grc' dir='ltr'>δώσετε</span> <span class='ocrx_word' id='word_1_273' title='bbox 486 2754 724 2824; x_wconf 74' lang='grc' dir='ltr'>ταύτην,</span> <span class='ocrx_word' id='word_1_274' title='bbox 757 2755 876 2818; x_wconf 85' lang='grc' dir='ltr'><strong>πῶς</strong></span> <span class='ocrx_word' id='word_1_275' title='bbox 901 2755 986 2809; x_wconf 74' lang='grc' dir='ltr'>ἔτι</span> <span class='ocrx_word' id='word_1_276' title='bbox 1016 2757 1310 2828; x_wconf 82' lang='grc' dir='ltr'>μονογενὴς</span> <span class='ocrx_word' id='word_1_277' title='bbox 1342 2760 1370 2810; x_wconf 84' lang='grc' dir='ltr'>ὀ</span> <span class='ocrx_word' id='word_1_278' title='bbox 1397 2758 1546 2822; x_wconf 72' lang='grc' dir='ltr'>Υἱὸς,</span> <span class='ocrx_word' id='word_1_279' title='bbox 1578 2760 1758 2830; x_wconf 79' lang='grc' dir='ltr'><strong>τρίτος</strong></span> <span class='ocrx_word' id='word_1_280' title='bbox 1787 2761 1864 2815; x_wconf 82' lang='grc' dir='ltr'>ὢν</span> 
     </span>
    </p>
   </div>
   <div class='ocr_carea' id='block_1_42' title="bbox 251 2846 1864 2925">
    <p class='ocr_par' dir='ltr' id='par_1_42' title="bbox 251 2846 1864 2925">
     <span class='ocr_line' id='line_1_42' title="bbox 251 2846 1864 2925; baseline 0.006 -28"><span class='ocrx_word' id='word_1_281' title='bbox 251 2846 318 2898; x_wconf 72' lang='grc' dir='ltr'>ἐκ</span> <span class='ocrx_word' id='word_1_282' title='bbox 345 2847 598 2917; x_wconf 75' lang='grc' dir='ltr'>Πατρόςς</span> <span class='ocrx_word' id='word_1_283' title='bbox 637 2849 900 2904; x_wconf 80' lang='grc' dir='ltr'>Φαίνεται</span> <span class='ocrx_word' id='word_1_284' title='bbox 927 2848 1037 2918; x_wconf 75' lang='grc' dir='ltr'>γὰρ</span> <span class='ocrx_word' id='word_1_285' title='bbox 1079 2850 1452 2919; x_wconf 80' lang='grc' dir='ltr'>μεσολασοῦσα</span> <span class='ocrx_word' id='word_1_286' title='bbox 1486 2853 1583 2924; x_wconf 77' lang='grc' dir='ltr'>τὴν</span> <span class='ocrx_word' id='word_1_287' title='bbox 1612 2855 1864 2925; x_wconf 80' lang='grc' dir='ltr'>γέννησιν</span> 
     </span>
    </p>
   </div>
   <div class='ocr_carea' id='block_1_43' title="bbox 251 2940 1864 3017">
    <p class='ocr_par' dir='ltr' id='par_1_43' title="bbox 251 2940 1864 3017">
     <span class='ocr_line' id='line_1_43' title="bbox 251 2940 1864 3017; baseline 0.004 -25"><span class='ocrx_word' id='word_1_288' title='bbox 251 2940 721 3012; x_wconf 57' lang='grc' dir='ltr'>αὑτοιὶβούλησίς</span> <span class='ocrx_word' id='word_1_289' title='bbox 748 2960 834 3006; x_wconf 89' lang='grc' dir='ltr'><strong>τις</strong></span> <span class='ocrx_word' id='word_1_290' title='bbox 863 2943 1228 3006; x_wconf 82' lang='grc' dir='ltr'>ὲνυπόστατος</span> <span class='ocrx_word' id='word_1_291' title='bbox 1269 2945 1364 2997; x_wconf 77' lang='grc' dir='ltr'>καὶ</span> <span class='ocrx_word' id='word_1_292' title='bbox 1397 2945 1568 3010; x_wconf 80' lang='grc' dir='ltr'>ζῶσα,</span> <span class='ocrx_word' id='word_1_293' title='bbox 1595 2947 1740 3000; x_wconf 82' lang='grc' dir='ltr'>κατὰ</span> <span class='ocrx_word' id='word_1_294' title='bbox 1767 2947 1864 3017; x_wconf 86' lang='grc' dir='ltr'>τὴν</span> 
     </span>
    </p>
   </div>
   <div class='ocr_carea' id='block_1_44' title="bbox 249 3034 1862 3107">
    <p class='ocr_par' dir='ltr' id='par_1_44' title="bbox 249 3034 1862 3107">
     <span class='ocr_line' id='line_1_44' title="bbox 249 3034 1862 3107; baseline 0.003 -21"><span class='ocrx_word' id='word_1_295' title='bbox 249 3034 530 3106; x_wconf 78' lang='grc' dir='ltr'>ὗμετέραν</span> <span class='ocrx_word' id='word_1_296' title='bbox 572 3037 874 3105; x_wconf 78' lang='grc' dir='ltr'>πρότασιν.</span> <span class='ocrx_word' id='word_1_297' title='bbox 927 3037 988 3089; x_wconf 83' lang='grc' dir='ltr'><strong>Εἰ</strong></span> <span class='ocrx_word' id='word_1_298' title='bbox 1029 3035 1088 3088; x_wconf 84' lang='grc' dir='ltr'><strong>δὲ.</strong></span> <span class='ocrx_word' id='word_1_299' title='bbox 1120 3035 1278 3090; x_wconf 80' lang='grc' dir='ltr'>τοῦτο</span> <span class='ocrx_word' id='word_1_300' title='bbox 1308 3037 1760 3107; x_wconf 83' lang='grc' dir='ltr'>παραιτούμενοι,</span> <span class='ocrx_word' id='word_1_301' title='bbox 1801 3039 1862 3091; x_wconf 79' lang='grc' dir='ltr'><strong>οὐ</strong></span> 
     </span>
    </p>
   </div>
   <div class='ocr_carea' id='block_1_45' title="bbox 252 3125 1865 3196">
    <p class='ocr_par' dir='ltr' id='par_1_45' title="bbox 252 3125 1865 3196">
     <span class='ocr_line' id='line_1_45' title="bbox 252 3125 1865 3196; baseline 0.004 -20"><span class='ocrx_word' id='word_1_302' title='bbox 252 3125 375 3177; x_wconf 81' lang='grc' dir='ltr'>καθ’</span> <span class='ocrx_word' id='word_1_303' title='bbox 399 3127 716 3180; x_wconf 72' lang='grc' dir='ltr'>ὑπόστασιν</span> <span class='ocrx_word' id='word_1_304' title='bbox 747 3130 849 3196; x_wconf 80' lang='grc' dir='ltr'>τὴν</span> <span class='ocrx_word' id='word_1_305' title='bbox 880 3127 1140 3196; x_wconf 80' lang='grc' dir='ltr'>βούλησιν</span> <span class='ocrx_word' id='word_1_306' title='bbox 1161 3127 1468 3181; x_wconf 79' lang='grc' dir='ltr'>διακεῖσθαι</span> <span class='ocrx_word' id='word_1_307' title='bbox 1498 3127 1719 3194; x_wconf 84' lang='grc' dir='ltr'>δώσετε,</span> <span class='ocrx_word' id='word_1_308' title='bbox 1744 3130 1865 3184; x_wconf 81' lang='grc' dir='ltr'><strong>οὐδὲ</strong></span> 
     </span>
    </p>
   </div>
   <div class='ocr_carea' id='block_1_46' title="bbox 1972 1992 3552 2068">
    <p class='ocr_par' dir='ltr' id='par_1_46' title="bbox 1972 1992 3552 2068">
     <span class='ocr_line' id='line_1_46' title="bbox 1972 1992 3552 2068; baseline 0.001 -22"><span class='ocrx_word' id='word_1_309' title='bbox 1972 1992 2289 2058; x_wconf 89' lang='lat' dir='ltr'><strong>nominarit,</strong></span> <span class='ocrx_word' id='word_1_310' title='bbox 2324 1996 2418 2050; x_wconf 89' lang='lat' dir='ltr'><strong>sed</strong></span> <span class='ocrx_word' id='word_1_311' title='bbox 2449 1995 2710 2064; x_wconf 70' lang='lat' dir='ltr'><strong>adiecerit</strong></span> <span class='ocrx_word' id='word_1_312' title='bbox 2743 2010 2803 2049; x_wconf 90' lang='lat' dir='ltr'><strong>se</strong></span> <span class='ocrx_word' id='word_1_313' title='bbox 2848 2009 2968 2049; x_wconf 88' lang='lat' dir='ltr'><strong>esse</strong></span> <span class='ocrx_word' id='word_1_314' title='bbox 3023 1993 3318 2068; x_wconf 71' lang='lat' dir='ltr'><strong>imaginem</strong></span> <span class='ocrx_word' id='word_1_315' title='bbox 3353 1993 3552 2059; x_wconf 82' lang='lat' dir='ltr'><strong>Patris,</strong></span> 
     </span>
    </p>
   </div>
   <div class='ocr_carea' id='block_1_47' title="bbox 1969 2086 3138 2157">
    <p class='ocr_par' dir='ltr' id='par_1_47' title="bbox 1969 2086 3138 2157">
     <span class='ocr_line' id='line_1_47' title="bbox 1969 2086 3138 2157; baseline -0.003 -13"><span class='ocrx_word' id='word_1_316' title='bbox 1969 2087 2260 2144; x_wconf 82' lang='lat' dir='ltr'><strong>manifeste</strong></span> <span class='ocrx_word' id='word_1_317' title='bbox 2291 2101 2480 2144; x_wconf 87' lang='lat' dir='ltr'><strong>eorum</strong></span> <span class='ocrx_word' id='word_1_318' title='bbox 2512 2087 2823 2157; x_wconf 87' lang='lat' dir='ltr'><strong>opinionem</strong></span> <span class='ocrx_word' id='word_1_319' title='bbox 2851 2086 3138 2142; x_wconf 81' lang='lat' dir='ltr'><strong>subvertit.</strong></span> 
     </span>
    </p>
   </div>
   <div class='ocr_carea' id='block_1_48' title="bbox 2653 2283 2882 2339">
    <p class='ocr_par' dir='ltr' id='par_1_48' title="bbox 2653 2283 2882 2339">
     <span class='ocr_line' id='line_1_48' title="bbox 2653 2283 2882 2339; baseline 0 -1"><span class='ocrx_word' id='word_1_320' title='bbox 2653 2283 2882 2339; x_wconf 81' lang='lat' dir='ltr'><strong>ALIUD.</strong></span> 
     </span>
    </p>
   </div>
   <div class='ocr_carea' id='block_1_49' title="bbox 2043 2395 3558 2468">
    <p class='ocr_par' dir='ltr' id='par_1_49' title="bbox 2043 2395 3558 2468">
     <span class='ocr_line' id='line_1_49' title="bbox 2043 2395 3558 2468; baseline -0.001 -17"><span class='ocrx_word' id='word_1_321' title='bbox 2043 2397 2417 2468; x_wconf 68' lang='lat' dir='ltr'><strong>[interrogandi</strong></span> <span class='ocrx_word' id='word_1_322' title='bbox 2449 2405 2578 2451; x_wconf 82' lang='lat' dir='ltr'><strong>sunt</strong></span> <span class='ocrx_word' id='word_1_323' title='bbox 2621 2395 2809 2451; x_wconf 83' lang='lat' dir='ltr'><strong>hostes</strong></span> <span class='ocrx_word' id='word_1_324' title='bbox 2847 2396 3047 2450; x_wconf 81' lang='lat' dir='ltr'><strong>Christi</strong></span> <span class='ocrx_word' id='word_1_325' title='bbox 3098 2413 3112 2449; x_wconf 91' lang='lat'><strong>:</strong></span> <span class='ocrx_word' id='word_1_326' title='bbox 3151 2395 3413 2450; x_wconf 78' lang='lat' dir='ltr'><strong>Voluntas</strong></span> <span class='ocrx_word' id='word_1_327' title='bbox 3446 2396 3558 2450; x_wconf 68' lang='lat' dir='ltr'><strong>ha‘e</strong></span> 
     </span>
    </p>
   </div>
   <div class='ocr_carea' id='block_1_50' title="bbox 1968 2487 3559 2555">
    <p class='ocr_par' dir='ltr' id='par_1_50' title="bbox 1968 2487 3559 2555">
     <span class='ocr_line' id='line_1_50' title="bbox 1968 2487 3559 2555; baseline -0.001 -11"><span class='ocrx_word' id='word_1_328' title='bbox 1968 2490 2170 2555; x_wconf 77' lang='lat' dir='ltr'><strong>Patris,</strong></span> <span class='ocrx_word' id='word_1_329' title='bbox 2200 2493 2288 2546; x_wconf 89' lang='lat' dir='ltr'><strong>cui</strong></span> <span class='ocrx_word' id='word_1_330' title='bbox 2323 2489 2558 2544; x_wconf 83' lang='lat' dir='ltr'><strong>similem</strong></span> <span class='ocrx_word' id='word_1_331' title='bbox 2606 2490 2791 2543; x_wconf 88' lang='lat' dir='ltr'><strong>dicitis</strong></span> <span class='ocrx_word' id='word_1_332' title='bbox 2833 2503 2954 2543; x_wconf 88' lang='lat' dir='ltr'><strong>esse</strong></span> <span class='ocrx_word' id='word_1_333' title='bbox 3004 2487 3223 2552; x_wconf 88' lang='lat' dir='ltr'><strong>Filium,</strong></span> <span class='ocrx_word' id='word_1_334' title='bbox 3281 2498 3434 2543; x_wconf 82' lang='lat' dir='ltr'><strong>estne</strong></span> <span class='ocrx_word' id='word_1_335' title='bbox 3473 2504 3559 2543; x_wconf 85' lang='lat' dir='ltr'><strong>es-</strong></span> 
     </span>
    </p>
   </div>
   <div class='ocr_carea' id='block_1_51' title="bbox 1969 2560 3555 2649">
    <p class='ocr_par' dir='ltr' id='par_1_51' title="bbox 1969 2560 3555 2649">
     <span class='ocr_line' id='line_1_51' title="bbox 1969 2560 3555 2649; baseline -0.003 -13"><span class='ocrx_word' id='word_1_336' title='bbox 1969 2581 2168 2645; x_wconf 87' lang='lat' dir='ltr'><strong>sentia,</strong></span> <span class='ocrx_word' id='word_1_337' title='bbox 2208 2560 2550 2649; x_wconf 46' lang='lat' dir='ltr'><strong>&#39;exstititqne</strong></span> <span class='ocrx_word' id='word_1_338' title='bbox 2604 2580 2718 2648; x_wconf 91' lang='lat' dir='ltr'><strong>ipsa</strong></span> <span class='ocrx_word' id='word_1_339' title='bbox 2761 2594 2858 2649; x_wconf 89' lang='lat' dir='ltr'><strong>per</strong></span> <span class='ocrx_word' id='word_1_340' title='bbox 2892 2594 2974 2646; x_wconf 88' lang='lat' dir='ltr'><strong>se,</strong></span> <span class='ocrx_word' id='word_1_341' title='bbox 3024 2595 3092 2631; x_wconf 91' lang='lat' dir='ltr'><strong>an</strong></span> <span class='ocrx_word' id='word_1_342' title='bbox 3145 2580 3290 2632; x_wconf 84' lang='lat' dir='ltr'><strong>non?</strong></span> <span class='ocrx_word' id='word_1_343' title='bbox 3319 2577 3456 2634; x_wconf 81' lang='lat' dir='ltr'><strong>Nam</strong></span> <span class='ocrx_word' id='word_1_344' title='bbox 3511 2581 3555 2632; x_wconf 89' lang='lat' dir='ltr'><strong>si</strong></span> 
     </span>
    </p>
   </div>
   <div class='ocr_carea' id='block_1_52' title="bbox 1969 2671 3559 2741">
    <p class='ocr_par' dir='ltr' id='par_1_52' title="bbox 1969 2671 3559 2741">
     <span class='ocr_line' id='line_1_52' title="bbox 1969 2671 3559 2741; baseline -0.003 -15"><span class='ocrx_word' id='word_1_345' title='bbox 1969 2673 2316 2729; x_wconf 85' lang='lat' dir='ltr'><strong>essentialem</strong></span> <span class='ocrx_word' id='word_1_346' title='bbox 2367 2685 2489 2726; x_wconf 86' lang='lat' dir='ltr'><strong>esse</strong></span> <span class='ocrx_word' id='word_1_347' title='bbox 2527 2671 2722 2725; x_wconf 86' lang='lat' dir='ltr'><strong>dicetis</strong></span> <span class='ocrx_word' id='word_1_348' title='bbox 2768 2679 2826 2725; x_wconf 92' lang='lat' dir='ltr'><strong>et</strong></span> <span class='ocrx_word' id='word_1_349' title='bbox 2875 2685 2972 2739; x_wconf 90' lang='lat' dir='ltr'><strong>per</strong></span> <span class='ocrx_word' id='word_1_350' title='bbox 3009 2685 3068 2724; x_wconf 87' lang='lat' dir='ltr'><strong>se</strong></span> <span class='ocrx_word' id='word_1_351' title='bbox 3099 2671 3398 2735; x_wconf 83' lang='lat' dir='ltr'><strong>exstitisse,</strong></span> <span class='ocrx_word' id='word_1_352' title='bbox 3449 2687 3559 2741; x_wconf 88' lang='lat' dir='ltr'><strong>quo</strong></span> 
     </span>
    </p>
   </div>
   <div class='ocr_carea' id='block_1_53' title="bbox 1969 2762 3559 2835">
    <p class='ocr_par' dir='ltr' id='par_1_53' title="bbox 1969 2762 3559 2835">
     <span class='ocr_line' id='line_1_53' title="bbox 1969 2762 3559 2835; baseline -0.001 -17"><span class='ocrx_word' id='word_1_353' title='bbox 1969 2773 2130 2835; x_wconf 83' lang='lat' dir='ltr'><strong>pacto</strong></span> <span class='ocrx_word' id='word_1_354' title='bbox 2161 2764 2419 2834; x_wconf 83' lang='lat' dir='ltr'><strong>deinceps</strong></span> <span class='ocrx_word' id='word_1_355' title='bbox 2473 2762 2648 2818; x_wconf 85' lang='lat' dir='ltr'><strong>Filius</strong></span> <span class='ocrx_word' id='word_1_356' title='bbox 2684 2763 2791 2817; x_wconf 84' lang='lat' dir='ltr'><strong>erit</strong></span> <span class='ocrx_word' id='word_1_357' title='bbox 2821 2765 3152 2834; x_wconf 84' lang='lat' dir='ltr'><strong>nnigenitus,</strong></span> <span class='ocrx_word' id='word_1_358' title='bbox 3185 2778 3305 2817; x_wconf 90' lang='lat' dir='ltr'><strong>cum</strong></span> <span class='ocrx_word' id='word_1_359' title='bbox 3347 2763 3458 2833; x_wconf 87' lang='lat' dir='ltr'><strong>jam</strong></span> <span class='ocrx_word' id='word_1_360' title='bbox 3489 2765 3559 2818; x_wconf 87' lang='lat' dir='ltr'><strong>sit</strong></span> 
     </span>
    </p>
   </div>
   <div class='ocr_carea' id='block_1_54' title="bbox 1970 2855 3558 2926">
    <p class='ocr_par' dir='ltr' id='par_1_54' title="bbox 1970 2855 3558 2926">
     <span class='ocr_line' id='line_1_54' title="bbox 1970 2855 3558 2926; baseline -0.003 -13"><span class='ocrx_word' id='word_1_361' title='bbox 1970 2857 2166 2913; x_wconf 85' lang='lat' dir='ltr'><strong>tertius</strong></span> <span class='ocrx_word' id='word_1_362' title='bbox 2203 2871 2270 2912; x_wconf 80' lang='lat' dir='ltr'><strong>ex</strong></span> <span class='ocrx_word' id='word_1_363' title='bbox 2309 2855 2473 2911; x_wconf 86' lang='lat' dir='ltr'><strong>Patre</strong></span> <span class='ocrx_word' id='word_1_364' title='bbox 2499 2855 2784 2926; x_wconf 84' lang='lat' dir='ltr'><strong>?Apparet</strong></span> <span class='ocrx_word' id='word_1_365' title='bbox 2817 2856 2960 2910; x_wconf 87' lang='lat' dir='ltr'><strong>enim</strong></span> <span class='ocrx_word' id='word_1_366' title='bbox 2996 2856 3345 2924; x_wconf 65' lang='lat' dir='ltr'><strong>praecessisse</strong></span> <span class='ocrx_word' id='word_1_367' title='bbox 3389 2857 3558 2926; x_wconf 85' lang='lat' dir='ltr'><strong>ipsius</strong></span> 
     </span>
    </p>
   </div>
   <div class='ocr_carea' id='block_1_55' title="bbox 1965 2947 3558 3017">
    <p class='ocr_par' dir='ltr' id='par_1_55' title="bbox 1965 2947 3558 3017">
     <span class='ocr_line' id='line_1_55' title="bbox 1965 2947 3558 3017; baseline -0.001 -15"><span class='ocrx_word' id='word_1_368' title='bbox 1965 2949 2370 3017; x_wconf 70' lang='lat' dir='ltr'><strong>generationem</strong></span> <span class='ocrx_word' id='word_1_369' title='bbox 2429 2947 2758 3001; x_wconf 83' lang='lat' dir='ltr'><strong>voluntatem</strong></span> <span class='ocrx_word' id='word_1_370' title='bbox 2809 2947 3101 3016; x_wconf 84' lang='lat' dir='ltr'><strong>quamdam</strong></span> <span class='ocrx_word' id='word_1_371' title='bbox 3160 2961 3348 3000; x_wconf 85' lang='lat' dir='ltr'><strong>revera</strong></span> <span class='ocrx_word' id='word_1_372' title='bbox 3407 2948 3558 3001; x_wconf 76' lang='lat' dir='ltr'><strong>exsi-</strong></span> 
     </span>
    </p>
   </div>
   <div class='ocr_carea' id='block_1_56' title="bbox 1971 3035 3558 3104">
    <p class='ocr_par' dir='ltr' id='par_1_56' title="bbox 1971 3035 3558 3104">
     <span class='ocr_line' id='line_1_56' title="bbox 1971 3035 3558 3104; baseline -0.001 -12"><span class='ocrx_word' id='word_1_373' title='bbox 1971 3044 2206 3092; x_wconf 85' lang='lat' dir='ltr'><strong>stentem</strong></span> <span class='ocrx_word' id='word_1_374' title='bbox 2229 3045 2284 3090; x_wconf 91' lang='lat' dir='ltr'><strong>et</strong></span> <span class='ocrx_word' id='word_1_375' title='bbox 2302 3035 2669 3104; x_wconf 77' lang='lat' dir='ltr'><strong>vivam,juxta</strong></span> <span class='ocrx_word' id='word_1_376' title='bbox 2688 3043 2922 3089; x_wconf 80' lang='lat' dir='ltr'><strong>vestram</strong></span> <span class='ocrx_word' id='word_1_377' title='bbox 2942 3035 3386 3104; x_wconf 72' lang='lat' dir='ltr'><strong>proliositionem.</strong></span> <span class='ocrx_word' id='word_1_378' title='bbox 3404 3035 3558 3102; x_wconf 85' lang='lat' dir='ltr'><strong>Quod</strong></span> 
     </span>
    </p>
   </div>
   <div class='ocr_carea' id='block_1_57' title="bbox 1971 3126 3554 3196">
    <p class='ocr_par' dir='ltr' id='par_1_57' title="bbox 1971 3126 3554 3196">
     <span class='ocr_line' id='line_1_57' title="bbox 1971 3126 3554 3196; baseline -0.001 -14"><span class='ocrx_word' id='word_1_379' title='bbox 1971 3127 2018 3182; x_wconf 87' lang='lat' dir='ltr'><strong>si</strong></span> <span class='ocrx_word' id='word_1_380' title='bbox 2063 3142 2195 3181; x_wconf 89' lang='lat' dir='ltr'><strong>vero</strong></span> <span class='ocrx_word' id='word_1_381' title='bbox 2241 3127 2346 3181; x_wconf 83' lang='lat' dir='ltr'><strong>hoc</strong></span> <span class='ocrx_word' id='word_1_382' title='bbox 2401 3136 2684 3196; x_wconf 77' lang='lat' dir='ltr'><strong>negantes,</strong></span> <span class='ocrx_word' id='word_1_383' title='bbox 2739 3140 2845 3180; x_wconf 91' lang='lat' dir='ltr'><strong>non</strong></span> <span class='ocrx_word' id='word_1_384' title='bbox 2895 3126 2949 3191; x_wconf 85' lang='lat' dir='ltr'><strong>in</strong></span> <span class='ocrx_word' id='word_1_385' title='bbox 2985 3126 3221 3195; x_wconf 39' lang='lat' dir='ltr'><strong>,prOpria</strong></span> <span class='ocrx_word' id='word_1_386' title='bbox 3275 3126 3554 3196; x_wconf 83' lang='lat' dir='ltr'><strong>hypostasi</strong></span> 
     </span>
    </p>
   </div>
   <div class='ocr_carea' id='block_1_58' title="bbox 255 3213 1863 3294">
    <p class='ocr_par' dir='ltr' id='par_1_58' title="bbox 255 3213 1863 3294">
     <span class='ocr_line' id='line_1_58' title="bbox 255 3213 1863 3294; baseline 0.002 -25"><span class='ocrx_word' id='word_1_387' title='bbox 255 3218 440 3272; x_wconf 64' lang='grc' dir='ltr'>ονᾶσέαν</span> <span class='ocrx_word' id='word_1_388' title='bbox 464 3213 617 3273; x_wconf 77' lang='grc' dir='ltr'>εἶναι</span> <span class='ocrx_word' id='word_1_389' title='bbox 650 3220 840 3284; x_wconf 79' lang='grc' dir='ltr'>ζῶσαν</span> <span class='ocrx_word' id='word_1_390' title='bbox 865 3220 961 3274; x_wconf 79' lang='grc' dir='ltr'>καὶ</span> <span class='ocrx_word' id='word_1_391' title='bbox 983 3221 1352 3292; x_wconf 80' lang='grc' dir='ltr'>ὑπάρχουσαν,</span> <span class='ocrx_word' id='word_1_392' title='bbox 1377 3223 1567 3294; x_wconf 80' lang='grc' dir='ltr'>ὥσπερ</span> <span class='ocrx_word' id='word_1_393' title='bbox 1599 3221 1691 3275; x_wconf 87' lang='grc' dir='ltr'>τὸν</span> <span class='ocrx_word' id='word_1_394' title='bbox 1718 3221 1863 3285; x_wconf 82' lang='grc' dir='ltr'>Υἱὸν,</span> 
     </span>
    </p>
   </div>
   <div class='ocr_carea' id='block_1_59' title="bbox 1969 3213 3558 3294">
    <p class='ocr_par' dir='ltr' id='par_1_59' title="bbox 1975 3218 3558 3285">
     <span class='ocr_line' id='line_1_59' title="bbox 1975 3218 3558 3285; baseline -0.001 -13"><span class='ocrx_word' id='word_1_395' title='bbox 1975 3220 2276 3274; x_wconf 82' lang='lat' dir='ltr'><strong>subsistere</strong></span> <span class='ocrx_word' id='word_1_396' title='bbox 2298 3219 2437 3273; x_wconf 85' lang='lat' dir='ltr'><strong>hanc</strong></span> <span class='ocrx_word' id='word_1_397' title='bbox 2463 3218 2794 3272; x_wconf 82' lang='lat' dir='ltr'><strong>voluntatem</strong></span> <span class='ocrx_word' id='word_1_398' title='bbox 2819 3218 3038 3282; x_wconf 86' lang='lat' dir='ltr'><strong>dabitis,</strong></span> <span class='ocrx_word' id='word_1_399' title='bbox 3067 3232 3242 3285; x_wconf 86' lang='lat' dir='ltr'><strong>neque</strong></span> <span class='ocrx_word' id='word_1_400' title='bbox 3263 3220 3558 3273; x_wconf 81' lang='lat' dir='ltr'><strong>essentiam</strong></span> 
     </span>
    </p>
   </div>
   <div class='ocr_carea' id='block_1_60' title="bbox 255 3309 1866 3385">
    <p class='ocr_par' dir='ltr' id='par_1_60' title="bbox 255 3309 1866 3385">
     <span class='ocr_line' id='line_1_60' title="bbox 255 3309 1866 3385; baseline 0.001 -22"><span class='ocrx_word' id='word_1_401' title='bbox 255 3309 604 3375; x_wconf 60' lang='grc' dir='ltr'>ἀπαιδεύτως</span> <span class='ocrx_word' id='word_1_402' title='bbox 642 3311 857 3380; x_wconf 81' lang='grc' dir='ltr'>σφόδρα</span> <span class='ocrx_word' id='word_1_403' title='bbox 890 3311 987 3365; x_wconf 78' lang='grc' dir='ltr'>καὶ</span> <span class='ocrx_word' id='word_1_404' title='bbox 1019 3312 1248 3383; x_wconf 81' lang='grc' dir='ltr'><strong>ἀμαθῶς</strong></span> <span class='ocrx_word' id='word_1_405' title='bbox 1287 3313 1364 3385; x_wconf 82' lang='grc' dir='ltr'>μὴ</span> <span class='ocrx_word' id='word_1_406' title='bbox 1397 3313 1493 3367; x_wconf 78' lang='grc' dir='ltr'><strong>δύο</strong></span> <span class='ocrx_word' id='word_1_407' title='bbox 1530 3312 1866 3384; x_wconf 81' lang='grc' dir='ltr'>παραθέντες</span> 
     </span>
    </p>
   </div>
   <div class='ocr_carea' id='block_1_61' title="bbox 253 3403 1866 3474">
    <p class='ocr_par' dir='ltr' id='par_1_61' title="bbox 253 3403 1866 3474">
     <span class='ocr_line' id='line_1_61' title="bbox 253 3403 1866 3474; baseline 0.001 -18"><span class='ocrx_word' id='word_1_408' title='bbox 253 3403 438 3466; x_wconf 75' lang='grc' dir='ltr'>οὐσίας</span> <span class='ocrx_word' id='word_1_409' title='bbox 471 3403 794 3474; x_wconf 75' lang='grc' dir='ltr'>ὁμοιότητα</span> <span class='ocrx_word' id='word_1_410' title='bbox 821 3403 1059 3474; x_wconf 83' lang='grc' dir='ltr'>ζητεῖτε.</span> <span class='ocrx_word' id='word_1_411' title='bbox 1091 3403 1218 3467; x_wconf 86' lang='grc' dir='ltr'>Πῶς</span> <span class='ocrx_word' id='word_1_412' title='bbox 1253 3404 1362 3474; x_wconf 79' lang='grc' dir='ltr'>γὰρ</span> <span class='ocrx_word' id='word_1_413' title='bbox 1394 3403 1548 3456; x_wconf 83' lang='grc' dir='ltr'>ἔσται</span> <span class='ocrx_word' id='word_1_414' title='bbox 1581 3403 1642 3456; x_wconf 83' lang='grc' dir='ltr'>τὸ</span> <span class='ocrx_word' id='word_1_415' title='bbox 1673 3404 1866 3457; x_wconf 84' lang='grc' dir='ltr'>ὲνυπό-</span> 
     </span>
    </p>
   </div>
   <div class='ocr_carea' id='block_1_62' title="bbox 259 3495 1867 3568">
    <p class='ocr_par' dir='ltr' id='par_1_62' title="bbox 259 3495 1867 3568">
     <span class='ocr_line' id='line_1_62' title="bbox 259 3495 1867 3568; baseline 0.001 -20"><span class='ocrx_word' id='word_1_416' title='bbox 259 3511 446 3548; x_wconf 80' lang='grc' dir='ltr'>στατον</span> <span class='ocrx_word' id='word_1_417' title='bbox 482 3495 568 3565; x_wconf 81' lang='grc' dir='ltr'><strong>τῷ</strong></span> <span class='ocrx_word' id='word_1_418' title='bbox 606 3495 687 3565; x_wconf 80' lang='grc' dir='ltr'>μὴ</span> <span class='ocrx_word' id='word_1_419' title='bbox 717 3495 953 3566; x_wconf 82' lang='grc' dir='ltr'>τοιούτῳ</span> <span class='ocrx_word' id='word_1_420' title='bbox 986 3496 1339 3567; x_wconf 85' lang='grc' dir='ltr'>προσεοικός;</span> <span class='ocrx_word' id='word_1_421' title='bbox 1377 3497 1408 3568; x_wconf 81' lang='grc' dir='ltr'><strong>ἢ</strong></span> <span class='ocrx_word' id='word_1_422' title='bbox 1441 3495 1557 3558; x_wconf 81' lang='grc' dir='ltr'><strong>πῶς</strong></span> <span class='ocrx_word' id='word_1_423' title='bbox 1585 3497 1646 3548; x_wconf 74' lang='grc' dir='ltr'>τὸ</span> <span class='ocrx_word' id='word_1_424' title='bbox 1677 3495 1751 3566; x_wconf 80' lang='grc' dir='ltr'>μὴ</span> <span class='ocrx_word' id='word_1_425' title='bbox 1787 3496 1867 3560; x_wconf 88' lang='grc' dir='ltr'><strong>είς</strong></span> 
     </span>
    </p>
   </div>
   <div class='ocr_carea' id='block_1_63' title="bbox 253 3585 1864 3658">
    <p class='ocr_par' dir='ltr' id='par_1_63' title="bbox 253 3585 1864 3658">
     <span class='ocr_line' id='line_1_63' title="bbox 253 3585 1864 3658; baseline 0.002 -22"><span class='ocrx_word' id='word_1_426' title='bbox 253 3586 436 3642; x_wconf 69' lang='grc' dir='ltr'>οὐσίαν</span> <span class='ocrx_word' id='word_1_427' title='bbox 465 3586 701 3657; x_wconf 76' lang='grc' dir='ltr'>ἐνεχθὲν</span> <span class='ocrx_word' id='word_1_428' title='bbox 741 3585 824 3655; x_wconf 81' lang='grc' dir='ltr'><strong>τῷ</strong></span> <span class='ocrx_word' id='word_1_429' title='bbox 861 3587 1196 3656; x_wconf 77' lang='grc' dir='ltr'>ὑφεστηκότι</span> <span class='ocrx_word' id='word_1_430' title='bbox 1236 3588 1381 3641; x_wconf 86' lang='grc' dir='ltr'>κατὰ</span> <span class='ocrx_word' id='word_1_431' title='bbox 1409 3587 1501 3640; x_wconf 82' lang='grc' dir='ltr'>τὸν</span> <span class='ocrx_word' id='word_1_432' title='bbox 1544 3587 1645 3658; x_wconf 83' lang='grc' dir='ltr'>τῆς</span> <span class='ocrx_word' id='word_1_433' title='bbox 1691 3590 1864 3658; x_wconf 73' lang='grc' dir='ltr'>ἐμφε-</span> 
     </span>
    </p>
   </div>
   <div class='ocr_carea' id='block_1_64' title="bbox 253 3675 1136 3749">
    <p class='ocr_par' dir='ltr' id='par_1_64' title="bbox 253 3675 1136 3749">
     <span class='ocr_line' id='line_1_64' title="bbox 253 3675 1136 3749; baseline 0 -19"><span class='ocrx_word' id='word_1_434' title='bbox 253 3676 401 3745; x_wconf 71' lang='grc' dir='ltr'>ρείας</span> <span class='ocrx_word' id='word_1_435' title='bbox 432 3677 658 3749; x_wconf 76' lang='grc' dir='ltr'>τρόπον</span> <span class='ocrx_word' id='word_1_436' title='bbox 687 3675 1136 3745; x_wconf 75' lang='grc' dir='ltr'>ἀντεξετάζοιτο;</span> 
     </span>
    </p>
   </div>
   <div class='ocr_carea' id='block_1_65' title="bbox 973 3869 1178 3924">
    <p class='ocr_par' dir='ltr' id='par_1_65' title="bbox 973 3869 1178 3924">
     <span class='ocr_line' id='line_1_65' title="bbox 973 3869 1178 3924; baseline 0.01 -4"><span class='ocrx_word' id='word_1_437' title='bbox 973 3869 1178 3924; x_wconf 78' lang='lat' dir='ltr'><strong>AAAO.</strong></span> 
     </span>
    </p>
   </div>
   <div class='ocr_carea' id='block_1_66' title="bbox 319 3981 1866 4057">
    <p class='ocr_par' dir='ltr' id='par_1_66' title="bbox 319 3981 1866 4057">
     <span class='ocr_line' id='line_1_66' title="bbox 319 3981 1866 4057; baseline -0.002 -20"><span class='ocrx_word' id='word_1_438' title='bbox 319 3984 430 4037; x_wconf 70' lang='grc' dir='ltr'><strong>Καὶ</strong></span> <span class='ocrx_word' id='word_1_439' title='bbox 455 3983 548 4046; x_wconf 81' lang='grc' dir='ltr'><strong>τίς</strong></span> <span class='ocrx_word' id='word_1_440' title='bbox 575 3982 686 4037; x_wconf 81' lang='grc' dir='ltr'><strong>οὐκ</strong></span> <span class='ocrx_word' id='word_1_441' title='bbox 714 3982 784 4036; x_wconf 76' lang='grc' dir='ltr'>ἂν</span> <span class='ocrx_word' id='word_1_442' title='bbox 813 3983 1173 4054; x_wconf 83' lang='grc' dir='ltr'>ὁμολογήσειε</span> <span class='ocrx_word' id='word_1_443' title='bbox 1204 3982 1328 4037; x_wconf 81' lang='grc' dir='ltr'>νοῦν</span> <span class='ocrx_word' id='word_1_444' title='bbox 1359 3982 1499 4053; x_wconf 76' lang='grc' dir='ltr'>ἔχων</span> <span class='ocrx_word' id='word_1_445' title='bbox 1529 3983 1611 4036; x_wconf 82' lang='grc' dir='ltr'>ὅτι</span> <span class='ocrx_word' id='word_1_446' title='bbox 1638 3981 1717 4057; x_wconf 79' lang='grc' dir='ltr'>τῷ</span> <span class='ocrx_word' id='word_1_447' title='bbox 1741 3981 1866 4054; x_wconf 74' lang='grc' dir='ltr'><strong>ζὼιρ</strong></span> 
     </span>
    </p>
   </div>
   <div class='ocr_carea' id='block_1_67' title="bbox 248 4073 1865 4148">
    <p class='ocr_par' dir='ltr' id='par_1_67' title="bbox 248 4073 1865 4148">
     <span class='ocr_line' id='line_1_67' title="bbox 248 4073 1865 4148; baseline 0.002 -21"><span class='ocrx_word' id='word_1_448' title='bbox 437 4074 503 4128; x_wconf 69' lang='grc' dir='ltr'><strong>τὸ</strong></span> <span class='ocrx_word' id='word_1_449' title='bbox 549 4073 701 4138; x_wconf 80' lang='grc' dir='ltr'>ζῶον</span> <span class='ocrx_word' id='word_1_450' title='bbox 761 4076 797 4146; x_wconf 79' lang='grc' dir='ltr'><strong>ἡ</strong></span> <span class='ocrx_word' id='word_1_451' title='bbox 841 4075 1120 4145; x_wconf 82' lang='grc' dir='ltr'><strong>ὁμοιότης,</strong></span> <span class='ocrx_word' id='word_1_452' title='bbox 1170 4077 1263 4128; x_wconf 67' lang='grc' dir='ltr'><strong>καὶ</strong></span> <span class='ocrx_word' id='word_1_453' title='bbox 1309 4076 1387 4145; x_wconf 82' lang='grc' dir='ltr'>τῷ</span> <span class='ocrx_word' id='word_1_454' title='bbox 1428 4075 1502 4147; x_wconf 82' lang='grc' dir='ltr'>μὴ</span> <span class='ocrx_word' id='word_1_455' title='bbox 1554 4075 1677 4147; x_wconf 76' lang='grc' dir='ltr'>ζώιρ</span> <span class='ocrx_word' id='word_1_456' title='bbox 1730 4079 1865 4148; x_wconf 84' lang='grc' dir='ltr'>πρὸς</span> 
     </span>
    </p>
   </div>
   <div class='ocr_carea' id='block_1_68' title="bbox 245 4165 1866 4238">
    <p class='ocr_par' dir='ltr' id='par_1_68' title="bbox 245 4165 1866 4238">
     <span class='ocr_line' id='line_1_68' title="bbox 245 4165 1866 4238; baseline 0.025 -46"><span class='ocrx_word' id='word_1_457' title='bbox 245 4168 305 4220; x_wconf 58' lang='grc' dir='ltr'><strong>τὸ</strong></span> <span class='ocrx_word' id='word_1_458' title='bbox 336 4166 414 4236; x_wconf 61' lang='grc' dir='ltr'>μὴ</span> <span class='ocrx_word' id='word_1_459' title='bbox 442 4165 633 4230; x_wconf 50' lang='grc' dir='ltr'><strong>(ὤση</strong></span> <span class='ocrx_word' id='word_1_460' title='bbox 674 4166 760 4218; x_wconf 66' lang='grc' dir='ltr'><strong>Τὰ</strong></span> <span class='ocrx_word' id='word_1_461' title='bbox 790 4166 900 4236; x_wconf 76' lang='grc' dir='ltr'>γὰρ</span> <span class='ocrx_word' id='word_1_462' title='bbox 933 4166 1225 4237; x_wconf 79' lang='grc' dir='ltr'>ἑτερογενῆ</span> <span class='ocrx_word' id='word_1_463' title='bbox 1260 4166 1355 4219; x_wconf 71' lang='grc' dir='ltr'><strong>καὶ</strong></span> <span class='ocrx_word' id='word_1_464' title='bbox 1385 4167 1562 4236; x_wconf 84' lang='grc' dir='ltr'>πάντη</span> <span class='ocrx_word' id='word_1_465' title='bbox 1600 4167 1696 4238; x_wconf 77' lang='grc' dir='ltr'>τῆς</span> <span class='ocrx_word' id='word_1_466' title='bbox 1730 4167 1866 4238; x_wconf 78' lang='grc' dir='ltr'>πρὸς</span> 
     </span>
    </p>
   </div>
   <div class='ocr_carea' id='block_1_69' title="bbox 247 4256 1865 4328">
    <p class='ocr_par' dir='ltr' id='par_1_69' title="bbox 247 4256 1865 4328">
     <span class='ocr_line' id='line_1_69' title="bbox 247 4256 1865 4328; baseline 0.002 -18"><span class='ocrx_word' id='word_1_467' title='bbox 247 4258 457 4328; x_wconf 62' lang='grc' dir='ltr'>ἄλληλα</span> <span class='ocrx_word' id='word_1_468' title='bbox 508 4259 764 4328; x_wconf 76' lang='grc' dir='ltr'>σχέσεως</span> <span class='ocrx_word' id='word_1_469' title='bbox 801 4256 1052 4326; x_wconf 81' lang='grc' dir='ltr'>φυσικῶς</span> <span class='ocrx_word' id='word_1_470' title='bbox 1084 4257 1513 4328; x_wconf 80' lang='grc' dir='ltr'>διακεκομμένα,</span> <span class='ocrx_word' id='word_1_471' title='bbox 1545 4260 1645 4313; x_wconf 85' lang='grc' dir='ltr'>οὐκ</span> <span class='ocrx_word' id='word_1_472' title='bbox 1675 4262 1740 4315; x_wconf 83' lang='grc' dir='ltr'>ἄν</span> <span class='ocrx_word' id='word_1_473' title='bbox 1781 4279 1865 4325; x_wconf 86' lang='grc' dir='ltr'><strong>τις</strong></span> 
     </span>
    </p>
   </div>
   <div class='ocr_carea' id='block_1_70' title="bbox 252 4346 1864 4421">
    <p class='ocr_par' dir='ltr' id='par_1_70' title="bbox 252 4346 1864 4421">
     <span class='ocr_line' id='line_1_70' title="bbox 252 4346 1864 4421; baseline 0.003 -20"><span class='ocrx_word' id='word_1_474' title='bbox 252 4346 310 4402; x_wconf 80' lang='grc' dir='ltr'>εὖ</span> <span class='ocrx_word' id='word_1_475' title='bbox 366 4349 592 4420; x_wconf 70' lang='grc' dir='ltr'>φρονῶν</span> <span class='ocrx_word' id='word_1_476' title='bbox 647 4348 1007 4416; x_wconf 78' lang='grc' dir='ltr'>ἀντεξετάζοι</span> <span class='ocrx_word' id='word_1_477' title='bbox 1061 4350 1197 4420; x_wconf 74' lang='grc' dir='ltr'>πρὸς</span> <span class='ocrx_word' id='word_1_478' title='bbox 1251 4349 1496 4421; x_wconf 76' lang='grc' dir='ltr'>ἄλληλα,</span> <span class='ocrx_word' id='word_1_479' title='bbox 1534 4351 1656 4404; x_wconf 83' lang='grc' dir='ltr'><strong>οὐδὲ</strong></span> <span class='ocrx_word' id='word_1_480' title='bbox 1706 4353 1864 4406; x_wconf 86' lang='grc' dir='ltr'>τοῦτο</span> 
     </span>
    </p>
   </div>
   <div class='ocr_carea' id='block_1_71' title="bbox 256 4441 1861 4516">
    <p class='ocr_par' dir='ltr' id='par_1_71' title="bbox 256 4441 1861 4516">
     <span class='ocr_line' id='line_1_71' title="bbox 256 4441 1861 4516; baseline 0.004 -22"><span class='ocrx_word' id='word_1_481' title='bbox 256 4443 446 4514; x_wconf 66' lang='grc' dir='ltr'>ἐκείνῳ</span> <span class='ocrx_word' id='word_1_482' title='bbox 462 4441 961 4514; x_wconf 76' lang='grc' dir='ltr'>προσεοικὸς,οὖτε</span> <span class='ocrx_word' id='word_1_483' title='bbox 990 4443 1098 4514; x_wconf 80' lang='grc' dir='ltr'>μὴν</span> <span class='ocrx_word' id='word_1_484' title='bbox 1122 4444 1298 4498; x_wconf 81' lang='grc' dir='ltr'>ἐκεῖνο</span> <span class='ocrx_word' id='word_1_485' title='bbox 1324 4443 1500 4514; x_wconf 79' lang='grc' dir='ltr'>τούτῳ</span> <span class='ocrx_word' id='word_1_486' title='bbox 1527 4447 1752 4516; x_wconf 81' lang='grc' dir='ltr'>φήσειεν</span> <span class='ocrx_word' id='word_1_487' title='bbox 1776 4447 1861 4500; x_wconf 80' lang='grc' dir='ltr'>ἄν.</span> 
     </span>
    </p>
   </div>
   <div class='ocr_carea' id='block_1_72' title="bbox 1969 3308 3562 3378">
    <p class='ocr_par' dir='ltr' id='par_1_72' title="bbox 1969 3308 3562 3378">
     <span class='ocr_line' id='line_1_72' title="bbox 1969 3308 3562 3378; baseline 0.001 -14"><span class='ocrx_word' id='word_1_488' title='bbox 1969 3323 2092 3364; x_wconf 76' lang='lat' dir='ltr'><strong>esse</strong></span> <span class='ocrx_word' id='word_1_489' title='bbox 2123 3309 2300 3362; x_wconf 86' lang='lat' dir='ltr'><strong>vivam</strong></span> <span class='ocrx_word' id='word_1_490' title='bbox 2349 3317 2515 3378; x_wconf 88' lang='lat' dir='ltr'><strong>atque</strong></span> <span class='ocrx_word' id='word_1_491' title='bbox 2570 3308 2950 3374; x_wconf 72' lang='lat' dir='ltr'><strong>exsistentem,</strong></span> <span class='ocrx_word' id='word_1_492' title='bbox 3008 3319 3066 3363; x_wconf 92' lang='lat' dir='ltr'><strong>ut</strong></span> <span class='ocrx_word' id='word_1_493' title='bbox 3123 3308 3342 3375; x_wconf 83' lang='lat' dir='ltr'><strong>Filium,</strong></span> <span class='ocrx_word' id='word_1_494' title='bbox 3380 3310 3562 3378; x_wconf 81' lang='lat' dir='ltr'><strong>inepto</strong></span> 
     </span>
    </p>
   </div>
   <div class='ocr_carea' id='block_1_73' title="bbox 1967 3399 3559 3468">
    <p class='ocr_par' dir='ltr' id='par_1_73' title="bbox 1967 3399 3559 3468">
     <span class='ocr_line' id='line_1_73' title="bbox 1967 3399 3559 3468; baseline -0.001 -14"><span class='ocrx_word' id='word_1_495' title='bbox 1967 3409 2120 3454; x_wconf 85' lang='lat' dir='ltr'><strong>certe</strong></span> <span class='ocrx_word' id='word_1_496' title='bbox 2169 3415 2275 3452; x_wconf 85' lang='lat' dir='ltr'><strong>non</strong></span> <span class='ocrx_word' id='word_1_497' title='bbox 2339 3400 2536 3468; x_wconf 86' lang='lat' dir='ltr'><strong>positis</strong></span> <span class='ocrx_word' id='word_1_498' title='bbox 2589 3399 2796 3454; x_wconf 88' lang='lat' dir='ltr'><strong>duabus</strong></span> <span class='ocrx_word' id='word_1_499' title='bbox 2845 3399 3101 3454; x_wconf 87' lang='lat' dir='ltr'><strong>essentiis</strong></span> <span class='ocrx_word' id='word_1_500' title='bbox 3145 3399 3559 3454; x_wconf 86' lang='lat' dir='ltr'><strong>similitudinem</strong></span> 
     </span>
    </p>
   </div>
   <div class='ocr_carea' id='block_1_74' title="bbox 1965 3487 3561 3560">
    <p class='ocr_par' dir='ltr' id='par_1_74' title="bbox 1965 3487 3561 3560">
     <span class='ocr_line' id='line_1_74' title="bbox 1965 3487 3561 3560; baseline 0 -20"><span class='ocrx_word' id='word_1_501' title='bbox 1965 3488 2234 3557; x_wconf 65' lang='lat' dir='ltr'><strong>quaeritis.</strong></span> <span class='ocrx_word' id='word_1_502' title='bbox 2273 3491 2390 3555; x_wconf 86' lang='lat' dir='ltr'><strong>Quo</strong></span> <span class='ocrx_word' id='word_1_503' title='bbox 2425 3499 2586 3558; x_wconf 85' lang='lat' dir='ltr'><strong>pacto</strong></span> <span class='ocrx_word' id='word_1_504' title='bbox 2629 3489 2774 3543; x_wconf 87' lang='lat' dir='ltr'><strong>enim</strong></span> <span class='ocrx_word' id='word_1_505' title='bbox 2820 3488 2872 3541; x_wconf 93' lang='lat' dir='ltr'><strong>id</strong></span> <span class='ocrx_word' id='word_1_506' title='bbox 2907 3489 3050 3558; x_wconf 88' lang='lat' dir='ltr'><strong>quod</strong></span> <span class='ocrx_word' id='word_1_507' title='bbox 3086 3487 3428 3560; x_wconf 86' lang='lat' dir='ltr'><strong>hypostatice</strong></span> <span class='ocrx_word' id='word_1_508' title='bbox 3462 3503 3561 3543; x_wconf 76' lang='lat' dir='ltr'><strong>ex-</strong></span> 
     </span>
    </p>
   </div>
   <div class='ocr_carea' id='block_1_75' title="bbox 1968 3578 3562 3648">
    <p class='ocr_par' dir='ltr' id='par_1_75' title="bbox 1968 3578 3562 3648">
     <span class='ocr_line' id='line_1_75' title="bbox 1968 3578 3562 3648; baseline -0.002 -14"><span class='ocrx_word' id='word_1_509' title='bbox 1968 3579 2133 3644; x_wconf 89' lang='lat' dir='ltr'><strong>sistit,</strong></span> <span class='ocrx_word' id='word_1_510' title='bbox 2183 3595 2292 3634; x_wconf 89' lang='lat' dir='ltr'><strong>non</strong></span> <span class='ocrx_word' id='word_1_511' title='bbox 2344 3579 2633 3634; x_wconf 84' lang='lat' dir='ltr'><strong>exsistenti</strong></span> <span class='ocrx_word' id='word_1_512' title='bbox 2679 3578 2856 3635; x_wconf 87' lang='lat' dir='ltr'><strong>simile</strong></span> <span class='ocrx_word' id='word_1_513' title='bbox 2902 3579 3007 3634; x_wconf 90' lang='lat' dir='ltr'><strong>dici</strong></span> <span class='ocrx_word' id='word_1_514' title='bbox 3054 3579 3266 3648; x_wconf 86' lang='lat' dir='ltr'><strong>possit?</strong></span> <span class='ocrx_word' id='word_1_515' title='bbox 3312 3587 3406 3632; x_wconf 87' lang='lat' dir='ltr'><strong>aut</strong></span> <span class='ocrx_word' id='word_1_516' title='bbox 3452 3593 3562 3647; x_wconf 89' lang='lat' dir='ltr'><strong>quo</strong></span> 
     </span>
    </p>
   </div>
   <div class='ocr_carea' id='block_1_76' title="bbox 1969 3669 3556 3741">
    <p class='ocr_par' dir='ltr' id='par_1_76' title="bbox 1969 3669 3556 3741">
     <span class='ocr_line' id='line_1_76' title="bbox 1969 3669 3556 3741; baseline -0.005 -11"><span class='ocrx_word' id='word_1_517' title='bbox 1969 3679 2129 3740; x_wconf 78' lang='lat' dir='ltr'><strong>pacto</strong></span> <span class='ocrx_word' id='word_1_518' title='bbox 2155 3672 2208 3726; x_wconf 89' lang='lat' dir='ltr'><strong>id</strong></span> <span class='ocrx_word' id='word_1_519' title='bbox 2237 3671 2380 3740; x_wconf 85' lang='lat' dir='ltr'><strong>quod</strong></span> <span class='ocrx_word' id='word_1_520' title='bbox 2427 3673 2670 3727; x_wconf 81' lang='lat' dir='ltr'><strong>nondum</strong></span> <span class='ocrx_word' id='word_1_521' title='bbox 2720 3671 2786 3724; x_wconf 91' lang='lat' dir='ltr'><strong>ad</strong></span> <span class='ocrx_word' id='word_1_522' title='bbox 2819 3684 2941 3726; x_wconf 86' lang='lat' dir='ltr'><strong>esse</strong></span> <span class='ocrx_word' id='word_1_523' title='bbox 2989 3672 3312 3741; x_wconf 85' lang='lat' dir='ltr'><strong>perductum</strong></span> <span class='ocrx_word' id='word_1_524' title='bbox 3347 3681 3456 3736; x_wconf 89' lang='lat' dir='ltr'><strong>est,</strong></span> <span class='ocrx_word' id='word_1_525' title='bbox 3505 3669 3556 3726; x_wconf 89' lang='lat' dir='ltr'><strong>ei</strong></span> 
     </span>
    </p>
   </div>
   <div class='ocr_carea' id='block_1_77' title="bbox 1967 3763 3561 3836">
    <p class='ocr_par' dir='ltr' id='par_1_77' title="bbox 1967 3763 3561 3836">
     <span class='ocr_line' id='line_1_77' title="bbox 1967 3763 3561 3836; baseline -0.001 -17"><span class='ocrx_word' id='word_1_526' title='bbox 1967 3764 2113 3832; x_wconf 89' lang='lat' dir='ltr'><strong>quod</strong></span> <span class='ocrx_word' id='word_1_527' title='bbox 2135 3764 2248 3832; x_wconf 88' lang='lat' dir='ltr'><strong>jam</strong></span> <span class='ocrx_word' id='word_1_528' title='bbox 2276 3772 2386 3830; x_wconf 86' lang='lat' dir='ltr'><strong>est,</strong></span> <span class='ocrx_word' id='word_1_529' title='bbox 2421 3764 2794 3820; x_wconf 88' lang='lat' dir='ltr'><strong>similitudinis</strong></span> <span class='ocrx_word' id='word_1_530' title='bbox 2828 3764 3042 3820; x_wconf 86' lang='lat' dir='ltr'><strong>ratione</strong></span> <span class='ocrx_word' id='word_1_531' title='bbox 3066 3763 3310 3820; x_wconf 79' lang='lat' dir='ltr'><strong>conferri</strong></span> <span class='ocrx_word' id='word_1_532' title='bbox 3341 3765 3561 3836; x_wconf 81' lang='lat' dir='ltr'><strong>potest?</strong></span> 
     </span>
    </p>
   </div>
   <div class='ocr_carea' id='block_1_78' title="bbox 2645 3877 2878 3932">
    <p class='ocr_par' dir='ltr' id='par_1_78' title="bbox 2645 3877 2878 3932">
     <span class='ocr_line' id='line_1_78' title="bbox 2645 3877 2878 3932; baseline 0 -2"><span class='ocrx_word' id='word_1_533' title='bbox 2645 3877 2878 3932; x_wconf 81' lang='lat' dir='ltr'><strong>ALIUD.</strong></span> 
     </span>
    </p>
   </div>
   <div class='ocr_carea' id='block_1_79' title="bbox 2039 3988 3556 4058">
    <p class='ocr_par' dir='ltr' id='par_1_79' title="bbox 2039 3988 3556 4058">
     <span class='ocr_line' id='line_1_79' title="bbox 2039 3988 3556 4058; baseline -0.002 -13"><span class='ocrx_word' id='word_1_534' title='bbox 2039 3990 2173 4058; x_wconf 85' lang='lat' dir='ltr'><strong>Quis</strong></span> <span class='ocrx_word' id='word_1_535' title='bbox 2203 3992 2346 4046; x_wconf 89' lang='lat' dir='ltr'><strong>enim</strong></span> <span class='ocrx_word' id='word_1_536' title='bbox 2383 4003 2531 4044; x_wconf 69' lang='lat' dir='ltr'><strong>sanae</strong></span> <span class='ocrx_word' id='word_1_537' title='bbox 2561 3989 2761 4044; x_wconf 88' lang='lat' dir='ltr'><strong>mentis</strong></span> <span class='ocrx_word' id='word_1_538' title='bbox 2803 4003 2907 4042; x_wconf 91' lang='lat' dir='ltr'><strong>non</strong></span> <span class='ocrx_word' id='word_1_539' title='bbox 2950 3988 3186 4043; x_wconf 78' lang='lat' dir='ltr'><strong>fateatur</strong></span> <span class='ocrx_word' id='word_1_540' title='bbox 3219 3988 3441 4044; x_wconf 88' lang='lat' dir='ltr'><strong>animali</strong></span> <span class='ocrx_word' id='word_1_541' title='bbox 3489 3990 3556 4042; x_wconf 80' lang='lat' dir='ltr'><strong>ad</strong></span> 
     </span>
    </p>
   </div>
   <div class='ocr_carea' id='block_1_80' title="bbox 1968 4080 3566 4146">
    <p class='ocr_par' dir='ltr' id='par_1_80' title="bbox 1968 4080 3566 4146">
     <span class='ocr_line' id='line_1_80' title="bbox 1968 4080 3566 4146; baseline -0.001 -9"><span class='ocrx_word' id='word_1_542' title='bbox 1968 4083 2168 4137; x_wconf 89' lang='lat' dir='ltr'><strong>animal</strong></span> <span class='ocrx_word' id='word_1_543' title='bbox 2201 4081 2608 4138; x_wconf 89' lang='lat' dir='ltr'><strong>similitudinem</strong></span> <span class='ocrx_word' id='word_1_544' title='bbox 2641 4080 2996 4146; x_wconf 87' lang='lat' dir='ltr'><strong>intercedere,</strong></span> <span class='ocrx_word' id='word_1_545' title='bbox 3030 4088 3084 4132; x_wconf 90' lang='lat' dir='ltr'><strong>et</strong></span> <span class='ocrx_word' id='word_1_546' title='bbox 3107 4095 3211 4133; x_wconf 87' lang='lat' dir='ltr'><strong>non</strong></span> <span class='ocrx_word' id='word_1_547' title='bbox 3236 4080 3456 4134; x_wconf 87' lang='lat' dir='ltr'><strong>animali</strong></span> <span class='ocrx_word' id='word_1_548' title='bbox 3488 4081 3566 4135; x_wconf 85' lang='lat' dir='ltr'><strong>ad</strong></span> 
     </span>
    </p>
   </div>
   <div class='ocr_carea' id='block_1_81' title="bbox 1972 4169 3554 4240">
    <p class='ocr_par' dir='ltr' id='par_1_81' title="bbox 1972 4169 3554 4240">
     <span class='ocr_line' id='line_1_81' title="bbox 1972 4169 3554 4240; baseline -0.003 -11"><span class='ocrx_word' id='word_1_549' title='bbox 1972 4191 2078 4230; x_wconf 91' lang='lat' dir='ltr'><strong>non</strong></span> <span class='ocrx_word' id='word_1_550' title='bbox 2107 4173 2352 4228; x_wconf 90' lang='lat' dir='ltr'><strong>animal?</strong></span> <span class='ocrx_word' id='word_1_551' title='bbox 2397 4171 2530 4225; x_wconf 82' lang='lat' dir='ltr'><strong>Nam</strong></span> <span class='ocrx_word' id='word_1_552' title='bbox 2566 4185 2687 4240; x_wconf 68' lang='lat' dir='ltr'><strong>quae</strong></span> <span class='ocrx_word' id='word_1_553' title='bbox 2723 4169 2921 4227; x_wconf 81' lang='lat' dir='ltr'><strong>diversi</strong></span> <span class='ocrx_word' id='word_1_554' title='bbox 2955 4169 3169 4238; x_wconf 80' lang='lat' dir='ltr'><strong>generis</strong></span> <span class='ocrx_word' id='word_1_555' title='bbox 3218 4179 3365 4238; x_wconf 88' lang='lat' dir='ltr'><strong>sunt,</strong></span> <span class='ocrx_word' id='word_1_556' title='bbox 3401 4181 3456 4224; x_wconf 89' lang='lat' dir='ltr'><strong>et</strong></span> <span class='ocrx_word' id='word_1_557' title='bbox 3487 4173 3554 4224; x_wconf 84' lang='lat' dir='ltr'><strong>ad</strong></span> 
     </span>
    </p>
   </div>
   <div class='ocr_carea' id='block_1_82' title="bbox 1968 4261 3560 4329">
    <p class='ocr_par' dir='ltr' id='par_1_82' title="bbox 1968 4261 3560 4329">
     <span class='ocr_line' id='line_1_82' title="bbox 1968 4261 3560 4329; baseline -0.002 -7"><span class='ocrx_word' id='word_1_558' title='bbox 1968 4267 2200 4322; x_wconf 92' lang='lat' dir='ltr'><strong>invicem</strong></span> <span class='ocrx_word' id='word_1_559' title='bbox 2244 4264 2438 4329; x_wconf 88' lang='lat' dir='ltr'><strong>relata,</strong></span> <span class='ocrx_word' id='word_1_560' title='bbox 2487 4261 2809 4318; x_wconf 88' lang='lat' dir='ltr'><strong>naturaliter</strong></span> <span class='ocrx_word' id='word_1_561' title='bbox 2851 4262 3148 4327; x_wconf 87' lang='lat' dir='ltr'><strong>dissident,</strong></span> <span class='ocrx_word' id='word_1_562' title='bbox 3202 4277 3361 4317; x_wconf 90' lang='lat' dir='ltr'><strong>nemo</strong></span> <span class='ocrx_word' id='word_1_563' title='bbox 3411 4275 3560 4319; x_wconf 83' lang='lat' dir='ltr'><strong>recte</strong></span> 
     </span>
    </p>
   </div>
   <div class='ocr_carea' id='block_1_83' title="bbox 1967 4352 3556 4422">
    <p class='ocr_par' dir='ltr' id='par_1_83' title="bbox 1967 4352 3556 4422">
     <span class='ocr_line' id='line_1_83' title="bbox 1967 4352 3556 4422; baseline -0.001 -12"><span class='ocrx_word' id='word_1_564' title='bbox 1967 4355 2205 4412; x_wconf 84' lang='lat' dir='ltr'><strong>sentiens</strong></span> <span class='ocrx_word' id='word_1_565' title='bbox 2235 4355 2376 4408; x_wconf 91' lang='lat' dir='ltr'><strong>inter</strong></span> <span class='ocrx_word' id='word_1_566' title='bbox 2409 4367 2466 4408; x_wconf 91' lang='lat' dir='ltr'><strong>se</strong></span> <span class='ocrx_word' id='word_1_567' title='bbox 2488 4362 2788 4422; x_wconf 80' lang='lat' dir='ltr'><strong>comparet,</strong></span> <span class='ocrx_word' id='word_1_568' title='bbox 2821 4367 2998 4422; x_wconf 83' lang='lat' dir='ltr'><strong>neque</strong></span> <span class='ocrx_word' id='word_1_569' title='bbox 3033 4352 3134 4409; x_wconf 88' lang='lat' dir='ltr'><strong>hoc</strong></span> <span class='ocrx_word' id='word_1_570' title='bbox 3163 4352 3264 4418; x_wconf 87' lang='lat' dir='ltr'><strong>illi,</strong></span> <span class='ocrx_word' id='word_1_571' title='bbox 3291 4365 3384 4408; x_wconf 89' lang='lat' dir='ltr'><strong>aut</strong></span> <span class='ocrx_word' id='word_1_572' title='bbox 3425 4353 3556 4409; x_wconf 87' lang='lat' dir='ltr'><strong>illud</strong></span> 
     </span>
    </p>
   </div>
   <div class='ocr_carea' id='block_1_84' title="bbox 1968 4443 3552 4516">
    <p class='ocr_par' dir='ltr' id='par_1_84' title="bbox 1968 4443 3552 4516">
     <span class='ocr_line' id='line_1_84' title="bbox 1968 4443 3552 4516; baseline 0 -14"><span class='ocrx_word' id='word_1_573' title='bbox 1968 4449 2094 4503; x_wconf 91' lang='lat' dir='ltr'><strong>huic</strong></span> <span class='ocrx_word' id='word_1_574' title='bbox 2134 4447 2313 4502; x_wconf 88' lang='lat' dir='ltr'><strong>simile</strong></span> <span class='ocrx_word' id='word_1_575' title='bbox 2356 4460 2480 4502; x_wconf 86' lang='lat' dir='ltr'><strong>esse</strong></span> <span class='ocrx_word' id='word_1_576' title='bbox 2514 4445 2680 4500; x_wconf 89' lang='lat' dir='ltr'><strong>dicat.</strong></span> <span class='ocrx_word' id='word_1_577' title='bbox 2712 4443 2914 4510; x_wconf 68' lang='lat' dir='ltr'><strong>Veluti,</strong></span> <span class='ocrx_word' id='word_1_578' title='bbox 2945 4446 3178 4514; x_wconf 77' lang='lat' dir='ltr'><strong>exempli</strong></span> <span class='ocrx_word' id='word_1_579' title='bbox 3210 4448 3406 4516; x_wconf 83' lang='lat' dir='ltr'><strong>gratia,</strong></span> <span class='ocrx_word' id='word_1_580' title='bbox 3442 4459 3552 4502; x_wconf 88' lang='lat' dir='ltr'><strong>sta-</strong></span> 
     </span>
    </p>
   </div>
   <div class='ocr_carea' id='block_1_85' title="bbox 251 4531 1863 4622">
    <p class='ocr_par' dir='ltr' id='par_1_85' title="bbox 251 4531 1860 4611">
     <span class='ocr_line' id='line_1_85' title="bbox 251 4531 1860 4611; baseline 0.002 -22"><span class='ocrx_word' id='word_1_581' title='bbox 251 4531 376 4591; x_wconf 74' lang='grc' dir='ltr'>Οἵον</span> <span class='ocrx_word' id='word_1_582' title='bbox 408 4536 551 4606; x_wconf 74' lang='grc' dir='ltr'>ιρέρε</span> <span class='ocrx_word' id='word_1_583' title='bbox 586 4537 808 4590; x_wconf 74' lang='grc' dir='ltr'>εἰπεῖν’</span> <span class='ocrx_word' id='word_1_584' title='bbox 829 4535 1156 4606; x_wconf 81' lang='grc' dir='ltr'>Ἀνθρωπος</span> <span class='ocrx_word' id='word_1_585' title='bbox 1199 4536 1570 4607; x_wconf 82' lang='grc' dir='ltr'>προσκείσθω,</span> <span class='ocrx_word' id='word_1_586' title='bbox 1606 4537 1638 4608; x_wconf 76' lang='grc' dir='ltr'>ἢ</span> <span class='ocrx_word' id='word_1_587' title='bbox 1674 4538 1860 4611; x_wconf 76' lang='grc' dir='ltr'>ἔτερόν</span> 
     </span>
    </p>
   </div>
   <div class='ocr_carea' id='block_1_86' title="bbox 1969 4531 3559 4622">
    <p class='ocr_par' dir='ltr' id='par_1_86' title="bbox 1971 4537 3559 4607">
     <span class='ocr_line' id='line_1_86' title="bbox 1971 4537 3559 4607; baseline -0.001 -10"><span class='ocrx_word' id='word_1_588' title='bbox 1971 4550 2156 4597; x_wconf 86' lang='lat' dir='ltr'><strong>luatur</strong></span> <span class='ocrx_word' id='word_1_589' title='bbox 2179 4541 2360 4606; x_wconf 84' lang='lat' dir='ltr'><strong>homo,</strong></span> <span class='ocrx_word' id='word_1_590' title='bbox 2397 4547 2490 4594; x_wconf 89' lang='lat' dir='ltr'><strong>ant</strong></span> <span class='ocrx_word' id='word_1_591' title='bbox 2522 4537 2626 4592; x_wconf 87' lang='lat' dir='ltr'><strong>alia</strong></span> <span class='ocrx_word' id='word_1_592' title='bbox 2656 4538 2922 4607; x_wconf 81' lang='lat' dir='ltr'><strong>qmepiam</strong></span> <span class='ocrx_word' id='word_1_593' title='bbox 2954 4539 3256 4592; x_wconf 87' lang='lat' dir='ltr'><strong>substantia</strong></span> <span class='ocrx_word' id='word_1_594' title='bbox 3299 4553 3419 4606; x_wconf 68' lang='grc' dir='ltr'>ηοω</span> <span class='ocrx_word' id='word_1_595' title='bbox 3457 4541 3559 4595; x_wconf 90' lang='lat' dir='ltr'><strong>sub</strong></span> 
     </span>
    </p>
   </div>
   <div class='ocr_carea' id='block_1_87' title="bbox 252 4625 1859 4697">
    <p class='ocr_par' dir='ltr' id='par_1_87' title="bbox 252 4625 1859 4697">
     <span class='ocr_line' id='line_1_87' title="bbox 252 4625 1859 4697; baseline 0.002 -19"><span class='ocrx_word' id='word_1_596' title='bbox 252 4643 304 4679; x_wconf 85' lang='grc' dir='ltr'><strong>τι</strong></span> <span class='ocrx_word' id='word_1_597' title='bbox 335 4628 444 4680; x_wconf 80' lang='grc' dir='ltr'><strong>τῶν</strong></span> <span class='ocrx_word' id='word_1_598' title='bbox 476 4628 665 4680; x_wconf 70' lang='grc' dir='ltr'>ὅντων</span> <span class='ocrx_word' id='word_1_599' title='bbox 715 4627 819 4680; x_wconf 84' lang='grc' dir='ltr'>ὅσα</span> <span class='ocrx_word' id='word_1_600' title='bbox 857 4627 1053 4680; x_wconf 85' lang='grc' dir='ltr'>πίπτει</span> <span class='ocrx_word' id='word_1_601' title='bbox 1092 4625 1228 4696; x_wconf 77' lang='grc' dir='ltr'>πρὸς</span> <span class='ocrx_word' id='word_1_602' title='bbox 1259 4627 1353 4679; x_wconf 84' lang='grc' dir='ltr'>τὸν</span> <span class='ocrx_word' id='word_1_603' title='bbox 1394 4628 1520 4697; x_wconf 82' lang='grc' dir='ltr'>ὅρον</span> <span class='ocrx_word' id='word_1_604' title='bbox 1557 4627 1652 4680; x_wconf 80' lang='grc' dir='ltr'>τοῦ</span> <span class='ocrx_word' id='word_1_605' title='bbox 1698 4628 1859 4694; x_wconf 81' lang='grc' dir='ltr'>ζώον,</span> 
     </span>
    </p>
   </div>
   <div class='ocr_carea' id='block_1_88' title="bbox 253 4719 1861 4792">
    <p class='ocr_par' dir='ltr' id='par_1_88' title="bbox 253 4719 1861 4792">
     <span class='ocr_line' id='line_1_88' title="bbox 253 4719 1861 4792; baseline 0.001 -19"><span class='ocrx_word' id='word_1_606' title='bbox 253 4720 454 4773; x_wconf 77' lang='grc' dir='ltr'>κείσθω</span> <span class='ocrx_word' id='word_1_607' title='bbox 501 4720 608 4773; x_wconf 64' lang='grc' dir='ltr'>καὶ</span> <span class='ocrx_word' id='word_1_608' title='bbox 650 4720 966 4789; x_wconf 83' lang='grc' dir='ltr'>ἐπιστήμη,</span> <span class='ocrx_word' id='word_1_609' title='bbox 1021 4719 1140 4790; x_wconf 74' lang='grc' dir='ltr'>ἦτοι</span> <span class='ocrx_word' id='word_1_610' title='bbox 1176 4719 1358 4788; x_wconf 76' lang='grc' dir='ltr'>σοφία,</span> <span class='ocrx_word' id='word_1_611' title='bbox 1390 4719 1534 4790; x_wconf 54' lang='grc' dir='ltr'>ιῇτοι</span> <span class='ocrx_word' id='word_1_612' title='bbox 1587 4719 1861 4792; x_wconf 85' lang='grc' dir='ltr'>βούλησις,</span> 
     </span>
    </p>
   </div>
   <div class='ocr_carea' id='block_1_89' title="bbox 250 4809 1865 4885">
    <p class='ocr_par' dir='ltr' id='par_1_89' title="bbox 250 4809 1865 4885">
     <span class='ocr_line' id='line_1_89' title="bbox 250 4809 1865 4885; baseline 0 -19"><span class='ocrx_word' id='word_1_613' title='bbox 250 4813 510 4885; x_wconf 70' lang='grc' dir='ltr'>ῆὲτερόν</span> <span class='ocrx_word' id='word_1_614' title='bbox 553 4829 612 4864; x_wconf 89' lang='grc' dir='ltr'><strong>τι</strong></span> <span class='ocrx_word' id='word_1_615' title='bbox 655 4809 769 4864; x_wconf 89' lang='grc' dir='ltr'><strong>τῶν</strong></span> <span class='ocrx_word' id='word_1_616' title='bbox 825 4811 930 4864; x_wconf 85' lang='grc' dir='ltr'>ὃσα</span> <span class='ocrx_word' id='word_1_617' title='bbox 981 4811 1108 4864; x_wconf 78' lang='grc' dir='ltr'>καθ’</span> <span class='ocrx_word' id='word_1_618' title='bbox 1153 4811 1324 4865; x_wconf 80' lang='grc' dir='ltr'>ἑαυτὰ</span> <span class='ocrx_word' id='word_1_619' title='bbox 1366 4810 1466 4864; x_wconf 81' lang='grc' dir='ltr'>οὐκ</span> <span class='ocrx_word' id='word_1_620' title='bbox 1529 4811 1865 4867; x_wconf 81' lang='grc' dir='ltr'>ὲνυπόστατα</span> 
     </span>
    </p>
   </div>
   <div class='ocr_carea' id='block_1_90' title="bbox 254 4901 1865 4978">
    <p class='ocr_par' dir='ltr' id='par_1_90' title="bbox 254 4901 1865 4978">
     <span class='ocr_line' id='line_1_90' title="bbox 254 4901 1865 4978; baseline 0.002 -22"><span class='ocrx_word' id='word_1_621' title='bbox 254 4906 369 4973; x_wconf 71' lang='grc' dir='ltr'>μὲν,</span> <span class='ocrx_word' id='word_1_622' title='bbox 417 4903 739 4975; x_wconf 74' lang='grc' dir='ltr'>ἐνυπάρχει</span> <span class='ocrx_word' id='word_1_623' title='bbox 785 4901 844 4955; x_wconf 88' lang='grc' dir='ltr'><strong>δὲ</strong></span> <span class='ocrx_word' id='word_1_624' title='bbox 887 4903 1038 4974; x_wconf 84' lang='grc' dir='ltr'>ὅμως</span> <span class='ocrx_word' id='word_1_625' title='bbox 1081 4903 1189 4957; x_wconf 84' lang='grc' dir='ltr'><strong>τῶν</strong></span> <span class='ocrx_word' id='word_1_626' title='bbox 1226 4905 1397 4960; x_wconf 76' lang='grc' dir='ltr'>ὄντων</span> <span class='ocrx_word' id='word_1_627' title='bbox 1445 4908 1608 4972; x_wconf 73' lang='grc' dir='ltr'>τισὶν,</span> <span class='ocrx_word' id='word_1_628' title='bbox 1652 4905 1865 4978; x_wconf 80' lang='grc' dir='ltr'>ἀνθρὼ-</span> 
     </span>
    </p>
   </div>
   <div class='ocr_carea' id='block_1_91' title="bbox 256 4990 1864 5068">
    <p class='ocr_par' dir='ltr' id='par_1_91' title="bbox 256 4990 1864 5068">
     <span class='ocr_line' id='line_1_91' title="bbox 256 4990 1864 5068; baseline 0.002 -20"><span class='ocrx_word' id='word_1_629' title='bbox 256 5014 369 5061; x_wconf 78' lang='grc' dir='ltr'>ποις</span> <span class='ocrx_word' id='word_1_630' title='bbox 408 4997 586 5068; x_wconf 77' lang='grc' dir='ltr'>τυχὸν</span> <span class='ocrx_word' id='word_1_631' title='bbox 645 4996 680 5066; x_wconf 80' lang='grc' dir='ltr'>ἢ</span> <span class='ocrx_word' id='word_1_632' title='bbox 741 4995 1019 5062; x_wconf 80' lang='grc' dir='ltr'>ἀγγέλοις.</span> <span class='ocrx_word' id='word_1_633' title='bbox 1070 4990 1197 5068; x_wconf 70' lang='grc' dir='ltr'><strong>’Ἆρ’</strong></span> <span class='ocrx_word' id='word_1_634' title='bbox 1228 4993 1357 5063; x_wconf 77' lang='grc' dir='ltr'>οὖν,</span> <span class='ocrx_word' id='word_1_635' title='bbox 1405 4997 1580 5063; x_wconf 81' lang='grc' dir='ltr'>εἴτις</span> <span class='ocrx_word' id='word_1_636' title='bbox 1621 5000 1714 5053; x_wconf 79' lang='grc' dir='ltr'>τὸν</span> <span class='ocrx_word' id='word_1_637' title='bbox 1771 5001 1864 5054; x_wconf 79' lang='grc' dir='ltr'><strong>ἄν·</strong></span> 
     </span>
    </p>
   </div>
   <div class='ocr_carea' id='block_1_92' title="bbox 261 5085 1860 5161">
    <p class='ocr_par' dir='ltr' id='par_1_92' title="bbox 261 5085 1860 5161">
     <span class='ocr_line' id='line_1_92' title="bbox 261 5085 1860 5161; baseline 0.005 -24"><span class='ocrx_word' id='word_1_638' title='bbox 261 5085 464 5156; x_wconf 69' lang='grc' dir='ltr'>θρωπεν</span> <span class='ocrx_word' id='word_1_639' title='bbox 522 5088 560 5159; x_wconf 78' lang='grc' dir='ltr'>ἢ</span> <span class='ocrx_word' id='word_1_640' title='bbox 615 5087 811 5158; x_wconf 78' lang='grc' dir='ltr'>ἕτερόν</span> <span class='ocrx_word' id='word_1_641' title='bbox 863 5103 918 5141; x_wconf 88' lang='grc' dir='ltr'><strong>τι</strong></span> <span class='ocrx_word' id='word_1_642' title='bbox 976 5085 1117 5152; x_wconf 81' lang='grc' dir='ltr'>ζῶον</span> <span class='ocrx_word' id='word_1_643' title='bbox 1156 5091 1222 5159; x_wconf 76' lang='grc' dir='ltr'>τῇ</span> <span class='ocrx_word' id='word_1_644' title='bbox 1281 5091 1564 5161; x_wconf 78' lang='grc' dir='ltr'>ἐπιστήμῃ</span> <span class='ocrx_word' id='word_1_645' title='bbox 1620 5091 1739 5161; x_wconf 78' lang='grc' dir='ltr'>ἦτοι</span> <span class='ocrx_word' id='word_1_646' title='bbox 1794 5093 1860 5161; x_wconf 80' lang='grc' dir='ltr'><strong>τῇ</strong></span> 
     </span>
    </p>
   </div>
   <div class='ocr_carea' id='block_1_93' title="bbox 267 5181 1863 5254">
    <p class='ocr_par' dir='ltr' id='par_1_93' title="bbox 267 5181 1863 5254">
     <span class='ocr_line' id='line_1_93' title="bbox 267 5181 1863 5254; baseline 0.004 -24"><span class='ocrx_word' id='word_1_647' title='bbox 267 5181 479 5253; x_wconf 58' lang='grc' dir='ltr'><strong>στιφὲᾳῆ</strong></span> <span class='ocrx_word' id='word_1_648' title='bbox 529 5184 608 5254; x_wconf 80' lang='grc' dir='ltr'>τῇ</span> <span class='ocrx_word' id='word_1_649' title='bbox 660 5181 920 5251; x_wconf 80' lang='grc' dir='ltr'>βουλήσει</span> <span class='ocrx_word' id='word_1_650' title='bbox 961 5181 1344 5252; x_wconf 81' lang='grc' dir='ltr'>προσεοικέναι</span> <span class='ocrx_word' id='word_1_651' title='bbox 1385 5183 1633 5252; x_wconf 83' lang='grc' dir='ltr'>φήσειε-ν,</span> <span class='ocrx_word' id='word_1_652' title='bbox 1663 5183 1763 5236; x_wconf 77' lang='grc' dir='ltr'>οὐκ</span> <span class='ocrx_word' id='word_1_653' title='bbox 1790 5183 1863 5254; x_wconf 70' lang='grc' dir='ltr'>ῥν</span> 
     </span>
    </p>
   </div>
   <div class='ocr_carea' id='block_1_94' title="bbox 259 5271 1863 5345">
    <p class='ocr_par' dir='ltr' id='par_1_94' title="bbox 259 5271 1863 5345">
     <span class='ocr_line' id='line_1_94' title="bbox 259 5271 1863 5345; baseline 0.002 -22"><span class='ocrx_word' id='word_1_654' title='bbox 259 5272 481 5338; x_wconf 74' lang='grc' dir='ltr'>εἰκότως</span> <span class='ocrx_word' id='word_1_655' title='bbox 513 5273 748 5344; x_wconf 78' lang='grc' dir='ltr'>μωρίας</span> <span class='ocrx_word' id='word_1_656' title='bbox 773 5271 1008 5344; x_wconf 75' lang='grc' dir='ltr'>όφλήσοι</span> <span class='ocrx_word' id='word_1_657' title='bbox 1042 5273 1276 5343; x_wconf 83' lang='grc' dir='ltr'>γέλωτα,</span> <span class='ocrx_word' id='word_1_658' title='bbox 1305 5274 1376 5327; x_wconf 82' lang='grc' dir='ltr'><strong>τὰ</strong></span> <span class='ocrx_word' id='word_1_659' title='bbox 1419 5273 1584 5345; x_wconf 80' lang='grc' dir='ltr'>μηδὲν</span> <span class='ocrx_word' id='word_1_660' title='bbox 1613 5273 1863 5344; x_wconf 68' lang='grc' dir='ltr'>ἀλλήλοις</span> 
     </span>
    </p>
   </div>
   <div class='ocr_carea' id='block_1_95' title="bbox 255 5366 1864 5438">
    <p class='ocr_par' dir='ltr' id='par_1_95' title="bbox 255 5366 1864 5438">
     <span class='ocr_line' id='line_1_95' title="bbox 255 5366 1864 5438; baseline 0.002 -22"><span class='ocrx_word' id='word_1_661' title='bbox 255 5368 624 5436; x_wconf 73' lang='grc' dir='ltr'>προσεοικότα</span> <span class='ocrx_word' id='word_1_662' title='bbox 662 5366 990 5436; x_wconf 79' lang='grc' dir='ltr'>δοκιμάζειν</span> <span class='ocrx_word' id='word_1_663' title='bbox 1019 5383 1079 5420; x_wconf 90' lang='grc' dir='ltr'><strong>τε</strong></span> <span class='ocrx_word' id='word_1_664' title='bbox 1113 5366 1206 5420; x_wconf 79' lang='grc' dir='ltr'>καὶ</span> <span class='ocrx_word' id='word_1_665' title='bbox 1234 5366 1614 5432; x_wconf 82' lang='grc' dir='ltr'>ἀντεξετάζειν</span> <span class='ocrx_word' id='word_1_666' title='bbox 1655 5368 1864 5438; x_wconf 75' lang='grc' dir='ltr'>ἐπιχει-</span> 
     </span>
    </p>
   </div>
   <div class='ocr_carea' id='block_1_96' title="bbox 253 5457 1860 5531">
    <p class='ocr_par' dir='ltr' id='par_1_96' title="bbox 253 5457 1860 5531">
     <span class='ocr_line' id='line_1_96' title="bbox 253 5457 1860 5531; baseline -0.002 -18"><span class='ocrx_word' id='word_1_667' title='bbox 253 5458 390 5528; x_wconf 77' lang='grc' dir='ltr'>ρῶν;</span> <span class='ocrx_word' id='word_1_668' title='bbox 443 5457 669 5513; x_wconf 80' lang='grc' dir='ltr'>Οὐκοῦν</span> <span class='ocrx_word' id='word_1_669' title='bbox 708 5458 1079 5521; x_wconf 72' lang='grc' dir='ltr'>ἔνυπόστατος</span> <span class='ocrx_word' id='word_1_670' title='bbox 1110 5457 1187 5512; x_wconf 82' lang='grc' dir='ltr'>ὢν</span> <span class='ocrx_word' id='word_1_671' title='bbox 1230 5459 1258 5512; x_wconf 87' lang='grc' dir='ltr'>ὁ</span> <span class='ocrx_word' id='word_1_672' title='bbox 1288 5458 1415 5523; x_wconf 78' lang='grc' dir='ltr'><strong>Υἱὸς</strong></span> <span class='ocrx_word' id='word_1_673' title='bbox 1457 5457 1553 5512; x_wconf 82' lang='grc' dir='ltr'>τοῦ</span> <span class='ocrx_word' id='word_1_674' title='bbox 1600 5457 1759 5524; x_wconf 84' lang='grc' dir='ltr'>Θεοῦ,</span> <span class='ocrx_word' id='word_1_675' title='bbox 1793 5461 1860 5531; x_wconf 76' lang='grc' dir='ltr'>τῇ</span> 
     </span>
    </p>
   </div>
   <div class='ocr_carea' id='block_1_97' title="bbox 249 5549 1858 5623">
    <p class='ocr_par' dir='ltr' id='par_1_97' title="bbox 249 5549 1858 5623">
     <span class='ocr_line' id='line_1_97' title="bbox 249 5549 1858 5623; baseline 0 -20"><span class='ocrx_word' id='word_1_676' title='bbox 249 5551 615 5622; x_wconf 68' lang='grc' dir='ltr'>ἀνυποστάτῳ</span> <span class='ocrx_word' id='word_1_677' title='bbox 651 5550 915 5623; x_wconf 87' lang='grc' dir='ltr'>βουλήσει</span> <span class='ocrx_word' id='word_1_678' title='bbox 959 5552 1082 5603; x_wconf 84' lang='grc' dir='ltr'>κατ’</span> <span class='ocrx_word' id='word_1_679' title='bbox 1108 5550 1263 5603; x_wconf 77' lang='grc' dir='ltr'>οὐδὲν</span> <span class='ocrx_word' id='word_1_680' title='bbox 1303 5549 1457 5605; x_wconf 83' lang='grc' dir='ltr'>ἔσται</span> <span class='ocrx_word' id='word_1_681' title='bbox 1500 5550 1858 5623; x_wconf 83' lang='grc' dir='ltr'>προσεοικώς.</span> 
     </span>
    </p>
   </div>
   <div class='ocr_carea' id='block_1_98' title="bbox 254 5638 1859 5717">
    <p class='ocr_par' dir='ltr' id='par_1_98' title="bbox 254 5638 1859 5717">
     <span class='ocr_line' id='line_1_98' title="bbox 254 5638 1859 5717; baseline 0.002 -22"><span class='ocrx_word' id='word_1_682' title='bbox 254 5638 322 5695; x_wconf 78' lang='grc' dir='ltr'><strong><em>Ἥ</em></strong></span> <span class='ocrx_word' id='word_1_683' title='bbox 348 5644 463 5715; x_wconf 75' lang='grc' dir='ltr'>γὰρ</span> <span class='ocrx_word' id='word_1_684' title='bbox 493 5646 800 5717; x_wconf 74' lang='grc' dir='ltr'>ἀποτόμως</span> <span class='ocrx_word' id='word_1_685' title='bbox 835 5643 1094 5716; x_wconf 81' lang='grc' dir='ltr'>ἀνόμοιον</span> <span class='ocrx_word' id='word_1_686' title='bbox 1122 5639 1288 5700; x_wconf 76' lang='grc' dir='ltr'>εἶναι’</span> <span class='ocrx_word' id='word_1_687' title='bbox 1302 5644 1379 5715; x_wconf 81' lang='grc' dir='ltr'>τῷ</span> <span class='ocrx_word' id='word_1_688' title='bbox 1414 5646 1590 5714; x_wconf 66' lang='lat' dir='ltr'><strong>&quot;arpi.</strong></span> <span class='ocrx_word' id='word_1_689' title='bbox 1621 5645 1859 5715; x_wconf 78' lang='grc' dir='ltr'>λεγέτω-</span> 
     </span>
    </p>
   </div>
   <div class='ocr_carea' id='block_1_99' title="bbox 322 5823 806 5896">
    <p class='ocr_par' dir='ltr' id='par_1_99' title="bbox 322 5823 806 5896">
     <span class='ocr_line' id='line_1_99' title="bbox 322 5823 806 5896; baseline 0.002 -14"><span class='ocrx_word' id='word_1_690' title='bbox 322 5825 368 5858; x_wconf 86' lang='lat'>“</span> <span class='ocrx_word' id='word_1_691' title='bbox 397 5823 557 5882; x_wconf 75' lang='lat' dir='ltr'><strong>Joan.</strong></span> <span class='ocrx_word' id='word_1_692' title='bbox 601 5843 718 5896; x_wconf 78' lang='lat' dir='ltr'><strong>xw,</strong></span> <span class='ocrx_word' id='word_1_693' title='bbox 749 5827 806 5883; x_wconf 84' lang='grc'>6.</span> 
     </span>
    </p>
   </div>
   <div class='ocr_carea' id='block_1_100' title="bbox 1968 4629 3554 4694">
    <p class='ocr_par' dir='ltr' id='par_1_100' title="bbox 1968 4629 3554 4694">
     <span class='ocr_line' id='line_1_100' title="bbox 1968 4629 3554 4694; baseline -0.006 -5"><span class='ocrx_word' id='word_1_694' title='bbox 1968 4634 2339 4691; x_wconf 87' lang='lat' dir='ltr'><strong>dellnitionem</strong></span> <span class='ocrx_word' id='word_1_695' title='bbox 2363 4629 2610 4686; x_wconf 86' lang='lat' dir='ltr'><strong>animalis</strong></span> <span class='ocrx_word' id='word_1_696' title='bbox 2632 4629 2805 4685; x_wconf 89' lang='lat' dir='ltr'><strong>cadit:</strong></span> <span class='ocrx_word' id='word_1_697' title='bbox 2826 4637 3094 4684; x_wconf 87' lang='lat' dir='ltr'><strong>statuatur</strong></span> <span class='ocrx_word' id='word_1_698' title='bbox 3115 4629 3278 4682; x_wconf 91' lang='lat' dir='ltr'><strong>etiam</strong></span> <span class='ocrx_word' id='word_1_699' title='bbox 3305 4629 3554 4694; x_wconf 84' lang='lat' dir='ltr'><strong>scientia,</strong></span> 
     </span>
    </p>
   </div>
   <div class='ocr_carea' id='block_1_101' title="bbox 1971 4718 3554 4796">
    <p class='ocr_par' dir='ltr' id='par_1_101' title="bbox 1971 4718 3554 4796">
     <span class='ocr_line' id='line_1_101' title="bbox 1971 4718 3554 4796; baseline -0.004 -16"><span class='ocrx_word' id='word_1_700' title='bbox 1971 4726 2054 4781; x_wconf 87' lang='lat' dir='ltr'><strong>vel</strong></span> <span class='ocrx_word' id='word_1_701' title='bbox 2089 4726 2380 4796; x_wconf 87' lang='lat' dir='ltr'><strong>sapientia,</strong></span> <span class='ocrx_word' id='word_1_702' title='bbox 2430 4723 2516 4778; x_wconf 89' lang='lat' dir='ltr'><strong>vel</strong></span> <span class='ocrx_word' id='word_1_703' title='bbox 2544 4721 2814 4786; x_wconf 88' lang='lat' dir='ltr'><strong>voluntas,</strong></span> <span class='ocrx_word' id='word_1_704' title='bbox 2862 4720 2946 4773; x_wconf 83' lang='lat' dir='ltr'><strong>vel</strong></span> <span class='ocrx_word' id='word_1_705' title='bbox 2998 4718 3145 4772; x_wconf 88' lang='lat' dir='ltr'><strong>aliud</strong></span> <span class='ocrx_word' id='word_1_706' title='bbox 3193 4719 3321 4788; x_wconf 89' lang='lat' dir='ltr'><strong>quid</strong></span> <span class='ocrx_word' id='word_1_707' title='bbox 3367 4733 3554 4774; x_wconf 88' lang='lat' dir='ltr'><strong>eorum</strong></span> 
     </span>
    </p>
   </div>
   <div class='ocr_carea' id='block_1_102' title="bbox 1971 4811 3556 4887">
    <p class='ocr_par' dir='ltr' id='par_1_102' title="bbox 1971 4811 3556 4887">
     <span class='ocr_line' id='line_1_102' title="bbox 1971 4811 3556 4887; baseline -0.003 -16"><span class='ocrx_word' id='word_1_708' title='bbox 1971 4834 2092 4887; x_wconf 70' lang='lat' dir='ltr'><strong>qute</strong></span> <span class='ocrx_word' id='word_1_709' title='bbox 2117 4833 2222 4871; x_wconf 91' lang='lat' dir='ltr'><strong>non</strong></span> <span class='ocrx_word' id='word_1_710' title='bbox 2250 4816 2520 4872; x_wconf 80' lang='lat' dir='ltr'><strong>exsistunt</strong></span> <span class='ocrx_word' id='word_1_711' title='bbox 2552 4827 2648 4884; x_wconf 80' lang='lat' dir='ltr'><strong>per</strong></span> <span class='ocrx_word' id='word_1_712' title='bbox 2682 4827 2761 4879; x_wconf 86' lang='lat' dir='ltr'><strong>se,</strong></span> <span class='ocrx_word' id='word_1_713' title='bbox 2789 4814 2970 4866; x_wconf 86' lang='lat' dir='ltr'><strong>insunt</strong></span> <span class='ocrx_word' id='word_1_714' title='bbox 2999 4821 3176 4864; x_wconf 87' lang='lat' dir='ltr'><strong>tamen</strong></span> <span class='ocrx_word' id='word_1_715' title='bbox 3204 4811 3346 4875; x_wconf 88' lang='lat' dir='ltr'><strong>aliis,</strong></span> <span class='ocrx_word' id='word_1_716' title='bbox 3377 4811 3556 4866; x_wconf 87' lang='lat' dir='ltr'><strong>homi-</strong></span> 
     </span>
    </p>
   </div>
   <div class='ocr_carea' id='block_1_103' title="bbox 1975 4903 3556 4975">
    <p class='ocr_par' dir='ltr' id='par_1_103' title="bbox 1975 4903 3556 4975">
     <span class='ocr_line' id='line_1_103' title="bbox 1975 4903 3556 4975; baseline -0.006 -10"><span class='ocrx_word' id='word_1_717' title='bbox 1975 4909 2134 4965; x_wconf 88' lang='lat' dir='ltr'><strong>nibus</strong></span> <span class='ocrx_word' id='word_1_718' title='bbox 2162 4911 2414 4966; x_wconf 88' lang='lat' dir='ltr'><strong>nimirum</strong></span> <span class='ocrx_word' id='word_1_719' title='bbox 2444 4907 2528 4961; x_wconf 90' lang='lat' dir='ltr'><strong>vel</strong></span> <span class='ocrx_word' id='word_1_720' title='bbox 2561 4904 2786 4975; x_wconf 77' lang='lat' dir='ltr'><strong>angelis.</strong></span> <span class='ocrx_word' id='word_1_721' title='bbox 2811 4903 2866 4957; x_wconf 92' lang='lat' dir='ltr'><strong>Si</strong></span> <span class='ocrx_word' id='word_1_722' title='bbox 2902 4904 3026 4973; x_wconf 84' lang='lat' dir='ltr'><strong>quis</strong></span> <span class='ocrx_word' id='word_1_723' title='bbox 3058 4903 3220 4972; x_wconf 80' lang='lat' dir='ltr'><strong>igitur</strong></span> <span class='ocrx_word' id='word_1_724' title='bbox 3249 4903 3556 4966; x_wconf 83' lang='lat' dir='ltr'><strong>hominem,</strong></span> 
     </span>
    </p>
   </div>
   <div class='ocr_carea' id='block_1_104' title="bbox 1976 4995 3556 5072">
    <p class='ocr_par' dir='ltr' id='par_1_104' title="bbox 1976 4995 3556 5072">
     <span class='ocr_line' id='line_1_104' title="bbox 1976 4995 3556 5072; baseline -0.005 -15"><span class='ocrx_word' id='word_1_725' title='bbox 1976 5015 2067 5057; x_wconf 91' lang='lat' dir='ltr'><strong>aut</strong></span> <span class='ocrx_word' id='word_1_726' title='bbox 2089 5002 2231 5058; x_wconf 87' lang='lat' dir='ltr'><strong>aliud</strong></span> <span class='ocrx_word' id='word_1_727' title='bbox 2256 5002 2475 5072; x_wconf 84' lang='lat' dir='ltr'><strong>aliquod</strong></span> <span class='ocrx_word' id='word_1_728' title='bbox 2500 4997 2702 5054; x_wconf 87' lang='lat' dir='ltr'><strong>animal</strong></span> <span class='ocrx_word' id='word_1_729' title='bbox 2728 4997 2989 5062; x_wconf 62' lang='lat' dir='ltr'><strong>scientiae,</strong></span> <span class='ocrx_word' id='word_1_730' title='bbox 3013 5005 3106 5051; x_wconf 86' lang='lat' dir='ltr'><strong>aut</strong></span> <span class='ocrx_word' id='word_1_731' title='bbox 3129 4995 3435 5065; x_wconf 68' lang='lat' dir='ltr'><strong>sapientize,</strong></span> <span class='ocrx_word' id='word_1_732' title='bbox 3461 5003 3556 5049; x_wconf 85' lang='lat' dir='ltr'><strong>aut</strong></span> 
     </span>
    </p>
   </div>
   <div class='ocr_carea' id='block_1_105' title="bbox 1974 5087 3557 5154">
    <p class='ocr_par' dir='ltr' id='par_1_105' title="bbox 1974 5087 3557 5154">
     <span class='ocr_line' id='line_1_105' title="bbox 1974 5087 3557 5154; baseline -0.003 -7"><span class='ocrx_word' id='word_1_733' title='bbox 1974 5094 2237 5148; x_wconf 85' lang='lat' dir='ltr'><strong>voluntati</strong></span> <span class='ocrx_word' id='word_1_734' title='bbox 2277 5092 2456 5148; x_wconf 85' lang='lat' dir='ltr'><strong>simile</strong></span> <span class='ocrx_word' id='word_1_735' title='bbox 2477 5106 2598 5146; x_wconf 80' lang='lat' dir='ltr'><strong>esse</strong></span> <span class='ocrx_word' id='word_1_736' title='bbox 2626 5091 2849 5154; x_wconf 75' lang='lat' dir='ltr'><strong>dixerit,</strong></span> <span class='ocrx_word' id='word_1_737' title='bbox 2877 5103 3057 5143; x_wconf 88' lang='lat' dir='ltr'><strong>nonne</strong></span> <span class='ocrx_word' id='word_1_738' title='bbox 3081 5089 3280 5142; x_wconf 88' lang='lat' dir='ltr'><strong>merito</strong></span> <span class='ocrx_word' id='word_1_739' title='bbox 3307 5087 3557 5142; x_wconf 67' lang='lat' dir='ltr'><strong>stultitia!</strong></span> 
     </span>
    </p>
   </div>
   <div class='ocr_carea' id='block_1_106' title="bbox 1972 5178 3557 5253">
    <p class='ocr_par' dir='ltr' id='par_1_106' title="bbox 1972 5178 3557 5253">
     <span class='ocr_line' id='line_1_106' title="bbox 1972 5178 3557 5253; baseline -0.005 -13"><span class='ocrx_word' id='word_1_740' title='bbox 1972 5187 2190 5240; x_wconf 89' lang='lat' dir='ltr'><strong>nomine</strong></span> <span class='ocrx_word' id='word_1_741' title='bbox 2219 5184 2499 5239; x_wconf 85' lang='lat' dir='ltr'><strong>rideatur?</strong></span> <span class='ocrx_word' id='word_1_742' title='bbox 2532 5183 2731 5253; x_wconf 84' lang='lat' dir='ltr'><strong>quippe</strong></span> <span class='ocrx_word' id='word_1_743' title='bbox 2761 5181 2858 5250; x_wconf 83' lang='lat' dir='ltr'><strong>qui</strong></span> <span class='ocrx_word' id='word_1_744' title='bbox 2883 5196 2944 5235; x_wconf 86' lang='lat' dir='ltr'><strong>ea</strong></span> <span class='ocrx_word' id='word_1_745' title='bbox 2974 5181 3169 5249; x_wconf 88' lang='lat' dir='ltr'><strong>quibus</strong></span> <span class='ocrx_word' id='word_1_746' title='bbox 3200 5178 3343 5234; x_wconf 81' lang='lat' dir='ltr'><strong>nulla</strong></span> <span class='ocrx_word' id='word_1_747' title='bbox 3387 5179 3557 5232; x_wconf 86' lang='lat' dir='ltr'><strong>inter-</strong></span> 
     </span>
    </p>
   </div>
   <div class='ocr_carea' id='block_1_107' title="bbox 1967 5270 3564 5344">
    <p class='ocr_par' dir='ltr' id='par_1_107' title="bbox 1967 5270 3564 5344">
     <span class='ocr_line' id='line_1_107' title="bbox 1967 5270 3564 5344; baseline -0.005 -11"><span class='ocrx_word' id='word_1_748' title='bbox 1967 5277 2112 5333; x_wconf 89' lang='lat' dir='ltr'><strong>cedit</strong></span> <span class='ocrx_word' id='word_1_749' title='bbox 2145 5275 2542 5342; x_wconf 83' lang='lat' dir='ltr'><strong>convenientia,</strong></span> <span class='ocrx_word' id='word_1_750' title='bbox 2591 5289 2908 5344; x_wconf 85' lang='lat' dir='ltr'><strong>eomparare</strong></span> <span class='ocrx_word' id='word_1_751' title='bbox 2941 5283 3104 5343; x_wconf 89' lang='lat' dir='ltr'><strong>atque</strong></span> <span class='ocrx_word' id='word_1_752' title='bbox 3132 5271 3386 5326; x_wconf 81' lang='lat' dir='ltr'><strong>conferre</strong></span> <span class='ocrx_word' id='word_1_753' title='bbox 3415 5270 3564 5340; x_wconf 27' lang='lat' dir='ltr'><strong>inter,</strong></span> 
     </span>
    </p>
   </div>
   <div class='ocr_carea' id='block_1_108' title="bbox 1968 5364 3556 5439">
    <p class='ocr_par' dir='ltr' id='par_1_108' title="bbox 1968 5364 3556 5439">
     <span class='ocr_line' id='line_1_108' title="bbox 1968 5364 3556 5439; baseline -0.004 -14"><span class='ocrx_word' id='word_1_754' title='bbox 1968 5385 2026 5425; x_wconf 88' lang='lat' dir='ltr'><strong>se</strong></span> <span class='ocrx_word' id='word_1_755' title='bbox 2081 5369 2232 5425; x_wconf 87' lang='lat' dir='ltr'><strong>velit.</strong></span> <span class='ocrx_word' id='word_1_756' title='bbox 2289 5368 2456 5423; x_wconf 82' lang='lat' dir='ltr'><strong>Filius</strong></span> <span class='ocrx_word' id='word_1_757' title='bbox 2518 5368 2700 5439; x_wconf 84' lang='lat' dir='ltr'><strong>itaque</strong></span> <span class='ocrx_word' id='word_1_758' title='bbox 2743 5367 2832 5422; x_wconf 87' lang='lat' dir='ltr'><strong>Dei</strong></span> <span class='ocrx_word' id='word_1_759' title='bbox 2889 5365 3224 5437; x_wconf 84' lang='lat' dir='ltr'><strong>hypostatiee</strong></span> <span class='ocrx_word' id='word_1_760' title='bbox 3265 5364 3556 5430; x_wconf 79' lang='lat' dir='ltr'><strong>exsistens,</strong></span> 
     </span>
    </p>
   </div>
   <div class='ocr_carea' id='block_1_109' title="bbox 1969 5453 3558 5529">
    <p class='ocr_par' dir='ltr' id='par_1_109' title="bbox 1969 5453 3558 5529">
     <span class='ocr_line' id='line_1_109' title="bbox 1969 5453 3558 5529; baseline -0.003 -17"><span class='ocrx_word' id='word_1_761' title='bbox 1969 5458 2229 5514; x_wconf 81' lang='lat' dir='ltr'><strong>voluntati</strong></span> <span class='ocrx_word' id='word_1_762' title='bbox 2275 5457 2611 5529; x_wconf 85' lang='lat' dir='ltr'><strong>hypostatice</strong></span> <span class='ocrx_word' id='word_1_763' title='bbox 2653 5471 2758 5512; x_wconf 91' lang='lat' dir='ltr'><strong>non</strong></span> <span class='ocrx_word' id='word_1_764' title='bbox 2799 5455 3082 5511; x_wconf 80' lang='lat' dir='ltr'><strong>exsistenti</strong></span> <span class='ocrx_word' id='word_1_765' title='bbox 3118 5453 3262 5507; x_wconf 80' lang='lat' dir='ltr'><strong>nulla</strong></span> <span class='ocrx_word' id='word_1_766' title='bbox 3303 5469 3367 5508; x_wconf 73' lang='lat' dir='ltr'><strong>ex</strong></span> <span class='ocrx_word' id='word_1_767' title='bbox 3404 5463 3558 5522; x_wconf 81' lang='lat' dir='ltr'><strong>parte</strong></span> 
     </span>
    </p>
   </div>
   <div class='ocr_carea' id='block_1_110' title="bbox 1970 5544 3558 5618">
    <p class='ocr_par' dir='ltr' id='par_1_110' title="bbox 1970 5544 3558 5618">
     <span class='ocr_line' id='line_1_110' title="bbox 1970 5544 3558 5618; baseline -0.006 -10"><span class='ocrx_word' id='word_1_768' title='bbox 1970 5552 2168 5608; x_wconf 86' lang='lat' dir='ltr'><strong>similis</strong></span> <span class='ocrx_word' id='word_1_769' title='bbox 2207 5559 2312 5606; x_wconf 90' lang='lat' dir='ltr'><strong>est.</strong></span> <span class='ocrx_word' id='word_1_770' title='bbox 2354 5549 2461 5606; x_wconf 86' lang='lat' dir='ltr'><strong>Aut</strong></span> <span class='ocrx_word' id='word_1_771' title='bbox 2503 5550 2648 5605; x_wconf 91' lang='lat' dir='ltr'><strong>enim</strong></span> <span class='ocrx_word' id='word_1_772' title='bbox 2700 5548 2861 5618; x_wconf 88' lang='lat' dir='ltr'><strong>plane</strong></span> <span class='ocrx_word' id='word_1_773' title='bbox 2890 5545 3209 5602; x_wconf 85' lang='lat' dir='ltr'><strong>dissimilem</strong></span> <span class='ocrx_word' id='word_1_774' title='bbox 3245 5544 3392 5598; x_wconf 70' lang='lat' dir='ltr'><strong>Patri</strong></span> <span class='ocrx_word' id='word_1_775' title='bbox 3435 5558 3558 5599; x_wconf 84' lang='lat' dir='ltr'><strong>csse</strong></span> 
     </span>
    </p>
   </div>
   <div class='ocr_carea' id='block_1_111' title="bbox 1972 5635 3554 5712">
    <p class='ocr_par' dir='ltr' id='par_1_111' title="bbox 1972 5635 3554 5712">
     <span class='ocr_line' id='line_1_111' title="bbox 1972 5635 3554 5712; baseline -0.003 -15"><span class='ocrx_word' id='word_1_776' title='bbox 1972 5642 2175 5709; x_wconf 86' lang='lat' dir='ltr'><strong>dicant,</strong></span> <span class='ocrx_word' id='word_1_777' title='bbox 2219 5651 2276 5697; x_wconf 92' lang='lat' dir='ltr'><strong>et</strong></span> <span class='ocrx_word' id='word_1_778' title='bbox 2329 5649 2518 5712; x_wconf 86' lang='lat' dir='ltr'><strong>aperte</strong></span> <span class='ocrx_word' id='word_1_779' title='bbox 2563 5639 3002 5710; x_wconf 85' lang='lat' dir='ltr'><strong>blasphemantes</strong></span> <span class='ocrx_word' id='word_1_780' title='bbox 3041 5637 3347 5692; x_wconf 74' lang='lat' dir='ltr'><strong>detestandi</strong></span> <span class='ocrx_word' id='word_1_781' title='bbox 3393 5635 3554 5693; x_wconf 83' lang='lat' dir='ltr'><strong>sint:</strong></span> 
     </span>
    </p>
   </div>
  </div>
