4106 6472
579 391 680 448 ωδ
1581 390 1640 443 s.
1684 386 1966 444 cum.”
2008 377 2488 442 ALEXANDitiNl
2526 381 2858 438 ARCIIIEP.
3483 391 3485 393 ί
3760 385 3860 444 tat

579 518 679 565 aut
726 504 770 562 si
822 504 1139 560 necessario
1189 505 1600 559 similitudinem
1647 521 1768 560 cum
1825 506 1985 560 Patre
2036 505 2158 560 Filit

2279 521 2399 571 σαν,
2453 503 2546 556 καὶ
2603 501 2853 573 φανερῶς
2912 499 3324 570 δυσφημοῦντες
3374 497 3764 570 μισείσθωσαν·
3832 506 3867 576 ἦ

581 602 828 656 tribuere
879 597 1100 662 debent,
1141 596 1508 652 necessarium
1554 598 1716 651 etiam
1750 598 1972 652 omnino
2007 597 2170 652 fuerit

581 711 688 749 non
709 709 830 750 esse
853 694 1120 749 voluntati
1145 691 1401 757 similem,
1427 693 1536 764 62
1563 694 1659 748 sed
1680 690 1947 748 Genltori.
1974 691 2170 747 Osten-

580 800 698 840 sutn
730 785 874 840 enim
907 795 993 841 est
1027 784 1169 855 quod
1201 785 1266 838 iis
1296 799 1420 854 quae
1453 785 1507 838 in
1544 784 1784 839 essentia
1813 791 1869 838 et
1894 783 2169 855 hypostasi

577 877 872 940 exsistunt,
896 877 961 931 ad
988 891 1051 931 ea
1077 891 1197 946 quae
1223 876 1535 931 essentialia
1566 885 1622 930 et
1657 876 1997 946 hypostatica
2021 884 2168 942 sunt,

578 969 876 1023 similitudo
927 970 1042 1023 hzee
1087 979 1375 1034 servatur;
1419 983 1528 1022 non
1565 967 1632 1022 ad
1669 982 1730 1022 ea
1773 984 1894 1039 quae
1943 969 2170 1024 alterius

577 1068 709 1112 sunt
737 1059 976 1129 generis,
1006 1066 1062 1112 et
1092 1059 1145 1112 in
1183 1056 1306 1112 aliis
1343 1073 1501 1114 suum
1534 1072 1656 1114 esse
1690 1058 1894 1113 habent
1926 1076 1940 1113 :
1979 1073 2169 1128 quem-

576 1148 866 1203 admodum
918 1148 1187 1218 sapientia
1236 1149 1289 1201 in
1337 1148 1604 1218 sapiente,
1651 1159 1708 1202 et
1752 1148 2004 1204 voluntas
2054 1150 2170 1206 sive

571 1239 860 1296 consilium
893 1240 946 1294 in
979 1240 1197 1295 volente
1229 1238 1312 1295 vel
1337 1239 1711 1295 consultante.

785 1350 1022 1417 ALIUD,
1047 1367 1138 1420 per
1161 1350 1513 1405 reductionem
1543 1351 1615 1404 ad
1639 1351 1950 1407 absurd-um.

642 1465 700 1520 Si
758 1463 1023 1517 voluntati
1059 1461 1241 1519 Patris
1288 1463 1482 1518 similis
1529 1463 1821 1530 exsistens,
1861 1479 1928 1519 ex
1983 1475 2161 1521 vestra

570 1557 864 1619 sententia,
901 1556 1070 1611 Filius
1093 1556 1370 1612 dissimilis
1400 1565 1482 1611 est
1509 1557 1756 1626 genitori,
1789 1559 2156 1613 necessarium

571 1651 794 1703 omnino
831 1648 1018 1713 fuerit,
1053 1663 1227 1719 neque
1263 1649 1594 1702 voluntatem
1629 1649 1861 1704 similem
1901 1665 2025 1705 esse
2059 1652 2168 1706 Deo

572 1757 638 1795 ac
669 1741 1034 1810 Patri;'eujus
1065 1743 1375 1806 character,
1408 1755 1530 1794 cum
1557 1739 1628 1795 sit
1659 1739 1851 1806 Filius,
1884 1741 2168 1798 dissimilis

2276 594 2437 665 εἴπερ
2467 595 2683 664 ἀνάγκη
2709 594 2810 665 τὴν
2833 593 3126 664 ὁμοιότητα
3151 591 3334 646 δοῦναι
3367 591 3446 662 τῷ
3472 590 3584 662 Υίῴ
3609 593 3746 662 πρὸς
3772 593 3863 648 τὸν

2277 687 2519 758 Πατέρα,
2555 687 2770 756 ἀνάγκη
2815 684 2880 757 δὴ
2915 686 3066 738 πᾶσα
3099 685 3174 747 ὡς
3204 685 3304 739 οὐκ
3345 684 3500 739 ἔσται
3531 685 3627 753 τῆς
3668 684 3864 756 βουλή-

2281 796 2416 841 σεως
2461 780 2665 848 ὅμοιος,
2716 776 2854 830 ἀλλὰ
2911 775 3116 847 μᾶλλον
3163 775 3259 829 τοῦ
3299 776 3711 847 γεγεννηκότος.
3763 777 3862 829 Δέ-

2277 869 2485 924 δεικται
2511 871 2619 940 γάρ
2657 869 2738 922 ὅτι
2772 869 2886 930 τοῖς
2915 869 2972 921 ἐν
2997 869 3155 940 οὐσίᾳ
3184 869 3278 922 καὶ
3308 868 3602 923 ὑποστάσει
3630 869 3766 940 πρὸς
3795 868 3865 920 τὰ

2278 961 2494 1016 ἐνοὺσιά
2519 978 2578 1014 τε
2607 960 2699 1014 καὶ
2733 958 3078 1013 ἐνυπόστατα
3112 961 3146 1030 ή
3181 959 3436 1031 ὁμοιότης
3462 961 3495 1028 ἡ
3538 959 3678 1012 κατά
3705 957 3867 1012 τοῦτο

2279 1051 2530 1120 σώζεται,
2555 1051 2615 1104 οὑ
2644 1049 2779 1121 πρὸς
2799 1049 2868 1104 τά
2889 1050 3198 1122 ἑτερογενῆ,
3231 1051 3326 1105 καὶ
3353 1052 3410 1103 ἐν
3434 1049 3642 1121 ἑτέροις
3671 1049 3868 1120 ἔχοντα

2273 1144 2335 1197 τὸ
2364 1141 2524 1210 εἶναι,
2557 1143 2748 1213 ὥσπερ
2790 1144 2823 1214 ή
2875 1143 3037 1212 σοφία
3077 1144 3241 1216 τυχὸν
3269 1145 3328 1199 ἐν
3351 1142 3430 1217 τῷ
3478 1142 3648 1214 σοφῷ,
3692 1143 3788 1196 καὶ
3828 1143 3865 1213 ἡ

2277 1236 2530 1310 βούλησις
2561 1239 2620 1291 ἐν
2645 1237 2724 1310 τῷ
2755 1237 3148 1320 βουλευομένῳ.

2450 1352 2655 1419 ΑΔΛΟ,
2687 1351 2786 1406 διὰ
2821 1351 2933 1420 τῆς
2964 1353 3051 1419 εις
3078 1352 3308 1407 ἄτοπον
3335 1349 3676 1422 ἀπαγωγῆς.

2342 1465 2407 1518 Εἰ
2428 1465 2526 1536 τῆς
2550 1463 2856 1537 βουλήσεως
2873 1463 2968 1519 τοῦ
2996 1465 3209 1537 Πατρύς
3229 1466 3412 1536 ὅμοιος
3436 1463 3533 1530 ὢν,
3551 1462 3672 1517 καθ’
3693 1463 3861 1534 ὑμᾶς,

2269 1556 2299 1608 6
2327 1555 2455 1620 Υἱὸς
2491 1555 2745 1621 ἀνόμοιός
2772 1558 2889 1611 ἐστι
2925 1555 3005 1628 τῷ
3051 1557 3423 1628 γεγεννηκότι,
3462 1555 3678 1624 ἀνάγκη
3711 1557 3866 1608 πᾶσα

2269 1647 2370 1717 τὴν
2399 1647 2654 1719 βούλησιν
2689 1649 2842 1704 οὐδὲν
2884 1650 3262 1722 προσεοικέναι
3302 1649 3380 1721 τῷ
3412 1649 3530 1720 Θεῷ
3561 1650 3655 1703 καὶ
3682 1648 3862 1716 Πατρὶ

2268 1738 2470 1811 λέγειν,
2498 1735 2568 1812 ἦς
2594 1740 2884 1813 χαρακτὴρ
2916 1741 3178 1813 ὑπάρχων
3203 1743 3232 1794 ὁ
3254 1742 3399 1807 Υἱὸς,
3433 1741 3683 1812 ἀνόμοιός
3716 1741 3864 1802 ἐστι,

570 1843 675 1898 cst,
714 1835 1015 1888 secundum
1050 1848 1168 1896 vos,
1202 1832 1373 1888 Patri.
1409 1833 1527 1888 Erit
1567 1833 1752 1902 itaque
1776 1834 1941 1888 etiam
1978 1834 2158 1889 volun-

2267 1831 2389 1885 καθ’
2430 1832 2598 1902 ὑμᾶς,
2647 1832 2726 1904 τῷ
2771 1833 2967 1904 Πατρί.
3005 1834 3202 1888 Ἔσται
3232 1830 3326 1887 οὖν
3359 1833 3456 1886 καὶ
3487 1835 3554 1904 τῇ
3603 1831 3866 1903 βουλήσει

572 1935 685 1981 tate
717 1940 811 1980 sua
861 1925 1143 1980 dissimilis
1189 1923 1369 1979 Pater.
1427 1925 1551 1980 llaec
1597 1926 1742 1980 enim
1793 1926 2044 1996 impietas
2091 1943 2160 1982 ex

569 2018 714 2071 dicto
740 2025 922 2071 vestro
962 2017 1230 2086 sequitur.
1267 2018 1337 2072 At
1373 2018 1418 2072 si
1447 2017 1784 2072 voluntatem
1819 2019 2023 2090 aliquid
2062 2019 2161 2090 hy-

569 2110 838 2176 postatice
869 2110 1156 2180 exsistens
1177 2123 1300 2164 esse
1337 2109 1552 2174 dicetis,
1583 2110 1688 2164 erit
1732 2111 1920 2181 utique
1972 2111 2023 2165 iu
2075 2124 2163 2166 es-

567 2201 743 2256 sentia
786 2199 879 2256 Dei
912 2201 1119 2271 aliquid
1160 2203 1258 2271 ipsi
1311 2202 1595 2258 dissimile.
1644 2201 1780 2257 Nam
1836 2204 1999 2258 etiam
2059 2205 2164 2261 hoc

571 2292 708 2346 ratio
737 2308 831 2348 vos
862 2292 1111 2348 conﬁteri
1137 2303 1315 2362 coget.
1343 2294 1614 2349 Caeterum
1648 2295 1735 2350 hic
1756 2297 2047 2366 qumrenda
2072 2307 2161 2354 est

570 2387 711 2440 ratio
755 2385 1217 2441 dissimilitudinis
1261 2402 1382 2457 quae
1414 2386 1681 2442 voluntati
1719 2389 2008 2445 intercedit
2040 2405 2160 2446 cum

570 2475 751 2533 Patre.
794 2477 850 2533 Si
890 2479 1031 2533 enim
1078 2493 1141 2532 ea
1185 2478 1396 2534 ratione
1439 2478 1719 2534 dissimilis
1761 2487 1846 2535 est
1889 2481 2032 2549 quod
2096 2497 2161 2538 ex

567 2569 746 2638 aliqua
793 2579 948 2638 parte
995 2570 1067 2624 sit
1112 2570 1290 2624 minor
1350 2585 1416 2625 co
1484 2570 1537 2624 id
1590 2571 1734 2639 quod
1786 2571 2052 2640 processit
2093 2587 2160 2628 ex

574 2661 875 2716 substantia
907 2660 1107 2726 Patris,
1140 2663 1246 2715 erit
1288 2660 1443 2731 pejus
1487 2677 1547 2717 se
1594 2677 1660 2718 ac
1701 2662 1886 2719 minus
1933 2681 1946 2718 :
1983 2678 2160 2734 neque

565 2755 717 2810 enim
743 2753 1089 2808 extrinsecus
1126 2755 1296 2808 ascita
1333 2766 1417 2808 est
1467 2754 1739 2820 voluntas,
1778 2754 1874 2812 sed
1923 2771 1988 2811 ex
2040 2755 2159 2826 ipso

565 2845 698 2900 etin
725 2846 864 2913 ipso.
891 2844 1084 2915 Pejora
1113 2856 1292 2901 autem
1317 2860 1380 2900 ex
1406 2862 1464 2901 se
1494 2847 1735 2916 gignere,
1763 2863 1830 2903 ne
1851 2849 1918 2904 iis
1939 2849 2160 2912 quidem

566 2939 658 3005 qui
679 2951 918 2994 creatam
940 2941 1436 3005 habentnaturam,
1470 2940 1723 2996 accidere
1748 2951 1943 3011 potest.
1974 2941 2162 3012 Neque

567 3028 714 3084 enim
752 3029 916 3084 homo
950 3029 1094 3086 aliud
1127 3031 1257 3100 quid
1290 3031 1565 3086 diversum
1604 3048 1632 3087 a
1657 3047 1716 3089 se
1745 3036 2028 3104 generabit
2060 3053 2074 3090 :
2103 3043 2163 3088 ut

568 3135 670 3176 nec
697 3121 843 3176 aliud
871 3122 1101 3191 quodvis
1125 3123 1442 3178 animalium
1483 3125 1691 3181 ratione
1726 3127 2048 3182 carentium.
2101 3126 2160 3182 Si

2264 1926 2332 1995 τῇ
2363 1924 2560 1978 ἐαυτοῦ
2589 1925 2845 1996 ἀνόμοιος
2876 1928 2905 1979 6
2934 1927 3148 1998 Πατήρ.
3199 1925 3371 1981 Τοῦτο
3397 1926 3507 1997 γάρ
3536 1927 3600 1978 ὲκ
3634 1924 3727 1978 τοῦ
3768 1924 3863 1977 λό-

2267 2033 2366 2085 γου
2400 2017 2695 2085 συνάγεται
2735 2017 2795 2070 τὸ
2842 2017 3117 2089 ἀσέϐημα.
3155 2018 3266 2071 Καὶ
3297 2019 3346 2071 εί
3390 2015 3756 2070 ἐνυπόστατόν
3807 2032 3866 2069 τι

2265 2107 2366 2180 τὴν
2395 2106 2650 2180 βούλησιν
2676 2104 2814 2165 εἴναί
2847 2127 3004 2180 φατε,
3031 2110 3146 2164 ἐστι
3174 2127 3227 2163 τι
3260 2111 3479 2174 πάντως
3514 2111 3570 2162 ἐν
3599 2110 3665 2179 τῇ
3699 2108 3867 2178 οὐσίᾳ

2266 2203 2361 2259 τοῦ
2385 2202 2522 2258 Θεοῦ
2552 2203 2613 2256 τὸ
2649 2203 2903 2274 ἀνόμοιον
2932 2203 3118 2256 αὐτοῦ.
3158 2202 3270 2256 Καὶ⁸
3299 2200 3458 2256 τοῦτο
3488 2200 3596 2268 γὰρ
3631 2201 3658 2252 ὁ
3701 2198 3869 2267 λόγος

2268 2296 2697 2368 προσομολογεῖν
2739 2295 2885 2367 ὑμᾶς
2918 2296 3239 2364 ἀναγκάσει.
3291 2294 3430 2348 Ἀλλ’
3464 2293 3653 2348 ἐνθάδε
3691 2291 3868 2362 ζητη-

2267 2388 2390 2442 τέον
2437 2387 2540 2457 τῆς
2569 2389 2957 2458 ἀνομοιότητος
3005 2387 3098 2440 τὸν
3138 2387 3361 2460 τρόπον,
3413 2386 3478 2459 ἣν
3517 2388 3552 2458 ή
3605 2384 3869 2455 βούλησις

2270 2478 2384 2549 ἔχει
2418 2478 2557 2548 πρὸς
2575 2477 2667 2532 τὸν
2697 2477 2934 2548 Πατέρα.
2971 2476 3033 2530 Εἰ
3058 2478 3157 2547 μὲν
3181 2479 3290 2549 γάρ
3317 2477 3393 2542 ὡς
3425 2478 3661 2532 ἐλάττων
3689 2475 3866 2529 αὑτοῦ

2268 2570 2413 2624 κατά
2449 2587 2505 2624 τι
2531 2569 2896 2640 τυγχάνουσα,
2934 2569 3032 2641 τὴν
3061 2571 3353 2640 ὁμοιότητα
3383 2571 3483 2641 τὴν
3527 2569 3662 2640 πρὸς
3694 2569 3870 2622 αὐτὸν

2264 2661 2366 2714 οὐκ
2398 2658 2535 2731 ἔχει,
2562 2659 2624 2713 τὺ
2652 2659 3020 2730 προεληλυθὸς
3051 2662 3117 2714 ἐκ
3143 2661 3242 2731 τῆς
3272 2661 3462 2724 οὐσίας
3491 2659 3584 2713 τοῦ
3619 2660 3865 2732 Πατρδς,

2261 2755 2446 2824 χεῖρον
2498 2751 2663 2806 αὐτοῦ
2719 2751 2815 2805 καὶ
2870 2751 3123 2806 ἔλαττον·
3175 2752 3237 2805 οὑ
3293 2751 3404 2824 γάρ
3457 2751 3674 2817 ἔξωθεν,
3733 2752 3868 2805 οὐδὲ

2265 2844 2592 2898 ἐπείσακτον
2636 2844 2668 2914 ή
2721 2841 2997 2914 βούλησις,
3026 2843 3141 2896 ἀλλ’
3178 2843 3238 2909 ἐξ
3266 2843 3433 2898 αὐτοῦ
3463 2843 3558 2898 καὶ
3593 2844 3650 2897 ἐν
3683 2843 3864 2912 αὐτῷ.

2267 2939 2342 2993 Τὸ
2373 2937 2430 2991 δὲ
2459 2937 2678 3009 χείρονα
2707 2937 2937 3002 τίκτειν,
2977 2937 3099 2991 οὐδὲ
3130 2940 3244 3002 τοῖς
3272 2937 3508 3009 γενητὴν
3542 2919 3870 3009 ἔχουσι’τὴν

2269 3031 2430 3101 φύσιν
2460 3026 2568 3084 οἶδε
2597 3031 2938 3102 συμϐαίνειν.
2967 3031 3101 3086 Οὐδὲ
3129 3030 3237 3102 γὰρ
3269 3029 3555 3101 ἄνθρωπος
3580 3030 3769 3095 ῖέτιερόν
3803 3049 3868 3085 τι

2269 3125 2522 3197 γεννήσει
2551 3126 2681 3197 παρ’
2707 3126 2844 3196 ὅπερ
2865 3125 3013 3178 ἐστὶν
3043 3124 3206 3187 αὑτός
3227 3137 3240 3152 ·
3274 3123 3390 3178 ἀλλ’
3423 3124 3545 3177 οὐδὲ
3574 3123 3760 3194 ἕτερόν
3801 3142 3868 3178 τι

565 3227 722 3279 vero,
755 3213 898 3282 quod
931 3214 1085 3268 nefas
1119 3214 1263 3267 dictu
1292 3224 1396 3284 est,
1426 3217 1604 3271 Patris
1633 3220 1881 3274 voluntas
1906 3232 1974 3273 eo
2005 3219 2158 3274 adui-

2266 3217 2375 3271 τῶν
2404 3217 2614 3286 ἀλόγων
2648 3215 2824 3282 ζώων.
2881 3218 2944 3270 Εἰ
2990 3217 3069 3280 δὲ,
3117 3217 3254 3287 ὅπερ
3288 3216 3350 3270 οὐ
3395 3216 3614 3286 θεμιτὸν
3651 3216 3865 3286 λέγειν,

567 3314 688 3361 lens
717 3314 776 3359 ut
824 3305 998 3374 majus
1041 3306 1245 3375 aliquid
1303 3309 1521 3374 habeat,
1568 3309 1890 3364 dissimilem
1947 3324 2008 3366 se
2057 3311 2159 3367 sibi

566 3395 719 3462 facit,
749 3407 936 3467 utpote
967 3395 1078 3465 jam
1117 3399 1298 3454 minor
1339 3415 1403 3455 ac
1454 3399 1607 3472 pejor
1641 3416 1700 3455 se
1749 3403 2013 3470 redditus,
2055 3417 2164 3474 quo

564 3496 728 3558 pacto
764 3503 872 3542 non
927 3488 1151 3557 impium
1203 3490 1367 3546 fuerit
1401 3492 1545 3547 dictu
1578 3493 1782 3562 aliquid
1826 3507 1949 3550 esse
1989 3495 2164 3566 majus

563 3588 618 3631 et
652 3577 843 3633 melius
875 3578 1078 3635 Patre?
1123 3579 1179 3636 Si
1226 3597 1356 3637 vero
1408 3599 1586 3654 neque
1632 3586 1756 3652 hoc,
1807 3601 1983 3656 neque
2031 3587 2160 3642 illud

563 3672 894 3735 concedetis,
935 3682 990 3726 et
1021 3671 1355 3728 voluntatem
1388 3691 1495 3730 non
1541 3691 1638 3746 per
1671 3693 1729 3732 se
1775 3677 2160 3735 subsistentem

563 3775 687 3816 esse
717 3761 910 3816 dicetis
940 3771 1106 3831 atque
1134 3762 1207 3817 ita
1248 3772 1309 3818 ut
1354 3765 1407 3818 in
1455 3766 1612 3821 nobis
1655 3767 2006 3841 intellectam,
2055 3785 2161 3841 quo

565 3861 723 3920 pacto
753 3855 914 3907 etiam
951 3853 1079 3910 hinc
1113 3858 1366 3912 statuetis
1401 3857 1722 3913 dissimilem
1752 3859 1876 3914 esse
1897 3839 2158 3917 volun—ta-

567 3955 673 3998 tem
699 3943 845 3998 Patri
869 3946 892 3998 ?
916 3942 1049 3999 Nam
1090 3946 1134 4000 si
1168 3947 1240 4001 ita
1272 3957 1379 4013 est,
1417 3948 1691 4004 videbitur
1726 3949 1887 4004 Pater
1927 3950 2161 4009 voluisse

564 4051 684 4106 quae
716 4037 816 4092 sibi
847 4038 1071 4094 minime
1097 4040 1432 4095 conveniunt
1463 4057 1475 4096 :
1511 4042 1662 4111 quod
1689 4041 1772 4098 vel
1801 4041 1916 4098 sola
1952 4045 2157 4116 cogita-

566 4133 712 4186 tione
739 4130 1032 4186 absurdum
1064 4140 1168 4188 est.

1250 4223 1482 4280 ALIUD.

639 4339 798 4394 Ratio
829 4339 940 4409 ipsa
969 4349 1246 4407 voscoget
1277 4347 1337 4393 ιιι
1364 4341 1527 4395 etiam
1563 4341 1717 4396 inviti
1744 4342 1879 4399 Filio
1912 4343 2157 4400 similitu-

563 4431 744 4487 dinem
773 4447 896 4485 cum
934 4430 1097 4486 Patre
1139 4431 1410 4487 tribuatis.
1436 4433 1875 4489 Demonstratum
1903 4437 2046 4492 enim
2073 4443 2157 4491 est

2267 3311 2363 3365 ἐπὶ
2391 3309 2452 3364 τὸ
2489 3310 2672 3381 μεῖζον
2701 3310 2848 3382 ἔχειν
2881 3328 2937 3364 τι
2965 3309 3252 3382 δραμοῦσα
3285 3309 3380 3362 τοῦ
3415 3309 3626 3381 Πατρὺς
3665 3312 3699 3380 ή
3731 3309 3871 3381 βού-

2266 3404 2422 3476 λησις
2442 3401 2608 3457 αὐτοῦ
2632 3402 2731 3474 τὴν
2765 3403 2904 3475 πρὸς
2945 3403 3106 3458 αὑτὸν
3139 3403 3501 3475 ἀνομοιότητα
3527 3401 3667 3456 κατά
3697 3401 3871 3458 τοῦτο

2267 3499 2444 3568 φορεῖ,
2487 3496 2563 3560 ὼς
2595 3496 2733 3568 πρὸς
2783 3495 3041 3550 ἐλάττονα
3092 3496 3125 3567 ἢ
3174 3495 3316 3550 κατά
3356 3513 3410 3549 τι
3450 3497 3688 3568 χείρονα,
3737 3497 3868 3561 πῶς

2265 3588 2366 3642 οὐκ
2392 3586 2591 3651 ἀσεϐὲς
2622 3585 2807 3656 μεῖζόν
2844 3603 2899 3639 τι
2929 3585 3024 3639 καὶ
3054 3587 3302 3658 κρεῖττον
3343 3584 3438 3639 τοῦ
3472 3584 3684 3657 Πατρός
3713 3582 3867 3640 εἶναι

2264 3677 2482 3748 λέγειν;
2511 3678 2576 3732 Εἰ
2621 3677 2678 3730 δὲ
2715 3679 2853 3749 μήτε
2889 3675 3047 3730 τοῦτο
3080 3676 3302 3745 δώσετε,
3353 3679 3490 3750 μήτε
3523 3679 3721 3744 ἐκεῖνο,
3769 3679 3869 3734 ἀνι-

2265 3770 2564 3825 υπόστατόν
2610 3785 2672 3823 τε
2723 3770 2822 3841 τὴν
2857 3769 3112 3840 βούλησιν
3150 3767 3288 3822 εἶναι
3341 3769 3708 3842 ὁμολογήσετε
3758 3775 3870 3828 καὶ

2263 3863 2408 3916 οὑτω
2459 3862 2756 3932 νοουμένην
2809 3860 2998 3932 ὥσπερ
3048 3860 3133 3930 ἐφ’
3172 3860 3351 3933 ήμῶν,
3401 3861 3518 3926 πῶς
3571 3863 3865 3918 κάνταῦθα

2263 3956 2460 4029 θήσετε
2486 3956 2738 4026 ἀνόμοιον
2757 3949 2897 4009 εἶναι
2920 3955 3019 4025 τήν
3048 3952 3302 4026 βούλησιν
3322 3954 3400 4026 τῷ
3421 3956 3631 4027 Πατρί;
3656 3956 3866 4012 Ἔσται

2263 4051 2393 4120 γὰρ,
2427 4049 2494 4104 ἂν
2537 4047 2708 4111 οὕτως
2748 4046 2866 4120 ἔχῃ,
2909 4046 2977 4100 τά
3014 4046 3192 4118 ἐαυτῷ
3229 4047 3303 4118 μὴ
3344 4047 3620 4118 πρέποντα
3657 4048 3860 4124 βουλη..

2264 4142 2376 4202 θείς
2401 4159 2412 4171 ’
2448 4143 2584 4212 ὅπερ
2610 4140 2729 4193 ἐστὶ
2759 4137 2853 4193 καὶ
2883 4138 3043 4209 μόνον
3073 4139 3275 4191 ἐννοεῖν
3315 4138 3686 4197 ἀτοπώτατον.

2959 4227 3170 4283 ΛΛΛΟ.

2344 4343 2401 4395 Ὀ
2431 4342 2587 4410 λόγος
2628 4340 2930 4408 ἀναγκάσει
2976 4339 3071 4393 καὶ
3100 4337 3334 4404 ἄκοντας
3364 4340 3512 4412 ὑμᾶς
3555 4339 3738 4396 δοῦναι
3768 4341 3861 4413 τῷ

2260 4435 2373 4508 Υἱῷ
2401 4435 2500 4508 τὴν
2536 4433 2833 4504 ὁμοιότητα
2875 4432 2975 4504 τὴν
3011 4433 3148 4504 πρὸς
3187 4431 3281 4486 τὸν
3312 4433 3555 4505 Πατέρα.
3603 4433 3855 4507 Ἐδείχθη

563 4522 1014 4579 absurdissimum
1048 4536 1190 4588 esse,
1241 4523 1283 4576 si
1317 4523 1440 4591 quis
1485 4526 1673 4580 credat
1714 4525 1884 4581 Deum
1917 4527 2154 4586 voluisse

2264 4526 2366 4596 γὰρ
2394 4524 2516 4577 λίαν
2545 4524 2892 4577 ἀτοπώτατον
2921 4521 2980 4576 ὃν
3011 4523 3070 4576 τὸ
3105 4519 3400 4588 πιστεύειν,
3448 4521 3518 4577 τά
3567 4524 3645 4595 μὴ
3695 4525 3858 4596 αὑτῴ

561 4630 627 4670 ea
654 4627 776 4684 qua:
808 4615 910 4670 sibi
952 4629 1293 4684 nequaquam
1338 4617 1690 4683 conveniunt,
1735 4619 1807 4672 ita
1846 4628 1906 4672 ut
1932 4633 2153 4676 necesse

560 4710 786 4764 omnino
818 4709 892 4764 sit
935 4707 1268 4764 voluntatem
1306 4723 1458 4762 suam
1501 4710 1734 4766 similem
1772 4709 1872 4765 sibi
1917 4726 2060 4769 esse.
2092 4710 2148 4766 Si

559 4818 692 4872 ergo
723 4801 969 4856 voluntas
1003 4799 1197 4856 similis
1225 4807 1310 4855 est
1345 4801 1514 4866 Patri,
1551 4801 1718 4857 Filius
1749 4812 1929 4857 autem
1962 4803 2152 4858 volun-

563 4895 660 4951 tati
695 4915 710 4951 ε
742 4895 847 4950 erit
867 4893 1176 4950 necessario
1202 4894 1396 4949 tertius
1420 4895 1616 4948 similis
1645 4895 1839 4964 primo.
1874 4894 2007 4949 Nam
2027 4911 2149 4965 quae

563 4988 615 5043 in
636 4988 812 5042 medio
831 4987 1002 5056 posita
1018 4994 1098 5042 est
1114 4984 1384 5050 voluntas,
1399 4985 1508 5057 63
1523 4984 1821 5041 naturalem
1836 4985 2148 5041 similitudi-

561 5093 686 5135 nem
713 5078 830 5148 ejus
861 5081 951 5147 qui
973 5091 1093 5133 eam
1121 5077 1288 5147 gignit
1313 5077 1649 5146 exprimens,
1674 5078 1820 5133 dedit
1844 5093 1962 5132 eam
1991 5076 2144 5142 Filio,

557 5168 711 5239 juxta
739 5180 976 5225 vestram
1002 5169 1330 5224 sententiam
1357 5182 1372 5221 :
1402 5170 1503 5223 hac
1528 5168 1692 5240 igitur
1715 5170 1922 5226 ratione
1949 5170 2144 5225 similis

563 5262 708 5316 Patri
733 5259 924 5324 Filius,
949 5260 1114 5314 ctiam
1145 5260 1456 5316 nolentibus
1481 5259 1654 5326 vobis,
1689 5260 2144 5331 deprehendetur.

561 5357 696 5409 tium
729 5365 859 5406 vero
899 5351 1204 5406 intermedii
1242 5351 1374 5406 nihil
1407 5355 1479 5408 sit
1523 5352 1666 5407 inter
1703 5351 1916 5408 Patrem
1955 5365 2012 5408 et
2052 5353 2144 5408 Fi-

564 5445 714 5522 lium,
759 5442 996 5499 cessabit
1035 5445 1256 5500 omnino
1289 5452 1345 5499 et
1379 5459 1775 5515 supervacanea
1815 5444 1923 5498 erit
1967 5452 2144 5500 vestra

561 5538 627 5590 de
655 5533 944 5591 .voluntate
982 5537 1122 5592 ratio
1160 5555 1174 5592 :
1229 5535 1481 5605 nulloque
1527 5536 1920 5591 interveniente
1973 5533 2144 5591 Filius

562 5630 665 5688 erit
696 5629 1012 5688 immediate
1040 5631 1335 5686 secundum
1367 5638 1617 5684 naturam
1649 5627 1842 5683 similis
1874 5627 2044 5683 Patri.

1224 5741 1453 5798 ALIUD.

631 5836 882 5918 Christus
910 5839 961 5899 in
993 5839 1283 5927 Scriptura.
1303 5842 1531 5922 vocatur
1578 5832 1816 5905 potentia
1842 5841 1898 5890 et
1930 5833 2142 5922 sapient

2261 4615 2541 4687 πρέποντα
2572 4612 2930 4683 βεϐουλῆσθαι
2957 4611 3112 4676 Θεὸν,
3141 4612 3218 4677 ὡς
3256 4613 3504 4686 ἀνάγκην
3543 4611 3683 4668 εἶναι
3733 4619 3854 4670 πᾶ-

2260 4727 2360 4764 σαν
2405 4709 2644 4762 ἐοικυῖαν
2683 4707 2833 4778 αὐτῷ
2879 4707 2977 4778 τὴν
3027 4708 3284 4780 βούλησιν
3333 4709 3501 4764 αὑτοῦ
3547 4711 3743 4780 λέγειν.
3783 4715 3855 4768 Εἰ

2257 4801 2436 4854 τοίνυν
2465 4802 2498 4869 ἠ
2545 4799 2642 4870 μὲν
2686 4797 2940 4869 βούλησις
2968 4797 3111 4853 ἔοικε
3139 4799 3216 4870 τῷ
3252 4801 3449 4874 Πατρὶ,
3479 4803 3509 4854 6
3538 4802 3594 4854 δὲ
3621 4801 3750 4866 Υἱὸς
3777 4808 3852 4876 τῇ

2259 4891 2532 4962 βουλήσει,
2562 4890 2716 4944 ἔσται
2742 4891 2956 4955 πάντως
2986 4893 3015 4944 6
3041 4891 3226 4962 τρίτος
3255 4892 3332 4962 τῷ
3364 4893 3565 4965 πρώτῳ
3597 4911 3854 4966 προσεοι-

2257 4980 2385 5045 κώς.
2437 4979 2501 5033 Ἠ
2534 4980 2641 5052 γάρ
2671 4981 2729 5034 ἐν
2757 4979 2835 5051 τῷ
2877 4981 3027 5052 μέσῳ
3057 4982 3285 5054 κειμένη
3317 4983 3592 5055 βούλησις,
3625 4986 3722 5054 τὴν
3747 4986 3854 5040 τοῦ

2253 5073 2509 5136 τεκόντος
2563 5073 2727 5128 αὐτὸν
2782 5073 3020 5144 φυσικὴν
3069 5075 3371 5146 ἐμφέρειαν
3415 5076 3852 5150 ἀναμαξαμένη.

2254 5165 2486 5220 δέδωκεν
2529 5163 2703 5236 αὐτήν
2757 5163 2836 5234 τῷ
2876 5165 3010 5236 Υἱῷ,
3061 5166 3182 5220 καθ’
3219 5168 3391 5238 ὑμᾶς’
3439 5167 3582 5221 οὑτω
3619 5168 3718 5238 μὲν
3748 5165 3856 5224 οὖν

2252 5257 2330 5329 τῷ
2361 5257 2538 5329 Πατρὶ
2585 5255 2942 5328 προσεοικὼς,
2981 5259 3076 5312 καὶ
3107 5257 3182 5331 μὴ
3226 5258 3569 5330 βουλομένων
3603 5260 3783 5331 ὑμῶν,
3818 5263 3858 5315 6

2255 5349 2384 5413 Υἱὸς
2413 5347 2790 5420 εὑρεθήσεται.
2833 5347 3051 5420 Ἐπειδὴ
3098 5348 3156 5402 δὲ
3198 5348 3350 5402 οὐδέν
3383 5350 3500 5402 ἐστι
3529 5348 3592 5402 τὸ
3635 5347 3851 5419 μεταξὺ

2253 5439 2466 5510 Πατρὸς
2505 5439 2600 5492 καὶ
2632 5435 2786 5502 Υῐοῦ,
2819 5437 3056 5510 ἀργήσει
3107 5439 3206 5510 μὲν
3250 5440 3471 5504 πάντως
3503 5441 3532 5494 ό
3565 5440 3696 5510 περὶ
3738 5443 3850 5511 τῆς

2254 5531 2562 5603 βουλήσεως
2616 5531 2811 5600 λόγος,
2865 5533 2962 5586 καὶ⁸
3013 5531 3226 5596 οὐδενὸς
3277 5532 3356 5586 ἔτι
3411 5532 3850 5602 μεσολαϐοῦντος

2252 5625 2538 5698 προσεχῶς
2562 5626 2590 5678 ὁ
2625 5624 2751 5689 Υἱὸς
2781 5624 2935 5678 ἔσται
2964 5623 3107 5679 κατὰ
3141 5626 3304 5694 φύσιν
3324 5627 3510 5698 ὅμοιος
3533 5625 3610 5702 τῷ
3641 5625 3841 5699 Πατρί.

2943 5740 3146 5794 ΑΛΛΟ.

2321 5835 2634 5908 Γέγραπται
2664 5833 2901 5905 Χριστὸς
2926 5832 3062 5888 Θεοῦ
3092 5832 3326 5906 δύναμις
3353 5834 3447 5890 καὶ
3475 5832 3612 5888 Θεοῦ
3655 5828 3840 5900 σοφία.

4039 3573 4041 3602 l

4037 3669 4041 3700 1

4035 3853 4041 3888 l
