  <div class='ocr_page' id='page_1' title='image "/cluster/home/n/w/nwhite01/storage/ocr_20150623/75:no.8/coo.31924054869767/060.png"; bbox 0 0 4106 6432; ppageno 0'>
   <div class='ocr_carea' id='block_1_1' title="bbox 369 335 1965 408">
    <p class='ocr_par' dir='ltr' id='par_1_1' title="bbox 369 335 1965 407">
     <span class='ocr_line' id='line_1_1' title="bbox 369 335 1965 407; baseline -0.011 0"><span class='ocrx_word' id='word_1_1' title='bbox 369 351 480 407; x_wconf 72' lang='grc'><strong>103</strong></span> <span class='ocrx_word' id='word_1_2' title='bbox 1812 335 1965 391; x_wconf 74' lang='lat' dir='ltr'><strong>THE!</strong></span> 
     </span>
    </p>
   </div>
   <div class='ocr_carea' id='block_1_2' title="bbox 2066 335 3655 408">
    <p class='ocr_par' dir='ltr' id='par_1_2' title="bbox 2066 337 3655 408">
     <span class='ocr_line' id='line_1_2' title="bbox 2066 337 3655 408; baseline 0.009 -14"><span class='ocrx_word' id='word_1_3' title='bbox 2066 337 2262 394; x_wconf 77' lang='lat' dir='ltr'><strong>UllUS.</strong></span> <span class='ocrx_word' id='word_1_4' title='bbox 3552 351 3655 408; x_wconf 82' lang='lat' dir='ltr'><strong>I06</strong></span> 
     </span>
    </p>
   </div>
   <div class='ocr_carea' id='block_1_3' title="bbox 363 454 1965 534">
    <p class='ocr_par' dir='ltr' id='par_1_3' title="bbox 363 454 1965 530">
     <span class='ocr_line' id='line_1_3' title="bbox 363 454 1965 530; baseline -0.005 -14"><span class='ocrx_word' id='word_1_5' title='bbox 363 464 430 516; x_wconf 76' lang='lat' dir='ltr'><strong>Ei</strong></span> <span class='ocrx_word' id='word_1_6' title='bbox 453 461 646 514; x_wconf 81' lang='grc' dir='ltr'>τοίνυν</span> <span class='ocrx_word' id='word_1_7' title='bbox 683 461 720 530; x_wconf 83' lang='grc' dir='ltr'>ὴ</span> <span class='ocrx_word' id='word_1_8' title='bbox 756 458 1009 529; x_wconf 72' lang='grc' dir='ltr'>βούλησις</span> <span class='ocrx_word' id='word_1_9' title='bbox 1052 459 1152 513; x_wconf 79' lang='grc' dir='ltr'><strong>τοῦ</strong></span> <span class='ocrx_word' id='word_1_10' title='bbox 1193 458 1405 530; x_wconf 82' lang='grc' dir='ltr'>Πατρὺς</span> <span class='ocrx_word' id='word_1_11' title='bbox 1439 454 1836 529; x_wconf 76' lang='grc' dir='ltr'><strong>χαρακτηρίζει</strong></span> <span class='ocrx_word' id='word_1_12' title='bbox 1871 457 1965 524; x_wconf 78' lang='grc' dir='ltr'>τήν</span> 
     </span>
    </p>
   </div>
   <div class='ocr_carea' id='block_1_4' title="bbox 2066 454 3655 534">
    <p class='ocr_par' dir='ltr' id='par_1_4' title="bbox 2084 455 3655 534">
     <span class='ocr_line' id='line_1_4' title="bbox 2084 455 3655 534; baseline 0.007 -27"><span class='ocrx_word' id='word_1_13' title='bbox 2084 455 2156 508; x_wconf 89' lang='lat' dir='ltr'><strong>tia</strong></span> <span class='ocrx_word' id='word_1_14' title='bbox 2186 455 2279 511; x_wconf 89' lang='lat' dir='ltr'><strong>Dei</strong></span> <span class='ocrx_word' id='word_1_15' title='bbox 2307 457 2374 511; x_wconf 62' lang='lat'><strong>3&#39;.</strong></span> <span class='ocrx_word' id='word_1_16' title='bbox 2405 457 2461 512; x_wconf 85' lang='lat' dir='ltr'><strong>Si</strong></span> <span class='ocrx_word' id='word_1_17' title='bbox 2490 472 2620 527; x_wconf 80' lang='lat' dir='ltr'><strong>ergo</strong></span> <span class='ocrx_word' id='word_1_18' title='bbox 2660 461 2913 517; x_wconf 73' lang='lat' dir='ltr'><strong>voluntas</strong></span> <span class='ocrx_word' id='word_1_19' title='bbox 2962 464 3054 519; x_wconf 85' lang='lat' dir='ltr'><strong>Dei</strong></span> <span class='ocrx_word' id='word_1_20' title='bbox 3105 464 3359 534; x_wconf 69' lang='lat' dir='ltr'><strong>exprimit</strong></span> <span class='ocrx_word' id='word_1_21' title='bbox 3405 480 3471 519; x_wconf 82' lang='lat' dir='ltr'><strong>ac</strong></span> <span class='ocrx_word' id='word_1_22' title='bbox 3507 475 3655 522; x_wconf 80' lang='lat' dir='ltr'><strong>notat</strong></span> 
     </span>
    </p>
   </div>
   <div class='ocr_carea' id='block_1_5' title="bbox 360 546 1965 619">
    <p class='ocr_par' dir='ltr' id='par_1_5' title="bbox 360 546 1965 619">
     <span class='ocr_line' id='line_1_5' title="bbox 360 546 1965 619; baseline -0.004 -15"><span class='ocrx_word' id='word_1_23' title='bbox 360 569 423 604; x_wconf 84' lang='grc' dir='ltr'><strong>τε</strong></span> <span class='ocrx_word' id='word_1_24' title='bbox 470 550 715 619; x_wconf 71' lang='grc' dir='ltr'>δύναμιν</span> <span class='ocrx_word' id='word_1_25' title='bbox 765 550 863 603; x_wconf 78' lang='grc' dir='ltr'><strong>καὶ</strong></span> <span class='ocrx_word' id='word_1_26' title='bbox 914 550 1108 618; x_wconf 78' lang='grc' dir='ltr'>σοφίαν</span> <span class='ocrx_word' id='word_1_27' title='bbox 1161 549 1351 615; x_wconf 78' lang='grc' dir='ltr'>αὑτοῦ,</span> <span class='ocrx_word' id='word_1_28' title='bbox 1391 547 1641 601; x_wconf 81' lang='grc' dir='ltr'><strong>τουτέστι</strong></span> <span class='ocrx_word' id='word_1_29' title='bbox 1681 546 1774 600; x_wconf 75' lang='grc' dir='ltr'>τὸν</span> <span class='ocrx_word' id='word_1_30' title='bbox 1819 546 1965 611; x_wconf 78' lang='grc' dir='ltr'><strong>Υἱὸν,</strong></span> 
     </span>
    </p>
   </div>
   <div class='ocr_carea' id='block_1_6' title="bbox 2066 546 3657 619">
    <p class='ocr_par' dir='ltr' id='par_1_6' title="bbox 2084 546 3657 619">
     <span class='ocr_line' id='line_1_6' title="bbox 2084 546 3657 619; baseline 0.005 -20"><span class='ocrx_word' id='word_1_31' title='bbox 2084 546 2381 614; x_wconf 83' lang='lat' dir='ltr'><strong>potentiam</strong></span> <span class='ocrx_word' id='word_1_32' title='bbox 2420 558 2476 603; x_wconf 85' lang='lat' dir='ltr'><strong>et</strong></span> <span class='ocrx_word' id='word_1_33' title='bbox 2519 550 2844 618; x_wconf 81' lang='lat' dir='ltr'><strong>sapientiam</strong></span> <span class='ocrx_word' id='word_1_34' title='bbox 2919 569 3112 619; x_wconf 85' lang='lat' dir='ltr'><strong>suam,</strong></span> <span class='ocrx_word' id='word_1_35' title='bbox 3165 556 3269 610; x_wconf 90' lang='lat' dir='ltr'><strong>hoc</strong></span> <span class='ocrx_word' id='word_1_36' title='bbox 3311 564 3397 611; x_wconf 90' lang='lat' dir='ltr'><strong>est</strong></span> <span class='ocrx_word' id='word_1_37' title='bbox 3442 555 3657 619; x_wconf 75' lang='lat' dir='ltr'><strong>Filium,</strong></span> 
     </span>
    </p>
   </div>
   <div class='ocr_carea' id='block_1_7' title="bbox 366 637 1972 713">
    <p class='ocr_par' dir='ltr' id='par_1_7' title="bbox 366 637 1972 713">
     <span class='ocr_line' id='line_1_7' title="bbox 366 637 1972 713; baseline -0.005 -15"><span class='ocrx_word' id='word_1_38' title='bbox 366 645 583 713; x_wconf 76' lang='grc' dir='ltr'>ἀνάγκη</span> <span class='ocrx_word' id='word_1_39' title='bbox 626 643 788 695; x_wconf 75' lang='grc' dir='ltr'>πᾶσα</span> <span class='ocrx_word' id='word_1_40' title='bbox 834 642 911 712; x_wconf 75' lang='grc' dir='ltr'>μὴ</span> <span class='ocrx_word' id='word_1_41' title='bbox 959 642 1223 712; x_wconf 73' lang='grc' dir='ltr'><strong>ἀνομοίαν</strong></span> <span class='ocrx_word' id='word_1_42' title='bbox 1255 640 1426 712; x_wconf 80' lang='grc' dir='ltr'>αὐτὴν</span> <span class='ocrx_word' id='word_1_43' title='bbox 1478 637 1617 694; x_wconf 82' lang='grc' dir='ltr'>εἶναι</span> <span class='ocrx_word' id='word_1_44' title='bbox 1666 639 1847 708; x_wconf 81' lang='grc' dir='ltr'>λέγειν</span> <span class='ocrx_word' id='word_1_45' title='bbox 1893 637 1972 709; x_wconf 84' lang='grc' dir='ltr'><strong>τῷ</strong></span> 
     </span>
    </p>
   </div>
   <div class='ocr_carea' id='block_1_8' title="bbox 370 732 1970 804">
    <p class='ocr_par' dir='ltr' id='par_1_8' title="bbox 370 732 1970 804">
     <span class='ocr_line' id='line_1_8' title="bbox 370 732 1970 804; baseline -0.003 -15"><span class='ocrx_word' id='word_1_46' title='bbox 370 735 562 804; x_wconf 69' lang='grc' dir='ltr'>Πατρὶ,</span> <span class='ocrx_word' id='word_1_47' title='bbox 603 734 697 786; x_wconf 79' lang='grc' dir='ltr'>ἵνα</span> <span class='ocrx_word' id='word_1_48' title='bbox 735 735 815 803; x_wconf 77' lang='grc' dir='ltr'>μὴ</span> <span class='ocrx_word' id='word_1_49' title='bbox 848 733 1106 803; x_wconf 82' lang='grc' dir='ltr'>φαίνηται</span> <span class='ocrx_word' id='word_1_50' title='bbox 1138 733 1368 803; x_wconf 78' lang='grc' dir='ltr'>δύναμιν</span> <span class='ocrx_word' id='word_1_51' title='bbox 1403 733 1496 786; x_wconf 77' lang='grc' dir='ltr'>καὶ</span> <span class='ocrx_word' id='word_1_52' title='bbox 1533 732 1736 802; x_wconf 83' lang='grc' dir='ltr'>σοφίαν</span> <span class='ocrx_word' id='word_1_53' title='bbox 1766 732 1904 802; x_wconf 78' lang='grc' dir='ltr'>ἔχων</span> <span class='ocrx_word' id='word_1_54' title='bbox 1941 732 1970 785; x_wconf 84' lang='grc' dir='ltr'>ὁ</span> 
     </span>
    </p>
   </div>
   <div class='ocr_carea' id='block_1_9' title="bbox 366 823 1971 897">
    <p class='ocr_par' dir='ltr' id='par_1_9' title="bbox 366 823 1971 897">
     <span class='ocr_line' id='line_1_9' title="bbox 366 823 1971 897; baseline -0.001 -19"><span class='ocrx_word' id='word_1_55' title='bbox 366 825 557 895; x_wconf 79' lang='grc' dir='ltr'>Πατὴρ</span> <span class='ocrx_word' id='word_1_56' title='bbox 586 826 696 897; x_wconf 75' lang='grc' dir='ltr'>οὐχ</span> <span class='ocrx_word' id='word_1_57' title='bbox 725 824 927 895; x_wconf 80' lang='grc' dir='ltr'>ὁμοίαν</span> <span class='ocrx_word' id='word_1_58' title='bbox 962 823 1166 895; x_wconf 77' lang='grc' dir='ltr'>ἐαυτῷ.</span> <span class='ocrx_word' id='word_1_59' title='bbox 1202 824 1267 879; x_wconf 79' lang='grc' dir='ltr'><strong>Εἰ</strong></span> <span class='ocrx_word' id='word_1_60' title='bbox 1315 824 1372 877; x_wconf 81' lang='grc' dir='ltr'><strong>δὲ</strong></span> <span class='ocrx_word' id='word_1_61' title='bbox 1422 823 1604 887; x_wconf 81' lang='grc' dir='ltr'>τοῦτο,</span> <span class='ocrx_word' id='word_1_62' title='bbox 1650 823 1835 877; x_wconf 78' lang='grc' dir='ltr'>λοιπὸν</span> <span class='ocrx_word' id='word_1_63' title='bbox 1884 824 1971 877; x_wconf 80' lang='grc' dir='ltr'><strong>ὲν-</strong></span> 
     </span>
    </p>
   </div>
   <div class='ocr_carea' id='block_1_10' title="bbox 359 913 1972 985">
    <p class='ocr_par' dir='ltr' id='par_1_10' title="bbox 359 913 1972 985">
     <span class='ocr_line' id='line_1_10' title="bbox 359 913 1972 985; baseline -0.001 -16"><span class='ocrx_word' id='word_1_64' title='bbox 359 917 663 970; x_wconf 82' lang='grc' dir='ltr'>νοείτωσαν</span> <span class='ocrx_word' id='word_1_65' title='bbox 698 915 759 966; x_wconf 75' lang='lat' dir='ltr'><strong>oi</strong></span> <span class='ocrx_word' id='word_1_66' title='bbox 796 914 1162 985; x_wconf 73' lang='grc' dir='ltr'>χριπομάχοι</span> <span class='ocrx_word' id='word_1_67' title='bbox 1200 914 1303 985; x_wconf 81' lang='grc' dir='ltr'>τῆς</span> <span class='ocrx_word' id='word_1_68' title='bbox 1348 914 1559 974; x_wconf 78' lang='grc' dir='ltr'>ἑαυτῶν</span> <span class='ocrx_word' id='word_1_69' title='bbox 1603 913 1865 977; x_wconf 77' lang='grc' dir='ltr'>ἀϐουλίας</span> <span class='ocrx_word' id='word_1_70' title='bbox 1909 914 1972 967; x_wconf 76' lang='grc' dir='ltr'><strong>τὸ</strong></span> 
     </span>
    </p>
   </div>
   <div class='ocr_carea' id='block_1_11' title="bbox 357 1004 1967 1077">
    <p class='ocr_par' dir='ltr' id='par_1_11' title="bbox 357 1004 1967 1077">
     <span class='ocr_line' id='line_1_11' title="bbox 357 1004 1967 1077; baseline 0.002 -20"><span class='ocrx_word' id='word_1_71' title='bbox 357 1004 622 1076; x_wconf 78' lang='grc' dir='ltr'>μέγεθος.</span> <span class='ocrx_word' id='word_1_72' title='bbox 679 1005 1125 1077; x_wconf 78' lang='grc' dir='ltr'>Παραιτούμενοι</span> <span class='ocrx_word' id='word_1_73' title='bbox 1171 1006 1281 1077; x_wconf 83' lang='grc' dir='ltr'>γὰρ</span> <span class='ocrx_word' id='word_1_74' title='bbox 1332 1005 1427 1059; x_wconf 77' lang='grc' dir='ltr'>ἕνα</span> <span class='ocrx_word' id='word_1_75' title='bbox 1484 1006 1615 1060; x_wconf 77' lang='grc' dir='ltr'>ὄντα</span> <span class='ocrx_word' id='word_1_76' title='bbox 1664 1006 1757 1059; x_wconf 86' lang='grc' dir='ltr'>τὸν</span> <span class='ocrx_word' id='word_1_77' title='bbox 1818 1006 1967 1071; x_wconf 83' lang='grc' dir='ltr'>Υίδν,</span> 
     </span>
    </p>
   </div>
   <div class='ocr_carea' id='block_1_12' title="bbox 353 1092 1971 1170">
    <p class='ocr_par' dir='ltr' id='par_1_12' title="bbox 353 1092 1971 1170">
     <span class='ocr_line' id='line_1_12' title="bbox 353 1092 1971 1170; baseline 0.001 -20"><span class='ocrx_word' id='word_1_78' title='bbox 353 1098 546 1167; x_wconf 72' lang='grc' dir='ltr'>ὅμοιον</span> <span class='ocrx_word' id='word_1_79' title='bbox 586 1092 737 1150; x_wconf 76' lang='grc' dir='ltr'>εἶναι</span> <span class='ocrx_word' id='word_1_80' title='bbox 772 1096 957 1165; x_wconf 81' lang='grc' dir='ltr'>λέγειν</span> <span class='ocrx_word' id='word_1_81' title='bbox 984 1096 1064 1168; x_wconf 79' lang='grc' dir='ltr'>τῷ</span> <span class='ocrx_word' id='word_1_82' title='bbox 1095 1099 1293 1170; x_wconf 75' lang='grc' dir='ltr'>Πατρὶ,</span> <span class='ocrx_word' id='word_1_83' title='bbox 1330 1097 1426 1152; x_wconf 77' lang='grc' dir='ltr'><strong>δύο</strong></span> <span class='ocrx_word' id='word_1_84' title='bbox 1452 1097 1770 1161; x_wconf 72' lang='grc' dir='ltr'>δεδώκασιν.</span> <span class='ocrx_word' id='word_1_85' title='bbox 1810 1097 1971 1168; x_wconf 74' lang='grc' dir='ltr'>εἴπερ</span> 
     </span>
    </p>
   </div>
   <div class='ocr_carea' id='block_1_13' title="bbox 356 1185 1970 1260">
    <p class='ocr_par' dir='ltr' id='par_1_13' title="bbox 356 1185 1970 1260">
     <span class='ocr_line' id='line_1_13' title="bbox 356 1185 1970 1260; baseline 0.001 -19"><span class='ocrx_word' id='word_1_86' title='bbox 356 1185 499 1242; x_wconf 75' lang='grc' dir='ltr'>εἷναί</span> <span class='ocrx_word' id='word_1_87' title='bbox 545 1205 605 1242; x_wconf 85' lang='grc' dir='ltr'><strong>τι</strong></span> <span class='ocrx_word' id='word_1_88' title='bbox 652 1190 762 1258; x_wconf 80' lang='grc' dir='ltr'>τὴν</span> <span class='ocrx_word' id='word_1_89' title='bbox 800 1187 1059 1259; x_wconf 83' lang='grc' dir='ltr'>βούλησιν</span> <span class='ocrx_word' id='word_1_90' title='bbox 1098 1190 1320 1260; x_wconf 75' lang='grc' dir='ltr'>ἐροῦσιν</span> <span class='ocrx_word' id='word_1_91' title='bbox 1359 1191 1742 1245; x_wconf 83' lang='grc' dir='ltr'>ὲνυπόστατον.</span> <span class='ocrx_word' id='word_1_92' title='bbox 1799 1191 1864 1244; x_wconf 77' lang='lat' dir='ltr'><strong>Ei</strong></span> <span class='ocrx_word' id='word_1_93' title='bbox 1911 1191 1970 1243; x_wconf 82' lang='grc' dir='ltr'><strong>δὲ</strong></span> 
     </span>
    </p>
   </div>
   <div class='ocr_carea' id='block_1_14' title="bbox 352 1279 1969 1353">
    <p class='ocr_par' dir='ltr' id='par_1_14' title="bbox 352 1279 1969 1353">
     <span class='ocr_line' id='line_1_14' title="bbox 352 1279 1969 1353; baseline 0 -18"><span class='ocrx_word' id='word_1_94' title='bbox 352 1279 741 1343; x_wconf 75' lang='grc' dir='ltr'>ἀνυπόστατός</span> <span class='ocrx_word' id='word_1_95' title='bbox 770 1280 942 1343; x_wconf 73' lang='grc' dir='ltr'>ἐστιν,</span> <span class='ocrx_word' id='word_1_96' title='bbox 965 1280 1069 1333; x_wconf 79' lang='grc' dir='ltr'>οὐκ</span> <span class='ocrx_word' id='word_1_97' title='bbox 1097 1280 1252 1335; x_wconf 76' lang='grc' dir='ltr'>ἔσται</span> <span class='ocrx_word' id='word_1_98' title='bbox 1284 1281 1569 1353; x_wconf 81' lang='grc' dir='ltr'>χαρακτὴρ</span> <span class='ocrx_word' id='word_1_99' title='bbox 1601 1280 1695 1335; x_wconf 83' lang='grc' dir='ltr'>τοῦ</span> <span class='ocrx_word' id='word_1_100' title='bbox 1726 1282 1969 1352; x_wconf 72' lang='grc' dir='ltr'>ὑφεστῶ-</span> 
     </span>
    </p>
   </div>
   <div class='ocr_carea' id='block_1_15' title="bbox 350 1371 1968 1446">
    <p class='ocr_par' dir='ltr' id='par_1_15' title="bbox 350 1371 1968 1446">
     <span class='ocr_line' id='line_1_15' title="bbox 350 1371 1968 1446; baseline 0 -18"><span class='ocrx_word' id='word_1_101' title='bbox 350 1391 444 1438; x_wconf 86' lang='grc' dir='ltr'><strong>τος</strong></span> <span class='ocrx_word' id='word_1_102' title='bbox 488 1373 555 1428; x_wconf 79' lang='grc' dir='ltr'>τὸ</span> <span class='ocrx_word' id='word_1_103' title='bbox 614 1371 697 1443; x_wconf 70' lang='grc' dir='ltr'>μὴ</span> <span class='ocrx_word' id='word_1_104' title='bbox 749 1371 1089 1443; x_wconf 74' lang='grc' dir='ltr'>ὑφεστηκὸς,</span> <span class='ocrx_word' id='word_1_105' title='bbox 1132 1375 1257 1429; x_wconf 75' lang='grc' dir='ltr'>κατ’</span> <span class='ocrx_word' id='word_1_106' title='bbox 1286 1374 1421 1429; x_wconf 79' lang='grc' dir='ltr'>αὐτὸ</span> <span class='ocrx_word' id='word_1_107' title='bbox 1472 1374 1537 1446; x_wconf 75' lang='grc' dir='ltr'><strong>δὴ</strong></span> <span class='ocrx_word' id='word_1_108' title='bbox 1575 1374 1732 1429; x_wconf 81' lang='grc' dir='ltr'>τοῦτο</span> <span class='ocrx_word' id='word_1_109' title='bbox 1780 1374 1844 1428; x_wconf 81' lang='grc' dir='ltr'>τὸ</span> <span class='ocrx_word' id='word_1_110' title='bbox 1889 1374 1968 1445; x_wconf 84' lang='grc' dir='ltr'>μὴ</span> 
     </span>
    </p>
   </div>
   <div class='ocr_carea' id='block_1_16' title="bbox 352 1454 1955 1538">
    <p class='ocr_par' dir='ltr' id='par_1_16' title="bbox 352 1454 1955 1538">
     <span class='ocr_line' id='line_1_16' title="bbox 352 1454 1955 1538; baseline -0.009 -17"><span class='ocrx_word' id='word_1_111' title='bbox 352 1466 761 1538; x_wconf 73' lang='grc' dir='ltr'>ὑφεστηκέναι,</span> <span class='ocrx_word' id='word_1_112' title='bbox 1952 1454 1955 1457; x_wconf 71' lang='grc'><em>’</em></span> 
     </span>
    </p>
   </div>
   <div class='ocr_carea' id='block_1_17' title="bbox 2081 638 3657 708">
    <p class='ocr_par' dir='ltr' id='par_1_17' title="bbox 2081 638 3657 708">
     <span class='ocr_line' id='line_1_17' title="bbox 2081 638 3657 708; baseline 0.002 -16"><span class='ocrx_word' id='word_1_113' title='bbox 2081 638 2454 693; x_wconf 87' lang='lat' dir='ltr'><strong>necessarium</strong></span> <span class='ocrx_word' id='word_1_114' title='bbox 2487 639 2646 708; x_wconf 80' lang='lat' dir='ltr'><strong>plane</strong></span> <span class='ocrx_word' id='word_1_115' title='bbox 2683 649 2771 695; x_wconf 91' lang='lat' dir='ltr'><strong>est</strong></span> <span class='ocrx_word' id='word_1_116' title='bbox 2804 651 2861 694; x_wconf 91' lang='lat' dir='ltr'><strong>ut</strong></span> <span class='ocrx_word' id='word_1_117' title='bbox 2889 657 3010 696; x_wconf 89' lang='lat' dir='ltr'><strong>eam</strong></span> <span class='ocrx_word' id='word_1_118' title='bbox 3039 657 3146 697; x_wconf 89' lang='lat' dir='ltr'><strong>non</strong></span> <span class='ocrx_word' id='word_1_119' title='bbox 3177 642 3483 699; x_wconf 82' lang='lat' dir='ltr'><strong>absimilem</strong></span> <span class='ocrx_word' id='word_1_120' title='bbox 3515 642 3657 698; x_wconf 84' lang='lat' dir='ltr'><strong>Patri</strong></span> 
     </span>
    </p>
   </div>
   <div class='ocr_carea' id='block_1_18' title="bbox 2078 729 3657 800">
    <p class='ocr_par' dir='ltr' id='par_1_18' title="bbox 2078 729 3657 800">
     <span class='ocr_line' id='line_1_18' title="bbox 2078 729 3657 800; baseline -0.001 -16"><span class='ocrx_word' id='word_1_121' title='bbox 2078 743 2204 785; x_wconf 88' lang='lat' dir='ltr'><strong>esse</strong></span> <span class='ocrx_word' id='word_1_122' title='bbox 2233 729 2507 794; x_wconf 76' lang='lat' dir='ltr'><strong>dicamus,</strong></span> <span class='ocrx_word' id='word_1_123' title='bbox 2549 745 2617 784; x_wconf 91' lang='lat' dir='ltr'><strong>ne</strong></span> <span class='ocrx_word' id='word_1_124' title='bbox 2652 730 2898 785; x_wconf 85' lang='lat' dir='ltr'><strong>videatur</strong></span> <span class='ocrx_word' id='word_1_125' title='bbox 2926 730 3089 786; x_wconf 86' lang='lat' dir='ltr'><strong>Pater</strong></span> <span class='ocrx_word' id='word_1_126' title='bbox 3135 732 3337 787; x_wconf 89' lang='lat' dir='ltr'><strong>habere</strong></span> <span class='ocrx_word' id='word_1_127' title='bbox 3367 733 3657 800; x_wconf 79' lang='lat' dir='ltr'><strong>potentiam</strong></span> 
     </span>
    </p>
   </div>
   <div class='ocr_carea' id='block_1_19' title="bbox 2077 820 3657 890">
    <p class='ocr_par' dir='ltr' id='par_1_19' title="bbox 2077 820 3657 890">
     <span class='ocr_line' id='line_1_19' title="bbox 2077 820 3657 890; baseline 0.001 -17"><span class='ocrx_word' id='word_1_128' title='bbox 2077 829 2133 875; x_wconf 93' lang='lat' dir='ltr'><strong>et</strong></span> <span class='ocrx_word' id='word_1_129' title='bbox 2163 820 2484 888; x_wconf 84' lang='lat' dir='ltr'><strong>sapientiam</strong></span> <span class='ocrx_word' id='word_1_130' title='bbox 2509 835 2579 889; x_wconf 91' lang='lat' dir='ltr'><strong>qu</strong></span> <span class='ocrx_word' id='word_1_131' title='bbox 2600 836 2646 875; x_wconf 81' lang='lat' dir='ltr'><strong>ae</strong></span> <span class='ocrx_word' id='word_1_132' title='bbox 2680 836 2787 876; x_wconf 92' lang='lat' dir='ltr'><strong>non</strong></span> <span class='ocrx_word' id='word_1_133' title='bbox 2818 822 2891 877; x_wconf 88' lang='lat' dir='ltr'><strong>sit</strong></span> <span class='ocrx_word' id='word_1_134' title='bbox 2917 823 3116 878; x_wconf 84' lang='lat' dir='ltr'><strong>similis</strong></span> <span class='ocrx_word' id='word_1_135' title='bbox 3143 822 3246 877; x_wconf 91' lang='lat' dir='ltr'><strong>sibi</strong></span> <span class='ocrx_word' id='word_1_136' title='bbox 3280 822 3402 890; x_wconf 82' lang='lat' dir='ltr'><strong>ipsi.</strong></span> <span class='ocrx_word' id='word_1_137' title='bbox 3429 821 3580 889; x_wconf 85' lang='lat' dir='ltr'><strong>Quod</strong></span> <span class='ocrx_word' id='word_1_138' title='bbox 3612 822 3657 875; x_wconf 92' lang='lat' dir='ltr'><strong>si</strong></span> 
     </span>
    </p>
   </div>
   <div class='ocr_carea' id='block_1_20' title="bbox 2079 909 3657 980">
    <p class='ocr_par' dir='ltr' id='par_1_20' title="bbox 2079 909 3657 980">
     <span class='ocr_line' id='line_1_20' title="bbox 2079 909 3657 980; baseline 0 -15"><span class='ocrx_word' id='word_1_139' title='bbox 2079 911 2152 965; x_wconf 87' lang='lat' dir='ltr'><strong>ita</strong></span> <span class='ocrx_word' id='word_1_140' title='bbox 2186 919 2293 974; x_wconf 89' lang='lat' dir='ltr'><strong>est,</strong></span> <span class='ocrx_word' id='word_1_141' title='bbox 2330 909 2636 980; x_wconf 75' lang='lat' dir='ltr'><strong>intelligant</strong></span> <span class='ocrx_word' id='word_1_142' title='bbox 2670 912 2890 967; x_wconf 83' lang='lat' dir='ltr'><strong>tandem</strong></span> <span class='ocrx_word' id='word_1_143' title='bbox 2923 912 3112 968; x_wconf 87' lang='lat' dir='ltr'><strong>hostes</strong></span> <span class='ocrx_word' id='word_1_144' title='bbox 3135 913 3339 968; x_wconf 75' lang='lat' dir='ltr'><strong>Christi</strong></span> <span class='ocrx_word' id='word_1_145' title='bbox 3370 912 3657 971; x_wconf 75' lang='lat' dir='ltr'><strong>dementiae</strong></span> 
     </span>
    </p>
   </div>
   <div class='ocr_carea' id='block_1_21' title="bbox 2078 1000 3655 1073">
    <p class='ocr_par' dir='ltr' id='par_1_21' title="bbox 2078 1000 3655 1073">
     <span class='ocr_line' id='line_1_21' title="bbox 2078 1000 3655 1073; baseline -0.001 -15"><span class='ocrx_word' id='word_1_146' title='bbox 2078 1017 2194 1058; x_wconf 68' lang='lat' dir='ltr'><strong>sua</strong></span> <span class='ocrx_word' id='word_1_147' title='bbox 2226 1000 2675 1073; x_wconf 78' lang='lat' dir='ltr'><strong>magnitudinem.</strong></span> <span class='ocrx_word' id='word_1_148' title='bbox 2695 1002 2830 1058; x_wconf 88' lang='lat' dir='ltr'><strong>Cum</strong></span> <span class='ocrx_word' id='word_1_149' title='bbox 2861 1004 3005 1059; x_wconf 86' lang='lat' dir='ltr'><strong>enim</strong></span> <span class='ocrx_word' id='word_1_150' title='bbox 3033 1013 3288 1060; x_wconf 85' lang='lat' dir='ltr'><strong>recusent</strong></span> <span class='ocrx_word' id='word_1_151' title='bbox 3317 1002 3537 1067; x_wconf 80' lang='lat' dir='ltr'><strong>Filium,</strong></span> <span class='ocrx_word' id='word_1_152' title='bbox 3563 1003 3655 1072; x_wconf 85' lang='lat' dir='ltr'><strong>qui</strong></span> 
     </span>
    </p>
   </div>
   <div class='ocr_carea' id='block_1_22' title="bbox 2080 1092 3649 1161">
    <p class='ocr_par' dir='ltr' id='par_1_22' title="bbox 2080 1092 3649 1161">
     <span class='ocr_line' id='line_1_22' title="bbox 2080 1092 3649 1161; baseline -0.002 -13"><span class='ocrx_word' id='word_1_153' title='bbox 2080 1108 2221 1148; x_wconf 88' lang='lat' dir='ltr'><strong>unus</strong></span> <span class='ocrx_word' id='word_1_154' title='bbox 2243 1102 2346 1157; x_wconf 90' lang='lat' dir='ltr'><strong>est,</strong></span> <span class='ocrx_word' id='word_1_155' title='bbox 2386 1092 2534 1148; x_wconf 85' lang='lat' dir='ltr'><strong>Patri</strong></span> <span class='ocrx_word' id='word_1_156' title='bbox 2568 1093 2801 1149; x_wconf 82' lang='lat' dir='ltr'><strong>similem</strong></span> <span class='ocrx_word' id='word_1_157' title='bbox 2829 1093 3031 1161; x_wconf 87' lang='lat' dir='ltr'><strong>dicere,</strong></span> <span class='ocrx_word' id='word_1_158' title='bbox 3060 1094 3196 1150; x_wconf 87' lang='lat' dir='ltr'><strong>duos</strong></span> <span class='ocrx_word' id='word_1_159' title='bbox 3231 1093 3649 1158; x_wconf 86' lang='lat' dir='ltr'><strong>constituerunt,</strong></span> 
     </span>
    </p>
   </div>
   <div class='ocr_carea' id='block_1_23' title="bbox 2066 1184 3655 1255">
    <p class='ocr_par' dir='ltr' id='par_1_23' title="bbox 2066 1184 3655 1255">
     <span class='ocr_line' id='line_1_23' title="bbox 2066 1184 3655 1255; baseline -0.003 -14"><span class='ocrx_word' id='word_1_160' title='bbox 2066 1187 2126 1243; x_wconf 67' lang='lat' dir='ltr'><strong>si</strong></span> <span class='ocrx_word' id='word_1_161' title='bbox 2170 1186 2501 1241; x_wconf 83' lang='lat' dir='ltr'><strong>voluntatem</strong></span> <span class='ocrx_word' id='word_1_162' title='bbox 2529 1201 2625 1255; x_wconf 91' lang='lat' dir='ltr'><strong>per</strong></span> <span class='ocrx_word' id='word_1_163' title='bbox 2662 1200 2724 1240; x_wconf 90' lang='lat' dir='ltr'><strong>se</strong></span> <span class='ocrx_word' id='word_1_164' title='bbox 2752 1185 3051 1241; x_wconf 84' lang='lat' dir='ltr'><strong>subsistere</strong></span> <span class='ocrx_word' id='word_1_165' title='bbox 3069 1184 3273 1241; x_wconf 90' lang='lat' dir='ltr'><strong>volunt.</strong></span> <span class='ocrx_word' id='word_1_166' title='bbox 3303 1185 3375 1240; x_wconf 77' lang='lat' dir='ltr'><strong>At</strong></span> <span class='ocrx_word' id='word_1_167' title='bbox 3400 1199 3521 1239; x_wconf 84' lang='lat' dir='ltr'><strong>cum</strong></span> <span class='ocrx_word' id='word_1_168' title='bbox 3561 1199 3655 1236; x_wconf 85' lang='lat' dir='ltr'><strong>vo-</strong></span> 
     </span>
    </p>
   </div>
   <div class='ocr_carea' id='block_1_24' title="bbox 2079 1274 3658 1348">
    <p class='ocr_par' dir='ltr' id='par_1_24' title="bbox 2079 1274 3658 1348">
     <span class='ocr_line' id='line_1_24' title="bbox 2079 1274 3658 1348; baseline -0.004 -16"><span class='ocrx_word' id='word_1_169' title='bbox 2079 1277 2259 1334; x_wconf 91' lang='lat' dir='ltr'><strong>luntas</strong></span> <span class='ocrx_word' id='word_1_170' title='bbox 2290 1292 2388 1348; x_wconf 85' lang='lat' dir='ltr'><strong>per</strong></span> <span class='ocrx_word' id='word_1_171' title='bbox 2414 1292 2474 1333; x_wconf 88' lang='lat' dir='ltr'><strong>se</strong></span> <span class='ocrx_word' id='word_1_172' title='bbox 2495 1291 2607 1332; x_wconf 90' lang='lat' dir='ltr'><strong>non</strong></span> <span class='ocrx_word' id='word_1_173' title='bbox 2641 1276 2925 1341; x_wconf 81' lang='lat' dir='ltr'><strong>subsistat,</strong></span> <span class='ocrx_word' id='word_1_174' title='bbox 2957 1292 3064 1332; x_wconf 88' lang='lat' dir='ltr'><strong>non</strong></span> <span class='ocrx_word' id='word_1_175' title='bbox 3098 1275 3203 1334; x_wconf 86' lang='lat' dir='ltr'><strong>erit</strong></span> <span class='ocrx_word' id='word_1_176' title='bbox 3228 1276 3514 1332; x_wconf 86' lang='lat' dir='ltr'><strong>character</strong></span> <span class='ocrx_word' id='word_1_177' title='bbox 3539 1274 3658 1343; x_wconf 85' lang='lat' dir='ltr'><strong>ejus</strong></span> 
     </span>
    </p>
   </div>
   <div class='ocr_carea' id='block_1_25' title="bbox 2022 1367 3658 1440">
    <p class='ocr_par' dir='ltr' id='par_1_25' title="bbox 2022 1367 3658 1440">
     <span class='ocr_line' id='line_1_25' title="bbox 2022 1367 3658 1440; baseline -0.002 -16"><span class='ocrx_word' id='word_1_178' title='bbox 2022 1428 2023 1431; x_wconf 32' lang='grc' dir='ltr'><strong>η</strong></span> <span class='ocrx_word' id='word_1_179' title='bbox 2077 1373 2220 1440; x_wconf 90' lang='lat' dir='ltr'><strong>quod</strong></span> <span class='ocrx_word' id='word_1_180' title='bbox 2247 1368 2498 1428; x_wconf 76' lang='lat' dir='ltr'><strong>subsiStit</strong></span> <span class='ocrx_word' id='word_1_181' title='bbox 2528 1369 2581 1423; x_wconf 91' lang='lat' dir='ltr'><strong>id</strong></span> <span class='ocrx_word' id='word_1_182' title='bbox 2611 1371 2754 1439; x_wconf 85' lang='lat' dir='ltr'><strong>quod</strong></span> <span class='ocrx_word' id='word_1_183' title='bbox 2783 1383 2891 1427; x_wconf 89' lang='lat' dir='ltr'><strong>non</strong></span> <span class='ocrx_word' id='word_1_184' title='bbox 2922 1369 3192 1437; x_wconf 82' lang='lat' dir='ltr'><strong>subsistit,</strong></span> <span class='ocrx_word' id='word_1_185' title='bbox 3216 1383 3280 1424; x_wconf 86' lang='lat' dir='ltr'><strong>ea</strong></span> <span class='ocrx_word' id='word_1_186' title='bbox 3303 1369 3424 1439; x_wconf 86' lang='lat' dir='ltr'><strong>ipsa</strong></span> <span class='ocrx_word' id='word_1_187' title='bbox 3446 1367 3658 1423; x_wconf 82' lang='lat' dir='ltr'><strong>ratione</strong></span> 
     </span>
    </p>
   </div>
   <div class='ocr_carea' id='block_1_26' title="bbox 2070 1451 2806 1543">
    <p class='ocr_par' dir='ltr' id='par_1_26' title="bbox 2070 1451 2806 1543">
     <span class='ocr_line' id='line_1_26' title="bbox 2070 1451 2806 1543; baseline -0.005 -24"><span class='ocrx_word' id='word_1_188' title='bbox 2070 1461 2220 1543; x_wconf 79' lang='lat' dir='ltr'><strong>quod</strong></span> <span class='ocrx_word' id='word_1_189' title='bbox 2251 1475 2358 1519; x_wconf 87' lang='lat' dir='ltr'><strong>nou</strong></span> <span class='ocrx_word' id='word_1_190' title='bbox 2386 1460 2654 1521; x_wconf 83' lang='lat' dir='ltr'><strong>subsistit.</strong></span> <span class='ocrx_word' id='word_1_191' title='bbox 2803 1451 2806 1454; x_wconf 67' lang='grc'><strong>’</strong></span> 
     </span>
    </p>
   </div>
   <div class='ocr_carea' id='block_1_27' title="bbox 1068 1576 1965 1634">
    <p class='ocr_par' dir='ltr' id='par_1_27' title="bbox 1068 1581 1253 1634">
     <span class='ocr_line' id='line_1_27' title="bbox 1068 1581 1253 1634; baseline 0.005 -1"><span class='ocrx_word' id='word_1_192' title='bbox 1068 1581 1253 1634; x_wconf 77' lang='grc' dir='ltr'><strong>ΔΛΛΟ</strong></span> 
     </span>
    </p>
   </div>
   <div class='ocr_carea' id='block_1_28' title="bbox 2066 1576 2980 1634">
    <p class='ocr_par' dir='ltr' id='par_1_28' title="bbox 2122 1576 2980 1634">
     <span class='ocr_line' id='line_1_28' title="bbox 2122 1576 2980 1634; baseline 0.001 -4"><span class='ocrx_word' id='word_1_193' title='bbox 2754 1576 2980 1634; x_wconf 80' lang='lat' dir='ltr'><strong>ALIUD.</strong></span> 
     </span>
    </p>
   </div>
   <div class='ocr_carea' id='block_1_29' title="bbox 425 1688 1965 1763">
    <p class='ocr_par' dir='ltr' id='par_1_29' title="bbox 425 1688 1965 1763">
     <span class='ocr_line' id='line_1_29' title="bbox 425 1688 1965 1763; baseline 0.002 -22"><span class='ocrx_word' id='word_1_194' title='bbox 425 1690 511 1743; x_wconf 75' lang='grc' dir='ltr'><strong><em>τὰ</em></strong></span> <span class='ocrx_word' id='word_1_195' title='bbox 548 1688 656 1760; x_wconf 73' lang='grc' dir='ltr'>τὴν</span> <span class='ocrx_word' id='word_1_196' title='bbox 698 1692 879 1763; x_wconf 78' lang='grc' dir='ltr'>αὐτὴν</span> <span class='ocrx_word' id='word_1_197' title='bbox 920 1692 1208 1763; x_wconf 78' lang='grc' dir='ltr'>ἐνέργειαν</span> <span class='ocrx_word' id='word_1_198' title='bbox 1254 1692 1445 1763; x_wconf 75' lang='grc' dir='ltr'>ἔχοντα</span> <span class='ocrx_word' id='word_1_199' title='bbox 1494 1691 1589 1745; x_wconf 77' lang='grc' dir='ltr'>καὶ</span> <span class='ocrx_word' id='word_1_200' title='bbox 1620 1693 1739 1753; x_wconf 76' lang='grc' dir='ltr'>ταῖς</span> <span class='ocrx_word' id='word_1_201' title='bbox 1774 1690 1965 1754; x_wconf 80' lang='grc' dir='ltr'>αὐταῖς</span> 
     </span>
    </p>
   </div>
   <div class='ocr_carea' id='block_1_30' title="bbox 2066 1688 3653 1763">
    <p class='ocr_par' dir='ltr' id='par_1_30' title="bbox 2140 1688 3653 1759">
     <span class='ocr_line' id='line_1_30' title="bbox 2140 1688 3653 1759; baseline -0.001 -15"><span class='ocrx_word' id='word_1_202' title='bbox 2140 1688 2279 1756; x_wconf 65' lang='lat' dir='ltr'><strong>Quae</strong></span> <span class='ocrx_word' id='word_1_203' title='bbox 2299 1691 2545 1746; x_wconf 86' lang='lat' dir='ltr'><strong>eamdem</strong></span> <span class='ocrx_word' id='word_1_204' title='bbox 2572 1692 2774 1746; x_wconf 90' lang='lat' dir='ltr'><strong>habent</strong></span> <span class='ocrx_word' id='word_1_205' title='bbox 2799 1693 3065 1747; x_wconf 85' lang='lat' dir='ltr'><strong>actionem</strong></span> <span class='ocrx_word' id='word_1_206' title='bbox 3098 1692 3400 1759; x_wconf 84' lang='lat' dir='ltr'><strong>iisdemque</strong></span> <span class='ocrx_word' id='word_1_207' title='bbox 3428 1697 3618 1744; x_wconf 89' lang='lat' dir='ltr'><strong>natura</strong></span> <span class='ocrx_word' id='word_1_208' title='bbox 3634 1717 3653 1727; x_wconf 88' lang='lat'><strong>-</strong></span> 
     </span>
    </p>
   </div>
   <div class='ocr_carea' id='block_1_31' title="bbox 357 1777 1965 1885">
    <p class='ocr_par' dir='ltr' id='par_1_31' title="bbox 357 1780 1965 1854">
     <span class='ocr_line' id='line_1_31' title="bbox 357 1780 1965 1854; baseline 0.001 -20"><span class='ocrx_word' id='word_1_209' title='bbox 357 1780 625 1853; x_wconf 68' lang='grc' dir='ltr'>δυνάμεσι</span> <span class='ocrx_word' id='word_1_210' title='bbox 659 1785 933 1850; x_wconf 70' lang='grc' dir='ltr'>φυσικαῖς</span> <span class='ocrx_word' id='word_1_211' title='bbox 973 1783 1426 1854; x_wconf 84' lang='grc' dir='ltr'>ἀποκεχρημένα,</span> <span class='ocrx_word' id='word_1_212' title='bbox 1473 1783 1785 1853; x_wconf 77' lang='grc' dir='ltr'>τῆς-αὐτῆς</span> <span class='ocrx_word' id='word_1_213' title='bbox 1828 1781 1965 1837; x_wconf 85' lang='grc' dir='ltr'>εἶναι</span> 
     </span>
    </p>
   </div>
   <div class='ocr_carea' id='block_1_32' title="bbox 2066 1777 3654 1885">
    <p class='ocr_par' dir='ltr' id='par_1_32' title="bbox 2072 1777 3654 1850">
     <span class='ocr_line' id='line_1_32' title="bbox 2072 1777 3654 1850; baseline -0.001 -18"><span class='ocrx_word' id='word_1_214' title='bbox 2072 1777 2216 1835; x_wconf 86' lang='lat' dir='ltr'><strong>libus</strong></span> <span class='ocrx_word' id='word_1_215' title='bbox 2250 1778 2604 1836; x_wconf 75' lang='lat' dir='ltr'><strong>facultatibus</strong></span> <span class='ocrx_word' id='word_1_216' title='bbox 2646 1789 2875 1837; x_wconf 87' lang='lat' dir='ltr'><strong>utuntur</strong></span> <span class='ocrx_word' id='word_1_217' title='bbox 2901 1822 2917 1847; x_wconf 90' lang='lat'><strong>,</strong></span> <span class='ocrx_word' id='word_1_218' title='bbox 2960 1781 3203 1850; x_wconf 84' lang='lat' dir='ltr'><strong>ejusdem</strong></span> <span class='ocrx_word' id='word_1_219' title='bbox 3238 1781 3503 1835; x_wconf 73' lang='lat' dir='ltr'><strong>essentia:</strong></span> <span class='ocrx_word' id='word_1_220' title='bbox 3544 1780 3654 1835; x_wconf 86' lang='lat' dir='ltr'><strong>sint</strong></span> 
     </span>
    </p>
   </div>
   <div class='ocr_carea' id='block_1_33' title="bbox 363 1868 1965 1944">
    <p class='ocr_par' dir='ltr' id='par_1_33' title="bbox 363 1871 1965 1944">
     <span class='ocr_line' id='line_1_33' title="bbox 363 1871 1965 1944; baseline 0.003 -22"><span class='ocrx_word' id='word_1_221' title='bbox 363 1871 582 1934; x_wconf 66' lang='grc' dir='ltr'>πάντως</span> <span class='ocrx_word' id='word_1_222' title='bbox 630 1872 837 1935; x_wconf 85' lang='grc' dir='ltr'><strong>οὐσίας</strong></span> <span class='ocrx_word' id='word_1_223' title='bbox 886 1874 1213 1941; x_wconf 79' lang='grc' dir='ltr'>ἀναγκαῖον.</span> <span class='ocrx_word' id='word_1_224' title='bbox 1272 1873 1438 1927; x_wconf 81' lang='grc' dir='ltr'>Οὐδὲν</span> <span class='ocrx_word' id='word_1_225' title='bbox 1490 1873 1605 1944; x_wconf 71' lang='grc' dir='ltr'>γὰρ</span> <span class='ocrx_word' id='word_1_226' title='bbox 1648 1873 1759 1927; x_wconf 84' lang='grc' dir='ltr'><strong>τῶν</strong></span> <span class='ocrx_word' id='word_1_227' title='bbox 1799 1873 1965 1928; x_wconf 77' lang='grc' dir='ltr'>ὄντων</span> 
     </span>
    </p>
   </div>
   <div class='ocr_carea' id='block_1_34' title="bbox 2066 1868 3651 1944">
    <p class='ocr_par' dir='ltr' id='par_1_34' title="bbox 2074 1868 3651 1941">
     <span class='ocr_line' id='line_1_34' title="bbox 2074 1868 3651 1941; baseline -0.001 -20"><span class='ocrx_word' id='word_1_228' title='bbox 2074 1882 2298 1923; x_wconf 88' lang='lat' dir='ltr'><strong>necesse</strong></span> <span class='ocrx_word' id='word_1_229' title='bbox 2326 1876 2431 1923; x_wconf 90' lang='lat' dir='ltr'><strong>est.</strong></span> <span class='ocrx_word' id='word_1_230' title='bbox 2462 1868 2605 1924; x_wconf 83' lang='lat' dir='ltr'><strong>Nihil</strong></span> <span class='ocrx_word' id='word_1_231' title='bbox 2630 1871 2774 1926; x_wconf 91' lang='lat' dir='ltr'><strong>enim</strong></span> <span class='ocrx_word' id='word_1_232' title='bbox 2804 1886 2992 1925; x_wconf 89' lang='lat' dir='ltr'><strong>eorum</strong></span> <span class='ocrx_word' id='word_1_233' title='bbox 3019 1886 3140 1941; x_wconf 77' lang='lat' dir='ltr'><strong>quae</strong></span> <span class='ocrx_word' id='word_1_234' title='bbox 3168 1872 3224 1935; x_wconf 89' lang='lat' dir='ltr'><strong>iu</strong></span> <span class='ocrx_word' id='word_1_235' title='bbox 3247 1885 3429 1926; x_wconf 84' lang='lat' dir='ltr'><strong>rerum</strong></span> <span class='ocrx_word' id='word_1_236' title='bbox 3460 1880 3651 1925; x_wconf 89' lang='lat' dir='ltr'><strong>natura</strong></span> 
     </span>
    </p>
   </div>
   <div class='ocr_carea' id='block_1_35' title="bbox 370 1960 1965 2037">
    <p class='ocr_par' dir='ltr' id='par_1_35' title="bbox 370 1960 1965 2037">
     <span class='ocr_line' id='line_1_35' title="bbox 370 1960 1965 2037; baseline 0.004 -25"><span class='ocrx_word' id='word_1_237' title='bbox 370 1960 505 2033; x_wconf 64' lang='grc' dir='ltr'>πρὸς</span> <span class='ocrx_word' id='word_1_238' title='bbox 530 1961 593 2013; x_wconf 65' lang='grc' dir='ltr'>τι</span> <span class='ocrx_word' id='word_1_239' title='bbox 620 1963 949 2034; x_wconf 77' lang='grc' dir='ltr'>ὲτερογενὲς</span> <span class='ocrx_word' id='word_1_240' title='bbox 979 1964 1077 2018; x_wconf 75' lang='grc' dir='ltr'>καὶ</span> <span class='ocrx_word' id='word_1_241' title='bbox 1109 1963 1419 2036; x_wconf 80' lang='grc' dir='ltr'>ἑτερούσιον</span> <span class='ocrx_word' id='word_1_242' title='bbox 1452 1964 1557 2030; x_wconf 83' lang='grc' dir='ltr'><strong>τὰς</strong></span> <span class='ocrx_word' id='word_1_243' title='bbox 1592 1965 1761 2030; x_wconf 74' lang='grc' dir='ltr'>αὑτὰς</span> <span class='ocrx_word' id='word_1_244' title='bbox 1788 1967 1965 2037; x_wconf 84' lang='grc' dir='ltr'>ἀπαρ-</span> 
     </span>
    </p>
   </div>
   <div class='ocr_carea' id='block_1_36' title="bbox 2066 1960 3656 2037">
    <p class='ocr_par' dir='ltr' id='par_1_36' title="bbox 2070 1961 3656 2033">
     <span class='ocr_line' id='line_1_36' title="bbox 2070 1961 3656 2033; baseline 0.003 -17"><span class='ocrx_word' id='word_1_245' title='bbox 2070 1961 2366 2028; x_wconf 81' lang='lat' dir='ltr'><strong>exsistunt,</strong></span> <span class='ocrx_word' id='word_1_246' title='bbox 2397 1964 2615 2019; x_wconf 89' lang='lat' dir='ltr'><strong>easdem</strong></span> <span class='ocrx_word' id='word_1_247' title='bbox 2645 1966 2850 2033; x_wconf 86' lang='lat' dir='ltr'><strong>absque</strong></span> <span class='ocrx_word' id='word_1_248' title='bbox 2881 1966 2989 2020; x_wconf 90' lang='lat' dir='ltr'><strong>ulla</strong></span> <span class='ocrx_word' id='word_1_249' title='bbox 3020 1965 3324 2022; x_wconf 71' lang='lat' dir='ltr'><strong>differentia</strong></span> <span class='ocrx_word' id='word_1_250' title='bbox 3369 1964 3656 2021; x_wconf 70' lang='lat' dir='ltr'><strong>facultates</strong></span> 
     </span>
    </p>
   </div>
   <div class='ocr_carea' id='block_1_37' title="bbox 379 2050 1965 2129">
    <p class='ocr_par' dir='ltr' id='par_1_37' title="bbox 379 2050 1965 2129">
     <span class='ocr_line' id='line_1_37' title="bbox 379 2050 1965 2129; baseline 0.004 -25"><span class='ocrx_word' id='word_1_251' title='bbox 379 2050 910 2126; x_wconf 69' lang='grc' dir='ltr'>αλλὰκτιικφορέσει</span> <span class='ocrx_word' id='word_1_252' title='bbox 951 2055 1217 2126; x_wconf 68' lang='grc' dir='ltr'>δυνάμεις</span> <span class='ocrx_word' id='word_1_253' title='bbox 1264 2072 1323 2108; x_wconf 86' lang='grc' dir='ltr'><strong>τε</strong></span> <span class='ocrx_word' id='word_1_254' title='bbox 1373 2056 1470 2110; x_wconf 79' lang='grc' dir='ltr'><strong>καὶ</strong></span> <span class='ocrx_word' id='word_1_255' title='bbox 1518 2056 1834 2129; x_wconf 76' lang='grc' dir='ltr'>ἐνεργείας·</span> <span class='ocrx_word' id='word_1_256' title='bbox 1874 2075 1965 2111; x_wconf 90' lang='grc' dir='ltr'>κε-</span> 
     </span>
    </p>
   </div>
   <div class='ocr_carea' id='block_1_38' title="bbox 2066 2050 3652 2129">
    <p class='ocr_par' dir='ltr' id='par_1_38' title="bbox 2072 2053 3652 2128">
     <span class='ocr_line' id='line_1_38' title="bbox 2072 2053 3652 2128; baseline 0.005 -23"><span class='ocrx_word' id='word_1_257' title='bbox 2072 2053 2429 2122; x_wconf 85' lang='lat' dir='ltr'><strong>actionesque</strong></span> <span class='ocrx_word' id='word_1_258' title='bbox 2467 2054 2612 2119; x_wconf 87' lang='lat' dir='ltr'><strong>edet,</strong></span> <span class='ocrx_word' id='word_1_259' title='bbox 2663 2070 2786 2110; x_wconf 85' lang='lat' dir='ltr'><strong>cum</strong></span> <span class='ocrx_word' id='word_1_260' title='bbox 2832 2070 2900 2109; x_wconf 92' lang='lat' dir='ltr'><strong>eo</strong></span> <span class='ocrx_word' id='word_1_261' title='bbox 2947 2056 3089 2125; x_wconf 84' lang='lat' dir='ltr'><strong>quod</strong></span> <span class='ocrx_word' id='word_1_262' title='bbox 3123 2071 3321 2128; x_wconf 80' lang='lat' dir='ltr'><strong>genere</strong></span> <span class='ocrx_word' id='word_1_263' title='bbox 3368 2067 3531 2127; x_wconf 89' lang='lat' dir='ltr'><strong>atque</strong></span> <span class='ocrx_word' id='word_1_264' title='bbox 3565 2074 3652 2112; x_wconf 89' lang='lat' dir='ltr'><strong>es-</strong></span> 
     </span>
    </p>
   </div>
   <div class='ocr_carea' id='block_1_39' title="bbox 380 2141 1965 2219">
    <p class='ocr_par' dir='ltr' id='par_1_39' title="bbox 380 2143 1965 2219">
     <span class='ocr_line' id='line_1_39' title="bbox 380 2143 1965 2219; baseline 0.001 -21"><span class='ocrx_word' id='word_1_265' title='bbox 380 2143 638 2214; x_wconf 74' lang='grc' dir='ltr'>χρήσεται</span> <span class='ocrx_word' id='word_1_266' title='bbox 664 2144 716 2197; x_wconf 78' lang='grc' dir='ltr'><strong>δὲ</strong></span> <span class='ocrx_word' id='word_1_267' title='bbox 747 2146 945 2215; x_wconf 77' lang='grc' dir='ltr'>μόνοις</span> <span class='ocrx_word' id='word_1_268' title='bbox 994 2149 1109 2209; x_wconf 85' lang='grc' dir='ltr'>τοῖς</span> <span class='ocrx_word' id='word_1_269' title='bbox 1141 2147 1278 2211; x_wconf 70' lang='grc' dir='ltr'>ἴσοις</span> <span class='ocrx_word' id='word_1_270' title='bbox 1325 2146 1576 2219; x_wconf 84' lang='grc' dir='ltr'>ίδιώμασι</span> <span class='ocrx_word' id='word_1_271' title='bbox 1616 2147 1687 2200; x_wconf 85' lang='grc' dir='ltr'>τὰ</span> <span class='ocrx_word' id='word_1_272' title='bbox 1717 2148 1847 2219; x_wconf 90' lang='grc' dir='ltr'>μίαν</span> <span class='ocrx_word' id='word_1_273' title='bbox 1875 2148 1965 2201; x_wconf 92' lang='grc' dir='ltr'>λα-</span> 
     </span>
    </p>
   </div>
   <div class='ocr_carea' id='block_1_40' title="bbox 2066 2141 3652 2219">
    <p class='ocr_par' dir='ltr' id='par_1_40' title="bbox 2072 2141 3652 2217">
     <span class='ocr_line' id='line_1_40' title="bbox 2072 2141 3652 2217; baseline 0.004 -22"><span class='ocrx_word' id='word_1_274' title='bbox 2072 2142 2247 2196; x_wconf 86' lang='lat' dir='ltr'><strong>sentia</strong></span> <span class='ocrx_word' id='word_1_275' title='bbox 2275 2141 2499 2209; x_wconf 70' lang='lat' dir='ltr'><strong>differt;</strong></span> <span class='ocrx_word' id='word_1_276' title='bbox 2535 2151 2760 2199; x_wconf 89' lang='lat' dir='ltr'><strong>utentur</strong></span> <span class='ocrx_word' id='word_1_277' title='bbox 2797 2159 2925 2200; x_wconf 87' lang='lat' dir='ltr'><strong>vero</strong></span> <span class='ocrx_word' id='word_1_278' title='bbox 2952 2159 3016 2199; x_wconf 87' lang='lat' dir='ltr'><strong>ea</strong></span> <span class='ocrx_word' id='word_1_279' title='bbox 3047 2155 3257 2200; x_wconf 91' lang='lat' dir='ltr'><strong>tantum</strong></span> <span class='ocrx_word' id='word_1_280' title='bbox 3297 2146 3490 2201; x_wconf 87' lang='lat' dir='ltr'><strong>iisdem</strong></span> <span class='ocrx_word' id='word_1_281' title='bbox 3526 2162 3652 2217; x_wconf 86' lang='lat' dir='ltr'><strong>pro-</strong></span> 
     </span>
    </p>
   </div>
   <div class='ocr_carea' id='block_1_41' title="bbox 372 2231 1965 2310">
    <p class='ocr_par' dir='ltr' id='par_1_41' title="bbox 372 2231 1965 2310">
     <span class='ocr_line' id='line_1_41' title="bbox 372 2231 1965 2310; baseline 0.004 -24"><span class='ocrx_word' id='word_1_282' title='bbox 372 2235 532 2302; x_wconf 76' lang='grc' dir='ltr'>χόντα</span> <span class='ocrx_word' id='word_1_283' title='bbox 564 2234 659 2307; x_wconf 75' lang='grc' dir='ltr'>τήν</span> <span class='ocrx_word' id='word_1_284' title='bbox 693 2236 864 2304; x_wconf 79' lang='grc' dir='ltr'>φύσιν</span> <span class='ocrx_word' id='word_1_285' title='bbox 887 2253 902 2267; x_wconf 73' lang='grc' dir='ltr'>ο</span> <span class='ocrx_word' id='word_1_286' title='bbox 937 2231 1020 2301; x_wconf 74' lang='grc' dir='ltr'><strong>οἷς</strong></span> <span class='ocrx_word' id='word_1_287' title='bbox 1052 2238 1111 2291; x_wconf 83' lang='grc' dir='ltr'><strong>δὲ</strong></span> <span class='ocrx_word' id='word_1_288' title='bbox 1140 2239 1175 2308; x_wconf 78' lang='grc' dir='ltr'><strong>ἡ</strong></span> <span class='ocrx_word' id='word_1_289' title='bbox 1198 2240 1256 2292; x_wconf 77' lang='grc' dir='ltr'>ὲν</span> <span class='ocrx_word' id='word_1_290' title='bbox 1295 2240 1360 2310; x_wconf 79' lang='grc' dir='ltr'>τῇ</span> <span class='ocrx_word' id='word_1_291' title='bbox 1390 2238 1546 2310; x_wconf 69' lang='grc' dir='ltr'>οὐσίᾳ</span> <span class='ocrx_word' id='word_1_292' title='bbox 1572 2238 1821 2310; x_wconf 80' lang='grc' dir='ltr'><strong>κοινότης</strong></span> <span class='ocrx_word' id='word_1_293' title='bbox 1847 2240 1965 2310; x_wconf 87' lang='grc' dir='ltr'>μία,</span> 
     </span>
    </p>
   </div>
   <div class='ocr_carea' id='block_1_42' title="bbox 2066 2231 3652 2310">
    <p class='ocr_par' dir='ltr' id='par_1_42' title="bbox 2072 2233 3652 2308">
     <span class='ocr_line' id='line_1_42' title="bbox 2072 2233 3652 2308; baseline 0.006 -23"><span class='ocrx_word' id='word_1_294' title='bbox 2072 2233 2416 2302; x_wconf 87' lang='lat' dir='ltr'><strong>prietatibus,</strong></span> <span class='ocrx_word' id='word_1_295' title='bbox 2436 2248 2558 2302; x_wconf 71' lang='lat' dir='ltr'><strong>qua:</strong></span> <span class='ocrx_word' id='word_1_296' title='bbox 2591 2250 2695 2289; x_wconf 92' lang='lat' dir='ltr'><strong>una</strong></span> <span class='ocrx_word' id='word_1_297' title='bbox 2726 2244 2890 2305; x_wconf 81' lang='lat' dir='ltr'><strong>atque</strong></span> <span class='ocrx_word' id='word_1_298' title='bbox 2915 2238 3107 2293; x_wconf 84' lang='lat' dir='ltr'><strong>eadem</strong></span> <span class='ocrx_word' id='word_1_299' title='bbox 3135 2239 3360 2308; x_wconf 65' lang='lat' dir='ltr'><strong>praedita</strong></span> <span class='ocrx_word' id='word_1_300' title='bbox 3395 2250 3526 2294; x_wconf 85' lang='lat' dir='ltr'><strong>sunt</strong></span> <span class='ocrx_word' id='word_1_301' title='bbox 3551 2256 3652 2295; x_wconf 86' lang='lat' dir='ltr'><strong>na-</strong></span> 
     </span>
    </p>
   </div>
   <div class='ocr_carea' id='block_1_43' title="bbox 363 2324 1965 2403">
    <p class='ocr_par' dir='ltr' id='par_1_43' title="bbox 363 2326 1965 2403">
     <span class='ocr_line' id='line_1_43' title="bbox 363 2326 1965 2403; baseline 0.004 -23"><span class='ocrx_word' id='word_1_302' title='bbox 363 2326 572 2392; x_wconf 72' lang='grc' dir='ltr'>τούτεις</span> <span class='ocrx_word' id='word_1_303' title='bbox 624 2329 1002 2401; x_wconf 77' lang='grc' dir='ltr'><strong>ἀκολουθήσει</strong></span> <span class='ocrx_word' id='word_1_304' title='bbox 1044 2331 1142 2385; x_wconf 78' lang='grc' dir='ltr'><strong>καὶ</strong></span> <span class='ocrx_word' id='word_1_305' title='bbox 1179 2331 1241 2385; x_wconf 84' lang='grc' dir='ltr'>τὸ</span> <span class='ocrx_word' id='word_1_306' title='bbox 1294 2331 1552 2403; x_wconf 80' lang='grc' dir='ltr'>ἀλλήλοις</span> <span class='ocrx_word' id='word_1_307' title='bbox 1602 2333 1741 2386; x_wconf 75' lang='grc' dir='ltr'>κατὰ</span> <span class='ocrx_word' id='word_1_308' title='bbox 1789 2333 1965 2387; x_wconf 82' lang='grc' dir='ltr'>πάντα</span> 
     </span>
    </p>
   </div>
   <div class='ocr_carea' id='block_1_44' title="bbox 2066 2324 3650 2403">
    <p class='ocr_par' dir='ltr' id='par_1_44' title="bbox 2073 2324 3650 2399">
     <span class='ocr_line' id='line_1_44' title="bbox 2073 2324 3650 2399; baseline 0.006 -23"><span class='ocrx_word' id='word_1_309' title='bbox 2073 2332 2193 2377; x_wconf 90' lang='lat' dir='ltr'><strong>tura</strong></span> <span class='ocrx_word' id='word_1_310' title='bbox 2221 2341 2235 2377; x_wconf 90' lang='lat'><strong>:</strong></span> <span class='ocrx_word' id='word_1_311' title='bbox 2272 2335 2327 2378; x_wconf 89' lang='lat' dir='ltr'><strong>at</strong></span> <span class='ocrx_word' id='word_1_312' title='bbox 2361 2324 2564 2394; x_wconf 88' lang='lat' dir='ltr'><strong>quibus</strong></span> <span class='ocrx_word' id='word_1_313' title='bbox 2598 2342 2702 2380; x_wconf 91' lang='lat' dir='ltr'><strong>una</strong></span> <span class='ocrx_word' id='word_1_314' title='bbox 2735 2328 2961 2399; x_wconf 78' lang='lat' dir='ltr'><strong>contigit</strong></span> <span class='ocrx_word' id='word_1_315' title='bbox 2990 2331 3245 2385; x_wconf 71' lang='lat' dir='ltr'><strong>essentia:</strong></span> <span class='ocrx_word' id='word_1_316' title='bbox 3286 2332 3541 2396; x_wconf 86' lang='lat' dir='ltr'><strong>societas,</strong></span> <span class='ocrx_word' id='word_1_317' title='bbox 3586 2347 3650 2386; x_wconf 88' lang='lat' dir='ltr'><strong>ea</strong></span> 
     </span>
    </p>
   </div>
   <div class='ocr_carea' id='block_1_45' title="bbox 360 2414 1965 2497">
    <p class='ocr_par' dir='ltr' id='par_1_45' title="bbox 360 2421 1965 2497">
     <span class='ocr_line' id='line_1_45' title="bbox 360 2421 1965 2497; baseline 0.004 -27"><span class='ocrx_word' id='word_1_318' title='bbox 360 2421 771 2490; x_wconf 78' lang='grc' dir='ltr'><strong>προσεοικέναι.</strong></span> <span class='ocrx_word' id='word_1_319' title='bbox 814 2421 880 2474; x_wconf 81' lang='grc' dir='ltr'><strong>Εἰ</strong></span> <span class='ocrx_word' id='word_1_320' title='bbox 924 2423 1108 2477; x_wconf 83' lang='grc' dir='ltr'>τοίνυν</span> <span class='ocrx_word' id='word_1_321' title='bbox 1162 2423 1260 2494; x_wconf 84' lang='grc' dir='ltr'><strong>μία</strong></span> <span class='ocrx_word' id='word_1_322' title='bbox 1308 2424 1408 2495; x_wconf 86' lang='grc' dir='ltr'>μὲν</span> <span class='ocrx_word' id='word_1_323' title='bbox 1455 2423 1705 2496; x_wconf 79' lang='grc' dir='ltr'>ἐνέργεια</span> <span class='ocrx_word' id='word_1_324' title='bbox 1754 2424 1965 2497; x_wconf 87' lang='grc' dir='ltr'>Πατρὸς</span> 
     </span>
    </p>
   </div>
   <div class='ocr_carea' id='block_1_46' title="bbox 2066 2414 3648 2497">
    <p class='ocr_par' dir='ltr' id='par_1_46' title="bbox 2070 2414 3648 2490">
     <span class='ocr_line' id='line_1_46' title="bbox 2070 2414 3648 2490; baseline 0.004 -22"><span class='ocrx_word' id='word_1_325' title='bbox 2070 2414 2237 2468; x_wconf 89' lang='lat' dir='ltr'><strong>etiam</strong></span> <span class='ocrx_word' id='word_1_326' title='bbox 2278 2415 2532 2472; x_wconf 81' lang='lat' dir='ltr'><strong>omnibus</strong></span> <span class='ocrx_word' id='word_1_327' title='bbox 2566 2416 2767 2470; x_wconf 86' lang='lat' dir='ltr'><strong>similia</strong></span> <span class='ocrx_word' id='word_1_328' title='bbox 2804 2417 2947 2474; x_wconf 85' lang='lat' dir='ltr'><strong>inter</strong></span> <span class='ocrx_word' id='word_1_329' title='bbox 2980 2434 3039 2474; x_wconf 89' lang='lat' dir='ltr'><strong>se</strong></span> <span class='ocrx_word' id='word_1_330' title='bbox 3063 2428 3242 2475; x_wconf 83' lang='lat' dir='ltr'><strong>ertmt.</strong></span> <span class='ocrx_word' id='word_1_331' title='bbox 3273 2418 3330 2475; x_wconf 89' lang='lat' dir='ltr'><strong>Si</strong></span> <span class='ocrx_word' id='word_1_332' title='bbox 3375 2436 3506 2490; x_wconf 77' lang='lat' dir='ltr'><strong>ergo</strong></span> <span class='ocrx_word' id='word_1_333' title='bbox 3544 2437 3648 2475; x_wconf 84' lang='lat' dir='ltr'><strong>una</strong></span> 
     </span>
    </p>
   </div>
   <div class='ocr_carea' id='block_1_47' title="bbox 359 2503 1965 2591">
    <p class='ocr_par' dir='ltr' id='par_1_47' title="bbox 359 2510 1965 2591">
     <span class='ocr_line' id='line_1_47' title="bbox 359 2510 1965 2591; baseline 0.005 -26"><span class='ocrx_word' id='word_1_334' title='bbox 359 2510 454 2565; x_wconf 70' lang='lat' dir='ltr'><strong>ui</strong></span> <span class='ocrx_word' id='word_1_335' title='bbox 485 2510 645 2579; x_wconf 78' lang='grc' dir='ltr'><strong>Υίοῦ,</strong></span> <span class='ocrx_word' id='word_1_336' title='bbox 691 2514 727 2583; x_wconf 81' lang='grc' dir='ltr'>ἡ</span> <span class='ocrx_word' id='word_1_337' title='bbox 782 2513 929 2585; x_wconf 85' lang='grc' dir='ltr'>αὐτὴ</span> <span class='ocrx_word' id='word_1_338' title='bbox 958 2514 1016 2566; x_wconf 84' lang='grc' dir='ltr'><strong>δὲ</strong></span> <span class='ocrx_word' id='word_1_339' title='bbox 1054 2513 1284 2586; x_wconf 75' lang='grc' dir='ltr'>δύναμις</span> <span class='ocrx_word' id='word_1_340' title='bbox 1315 2516 1374 2568; x_wconf 86' lang='grc' dir='ltr'>ὲν</span> <span class='ocrx_word' id='word_1_341' title='bbox 1418 2518 1586 2570; x_wconf 84' lang='grc' dir='ltr'>πᾶσιν</span> <span class='ocrx_word' id='word_1_342' title='bbox 1619 2518 1834 2587; x_wconf 83' lang='grc' dir='ltr'>ὁρᾶται,</span> <span class='ocrx_word' id='word_1_343' title='bbox 1866 2519 1965 2591; x_wconf 81' lang='grc' dir='ltr'>οὐχ</span> 
     </span>
    </p>
   </div>
   <div class='ocr_carea' id='block_1_48' title="bbox 2066 2503 3648 2591">
    <p class='ocr_par' dir='ltr' id='par_1_48' title="bbox 2071 2503 3648 2579">
     <span class='ocr_line' id='line_1_48' title="bbox 2071 2503 3648 2579; baseline 0.003 -21"><span class='ocrx_word' id='word_1_344' title='bbox 2071 2510 2157 2559; x_wconf 89' lang='lat' dir='ltr'><strong>est</strong></span> <span class='ocrx_word' id='word_1_345' title='bbox 2183 2503 2431 2572; x_wconf 83' lang='lat' dir='ltr'><strong>operatio</strong></span> <span class='ocrx_word' id='word_1_346' title='bbox 2479 2504 2659 2561; x_wconf 87' lang='lat' dir='ltr'><strong>Patris</strong></span> <span class='ocrx_word' id='word_1_347' title='bbox 2694 2516 2750 2561; x_wconf 93' lang='lat' dir='ltr'><strong>et</strong></span> <span class='ocrx_word' id='word_1_348' title='bbox 2779 2507 2925 2575; x_wconf 90' lang='lat' dir='ltr'><strong>Filii,</strong></span> <span class='ocrx_word' id='word_1_349' title='bbox 2970 2510 3272 2579; x_wconf 86' lang='lat' dir='ltr'><strong>eademque</strong></span> <span class='ocrx_word' id='word_1_350' title='bbox 3317 2512 3557 2579; x_wconf 87' lang='lat' dir='ltr'><strong>potentia</strong></span> <span class='ocrx_word' id='word_1_351' title='bbox 3594 2512 3648 2564; x_wconf 89' lang='lat' dir='ltr'><strong>iu</strong></span> 
     </span>
    </p>
   </div>
   <div class='ocr_carea' id='block_1_49' title="bbox 360 2595 1965 2677">
    <p class='ocr_par' dir='ltr' id='par_1_49' title="bbox 360 2604 1962 2677">
     <span class='ocr_line' id='line_1_49' title="bbox 360 2604 1962 2677; baseline 0.003 -21"><span class='ocrx_word' id='word_1_352' title='bbox 360 2604 674 2675; x_wconf 76' lang='grc' dir='ltr'>ἑτερούσιος</span> <span class='ocrx_word' id='word_1_353' title='bbox 723 2606 804 2669; x_wconf 85' lang='grc' dir='ltr'>ὡς</span> <span class='ocrx_word' id='word_1_354' title='bbox 854 2605 996 2676; x_wconf 82' lang='grc' dir='ltr'>πρὸς</span> <span class='ocrx_word' id='word_1_355' title='bbox 1047 2605 1249 2677; x_wconf 76' lang='grc' dir='ltr'>ἑαυτὴν</span> <span class='ocrx_word' id='word_1_356' title='bbox 1303 2608 1337 2676; x_wconf 80' lang='grc' dir='ltr'><strong>ή</strong></span> <span class='ocrx_word' id='word_1_357' title='bbox 1388 2606 1541 2670; x_wconf 85' lang='grc' dir='ltr'>δυάς.</span> <span class='ocrx_word' id='word_1_358' title='bbox 1587 2607 1652 2660; x_wconf 80' lang='lat' dir='ltr'><strong>Ei</strong></span> <span class='ocrx_word' id='word_1_359' title='bbox 1688 2607 1744 2661; x_wconf 84' lang='grc' dir='ltr'>δὲ</span> <span class='ocrx_word' id='word_1_360' title='bbox 1784 2607 1962 2674; x_wconf 80' lang='grc' dir='ltr'>τοῦτο,</span> 
     </span>
    </p>
   </div>
   <div class='ocr_carea' id='block_1_50' title="bbox 2066 2595 3652 2677">
    <p class='ocr_par' dir='ltr' id='par_1_50' title="bbox 2071 2595 3652 2660">
     <span class='ocr_line' id='line_1_50' title="bbox 2071 2595 3652 2660; baseline 0.004 -11"><span class='ocrx_word' id='word_1_361' title='bbox 2071 2595 2324 2650; x_wconf 89' lang='lat' dir='ltr'><strong>omnibus</strong></span> <span class='ocrx_word' id='word_1_362' title='bbox 2354 2595 2622 2660; x_wconf 80' lang='lat' dir='ltr'><strong>cernitur,</strong></span> <span class='ocrx_word' id='word_1_363' title='bbox 2661 2612 2776 2651; x_wconf 80' lang='lat' dir='ltr'><strong>non</strong></span> <span class='ocrx_word' id='word_1_364' title='bbox 2817 2608 2901 2652; x_wconf 88' lang='lat' dir='ltr'><strong>est</strong></span> <span class='ocrx_word' id='word_1_365' title='bbox 2930 2599 3163 2655; x_wconf 85' lang='lat' dir='ltr'><strong>dualitas</strong></span> <span class='ocrx_word' id='word_1_366' title='bbox 3199 2601 3430 2659; x_wconf 66' lang='lat' dir='ltr'><strong>diversae</strong></span> <span class='ocrx_word' id='word_1_367' title='bbox 3468 2615 3652 2656; x_wconf 85' lang='lat' dir='ltr'><strong>essen-</strong></span> 
     </span>
    </p>
   </div>
   <div class='ocr_carea' id='block_1_51' title="bbox 357 2694 1966 2772">
    <p class='ocr_par' dir='ltr' id='par_1_51' title="bbox 357 2694 1966 2772">
     <span class='ocr_line' id='line_1_51' title="bbox 357 2694 1966 2772; baseline 0.003 -24"><span class='ocrx_word' id='word_1_368' title='bbox 357 2694 582 2767; x_wconf 73' lang='grc' dir='ltr'>φορέσει</span> <span class='ocrx_word' id='word_1_369' title='bbox 626 2695 862 2760; x_wconf 80' lang='grc' dir='ltr'>πάντως</span> <span class='ocrx_word' id='word_1_370' title='bbox 909 2697 1008 2751; x_wconf 57' lang='grc' dir='ltr'><strong>καὶ⁹</strong></span> <span class='ocrx_word' id='word_1_371' title='bbox 1051 2697 1155 2768; x_wconf 75' lang='grc' dir='ltr'>τὴν</span> <span class='ocrx_word' id='word_1_372' title='bbox 1201 2697 1493 2770; x_wconf 80' lang='grc' dir='ltr'>ὁμοιότητα</span> <span class='ocrx_word' id='word_1_373' title='bbox 1543 2699 1640 2752; x_wconf 80' lang='grc' dir='ltr'><strong>τοῦ</strong></span> <span class='ocrx_word' id='word_1_374' title='bbox 1686 2700 1902 2772; x_wconf 79' lang='grc' dir='ltr'>Πατρὺς</span> <span class='ocrx_word' id='word_1_375' title='bbox 1937 2702 1966 2752; x_wconf 84' lang='grc' dir='ltr'>ὁ</span> 
     </span>
    </p>
   </div>
   <div class='ocr_carea' id='block_1_52' title="bbox 354 2787 1965 2863">
    <p class='ocr_par' dir='ltr' id='par_1_52' title="bbox 354 2787 1965 2863">
     <span class='ocr_line' id='line_1_52' title="bbox 354 2787 1965 2863; baseline 0.003 -24"><span class='ocrx_word' id='word_1_376' title='bbox 354 2787 509 2853; x_wconf 73' lang='grc' dir='ltr'>Υἱὸς,</span> <span class='ocrx_word' id='word_1_377' title='bbox 542 2788 624 2853; x_wconf 82' lang='grc' dir='ltr'>ὡς</span> <span class='ocrx_word' id='word_1_378' title='bbox 655 2788 971 2859; x_wconf 81' lang='grc' dir='ltr'>ὁμοοόσιος,</span> <span class='ocrx_word' id='word_1_379' title='bbox 1024 2790 1120 2843; x_wconf 69' lang='grc' dir='ltr'>καὶ</span> <span class='ocrx_word' id='word_1_380' title='bbox 1165 2790 1265 2843; x_wconf 83' lang='grc' dir='ltr'><strong>οὐκ</strong></span> <span class='ocrx_word' id='word_1_381' title='bbox 1309 2789 1460 2843; x_wconf 73' lang='grc' dir='ltr'>ἔσται</span> <span class='ocrx_word' id='word_1_382' title='bbox 1508 2793 1606 2862; x_wconf 79' lang='grc' dir='ltr'>τῆς</span> <span class='ocrx_word' id='word_1_383' title='bbox 1659 2790 1965 2863; x_wconf 77' lang='grc' dir='ltr'><strong>βουλήσεως</strong></span> 
     </span>
    </p>
   </div>
   <div class='ocr_carea' id='block_1_53' title="bbox 340 2880 544 2934">
    <p class='ocr_par' dir='ltr' id='par_1_53' title="bbox 340 2880 544 2934">
     <span class='ocr_line' id='line_1_53' title="bbox 340 2880 544 2934; baseline 0.01 -2"><span class='ocrx_word' id='word_1_384' title='bbox 340 2880 544 2934; x_wconf 74' lang='grc' dir='ltr'>εἰκὼν.</span> 
     </span>
    </p>
   </div>
   <div class='ocr_carea' id='block_1_54' title="bbox 2074 2688 3649 2761">
    <p class='ocr_par' dir='ltr' id='par_1_54' title="bbox 2074 2688 3649 2761">
     <span class='ocr_line' id='line_1_54' title="bbox 2074 2688 3649 2761; baseline 0.004 -20"><span class='ocrx_word' id='word_1_385' title='bbox 2074 2688 2183 2742; x_wconf 65' lang='lat' dir='ltr'><strong>tite.</strong></span> <span class='ocrx_word' id='word_1_386' title='bbox 2206 2688 2277 2742; x_wconf 88' lang='lat' dir='ltr'><strong>Et</strong></span> <span class='ocrx_word' id='word_1_387' title='bbox 2299 2688 2343 2742; x_wconf 92' lang='lat' dir='ltr'><strong>si</strong></span> <span class='ocrx_word' id='word_1_388' title='bbox 2375 2688 2447 2743; x_wconf 87' lang='lat' dir='ltr'><strong>ita</strong></span> <span class='ocrx_word' id='word_1_389' title='bbox 2474 2699 2582 2757; x_wconf 90' lang='lat' dir='ltr'><strong>est,</strong></span> <span class='ocrx_word' id='word_1_390' title='bbox 2604 2691 2837 2761; x_wconf 69' lang='lat' dir='ltr'><strong>gestabit</strong></span> <span class='ocrx_word' id='word_1_391' title='bbox 2860 2692 3085 2746; x_wconf 85' lang='lat' dir='ltr'><strong>omnino</strong></span> <span class='ocrx_word' id='word_1_392' title='bbox 3105 2692 3515 2749; x_wconf 87' lang='lat' dir='ltr'><strong>similitudinem</strong></span> <span class='ocrx_word' id='word_1_393' title='bbox 3544 2694 3649 2747; x_wconf 82' lang='lat' dir='ltr'><strong>Pa-</strong></span> 
     </span>
    </p>
   </div>
   <div class='ocr_carea' id='block_1_55' title="bbox 2072 2778 3651 2857">
    <p class='ocr_par' dir='ltr' id='par_1_55' title="bbox 2072 2778 3651 2857">
     <span class='ocr_line' id='line_1_55' title="bbox 2072 2778 3651 2857; baseline 0.006 -25"><span class='ocrx_word' id='word_1_394' title='bbox 2072 2779 2170 2834; x_wconf 91' lang='lat' dir='ltr'><strong>tris</strong></span> <span class='ocrx_word' id='word_1_395' title='bbox 2216 2778 2406 2847; x_wconf 86' lang='lat' dir='ltr'><strong>Filius,</strong></span> <span class='ocrx_word' id='word_1_396' title='bbox 2456 2791 2515 2836; x_wconf 82' lang='lat' dir='ltr'><strong>ut</strong></span> <span class='ocrx_word' id='word_1_397' title='bbox 2552 2783 3066 2851; x_wconf 84' lang='lat' dir='ltr'><strong>eonsubstantialis;</strong></span> <span class='ocrx_word' id='word_1_398' title='bbox 3107 2799 3282 2855; x_wconf 87' lang='lat' dir='ltr'><strong>neque</strong></span> <span class='ocrx_word' id='word_1_399' title='bbox 3318 2787 3425 2841; x_wconf 82' lang='lat' dir='ltr'><strong>erit</strong></span> <span class='ocrx_word' id='word_1_400' title='bbox 3471 2786 3651 2857; x_wconf 79' lang='lat' dir='ltr'><strong>imago</strong></span> 
     </span>
    </p>
   </div>
   <div class='ocr_carea' id='block_1_56' title="bbox 2070 2868 2385 2926">
    <p class='ocr_par' dir='ltr' id='par_1_56' title="bbox 2070 2868 2385 2926">
     <span class='ocr_line' id='line_1_56' title="bbox 2070 2868 2385 2926; baseline 0.006 -2"><span class='ocrx_word' id='word_1_401' title='bbox 2070 2868 2385 2926; x_wconf 69' lang='lat' dir='ltr'><strong>soluntatis.</strong></span> 
     </span>
    </p>
   </div>
   <div class='ocr_carea' id='block_1_57' title="bbox 2742 2993 2975 3049">
    <p class='ocr_par' dir='ltr' id='par_1_57' title="bbox 2742 2993 2975 3049">
     <span class='ocr_line' id='line_1_57' title="bbox 2742 2993 2975 3049; baseline 0.013 -3"><span class='ocrx_word' id='word_1_402' title='bbox 2742 2993 2975 3049; x_wconf 84' lang='lat' dir='ltr'><strong>ALIUD.</strong></span> 
     </span>
    </p>
   </div>
   <div class='ocr_carea' id='block_1_58' title="bbox 426 3100 1965 3186">
    <p class='ocr_par' dir='ltr' id='par_1_58' title="bbox 426 3110 1962 3186">
     <span class='ocr_line' id='line_1_58' title="bbox 426 3110 1962 3186; baseline 0.006 -22"><span class='ocrx_word' id='word_1_403' title='bbox 426 3111 493 3165; x_wconf 77' lang='lat' dir='ltr'><strong>Ei</strong></span> <span class='ocrx_word' id='word_1_404' title='bbox 523 3112 632 3164; x_wconf 81' lang='grc' dir='ltr'><strong>ὅσα</strong></span> <span class='ocrx_word' id='word_1_405' title='bbox 672 3110 995 3182; x_wconf 83' lang='grc' dir='ltr'>βουλεύεται</span> <span class='ocrx_word' id='word_1_406' title='bbox 1035 3114 1064 3166; x_wconf 91' lang='grc' dir='ltr'>ὁ</span> <span class='ocrx_word' id='word_1_407' title='bbox 1109 3111 1241 3176; x_wconf 80' lang='grc' dir='ltr'>Θεὸς</span> <span class='ocrx_word' id='word_1_408' title='bbox 1277 3115 1369 3167; x_wconf 77' lang='grc' dir='ltr'>καὶ</span> <span class='ocrx_word' id='word_1_409' title='bbox 1404 3114 1611 3186; x_wconf 83' lang='grc' dir='ltr'>Πατὴρ,</span> <span class='ocrx_word' id='word_1_410' title='bbox 1639 3115 1809 3170; x_wconf 83' lang='grc' dir='ltr'>ταῦτα</span> <span class='ocrx_word' id='word_1_411' title='bbox 1838 3116 1962 3186; x_wconf 84' lang='grc' dir='ltr'>βου-</span> 
     </span>
    </p>
   </div>
   <div class='ocr_carea' id='block_1_59' title="bbox 2066 3100 3648 3186">
    <p class='ocr_par' dir='ltr' id='par_1_59' title="bbox 2141 3100 3648 3176">
     <span class='ocr_line' id='line_1_59' title="bbox 2141 3100 3648 3176; baseline 0.009 -22"><span class='ocrx_word' id='word_1_412' title='bbox 2141 3100 2196 3155; x_wconf 87' lang='lat' dir='ltr'><strong>Si</strong></span> <span class='ocrx_word' id='word_1_413' title='bbox 2225 3117 2562 3174; x_wconf 76' lang='lat' dir='ltr'><strong>quaecunque</strong></span> <span class='ocrx_word' id='word_1_414' title='bbox 2606 3107 2798 3160; x_wconf 84' lang='lat' dir='ltr'><strong>statuit</strong></span> <span class='ocrx_word' id='word_1_415' title='bbox 2832 3105 2973 3163; x_wconf 86' lang='lat' dir='ltr'><strong>Deus</strong></span> <span class='ocrx_word' id='word_1_416' title='bbox 3006 3119 3058 3163; x_wconf 89' lang='lat' dir='ltr'><strong>et</strong></span> <span class='ocrx_word' id='word_1_417' title='bbox 3094 3109 3273 3176; x_wconf 77' lang='lat' dir='ltr'><strong>Pater,</strong></span> <span class='ocrx_word' id='word_1_418' title='bbox 3302 3113 3490 3167; x_wconf 88' lang='lat' dir='ltr'><strong>eadem</strong></span> <span class='ocrx_word' id='word_1_419' title='bbox 3535 3124 3648 3175; x_wconf 84' lang='lat' dir='ltr'><strong>sta-</strong></span> 
     </span>
    </p>
   </div>
   <div class='ocr_carea' id='block_1_60' title="bbox 344 3174 1965 3281">
    <p class='ocr_par' dir='ltr' id='par_1_60' title="bbox 344 3174 1964 3281">
     <span class='ocr_line' id='line_1_60' title="bbox 344 3174 1964 3281; baseline 0.006 -26"><span class='ocrx_word' id='word_1_420' title='bbox 344 3202 579 3263; x_wconf 75' lang='grc' dir='ltr'>λεύεται</span> <span class='ocrx_word' id='word_1_421' title='bbox 626 3174 727 3257; x_wconf 67' lang='grc' dir='ltr'>κὲιι</span> <span class='ocrx_word' id='word_1_422' title='bbox 762 3206 793 3258; x_wconf 83' lang='grc' dir='ltr'>ὁ</span> <span class='ocrx_word' id='word_1_423' title='bbox 822 3204 951 3268; x_wconf 79' lang='grc' dir='ltr'><strong>Υἱὸς</strong></span> <span class='ocrx_word' id='word_1_424' title='bbox 983 3174 1235 3277; x_wconf 82' lang='grc' dir='ltr'>(οὐδεμία</span> <span class='ocrx_word' id='word_1_425' title='bbox 1267 3206 1380 3279; x_wconf 83' lang='grc' dir='ltr'>γὰρ</span> <span class='ocrx_word' id='word_1_426' title='bbox 1427 3174 1615 3272; x_wconf 50' lang='lat' dir='ltr'><strong>male};</strong></span> <span class='ocrx_word' id='word_1_427' title='bbox 1648 3209 1682 3279; x_wconf 82' lang='grc' dir='ltr'>ἢ</span> <span class='ocrx_word' id='word_1_428' title='bbox 1726 3174 1964 3281; x_wconf 71' lang='grc' dir='ltr'>διχςξνοια</span> 
     </span>
    </p>
   </div>
   <div class='ocr_carea' id='block_1_61' title="bbox 2066 3174 3643 3281">
    <p class='ocr_par' dir='ltr' id='par_1_61' title="bbox 2072 3192 3643 3267">
     <span class='ocr_line' id='line_1_61' title="bbox 2072 3192 3643 3267; baseline 0.007 -20"><span class='ocrx_word' id='word_1_429' title='bbox 2072 3193 2171 3248; x_wconf 89' lang='lat' dir='ltr'><strong>tnit</strong></span> <span class='ocrx_word' id='word_1_430' title='bbox 2200 3207 2254 3248; x_wconf 92' lang='grc' dir='ltr'><strong>ει</strong></span> <span class='ocrx_word' id='word_1_431' title='bbox 2281 3192 2451 3251; x_wconf 85' lang='lat' dir='ltr'><strong>Filius</strong></span> <span class='ocrx_word' id='word_1_432' title='bbox 2476 3195 2644 3267; x_wconf 88' lang='lat' dir='ltr'><strong>(nulla</strong></span> <span class='ocrx_word' id='word_1_433' title='bbox 2672 3198 2818 3252; x_wconf 90' lang='lat' dir='ltr'><strong>enim</strong></span> <span class='ocrx_word' id='word_1_434' title='bbox 2857 3198 3125 3255; x_wconf 86' lang='lat' dir='ltr'><strong>dissensio</strong></span> <span class='ocrx_word' id='word_1_435' title='bbox 3156 3201 3207 3254; x_wconf 95' lang='lat' dir='ltr'><strong>in</strong></span> <span class='ocrx_word' id='word_1_436' title='bbox 3246 3218 3348 3255; x_wconf 90' lang='lat' dir='ltr'><strong>una</strong></span> <span class='ocrx_word' id='word_1_437' title='bbox 3379 3213 3433 3256; x_wconf 85' lang='lat' dir='ltr'><strong>et</strong></span> <span class='ocrx_word' id='word_1_438' title='bbox 3460 3203 3643 3257; x_wconf 84' lang='lat' dir='ltr'><strong>incor-</strong></span> 
     </span>
    </p>
   </div>
   <div class='ocr_carea' id='block_1_62' title="bbox 349 3284 1965 3371">
    <p class='ocr_par' dir='ltr' id='par_1_62' title="bbox 349 3294 1963 3371">
     <span class='ocr_line' id='line_1_62' title="bbox 349 3294 1963 3371; baseline 0.002 -22"><span class='ocrx_word' id='word_1_439' title='bbox 349 3298 609 3367; x_wconf 77' lang='grc' dir='ltr'>χωρήσει</span> <span class='ocrx_word' id='word_1_440' title='bbox 640 3294 777 3348; x_wconf 82' lang='grc' dir='ltr'>ποτὲ</span> <span class='ocrx_word' id='word_1_441' title='bbox 810 3296 871 3347; x_wconf 81' lang='grc' dir='ltr'>ὲν</span> <span class='ocrx_word' id='word_1_442' title='bbox 898 3297 964 3367; x_wconf 79' lang='grc' dir='ltr'><strong>τῇ</strong></span> <span class='ocrx_word' id='word_1_443' title='bbox 1000 3297 1101 3367; x_wconf 77' lang='grc' dir='ltr'><strong>μιᾷ</strong></span> <span class='ocrx_word' id='word_1_444' title='bbox 1142 3297 1238 3350; x_wconf 76' lang='grc' dir='ltr'>καὶ</span> <span class='ocrx_word' id='word_1_445' title='bbox 1268 3297 1520 3370; x_wconf 83' lang='grc' dir='ltr'>ἀχράντῳ</span> <span class='ocrx_word' id='word_1_446' title='bbox 1549 3299 1785 3371; x_wconf 82' lang='grc' dir='ltr'>Τριάδι),</span> <span class='ocrx_word' id='word_1_447' title='bbox 1811 3303 1963 3354; x_wconf 84' lang='grc' dir='ltr'>ποῖον</span> 
     </span>
    </p>
   </div>
   <div class='ocr_carea' id='block_1_63' title="bbox 2066 3284 3651 3371">
    <p class='ocr_par' dir='ltr' id='par_1_63' title="bbox 2071 3284 3651 3364">
     <span class='ocr_line' id='line_1_63' title="bbox 2071 3284 3651 3364; baseline 0.008 -27"><span class='ocrx_word' id='word_1_448' title='bbox 2071 3293 2229 3357; x_wconf 87' lang='lat' dir='ltr'><strong>rupta</strong></span> <span class='ocrx_word' id='word_1_449' title='bbox 2261 3284 2577 3358; x_wconf 87' lang='lat' dir='ltr'><strong>&#39;l&#39;rinitatc),</strong></span> <span class='ocrx_word' id='word_1_450' title='bbox 2616 3303 2775 3358; x_wconf 89' lang='lat' dir='ltr'><strong>quem</strong></span> <span class='ocrx_word' id='word_1_451' title='bbox 2812 3289 2991 3345; x_wconf 90' lang='lat' dir='ltr'><strong>locum</strong></span> <span class='ocrx_word' id='word_1_452' title='bbox 3021 3291 3242 3356; x_wconf 85' lang='lat' dir='ltr'><strong>habebit</strong></span> <span class='ocrx_word' id='word_1_453' title='bbox 3275 3293 3526 3354; x_wconf 84' lang='lat' dir='ltr'><strong>voluntas</strong></span> <span class='ocrx_word' id='word_1_454' title='bbox 3555 3311 3651 3364; x_wconf 86' lang='lat' dir='ltr'><strong>per</strong></span> 
     </span>
    </p>
   </div>
   <div class='ocr_carea' id='block_1_64' title="bbox 348 3378 1965 3459">
    <p class='ocr_par' dir='ltr' id='par_1_64' title="bbox 348 3387 1962 3459">
     <span class='ocr_line' id='line_1_64' title="bbox 348 3387 1962 3459; baseline 0.004 -19"><span class='ocrx_word' id='word_1_455' title='bbox 348 3387 469 3453; x_wconf 71' lang='grc' dir='ltr'>ἱξει</span> <span class='ocrx_word' id='word_1_456' title='bbox 514 3387 694 3447; x_wconf 75' lang='grc' dir='ltr'>τόπον</span> <span class='ocrx_word' id='word_1_457' title='bbox 743 3387 1111 3451; x_wconf 74' lang='grc' dir='ltr'>ὲνυτοόστατος</span> <span class='ocrx_word' id='word_1_458' title='bbox 1162 3387 1437 3459; x_wconf 80' lang='grc' dir='ltr'>βούλησις,</span> <span class='ocrx_word' id='word_1_459' title='bbox 1494 3388 1677 3458; x_wconf 90' lang='grc' dir='ltr'>τρίτον</span> <span class='ocrx_word' id='word_1_460' title='bbox 1725 3390 1962 3459; x_wconf 77' lang='grc' dir='ltr'>ἀποφαί-</span> 
     </span>
    </p>
   </div>
   <div class='ocr_carea' id='block_1_65' title="bbox 2066 3378 3649 3459">
    <p class='ocr_par' dir='ltr' id='par_1_65' title="bbox 2071 3378 3649 3443">
     <span class='ocr_line' id='line_1_65' title="bbox 2071 3378 3649 3443; baseline 0.008 -12"><span class='ocrx_word' id='word_1_461' title='bbox 2071 3391 2130 3431; x_wconf 92' lang='lat' dir='ltr'><strong>se</strong></span> <span class='ocrx_word' id='word_1_462' title='bbox 2155 3378 2482 3443; x_wconf 89' lang='lat' dir='ltr'><strong>subsistens,</strong></span> <span class='ocrx_word' id='word_1_463' title='bbox 2503 3379 2722 3435; x_wconf 88' lang='lat' dir='ltr'><strong>tertium</strong></span> <span class='ocrx_word' id='word_1_464' title='bbox 2744 3384 3083 3439; x_wconf 91' lang='lat' dir='ltr'><strong>constituens</strong></span> <span class='ocrx_word' id='word_1_465' title='bbox 3109 3382 3306 3440; x_wconf 89' lang='lat' dir='ltr'><strong>Filium</strong></span> <span class='ocrx_word' id='word_1_466' title='bbox 3336 3387 3649 3443; x_wconf 87' lang='lat' dir='ltr'><strong>immediate</strong></span> 
     </span>
    </p>
   </div>
   <div class='ocr_carea' id='block_1_66' title="bbox 350 3469 1965 3551">
    <p class='ocr_par' dir='ltr' id='par_1_66' title="bbox 350 3479 1964 3551">
     <span class='ocr_line' id='line_1_66' title="bbox 350 3479 1964 3551; baseline 0.002 -16"><span class='ocrx_word' id='word_1_467' title='bbox 350 3497 522 3535; x_wconf 68' lang='grc' dir='ltr'>νουσα</span> <span class='ocrx_word' id='word_1_468' title='bbox 558 3480 658 3534; x_wconf 81' lang='grc' dir='ltr'><strong>τὸν</strong></span> <span class='ocrx_word' id='word_1_469' title='bbox 680 3479 815 3533; x_wconf 73' lang='grc' dir='ltr'>Υίὸν</span> <span class='ocrx_word' id='word_1_470' title='bbox 834 3479 928 3537; x_wconf 84' lang='grc' dir='ltr'>τὸν</span> <span class='ocrx_word' id='word_1_471' title='bbox 957 3480 1200 3551; x_wconf 82' lang='grc' dir='ltr'>προσεχῆ</span> <span class='ocrx_word' id='word_1_472' title='bbox 1224 3479 1302 3550; x_wconf 81' lang='grc' dir='ltr'><strong>τῷ</strong></span> <span class='ocrx_word' id='word_1_473' title='bbox 1323 3481 1521 3550; x_wconf 74' lang='grc' dir='ltr'>Πατρὶ,</span> <span class='ocrx_word' id='word_1_474' title='bbox 1557 3480 1691 3535; x_wconf 76' lang='grc' dir='ltr'>καθὸ</span> <span class='ocrx_word' id='word_1_475' title='bbox 1716 3482 1811 3535; x_wconf 78' lang='grc' dir='ltr'>καὶ</span> <span class='ocrx_word' id='word_1_476' title='bbox 1836 3482 1964 3547; x_wconf 81' lang='grc' dir='ltr'>Υίδς</span> 
     </span>
    </p>
   </div>
   <div class='ocr_carea' id='block_1_67' title="bbox 2066 3469 3649 3551">
    <p class='ocr_par' dir='ltr' id='par_1_67' title="bbox 2068 3469 3649 3548">
     <span class='ocr_line' id='line_1_67' title="bbox 2068 3469 3649 3548; baseline 0.008 -26"><span class='ocrx_word' id='word_1_477' title='bbox 2068 3472 2422 3543; x_wconf 79' lang='lat' dir='ltr'><strong>conjunctum</strong></span> <span class='ocrx_word' id='word_1_478' title='bbox 2449 3469 2621 3538; x_wconf 85' lang='lat' dir='ltr'><strong>Patri,</strong></span> <span class='ocrx_word' id='word_1_479' title='bbox 2658 3482 2914 3542; x_wconf 88' lang='lat' dir='ltr'><strong>tanquam</strong></span> <span class='ocrx_word' id='word_1_480' title='bbox 2959 3484 3013 3531; x_wconf 88' lang='lat' dir='ltr'><strong>et</strong></span> <span class='ocrx_word' id='word_1_481' title='bbox 3040 3474 3210 3535; x_wconf 81' lang='lat' dir='ltr'><strong>Filius</strong></span> <span class='ocrx_word' id='word_1_482' title='bbox 3252 3479 3341 3548; x_wconf 91' lang='lat' dir='ltr'><strong>qui</strong></span> <span class='ocrx_word' id='word_1_483' title='bbox 3390 3480 3522 3534; x_wconf 88' lang='lat' dir='ltr'><strong>nihil</strong></span> <span class='ocrx_word' id='word_1_484' title='bbox 3554 3480 3649 3535; x_wconf 88' lang='lat' dir='ltr'><strong>ha-</strong></span> 
     </span>
    </p>
   </div>
   <div class='ocr_carea' id='block_1_68' title="bbox 349 3563 1965 3643">
    <p class='ocr_par' dir='ltr' id='par_1_68' title="bbox 349 3570 1964 3643">
     <span class='ocr_line' id='line_1_68' title="bbox 349 3570 1964 3643; baseline 0.001 -17"><span class='ocrx_word' id='word_1_485' title='bbox 349 3573 513 3627; x_wconf 71' lang='grc' dir='ltr'>οὐδὲν</span> <span class='ocrx_word' id='word_1_486' title='bbox 540 3572 692 3642; x_wconf 73' lang='grc' dir='ltr'>ἔχων</span> <span class='ocrx_word' id='word_1_487' title='bbox 730 3570 1069 3642; x_wconf 77' lang='grc' dir='ltr'>μεσολαΰοῦν</span> <span class='ocrx_word' id='word_1_488' title='bbox 1096 3573 1196 3643; x_wconf 85' lang='grc' dir='ltr'>τὴν</span> <span class='ocrx_word' id='word_1_489' title='bbox 1219 3573 1474 3642; x_wconf 79' lang='grc' dir='ltr'>γέννησιν</span> <span class='ocrx_word' id='word_1_490' title='bbox 1512 3573 1678 3627; x_wconf 84' lang='grc' dir='ltr'>αὑτοῦ</span> <span class='ocrx_word' id='word_1_491' title='bbox 1703 3592 1719 3642; x_wconf 90' lang='grc'><strong>;</strong></span> <span class='ocrx_word' id='word_1_492' title='bbox 1749 3575 1840 3629; x_wconf 84' lang='grc' dir='ltr'><strong>Διὸ</strong></span> <span class='ocrx_word' id='word_1_493' title='bbox 1869 3575 1964 3637; x_wconf 80' lang='grc' dir='ltr'>καὶ</span> 
     </span>
    </p>
   </div>
   <div class='ocr_carea' id='block_1_69' title="bbox 2066 3563 3649 3643">
    <p class='ocr_par' dir='ltr' id='par_1_69' title="bbox 2067 3563 3649 3641">
     <span class='ocr_line' id='line_1_69' title="bbox 2067 3563 3649 3641; baseline 0.006 -24"><span class='ocrx_word' id='word_1_494' title='bbox 2067 3563 2160 3617; x_wconf 88' lang='lat' dir='ltr'><strong>bet</strong></span> <span class='ocrx_word' id='word_1_495' title='bbox 2206 3563 2586 3619; x_wconf 85' lang='lat' dir='ltr'><strong>intermedium</strong></span> <span class='ocrx_word' id='word_1_496' title='bbox 2631 3565 2774 3622; x_wconf 85' lang='lat' dir='ltr'><strong>inter</strong></span> <span class='ocrx_word' id='word_1_497' title='bbox 2814 3583 2972 3627; x_wconf 88' lang='lat' dir='ltr'><strong>suam</strong></span> <span class='ocrx_word' id='word_1_498' title='bbox 3022 3570 3465 3641; x_wconf 77' lang='lat' dir='ltr'><strong>generationem?</strong></span> <span class='ocrx_word' id='word_1_499' title='bbox 3501 3572 3649 3639; x_wconf 87' lang='lat' dir='ltr'><strong>Quo-</strong></span> 
     </span>
    </p>
   </div>
   <div class='ocr_carea' id='block_1_70' title="bbox 349 3665 1962 3743">
    <p class='ocr_par' dir='ltr' id='par_1_70' title="bbox 349 3665 1962 3743">
     <span class='ocr_line' id='line_1_70' title="bbox 349 3665 1962 3743; baseline -0.002 -21"><span class='ocrx_word' id='word_1_500' title='bbox 349 3666 522 3730; x_wconf 70' lang='grc' dir='ltr'>αὖτός</span> <span class='ocrx_word' id='word_1_501' title='bbox 557 3668 716 3728; x_wconf 72' lang='grc' dir='ltr'>ἐστιν</span> <span class='ocrx_word' id='word_1_502' title='bbox 745 3668 779 3738; x_wconf 80' lang='grc' dir='ltr'>ἡ</span> <span class='ocrx_word' id='word_1_503' title='bbox 818 3666 973 3730; x_wconf 79' lang='grc' dir='ltr'><strong>ζῶσα</strong></span> <span class='ocrx_word' id='word_1_504' title='bbox 1003 3667 1098 3725; x_wconf 78' lang='grc' dir='ltr'>καὶ</span> <span class='ocrx_word' id='word_1_505' title='bbox 1125 3666 1366 3731; x_wconf 80' lang='grc' dir='ltr'>ὲνούσιος</span> <span class='ocrx_word' id='word_1_506' title='bbox 1463 3666 1717 3738; x_wconf 73' lang='grc' dir='ltr'>βούλησις</span> <span class='ocrx_word' id='word_1_507' title='bbox 1745 3665 1839 3720; x_wconf 76' lang='grc' dir='ltr'>τοῦ</span> <span class='ocrx_word' id='word_1_508' title='bbox 1880 3683 1962 3735; x_wconf 82' lang='grc' dir='ltr'>γε·</span> 
     </span>
    </p>
   </div>
   <div class='ocr_carea' id='block_1_71' title="bbox 351 3758 717 3829">
    <p class='ocr_par' dir='ltr' id='par_1_71' title="bbox 351 3758 717 3829">
     <span class='ocr_line' id='line_1_71' title="bbox 351 3758 717 3829; baseline 0.011 -19"><span class='ocrx_word' id='word_1_509' title='bbox 351 3758 717 3829; x_wconf 64' lang='grc' dir='ltr'>γεννηκὰτος.</span> 
     </span>
    </p>
   </div>
   <div class='ocr_carea' id='block_1_72' title="bbox 1070 2999 1273 3052">
    <p class='ocr_par' dir='ltr' id='par_1_72' title="bbox 1070 2999 1273 3052">
     <span class='ocr_line' id='line_1_72' title="bbox 1070 2999 1273 3052; baseline 0.01 -2"><span class='ocrx_word' id='word_1_510' title='bbox 1070 2999 1273 3052; x_wconf 75' lang='grc' dir='ltr'><strong>ΑΛΛΟ.</strong></span> 
     </span>
    </p>
   </div>
   <div class='ocr_carea' id='block_1_73' title="bbox 2066 3747 2282 3810">
    <p class='ocr_par' dir='ltr' id='par_1_73' title="bbox 2066 3747 2282 3810">
     <span class='ocr_line' id='line_1_73' title="bbox 2066 3747 2282 3810; baseline 0.014 -10"><span class='ocrx_word' id='word_1_511' title='bbox 2066 3747 2282 3810; x_wconf 82' lang='lat' dir='ltr'><strong>nitoris.</strong></span> 
     </span>
    </p>
   </div>
   <div class='ocr_carea' id='block_1_74' title="bbox 2747 3867 2985 3924">
    <p class='ocr_par' dir='ltr' id='par_1_74' title="bbox 2747 3867 2985 3924">
     <span class='ocr_line' id='line_1_74' title="bbox 2747 3867 2985 3924; baseline 0.004 -2"><span class='ocrx_word' id='word_1_512' title='bbox 2747 3867 2985 3924; x_wconf 81' lang='lat' dir='ltr'><strong>ALIUD.</strong></span> 
     </span>
    </p>
   </div>
   <div class='ocr_carea' id='block_1_75' title="bbox 2141 3975 3649 4056">
    <p class='ocr_par' dir='ltr' id='par_1_75' title="bbox 2141 3975 3649 4056">
     <span class='ocr_line' id='line_1_75' title="bbox 2141 3975 3649 4056; baseline 0.006 -26"><span class='ocrx_word' id='word_1_513' title='bbox 2141 3975 2450 4034; x_wconf 79' lang='lat' dir='ltr'><strong>Voluntatis</strong></span> <span class='ocrx_word' id='word_1_514' title='bbox 2473 3988 2734 4049; x_wconf 66' lang='lat' dir='ltr'><strong>paternae,</strong></span> <span class='ocrx_word' id='word_1_515' title='bbox 2773 3995 2880 4035; x_wconf 94' lang='lat' dir='ltr'><strong>non</strong></span> <span class='ocrx_word' id='word_1_516' title='bbox 2917 3991 3095 4036; x_wconf 86' lang='lat' dir='ltr'><strong>autem</strong></span> <span class='ocrx_word' id='word_1_517' title='bbox 3125 3983 3293 4051; x_wconf 88' lang='lat' dir='ltr'><strong>ipsius</strong></span> <span class='ocrx_word' id='word_1_518' title='bbox 3326 3982 3436 4056; x_wconf 70' lang='grc'><strong>64</strong></span> <span class='ocrx_word' id='word_1_519' title='bbox 3470 3983 3649 4039; x_wconf 84' lang='lat' dir='ltr'><strong>Patris</strong></span> 
     </span>
    </p>
   </div>
   <div class='ocr_carea' id='block_1_76' title="bbox 2068 4068 3646 4128">
    <p class='ocr_par' dir='ltr' id='par_1_76' title="bbox 2068 4068 3646 4128">
     <span class='ocr_line' id='line_1_76' title="bbox 2068 4068 3646 4128; baseline 0.003 -7"><span class='ocrx_word' id='word_1_520' title='bbox 2068 4068 2446 4123; x_wconf 87' lang='lat' dir='ltr'><strong>characterem</strong></span> <span class='ocrx_word' id='word_1_521' title='bbox 2473 4078 2529 4122; x_wconf 89' lang='lat' dir='ltr'><strong>et</strong></span> <span class='ocrx_word' id='word_1_522' title='bbox 2559 4070 2969 4124; x_wconf 84' lang='lat' dir='ltr'><strong>similitudinem</strong></span> <span class='ocrx_word' id='word_1_523' title='bbox 2995 4085 3117 4127; x_wconf 85' lang='lat' dir='ltr'><strong>esse</strong></span> <span class='ocrx_word' id='word_1_524' title='bbox 3139 4071 3336 4126; x_wconf 81' lang='lat' dir='ltr'><strong>Filium</strong></span> <span class='ocrx_word' id='word_1_525' title='bbox 3370 4075 3646 4128; x_wconf 85' lang='lat' dir='ltr'><strong>mentiun-</strong></span> 
     </span>
    </p>
   </div>
   <div class='ocr_carea' id='block_1_77' title="bbox 1059 3872 1265 3929">
    <p class='ocr_par' dir='ltr' id='par_1_77' title="bbox 1059 3872 1265 3929">
     <span class='ocr_line' id='line_1_77' title="bbox 1059 3872 1265 3929; baseline 0.005 -3"><span class='ocrx_word' id='word_1_526' title='bbox 1059 3872 1265 3929; x_wconf 81' lang='grc' dir='ltr'><strong>ΑΛΛΟ.</strong></span> 
     </span>
    </p>
   </div>
   <div class='ocr_carea' id='block_1_78' title="bbox 425 3979 1965 4055">
    <p class='ocr_par' dir='ltr' id='par_1_78' title="bbox 425 3979 1965 4055">
     <span class='ocr_line' id='line_1_78' title="bbox 425 3979 1965 4055; baseline 0.005 -24"><span class='ocrx_word' id='word_1_527' title='bbox 425 3979 547 4048; x_wconf 80' lang='grc' dir='ltr'><strong>Τῆς</strong></span> <span class='ocrx_word' id='word_1_528' title='bbox 575 3979 895 4051; x_wconf 81' lang='grc' dir='ltr'>βουλήσεως</span> <span class='ocrx_word' id='word_1_529' title='bbox 923 3980 1017 4035; x_wconf 81' lang='grc' dir='ltr'><strong>τοῦ</strong></span> <span class='ocrx_word' id='word_1_530' title='bbox 1048 3982 1264 4053; x_wconf 82' lang='grc' dir='ltr'>Πατρὺς</span> <span class='ocrx_word' id='word_1_531' title='bbox 1292 3984 1619 4055; x_wconf 84' lang='grc' dir='ltr'>χαρακτῆρα</span> <span class='ocrx_word' id='word_1_532' title='bbox 1651 3988 1746 4040; x_wconf 71' lang='grc' dir='ltr'>καὶ</span> <span class='ocrx_word' id='word_1_533' title='bbox 1774 3984 1965 4055; x_wconf 84' lang='grc' dir='ltr'>ὁμοίω-</span> 
     </span>
    </p>
   </div>
   <div class='ocr_carea' id='block_1_79' title="bbox 354 4067 1961 4143">
    <p class='ocr_par' dir='ltr' id='par_1_79' title="bbox 354 4067 1961 4143">
     <span class='ocr_line' id='line_1_79' title="bbox 354 4067 1961 4143; baseline 0.004 -19"><span class='ocrx_word' id='word_1_534' title='bbox 354 4089 445 4124; x_wconf 84' lang='grc' dir='ltr'><strong>σιν</strong></span> <span class='ocrx_word' id='word_1_535' title='bbox 471 4067 619 4123; x_wconf 81' lang='grc' dir='ltr'>εἶναι</span> <span class='ocrx_word' id='word_1_536' title='bbox 642 4071 739 4124; x_wconf 81' lang='grc' dir='ltr'>τὸν</span> <span class='ocrx_word' id='word_1_537' title='bbox 767 4071 897 4125; x_wconf 76' lang='grc' dir='ltr'>Υίὸν</span> <span class='ocrx_word' id='word_1_538' title='bbox 919 4073 1373 4143; x_wconf 79' lang='grc' dir='ltr'>καταψεύδονται,</span> <span class='ocrx_word' id='word_1_539' title='bbox 1403 4074 1520 4129; x_wconf 82' lang='grc' dir='ltr'>ἀλλ’</span> <span class='ocrx_word' id='word_1_540' title='bbox 1539 4076 1640 4130; x_wconf 80' lang='grc' dir='ltr'>οὐκ</span> <span class='ocrx_word' id='word_1_541' title='bbox 1672 4077 1838 4131; x_wconf 77' lang='grc' dir='ltr'>αὑτοῦ</span> <span class='ocrx_word' id='word_1_542' title='bbox 1868 4076 1961 4130; x_wconf 80' lang='grc' dir='ltr'>τοῦ</span> 
     </span>
    </p>
   </div>
   <div class='ocr_carea' id='block_1_80' title="bbox 2066 3648 3763 3739">
    <p class='ocr_par' dir='ltr' id='par_1_80' title="bbox 2066 3648 3763 3739">
     <span class='ocr_line' id='line_1_80' title="bbox 2066 3648 3763 3739; baseline 0.006 -30"><span class='ocrx_word' id='word_1_543' title='bbox 2066 3654 2212 3710; x_wconf 88' lang='lat' dir='ltr'><strong>circa</strong></span> <span class='ocrx_word' id='word_1_544' title='bbox 2247 3654 2364 3725; x_wconf 90' lang='lat' dir='ltr'><strong>ipse</strong></span> <span class='ocrx_word' id='word_1_545' title='bbox 2395 3666 2478 3712; x_wconf 87' lang='lat' dir='ltr'><strong>est</strong></span> <span class='ocrx_word' id='word_1_546' title='bbox 2509 3657 2699 3715; x_wconf 80' lang='lat' dir='ltr'><strong>vivens</strong></span> <span class='ocrx_word' id='word_1_547' title='bbox 2730 3669 2892 3739; x_wconf 85' lang='lat' dir='ltr'><strong>atque</strong></span> <span class='ocrx_word' id='word_1_548' title='bbox 2925 3662 3238 3727; x_wconf 82' lang='lat' dir='ltr'><strong>essentialis</strong></span> <span class='ocrx_word' id='word_1_549' title='bbox 3268 3663 3520 3723; x_wconf 79' lang='lat' dir='ltr'><strong>voluntas</strong></span> <span class='ocrx_word' id='word_1_550' title='bbox 3551 3681 3647 3738; x_wconf 79' lang='lat' dir='ltr'><strong>ge—</strong></span> <span class='ocrx_word' id='word_1_551' title='bbox 3760 3648 3763 3655; x_wconf 30' lang='grc'><em>⁴</em></span> 
     </span>
    </p>
   </div>
   <div class='ocr_carea' id='block_1_81' title="bbox 352 4162 1962 4248">
    <p class='ocr_par' dir='ltr' id='par_1_81' title="bbox 352 4162 1962 4248">
     <span class='ocr_line' id='line_1_81' title="bbox 352 4162 1962 4248; baseline 0.003 -31"><span class='ocrx_word' id='word_1_552' title='bbox 352 4163 600 4248; x_wconf 81' lang='grc' dir='ltr'>Πατρός.</span> <span class='ocrx_word' id='word_1_553' title='bbox 637 4162 731 4214; x_wconf 81' lang='grc' dir='ltr'><strong>Διὸ</strong></span> <span class='ocrx_word' id='word_1_554' title='bbox 764 4162 828 4234; x_wconf 83' lang='grc' dir='ltr'><strong>δὴ</strong></span> <span class='ocrx_word' id='word_1_555' title='bbox 858 4163 1022 4218; x_wconf 79' lang='grc' dir='ltr'>πάλιν</span> <span class='ocrx_word' id='word_1_556' title='bbox 1055 4166 1356 4236; x_wconf 74' lang='grc' dir='ltr'>ἐρωτητέον</span> <span class='ocrx_word' id='word_1_557' title='bbox 1384 4168 1509 4231; x_wconf 71' lang='grc' dir='ltr'>τοὺς</span> <span class='ocrx_word' id='word_1_558' title='bbox 1536 4169 1962 4240; x_wconf 83' lang='grc' dir='ltr'>χριστομάχους,</span> 
     </span>
    </p>
   </div>
   <div class='ocr_carea' id='block_1_82' title="bbox 352 4253 1961 4333">
    <p class='ocr_par' dir='ltr' id='par_1_82' title="bbox 352 4253 1961 4333">
     <span class='ocr_line' id='line_1_82' title="bbox 352 4253 1961 4333; baseline 0.019 -39"><span class='ocrx_word' id='word_1_559' title='bbox 352 4253 420 4307; x_wconf 78' lang='grc' dir='ltr'>εξ</span> <span class='ocrx_word' id='word_1_560' title='bbox 455 4254 657 4323; x_wconf 78' lang='grc' dir='ltr'>ὅμοιός</span> <span class='ocrx_word' id='word_1_561' title='bbox 689 4255 841 4308; x_wconf 77' lang='grc' dir='ltr'>ἐστιν</span> <span class='ocrx_word' id='word_1_562' title='bbox 879 4256 908 4307; x_wconf 87' lang='grc' dir='ltr'><strong>ὁ</strong></span> <span class='ocrx_word' id='word_1_563' title='bbox 945 4256 1139 4328; x_wconf 75' lang='grc' dir='ltr'>Πατὴρ</span> <span class='ocrx_word' id='word_1_564' title='bbox 1178 4257 1280 4329; x_wconf 84' lang='grc' dir='ltr'>τῆς</span> <span class='ocrx_word' id='word_1_565' title='bbox 1322 4259 1518 4313; x_wconf 78' lang='grc' dir='ltr'>ἑαυτοῦ</span> <span class='ocrx_word' id='word_1_566' title='bbox 1557 4260 1885 4333; x_wconf 82' lang='grc' dir='ltr'>βουλήσεως,</span> <span class='ocrx_word' id='word_1_567' title='bbox 1927 4263 1961 4333; x_wconf 84' lang='grc' dir='ltr'><strong>ἢ</strong></span> 
     </span>
    </p>
   </div>
   <div class='ocr_carea' id='block_1_83' title="bbox 350 4344 1963 4423">
    <p class='ocr_par' dir='ltr' id='par_1_83' title="bbox 350 4344 1963 4423">
     <span class='ocr_line' id='line_1_83' title="bbox 350 4344 1963 4423; baseline 0.004 -26"><span class='ocrx_word' id='word_1_568' title='bbox 350 4346 512 4415; x_wconf 75' lang='grc' dir='ltr'>οὐχίς</span> <span class='ocrx_word' id='word_1_569' title='bbox 572 4344 643 4397; x_wconf 70' lang='lat' dir='ltr'><strong>Ei</strong></span> <span class='ocrx_word' id='word_1_570' title='bbox 694 4344 797 4413; x_wconf 79' lang='grc' dir='ltr'>μὲν</span> <span class='ocrx_word' id='word_1_571' title='bbox 847 4345 960 4416; x_wconf 84' lang='grc' dir='ltr'>γὰρ</span> <span class='ocrx_word' id='word_1_572' title='bbox 1014 4345 1290 4416; x_wconf 83' lang='grc' dir='ltr'>ἀνόμοιος,</span> <span class='ocrx_word' id='word_1_573' title='bbox 1342 4348 1603 4419; x_wconf 84' lang='grc' dir='ltr'>ἀνομοίαν</span> <span class='ocrx_word' id='word_1_574' title='bbox 1643 4350 1820 4421; x_wconf 82' lang='grc' dir='ltr'>ἐαυτῷ</span> <span class='ocrx_word' id='word_1_575' title='bbox 1863 4350 1963 4423; x_wconf 80' lang='grc' dir='ltr'>τὴν</span> 
     </span>
    </p>
   </div>
   <div class='ocr_carea' id='block_1_84' title="bbox 2071 4159 3649 4232">
    <p class='ocr_par' dir='ltr' id='par_1_84' title="bbox 2071 4159 3649 4232">
     <span class='ocr_line' id='line_1_84' title="bbox 2071 4159 3649 4232; baseline 0.004 -22"><span class='ocrx_word' id='word_1_576' title='bbox 2071 4169 2177 4211; x_wconf 86' lang='lat' dir='ltr'><strong>tur.</strong></span> <span class='ocrx_word' id='word_1_577' title='bbox 2208 4159 2388 4227; x_wconf 80' lang='lat' dir='ltr'><strong>Atque</strong></span> <span class='ocrx_word' id='word_1_578' title='bbox 2418 4159 2625 4213; x_wconf 82' lang='lat' dir='ltr'><strong>idcirco</strong></span> <span class='ocrx_word' id='word_1_579' title='bbox 2660 4175 2850 4215; x_wconf 90' lang='lat' dir='ltr'><strong>rursus</strong></span> <span class='ocrx_word' id='word_1_580' title='bbox 2901 4161 3268 4232; x_wconf 79' lang='lat' dir='ltr'><strong>interrogandi</strong></span> <span class='ocrx_word' id='word_1_581' title='bbox 3298 4171 3427 4216; x_wconf 89' lang='lat' dir='ltr'><strong>sunt</strong></span> <span class='ocrx_word' id='word_1_582' title='bbox 3461 4161 3649 4217; x_wconf 78' lang='lat' dir='ltr'><strong>hostes</strong></span> 
     </span>
    </p>
   </div>
   <div class='ocr_carea' id='block_1_85' title="bbox 2068 4248 3642 4323">
    <p class='ocr_par' dir='ltr' id='par_1_85' title="bbox 2068 4248 3642 4323">
     <span class='ocr_line' id='line_1_85' title="bbox 2068 4248 3642 4323; baseline 0.004 -21"><span class='ocrx_word' id='word_1_583' title='bbox 2068 4248 2200 4315; x_wconf 82' lang='lat' dir='ltr'><strong>Dei,</strong></span> <span class='ocrx_word' id='word_1_584' title='bbox 2252 4265 2320 4304; x_wconf 88' lang='lat' dir='ltr'><strong>an</strong></span> <span class='ocrx_word' id='word_1_585' title='bbox 2366 4252 2561 4308; x_wconf 82' lang='lat' dir='ltr'><strong>similis</strong></span> <span class='ocrx_word' id='word_1_586' title='bbox 2612 4252 2685 4307; x_wconf 85' lang='lat' dir='ltr'><strong>sit</strong></span> <span class='ocrx_word' id='word_1_587' title='bbox 2727 4251 2892 4308; x_wconf 84' lang='lat' dir='ltr'><strong>Pater</strong></span> <span class='ocrx_word' id='word_1_588' title='bbox 2937 4269 3049 4308; x_wconf 67' lang='lat' dir='ltr'><strong>suae</strong></span> <span class='ocrx_word' id='word_1_589' title='bbox 3098 4254 3396 4320; x_wconf 85' lang='lat' dir='ltr'><strong>voluntati,</strong></span> <span class='ocrx_word' id='word_1_590' title='bbox 3449 4271 3642 4323; x_wconf 74' lang='lat' dir='ltr'><strong>necne,</strong></span> 
     </span>
    </p>
   </div>
   <div class='ocr_carea' id='block_1_86' title="bbox 2067 4338 3648 4416">
    <p class='ocr_par' dir='ltr' id='par_1_86' title="bbox 2067 4338 3648 4416">
     <span class='ocr_line' id='line_1_86' title="bbox 2067 4338 3648 4416; baseline 0.006 -24"><span class='ocrx_word' id='word_1_591' title='bbox 2067 4338 2201 4394; x_wconf 84' lang='lat' dir='ltr'><strong>Nam</strong></span> <span class='ocrx_word' id='word_1_592' title='bbox 2226 4342 2267 4395; x_wconf 87' lang='lat' dir='ltr'><strong>si</strong></span> <span class='ocrx_word' id='word_1_593' title='bbox 2303 4342 2589 4398; x_wconf 84' lang='lat' dir='ltr'><strong>dissimilis</strong></span> <span class='ocrx_word' id='word_1_594' title='bbox 2620 4356 2725 4408; x_wconf 89' lang='lat' dir='ltr'><strong>est,</strong></span> <span class='ocrx_word' id='word_1_595' title='bbox 2761 4360 2889 4416; x_wconf 80' lang='lat' dir='ltr'><strong>ergo</strong></span> <span class='ocrx_word' id='word_1_596' title='bbox 2915 4346 3237 4400; x_wconf 83' lang='lat' dir='ltr'><strong>dissimilem</strong></span> <span class='ocrx_word' id='word_1_597' title='bbox 3269 4346 3372 4401; x_wconf 91' lang='lat' dir='ltr'><strong>sibi</strong></span> <span class='ocrx_word' id='word_1_598' title='bbox 3405 4348 3648 4402; x_wconf 85' lang='lat' dir='ltr'><strong>volunta-</strong></span> 
     </span>
    </p>
   </div>
   <div class='ocr_carea' id='block_1_87' title="bbox 2073 4432 3649 4508">
    <p class='ocr_par' dir='ltr' id='par_1_87' title="bbox 2073 4432 3649 4508">
     <span class='ocr_line' id='line_1_87' title="bbox 2073 4432 3649 4508; baseline 0.006 -24"><span class='ocrx_word' id='word_1_599' title='bbox 2073 4440 2181 4484; x_wconf 85' lang='lat' dir='ltr'><strong>tem</strong></span> <span class='ocrx_word' id='word_1_600' title='bbox 2212 4432 2375 4487; x_wconf 85' lang='lat' dir='ltr'><strong>babct</strong></span> <span class='ocrx_word' id='word_1_601' title='bbox 2400 4449 2415 4486; x_wconf 89' lang='lat'><strong>:</strong></span> <span class='ocrx_word' id='word_1_602' title='bbox 2443 4444 2498 4488; x_wconf 90' lang='lat' dir='ltr'><strong>et</strong></span> <span class='ocrx_word' id='word_1_603' title='bbox 2542 4445 2698 4491; x_wconf 71' lang='lat' dir='ltr'><strong>taceo</strong></span> <span class='ocrx_word' id='word_1_604' title='bbox 2731 4437 3123 4506; x_wconf 85' lang='lat' dir='ltr'><strong>blasphemiam</strong></span> <span class='ocrx_word' id='word_1_605' title='bbox 3153 4453 3274 4508; x_wconf 70' lang='lat' dir='ltr'><strong>qua:</strong></span> <span class='ocrx_word' id='word_1_606' title='bbox 3308 4438 3431 4494; x_wconf 87' lang='lat' dir='ltr'><strong>inde</strong></span> <span class='ocrx_word' id='word_1_607' title='bbox 3463 4442 3649 4508; x_wconf 85' lang='lat' dir='ltr'><strong>sequi-</strong></span> 
     </span>
    </p>
   </div>
   <div class='ocr_carea' id='block_1_88' title="bbox 350 4434 1959 4510">
    <p class='ocr_par' dir='ltr' id='par_1_88' title="bbox 350 4434 1959 4510">
     <span class='ocr_line' id='line_1_88' title="bbox 350 4434 1959 4510; baseline 0.004 -23"><span class='ocrx_word' id='word_1_608' title='bbox 350 4435 625 4507; x_wconf 71' lang='grc' dir='ltr'>βούλησιν</span> <span class='ocrx_word' id='word_1_609' title='bbox 648 4434 764 4509; x_wconf 76' lang='grc' dir='ltr'>ἔχει</span> <span class='ocrx_word' id='word_1_610' title='bbox 784 4451 797 4463; x_wconf 87' lang='grc'><em>’</em></span> <span class='ocrx_word' id='word_1_611' title='bbox 828 4436 924 4488; x_wconf 76' lang='grc' dir='ltr'><strong>καὶ</strong></span> <span class='ocrx_word' id='word_1_612' title='bbox 957 4435 1149 4489; x_wconf 84' lang='grc' dir='ltr'>σιωπῶ</span> <span class='ocrx_word' id='word_1_613' title='bbox 1182 4438 1319 4508; x_wconf 80' lang='grc' dir='ltr'>πρὸς</span> <span class='ocrx_word' id='word_1_614' title='bbox 1356 4438 1514 4493; x_wconf 79' lang='grc' dir='ltr'>τοῦτο</span> <span class='ocrx_word' id='word_1_615' title='bbox 1551 4439 1614 4493; x_wconf 78' lang='grc' dir='ltr'>τὸ</span> <span class='ocrx_word' id='word_1_616' title='bbox 1645 4439 1927 4510; x_wconf 81' lang='grc' dir='ltr'>δύσφημον</span> <span class='ocrx_word' id='word_1_617' title='bbox 1946 4457 1959 4470; x_wconf 86' lang='grc'>·</span> 
     </span>
    </p>
   </div>
   <div class='ocr_carea' id='block_1_89' title="bbox 1997 4512 3649 4598">
    <p class='ocr_par' dir='ltr' id='par_1_89' title="bbox 1997 4512 3649 4598">
     <span class='ocr_line' id='line_1_89' title="bbox 1997 4512 3649 4598; baseline 0.007 -27"><span class='ocrx_word' id='word_1_618' title='bbox 1997 4512 2043 4570; x_wconf 90' lang='lat' dir='ltr'><strong>D</strong></span> <span class='ocrx_word' id='word_1_619' title='bbox 2072 4528 2189 4587; x_wconf 87' lang='lat' dir='ltr'><strong>tur;</strong></span> <span class='ocrx_word' id='word_1_620' title='bbox 2227 4524 2271 4577; x_wconf 92' lang='lat' dir='ltr'><strong>si</strong></span> <span class='ocrx_word' id='word_1_621' title='bbox 2295 4540 2426 4580; x_wconf 88' lang='lat' dir='ltr'><strong>vero</strong></span> <span class='ocrx_word' id='word_1_622' title='bbox 2450 4527 2683 4582; x_wconf 90' lang='lat' dir='ltr'><strong>similem</strong></span> <span class='ocrx_word' id='word_1_623' title='bbox 2708 4527 2812 4584; x_wconf 88' lang='lat' dir='ltr'><strong>sibi</strong></span> <span class='ocrx_word' id='word_1_624' title='bbox 2847 4528 2948 4598; x_wconf 83' lang='lat' dir='ltr'><strong>ipsi</strong></span> <span class='ocrx_word' id='word_1_625' title='bbox 2983 4530 3316 4583; x_wconf 83' lang='lat' dir='ltr'><strong>voluntatem</strong></span> <span class='ocrx_word' id='word_1_626' title='bbox 3343 4529 3529 4594; x_wconf 91' lang='lat' dir='ltr'><strong>habet,</strong></span> <span class='ocrx_word' id='word_1_627' title='bbox 3557 4548 3649 4584; x_wconf 82' lang='lat' dir='ltr'><strong>en-</strong></span> 
     </span>
    </p>
   </div>
   <div class='ocr_carea' id='block_1_90' title="bbox 347 4525 1962 4601">
    <p class='ocr_par' dir='ltr' id='par_1_90' title="bbox 347 4525 1962 4601">
     <span class='ocr_line' id='line_1_90' title="bbox 347 4525 1962 4601; baseline 0.002 -20"><span class='ocrx_word' id='word_1_628' title='bbox 347 4530 399 4581; x_wconf 86' lang='grc' dir='ltr'><strong>εί</strong></span> <span class='ocrx_word' id='word_1_629' title='bbox 436 4528 499 4581; x_wconf 69' lang='grc' dir='ltr'><strong>δὲ</strong></span> <span class='ocrx_word' id='word_1_630' title='bbox 533 4526 739 4595; x_wconf 81' lang='grc' dir='ltr'>ὁμοίαν</span> <span class='ocrx_word' id='word_1_631' title='bbox 769 4527 950 4598; x_wconf 80' lang='grc' dir='ltr'>ἑαυτῷ</span> <span class='ocrx_word' id='word_1_632' title='bbox 978 4528 1079 4598; x_wconf 80' lang='grc' dir='ltr'>τὴν</span> <span class='ocrx_word' id='word_1_633' title='bbox 1117 4527 1371 4600; x_wconf 81' lang='grc' dir='ltr'>βούλησιν</span> <span class='ocrx_word' id='word_1_634' title='bbox 1399 4529 1534 4599; x_wconf 76' lang='grc' dir='ltr'>ἔχει,</span> <span class='ocrx_word' id='word_1_635' title='bbox 1561 4525 1651 4601; x_wconf 85' lang='grc' dir='ltr'><strong>ἦς,</strong></span> <span class='ocrx_word' id='word_1_636' title='bbox 1691 4530 1766 4594; x_wconf 80' lang='grc' dir='ltr'>ὣς</span> <span class='ocrx_word' id='word_1_637' title='bbox 1802 4548 1962 4599; x_wconf 81' lang='grc' dir='ltr'>φατε,</span> 
     </span>
    </p>
   </div>
   <div class='ocr_carea' id='block_1_91' title="bbox 344 4614 1965 4695">
    <p class='ocr_par' dir='ltr' id='par_1_91' title="bbox 344 4617 1959 4695">
     <span class='ocr_line' id='line_1_91' title="bbox 344 4617 1959 4695; baseline 0.004 -23"><span class='ocrx_word' id='word_1_638' title='bbox 344 4620 655 4691; x_wconf 83' lang='grc' dir='ltr'>χαρακτήρ</span> <span class='ocrx_word' id='word_1_639' title='bbox 695 4620 815 4670; x_wconf 76' lang='grc' dir='ltr'>ἐστι</span> <span class='ocrx_word' id='word_1_640' title='bbox 861 4619 957 4672; x_wconf 72' lang='grc' dir='ltr'>καὶ</span> <span class='ocrx_word' id='word_1_641' title='bbox 1000 4617 1165 4672; x_wconf 76' lang='grc' dir='ltr'>εἰκὼν</span> <span class='ocrx_word' id='word_1_642' title='bbox 1204 4620 1234 4672; x_wconf 87' lang='grc' dir='ltr'><strong>ὁ</strong></span> <span class='ocrx_word' id='word_1_643' title='bbox 1268 4621 1417 4686; x_wconf 79' lang='grc' dir='ltr'>Υίὸς,</span> <span class='ocrx_word' id='word_1_644' title='bbox 1456 4622 1632 4679; x_wconf 80' lang='grc' dir='ltr'>ἔοικεν</span> <span class='ocrx_word' id='word_1_645' title='bbox 1675 4624 1784 4695; x_wconf 81' lang='grc' dir='ltr'>ἄρα</span> <span class='ocrx_word' id='word_1_646' title='bbox 1819 4627 1959 4679; x_wconf 77' lang='grc' dir='ltr'>κατᾶ</span> 
     </span>
    </p>
   </div>
   <div class='ocr_carea' id='block_1_92' title="bbox 2066 4614 3648 4695">
    <p class='ocr_par' dir='ltr' id='par_1_92' title="bbox 2069 4614 3648 4690">
     <span class='ocr_line' id='line_1_92' title="bbox 2069 4614 3648 4690; baseline 0.005 -24"><span class='ocrx_word' id='word_1_647' title='bbox 2069 4614 2175 4682; x_wconf 80' lang='lat' dir='ltr'><strong>jus,</strong></span> <span class='ocrx_word' id='word_1_648' title='bbox 2206 4627 2262 4669; x_wconf 91' lang='lat' dir='ltr'><strong>nt</strong></span> <span class='ocrx_word' id='word_1_649' title='bbox 2292 4616 2495 4681; x_wconf 85' lang='lat' dir='ltr'><strong>dicitis,</strong></span> <span class='ocrx_word' id='word_1_650' title='bbox 2531 4619 2818 4674; x_wconf 80' lang='lat' dir='ltr'><strong>character</strong></span> <span class='ocrx_word' id='word_1_651' title='bbox 2837 4630 2919 4674; x_wconf 90' lang='lat' dir='ltr'><strong>est</strong></span> <span class='ocrx_word' id='word_1_652' title='bbox 2941 4629 2996 4673; x_wconf 90' lang='lat' dir='ltr'><strong>et</strong></span> <span class='ocrx_word' id='word_1_653' title='bbox 3023 4621 3199 4690; x_wconf 78' lang='lat' dir='ltr'><strong>imago</strong></span> <span class='ocrx_word' id='word_1_654' title='bbox 3229 4620 3418 4684; x_wconf 78' lang='lat' dir='ltr'><strong>Filius,</strong></span> <span class='ocrx_word' id='word_1_655' title='bbox 3454 4623 3648 4675; x_wconf 76' lang='lat' dir='ltr'><strong>similis</strong></span> 
     </span>
    </p>
   </div>
   <div class='ocr_carea' id='block_1_93' title="bbox 342 4705 1965 4789">
    <p class='ocr_par' dir='ltr' id='par_1_93' title="bbox 342 4705 1962 4789">
     <span class='ocr_line' id='line_1_93' title="bbox 342 4705 1962 4789; baseline 0.003 -26"><span class='ocrx_word' id='word_1_656' title='bbox 342 4711 513 4765; x_wconf 76' lang='grc' dir='ltr'>τοῦτο</span> <span class='ocrx_word' id='word_1_657' title='bbox 539 4710 624 4780; x_wconf 86' lang='grc' dir='ltr'>τῷ</span> <span class='ocrx_word' id='word_1_658' title='bbox 662 4709 863 4779; x_wconf 86' lang='grc' dir='ltr'>Πατρί.</span> <span class='ocrx_word' id='word_1_659' title='bbox 896 4709 1022 4773; x_wconf 85' lang='grc' dir='ltr'><strong>Πῶς</strong></span> <span class='ocrx_word' id='word_1_660' title='bbox 1061 4705 1155 4763; x_wconf 78' lang='grc' dir='ltr'><strong>οὗν</strong></span> <span class='ocrx_word' id='word_1_661' title='bbox 1197 4711 1449 4782; x_wconf 87' lang='grc' dir='ltr'>ἀνόμοιος</span> <span class='ocrx_word' id='word_1_662' title='bbox 1492 4713 1647 4769; x_wconf 77' lang='grc' dir='ltr'>ἔσται</span> <span class='ocrx_word' id='word_1_663' title='bbox 1679 4717 1820 4770; x_wconf 81' lang='grc' dir='ltr'>κατὰ</span> <span class='ocrx_word' id='word_1_664' title='bbox 1862 4716 1962 4789; x_wconf 79' lang='grc' dir='ltr'>τὴν</span> 
     </span>
    </p>
   </div>
   <div class='ocr_carea' id='block_1_94' title="bbox 2066 4705 3645 4789">
    <p class='ocr_par' dir='ltr' id='par_1_94' title="bbox 2068 4709 3645 4781">
     <span class='ocr_line' id='line_1_94' title="bbox 2068 4709 3645 4781; baseline 0.003 -21"><span class='ocrx_word' id='word_1_665' title='bbox 2068 4709 2233 4778; x_wconf 78' lang='lat' dir='ltr'><strong>igitur</strong></span> <span class='ocrx_word' id='word_1_666' title='bbox 2275 4710 2377 4763; x_wconf 87' lang='lat' dir='ltr'><strong>hac</strong></span> <span class='ocrx_word' id='word_1_667' title='bbox 2424 4725 2489 4763; x_wconf 75' lang='lat' dir='ltr'><strong>ex</strong></span> <span class='ocrx_word' id='word_1_668' title='bbox 2538 4720 2693 4777; x_wconf 87' lang='lat' dir='ltr'><strong>parte</strong></span> <span class='ocrx_word' id='word_1_669' title='bbox 2722 4721 2805 4764; x_wconf 87' lang='lat' dir='ltr'><strong>est</strong></span> <span class='ocrx_word' id='word_1_670' title='bbox 2850 4709 3023 4763; x_wconf 77' lang='lat' dir='ltr'><strong>Patri.</strong></span> <span class='ocrx_word' id='word_1_671' title='bbox 3074 4711 3356 4776; x_wconf 82' lang='lat' dir='ltr'><strong>Quomodo</strong></span> <span class='ocrx_word' id='word_1_672' title='bbox 3388 4712 3552 4781; x_wconf 78' lang='lat' dir='ltr'><strong>igitur</strong></span> <span class='ocrx_word' id='word_1_673' title='bbox 3595 4716 3645 4764; x_wconf 86' lang='lat' dir='ltr'><strong>ei</strong></span> 
     </span>
    </p>
   </div>
   <div class='ocr_carea' id='block_1_95' title="bbox 341 4798 1965 4879">
    <p class='ocr_par' dir='ltr' id='par_1_95' title="bbox 341 4799 1960 4879">
     <span class='ocr_line' id='line_1_95' title="bbox 341 4799 1960 4879; baseline 0.004 -24"><span class='ocrx_word' id='word_1_674' title='bbox 341 4802 542 4856; x_wconf 70' lang='grc' dir='ltr'>οὐσίαν</span> <span class='ocrx_word' id='word_1_675' title='bbox 570 4799 749 4870; x_wconf 75' lang='grc' dir='ltr'>αὐτῷ,</span> <span class='ocrx_word' id='word_1_676' title='bbox 780 4802 810 4854; x_wconf 86' lang='grc' dir='ltr'><strong>ὁ</strong></span> <span class='ocrx_word' id='word_1_677' title='bbox 853 4801 943 4853; x_wconf 78' lang='grc' dir='ltr'><strong>διὰ.</strong></span> <span class='ocrx_word' id='word_1_678' title='bbox 980 4801 1044 4854; x_wconf 78' lang='grc' dir='ltr'>τὸ</span> <span class='ocrx_word' id='word_1_679' title='bbox 1072 4804 1137 4873; x_wconf 81' lang='grc' dir='ltr'>τῇ</span> <span class='ocrx_word' id='word_1_680' title='bbox 1175 4803 1425 4874; x_wconf 79' lang='grc' dir='ltr'>βουλήσει</span> <span class='ocrx_word' id='word_1_681' title='bbox 1460 4808 1837 4876; x_wconf 86' lang='grc' dir='ltr'>προσεοικέναι</span> <span class='ocrx_word' id='word_1_682' title='bbox 1864 4827 1960 4879; x_wconf 84' lang='grc' dir='ltr'><strong>χα-</strong></span> 
     </span>
    </p>
   </div>
   <div class='ocr_carea' id='block_1_96' title="bbox 2066 4798 3642 4879">
    <p class='ocr_par' dir='ltr' id='par_1_96' title="bbox 2066 4798 3642 4869">
     <span class='ocr_line' id='line_1_96' title="bbox 2066 4798 3642 4869; baseline 0 -18"><span class='ocrx_word' id='word_1_683' title='bbox 2066 4799 2346 4854; x_wconf 80' lang='lat' dir='ltr'><strong>dissimilis</strong></span> <span class='ocrx_word' id='word_1_684' title='bbox 2378 4801 2485 4852; x_wconf 89' lang='lat' dir='ltr'><strong>erit</strong></span> <span class='ocrx_word' id='word_1_685' title='bbox 2524 4798 2682 4867; x_wconf 72' lang='lat' dir='ltr'><strong>juxta</strong></span> <span class='ocrx_word' id='word_1_686' title='bbox 2727 4799 3021 4851; x_wconf 82' lang='lat' dir='ltr'><strong>essentiam</strong></span> <span class='ocrx_word' id='word_1_687' title='bbox 3069 4799 3114 4852; x_wconf 85' lang='lat' dir='ltr'><strong>is</strong></span> <span class='ocrx_word' id='word_1_688' title='bbox 3160 4798 3251 4866; x_wconf 88' lang='lat' dir='ltr'><strong>qui</strong></span> <span class='ocrx_word' id='word_1_689' title='bbox 3286 4800 3355 4853; x_wconf 89' lang='lat' dir='ltr'><strong>ob</strong></span> <span class='ocrx_word' id='word_1_690' title='bbox 3399 4801 3453 4853; x_wconf 88' lang='lat' dir='ltr'><strong>id</strong></span> <span class='ocrx_word' id='word_1_691' title='bbox 3500 4806 3642 4869; x_wconf 86' lang='lat' dir='ltr'><strong>quod</strong></span> 
     </span>
    </p>
   </div>
   <div class='ocr_carea' id='block_1_97' title="bbox 344 4890 1965 4973">
    <p class='ocr_par' dir='ltr' id='par_1_97' title="bbox 344 4892 1956 4973">
     <span class='ocr_line' id='line_1_97' title="bbox 344 4892 1956 4973; baseline 0.006 -27"><span class='ocrx_word' id='word_1_692' title='bbox 344 4895 571 4964; x_wconf 80' lang='grc' dir='ltr'>ρακτὴρ</span> <span class='ocrx_word' id='word_1_693' title='bbox 606 4892 688 4945; x_wconf 77' lang='grc' dir='ltr'>ὢν</span> <span class='ocrx_word' id='word_1_694' title='bbox 720 4893 927 4958; x_wconf 80' lang='grc' dir='ltr'><strong>αὑτοῦ;</strong></span> <span class='ocrx_word' id='word_1_695' title='bbox 962 4893 1319 4961; x_wconf 82' lang='grc' dir='ltr'>Συγκείσεται</span> <span class='ocrx_word' id='word_1_696' title='bbox 1361 4898 1492 4968; x_wconf 80' lang='grc' dir='ltr'>γὰρ,</span> <span class='ocrx_word' id='word_1_697' title='bbox 1530 4899 1596 4951; x_wconf 86' lang='grc' dir='ltr'>ἂν</span> <span class='ocrx_word' id='word_1_698' title='bbox 1635 4900 1808 4965; x_wconf 76' lang='grc' dir='ltr'>οὔτως</span> <span class='ocrx_word' id='word_1_699' title='bbox 1837 4902 1956 4973; x_wconf 79' lang='grc' dir='ltr'><strong>ἔχῃ,</strong></span> 
     </span>
    </p>
   </div>
   <div class='ocr_carea' id='block_1_98' title="bbox 2066 4890 3645 4973">
    <p class='ocr_par' dir='ltr' id='par_1_98' title="bbox 2066 4890 3645 4959">
     <span class='ocr_line' id='line_1_98' title="bbox 2066 4890 3645 4959; baseline -0.001 -14"><span class='ocrx_word' id='word_1_700' title='bbox 2066 4893 2339 4946; x_wconf 86' lang='lat' dir='ltr'><strong>voluntate</strong></span> <span class='ocrx_word' id='word_1_701' title='bbox 2369 4893 2565 4945; x_wconf 89' lang='lat' dir='ltr'><strong>similis</strong></span> <span class='ocrx_word' id='word_1_702' title='bbox 2596 4892 2685 4956; x_wconf 90' lang='lat' dir='ltr'><strong>sit,</strong></span> <span class='ocrx_word' id='word_1_703' title='bbox 2720 4890 3004 4944; x_wconf 84' lang='lat' dir='ltr'><strong>character</strong></span> <span class='ocrx_word' id='word_1_704' title='bbox 3040 4892 3208 4959; x_wconf 80' lang='lat' dir='ltr'><strong>ipsius</strong></span> <span class='ocrx_word' id='word_1_705' title='bbox 3256 4892 3375 4947; x_wconf 73' lang='lat' dir='ltr'><strong>est?</strong></span> <span class='ocrx_word' id='word_1_706' title='bbox 3403 4893 3459 4946; x_wconf 89' lang='lat' dir='ltr'><strong>Si</strong></span> <span class='ocrx_word' id='word_1_707' title='bbox 3501 4893 3645 4946; x_wconf 87' lang='lat' dir='ltr'><strong>enim</strong></span> 
     </span>
    </p>
   </div>
   <div class='ocr_carea' id='block_1_99' title="bbox 340 4981 1965 5058">
    <p class='ocr_par' dir='ltr' id='par_1_99' title="bbox 340 4985 1960 5058">
     <span class='ocr_line' id='line_1_99' title="bbox 340 4985 1960 5058; baseline 0.006 -19"><span class='ocrx_word' id='word_1_708' title='bbox 340 4987 469 5039; x_wconf 73' lang='grc' dir='ltr'>καθ’</span> <span class='ocrx_word' id='word_1_709' title='bbox 500 4987 682 5056; x_wconf 75' lang='grc' dir='ltr'>ὑμᾶς,</span> <span class='ocrx_word' id='word_1_710' title='bbox 728 4985 790 5051; x_wconf 75' lang='grc' dir='ltr'>ἐξ</span> <span class='ocrx_word' id='word_1_711' title='bbox 818 4986 1007 5055; x_wconf 83' lang='grc' dir='ltr'>ὁμοίου</span> <span class='ocrx_word' id='word_1_712' title='bbox 1039 4987 1134 5040; x_wconf 76' lang='grc' dir='ltr'>καὶ</span> <span class='ocrx_word' id='word_1_713' title='bbox 1172 4986 1231 5055; x_wconf 80' lang='grc' dir='ltr'><strong>ὲξ</strong></span> <span class='ocrx_word' id='word_1_714' title='bbox 1264 4989 1521 5058; x_wconf 81' lang='grc' dir='ltr'>ἀνομοίου</span> <span class='ocrx_word' id='word_1_715' title='bbox 1565 4992 1594 5043; x_wconf 83' lang='grc' dir='ltr'>ὁ</span> <span class='ocrx_word' id='word_1_716' title='bbox 1626 4992 1772 5057; x_wconf 78' lang='grc' dir='ltr'>Υἱὸς,</span> <span class='ocrx_word' id='word_1_717' title='bbox 1816 4995 1960 5048; x_wconf 79' lang='grc' dir='ltr'>κατά</span> 
     </span>
    </p>
   </div>
   <div class='ocr_carea' id='block_1_100' title="bbox 2066 4981 3643 5058">
    <p class='ocr_par' dir='ltr' id='par_1_100' title="bbox 2066 4981 3643 5052">
     <span class='ocr_line' id='line_1_100' title="bbox 2066 4981 3643 5052; baseline 0 -16"><span class='ocrx_word' id='word_1_718' title='bbox 2066 4984 2137 5037; x_wconf 88' lang='lat' dir='ltr'><strong>ita</strong></span> <span class='ocrx_word' id='word_1_719' title='bbox 2178 4992 2297 5046; x_wconf 85' lang='lat' dir='ltr'><strong>est,</strong></span> <span class='ocrx_word' id='word_1_720' title='bbox 2357 4994 2413 5037; x_wconf 92' lang='lat' dir='ltr'><strong>ut</strong></span> <span class='ocrx_word' id='word_1_721' title='bbox 2460 4998 2554 5041; x_wconf 83' lang='lat' dir='ltr'><strong>vos</strong></span> <span class='ocrx_word' id='word_1_722' title='bbox 2603 4981 2929 5052; x_wconf 78' lang='lat' dir='ltr'><strong>cpinamiui,</strong></span> <span class='ocrx_word' id='word_1_723' title='bbox 2972 4998 3038 5036; x_wconf 74' lang='lat' dir='ltr'><strong>ex</strong></span> <span class='ocrx_word' id='word_1_724' title='bbox 3087 4982 3254 5037; x_wconf 88' lang='lat' dir='ltr'><strong>simili</strong></span> <span class='ocrx_word' id='word_1_725' title='bbox 3305 4992 3359 5036; x_wconf 91' lang='lat' dir='ltr'><strong>et</strong></span> <span class='ocrx_word' id='word_1_726' title='bbox 3391 4982 3643 5037; x_wconf 87' lang='lat' dir='ltr'><strong>dissimili</strong></span> 
     </span>
    </p>
   </div>
   <div class='ocr_carea' id='block_1_101' title="bbox 338 5075 1965 5159">
    <p class='ocr_par' dir='ltr' id='par_1_101' title="bbox 338 5075 1960 5159">
     <span class='ocr_line' id='line_1_101' title="bbox 338 5075 1960 5159; baseline 0.006 -30"><span class='ocrx_word' id='word_1_727' title='bbox 338 5095 390 5130; x_wconf 82' lang='grc' dir='ltr'><strong>τι</strong></span> <span class='ocrx_word' id='word_1_728' title='bbox 420 5077 531 5146; x_wconf 82' lang='grc' dir='ltr'>μὲν</span> <span class='ocrx_word' id='word_1_729' title='bbox 560 5075 771 5159; x_wconf 73' lang='grc' dir='ltr'>ἑοικρς</span> <span class='ocrx_word' id='word_1_730' title='bbox 802 5075 881 5147; x_wconf 83' lang='grc' dir='ltr'>τῷ</span> <span class='ocrx_word' id='word_1_731' title='bbox 922 5077 1122 5150; x_wconf 80' lang='grc' dir='ltr'>Πατρὶ,</span> <span class='ocrx_word' id='word_1_732' title='bbox 1152 5081 1296 5134; x_wconf 85' lang='grc' dir='ltr'>κατά</span> <span class='ocrx_word' id='word_1_733' title='bbox 1321 5097 1373 5135; x_wconf 90' lang='grc' dir='ltr'><strong>τι</strong></span> <span class='ocrx_word' id='word_1_734' title='bbox 1413 5080 1471 5133; x_wconf 84' lang='grc' dir='ltr'><strong>δὲ</strong></span> <span class='ocrx_word' id='word_1_735' title='bbox 1510 5081 1960 5154; x_wconf 81' lang='grc' dir='ltr'>ἀλλοτριούμενος</span> 
     </span>
    </p>
   </div>
   <div class='ocr_carea' id='block_1_102' title="bbox 2066 5075 3645 5159">
    <p class='ocr_par' dir='ltr' id='par_1_102' title="bbox 2067 5076 3645 5154">
     <span class='ocr_line' id='line_1_102' title="bbox 2067 5076 3645 5154; baseline 0 -23"><span class='ocrx_word' id='word_1_736' title='bbox 2067 5079 2401 5148; x_wconf 86' lang='lat' dir='ltr'><strong>compositus</strong></span> <span class='ocrx_word' id='word_1_737' title='bbox 2434 5078 2540 5133; x_wconf 91' lang='lat' dir='ltr'><strong>erit</strong></span> <span class='ocrx_word' id='word_1_738' title='bbox 2562 5076 2736 5132; x_wconf 83' lang='lat' dir='ltr'><strong>Filius</strong></span> <span class='ocrx_word' id='word_1_739' title='bbox 2763 5094 2777 5132; x_wconf 90' lang='lat'>:</span> <span class='ocrx_word' id='word_1_740' title='bbox 2810 5076 2993 5147; x_wconf 84' lang='lat' dir='ltr'><strong>aliqua</strong></span> <span class='ocrx_word' id='word_1_741' title='bbox 3035 5092 3104 5133; x_wconf 85' lang='lat' dir='ltr'><strong>ex</strong></span> <span class='ocrx_word' id='word_1_742' title='bbox 3134 5086 3287 5154; x_wconf 84' lang='lat' dir='ltr'><strong>parte</strong></span> <span class='ocrx_word' id='word_1_743' title='bbox 3322 5076 3515 5132; x_wconf 86' lang='lat' dir='ltr'><strong>similis</strong></span> <span class='ocrx_word' id='word_1_744' title='bbox 3541 5077 3645 5133; x_wconf 83' lang='lat' dir='ltr'><strong>Pa-</strong></span> 
     </span>
    </p>
   </div>
   <div class='ocr_carea' id='block_1_103' title="bbox 343 5166 1965 5248">
    <p class='ocr_par' dir='ltr' id='par_1_103' title="bbox 343 5166 1958 5248">
     <span class='ocr_line' id='line_1_103' title="bbox 343 5166 1958 5248; baseline 0.004 -27"><span class='ocrx_word' id='word_1_745' title='bbox 343 5169 438 5237; x_wconf 68' lang='grc' dir='ltr'>τῆς</span> <span class='ocrx_word' id='word_1_746' title='bbox 472 5169 628 5240; x_wconf 78' lang='grc' dir='ltr'>πρὸς</span> <span class='ocrx_word' id='word_1_747' title='bbox 660 5166 832 5220; x_wconf 79' lang='grc' dir='ltr'>αὐτὸν</span> <span class='ocrx_word' id='word_1_748' title='bbox 867 5168 1205 5239; x_wconf 80' lang='grc' dir='ltr'>ὁμοιότητος.</span> <span class='ocrx_word' id='word_1_749' title='bbox 1237 5167 1393 5235; x_wconf 78' lang='grc' dir='ltr'>Εἶτα,</span> <span class='ocrx_word' id='word_1_750' title='bbox 1427 5176 1580 5236; x_wconf 83' lang='grc' dir='ltr'>ποῖος</span> <span class='ocrx_word' id='word_1_751' title='bbox 1612 5176 1958 5248; x_wconf 81' lang='grc' dir='ltr'>συγχωρήσει</span> 
     </span>
    </p>
   </div>
   <div class='ocr_carea' id='block_1_104' title="bbox 2066 5166 3641 5248">
    <p class='ocr_par' dir='ltr' id='par_1_104' title="bbox 2068 5169 3641 5237">
     <span class='ocr_line' id='line_1_104' title="bbox 2068 5169 3641 5237; baseline 0.003 -16"><span class='ocrx_word' id='word_1_752' title='bbox 2068 5170 2159 5235; x_wconf 91' lang='lat' dir='ltr'><strong>tri,</strong></span> <span class='ocrx_word' id='word_1_753' title='bbox 2204 5185 2270 5228; x_wconf 77' lang='lat' dir='ltr'><strong>ex</strong></span> <span class='ocrx_word' id='word_1_754' title='bbox 2318 5169 2424 5223; x_wconf 86' lang='lat' dir='ltr'><strong>alia</strong></span> <span class='ocrx_word' id='word_1_755' title='bbox 2461 5185 2591 5224; x_wconf 82' lang='lat' dir='ltr'><strong>vero</strong></span> <span class='ocrx_word' id='word_1_756' title='bbox 2634 5185 2663 5222; x_wconf 89' lang='lat' dir='ltr'><strong>a</strong></span> <span class='ocrx_word' id='word_1_757' title='bbox 2708 5169 3063 5225; x_wconf 88' lang='lat' dir='ltr'><strong>similitudine</strong></span> <span class='ocrx_word' id='word_1_758' title='bbox 3095 5185 3216 5223; x_wconf 81' lang='lat' dir='ltr'><strong>eum</strong></span> <span class='ocrx_word' id='word_1_759' title='bbox 3254 5169 3368 5237; x_wconf 85' lang='lat' dir='ltr'><strong>ipso</strong></span> <span class='ocrx_word' id='word_1_760' title='bbox 3409 5170 3641 5225; x_wconf 72' lang='lat' dir='ltr'><strong>alienus.</strong></span> 
     </span>
    </p>
   </div>
   <div class='ocr_carea' id='block_1_105' title="bbox 348 5258 1965 5336">
    <p class='ocr_par' dir='ltr' id='par_1_105' title="bbox 348 5258 1961 5336">
     <span class='ocr_line' id='line_1_105' title="bbox 348 5258 1961 5336; baseline 0.005 -26"><span class='ocrx_word' id='word_1_761' title='bbox 348 5261 500 5329; x_wconf 68' lang='grc' dir='ltr'>λόγος</span> <span class='ocrx_word' id='word_1_762' title='bbox 527 5261 596 5313; x_wconf 75' lang='grc' dir='ltr'><strong>τὸ</strong></span> <span class='ocrx_word' id='word_1_763' title='bbox 632 5258 697 5311; x_wconf 77' lang='grc' dir='ltr'>ἓν</span> <span class='ocrx_word' id='word_1_764' title='bbox 724 5260 847 5312; x_wconf 82' lang='grc' dir='ltr'>κατ’</span> <span class='ocrx_word' id='word_1_765' title='bbox 877 5259 1065 5325; x_wconf 77' lang='grc' dir='ltr'>οὐσίαν</span> <span class='ocrx_word' id='word_1_766' title='bbox 1097 5260 1341 5333; x_wconf 82' lang='grc' dir='ltr'>ὑπάρχον</span> <span class='ocrx_word' id='word_1_767' title='bbox 1385 5264 1477 5316; x_wconf 74' lang='grc' dir='ltr'>καὶ</span> <span class='ocrx_word' id='word_1_768' title='bbox 1502 5266 1560 5316; x_wconf 81' lang='grc' dir='ltr'>ὲν</span> <span class='ocrx_word' id='word_1_769' title='bbox 1586 5264 1824 5336; x_wconf 80' lang='grc' dir='ltr'>ἀριθμῷ,</span> <span class='ocrx_word' id='word_1_770' title='bbox 1848 5261 1961 5318; x_wconf 79' lang='grc' dir='ltr'>οἷον</span> 
     </span>
    </p>
   </div>
   <div class='ocr_carea' id='block_1_106' title="bbox 2066 5258 3647 5336">
    <p class='ocr_par' dir='ltr' id='par_1_106' title="bbox 2068 5260 3647 5335">
     <span class='ocr_line' id='line_1_106' title="bbox 2068 5260 3647 5335; baseline 0.001 -20"><span class='ocrx_word' id='word_1_771' title='bbox 2068 5262 2295 5329; x_wconf 86' lang='lat' dir='ltr'><strong>Deinde,</strong></span> <span class='ocrx_word' id='word_1_772' title='bbox 2325 5276 2446 5331; x_wconf 84' lang='lat' dir='ltr'><strong>quae</strong></span> <span class='ocrx_word' id='word_1_773' title='bbox 2474 5263 2614 5315; x_wconf 87' lang='lat' dir='ltr'><strong>ratio</strong></span> <span class='ocrx_word' id='word_1_774' title='bbox 2643 5260 2748 5315; x_wconf 85' lang='lat' dir='ltr'><strong>hoc</strong></span> <span class='ocrx_word' id='word_1_775' title='bbox 2774 5260 2901 5335; x_wconf 78' lang='lat' dir='ltr'><strong>fert,</strong></span> <span class='ocrx_word' id='word_1_776' title='bbox 2931 5274 2989 5315; x_wconf 92' lang='lat' dir='ltr'><strong>ut</strong></span> <span class='ocrx_word' id='word_1_777' title='bbox 3014 5261 3065 5315; x_wconf 91' lang='lat' dir='ltr'><strong>id</strong></span> <span class='ocrx_word' id='word_1_778' title='bbox 3095 5260 3236 5330; x_wconf 89' lang='lat' dir='ltr'><strong>quod</strong></span> <span class='ocrx_word' id='word_1_779' title='bbox 3261 5260 3568 5317; x_wconf 86' lang='lat' dir='ltr'><strong>substantia</strong></span> <span class='ocrx_word' id='word_1_780' title='bbox 3590 5274 3647 5317; x_wconf 88' lang='lat' dir='ltr'><strong>et</strong></span> 
     </span>
    </p>
   </div>
   <div class='ocr_carea' id='block_1_107' title="bbox 346 5348 1965 5426">
    <p class='ocr_par' dir='ltr' id='par_1_107' title="bbox 346 5348 1961 5426">
     <span class='ocr_line' id='line_1_107' title="bbox 346 5348 1961 5426; baseline 0.004 -23"><span class='ocrx_word' id='word_1_781' title='bbox 346 5350 563 5404; x_wconf 72' lang='grc' dir='ltr'>Παῦλον</span> <span class='ocrx_word' id='word_1_782' title='bbox 594 5348 774 5419; x_wconf 73' lang='grc' dir='ltr'>τυχὸν</span> <span class='ocrx_word' id='word_1_783' title='bbox 813 5348 848 5419; x_wconf 81' lang='grc' dir='ltr'>ἢ</span> <span class='ocrx_word' id='word_1_784' title='bbox 896 5348 1126 5420; x_wconf 78' lang='grc' dir='ltr'>Πέτρον,</span> <span class='ocrx_word' id='word_1_785' title='bbox 1155 5351 1248 5407; x_wconf 84' lang='grc' dir='ltr'><strong>δύο</strong></span> <span class='ocrx_word' id='word_1_786' title='bbox 1278 5355 1467 5425; x_wconf 80' lang='grc' dir='ltr'>φέρειν</span> <span class='ocrx_word' id='word_1_787' title='bbox 1495 5355 1552 5407; x_wconf 82' lang='grc' dir='ltr'>ὲν</span> <span class='ocrx_word' id='word_1_788' title='bbox 1596 5356 1782 5426; x_wconf 84' lang='grc' dir='ltr'>ταυτῷ</span> <span class='ocrx_word' id='word_1_789' title='bbox 1821 5361 1961 5422; x_wconf 66' lang='grc' dir='ltr'>κατὰ</span> 
     </span>
    </p>
   </div>
   <div class='ocr_carea' id='block_1_108' title="bbox 2066 5348 3647 5426">
    <p class='ocr_par' dir='ltr' id='par_1_108' title="bbox 2071 5352 3647 5418">
     <span class='ocr_line' id='line_1_108' title="bbox 2071 5352 3647 5418; baseline 0.003 -12"><span class='ocrx_word' id='word_1_790' title='bbox 2071 5368 2298 5408; x_wconf 90' lang='lat' dir='ltr'><strong>numero</strong></span> <span class='ocrx_word' id='word_1_791' title='bbox 2332 5369 2496 5408; x_wconf 87' lang='lat' dir='ltr'><strong>tmnm</strong></span> <span class='ocrx_word' id='word_1_792' title='bbox 2531 5362 2636 5417; x_wconf 90' lang='lat' dir='ltr'><strong>est,</strong></span> <span class='ocrx_word' id='word_1_793' title='bbox 2680 5362 2736 5409; x_wconf 88' lang='lat' dir='ltr'><strong>ut</strong></span> <span class='ocrx_word' id='word_1_794' title='bbox 2765 5353 2986 5415; x_wconf 81' lang='lat' dir='ltr'><strong>Paulus,</strong></span> <span class='ocrx_word' id='word_1_795' title='bbox 3023 5352 3104 5405; x_wconf 81' lang='lat' dir='ltr'><strong>vel</strong></span> <span class='ocrx_word' id='word_1_796' title='bbox 3130 5352 3344 5418; x_wconf 73' lang='lat' dir='ltr'><strong>I’elt‘US,</strong></span> <span class='ocrx_word' id='word_1_797' title='bbox 3377 5354 3483 5410; x_wconf 89' lang='lat' dir='ltr'><strong>duo</strong></span> <span class='ocrx_word' id='word_1_798' title='bbox 3508 5355 3563 5411; x_wconf 91' lang='lat' dir='ltr'><strong>in</strong></span> <span class='ocrx_word' id='word_1_799' title='bbox 3589 5373 3647 5411; x_wconf 84' lang='lat' dir='ltr'><strong>se</strong></span> 
     </span>
    </p>
   </div>
   <div class='ocr_carea' id='block_1_109' title="bbox 343 5439 1965 5516">
    <p class='ocr_par' dir='ltr' id='par_1_109' title="bbox 343 5439 1958 5515">
     <span class='ocr_line' id='line_1_109' title="bbox 343 5439 1958 5515; baseline 0.004 -20"><span class='ocrx_word' id='word_1_800' title='bbox 343 5443 506 5508; x_wconf 68' lang='grc' dir='ltr'>φῦσιν</span> <span class='ocrx_word' id='word_1_801' title='bbox 533 5442 612 5503; x_wconf 79' lang='grc' dir='ltr'>τὰ</span> <span class='ocrx_word' id='word_1_802' title='bbox 646 5439 906 5504; x_wconf 76' lang='grc' dir='ltr'>ἐναντίας</span> <span class='ocrx_word' id='word_1_803' title='bbox 937 5441 1012 5494; x_wconf 80' lang='grc' dir='ltr'><strong>Οὐ</strong></span> <span class='ocrx_word' id='word_1_804' title='bbox 1042 5441 1154 5513; x_wconf 77' lang='grc' dir='ltr'><strong>γὰρ</strong></span> <span class='ocrx_word' id='word_1_805' title='bbox 1178 5442 1473 5515; x_wconf 82' lang='grc' dir='ltr'>δυνήσεταί</span> <span class='ocrx_word' id='word_1_806' title='bbox 1500 5464 1584 5510; x_wconf 86' lang='grc' dir='ltr'><strong>τις</strong></span> <span class='ocrx_word' id='word_1_807' title='bbox 1609 5449 1784 5500; x_wconf 80' lang='grc' dir='ltr'>εἰπεῖν</span> <span class='ocrx_word' id='word_1_808' title='bbox 1810 5464 1823 5477; x_wconf 80' lang='grc'><em>’</em></span> <span class='ocrx_word' id='word_1_809' title='bbox 1854 5450 1958 5501; x_wconf 84' lang='grc' dir='ltr'><strong>Λο-</strong></span> 
     </span>
    </p>
   </div>
   <div class='ocr_carea' id='block_1_110' title="bbox 2066 5439 3646 5516">
    <p class='ocr_par' dir='ltr' id='par_1_110' title="bbox 2070 5440 3646 5516">
     <span class='ocr_line' id='line_1_110' title="bbox 2070 5440 3646 5516; baseline -0.001 -16"><span class='ocrx_word' id='word_1_810' title='bbox 2070 5446 2268 5500; x_wconf 88' lang='lat' dir='ltr'><strong>habent</strong></span> <span class='ocrx_word' id='word_1_811' title='bbox 2297 5443 2621 5499; x_wconf 85' lang='lat' dir='ltr'><strong>naturaliter</strong></span> <span class='ocrx_word' id='word_1_812' title='bbox 2649 5442 2920 5499; x_wconf 89' lang='lat' dir='ltr'><strong>contraria</strong></span> <span class='ocrx_word' id='word_1_813' title='bbox 2944 5442 2967 5494; x_wconf 90' lang='lat'><strong>?</strong></span> <span class='ocrx_word' id='word_1_814' title='bbox 2991 5440 3173 5510; x_wconf 85' lang='lat' dir='ltr'><strong>Neque</strong></span> <span class='ocrx_word' id='word_1_815' title='bbox 3189 5442 3332 5496; x_wconf 88' lang='lat' dir='ltr'><strong>enim</strong></span> <span class='ocrx_word' id='word_1_816' title='bbox 3359 5446 3646 5516; x_wconf 88' lang='lat' dir='ltr'><strong>quisquam</strong></span> 
     </span>
    </p>
   </div>
   <div class='ocr_carea' id='block_1_111' title="bbox 348 5532 1965 5611">
    <p class='ocr_par' dir='ltr' id='par_1_111' title="bbox 348 5532 1958 5611">
     <span class='ocr_line' id='line_1_111' title="bbox 348 5532 1958 5611; baseline 0.004 -23"><span class='ocrx_word' id='word_1_817' title='bbox 348 5535 493 5598; x_wconf 72' lang='grc' dir='ltr'>τικὸς</span> <span class='ocrx_word' id='word_1_818' title='bbox 530 5533 600 5586; x_wconf 82' lang='grc' dir='ltr'><em>τέ</em></span> <span class='ocrx_word' id='word_1_819' title='bbox 638 5534 763 5603; x_wconf 77' lang='grc' dir='ltr'>εἰμι</span> <span class='ocrx_word' id='word_1_820' title='bbox 805 5533 904 5586; x_wconf 80' lang='grc' dir='ltr'>καὶ</span> <span class='ocrx_word' id='word_1_821' title='bbox 951 5532 1181 5601; x_wconf 51' lang='grc' dir='ltr'>ἄλογος</span> <span class='ocrx_word' id='word_1_822' title='bbox 1213 5536 1325 5590; x_wconf 77' lang='grc' dir='ltr'><strong>οὐδ’</strong></span> <span class='ocrx_word' id='word_1_823' title='bbox 1356 5533 1423 5591; x_wconf 75' lang='grc' dir='ltr'>αὖ</span> <span class='ocrx_word' id='word_1_824' title='bbox 1464 5539 1524 5591; x_wconf 83' lang='grc' dir='ltr'><strong>τὸ</strong></span> <span class='ocrx_word' id='word_1_825' title='bbox 1566 5538 1675 5611; x_wconf 75' lang='grc' dir='ltr'><strong>πῦρ</strong></span> <span class='ocrx_word' id='word_1_826' title='bbox 1717 5541 1835 5609; x_wconf 78' lang='grc' dir='ltr'>ἐρεῖ</span> <span class='ocrx_word' id='word_1_827' title='bbox 1875 5557 1958 5603; x_wconf 87' lang='grc' dir='ltr'><strong>τις</strong></span> 
     </span>
    </p>
   </div>
   <div class='ocr_carea' id='block_1_112' title="bbox 2066 5532 3645 5611">
    <p class='ocr_par' dir='ltr' id='par_1_112' title="bbox 2069 5541 3645 5611">
     <span class='ocr_line' id='line_1_112' title="bbox 2069 5541 3645 5611; baseline 0.003 -16"><span class='ocrx_word' id='word_1_828' title='bbox 2069 5543 2252 5596; x_wconf 87' lang='lat' dir='ltr'><strong>dicere</strong></span> <span class='ocrx_word' id='word_1_829' title='bbox 2287 5544 2525 5611; x_wconf 80' lang='lat' dir='ltr'><strong>poterit:</strong></span> <span class='ocrx_word' id='word_1_830' title='bbox 2573 5542 2708 5596; x_wconf 83' lang='lat' dir='ltr'><strong>Sum</strong></span> <span class='ocrx_word' id='word_1_831' title='bbox 2743 5541 2953 5595; x_wconf 85' lang='lat' dir='ltr'><strong>ratione</strong></span> <span class='ocrx_word' id='word_1_832' title='bbox 2998 5541 3275 5609; x_wconf 73' lang='lat' dir='ltr'><strong>prmditus,</strong></span> <span class='ocrx_word' id='word_1_833' title='bbox 3308 5555 3363 5597; x_wconf 88' lang='lat' dir='ltr'><strong>et</strong></span> <span class='ocrx_word' id='word_1_834' title='bbox 3393 5561 3513 5600; x_wconf 90' lang='lat' dir='ltr'><strong>sum</strong></span> <span class='ocrx_word' id='word_1_835' title='bbox 3555 5562 3645 5600; x_wconf 86' lang='lat' dir='ltr'><strong>ra-</strong></span> 
     </span>
    </p>
   </div>
   <div class='ocr_carea' id='block_1_113' title="bbox 343 5621 1965 5704">
    <p class='ocr_par' dir='ltr' id='par_1_113' title="bbox 343 5621 1955 5704">
     <span class='ocr_line' id='line_1_113' title="bbox 343 5621 1955 5704; baseline 0.006 -26"><span class='ocrx_word' id='word_1_836' title='bbox 343 5626 547 5698; x_wconf 67' lang='grc' dir='ltr'>θερμὸν</span> <span class='ocrx_word' id='word_1_837' title='bbox 576 5621 727 5679; x_wconf 87' lang='grc' dir='ltr'>εἷναί</span> <span class='ocrx_word' id='word_1_838' title='bbox 774 5642 837 5677; x_wconf 86' lang='grc' dir='ltr'><strong>τε</strong></span> <span class='ocrx_word' id='word_1_839' title='bbox 874 5625 969 5679; x_wconf 67' lang='grc' dir='ltr'>κού.</span> <span class='ocrx_word' id='word_1_840' title='bbox 1011 5626 1254 5697; x_wconf 74' lang='grc' dir='ltr'>ψυχρόνσ</span> <span class='ocrx_word' id='word_1_841' title='bbox 1286 5629 1365 5681; x_wconf 86' lang='grc' dir='ltr'>δεῖ</span> <span class='ocrx_word' id='word_1_842' title='bbox 1394 5630 1523 5700; x_wconf 68' lang='grc' dir='ltr'>γὰρ,</span> <span class='ocrx_word' id='word_1_843' title='bbox 1555 5632 1673 5695; x_wconf 80' lang='grc' dir='ltr'>ἐνὸς</span> <span class='ocrx_word' id='word_1_844' title='bbox 1717 5634 1955 5704; x_wconf 75' lang='grc' dir='ltr'>ὲνυπάρο</span> 
     </span>
    </p>
   </div>
   <div class='ocr_carea' id='block_1_114' title="bbox 2066 5621 3645 5704">
    <p class='ocr_par' dir='ltr' id='par_1_114' title="bbox 2073 5632 3645 5703">
     <span class='ocr_line' id='line_1_114' title="bbox 2073 5632 3645 5703; baseline 0.001 -15"><span class='ocrx_word' id='word_1_845' title='bbox 2073 5633 2235 5688; x_wconf 85' lang='lat' dir='ltr'><strong>tionis</strong></span> <span class='ocrx_word' id='word_1_846' title='bbox 2284 5648 2514 5703; x_wconf 81' lang='lat' dir='ltr'><strong>expers;</strong></span> <span class='ocrx_word' id='word_1_847' title='bbox 2572 5646 2748 5702; x_wconf 86' lang='lat' dir='ltr'><strong>neque</strong></span> <span class='ocrx_word' id='word_1_848' title='bbox 2804 5632 2942 5686; x_wconf 88' lang='lat' dir='ltr'><strong>nllus</strong></span> <span class='ocrx_word' id='word_1_849' title='bbox 3008 5632 3184 5700; x_wconf 78' lang='lat' dir='ltr'><strong>ignem</strong></span> <span class='ocrx_word' id='word_1_850' title='bbox 3240 5633 3475 5690; x_wconf 87' lang='lat' dir='ltr'><strong>calidum</strong></span> <span class='ocrx_word' id='word_1_851' title='bbox 3524 5652 3645 5691; x_wconf 83' lang='lat' dir='ltr'><strong>esse</strong></span> 
     </span>
    </p>
   </div>
   <div class='ocr_carea' id='block_1_115' title="bbox 410 5787 881 5852">
    <p class='ocr_par' dir='ltr' id='par_1_115' title="bbox 410 5787 881 5852">
     <span class='ocr_line' id='line_1_115' title="bbox 410 5787 881 5852; baseline -0.011 -8"><span class='ocrx_word' id='word_1_852' title='bbox 410 5790 458 5822; x_wconf 84' lang='grc'><strong><em>³⁸</em></strong></span> <span class='ocrx_word' id='word_1_853' title='bbox 490 5790 508 5843; x_wconf 90' lang='lat' dir='ltr'><strong>l</strong></span> <span class='ocrx_word' id='word_1_854' title='bbox 540 5791 675 5845; x_wconf 79' lang='lat' dir='ltr'><strong>Cor.</strong></span> <span class='ocrx_word' id='word_1_855' title='bbox 714 5802 757 5852; x_wconf 84' lang='lat' dir='ltr'><strong>I,</strong></span> <span class='ocrx_word' id='word_1_856' title='bbox 788 5787 881 5841; x_wconf 72' lang='lat'><strong>24.</strong></span> 
     </span>
    </p>
   </div>
   <div class='ocr_carea' id='block_1_116' title="bbox 675 5882 3242 5948">
    <p class='ocr_par' dir='ltr' id='par_1_116' title="bbox 675 5882 3242 5948">
     <span class='ocr_line' id='line_1_116' title="bbox 675 5882 3242 5948; baseline -0.001 -1"><span class='ocrx_word' id='word_1_857' title='bbox 675 5887 958 5947; x_wconf 67' lang='lat' dir='ltr'><strong>Pnnoe.</strong></span> <span class='ocrx_word' id='word_1_858' title='bbox 1009 5884 1127 5944; x_wconf 76' lang='lat' dir='ltr'><strong>Gn.</strong></span> <span class='ocrx_word' id='word_1_859' title='bbox 1177 5886 1428 5948; x_wconf 68' lang='lat' dir='ltr'><strong>LXXV.</strong></span> <span class='ocrx_word' id='word_1_860' title='bbox 3204 5882 3242 5945; x_wconf 72' lang='grc' dir='ltr'>[ι</span> 
     </span>
    </p>
   </div>
  </div>
