4106 6476
549 347 650 400 107

1582 338 1636 396 S.
1677 340 1946 395 CUIILLI
1996 339 2464 394 ALEXANDRIM
2505 340 2826 393 ARCIIILP.

3711 344 3808 396 108

545 463 747 518 dixerit
779 460 937 518 simul
985 470 1039 514 et
1079 459 1336 527 frigidum
1373 477 1386 511 ι
1422 434 1642 511 necesse
1692 459 1835 511 enim
1873 467 1978 520 est,
2011 473 2092 510 Ulli

2221 472 2424 525 χοντος,
2479 454 2830 527 ἀναρρεῖσθαι
2868 454 2973 508 τῶν
3027 455 3442 526 σημαινομένων
3497 455 3554 509 τὸ
3599 456 3804 530 ἕτερον.

541 555 864 617 exsistente,
887 552 1112 605 alterum
1143 565 1328 603 eorum
1372 563 1489 616 qua:
1517 547 1889 618 signiﬁcantur
1920 548 2118 617 perire.

545 641 688 698 Fieri
724 643 904 712 itaque
937 657 1044 696 non
1078 650 1255 710 potest
1284 649 1339 692 ut
1371 639 1421 692 in
1459 637 1596 692 Filio
1628 638 1926 694 similitudo
1961 639 2120 693 simul

544 734 619 785 sit
645 741 700 786 et
727 731 1136 787 dissimilitudo.
1161 729 1292 784 Cum
1321 743 1452 782 vero
1478 744 1634 783 sacra
1661 729 1939 798 Scriptura
1965 729 2122 784 simi-

544 821 649 876 lem
677 821 829 876 Patri
863 836 982 876 esse
1018 820 1270 883 teStelur',
1299 835 1532 888 cumque
1574 821 1688 889 ipse
1728 821 1876 876 dicat
1914 839 1929 878 :
1967 840 1986 873 ι
2018 822 2118 888 Qui

541 911 678 966 vidit
707 927 819 975 me,
847 912 979 965 vidit
1013 918 1065 965 et
1093 910 1305 963 Patrem
1326 910 1425 976 ⁸³,ι
1460 911 1953 967 dissimilitudinem
1981 913 2122 967 hanc

541 1000 1028 1062 rrunadmittemus,
1055 1014 1151 1069 per
1183 998 1301 1052 haec
1337 999 1640 1054 testimonia
1679 1001 1744 1053 ad
1769 1000 1821 1054 id
1856 1002 1998 1070 quod
2033 1017 2120 1055 ve-

522 1092 653 1145 rius
680 1091 1202 1159 convenientiusque
1221 1100 1306 1145 est
1321 1091 1556 1145 adducti.
1584 1091 1788 1147 Etcum
1826 1108 1930 1146 non
1965 1095 2117 1150 dixe-

470 1253 472 1256 ν
537 1186 608 1238 rit
636 1202 649 1240 :
677 1183 778 1252 Qui
805 1186 949 1240 ‘vidit
980 1201 1094 1252 me,
1123 1187 1262 1241 vidit
1302 1198 1349 1242 et
1381 1185 1718 1242 voluntatem
1760 1187 2108 1257 Patris'mei,

536 1289 640 1326 non
687 1274 1012 1341 voluntatis,
1063 1277 1156 1331 sed
1199 1275 1380 1331 Patris
1420 1277 1710 1347 imaginem
1756 1293 1881 1335 esse
1919 1280 2113 1335 Filium

533 1366 843 1423 fatebimur.

1210 1480 1321 1535 AL!
1333 1480 1372 1536 U
1383 1481 1441 1535 Β.

604 1597 736 1660 Quae
777 1610 806 1648 a
850 1603 1032 1648 mutua
1073 1593 1454 1664 conjunctione
1493 1603 1546 1649 et
1587 1595 1817 1650 naturali
1859 1595 2110 1650 similitu-

533 1686 662 1740 dine
691 1687 984 1751 recedunt,
1012 1695 1066 1740 et
1092 1686 1398 1741 essentialis
1425 1687 1703 1756 qualitatis
1735 1687 1942 1744 ratione
1974 1690 2114 1742 inter

2231 547 2438 600 Οὐκοῦν
2466 549 2742 617 ἀμήχανον
2774 548 2832 600 ἐν
2863 546 2976 614 Υἱῷ
3002 548 3094 600 καὶ
3119 547 3179 600 τὸ
3221 547 3403 617 ὅμοιον
3431 543 3571 600 εἶναι
3612 552 3706 603 καὶ
3750 553 3807 604 τὲ

2230 639 2504 709 ἀνόμοιον.
2545 637 3058 709 Ἐπιμαρτυρούσης
3082 639 3139 690 δέ
3166 638 3266 708 τῆς
3303 638 3451 702 θείας
3481 641 3631 712 αὐτῷ
3672 642 3806 712 Γρα-

2229 729 2339 798 φῆς
2377 728 2474 800 τὴν
2503 729 2798 800 ὁμοιότητα
2840 729 2939 796 τὴν
2970 728 3106 798 πρὸς
3130 728 3220 781 τὸν
3250 729 3494 799 Πατέρα,
3522 733 3614 783 καὶ
3641 721 3806 785 αἶ)τοῦ

2225 820 2282 872 δέ
2317 819 2614 888 φάσκοντος
2635 835 2649 852 ·
2696 838 2716 872 ‹
2772 821 2829 873 Ὁ
2858 820 3118 891 ἑωρακὼς
3166 819 3290 890 ἐμὲ,
3323 819 3536 890 ἑώρακε
3578 822 3666 876 τὸν
3699 824 3806 876 Πα-

2225 911 2380 982 τέρα,
2427 931 2444 962 ›
2480 911 2540 964 τὸ
2568 901 2819 981 ἀνόμοιον
2847 911 2908 964 οὐ
2940 911 3377 984 παραδεξόμεθα,
3414 914 3807 986 ποδηγούμενοι

2223 1001 2310 1056 διὰ
2364 1000 2568 1054 τούτων
2611 1001 2703 1054 ἐπὶ
2747 1001 2810 1055 τὸ
2853 1001 3214 1072 ἀληθέστερόν
3260 1021 3320 1057 τε
3379 1006 3473 1057 καὶ
3522 1007 3806 1074 πρεπωδέ-

2227 1108 2436 1163 στερον.
2497 1092 2714 1164 Ἐπειδὴ
2758 1092 2814 1145 δὲ
2863 1093 3024 1147 πάλιν
3064 1095 3163 1146 οὐκ
3207 1089 3392 1150 εἶπεν·
3435 1096 3494 1148 Ὁ
3545 1097 3807 1168 ἐωρακὼς

2224 1181 2344 1251 ἐμὲ,
2379 1181 2476 1252 τὴν
2507 1181 2760 1252 βούλησιν
2803 1180 3012 1252 ἑώρακε
3060 1184 3155 1238 τοῦ
3190 1186 3399 1256 Πατρός
3443 1204 3568 1256 μου,
3603 1189 3662 1240 ού
3704 1188 3807 1256 τῆς

2225 1269 2530 1339 βουλήσεως
2562 1271 2742 1323 είκόνα
2769 1270 2859 1324 τὸν
2890 1271 3017 1324 Υἱὸν
3045 1272 3474 1344 ὁμολογήσομεν,
3498 1275 3612 1327 ἀλλ’
3635 1275 3805 1330 αὑτοῦ

2222 1359 2314 1414 τοῦ
2345 1360 2556 1431 Πατρός
2582 1360 2657 1424 ὡς
2696 1361 2845 1416 Υίόν.

2910 1474 3114 1529 ΑΛΛΟ.

2291 1584 2372 1636 Τὰ
2409 1584 2507 1654 τῆς
2537 1585 2673 1655 πρὸς
2703 1585 2908 1656 ἄλληλα
2953 1587 3246 1656 συναφείας
3283 1589 3313 1660 ἦ
3358 1591 3592 1661 φυσικῆς
3633 1593 3807 1662 ἐμφεο

2221 1675 2372 1745 ρείας
2416 1675 2868 1746 ἀναχωρήσαντα,
2910 1678 3004 1731 καὶ
3048 1679 3189 1732 κατὰ.
3231 1679 3321 1732 τὸν
3359 1681 3458 1750 τῆς
3512 1683 3805 1749 ούσιώδους

531 1791 594 1832 se
623 1776 917 1839 dissident,
946 1790 1009 1828 ea
1047 1784 1140 1830 aut
1173 1775 1322 1839 loco,
1349 1785 1441 1828 aut
1477 1776 1589 1830 sola
1626 1776 1834 1831 ratione
1867 1777 2092 1844 sejunct:

2219 1767 2501 1836 ποιότητος
2532 1766 2686 1835 λόγον
2732 1768 3211 1841 ἀπεσχοινισμένα,
3265 1773 3598 1845 διίσταταιῆ
3647 1775 3806 1844 τόπῳ

530 1877 678 1922 sunt.
704 1867 769 1921 Et
794 1866 910 1922 loco
935 1866 1152 1935 quidem
1182 1880 1211 1918 a
1238 1874 1422 1920 mutua
1451 1865 1828 1944 conjunCtione
1857 1883 2110 1940 separan-

526 1968 618 2013 tur
647 1973 767 2027 qua:
797 1971 1117 2027 corpoream
1150 1957 1595 2012 constitutionem
1629 1959 1862 2026 habent;
1903 1961 2111 2016 ratione

521 2060 710 2104 niuem
746 2049 1131 2119 disiunguntur
1165 2049 1456 2114 nonnulla,
1483 2064 1602 2118 quae
1643 2052 1915 2106 essentiali
1953 2053 2108 2109 dilfeo

527 2140 700 2194 rentia
733 2139 1010 2204 diﬁ-‘erunt,
1036 2147 1096 2194 ut
1126 2139 1287 2193 homo
1319 2139 1386 2194 ab
1418 2154 1578 2209 equo.
1608 2139 1956 2211 Quaecunque
1980 2159 2109 2199 vero

519 2227 973 2297 significationem
1019 2237 1075 2282 et
1117 2227 1260 2296 quod
1300 2241 1370 2282 ex
1412 2227 1542 2297 ipsis
1585 2228 1814 2283 eﬂicitnr
1849 2232 2109 2289 dissimile

525 2318 764 2384 habent,
797 2334 864 2372 ea
927 2319 1138 2372 ratione
1187 2319 1625 2388 cogitationeque
1677 2321 2102 2390 distinguuntur,

519 2407 978 2477 quemadmodum
1040 2409 1247 2464 sanitas
1303 2419 1358 2464 et
1411 2412 1650 2466 morbus.
1708 2412 1786 2466 Ex
1841 2403 1924 2468 his
1980 2430 2107 2470 vero

521 2514 860 2569 qua-cunque
887 2501 998 2554 sola
1033 2502 1242 2556 ratione
1264 2511 1318 2556 et
1351 2501 1541 2558 eﬂ‘ectu
1571 2507 1845 2559 contraria
1879 2507 2020 2561 inter
2045 2523 2106 2562 se

521 2601 684 2658 sunt,
745 2593 1031 2663 peritiores
1093 2595 1396 2664 philosophi
1455 2599 1730 2652 contraria
1789 2599 2100 2655 immediata

518 2694 746 2750 vocant;
805 2685 908 2739 alia
953 2702 1083 2741 vero
1137 2687 1389 2742 mediata.
1435 2689 1754 2744 lmmediata
1805 2692 1994 2758 igitur,
2044 2703 2101 2748 ut

519 2776 679 2829 modo
713 2775 978 2840 diximus,
1007 2786 1134 2830 sunt
1167 2777 1373 2832 sanitas
1412 2790 1466 2832 et
1505 2781 1725 2835 morbus
1767 2798 1779 2834 :
1818 2781 1928 2852 65
1971 2784 2100 2838 nihil

517 2868 660 2919 enim
692 2868 833 2920 inter
861 2869 975 2922 haec
1003 2876 1086 2922 est
1119 2869 1374 2923 medium.
1405 2869 1460 2924 Si
1492 2871 1634 2925 enim
1669 2870 1870 2940 aliquid
1905 2873 2098 2930 horum

518 2957 720 3010 homini
755 2958 986 3022 accidat,
1011 2958 1062 3012 id
1089 2959 1261 3012 solum
1295 2960 1346 3014 in
1379 2961 1494 3031 ipso
1521 2971 1623 3016 est.
1649 2963 1924 3018 Autenim
1959 2967 2097 3021 bene

458 3099 462 3103 ,
515 3049 677 3106 valet.
702 3059 789 3102 aut
813 3059 1070 3120 regrotat;
1101 3050 1415 3121 nullumque
1446 3055 1586 3106 inter
1609 3067 1878 3123 aagrmare
1907 3065 1962 3109 et
1990 3072 2094 3112 non

2213 1859 2540 1929 τεμνόμενα,
2570 1860 2604 1931 ἢ
2653 1860 2842 1929 μόναις
2884 1864 3002 1925 ταῖς
3038 1863 3325 1926 ἐπινοίαις.
3376 1865 3538 1934 Τόπῳ
3571 1866 3669 1934 μὲν
3705 1862 3805 1919 οὖν

2210 1955 2310 2023 τῆς
2338 1952 2476 2024 πρὸς
2501 1950 2707 2020 ἄλληλα
2746 1953 3038 2020 συναφείας
3065 1953 3334 2006 διίσταται
3363 1954 3431 2007 τὰ
3477 1957 3804 2026 σωματικὴν

2211 2044 2404 2114 ἔχοντα
2461 2043 2742 2108 σύστασιν,
2799 2044 3068 2098 διίσταται
3104 2045 3162 2098 δὲ
3203 2037 3486 2116 καῖ’λόγῳ
3524 2047 3645 2100 τινὰ
3686 2047 3812 2101 τῶν

2210 2135 2352 2188 κατά
2409 2134 2507 2206 τὴν
2556 2133 2787 2207 οὑσιὼδη
2850 2135 3133 2208 διαφορὰν,
3199 2137 3276 2200 ὡς
3347 2137 3635 2208 ἄνθρωπος
3706 2140 3805 2191 ἴπ-
3877 2177 3884 2183 ς

2208 2243 2333 2280 που,
2367 2227 2449 2280 Τὰ
2477 2227 2534 2280 δὲ
2566 2227 2665 2280 ὅσα
2697 2226 2795 2299 τὴν
2823 2227 3055 2296 δήλωσιν
3089 2228 3184 2282 καὶ
3227 2228 3289 2282 τὸ
3334 2228 3393 2295 ἐξ
3431 2229 3612 2284 αὐτῶν
3655 2233 3800 2284 ἁπο-

2207 2316 2532 2388 τελούμενον
2585 2317 2838 2388 ἀνόμοιον
2889 2317 3020 2388 ἔχει,
3073 2318 3215 2390 λόγῳ
3259 2319 3400 2391 ψιλῷ
3439 2325 3533 2374 καὶ
3577 2323 3802 2394 ἐπινοίᾳ

2211 2407 2546 2480 μεριζόμενα
2585 2407 2855 2477 φαίνεται,
2887 2405 2998 2463 οἷον
3037 2410 3220 2478 ὑγίεια
3265 2412 3358 2465 καὶ
3387 2412 3560 2475 νόσος.
3615 2413 3702 2466 Ἐν
3732 2413 3801 2468 δὲ

2204 2496 2414 2560 τούτοις
2448 2498 2548 2550 ὃσα
2581 2496 2727 2568 λόγῳ
2758 2497 2906 2568 μόνῳ
2952 2499 3046 2554 καὶ
3079 2500 3158 2570 τῷ
3190 2501 3249 2569 ἐξ
3277 2501 3456 2555 αὐτῶν
3497 2503 3802 2556 ἀποτελου-

2206 2589 2353 2661 μένῳ
2380 2590 2500 2643 κατ’
2531 2591 2880 2662 ἐναντιότητα
2922 2590 3195 2662 διέστηκε,
3227 2593 3294 2648 τὰ
3325 2593 3425 2664 μὲν
3471 2592 3652 2664 ἄμεσα
3691 2612 3800 2648 κα-

2200 2680 2382 2735 λοῦσιν
2422 2684 2470 2736 οἱ
2504 2682 2574 2735 τὰ
2615 2685 2714 2752 τῆς
2761 2682 3079 2752 φιλοσοφίας
3115 2683 3418 2754 ἠσκημένοι
3462 2683 3798 2756 μαθήματα,

2201 2773 2270 2826 τὰ
2293 2771 2349 2825 δὲ
2380 2772 2615 2843 ἔμμεσα.
2653 2773 2868 2844 Ἀμεσα
2903 2773 3004 2844 μὲν
3034 2769 3147 2838 οὖν,
3176 2773 3429 2846 καθάπερ
3457 2775 3555 2846 ἤδη
3603 2781 3800 2848 προεῖ-

2200 2882 2320 2929 πον,
2355 2865 2532 2933 ὑγίεια
2567 2865 2660 2920 πιοιῖ⁴
2701 2865 2886 2929 νόσος·
2935 2865 3089 2918 οὐδὲν
3120 2865 3229 2937 γὰρ
3260 2866 3464 2921 τούτων
3511 2869 3628 2921 ἐστὶ
3682 2887 3793 2938 με-

2196 2954 2349 3020 ταξύ.
2386 2955 2449 3006 Εἰ
2475 2954 2584 3026 γὰρ
2613 2955 2698 3006 ἐπ’
2727 2955 3011 3025 ἀνθρώπου
3040 2956 3202 3027 τυχὸν
3235 2957 3454 3028 φέροιτό
3479 2975 3532 3010 τι
3557 2958 3791 3027 τούτων,

2197 3045 2254 3101 ἒν
2289 3045 2437 3099 ἔσται
2468 3046 2684 3109 πάντως
2712 3046 2769 3098 ὲν
2803 3046 2973 3117 αὐτῷ.
3017 3046 3090 3100 Ἦ
3125 3047 3233 3120 γὰρ
3265 3047 3516 3116 ὑγιαίνει,
3550 3049 3582 3120 ἢ
3613 3052 3789 3120 νοσεῖ,

511 3150 776 3208 aegrotare
808 3151 893 3194 est
927 3141 1182 3197 medium.
1207 3141 1436 3198 lllediata
1473 3160 1597 3199 vero
1630 3149 1902 3202 contraria
1933 3148 2092 3218 justi-

2197 3137 2291 3192 καὶ
2321 3137 2382 3191 τὸ
2419 3137 2579 3207 μέσον
2609 3137 2702 3190 τοῦ
2736 3141 2909 3193 νοσεῖν
2937 3139 2971 3211 ἦ
3004 3139 3080 3210 ’μὴ
3117 3142 3314 3204 νοσεῖν,
3349 3141 3524 3195 οὐδέν.
3567 3141 3791 3212 Ἐμμε-

513 3231 641 3285 tiam
679 3242 732 3287 ct
764 3232 1077 3300 iniustitiam
1112 3248 1233 3290 esse
1269 3235 1474 3291 volunt.
1510 3236 1698 3307 Neque
1738 3241 1884 3294 enim
1921 3242 2099 3296 omnis

512 3324 673 3378 homo
716 3336 812 3380 aut
850 3327 902 3380 in
952 3327 1262 3381 universum
1305 3327 1515 3396 jus'tus,
1552 3341 1643 3384 aut
1685 3332 1738 3386 in
1785 3332 2096 3386 universum

509 3415 742 3483 iniustus
781 3429 882 3471 est.
908 3417 1052 3473 Fieri
1093 3419 1237 3472 enim
1280 3431 1456 3488 potest
1490 3432 1547 3476 ut
1581 3425 1815 3478 medium
1859 3425 2095 3493 aliquem

507 3505 684 3561 locum
719 3508 1090 3573 int'eniamus,
1120 3511 1371 3566 nimirum
1409 3519 1466 3566 ut
1496 3515 1618 3583 quis
1643 3530 1706 3566 ex
1740 3524 1889 3581 parte
1915 3515 2096 3581 justus

505 3598 599 3664 sit,
629 3608 732 3651 non
764 3608 940 3652 autem
972 3601 1224 3655 omnibus
1246 3603 1491 3672 partibus
1525 3605 1780 3673 injustus.
1807 3603 1900 3658 llis
1930 3607 2094 3673 igitur

504 3688 609 3742 hoc
639 3690 795 3744 modo
824 3691 1200 3759 consideratis,
1227 3703 1281 3747 et
1306 3693 1752 3752 dissimilitudine
1784 3699 1835 3751 in
1865 3699 2090 3768 singulis

504 3779 668 3832 rebus
706 3781 1092 3852 pervestigata,
1130 3782 1406 3836 videamus
1440 3799 1672 3852 quonam
1717 3788 1877 3840 modo
1916 3803 1979 3841 er
2025 3788 2089 3843 iis

502 3882 623 3934 quae
654 3867 795 3921 dicta
831 3879 955 3924 sunt
988 3869 1159 3925 Filius
1193 3886 1220 3925 ο
1259 3873 1612 3927 similitudine
1638 3874 1821 3930 Patris
1849 3877 2082 3933 dill‘erat.

501 3958 646 4014 Loco
679 3971 827 4015 certe
859 3963 1100 4030 separari
1139 3978 1300 4018 nemo
1333 3965 1534 4018 dixerit
1568 3985 1579 4019 :
1621 3981 1793 4036 neque
1825 3971 1967 4022 enim
2006 3980 2088 4024 est

498 4066 716 4120 corpus,
737 4066 1023 4121 corporum
1049 4063 1230 4108 autem
1259 4054 1536 4124 proprium
1567 4069 1650 4111 est
1672 4056 1930 4112 localibus
1959 4074 2086 4128 spa-

499 4143 591 4196 tiis
632 4143 848 4210 dirimi;
890 4145 1154 4214 reliquum
1201 4161 1332 4216 ergo
1366 4156 1449 4202 est
1484 4158 1539 4202 ut
1573 4149 1783 4204 ratione
1816 4149 2029 4204 differat
2066 4167 2080 4204 :

498 4237 709 4290 ratione
753 4246 932 4291 autem
969 4237 1087 4291 dico
1130 4238 1385 4293 naturali.
1415 4240 1483 4292 At
1517 4241 1559 4293 si
1596 4252 1787 4293 natura
1826 4252 1907 4295 est
1944 4243 2082 4295 licus

494 4326 678 4394 Pater,
704 4337 759 4382 et
787 4338 981 4383 natura
1013 4328 1154 4384 Deus
1181 4330 1371 4397 Filius,
1400 4331 1700 4398 qualisnam
1735 4333 1874 4388 ratio
1907 4335 2078 4402 ipsum

497 4420 815 4488 distinguit?
843 4421 974 4486 Quis
1004 4430 1183 4474 autem
1211 4437 1318 4475 non
1348 4422 1582 4475 fateatur
1604 4438 1664 4476 ea
1699 4439 1816 4490 qua:
1837 4423 2076 4492 ejusdem

2201 3246 2294 3285 σον
2329 3228 2386 3284 δὲ
2417 3229 2513 3299 τὴν
2537 3229 2882 3300 δικαιοσύνην
2913 3225 3052 3282 εἷναί
3097 3247 3228 3299 φασι
3271 3231 3365 3283 καὶ
3403 3231 3502 3303 τὴν
3542 3233 3787 3287 ἀδικίαν.

2211 3321 2502 3394 Ἐπειδήπε
2512 3340 2542 3394 ρ
2577 3323 2637 3374 ού
2661 3323 2766 3386 πᾶς
2791 3322 3074 3392 ἄνθρωπος
3103 3323 3134 3394 ἢ
3159 3323 3464 3395 ὁλοκλήρως
3487 3324 3717 3390 δίκαιος,
3749 3325 3787 3397 ἢ

2195 3413 2377 3476 ἄδικός
2411 3417 2548 3467 ἐστι.
2587 3414 2821 3468 Δυνατὸν
2855 3415 2962 3483 γὰρ
3009 3415 3174 3484 μέσον
3225 3415 3414 3488 ὥσπερ
3465 3416 3587 3470 τινὰ
3614 3417 3789 3471 τόπον

2193 3506 2450 3576 εὑρέσθαι
2481 3508 2543 3559 ἐκ
2572 3507 2773 3576 μέρους
2798 3505 3010 3562 δικαίου
3044 3507 3188 3570 τινὸς
3217 3506 3386 3571 ὄντος,
3411 3508 3508 3561 καὶ
3540 3509 3602 3560 ού
3635 3526 3786 3574 παν-

2189 3596 2360 3658 τελῶς
2385 3597 2590 3652 ἀδίκου.
2625 3597 2840 3650 Τούτων
2870 3596 3157 3668 τοιγαροῦν
3189 3599 3329 3652 κατὰ
3358 3601 3507 3652 τόνδε
3536 3601 3625 3654 τὸν
3651 3603 3787 3671 τρόο

2190 3703 2292 3740 πον
2343 3689 2473 3757 ἡμῖν
2514 3688 2946 3758 διεσκεμμένων,
2998 3690 3092 3742 καὶ
3141 3693 3240 3760 τῆς
3277 3691 3662 3762 ἀνομοιότητος
3716 3696 3782 3745 ἐν

2189 3776 2400 3840 τούτοις
2427 3776 2824 3848 ἐξεταζομένης
2850 3779 2941 3831 ἐπὶ
2965 3779 3167 3844 παντὸς
3191 3781 3537 3851 πράγματος,
3572 3782 3782 3854 ἴδωμεν

2188 3865 2331 3919 κατά
2365 3869 2516 3920 ποῖον
2543 3867 2652 3920 τῶν
2701 3870 3003 3940 εἰρημένων
3045 3870 3200 3940 λόγον
3244 3873 3520 3942 ἀφέστηκε
3550 3875 3650 3943 τῆς
3678 3876 3782 3930 τοῦ

2187 3957 2399 4027 Πατρὸς
2432 3959 2750 4029 ὁμοιότητος
2781 3962 2807 4014 6
2837 3960 2981 4024 Υἱός.
3017 3961 3178 4031 Τόπῳ
3205 3963 3304 4032 μὲν
3329 3959 3422 4016 οὖν
3452 3965 3551 4016 οὐκ
3593 3967 3658 4020 ἄν
3687 3984 3782 4031 τις

2185 4049 2347 4101 αὑτὸν
2379 4048 2696 4120 μερίζεσθαι
2725 4050 2910 4120 λέγοι,
2943 4052 3065 4105 ἐπεὶ
3099 4055 3234 4123 μήτε
3270 4054 3429 4124 σῶμά
3460 4057 3576 4108 ἐστι
3599 4073 3614 4086 ι
3662 4075 3780 4112 σω-

2187 4139 2372 4210 μάτων
2407 4142 2512 4212 γὰρ
2569 4141 2698 4196 ἴδιον
2741 4146 2996 4207 τοπικαῖς
3045 4143 3365 4216 μερίζεσθαι
3413 4147 3772 4203 διαστάσεσι·

2182 4231 2428 4286 λείπεται
2459 4233 2637 4286 τοίνυν
2665 4234 2749 4300 τὸ,
2784 4234 2926 4306 λόγῳ
2967 4236 3294 4307 χωρίζεσθαι
3317 4253 3331 4265 ο
3368 4237 3510 4309 λόγῳ
3535 4239 3592 4292 δέ
3624 4257 3774 4311 φημι

2182 4323 2256 4394 τῷ
2285 4325 2426 4378 κατὰ
2455 4325 2554 4396 τὴν
2599 4326 2782 4394 φύσιν.
2828 4327 2967 4381 Ἀλλ’
2999 4328 3157 4399 εἴπερ
3207 4329 3368 4398 φύσει
3416 4330 3549 4393 Θεὸς
3591 4333 3620 4383 6
3647 4332 3772 4384 Ha.-

2179 4417 2303 4487 τὴρ,
2342 4417 2438 4471 καὶ
2467 4416 2626 4486 φύσει
2654 4419 2786 4482 Θεὸς
2829 4419 2858 4471 6
2901 4419 3048 4485 Υἱὸς,
3081 4422 3233 4484 ποῖος
3265 4421 3426 4474 αὑτὸν
3467 4423 3770 4493 ἀποτέμνει

496 4512 748 4566 essentia:
778 4522 934 4577 sunt,
968 4513 1167 4567 similia
1203 4513 1342 4565 inter
1372 4528 1431 4566 se
1460 4513 1615 4566 esse?
1645 4512 1943 4579 Przeterea,
1973 4532 2076 4568 non

2197 4508 2365 4576 ιόγοςς
2391 4510 2487 4572 Τίς
2507 4509 2562 4563 δέ
2591 4510 2652 4563 ού
2692 4513 3036 4583 συγχωρήσει
3062 4511 3160 4582 τὴν
3185 4511 3322 4582 πρὸς
3348 4511 3551 4584 ἄλληλα
3579 4515 3768 4583 φορεῖν

493 4604 656 4660 veluti
688 4606 1020 4659 contrarium
1049 4605 1414 4674 distinguetur
1442 4603 1608 4658 Filius
1637 4621 1664 4656 a
1695 4603 1873 4671 Patre,
1901 4612 1960 4658 ul
1987 4606 2074 4659 illa

492 4711 613 4765 qua:
644 4695 902 4750 dicuntur
933 4696 1268 4750 immediata.
1302 4693 1489 4764 Neque
1523 4694 1665 4751 enim
1699 4704 1756 4748 ut
1787 4696 1989 4749 sanitas
2023 4706 2076 4750 et

427 4781 431 4786 ⁷
493 4787 718 4841 morbus
766 4787 908 4839 inter
953 4801 1013 4840 se
1057 4785 1355 4850 dissident;
1401 4800 1576 4855 neque
1622 4787 2070 4853 quemadmodum

490 4892 658 4930 unum
707 4875 910 4944 aliquid
943 4890 1130 4928 eorum
1161 4891 1278 4942 quae
1323 4876 1557 4927 diximus
1594 4875 1646 4927 in
1685 4875 1904 4929 lmtnine
1940 4877 2070 4929 reti—

489 4967 603 5020 neri
623 5006 640 5032 ,
671 4965 812 5019 ratio
841 4964 1110 5030 ostendit,
1140 4966 1214 5018 ita
1245 4965 1408 5019 etiam
1438 4975 1522 5018 est
1552 4965 1604 5017 in
1635 4963 1794 5019 Patre
1825 4977 1879 5019 et
1913 4967 2066 5021 Filio.

487 5051 764 5108 luhabitat
793 5052 938 5107 enim
971 5067 1023 5105 tu
1056 5053 1236 5121 aliquo
1259 5050 1424 5105 Pater
1457 5067 1470 5104 :
1503 5050 1769 5105 inhabitat
1794 5061 1849 5105 et
1875 5051 2062 5105 Filius.

487 5145 694 5215 Neque,
726 5142 1180 5215 quemadmodum
1212 5141 1300 5196 illa
1327 5141 1486 5196 simul
1516 5143 1682 5210 coire,
1713 5143 1978 5214 simulque
2013 5145 2062 5197 in

486 5240 675 5293 eodem
721 5236 961 5305 subjecto
1001 5235 1301 5290 subsistere
1345 5247 1650 5303 nequeunt,
1689 5237 1759 5290 ita
1802 5235 1971 5290 Filius
2012 5247 2067 5291 et

486 5329 650 5384 Pater
692 5345 752 5384 se
797 5330 995 5384 habent
1037 5343 1052 5380 :
1108 5345 1126 5378 ι
1181 5326 1318 5381 Ecce
1363 5327 1538 5394 enim,
1568 5328 1740 5398 inquit
1778 5327 2061 5394 Christus,

488 5423 764 5475 veniemus
805 5434 907 5486 ego
943 5429 998 5474 et
1036 5417 1215 5484 Pater,
1245 5426 1298 5473 et
1332 5418 1384 5471 in
1419 5419 1536 5488 ipso
1575 5419 1999 5474 manebimus“.
2039 5438 2057 5470 ι

486 5511 593 5565 Sed
636 5527 808 5579 neque
853 5513 926 5565 ita
973 5513 1149 5566 media
1183 5526 1270 5566 res
1306 5510 1409 5567 erit
1443 5509 1607 5566 Pater
1643 5515 1707 5565 ad
1745 5511 1972 5578 Filium,
2008 5524 2063 5568 ut

479 5600 710 5666 iustitia.
742 5600 924 5671 Neque
950 5603 1093 5657 enim
1125 5602 1304 5656 minus
1334 5603 1437 5657 erit
1464 5601 1646 5667 Pater,
1676 5601 1856 5666 Pater,
1888 5618 2060 5672 neque

560 5753 604 5785 ”
640 5757 792 5812 Joan.
826 5777 931 5820 xw.
967 5763 1017 5815 9.
1099 5761 1143 5791 “
1176 5761 1308 5814 Ibid.
1345 5761 1437 5813 ‘25.

2177 4598 2474 4668 ὁμοιότητα
2523 4598 2623 4666 τῆς
2675 4597 2841 4652 αὑτοῦ
2887 4600 3075 4662 οὐσίας
3122 4599 3465 4670 ὑπάρχοντας
3525 4601 3643 4652 Ἐτι
3701 4617 3765 4653 τε

2178 4689 2315 4758 πρὸς
2349 4689 2542 4760 τούτῳ,
2579 4691 2698 4742 οὐδὲ
2727 4692 2802 4754 ὼς
2835 4692 3077 4746 ἐναντίον
3111 4692 3219 4759 ἕξει
3249 4711 3301 4746 τι
3333 4693 3468 4764 πρὸς
3510 4693 3600 4744 τὸν
3631 4693 3766 4746 Υίὸν

2175 4781 2203 4832 6
2227 4779 2435 4850 Πατὴρ,
2461 4781 2535 4842 ὡς
2565 4780 2633 4832 τὰ
2654 4782 2833 4851 ἄμεσα
2863 4782 3188 4852 καλούμενα.
3221 4783 3296 4836 Οὐ
3327 4783 3436 4853 γὰρ
3475 4783 3551 4846 ὡς
3579 4783 3764 4850 ὑγίεια

2174 4870 2267 4922 καὶ
2305 4870 2458 4931 νόσος
2505 4870 2755 4940 ἀλλήλοις
2785 4871 3148 4926 ἀντίκεινται·
3184 4873 3306 4925 οὐδὲ
3358 4872 3547 4943 ὥσπερ
3594 4873 3652 4924 ἐν
3704 4891 3760 4926 τι.

2173 4962 2390 5015 πάντων
2414 4961 2521 5014 τῶν
2543 4962 2851 5032 εἰρημένων
2880 4963 2938 5014 ἐν
2961 4962 3270 5034 ἀνθρώποις
3299 4963 3569 5027 σώζεσθαι
3599 4967 3626 5016 6
3645 4965 3758 5017 τῶν

2172 5054 2516 5124 πραγμάτων
2575 5055 2878 5122 ἀναγκάσει
2911 5055 3090 5124 λόγος,
3116 5054 3260 5108 οὕτω
3287 5057 3381 5108 καὶ
3415 5056 3508 5108 ἐπὶ
3540 5055 3756 5124 Πατρός

2171 5145 2267 5198 καὶ
2298 5145 2450 5200 Υίοῦ.
2489 5147 2720 5199 Ἐνοικεῖ
2749 5145 2857 5216 γάρ
2885 5162 3027 5200 τισιν
3054 5147 3081 5199 ό
3107 5145 3319 5216 Πατὴρ,
3355 5147 3552 5200 ἐνοικεῖ
3574 5146 3629 5200 δὲ
3657 5148 3754 5198 καὶ

2170 5239 2198 5290 6
2236 5237 2381 5301 Υἱός.
2414 5238 2524 5291 Καὶ
2548 5236 2892 5308 οὑλ-καθάπερ
2924 5237 3106 5292 ἐκεῖνα
3133 5239 3212 5300 είς
3233 5237 3429 5292 ταυτὸν
3456 5235 3754 5307 ἀσύμϐατά

2170 5347 2228 5380 τε
2276 5330 2371 5382 καὶ
2410 5327 2809 5397 ἁσυνύπαρκτά
2847 5328 3015 5392 ἐστιν,
3047 5328 3191 5382 οὕτω
3220 5329 3313 5382 καὶ
3359 5331 3388 5381 6
3419 5328 3546 5390 Υἱὸς
3592 5327 3684 5379 καὶ
3724 5329 3754 5380 6

2172 5421 2399 5490 Πατήρ·
2439 5439 2458 5470 ι
2511 5419 2641 5472 Ἰδοὺ
2677 5418 2805 5489 γὰρ,
2859 5419 3024 5489 φησὶν
3065 5421 3093 5471 ό
3139 5418 3393 5488 Χριστὸς,
3442 5415 3748 5470 εἰσελευσό-

2173 5511 2312 5579 μεθα
2343 5509 2454 5578 ἐγὼ
2487 5510 2583 5563 καὶ
2610 5511 2637 5561 ὁ
2677 5511 2884 5581 Πατὴρ.
2916 5510 3008 5562 καὶ
3037 5509 3212 5579 ’μονὴν
3241 5508 3370 5579 παρ’
3394 5506 3541 5576 αὐτῷ
3587 5507 3749 5574 ποιήυ

2171 5617 2354 5670 σομεν.
2407 5621 2423 5652 ι
2480 5601 2618 5655 Ἀλλ’
2666 5601 2784 5653 οὐδὲ
2820 5601 2990 5664 οὕτως
3029 5600 3269 5671 ἔμμεσον
3315 5599 3465 5652 ἔσται
3512 5600 3744 5670 πρᾶγμα
