  <div class='ocr_page' id='page_1' title='image "/cluster/home/n/w/nwhite01/storage/ocr_20150623/75:no.8/coo.31924054869767/063.png"; bbox 0 0 4106 6460; ppageno 0'>
   <div class='ocr_carea' id='block_1_1' title="bbox 552 297 2108 368">
    <p class='ocr_par' dir='ltr' id='par_1_1' title="bbox 552 298 2108 356">
     <span class='ocr_line' id='line_1_1' title="bbox 552 298 2108 356; baseline -0.003 -1"><span class='ocrx_word' id='word_1_1' title='bbox 552 301 650 356; x_wconf 75' lang='lat' dir='ltr'><strong>Ili</strong></span> <span class='ocrx_word' id='word_1_2' title='bbox 1587 299 1644 350; x_wconf 67' lang='grc' dir='ltr'>δ.</span> <span class='ocrx_word' id='word_1_3' title='bbox 1687 299 1964 351; x_wconf 61' lang='grc' dir='ltr'>ωιιιωιι</span> <span class='ocrx_word' id='word_1_4' title='bbox 2006 298 2108 351; x_wconf 77' lang='lat' dir='ltr'><strong>ALI</strong></span> 
     </span>
    </p>
   </div>
   <div class='ocr_carea' id='block_1_2' title="bbox 2207 297 3819 368">
    <p class='ocr_par' dir='ltr' id='par_1_2' title="bbox 2207 297 3819 368">
     <span class='ocr_line' id='line_1_2' title="bbox 2207 297 3819 368; baseline 0.012 -20"><span class='ocrx_word' id='word_1_5' title='bbox 2207 297 2469 350; x_wconf 52' lang='lat' dir='ltr'><strong>\‘ADIHM</strong></span> <span class='ocrx_word' id='word_1_6' title='bbox 2505 299 2827 357; x_wconf 74' lang='lat' dir='ltr'><strong>AHCIIIEP.</strong></span> <span class='ocrx_word' id='word_1_7' title='bbox 3721 316 3819 368; x_wconf 67' lang='lat' dir='ltr'><strong>H&#39;.’</strong></span> 
     </span>
    </p>
   </div>
   <div class='ocr_carea' id='block_1_3' title="bbox 549 417 2108 500">
    <p class='ocr_par' dir='ltr' id='par_1_3' title="bbox 549 419 2105 490">
     <span class='ocr_line' id='line_1_3' title="bbox 549 419 2105 490; baseline -0.005 -11"><span class='ocrx_word' id='word_1_8' title='bbox 549 422 891 479; x_wconf 78' lang='lat' dir='ltr'><strong>accumulant</strong></span> <span class='ocrx_word' id='word_1_9' title='bbox 922 439 934 476; x_wconf 90' lang='lat'><strong>:</strong></span> <span class='ocrx_word' id='word_1_10' title='bbox 971 434 1090 490; x_wconf 60' lang='lat' dir='ltr'><strong>qum</strong></span> <span class='ocrx_word' id='word_1_11' title='bbox 1122 420 1256 475; x_wconf 88' lang='lat' dir='ltr'><strong>adeo</strong></span> <span class='ocrx_word' id='word_1_12' title='bbox 1286 427 1528 475; x_wconf 90' lang='lat' dir='ltr'><strong>atrocem</strong></span> <span class='ocrx_word' id='word_1_13' title='bbox 1559 419 1953 488; x_wconf 79' lang='lat' dir='ltr'><strong>blasphemiam</strong></span> <span class='ocrx_word' id='word_1_14' title='bbox 1991 419 2042 472; x_wconf 92' lang='lat' dir='ltr'><strong>in</strong></span> <span class='ocrx_word' id='word_1_15' title='bbox 2081 433 2105 471; x_wconf 90' lang='lat' dir='ltr'><strong>s</strong></span> 
     </span>
    </p>
   </div>
   <div class='ocr_carea' id='block_1_4' title="bbox 2207 417 3817 500">
    <p class='ocr_par' dir='ltr' id='par_1_4' title="bbox 2207 417 3817 500">
     <span class='ocr_line' id='line_1_4' title="bbox 2207 417 3817 500; baseline 0.011 -31"><span class='ocrx_word' id='word_1_16' title='bbox 2207 466 2212 479; x_wconf 72' lang='lat'><em>_</em></span> <span class='ocrx_word' id='word_1_17' title='bbox 2244 417 2358 488; x_wconf 84' lang='grc' dir='ltr'>ἔχει</span> <span class='ocrx_word' id='word_1_18' title='bbox 2395 419 2492 490; x_wconf 78' lang='grc' dir='ltr'><strong>τὴν</strong></span> <span class='ocrx_word' id='word_1_19' title='bbox 2526 419 2860 493; x_wconf 79' lang='grc' dir='ltr'><strong>δυσφημίαν,</strong></span> <span class='ocrx_word' id='word_1_20' title='bbox 2896 425 2970 488; x_wconf 84' lang='grc' dir='ltr'>ὡς</span> <span class='ocrx_word' id='word_1_21' title='bbox 3010 426 3171 479; x_wconf 81' lang='grc' dir='ltr'>παντί</span> <span class='ocrx_word' id='word_1_22' title='bbox 3200 445 3276 498; x_wconf 82' lang='grc' dir='ltr'>τῳ</span> <span class='ocrx_word' id='word_1_23' title='bbox 3306 427 3559 496; x_wconf 81' lang='grc' dir='ltr'>γενέσθαι</span> <span class='ocrx_word' id='word_1_24' title='bbox 3590 438 3817 500; x_wconf 72' lang='grc' dir='ltr'>φευκτά.</span> 
     </span>
    </p>
   </div>
   <div class='ocr_carea' id='block_1_5' title="bbox 544 510 2126 581">
    <p class='ocr_par' dir='ltr' id='par_1_5' title="bbox 544 510 2126 581">
     <span class='ocr_line' id='line_1_5' title="bbox 544 510 2126 581; baseline -0.005 -8"><span class='ocrx_word' id='word_1_25' title='bbox 544 516 856 581; x_wconf 80' lang='lat' dir='ltr'><strong>continent,</strong></span> <span class='ocrx_word' id='word_1_26' title='bbox 891 524 950 569; x_wconf 88' lang='lat' dir='ltr'><strong>ut</strong></span> <span class='ocrx_word' id='word_1_27' title='bbox 1000 516 1197 567; x_wconf 86' lang='lat' dir='ltr'><strong>merito</strong></span> <span class='ocrx_word' id='word_1_28' title='bbox 1238 513 1487 567; x_wconf 87' lang='lat' dir='ltr'><strong>omnibus</strong></span> <span class='ocrx_word' id='word_1_29' title='bbox 1531 512 1859 566; x_wconf 76' lang='lat' dir='ltr'><strong>exsecranda</strong></span> <span class='ocrx_word' id='word_1_30' title='bbox 1907 514 2034 565; x_wconf 87' lang='lat' dir='ltr'><strong>sint.</strong></span> <span class='ocrx_word' id='word_1_31' title='bbox 2071 510 2126 565; x_wconf 84' lang='lat' dir='ltr'><strong>Si</strong></span> 
     </span>
    </p>
   </div>
   <div class='ocr_carea' id='block_1_6' title="bbox 545 602 2129 681">
    <p class='ocr_par' dir='ltr' id='par_1_6' title="bbox 545 602 2129 681">
     <span class='ocr_line' id='line_1_6' title="bbox 545 602 2129 681; baseline -0.004 -18"><span class='ocrx_word' id='word_1_32' title='bbox 545 624 677 681; x_wconf 72' lang='lat' dir='ltr'><strong>ergo</strong></span> <span class='ocrx_word' id='word_1_33' title='bbox 704 623 822 663; x_wconf 85' lang='lat' dir='ltr'><strong>eam</strong></span> <span class='ocrx_word' id='word_1_34' title='bbox 854 622 976 676; x_wconf 73' lang='lat' dir='ltr'><strong>qua:</strong></span> <span class='ocrx_word' id='word_1_35' title='bbox 1009 607 1060 660; x_wconf 91' lang='lat' dir='ltr'><strong>in</strong></span> <span class='ocrx_word' id='word_1_36' title='bbox 1095 607 1252 660; x_wconf 86' lang='lat' dir='ltr'><strong>dictis</strong></span> <span class='ocrx_word' id='word_1_37' title='bbox 1288 619 1473 660; x_wconf 89' lang='lat' dir='ltr'><strong>eorum</strong></span> <span class='ocrx_word' id='word_1_38' title='bbox 1508 612 1590 657; x_wconf 90' lang='lat' dir='ltr'><strong>est</strong></span> <span class='ocrx_word' id='word_1_39' title='bbox 1624 602 2007 657; x_wconf 83' lang='lat' dir='ltr'><strong>absurditatem</strong></span> <span class='ocrx_word' id='word_1_40' title='bbox 2037 604 2129 656; x_wconf 89' lang='lat' dir='ltr'><strong>de-</strong></span> 
     </span>
    </p>
   </div>
   <div class='ocr_carea' id='block_1_7' title="bbox 554 695 2127 765">
    <p class='ocr_par' dir='ltr' id='par_1_7' title="bbox 554 695 2127 765">
     <span class='ocr_line' id='line_1_7' title="bbox 554 695 2127 765; baseline -0.004 -10"><span class='ocrx_word' id='word_1_41' title='bbox 554 700 741 757; x_wconf 85' lang='lat' dir='ltr'><strong>testari</strong></span> <span class='ocrx_word' id='word_1_42' title='bbox 778 698 1068 762; x_wconf 77' lang='lat' dir='ltr'><strong>convenit,</strong></span> <span class='ocrx_word' id='word_1_43' title='bbox 1107 711 1445 765; x_wconf 83' lang='lat' dir='ltr'><strong>consequens</strong></span> <span class='ocrx_word' id='word_1_44' title='bbox 1487 706 1572 750; x_wconf 82' lang='lat' dir='ltr'><strong>est</strong></span> <span class='ocrx_word' id='word_1_45' title='bbox 1602 704 1659 748; x_wconf 93' lang='lat' dir='ltr'><strong>ut</strong></span> <span class='ocrx_word' id='word_1_46' title='bbox 1689 695 1976 749; x_wconf 87' lang='lat' dir='ltr'><strong>credamus</strong></span> <span class='ocrx_word' id='word_1_47' title='bbox 2021 710 2127 748; x_wconf 90' lang='lat' dir='ltr'><strong>non</strong></span> 
     </span>
    </p>
   </div>
   <div class='ocr_carea' id='block_1_8' title="bbox 546 783 2126 852">
    <p class='ocr_par' dir='ltr' id='par_1_8' title="bbox 546 783 2126 852">
     <span class='ocr_line' id='line_1_8' title="bbox 546 783 2126 852; baseline -0.005 -8"><span class='ocrx_word' id='word_1_48' title='bbox 546 791 788 845; x_wconf 86' lang='lat' dir='ltr'><strong>additum</strong></span> <span class='ocrx_word' id='word_1_49' title='bbox 824 801 947 842; x_wconf 81' lang='lat' dir='ltr'><strong>esse</strong></span> <span class='ocrx_word' id='word_1_50' title='bbox 982 786 1177 841; x_wconf 85' lang='lat' dir='ltr'><strong>Filium</strong></span> <span class='ocrx_word' id='word_1_51' title='bbox 1211 783 1387 847; x_wconf 87' lang='lat' dir='ltr'><strong>Patri,</strong></span> <span class='ocrx_word' id='word_1_52' title='bbox 1419 784 1512 837; x_wconf 90' lang='lat' dir='ltr'><strong>sed</strong></span> <span class='ocrx_word' id='word_1_53' title='bbox 1550 797 1765 852; x_wconf 86' lang='lat' dir='ltr'><strong>semper</strong></span> <span class='ocrx_word' id='word_1_54' title='bbox 1799 792 2126 837; x_wconf 68' lang='lat' dir='ltr'><strong>coaeternum</strong></span> 
     </span>
    </p>
   </div>
   <div class='ocr_carea' id='block_1_9' title="bbox 544 873 2127 952">
    <p class='ocr_par' dir='ltr' id='par_1_9' title="bbox 544 873 2127 952">
     <span class='ocr_line' id='line_1_9' title="bbox 544 873 2127 952; baseline -0.008 -14"><span class='ocrx_word' id='word_1_55' title='bbox 544 898 610 938; x_wconf 80' lang='lat' dir='ltr'><strong>ex</strong></span> <span class='ocrx_word' id='word_1_56' title='bbox 642 882 756 952; x_wconf 86' lang='lat' dir='ltr'><strong>ipso</strong></span> <span class='ocrx_word' id='word_1_57' title='bbox 779 877 1052 936; x_wconf 81' lang='lat' dir='ltr'><strong>fuisse.Et</strong></span> <span class='ocrx_word' id='word_1_58' title='bbox 1072 876 1549 946; x_wconf 81' lang='lat' dir='ltr'><strong>quemadmodum,</strong></span> <span class='ocrx_word' id='word_1_59' title='bbox 1570 875 1614 930; x_wconf 89' lang='lat' dir='ltr'><strong>si</strong></span> <span class='ocrx_word' id='word_1_60' title='bbox 1645 874 1857 928; x_wconf 84' lang='lat' dir='ltr'><strong>additus</strong></span> <span class='ocrx_word' id='word_1_61' title='bbox 1880 873 1999 939; x_wconf 83' lang='lat' dir='ltr'><strong>fuit,</strong></span> <span class='ocrx_word' id='word_1_62' title='bbox 2022 887 2127 926; x_wconf 90' lang='lat' dir='ltr'><strong>non</strong></span> 
     </span>
    </p>
   </div>
   <div class='ocr_carea' id='block_1_10' title="bbox 543 964 2127 1031">
    <p class='ocr_par' dir='ltr' id='par_1_10' title="bbox 543 964 2127 1031">
     <span class='ocr_line' id='line_1_10' title="bbox 543 964 2127 1031; baseline -0.008 -1"><span class='ocrx_word' id='word_1_63' title='bbox 543 983 664 1029; x_wconf 87' lang='lat' dir='ltr'><strong>erat</strong></span> <span class='ocrx_word' id='word_1_64' title='bbox 697 968 1179 1027; x_wconf 81' lang='lat' dir='ltr'><strong>consubstantialis</strong></span> <span class='ocrx_word' id='word_1_65' title='bbox 1216 987 1230 1022; x_wconf 84' lang='lat'><strong>:</strong></span> <span class='ocrx_word' id='word_1_66' title='bbox 1268 967 1345 1022; x_wconf 87' lang='lat' dir='ltr'><strong>ita</strong></span> <span class='ocrx_word' id='word_1_67' title='bbox 1380 966 1580 1031; x_wconf 82' lang='lat' dir='ltr'><strong>etiam,</strong></span> <span class='ocrx_word' id='word_1_68' title='bbox 1616 980 1738 1020; x_wconf 89' lang='lat' dir='ltr'><strong>cum</strong></span> <span class='ocrx_word' id='word_1_69' title='bbox 1775 964 1988 1018; x_wconf 86' lang='lat' dir='ltr'><strong>additus</strong></span> <span class='ocrx_word' id='word_1_70' title='bbox 2021 978 2127 1018; x_wconf 90' lang='lat' dir='ltr'><strong>non</strong></span> 
     </span>
    </p>
   </div>
   <div class='ocr_carea' id='block_1_11' title="bbox 544 1056 2126 1131">
    <p class='ocr_par' dir='ltr' id='par_1_11' title="bbox 544 1056 2126 1131">
     <span class='ocr_line' id='line_1_11' title="bbox 544 1056 2126 1131; baseline -0.006 -11"><span class='ocrx_word' id='word_1_71' title='bbox 544 1065 724 1129; x_wconf 80' lang='lat' dir='ltr'><strong>fuerit,</strong></span> <span class='ocrx_word' id='word_1_72' title='bbox 754 1062 849 1119; x_wconf 85' lang='lat' dir='ltr'><strong>sed</strong></span> <span class='ocrx_word' id='word_1_73' title='bbox 878 1074 1095 1130; x_wconf 86' lang='lat' dir='ltr'><strong>semper</strong></span> <span class='ocrx_word' id='word_1_74' title='bbox 1123 1075 1245 1114; x_wconf 86' lang='lat' dir='ltr'><strong>cum</strong></span> <span class='ocrx_word' id='word_1_75' title='bbox 1274 1060 1389 1131; x_wconf 82' lang='lat' dir='ltr'><strong>ipso</strong></span> <span class='ocrx_word' id='word_1_76' title='bbox 1408 1056 1696 1123; x_wconf 73' lang='lat' dir='ltr'><strong>exstiterit,</strong></span> <span class='ocrx_word' id='word_1_77' title='bbox 1716 1057 1936 1112; x_wconf 87' lang='lat' dir='ltr'><strong>omnino</strong></span> <span class='ocrx_word' id='word_1_78' title='bbox 1966 1056 2126 1111; x_wconf 84' lang='lat' dir='ltr'><strong>etiam</strong></span> 
     </span>
    </p>
   </div>
   <div class='ocr_carea' id='block_1_12' title="bbox 541 1151 1242 1212">
    <p class='ocr_par' dir='ltr' id='par_1_12' title="bbox 541 1151 1242 1212">
     <span class='ocr_line' id='line_1_12' title="bbox 541 1151 1242 1212; baseline -0.006 -1"><span class='ocrx_word' id='word_1_79' title='bbox 541 1151 1025 1212; x_wconf 82' lang='lat' dir='ltr'><strong>consubstantialis</strong></span> <span class='ocrx_word' id='word_1_80' title='bbox 1056 1152 1104 1207; x_wconf 90' lang='lat' dir='ltr'><strong>ei</strong></span> <span class='ocrx_word' id='word_1_81' title='bbox 1139 1161 1242 1207; x_wconf 88' lang='lat' dir='ltr'><strong>est.</strong></span> 
     </span>
    </p>
   </div>
   <div class='ocr_carea' id='block_1_13' title="bbox 1218 1265 1428 1322">
    <p class='ocr_par' dir='ltr' id='par_1_13' title="bbox 1218 1265 1428 1322">
     <span class='ocr_line' id='line_1_13' title="bbox 1218 1265 1428 1322; baseline -0.01 -2"><span class='ocrx_word' id='word_1_82' title='bbox 1218 1265 1428 1322; x_wconf 87' lang='lat' dir='ltr'><strong>ALIUD</strong></span> 
     </span>
    </p>
   </div>
   <div class='ocr_carea' id='block_1_14' title="bbox 606 1374 2124 1450">
    <p class='ocr_par' dir='ltr' id='par_1_14' title="bbox 606 1374 2124 1450">
     <span class='ocr_line' id='line_1_14' title="bbox 606 1374 2124 1450; baseline -0.005 -14"><span class='ocrx_word' id='word_1_83' title='bbox 606 1379 848 1436; x_wconf 82' lang='lat' dir='ltr'><strong>Tametsi</strong></span> <span class='ocrx_word' id='word_1_84' title='bbox 883 1378 1067 1450; x_wconf 88' lang='lat' dir='ltr'><strong>aliquo</strong></span> <span class='ocrx_word' id='word_1_85' title='bbox 1101 1378 1257 1443; x_wconf 85' lang='lat' dir='ltr'><strong>modo</strong></span> <span class='ocrx_word' id='word_1_86' title='bbox 1288 1377 1503 1431; x_wconf 81' lang='lat' dir='ltr'><strong>ditferat</strong></span> <span class='ocrx_word' id='word_1_87' title='bbox 1534 1374 1705 1430; x_wconf 86' lang='lat' dir='ltr'><strong>Filius</strong></span> <span class='ocrx_word' id='word_1_88' title='bbox 1739 1390 1766 1427; x_wconf 90' lang='lat' dir='ltr'><strong>a</strong></span> <span class='ocrx_word' id='word_1_89' title='bbox 1801 1389 1902 1430; x_wconf 87' lang='lat' dir='ltr'><strong>suo</strong></span> <span class='ocrx_word' id='word_1_90' title='bbox 1933 1374 2124 1440; x_wconf 83' lang='lat' dir='ltr'><strong>Patre,</strong></span> 
     </span>
    </p>
   </div>
   <div class='ocr_carea' id='block_1_15' title="bbox 536 1465 2127 1538">
    <p class='ocr_par' dir='ltr' id='par_1_15' title="bbox 536 1465 2127 1538">
     <span class='ocr_line' id='line_1_15' title="bbox 536 1465 2127 1538; baseline -0.003 -13"><span class='ocrx_word' id='word_1_91' title='bbox 536 1487 597 1526; x_wconf 88' lang='lat' dir='ltr'><strong>ea</strong></span> <span class='ocrx_word' id='word_1_92' title='bbox 632 1472 888 1526; x_wconf 82' lang='lat' dir='ltr'><strong>nimirum</strong></span> <span class='ocrx_word' id='word_1_93' title='bbox 919 1471 1132 1525; x_wconf 88' lang='lat' dir='ltr'><strong>ratione</strong></span> <span class='ocrx_word' id='word_1_94' title='bbox 1156 1484 1260 1538; x_wconf 88' lang='lat' dir='ltr'><strong>qua</strong></span> <span class='ocrx_word' id='word_1_95' title='bbox 1289 1467 1453 1522; x_wconf 85' lang='lat' dir='ltr'><strong>Pater</strong></span> <span class='ocrx_word' id='word_1_96' title='bbox 1476 1467 1801 1537; x_wconf 82' lang='lat' dir='ltr'><strong>principium</strong></span> <span class='ocrx_word' id='word_1_97' title='bbox 1831 1475 1937 1530; x_wconf 84' lang='lat' dir='ltr'><strong>est,</strong></span> <span class='ocrx_word' id='word_1_98' title='bbox 1957 1465 2127 1520; x_wconf 86' lang='lat' dir='ltr'><strong>Filius</strong></span> 
     </span>
    </p>
   </div>
   <div class='ocr_carea' id='block_1_16' title="bbox 538 1559 2127 1633">
    <p class='ocr_par' dir='ltr' id='par_1_16' title="bbox 538 1559 2127 1633">
     <span class='ocr_line' id='line_1_16' title="bbox 538 1559 2127 1633; baseline -0.004 -15"><span class='ocrx_word' id='word_1_99' title='bbox 538 1574 718 1619; x_wconf 87' lang='lat' dir='ltr'><strong>autem</strong></span> <span class='ocrx_word' id='word_1_100' title='bbox 749 1579 813 1619; x_wconf 77' lang='lat' dir='ltr'><strong>ex</strong></span> <span class='ocrx_word' id='word_1_101' title='bbox 847 1563 1133 1633; x_wconf 84' lang='lat' dir='ltr'><strong>principio,</strong></span> <span class='ocrx_word' id='word_1_102' title='bbox 1161 1576 1266 1616; x_wconf 92' lang='lat' dir='ltr'><strong>non</strong></span> <span class='ocrx_word' id='word_1_103' title='bbox 1298 1570 1479 1615; x_wconf 88' lang='lat' dir='ltr'><strong>tamen</strong></span> <span class='ocrx_word' id='word_1_104' title='bbox 1508 1560 1712 1614; x_wconf 89' lang='lat' dir='ltr'><strong>idcirco</strong></span> <span class='ocrx_word' id='word_1_105' title='bbox 1738 1559 1879 1612; x_wconf 91' lang='lat' dir='ltr'><strong>idem</strong></span> <span class='ocrx_word' id='word_1_106' title='bbox 1913 1574 2033 1613; x_wconf 87' lang='lat' dir='ltr'><strong>cum</strong></span> <span class='ocrx_word' id='word_1_107' title='bbox 2060 1572 2127 1612; x_wconf 93' lang='lat' dir='ltr'><strong>eo</strong></span> 
     </span>
    </p>
   </div>
   <div class='ocr_carea' id='block_1_17' title="bbox 536 1647 2123 1717">
    <p class='ocr_par' dir='ltr' id='par_1_17' title="bbox 536 1647 2123 1717">
     <span class='ocr_line' id='line_1_17' title="bbox 536 1647 2123 1717; baseline -0.006 -8"><span class='ocrx_word' id='word_1_108' title='bbox 536 1665 588 1709; x_wconf 81' lang='lat' dir='ltr'><strong>et</strong></span> <span class='ocrx_word' id='word_1_109' title='bbox 620 1652 1117 1709; x_wconf 87' lang='lat' dir='ltr'><strong>consubstantialis</strong></span> <span class='ocrx_word' id='word_1_110' title='bbox 1150 1666 1273 1705; x_wconf 87' lang='lat' dir='ltr'><strong>esse</strong></span> <span class='ocrx_word' id='word_1_111' title='bbox 1306 1651 1538 1705; x_wconf 88' lang='lat' dir='ltr'><strong>desinet.</strong></span> <span class='ocrx_word' id='word_1_112' title='bbox 1573 1647 1755 1717; x_wconf 82' lang='lat' dir='ltr'><strong>Neque</strong></span> <span class='ocrx_word' id='word_1_113' title='bbox 1790 1649 1931 1701; x_wconf 81' lang='lat' dir='ltr'><strong>enim</strong></span> <span class='ocrx_word' id='word_1_114' title='bbox 1963 1648 2123 1716; x_wconf 90' lang='lat' dir='ltr'><strong>quid-</strong></span> 
     </span>
    </p>
   </div>
   <div class='ocr_carea' id='block_1_18' title="bbox 535 1738 2123 1814">
    <p class='ocr_par' dir='ltr' id='par_1_18' title="bbox 535 1738 2123 1814">
     <span class='ocr_line' id='line_1_18' title="bbox 535 1738 2123 1814; baseline -0.005 -17"><span class='ocrx_word' id='word_1_115' title='bbox 535 1760 698 1814; x_wconf 87' lang='lat' dir='ltr'><strong>quam</strong></span> <span class='ocrx_word' id='word_1_116' title='bbox 733 1743 897 1797; x_wconf 79' lang='lat' dir='ltr'><strong>fuerit</strong></span> <span class='ocrx_word' id='word_1_117' title='bbox 923 1751 1253 1797; x_wconf 69' lang='lat' dir='ltr'><strong>comternum</strong></span> <span class='ocrx_word' id='word_1_118' title='bbox 1284 1738 1466 1807; x_wconf 80' lang='lat' dir='ltr'><strong>Patri,</strong></span> <span class='ocrx_word' id='word_1_119' title='bbox 1495 1739 1635 1808; x_wconf 87' lang='lat' dir='ltr'><strong>quod</strong></span> <span class='ocrx_word' id='word_1_120' title='bbox 1667 1753 1731 1792; x_wconf 70' lang='lat' dir='ltr'><strong>es</strong></span> <span class='ocrx_word' id='word_1_121' title='bbox 1763 1739 1877 1807; x_wconf 90' lang='lat' dir='ltr'><strong>ipso</strong></span> <span class='ocrx_word' id='word_1_122' title='bbox 1906 1747 2123 1790; x_wconf 88' lang='lat' dir='ltr'><strong>natura-</strong></span> 
     </span>
    </p>
   </div>
   <div class='ocr_carea' id='block_1_19' title="bbox 536 1828 2120 1899">
    <p class='ocr_par' dir='ltr' id='par_1_19' title="bbox 536 1828 2120 1899">
     <span class='ocr_line' id='line_1_19' title="bbox 536 1828 2120 1899; baseline -0.006 -8"><span class='ocrx_word' id='word_1_123' title='bbox 536 1836 658 1892; x_wconf 89' lang='lat' dir='ltr'><strong>liter</strong></span> <span class='ocrx_word' id='word_1_124' title='bbox 685 1851 791 1891; x_wconf 90' lang='lat' dir='ltr'><strong>non</strong></span> <span class='ocrx_word' id='word_1_125' title='bbox 824 1834 1013 1899; x_wconf 82' lang='lat' dir='ltr'><strong>fuerit;</strong></span> <span class='ocrx_word' id='word_1_126' title='bbox 1047 1848 1115 1888; x_wconf 89' lang='lat' dir='ltr'><strong>ne</strong></span> <span class='ocrx_word' id='word_1_127' title='bbox 1147 1833 1311 1887; x_wconf 90' lang='lat' dir='ltr'><strong>etiam</strong></span> <span class='ocrx_word' id='word_1_128' title='bbox 1341 1830 1609 1886; x_wconf 86' lang='lat' dir='ltr'><strong>creaturis</strong></span> <span class='ocrx_word' id='word_1_129' title='bbox 1637 1831 1739 1885; x_wconf 87' lang='lat' dir='ltr'><strong>hoc</strong></span> <span class='ocrx_word' id='word_1_130' title='bbox 1772 1831 1948 1883; x_wconf 89' lang='lat' dir='ltr'><strong>inesse</strong></span> <span class='ocrx_word' id='word_1_131' title='bbox 1974 1828 2120 1882; x_wconf 87' lang='lat' dir='ltr'><strong>dica-</strong></span> 
     </span>
    </p>
   </div>
   <div class='ocr_carea' id='block_1_20' title="bbox 536 1924 2120 2000">
    <p class='ocr_par' dir='ltr' id='par_1_20' title="bbox 536 1924 2120 2000">
     <span class='ocr_line' id='line_1_20' title="bbox 536 1924 2120 2000; baseline -0.008 -15"><span class='ocrx_word' id='word_1_132' title='bbox 536 1946 689 1996; x_wconf 85' lang='lat' dir='ltr'><strong>mus,</strong></span> <span class='ocrx_word' id='word_1_133' title='bbox 722 1930 863 2000; x_wconf 88' lang='lat' dir='ltr'><strong>quod</strong></span> <span class='ocrx_word' id='word_1_134' title='bbox 895 1928 994 1984; x_wconf 91' lang='lat' dir='ltr'><strong>soli</strong></span> <span class='ocrx_word' id='word_1_135' title='bbox 1027 1929 1223 1983; x_wconf 70' lang='lat' dir='ltr'><strong>divina:</strong></span> <span class='ocrx_word' id='word_1_136' title='bbox 1254 1936 1460 1980; x_wconf 81' lang='lat' dir='ltr'><strong>natura:</strong></span> <span class='ocrx_word' id='word_1_137' title='bbox 1492 1926 1652 1981; x_wconf 89' lang='lat' dir='ltr'><strong>inest.</strong></span> <span class='ocrx_word' id='word_1_138' title='bbox 1680 1924 1944 1991; x_wconf 85' lang='lat' dir='ltr'><strong>Quocirca</strong></span> <span class='ocrx_word' id='word_1_139' title='bbox 1981 1931 2120 1974; x_wconf 88' lang='lat' dir='ltr'><strong>tam-</strong></span> 
     </span>
    </p>
   </div>
   <div class='ocr_carea' id='block_1_21' title="bbox 532 2018 2116 2089">
    <p class='ocr_par' dir='ltr' id='par_1_21' title="bbox 532 2018 2116 2089">
     <span class='ocr_line' id='line_1_21' title="bbox 532 2018 2116 2089; baseline -0.007 -11"><span class='ocrx_word' id='word_1_140' title='bbox 532 2023 634 2078; x_wconf 83' lang='lat' dir='ltr'><strong>etsi</strong></span> <span class='ocrx_word' id='word_1_141' title='bbox 660 2022 826 2077; x_wconf 85' lang='lat' dir='ltr'><strong>Filius</strong></span> <span class='ocrx_word' id='word_1_142' title='bbox 844 2019 1065 2076; x_wconf 88' lang='lat' dir='ltr'><strong>Patrem</strong></span> <span class='ocrx_word' id='word_1_143' title='bbox 1087 2036 1242 2074; x_wconf 72' lang='lat' dir='ltr'><strong>suum</strong></span> <span class='ocrx_word' id='word_1_144' title='bbox 1271 2019 1593 2089; x_wconf 85' lang='lat' dir='ltr'><strong>principium</strong></span> <span class='ocrx_word' id='word_1_145' title='bbox 1621 2018 1914 2081; x_wconf 84' lang='lat' dir='ltr'><strong>habeat,ca</strong></span> <span class='ocrx_word' id='word_1_146' title='bbox 1939 2025 2116 2068; x_wconf 86' lang='lat' dir='ltr'><strong>tamen</strong></span> 
     </span>
    </p>
   </div>
   <div class='ocr_carea' id='block_1_22' title="bbox 534 2108 2119 2183">
    <p class='ocr_par' dir='ltr' id='par_1_22' title="bbox 534 2108 2119 2183">
     <span class='ocr_line' id='line_1_22' title="bbox 534 2108 2119 2183; baseline -0.006 -15"><span class='ocrx_word' id='word_1_147' title='bbox 534 2115 741 2168; x_wconf 84' lang='lat' dir='ltr'><strong>ratione</strong></span> <span class='ocrx_word' id='word_1_148' title='bbox 793 2128 898 2183; x_wconf 88' lang='lat' dir='ltr'><strong>qua</strong></span> <span class='ocrx_word' id='word_1_149' title='bbox 953 2128 1019 2166; x_wconf 83' lang='lat' dir='ltr'><strong>ex</strong></span> <span class='ocrx_word' id='word_1_150' title='bbox 1075 2111 1340 2181; x_wconf 89' lang='lat' dir='ltr'><strong>principio</strong></span> <span class='ocrx_word' id='word_1_151' title='bbox 1396 2121 1506 2176; x_wconf 89' lang='lat' dir='ltr'><strong>est,</strong></span> <span class='ocrx_word' id='word_1_152' title='bbox 1560 2124 1774 2177; x_wconf 84' lang='lat' dir='ltr'><strong>unaque</strong></span> <span class='ocrx_word' id='word_1_153' title='bbox 1824 2123 1947 2163; x_wconf 91' lang='lat' dir='ltr'><strong>cum</strong></span> <span class='ocrx_word' id='word_1_154' title='bbox 2004 2108 2119 2176; x_wconf 86' lang='lat' dir='ltr'><strong>ipso</strong></span> 
     </span>
    </p>
   </div>
   <div class='ocr_carea' id='block_1_23' title="bbox 531 2199 2117 2270">
    <p class='ocr_par' dir='ltr' id='par_1_23' title="bbox 531 2199 2117 2270">
     <span class='ocr_line' id='line_1_23' title="bbox 531 2199 2117 2270; baseline -0.006 -12"><span class='ocrx_word' id='word_1_155' title='bbox 531 2205 772 2270; x_wconf 77' lang='lat' dir='ltr'><strong>exsistit,</strong></span> <span class='ocrx_word' id='word_1_156' title='bbox 802 2202 1085 2256; x_wconf 84' lang='lat' dir='ltr'><strong>dissimilis</strong></span> <span class='ocrx_word' id='word_1_157' title='bbox 1117 2200 1167 2255; x_wconf 89' lang='lat' dir='ltr'><strong>ei</strong></span> <span class='ocrx_word' id='word_1_158' title='bbox 1203 2201 1497 2255; x_wconf 86' lang='lat' dir='ltr'><strong>secundum</strong></span> <span class='ocrx_word' id='word_1_159' title='bbox 1531 2199 1821 2253; x_wconf 86' lang='lat' dir='ltr'><strong>essentiam</strong></span> <span class='ocrx_word' id='word_1_160' title='bbox 1855 2213 1977 2250; x_wconf 86' lang='lat' dir='ltr'><strong>esse</strong></span> <span class='ocrx_word' id='word_1_161' title='bbox 2012 2213 2117 2249; x_wconf 84' lang='lat' dir='ltr'><strong>non</strong></span> 
     </span>
    </p>
   </div>
   <div class='ocr_carea' id='block_1_24' title="bbox 531 2289 2114 2364">
    <p class='ocr_par' dir='ltr' id='par_1_24' title="bbox 531 2289 2114 2364">
     <span class='ocr_line' id='line_1_24' title="bbox 531 2289 2114 2364; baseline -0.006 -15"><span class='ocrx_word' id='word_1_162' title='bbox 531 2302 727 2364; x_wconf 83' lang='lat' dir='ltr'><strong>potest.</strong></span> <span class='ocrx_word' id='word_1_163' title='bbox 755 2293 1031 2363; x_wconf 82' lang='lat' dir='ltr'><strong>Siquidem</strong></span> <span class='ocrx_word' id='word_1_164' title='bbox 1058 2292 1184 2361; x_wconf 90' lang='lat' dir='ltr'><strong>quia</strong></span> <span class='ocrx_word' id='word_1_165' title='bbox 1212 2306 1276 2344; x_wconf 83' lang='lat' dir='ltr'><strong>ex</strong></span> <span class='ocrx_word' id='word_1_166' title='bbox 1304 2290 1571 2361; x_wconf 85' lang='lat' dir='ltr'><strong>principio</strong></span> <span class='ocrx_word' id='word_1_167' title='bbox 1594 2300 1696 2353; x_wconf 90' lang='lat' dir='ltr'><strong>est,</strong></span> <span class='ocrx_word' id='word_1_168' title='bbox 1723 2290 1925 2343; x_wconf 89' lang='lat' dir='ltr'><strong>idcirco</strong></span> <span class='ocrx_word' id='word_1_169' title='bbox 1952 2289 2114 2342; x_wconf 86' lang='lat' dir='ltr'><strong>etiam</strong></span> 
     </span>
    </p>
   </div>
   <div class='ocr_carea' id='block_1_25' title="bbox 530 2382 2116 2453">
    <p class='ocr_par' dir='ltr' id='par_1_25' title="bbox 530 2382 2116 2453">
     <span class='ocr_line' id='line_1_25' title="bbox 530 2382 2116 2453; baseline -0.005 -12"><span class='ocrx_word' id='word_1_170' title='bbox 530 2382 1014 2441; x_wconf 79' lang='lat' dir='ltr'><strong>eousubstantialis</strong></span> <span class='ocrx_word' id='word_1_171' title='bbox 1042 2382 1311 2453; x_wconf 88' lang='lat' dir='ltr'><strong>principio</strong></span> <span class='ocrx_word' id='word_1_172' title='bbox 1340 2393 1445 2437; x_wconf 89' lang='lat' dir='ltr'><strong>est.</strong></span> <span class='ocrx_word' id='word_1_173' title='bbox 1473 2382 1525 2435; x_wconf 92' lang='lat' dir='ltr'><strong>Id</strong></span> <span class='ocrx_word' id='word_1_174' title='bbox 1558 2397 1686 2436; x_wconf 79' lang='lat' dir='ltr'><strong>vero</strong></span> <span class='ocrx_word' id='word_1_175' title='bbox 1713 2383 1855 2450; x_wconf 88' lang='lat' dir='ltr'><strong>quod</strong></span> <span class='ocrx_word' id='word_1_176' title='bbox 1887 2382 2116 2433; x_wconf 88' lang='lat' dir='ltr'><strong>consub-</strong></span> 
     </span>
    </p>
   </div>
   <div class='ocr_carea' id='block_1_26' title="bbox 531 2473 2118 2542">
    <p class='ocr_par' dir='ltr' id='par_1_26' title="bbox 531 2473 2118 2542">
     <span class='ocr_line' id='line_1_26' title="bbox 531 2473 2118 2542; baseline -0.006 -9"><span class='ocrx_word' id='word_1_177' title='bbox 531 2476 786 2533; x_wconf 82' lang='lat' dir='ltr'><strong>stantiale</strong></span> <span class='ocrx_word' id='word_1_178' title='bbox 816 2474 966 2529; x_wconf 84' lang='lat' dir='ltr'><strong>Patri</strong></span> <span class='ocrx_word' id='word_1_179' title='bbox 1010 2485 1115 2539; x_wconf 88' lang='lat' dir='ltr'><strong>est,</strong></span> <span class='ocrx_word' id='word_1_180' title='bbox 1162 2475 1452 2529; x_wconf 77' lang='lat' dir='ltr'><strong>ascititium</strong></span> <span class='ocrx_word' id='word_1_181' title='bbox 1496 2490 1604 2528; x_wconf 87' lang='lat' dir='ltr'><strong>non</strong></span> <span class='ocrx_word' id='word_1_182' title='bbox 1656 2485 1762 2539; x_wconf 83' lang='lat' dir='ltr'><strong>est,</strong></span> <span class='ocrx_word' id='word_1_183' title='bbox 1808 2490 1876 2528; x_wconf 87' lang='lat' dir='ltr'><strong>ne</strong></span> <span class='ocrx_word' id='word_1_184' title='bbox 1921 2483 1974 2527; x_wconf 88' lang='lat' dir='ltr'><strong>ct</strong></span> <span class='ocrx_word' id='word_1_185' title='bbox 2008 2473 2118 2542; x_wconf 88' lang='lat' dir='ltr'><strong>ipse</strong></span> 
     </span>
    </p>
   </div>
   <div class='ocr_carea' id='block_1_27' title="bbox 533 2562 1783 2640">
    <p class='ocr_par' dir='ltr' id='par_1_27' title="bbox 533 2562 1783 2640">
     <span class='ocr_line' id='line_1_27' title="bbox 533 2562 1783 2640; baseline -0.003 -18"><span class='ocrx_word' id='word_1_186' title='bbox 533 2568 797 2640; x_wconf 83' lang='lat' dir='ltr'><strong>ejusmodi</strong></span> <span class='ocrx_word' id='word_1_187' title='bbox 829 2582 951 2624; x_wconf 87' lang='lat' dir='ltr'><strong>esse</strong></span> <span class='ocrx_word' id='word_1_188' title='bbox 981 2567 1307 2638; x_wconf 89' lang='lat' dir='ltr'><strong>reperiatur.</strong></span> <span class='ocrx_word' id='word_1_189' title='bbox 1780 2562 1783 2563; x_wconf 58' lang='grc'><strong><em>⁷</em></strong></span> 
     </span>
    </p>
   </div>
   <div class='ocr_carea' id='block_1_28' title="bbox 1212 2657 1437 2713">
    <p class='ocr_par' dir='ltr' id='par_1_28' title="bbox 1212 2657 1437 2713">
     <span class='ocr_line' id='line_1_28' title="bbox 1212 2657 1437 2713; baseline -0.004 0"><span class='ocrx_word' id='word_1_190' title='bbox 1212 2657 1437 2713; x_wconf 76' lang='lat' dir='ltr'><strong>ALIUD.</strong></span> 
     </span>
    </p>
   </div>
   <div class='ocr_carea' id='block_1_29' title="bbox 974 2768 1671 2841">
    <p class='ocr_par' dir='ltr' id='par_1_29' title="bbox 974 2768 1671 2841">
     <span class='ocr_line' id='line_1_29' title="bbox 974 2768 1671 2841; baseline -0.006 -15"><span class='ocrx_word' id='word_1_191' title='bbox 974 2772 1057 2826; x_wconf 77' lang='lat' dir='ltr'><strong>Ea:</strong></span> <span class='ocrx_word' id='word_1_192' title='bbox 1086 2771 1372 2841; x_wconf 79' lang='lat' dir='ltr'><strong>objectioue</strong></span> <span class='ocrx_word' id='word_1_193' title='bbox 1401 2768 1671 2823; x_wconf 73' lang='lat' dir='ltr'><strong>Eunomu.</strong></span> 
     </span>
    </p>
   </div>
   <div class='ocr_carea' id='block_1_30' title="bbox 601 2882 2107 2956">
    <p class='ocr_par' dir='ltr' id='par_1_30' title="bbox 601 2882 2107 2956">
     <span class='ocr_line' id='line_1_30' title="bbox 601 2882 2107 2956; baseline -0.009 -11"><span class='ocrx_word' id='word_1_194' title='bbox 601 2888 720 2945; x_wconf 78' lang='lat' dir='ltr'><strong>Non</strong></span> <span class='ocrx_word' id='word_1_195' title='bbox 747 2887 962 2956; x_wconf 81' lang='lat' dir='ltr'><strong>recipit,</strong></span> <span class='ocrx_word' id='word_1_196' title='bbox 987 2885 1182 2955; x_wconf 87' lang='lat' dir='ltr'><strong>inquit,</strong></span> <span class='ocrx_word' id='word_1_197' title='bbox 1206 2883 1609 2951; x_wconf 81' lang='lat' dir='ltr'><strong>generationem</strong></span> <span class='ocrx_word' id='word_1_198' title='bbox 1640 2882 1816 2935; x_wconf 84' lang='lat' dir='ltr'><strong>Patris</strong></span> <span class='ocrx_word' id='word_1_199' title='bbox 1842 2882 2107 2948; x_wconf 77' lang='lat' dir='ltr'><strong>essentia;</strong></span> 
     </span>
    </p>
   </div>
   <div class='ocr_carea' id='block_1_31' title="bbox 532 2975 2110 3052">
    <p class='ocr_par' dir='ltr' id='par_1_31' title="bbox 532 2975 2110 3052">
     <span class='ocr_line' id='line_1_31' title="bbox 532 2975 2110 3052; baseline -0.006 -14"><span class='ocrx_word' id='word_1_200' title='bbox 532 2983 750 3052; x_wconf 74' lang='lat' dir='ltr'><strong>genitus</strong></span> <span class='ocrx_word' id='word_1_201' title='bbox 795 2991 976 3034; x_wconf 89' lang='lat' dir='ltr'><strong>autem</strong></span> <span class='ocrx_word' id='word_1_202' title='bbox 1027 2985 1110 3032; x_wconf 91' lang='lat' dir='ltr'><strong>est</strong></span> <span class='ocrx_word' id='word_1_203' title='bbox 1152 2976 1338 3030; x_wconf 83' lang='lat' dir='ltr'><strong>Filius.</strong></span> <span class='ocrx_word' id='word_1_204' title='bbox 1372 2976 1486 3041; x_wconf 85' lang='lat' dir='ltr'><strong>Quo</strong></span> <span class='ocrx_word' id='word_1_205' title='bbox 1531 2986 1691 3042; x_wconf 84' lang='lat' dir='ltr'><strong>pacto</strong></span> <span class='ocrx_word' id='word_1_206' title='bbox 1731 2975 1891 3044; x_wconf 79' lang='lat' dir='ltr'><strong>igitur</strong></span> <span class='ocrx_word' id='word_1_207' title='bbox 1935 2977 1982 3029; x_wconf 89' lang='lat' dir='ltr'><strong>is</strong></span> <span class='ocrx_word' id='word_1_208' title='bbox 2021 2978 2110 3044; x_wconf 88' lang='lat' dir='ltr'><strong>qui</strong></span> 
     </span>
    </p>
   </div>
   <div class='ocr_carea' id='block_1_32' title="bbox 533 3065 2112 3147">
    <p class='ocr_par' dir='ltr' id='par_1_32' title="bbox 533 3065 2112 3147">
     <span class='ocr_line' id='line_1_32' title="bbox 533 3065 2112 3147; baseline -0.006 -17"><span class='ocrx_word' id='word_1_209' title='bbox 533 3076 746 3147; x_wconf 81' lang='lat' dir='ltr'><strong>genitus</strong></span> <span class='ocrx_word' id='word_1_210' title='bbox 772 3083 857 3127; x_wconf 91' lang='lat' dir='ltr'><strong>est</strong></span> <span class='ocrx_word' id='word_1_211' title='bbox 877 3071 983 3126; x_wconf 80' lang='lat' dir='ltr'><strong>erit</strong></span> <span class='ocrx_word' id='word_1_212' title='bbox 1012 3068 1496 3125; x_wconf 84' lang='lat' dir='ltr'><strong>consubstantialis</strong></span> <span class='ocrx_word' id='word_1_213' title='bbox 1520 3065 1689 3133; x_wconf 81' lang='lat' dir='ltr'><strong>Patri,</strong></span> <span class='ocrx_word' id='word_1_214' title='bbox 1714 3069 1802 3135; x_wconf 86' lang='lat' dir='ltr'><strong>qui</strong></span> <span class='ocrx_word' id='word_1_215' title='bbox 1834 3083 1939 3120; x_wconf 92' lang='lat' dir='ltr'><strong>uon</strong></span> <span class='ocrx_word' id='word_1_216' title='bbox 1974 3069 2080 3121; x_wconf 88' lang='lat' dir='ltr'><strong>reci</strong></span> <span class='ocrx_word' id='word_1_217' title='bbox 2099 3097 2112 3108; x_wconf 92' lang='lat'><strong>-</strong></span> 
     </span>
    </p>
   </div>
   <div class='ocr_carea' id='block_1_33' title="bbox 524 3162 1073 3238">
    <p class='ocr_par' dir='ltr' id='par_1_33' title="bbox 524 3162 1073 3238">
     <span class='ocr_line' id='line_1_33' title="bbox 524 3162 1073 3238; baseline -0.007 -20"><span class='ocrx_word' id='word_1_218' title='bbox 524 3168 604 3238; x_wconf 86' lang='lat' dir='ltr'><strong>pit</strong></span> <span class='ocrx_word' id='word_1_219' title='bbox 628 3162 1073 3237; x_wconf 61' lang='lat' dir='ltr'><strong>generationem?</strong></span> 
     </span>
    </p>
   </div>
   <div class='ocr_carea' id='block_1_34' title="bbox 1029 3271 1603 3340">
    <p class='ocr_par' dir='ltr' id='par_1_34' title="bbox 1029 3271 1603 3340">
     <span class='ocr_line' id='line_1_34' title="bbox 1029 3271 1603 3340; baseline -0.012 -12"><span class='ocrx_word' id='word_1_220' title='bbox 1029 3272 1247 3328; x_wconf 83' lang='lat' dir='ltr'><strong>&#39;Salttlio</strong></span> <span class='ocrx_word' id='word_1_221' title='bbox 1281 3271 1603 3340; x_wconf 70' lang='lat' dir='ltr'><strong>objectionis.</strong></span> 
     </span>
    </p>
   </div>
   <div class='ocr_carea' id='block_1_35' title="bbox 597 3383 2110 3453">
    <p class='ocr_par' dir='ltr' id='par_1_35' title="bbox 597 3383 2110 3453">
     <span class='ocr_line' id='line_1_35' title="bbox 597 3383 2110 3453; baseline -0.006 -8"><span class='ocrx_word' id='word_1_222' title='bbox 597 3392 788 3445; x_wconf 82' lang='lat' dir='ltr'><strong>Dicant</strong></span> <span class='ocrx_word' id='word_1_223' title='bbox 814 3386 1000 3451; x_wconf 83' lang='lat' dir='ltr'><strong>nobis,</strong></span> <span class='ocrx_word' id='word_1_224' title='bbox 1024 3388 1291 3449; x_wconf 76' lang='lat' dir='ltr'><strong>obsrcro,</strong></span> <span class='ocrx_word' id='word_1_225' title='bbox 1320 3384 1411 3453; x_wconf 89' lang='lat' dir='ltr'><strong>qui</strong></span> <span class='ocrx_word' id='word_1_226' title='bbox 1447 3383 1751 3452; x_wconf 68' lang='lat' dir='ltr'><strong>huiusmodi</strong></span> <span class='ocrx_word' id='word_1_227' title='bbox 1787 3384 1949 3437; x_wconf 86' lang='lat' dir='ltr'><strong>stulte</strong></span> <span class='ocrx_word' id='word_1_228' title='bbox 1983 3398 2110 3448; x_wconf 87' lang='lat' dir='ltr'><strong>pro-</strong></span> 
     </span>
    </p>
   </div>
   <div class='ocr_carea' id='block_1_36' title="bbox 519 3473 2109 3569">
    <p class='ocr_par' dir='ltr' id='par_1_36' title="bbox 519 3473 2109 3569">
     <span class='ocr_line' id='line_1_36' title="bbox 519 3473 2109 3569; baseline -0.01 -26"><span class='ocrx_word' id='word_1_229' title='bbox 519 3487 703 3542; x_wconf 85' lang='lat' dir='ltr'><strong>ferunt</strong></span> <span class='ocrx_word' id='word_1_230' title='bbox 727 3502 741 3538; x_wconf 88' lang='lat'><strong>:</strong></span> <span class='ocrx_word' id='word_1_231' title='bbox 772 3481 828 3536; x_wconf 77' lang='lat' dir='ltr'><strong>Si</strong></span> <span class='ocrx_word' id='word_1_232' title='bbox 863 3497 957 3551; x_wconf 87' lang='lat' dir='ltr'><strong>per</strong></span> <span class='ocrx_word' id='word_1_233' title='bbox 982 3478 1382 3549; x_wconf 80' lang='lat' dir='ltr'><strong>generationem</strong></span> <span class='ocrx_word' id='word_1_234' title='bbox 1407 3477 1619 3569; x_wconf 48' lang='lat' dir='ltr'><strong>tollitur.</strong></span> <span class='ocrx_word' id='word_1_235' title='bbox 1638 3473 2109 3530; x_wconf 74' lang='lat' dir='ltr'><strong>consubstantiali-</strong></span> 
     </span>
    </p>
   </div>
   <div class='ocr_carea' id='block_1_37' title="bbox 524 3566 2105 3647">
    <p class='ocr_par' dir='ltr' id='par_1_37' title="bbox 524 3566 2105 3647">
     <span class='ocr_line' id='line_1_37' title="bbox 524 3566 2105 3647; baseline -0.009 -14"><span class='ocrx_word' id='word_1_236' title='bbox 524 3589 635 3639; x_wconf 78' lang='lat' dir='ltr'><strong>las,</strong></span> <span class='ocrx_word' id='word_1_237' title='bbox 676 3590 772 3647; x_wconf 83' lang='lat' dir='ltr'><strong>per</strong></span> <span class='ocrx_word' id='word_1_238' title='bbox 813 3590 989 3644; x_wconf 84' lang='lat' dir='ltr'><strong>quam.</strong></span> <span class='ocrx_word' id='word_1_239' title='bbox 1031 3586 1141 3625; x_wconf 87' lang='lat' dir='ltr'><strong>rem</strong></span> <span class='ocrx_word' id='word_1_240' title='bbox 1195 3566 1638 3623; x_wconf 62' lang='lat' dir='ltr'><strong>conservabitur&quot;?</strong></span> <span class='ocrx_word' id='word_1_241' title='bbox 1682 3566 1747 3620; x_wconf 86' lang='lat' dir='ltr'><strong>Et</strong></span> <span class='ocrx_word' id='word_1_242' title='bbox 1782 3582 2029 3629; x_wconf 83' lang='lat' dir='ltr'><strong>rursum,</strong></span> <span class='ocrx_word' id='word_1_243' title='bbox 2063 3567 2105 3622; x_wconf 90' lang='lat' dir='ltr'><strong>si</strong></span> 
     </span>
    </p>
   </div>
   <div class='ocr_carea' id='block_1_38' title="bbox 522 3660 2105 3741">
    <p class='ocr_par' dir='ltr' id='par_1_38' title="bbox 522 3660 2105 3741">
     <span class='ocr_line' id='line_1_38' title="bbox 522 3660 2105 3741; baseline -0.009 -16"><span class='ocrx_word' id='word_1_244' title='bbox 522 3671 764 3741; x_wconf 74' lang='lat' dir='ltr'><strong>genitum</strong></span> <span class='ocrx_word' id='word_1_245' title='bbox 793 3682 898 3721; x_wconf 89' lang='lat' dir='ltr'><strong>non</strong></span> <span class='ocrx_word' id='word_1_246' title='bbox 932 3675 1017 3720; x_wconf 84' lang='lat' dir='ltr'><strong>est</strong></span> <span class='ocrx_word' id='word_1_247' title='bbox 1048 3662 1511 3719; x_wconf 86' lang='lat' dir='ltr'><strong>consubstantiale</strong></span> <span class='ocrx_word' id='word_1_248' title='bbox 1546 3660 1782 3731; x_wconf 82' lang='lat' dir='ltr'><strong>genitori</strong></span> <span class='ocrx_word' id='word_1_249' title='bbox 1805 3698 1819 3722; x_wconf 92' lang='lat'><strong>,</strong></span> <span class='ocrx_word' id='word_1_250' title='bbox 1847 3660 2105 3727; x_wconf 79' lang='lat' dir='ltr'><strong>quidnam</strong></span> 
     </span>
    </p>
   </div>
   <div class='ocr_carea' id='block_1_39' title="bbox 523 3752 2107 3822">
    <p class='ocr_par' dir='ltr' id='par_1_39' title="bbox 523 3752 2107 3822">
     <span class='ocr_line' id='line_1_39' title="bbox 523 3752 2107 3822; baseline -0.009 -5"><span class='ocrx_word' id='word_1_251' title='bbox 523 3764 630 3817; x_wconf 85' lang='lat' dir='ltr'><strong>erit</strong></span> <span class='ocrx_word' id='word_1_252' title='bbox 655 3756 1151 3815; x_wconf 73' lang='lat' dir='ltr'><strong>consitbstantiale?</strong></span> <span class='ocrx_word' id='word_1_253' title='bbox 1179 3756 1339 3810; x_wconf 89' lang='lat' dir='ltr'><strong>Certe</strong></span> <span class='ocrx_word' id='word_1_254' title='bbox 1368 3755 1417 3806; x_wconf 88' lang='lat' dir='ltr'><strong>id</strong></span> <span class='ocrx_word' id='word_1_255' title='bbox 1446 3753 1589 3822; x_wconf 88' lang='lat' dir='ltr'><strong>quod</strong></span> <span class='ocrx_word' id='word_1_256' title='bbox 1615 3752 1859 3821; x_wconf 78' lang='lat' dir='ltr'><strong>genitum</strong></span> <span class='ocrx_word' id='word_1_257' title='bbox 1893 3766 1996 3804; x_wconf 86' lang='lat' dir='ltr'><strong>non</strong></span> <span class='ocrx_word' id='word_1_258' title='bbox 2024 3759 2107 3803; x_wconf 88' lang='lat' dir='ltr'><strong>est</strong></span> 
     </span>
    </p>
   </div>
   <div class='ocr_carea' id='block_1_40' title="bbox 520 3841 2107 3910">
    <p class='ocr_par' dir='ltr' id='par_1_40' title="bbox 520 3841 2107 3910">
     <span class='ocr_line' id='line_1_40' title="bbox 520 3841 2107 3910; baseline -0.009 -5"><span class='ocrx_word' id='word_1_259' title='bbox 520 3863 578 3906; x_wconf 89' lang='lat' dir='ltr'><strong>et</strong></span> <span class='ocrx_word' id='word_1_260' title='bbox 604 3850 836 3906; x_wconf 87' lang='lat' dir='ltr'><strong>alienum</strong></span> <span class='ocrx_word' id='word_1_261' title='bbox 863 3855 947 3902; x_wconf 90' lang='lat' dir='ltr'><strong>est</strong></span> <span class='ocrx_word' id='word_1_262' title='bbox 971 3846 1038 3900; x_wconf 88' lang='lat' dir='ltr'><strong>ab</strong></span> <span class='ocrx_word' id='word_1_263' title='bbox 1064 3845 1324 3907; x_wconf 84' lang='lat' dir='ltr'><strong>essentia,</strong></span> <span class='ocrx_word' id='word_1_264' title='bbox 1350 3852 1441 3895; x_wconf 89' lang='lat' dir='ltr'><strong>aut</strong></span> <span class='ocrx_word' id='word_1_265' title='bbox 1476 3843 1526 3895; x_wconf 89' lang='lat' dir='ltr'><strong>id</strong></span> <span class='ocrx_word' id='word_1_266' title='bbox 1552 3841 1694 3910; x_wconf 86' lang='lat' dir='ltr'><strong>quod</strong></span> <span class='ocrx_word' id='word_1_267' title='bbox 1724 3849 1995 3908; x_wconf 83' lang='lat' dir='ltr'><strong>sumptum</strong></span> <span class='ocrx_word' id='word_1_268' title='bbox 2024 3848 2107 3892; x_wconf 89' lang='lat' dir='ltr'><strong>est</strong></span> 
     </span>
    </p>
   </div>
   <div class='ocr_carea' id='block_1_41' title="bbox 521 3929 2103 4011">
    <p class='ocr_par' dir='ltr' id='par_1_41' title="bbox 521 3929 2103 4011">
     <span class='ocr_line' id='line_1_41' title="bbox 521 3929 2103 4011; baseline -0.011 -13"><span class='ocrx_word' id='word_1_269' title='bbox 521 3942 591 3998; x_wconf 86' lang='lat' dir='ltr'><strong>ab</strong></span> <span class='ocrx_word' id='word_1_270' title='bbox 631 3943 812 4011; x_wconf 80' lang='lat' dir='ltr'><strong>aliquo</strong></span> <span class='ocrx_word' id='word_1_271' title='bbox 857 3954 1044 3992; x_wconf 86' lang='lat' dir='ltr'><strong>eorum</strong></span> <span class='ocrx_word' id='word_1_272' title='bbox 1088 3952 1209 4006; x_wconf 68' lang='lat' dir='ltr'><strong>quae</strong></span> <span class='ocrx_word' id='word_1_273' title='bbox 1248 3936 1391 3988; x_wconf 74' lang='lat' dir='ltr'><strong>circa</strong></span> <span class='ocrx_word' id='word_1_274' title='bbox 1432 3932 1696 3987; x_wconf 80' lang='lat' dir='ltr'><strong>essentias</strong></span> <span class='ocrx_word' id='word_1_275' title='bbox 1735 3940 1861 3983; x_wconf 89' lang='lat' dir='ltr'><strong>sunt</strong></span> <span class='ocrx_word' id='word_1_276' title='bbox 1900 3947 1914 3984; x_wconf 89' lang='lat'><strong>:</strong></span> <span class='ocrx_word' id='word_1_277' title='bbox 1955 3929 2103 3997; x_wconf 79' lang='lat' dir='ltr'><strong>atqui</strong></span> 
     </span>
    </p>
   </div>
   <div class='ocr_carea' id='block_1_42' title="bbox 523 4020 2103 4102">
    <p class='ocr_par' dir='ltr' id='par_1_42' title="bbox 523 4020 2103 4102">
     <span class='ocr_line' id='line_1_42' title="bbox 523 4020 2103 4102; baseline -0.012 -12"><span class='ocrx_word' id='word_1_278' title='bbox 523 4040 625 4090; x_wconf 84' lang='lat' dir='ltr'><strong>hoc</strong></span> <span class='ocrx_word' id='word_1_279' title='bbox 655 4029 986 4102; x_wconf 88' lang='lat' dir='ltr'><strong>impossibile</strong></span> <span class='ocrx_word' id='word_1_280' title='bbox 1013 4041 1114 4081; x_wconf 70' lang='grc' dir='ltr'>εει.</span> <span class='ocrx_word' id='word_1_281' title='bbox 1146 4026 1303 4080; x_wconf 86' lang='lat' dir='ltr'><strong>Dices</strong></span> <span class='ocrx_word' id='word_1_282' title='bbox 1334 4024 1495 4094; x_wconf 79' lang='lat' dir='ltr'><strong>igitur</strong></span> <span class='ocrx_word' id='word_1_283' title='bbox 1529 4023 1827 4091; x_wconf 68' lang='lat' dir='ltr'><strong>ingenitum</strong></span> <span class='ocrx_word' id='word_1_284' title='bbox 1862 4020 2103 4088; x_wconf 76' lang='lat' dir='ltr'><strong>ingenito</strong></span> 
     </span>
    </p>
   </div>
   <div class='ocr_carea' id='block_1_43' title="bbox 520 4111 2103 4199">
    <p class='ocr_par' dir='ltr' id='par_1_43' title="bbox 520 4111 2103 4199">
     <span class='ocr_line' id='line_1_43' title="bbox 520 4111 2103 4199; baseline -0.013 -17"><span class='ocrx_word' id='word_1_285' title='bbox 520 4129 683 4199; x_wconf 83' lang='lat' dir='ltr'><strong>plane</strong></span> <span class='ocrx_word' id='word_1_286' title='bbox 715 4119 1179 4179; x_wconf 65' lang='lat' dir='ltr'><strong>consubstantiale</strong></span> <span class='ocrx_word' id='word_1_287' title='bbox 1209 4132 1356 4180; x_wconf 85' lang='lat' dir='ltr'><strong>esse,</strong></span> <span class='ocrx_word' id='word_1_288' title='bbox 1390 4116 1684 4185; x_wconf 79' lang='lat' dir='ltr'><strong>ingenitum</strong></span> <span class='ocrx_word' id='word_1_289' title='bbox 1718 4122 1894 4165; x_wconf 89' lang='lat' dir='ltr'><strong>autem</strong></span> <span class='ocrx_word' id='word_1_290' title='bbox 1923 4111 2103 4178; x_wconf 70' lang='lat' dir='ltr'><strong>genito</strong></span> 
     </span>
    </p>
   </div>
   <div class='ocr_carea' id='block_1_44' title="bbox 520 4204 2099 4279">
    <p class='ocr_par' dir='ltr' id='par_1_44' title="bbox 520 4204 2099 4279">
     <span class='ocr_line' id='line_1_44' title="bbox 520 4204 2099 4279; baseline -0.011 -5"><span class='ocrx_word' id='word_1_291' title='bbox 520 4235 627 4274; x_wconf 86' lang='lat' dir='ltr'><strong>non</strong></span> <span class='ocrx_word' id='word_1_292' title='bbox 658 4218 806 4271; x_wconf 90' lang='lat' dir='ltr'><strong>item.</strong></span> <span class='ocrx_word' id='word_1_293' title='bbox 830 4212 1119 4279; x_wconf 88' lang='lat' dir='ltr'><strong>Quocirca,</strong></span> <span class='ocrx_word' id='word_1_294' title='bbox 1142 4226 1264 4264; x_wconf 89' lang='lat' dir='ltr'><strong>cum</strong></span> <span class='ocrx_word' id='word_1_295' title='bbox 1288 4212 1457 4263; x_wconf 82' lang='lat' dir='ltr'><strong>Adam</strong></span> <span class='ocrx_word' id='word_1_296' title='bbox 1479 4207 1692 4277; x_wconf 80' lang='lat' dir='ltr'><strong>genitus</strong></span> <span class='ocrx_word' id='word_1_297' title='bbox 1721 4222 1825 4260; x_wconf 88' lang='lat' dir='ltr'><strong>non</strong></span> <span class='ocrx_word' id='word_1_298' title='bbox 1857 4207 1948 4269; x_wconf 87' lang='lat' dir='ltr'><strong>sit,</strong></span> <span class='ocrx_word' id='word_1_299' title='bbox 1970 4204 2099 4257; x_wconf 81' lang='lat' dir='ltr'><strong>Abel</strong></span> 
     </span>
    </p>
   </div>
   <div class='ocr_carea' id='block_1_45' title="bbox 519 4296 2101 4372">
    <p class='ocr_par' dir='ltr' id='par_1_45' title="bbox 519 4296 2101 4372">
     <span class='ocr_line' id='line_1_45' title="bbox 519 4296 2101 4372; baseline -0.009 -9"><span class='ocrx_word' id='word_1_300' title='bbox 519 4321 700 4363; x_wconf 87' lang='lat' dir='ltr'><strong>autem</strong></span> <span class='ocrx_word' id='word_1_301' title='bbox 733 4323 799 4361; x_wconf 83' lang='lat' dir='ltr'><strong>ex</strong></span> <span class='ocrx_word' id='word_1_302' title='bbox 832 4305 1057 4359; x_wconf 88' lang='lat' dir='ltr'><strong>muliere</strong></span> <span class='ocrx_word' id='word_1_303' title='bbox 1087 4305 1326 4372; x_wconf 75' lang='lat' dir='ltr'><strong>genitus,</strong></span> <span class='ocrx_word' id='word_1_304' title='bbox 1360 4316 1463 4352; x_wconf 88' lang='lat' dir='ltr'><strong>non</strong></span> <span class='ocrx_word' id='word_1_305' title='bbox 1497 4298 1603 4352; x_wconf 89' lang='lat' dir='ltr'><strong>erit</strong></span> <span class='ocrx_word' id='word_1_306' title='bbox 1631 4299 1835 4351; x_wconf 86' lang='lat' dir='ltr'><strong>Adamo</strong></span> <span class='ocrx_word' id='word_1_307' title='bbox 1868 4296 2101 4351; x_wconf 66' lang='lat' dir='ltr'><strong>ecus-ub-</strong></span> 
     </span>
    </p>
   </div>
   <div class='ocr_carea' id='block_1_46' title="bbox 516 4388 2094 4464">
    <p class='ocr_par' dir='ltr' id='par_1_46' title="bbox 516 4388 2094 4464">
     <span class='ocr_line' id='line_1_46' title="bbox 516 4388 2094 4464; baseline -0.011 -8"><span class='ocrx_word' id='word_1_308' title='bbox 516 4398 805 4456; x_wconf 83' lang='lat' dir='ltr'><strong>stautialis.</strong></span> <span class='ocrx_word' id='word_1_309' title='bbox 826 4396 881 4451; x_wconf 88' lang='lat' dir='ltr'><strong>Si</strong></span> <span class='ocrx_word' id='word_1_310' title='bbox 906 4410 1030 4450; x_wconf 77' lang='lat' dir='ltr'><strong>vero</strong></span> <span class='ocrx_word' id='word_1_311' title='bbox 1054 4394 1269 4464; x_wconf 79' lang='lat' dir='ltr'><strong>genitus</strong></span> <span class='ocrx_word' id='word_1_312' title='bbox 1289 4390 1504 4460; x_wconf 80' lang='lat' dir='ltr'><strong>quidem</strong></span> <span class='ocrx_word' id='word_1_313' title='bbox 1530 4398 1634 4452; x_wconf 90' lang='lat' dir='ltr'><strong>est,</strong></span> <span class='ocrx_word' id='word_1_314' title='bbox 1654 4388 1890 4456; x_wconf 77' lang='lat' dir='ltr'><strong>ejusdem</strong></span> <span class='ocrx_word' id='word_1_315' title='bbox 1918 4397 2094 4440; x_wconf 74' lang='lat' dir='ltr'><strong>tamen</strong></span> 
     </span>
    </p>
   </div>
   <div class='ocr_carea' id='block_1_47' title="bbox 2234 509 3820 591">
    <p class='ocr_par' dir='ltr' id='par_1_47' title="bbox 2234 509 3820 591">
     <span class='ocr_line' id='line_1_47' title="bbox 2234 509 3820 591; baseline 0.009 -30"><span class='ocrx_word' id='word_1_316' title='bbox 2234 509 2296 561; x_wconf 82' lang='grc' dir='ltr'><strong>ΕΞ</strong></span> <span class='ocrx_word' id='word_1_317' title='bbox 2328 511 2508 564; x_wconf 80' lang='grc' dir='ltr'><strong>τοίνυν</strong></span> <span class='ocrx_word' id='word_1_318' title='bbox 2545 512 2646 583; x_wconf 75' lang='grc' dir='ltr'><strong>τὴν</strong></span> <span class='ocrx_word' id='word_1_319' title='bbox 2679 515 2737 566; x_wconf 83' lang='grc' dir='ltr'><strong>ἐν</strong></span> <span class='ocrx_word' id='word_1_320' title='bbox 2777 517 2890 577; x_wconf 84' lang='grc' dir='ltr'>τοῖς</span> <span class='ocrx_word' id='word_1_321' title='bbox 2920 517 3231 587; x_wconf 75' lang='grc' dir='ltr'><strong>εἰρημένοις</strong></span> <span class='ocrx_word' id='word_1_322' title='bbox 3275 519 3504 573; x_wconf 81' lang='grc' dir='ltr'><strong>ἀτοπίαν</strong></span> <span class='ocrx_word' id='word_1_323' title='bbox 3535 526 3820 591; x_wconf 79' lang='grc' dir='ltr'>παραιτεῖ-</span> 
     </span>
    </p>
   </div>
   <div class='ocr_carea' id='block_1_48' title="bbox 2233 600 3823 682">
    <p class='ocr_par' dir='ltr' id='par_1_48' title="bbox 2233 600 3823 682">
     <span class='ocr_line' id='line_1_48' title="bbox 2233 600 3823 682; baseline 0.009 -29"><span class='ocrx_word' id='word_1_324' title='bbox 2233 600 2358 653; x_wconf 89' lang='grc' dir='ltr'>σθαι</span> <span class='ocrx_word' id='word_1_325' title='bbox 2373 601 2556 670; x_wconf 69' lang='grc' dir='ltr'>καλὸν,</span> <span class='ocrx_word' id='word_1_326' title='bbox 2579 606 2859 658; x_wconf 80' lang='grc' dir='ltr'>πιστεύειν</span> <span class='ocrx_word' id='word_1_327' title='bbox 2880 607 3175 662; x_wconf 79' lang='grc' dir='ltr'>ἀκόλουθον</span> <span class='ocrx_word' id='word_1_328' title='bbox 3198 611 3274 672; x_wconf 82' lang='grc' dir='ltr'>ὡς</span> <span class='ocrx_word' id='word_1_329' title='bbox 3309 611 3371 664; x_wconf 86' lang='grc' dir='ltr'><strong>οὐ</strong></span> <span class='ocrx_word' id='word_1_330' title='bbox 3414 613 3777 682; x_wconf 82' lang='grc' dir='ltr'>προσγέγονεν</span> <span class='ocrx_word' id='word_1_331' title='bbox 3793 619 3823 669; x_wconf 86' lang='lat'><strong>6</strong></span> 
     </span>
    </p>
   </div>
   <div class='ocr_carea' id='block_1_49' title="bbox 2231 692 3822 770">
    <p class='ocr_par' dir='ltr' id='par_1_49' title="bbox 2231 692 3822 770">
     <span class='ocr_line' id='line_1_49' title="bbox 2231 692 3822 770; baseline 0.011 -27"><span class='ocrx_word' id='word_1_332' title='bbox 2231 692 2361 756; x_wconf 66' lang='lat' dir='ltr'><strong>T16;</strong></span> <span class='ocrx_word' id='word_1_333' title='bbox 2386 694 2466 764; x_wconf 82' lang='grc' dir='ltr'><strong>τῷ</strong></span> <span class='ocrx_word' id='word_1_334' title='bbox 2484 695 2687 765; x_wconf 73' lang='grc' dir='ltr'>Πατρὶ,</span> <span class='ocrx_word' id='word_1_335' title='bbox 2720 697 2838 750; x_wconf 79' lang='grc' dir='ltr'><strong>ἀλλ’</strong></span> <span class='ocrx_word' id='word_1_336' title='bbox 2866 693 2936 770; x_wconf 74' lang='grc' dir='ltr'>ἦν</span> <span class='ocrx_word' id='word_1_337' title='bbox 2964 701 3052 753; x_wconf 76' lang='grc' dir='ltr'>ἀεὶ</span> <span class='ocrx_word' id='word_1_338' title='bbox 3089 701 3357 765; x_wconf 78' lang='grc' dir='ltr'>συναῖδιος</span> <span class='ocrx_word' id='word_1_339' title='bbox 3386 702 3446 767; x_wconf 81' lang='grc' dir='ltr'><strong>ἐξ</strong></span> <span class='ocrx_word' id='word_1_340' title='bbox 3489 705 3677 759; x_wconf 81' lang='grc' dir='ltr'>αὐτοῦ.</span> <span class='ocrx_word' id='word_1_341' title='bbox 3714 708 3822 761; x_wconf 75' lang='grc' dir='ltr'><strong>Καὶ</strong></span> 
     </span>
    </p>
   </div>
   <div class='ocr_carea' id='block_1_50' title="bbox 2229 783 3821 868">
    <p class='ocr_par' dir='ltr' id='par_1_50' title="bbox 2229 783 3821 868">
     <span class='ocr_line' id='line_1_50' title="bbox 2229 783 3821 868; baseline 0.009 -32"><span class='ocrx_word' id='word_1_342' title='bbox 2229 783 2441 856; x_wconf 82' lang='grc' dir='ltr'>ὥσπερ,</span> <span class='ocrx_word' id='word_1_343' title='bbox 2481 788 2531 839; x_wconf 76' lang='grc' dir='ltr'>εἲ</span> <span class='ocrx_word' id='word_1_344' title='bbox 2556 788 2939 857; x_wconf 84' lang='grc' dir='ltr'>προσγεγονὼς</span> <span class='ocrx_word' id='word_1_345' title='bbox 2973 793 3242 861; x_wconf 82' lang='grc' dir='ltr'>ἐφαίνετο,</span> <span class='ocrx_word' id='word_1_346' title='bbox 3290 794 3391 846; x_wconf 89' lang='grc' dir='ltr'>οὐκ</span> <span class='ocrx_word' id='word_1_347' title='bbox 3421 793 3487 848; x_wconf 86' lang='grc' dir='ltr'><strong>ἂν</strong></span> <span class='ocrx_word' id='word_1_348' title='bbox 3517 791 3585 867; x_wconf 78' lang='grc' dir='ltr'>ἦν</span> <span class='ocrx_word' id='word_1_349' title='bbox 3622 799 3821 868; x_wconf 75' lang='grc' dir='ltr'>ὁμοού-</span> 
     </span>
    </p>
   </div>
   <div class='ocr_carea' id='block_1_51' title="bbox 2231 878 3820 959">
    <p class='ocr_par' dir='ltr' id='par_1_51' title="bbox 2231 878 3820 959">
     <span class='ocr_line' id='line_1_51' title="bbox 2231 878 3820 959; baseline 0.008 -28"><span class='ocrx_word' id='word_1_350' title='bbox 2231 895 2365 943; x_wconf 87' lang='grc' dir='ltr'>σιος,</span> <span class='ocrx_word' id='word_1_351' title='bbox 2411 878 2602 945; x_wconf 81' lang='grc' dir='ltr'>οὓτως,</span> <span class='ocrx_word' id='word_1_352' title='bbox 2651 882 2774 935; x_wconf 77' lang='grc' dir='ltr'>ἐπεὶ</span> <span class='ocrx_word' id='word_1_353' title='bbox 2822 882 2897 955; x_wconf 83' lang='grc' dir='ltr'>μὴ</span> <span class='ocrx_word' id='word_1_354' title='bbox 2925 883 3083 937; x_wconf 80' lang='grc' dir='ltr'><strong>τοῦτὸ</strong></span> <span class='ocrx_word' id='word_1_355' title='bbox 3111 886 3279 951; x_wconf 85' lang='grc' dir='ltr'>ἐστιν,</span> <span class='ocrx_word' id='word_1_356' title='bbox 3324 886 3439 941; x_wconf 76' lang='grc' dir='ltr'>ἀλλ’</span> <span class='ocrx_word' id='word_1_357' title='bbox 3479 883 3548 959; x_wconf 81' lang='grc' dir='ltr'>ἦν</span> <span class='ocrx_word' id='word_1_358' title='bbox 3589 889 3677 942; x_wconf 74' lang='grc' dir='ltr'><strong>ἀεὶ</strong></span> <span class='ocrx_word' id='word_1_359' title='bbox 3722 890 3820 943; x_wconf 75' lang='grc' dir='ltr'><strong>σὺν</strong></span> 
     </span>
    </p>
   </div>
   <div class='ocr_carea' id='block_1_52' title="bbox 2230 970 3316 1049">
    <p class='ocr_par' dir='ltr' id='par_1_52' title="bbox 2230 970 3316 1049">
     <span class='ocr_line' id='line_1_52' title="bbox 2230 970 3316 1049; baseline 0.013 -28"><span class='ocrx_word' id='word_1_360' title='bbox 2230 970 2411 1043; x_wconf 54' lang='grc' dir='ltr'>αὐτῷ,</span> <span class='ocrx_word' id='word_1_361' title='bbox 2435 971 2656 1037; x_wconf 73' lang='grc' dir='ltr'>πάντως</span> <span class='ocrx_word' id='word_1_362' title='bbox 2689 972 2844 1028; x_wconf 80' lang='grc' dir='ltr'>ἔσται</span> <span class='ocrx_word' id='word_1_363' title='bbox 2884 975 2979 1030; x_wconf 77' lang='grc' dir='ltr'>καὶ</span> <span class='ocrx_word' id='word_1_364' title='bbox 3012 976 3316 1049; x_wconf 83' lang='grc' dir='ltr'>ὁμοούσιος.</span> 
     </span>
    </p>
   </div>
   <div class='ocr_carea' id='block_1_53' title="bbox 2917 1264 3124 1321">
    <p class='ocr_par' dir='ltr' id='par_1_53' title="bbox 2917 1264 3124 1321">
     <span class='ocr_line' id='line_1_53' title="bbox 2917 1264 3124 1321; baseline 0.01 -1"><span class='ocrx_word' id='word_1_365' title='bbox 2917 1264 3124 1321; x_wconf 76' lang='grc' dir='ltr'><strong>ᾹΛΛΟ.</strong></span> 
     </span>
    </p>
   </div>
   <div class='ocr_carea' id='block_1_54' title="bbox 2299 1373 3817 1453">
    <p class='ocr_par' dir='ltr' id='par_1_54' title="bbox 2299 1373 3817 1453">
     <span class='ocr_line' id='line_1_54' title="bbox 2299 1373 3817 1453; baseline 0.009 -27"><span class='ocrx_word' id='word_1_366' title='bbox 2299 1373 2418 1427; x_wconf 82' lang='grc' dir='ltr'>Κᾶν</span> <span class='ocrx_word' id='word_1_367' title='bbox 2440 1378 2537 1447; x_wconf 76' lang='grc' dir='ltr'><strong>ἔχῃ</strong></span> <span class='ocrx_word' id='word_1_368' title='bbox 2564 1377 2685 1431; x_wconf 84' lang='grc' dir='ltr'>τινὰ</span> <span class='ocrx_word' id='word_1_369' title='bbox 2706 1377 2971 1450; x_wconf 80' lang='grc' dir='ltr'>διαφορὰν</span> <span class='ocrx_word' id='word_1_370' title='bbox 2994 1382 3022 1433; x_wconf 93' lang='lat'><strong>6</strong></span> <span class='ocrx_word' id='word_1_371' title='bbox 3055 1381 3182 1444; x_wconf 74' lang='grc' dir='ltr'>Υἱὸς</span> <span class='ocrx_word' id='word_1_372' title='bbox 3211 1382 3288 1444; x_wconf 84' lang='grc' dir='ltr'>ὼς</span> <span class='ocrx_word' id='word_1_373' title='bbox 3320 1382 3455 1453; x_wconf 77' lang='grc' dir='ltr'>πρὸς</span> <span class='ocrx_word' id='word_1_374' title='bbox 3483 1383 3575 1436; x_wconf 81' lang='grc' dir='ltr'><strong>τὸν</strong></span> <span class='ocrx_word' id='word_1_375' title='bbox 3619 1385 3817 1441; x_wconf 77' lang='grc' dir='ltr'>ἑαυτοῦ</span> 
     </span>
    </p>
   </div>
   <div class='ocr_carea' id='block_1_55' title="bbox 2228 1465 3816 1544">
    <p class='ocr_par' dir='ltr' id='par_1_55' title="bbox 2228 1465 3816 1544">
     <span class='ocr_line' id='line_1_55' title="bbox 2228 1465 3816 1544; baseline 0.009 -27"><span class='ocrx_word' id='word_1_376' title='bbox 2228 1465 2470 1537; x_wconf 83' lang='grc' dir='ltr'>Πατέρα,</span> <span class='ocrx_word' id='word_1_377' title='bbox 2499 1467 2621 1521; x_wconf 74' lang='grc' dir='ltr'>καθ’</span> <span class='ocrx_word' id='word_1_378' title='bbox 2645 1468 2712 1538; x_wconf 83' lang='grc' dir='ltr'>ἢν</span> <span class='ocrx_word' id='word_1_379' title='bbox 2742 1471 2770 1522; x_wconf 98' lang='lat'><strong>6</strong></span> <span class='ocrx_word' id='word_1_380' title='bbox 2797 1470 2896 1538; x_wconf 82' lang='grc' dir='ltr'><strong>μὲν</strong></span> <span class='ocrx_word' id='word_1_381' title='bbox 2935 1471 3126 1543; x_wconf 85' lang='grc' dir='ltr'>Πατὴρ</span> <span class='ocrx_word' id='word_1_382' title='bbox 3156 1474 3296 1544; x_wconf 85' lang='grc' dir='ltr'>ἀρχή</span> <span class='ocrx_word' id='word_1_383' title='bbox 3322 1476 3493 1541; x_wconf 80' lang='grc' dir='ltr'>ἐστιν,</span> <span class='ocrx_word' id='word_1_384' title='bbox 3524 1479 3553 1529; x_wconf 88' lang='lat'><strong>6</strong></span> <span class='ocrx_word' id='word_1_385' title='bbox 3579 1476 3637 1529; x_wconf 80' lang='grc' dir='ltr'>δὲ</span> <span class='ocrx_word' id='word_1_386' title='bbox 3679 1478 3816 1541; x_wconf 77' lang='grc' dir='ltr'>Υίὸς</span> 
     </span>
    </p>
   </div>
   <div class='ocr_carea' id='block_1_56' title="bbox 2226 1558 3815 1639">
    <p class='ocr_par' dir='ltr' id='par_1_56' title="bbox 2226 1558 3815 1639">
     <span class='ocr_line' id='line_1_56' title="bbox 2226 1558 3815 1639; baseline 0.007 -29"><span class='ocrx_word' id='word_1_387' title='bbox 2226 1559 2290 1610; x_wconf 90' lang='grc' dir='ltr'>ἐκ</span> <span class='ocrx_word' id='word_1_388' title='bbox 2314 1558 2411 1629; x_wconf 84' lang='grc' dir='ltr'>τῆς</span> <span class='ocrx_word' id='word_1_389' title='bbox 2441 1559 2635 1630; x_wconf 82' lang='grc' dir='ltr'>ἀρχῆς,</span> <span class='ocrx_word' id='word_1_390' title='bbox 2670 1559 2786 1613; x_wconf 78' lang='grc' dir='ltr'><strong>ἀλλ’</strong></span> <span class='ocrx_word' id='word_1_391' title='bbox 2816 1562 2878 1614; x_wconf 90' lang='grc' dir='ltr'><strong>οὐ</strong></span> <span class='ocrx_word' id='word_1_392' title='bbox 2922 1561 3009 1616; x_wconf 84' lang='grc' dir='ltr'>διὰ</span> <span class='ocrx_word' id='word_1_393' title='bbox 3034 1562 3192 1616; x_wconf 75' lang='grc' dir='ltr'>τοῦτο</span> <span class='ocrx_word' id='word_1_394' title='bbox 3222 1566 3318 1635; x_wconf 84' lang='grc' dir='ltr'><strong>τῆς</strong></span> <span class='ocrx_word' id='word_1_395' title='bbox 3346 1568 3673 1639; x_wconf 77' lang='grc' dir='ltr'>ταύτότητος</span> <span class='ocrx_word' id='word_1_396' title='bbox 3713 1571 3815 1625; x_wconf 73' lang='grc' dir='ltr'><strong>καὶ</strong></span> 
     </span>
    </p>
   </div>
   <div class='ocr_carea' id='block_1_57' title="bbox 2225 1648 3818 1739">
    <p class='ocr_par' dir='ltr' id='par_1_57' title="bbox 2225 1648 3818 1739">
     <span class='ocr_line' id='line_1_57' title="bbox 2225 1648 3818 1739; baseline 0.009 -40"><span class='ocrx_word' id='word_1_397' title='bbox 2225 1648 2324 1718; x_wconf 83' lang='grc' dir='ltr'>τῆς</span> <span class='ocrx_word' id='word_1_398' title='bbox 2367 1650 2503 1721; x_wconf 80' lang='grc' dir='ltr'>πρὸς</span> <span class='ocrx_word' id='word_1_399' title='bbox 2535 1651 2699 1739; x_wconf 54' lang='grc' dir='ltr'>αὐτόν</span> <span class='ocrx_word' id='word_1_400' title='bbox 2732 1652 3152 1725; x_wconf 81' lang='grc' dir='ltr'>ὁμοουσιότητος</span> <span class='ocrx_word' id='word_1_401' title='bbox 3179 1654 3569 1727; x_wconf 79' lang='grc' dir='ltr'>ἐξωσθήσεται.</span> <span class='ocrx_word' id='word_1_402' title='bbox 3601 1661 3674 1712; x_wconf 85' lang='grc' dir='ltr'>Οὐ</span> <span class='ocrx_word' id='word_1_403' title='bbox 3703 1661 3818 1733; x_wconf 73' lang='grc' dir='ltr'><strong>γὰρ</strong></span> 
     </span>
    </p>
   </div>
   <div class='ocr_carea' id='block_1_58' title="bbox 2158 1740 3820 1829">
    <p class='ocr_par' dir='ltr' id='par_1_58' title="bbox 2158 1740 3820 1829">
     <span class='ocr_line' id='line_1_58' title="bbox 2158 1740 3820 1829; baseline 0.009 -37"><span class='ocrx_word' id='word_1_404' title='bbox 2158 1775 2198 1829; x_wconf 66' lang='grc' dir='ltr'><strong>Β</strong></span> <span class='ocrx_word' id='word_1_405' title='bbox 2226 1740 2379 1794; x_wconf 76' lang='grc' dir='ltr'>ἔσται</span> <span class='ocrx_word' id='word_1_406' title='bbox 2416 1760 2469 1795; x_wconf 82' lang='grc' dir='ltr'><strong>τι</strong></span> <span class='ocrx_word' id='word_1_407' title='bbox 2509 1743 2781 1797; x_wconf 89' lang='grc' dir='ltr'>συναῖδιον</span> <span class='ocrx_word' id='word_1_408' title='bbox 2808 1744 2888 1815; x_wconf 83' lang='grc' dir='ltr'>τῷ</span> <span class='ocrx_word' id='word_1_409' title='bbox 2922 1747 3121 1817; x_wconf 72' lang='grc' dir='ltr'>Πατρὶ,</span> <span class='ocrx_word' id='word_1_410' title='bbox 3165 1748 3241 1817; x_wconf 79' lang='grc' dir='ltr'>μὴ</span> <span class='ocrx_word' id='word_1_411' title='bbox 3271 1748 3330 1800; x_wconf 85' lang='grc' dir='ltr'>ὃν</span> <span class='ocrx_word' id='word_1_412' title='bbox 3364 1749 3423 1814; x_wconf 78' lang='grc' dir='ltr'>ἐξ</span> <span class='ocrx_word' id='word_1_413' title='bbox 3453 1751 3618 1804; x_wconf 80' lang='grc' dir='ltr'>αὐτοῦ</span> <span class='ocrx_word' id='word_1_414' title='bbox 3654 1771 3820 1821; x_wconf 84' lang='grc' dir='ltr'>φυσι-</span> 
     </span>
    </p>
   </div>
   <div class='ocr_carea' id='block_1_59' title="bbox 2223 1833 3821 1912">
    <p class='ocr_par' dir='ltr' id='par_1_59' title="bbox 2223 1833 3821 1912">
     <span class='ocr_line' id='line_1_59' title="bbox 2223 1833 3821 1912; baseline 0.009 -27"><span class='ocrx_word' id='word_1_415' title='bbox 2223 1833 2369 1896; x_wconf 72' lang='grc' dir='ltr'><strong>κῶςο</strong></span> <span class='ocrx_word' id='word_1_416' title='bbox 2403 1834 2492 1887; x_wconf 71' lang='grc' dir='ltr'>ἵνα.</span> <span class='ocrx_word' id='word_1_417' title='bbox 2532 1834 2607 1907; x_wconf 80' lang='grc' dir='ltr'>μὴ</span> <span class='ocrx_word' id='word_1_418' title='bbox 2641 1837 2739 1890; x_wconf 75' lang='grc' dir='ltr'><strong>καὶ</strong></span> <span class='ocrx_word' id='word_1_419' title='bbox 2774 1840 2889 1901; x_wconf 84' lang='grc' dir='ltr'>τοῖς</span> <span class='ocrx_word' id='word_1_420' title='bbox 2921 1838 3186 1908; x_wconf 83' lang='grc' dir='ltr'>κτίσμασι</span> <span class='ocrx_word' id='word_1_421' title='bbox 3221 1839 3377 1893; x_wconf 81' lang='grc' dir='ltr'>τοῦτο</span> <span class='ocrx_word' id='word_1_422' title='bbox 3410 1846 3693 1912; x_wconf 85' lang='grc' dir='ltr'>προσεῖναι</span> <span class='ocrx_word' id='word_1_423' title='bbox 3723 1846 3821 1899; x_wconf 86' lang='grc' dir='ltr'><strong>λέ-</strong></span> 
     </span>
    </p>
   </div>
   <div class='ocr_carea' id='block_1_60' title="bbox 2221 1920 3820 2002">
    <p class='ocr_par' dir='ltr' id='par_1_60' title="bbox 2221 1920 3820 2002">
     <span class='ocr_line' id='line_1_60' title="bbox 2221 1920 3820 2002; baseline 0.008 -26"><span class='ocrx_word' id='word_1_424' title='bbox 2221 1942 2432 1995; x_wconf 86' lang='grc' dir='ltr'>γωμεν,</span> <span class='ocrx_word' id='word_1_425' title='bbox 2463 1926 2492 1978; x_wconf 85' lang='lat'><strong>6</strong></span> <span class='ocrx_word' id='word_1_426' title='bbox 2525 1927 2662 2000; x_wconf 82' lang='grc' dir='ltr'>μόνῃ</span> <span class='ocrx_word' id='word_1_427' title='bbox 2692 1930 2953 2000; x_wconf 85' lang='grc' dir='ltr'>πρόσεστι</span> <span class='ocrx_word' id='word_1_428' title='bbox 2977 1934 3043 2001; x_wconf 80' lang='grc' dir='ltr'>τῇ</span> <span class='ocrx_word' id='word_1_429' title='bbox 3082 1930 3202 2002; x_wconf 81' lang='grc' dir='ltr'>θείᾳ</span> <span class='ocrx_word' id='word_1_430' title='bbox 3243 1933 3423 2001; x_wconf 88' lang='grc' dir='ltr'>φύσει.</span> <span class='ocrx_word' id='word_1_431' title='bbox 3461 1935 3671 1988; x_wconf 80' lang='grc' dir='ltr'>Οὐκοῦν</span> <span class='ocrx_word' id='word_1_432' title='bbox 3704 1920 3820 1991; x_wconf 50' lang='grc' dir='ltr'><strong>κᾶν</strong></span> 
     </span>
    </p>
   </div>
   <div class='ocr_carea' id='block_1_61' title="bbox 2218 2016 3819 2095">
    <p class='ocr_par' dir='ltr' id='par_1_61' title="bbox 2218 2016 3819 2095">
     <span class='ocr_line' id='line_1_61' title="bbox 2218 2016 3819 2095; baseline 0.01 -27"><span class='ocrx_word' id='word_1_433' title='bbox 2218 2016 2395 2089; x_wconf 81' lang='grc' dir='ltr'>ἀρχὴν</span> <span class='ocrx_word' id='word_1_434' title='bbox 2432 2019 2460 2070; x_wconf 92' lang='lat'><strong>6</strong></span> <span class='ocrx_word' id='word_1_435' title='bbox 2502 2020 2630 2084; x_wconf 81' lang='grc' dir='ltr'>Υἱὸς</span> <span class='ocrx_word' id='word_1_436' title='bbox 2663 2020 2762 2095; x_wconf 76' lang='grc' dir='ltr'><strong>ἔχῃ</strong></span> <span class='ocrx_word' id='word_1_437' title='bbox 2791 2022 2883 2076; x_wconf 81' lang='grc' dir='ltr'><strong>τὸν</strong></span> <span class='ocrx_word' id='word_1_438' title='bbox 2913 2023 3105 2075; x_wconf 78' lang='grc' dir='ltr'>ἐαυτοῦ</span> <span class='ocrx_word' id='word_1_439' title='bbox 3148 2026 3390 2093; x_wconf 79' lang='grc' dir='ltr'>Πατέρα,</span> <span class='ocrx_word' id='word_1_440' title='bbox 3421 2027 3557 2080; x_wconf 74' lang='grc' dir='ltr'>ἀλλὰ</span> <span class='ocrx_word' id='word_1_441' title='bbox 3580 2029 3715 2083; x_wconf 80' lang='grc' dir='ltr'>καθὸ</span> <span class='ocrx_word' id='word_1_442' title='bbox 3745 2032 3819 2084; x_wconf 83' lang='grc' dir='ltr'><strong>ἐκ</strong></span> 
     </span>
    </p>
   </div>
   <div class='ocr_carea' id='block_1_62' title="bbox 2218 2108 3891 2190">
    <p class='ocr_par' dir='ltr' id='par_1_62' title="bbox 2218 2108 3891 2190">
     <span class='ocr_line' id='line_1_62' title="bbox 2218 2108 3891 2190; baseline 0.008 -29"><span class='ocrx_word' id='word_1_443' title='bbox 2218 2108 2319 2178; x_wconf 86' lang='grc' dir='ltr'>τῆς</span> <span class='ocrx_word' id='word_1_444' title='bbox 2362 2111 2538 2180; x_wconf 85' lang='grc' dir='ltr'>ἀρχῆς</span> <span class='ocrx_word' id='word_1_445' title='bbox 2578 2113 2717 2175; x_wconf 86' lang='grc' dir='ltr'>ἐστι,</span> <span class='ocrx_word' id='word_1_446' title='bbox 2758 2113 3054 2185; x_wconf 82' lang='grc' dir='ltr'>σύνδρομον</span> <span class='ocrx_word' id='word_1_447' title='bbox 3083 2117 3221 2186; x_wconf 80' lang='grc' dir='ltr'>αὐτῇ</span> <span class='ocrx_word' id='word_1_448' title='bbox 3252 2117 3310 2169; x_wconf 70' lang='grc' dir='ltr'>τὸ</span> <span class='ocrx_word' id='word_1_449' title='bbox 3339 2113 3481 2171; x_wconf 80' lang='grc' dir='ltr'>εἶναι</span> <span class='ocrx_word' id='word_1_450' title='bbox 3508 2119 3667 2190; x_wconf 76' lang='grc' dir='ltr'>ἔχων,</span> <span class='ocrx_word' id='word_1_451' title='bbox 3713 2123 3817 2174; x_wconf 85' lang='grc' dir='ltr'><strong>ἀν-</strong></span> <span class='ocrx_word' id='word_1_452' title='bbox 3878 2130 3891 2147; x_wconf 85' lang='lat'>‘</span> 
     </span>
    </p>
   </div>
   <div class='ocr_carea' id='block_1_63' title="bbox 2218 2198 3817 2281">
    <p class='ocr_par' dir='ltr' id='par_1_63' title="bbox 2218 2198 3817 2281">
     <span class='ocr_line' id='line_1_63' title="bbox 2218 2198 3817 2281; baseline 0.009 -31"><span class='ocrx_word' id='word_1_453' title='bbox 2218 2198 2402 2268; x_wconf 84' lang='grc' dir='ltr'>ὀμοιος</span> <span class='ocrx_word' id='word_1_454' title='bbox 2430 2201 2531 2253; x_wconf 87' lang='grc' dir='ltr'>οὐκ</span> <span class='ocrx_word' id='word_1_455' title='bbox 2556 2200 2709 2255; x_wconf 74' lang='grc' dir='ltr'>ἔσται</span> <span class='ocrx_word' id='word_1_456' title='bbox 2739 2202 2878 2255; x_wconf 83' lang='grc' dir='ltr'>κατὰ</span> <span class='ocrx_word' id='word_1_457' title='bbox 2908 2202 3006 2274; x_wconf 81' lang='grc' dir='ltr'><strong>τὴν</strong></span> <span class='ocrx_word' id='word_1_458' title='bbox 3033 2204 3221 2257; x_wconf 88' lang='grc' dir='ltr'>οὐσίαν</span> <span class='ocrx_word' id='word_1_459' title='bbox 3254 2208 3410 2278; x_wconf 84' lang='grc' dir='ltr'>αὐτῇ.</span> <span class='ocrx_word' id='word_1_460' title='bbox 3447 2210 3667 2281; x_wconf 75' lang='grc' dir='ltr'>Ἐπειδὴ</span> <span class='ocrx_word' id='word_1_461' title='bbox 3697 2212 3817 2281; x_wconf 68' lang='grc' dir='ltr'>γὰρ</span> 
     </span>
    </p>
   </div>
   <div class='ocr_carea' id='block_1_64' title="bbox 2218 2289 3812 2374">
    <p class='ocr_par' dir='ltr' id='par_1_64' title="bbox 2218 2289 3812 2374">
     <span class='ocr_line' id='line_1_64' title="bbox 2218 2289 3812 2374; baseline 0.008 -34"><span class='ocrx_word' id='word_1_462' title='bbox 2218 2290 2282 2340; x_wconf 86' lang='grc' dir='ltr'><strong>ὲκ</strong></span> <span class='ocrx_word' id='word_1_463' title='bbox 2315 2289 2415 2358; x_wconf 83' lang='grc' dir='ltr'>τῆς</span> <span class='ocrx_word' id='word_1_464' title='bbox 2444 2291 2618 2361; x_wconf 82' lang='grc' dir='ltr'>ἀρχῆς</span> <span class='ocrx_word' id='word_1_465' title='bbox 2642 2293 2778 2358; x_wconf 85' lang='grc' dir='ltr'>ἐστι,</span> <span class='ocrx_word' id='word_1_466' title='bbox 2806 2292 2893 2346; x_wconf 81' lang='grc' dir='ltr'>διὰ</span> <span class='ocrx_word' id='word_1_467' title='bbox 2916 2292 3074 2347; x_wconf 82' lang='grc' dir='ltr'>τοῦτο</span> <span class='ocrx_word' id='word_1_468' title='bbox 3103 2296 3197 2349; x_wconf 80' lang='grc' dir='ltr'>καὶ</span> <span class='ocrx_word' id='word_1_469' title='bbox 3226 2299 3511 2369; x_wconf 85' lang='grc' dir='ltr'>όμοούσιος</span> <span class='ocrx_word' id='word_1_470' title='bbox 3546 2305 3610 2373; x_wconf 78' lang='grc' dir='ltr'>τῇ</span> <span class='ocrx_word' id='word_1_471' title='bbox 3637 2304 3812 2374; x_wconf 78' lang='grc' dir='ltr'>ἀρχῇ.</span> 
     </span>
    </p>
   </div>
   <div class='ocr_carea' id='block_1_65' title="bbox 2219 2380 3815 2460">
    <p class='ocr_par' dir='ltr' id='par_1_65' title="bbox 2219 2380 3815 2460">
     <span class='ocr_line' id='line_1_65' title="bbox 2219 2380 3815 2460; baseline 0.013 -29"><span class='ocrx_word' id='word_1_472' title='bbox 2219 2380 2291 2431; x_wconf 86' lang='grc' dir='ltr'><strong>Τὸ</strong></span> <span class='ocrx_word' id='word_1_473' title='bbox 2320 2380 2375 2434; x_wconf 88' lang='grc' dir='ltr'>δὲ</span> <span class='ocrx_word' id='word_1_474' title='bbox 2411 2381 2698 2451; x_wconf 88' lang='grc' dir='ltr'>ὁμοούσιον</span> <span class='ocrx_word' id='word_1_475' title='bbox 2730 2384 3030 2456; x_wconf 70' lang='grc' dir='ltr'>τῷσΠατρὶ,</span> <span class='ocrx_word' id='word_1_476' title='bbox 3067 2389 3389 2460; x_wconf 84' lang='grc' dir='ltr'>ἐπιγενητὸν</span> <span class='ocrx_word' id='word_1_477' title='bbox 3417 2394 3516 2446; x_wconf 84' lang='grc' dir='ltr'><strong>οὐκ</strong></span> <span class='ocrx_word' id='word_1_478' title='bbox 3551 2393 3687 2459; x_wconf 78' lang='grc' dir='ltr'>ἔστι,</span> <span class='ocrx_word' id='word_1_479' title='bbox 3715 2396 3815 2451; x_wconf 68' lang='grc' dir='ltr'><strong>ἵνα</strong></span> 
     </span>
    </p>
   </div>
   <div class='ocr_carea' id='block_1_66' title="bbox 2221 2472 3291 2549">
    <p class='ocr_par' dir='ltr' id='par_1_66' title="bbox 2221 2472 3291 2549">
     <span class='ocr_line' id='line_1_66' title="bbox 2221 2472 3291 2549; baseline 0.01 -25"><span class='ocrx_word' id='word_1_480' title='bbox 2221 2472 2295 2545; x_wconf 75' lang='grc' dir='ltr'>μὴ</span> <span class='ocrx_word' id='word_1_481' title='bbox 2327 2473 2484 2527; x_wconf 82' lang='grc' dir='ltr'>τοῦτο</span> <span class='ocrx_word' id='word_1_482' title='bbox 2516 2473 2590 2529; x_wconf 84' lang='grc' dir='ltr'>ὢν</span> <span class='ocrx_word' id='word_1_483' title='bbox 2628 2476 2953 2549; x_wconf 86' lang='grc' dir='ltr'>εὐρίσκηται</span> <span class='ocrx_word' id='word_1_484' title='bbox 2988 2480 3082 2535; x_wconf 73' lang='grc' dir='ltr'><strong>καὶ</strong></span> <span class='ocrx_word' id='word_1_485' title='bbox 3110 2482 3291 2545; x_wconf 89' lang='grc' dir='ltr'>αὐτός.</span> 
     </span>
    </p>
   </div>
   <div class='ocr_carea' id='block_1_67' title="bbox 2904 2653 3110 2709">
    <p class='ocr_par' dir='ltr' id='par_1_67' title="bbox 2904 2653 3110 2709">
     <span class='ocr_line' id='line_1_67' title="bbox 2904 2653 3110 2709; baseline 0.019 -4"><span class='ocrx_word' id='word_1_486' title='bbox 2904 2653 3110 2709; x_wconf 71' lang='grc' dir='ltr'><strong>ΔΛΛΟ.</strong></span> 
     </span>
    </p>
   </div>
   <div class='ocr_carea' id='block_1_68' title="bbox 2467 2764 3548 2845">
    <p class='ocr_par' dir='ltr' id='par_1_68' title="bbox 2467 2764 3548 2845">
     <span class='ocr_line' id='line_1_68' title="bbox 2467 2764 3548 2845; baseline 0.012 -27"><span class='ocrx_word' id='word_1_487' title='bbox 2467 2764 2556 2831; x_wconf 84' lang='grc' dir='ltr'>Ὡς</span> <span class='ocrx_word' id='word_1_488' title='bbox 2584 2765 2653 2830; x_wconf 81' lang='grc' dir='ltr'>ἐξ</span> <span class='ocrx_word' id='word_1_489' title='bbox 2686 2767 3045 2837; x_wconf 77' lang='grc' dir='ltr'><strong>ἀντιθέσεως</strong></span> <span class='ocrx_word' id='word_1_490' title='bbox 3080 2771 3200 2826; x_wconf 82' lang='grc' dir='ltr'><strong>τῶν</strong></span> <span class='ocrx_word' id='word_1_491' title='bbox 3227 2775 3548 2845; x_wconf 78' lang='grc' dir='ltr'>Εὐνομίου.</span> 
     </span>
    </p>
   </div>
   <div class='ocr_carea' id='block_1_69' title="bbox 2285 2877 3815 2961">
    <p class='ocr_par' dir='ltr' id='par_1_69' title="bbox 2285 2877 3815 2961">
     <span class='ocr_line' id='line_1_69' title="bbox 2285 2877 3815 2961; baseline 0.008 -31"><span class='ocrx_word' id='word_1_492' title='bbox 2285 2877 2398 2931; x_wconf 82' lang='grc' dir='ltr'>Οὐκ</span> <span class='ocrx_word' id='word_1_493' title='bbox 2451 2877 2782 2948; x_wconf 77' lang='grc' dir='ltr'>ἐπιδέχεται,</span> <span class='ocrx_word' id='word_1_494' title='bbox 2843 2883 2998 2951; x_wconf 68' lang='grc' dir='ltr'>φησι,</span> <span class='ocrx_word' id='word_1_495' title='bbox 3039 2886 3293 2955; x_wconf 82' lang='grc' dir='ltr'>γέννησιν</span> <span class='ocrx_word' id='word_1_496' title='bbox 3353 2888 3385 2956; x_wconf 85' lang='grc' dir='ltr'><strong>ή</strong></span> <span class='ocrx_word' id='word_1_497' title='bbox 3439 2888 3531 2940; x_wconf 79' lang='grc' dir='ltr'>τοῦ</span> <span class='ocrx_word' id='word_1_498' title='bbox 3587 2889 3815 2961; x_wconf 73' lang='grc' dir='ltr'>Πατρδς</span> 
     </span>
    </p>
   </div>
   <div class='ocr_carea' id='block_1_70' title="bbox 2213 2969 3812 3050">
    <p class='ocr_par' dir='ltr' id='par_1_70' title="bbox 2213 2969 3812 3050">
     <span class='ocr_line' id='line_1_70' title="bbox 2213 2969 3812 3050; baseline 0.008 -29"><span class='ocrx_word' id='word_1_499' title='bbox 2213 2970 2372 3022; x_wconf 88' lang='grc' dir='ltr'>οὐσία</span> <span class='ocrx_word' id='word_1_500' title='bbox 2391 2986 2404 2998; x_wconf 89' lang='grc'><strong>·</strong></span> <span class='ocrx_word' id='word_1_501' title='bbox 2437 2969 2703 3039; x_wconf 80' lang='grc' dir='ltr'>ἐγεννήθη</span> <span class='ocrx_word' id='word_1_502' title='bbox 2734 2970 2791 3023; x_wconf 84' lang='grc' dir='ltr'>δὲ</span> <span class='ocrx_word' id='word_1_503' title='bbox 2829 2974 2858 3025; x_wconf 88' lang='lat'><strong>6</strong></span> <span class='ocrx_word' id='word_1_504' title='bbox 2887 2973 3036 3037; x_wconf 82' lang='grc' dir='ltr'>Υἱός.</span> <span class='ocrx_word' id='word_1_505' title='bbox 3067 2976 3191 3040; x_wconf 83' lang='grc' dir='ltr'>Πῶς</span> <span class='ocrx_word' id='word_1_506' title='bbox 3221 2973 3314 3032; x_wconf 82' lang='grc' dir='ltr'><strong>οὖν</strong></span> <span class='ocrx_word' id='word_1_507' title='bbox 3347 2980 3375 3030; x_wconf 89' lang='lat'><strong>6</strong></span> <span class='ocrx_word' id='word_1_508' title='bbox 3405 2982 3812 3050; x_wconf 73' lang='grc' dir='ltr'>γεγεννημένος</span> 
     </span>
    </p>
   </div>
   <div class='ocr_carea' id='block_1_71' title="bbox 2212 3060 3807 3145">
    <p class='ocr_par' dir='ltr' id='par_1_71' title="bbox 2212 3060 3807 3145">
     <span class='ocr_line' id='line_1_71' title="bbox 2212 3060 3807 3145; baseline 0.006 -33"><span class='ocrx_word' id='word_1_509' title='bbox 2212 3060 2497 3130; x_wconf 83' lang='grc' dir='ltr'>ὁμοούσιος</span> <span class='ocrx_word' id='word_1_510' title='bbox 2530 3060 2684 3114; x_wconf 74' lang='grc' dir='ltr'>ἔσται</span> <span class='ocrx_word' id='word_1_511' title='bbox 2715 3061 2793 3132; x_wconf 81' lang='grc' dir='ltr'>τῷ</span> <span class='ocrx_word' id='word_1_512' title='bbox 2824 3065 3019 3137; x_wconf 72' lang='grc' dir='ltr'>Πατρὶ,</span> <span class='ocrx_word' id='word_1_513' title='bbox 3050 3068 3128 3137; x_wconf 87' lang='grc' dir='ltr'>τῷ</span> <span class='ocrx_word' id='word_1_514' title='bbox 3159 3069 3232 3140; x_wconf 81' lang='grc' dir='ltr'><strong>μὴ</strong></span> <span class='ocrx_word' id='word_1_515' title='bbox 3262 3071 3632 3145; x_wconf 81' lang='grc' dir='ltr'>ἐπιδεχομένῳ</span> <span class='ocrx_word' id='word_1_516' title='bbox 3672 3076 3807 3142; x_wconf 83' lang='grc' dir='ltr'>γέν.</span> 
     </span>
    </p>
   </div>
   <div class='ocr_carea' id='block_1_72' title="bbox 2140 3128 2401 3225">
    <p class='ocr_par' dir='ltr' id='par_1_72' title="bbox 2140 3128 2401 3225">
     <span class='ocr_line' id='line_1_72' title="bbox 2140 3128 2401 3225; baseline -0.004 -19"><span class='ocrx_word' id='word_1_517' title='bbox 2140 3128 2181 3184; x_wconf 77' lang='lat' dir='ltr'>c</span> <span class='ocrx_word' id='word_1_518' title='bbox 2215 3128 2401 3225; x_wconf 80' lang='grc' dir='ltr'>νησιν;</span> 
     </span>
    </p>
   </div>
   <div class='ocr_carea' id='block_1_73' title="bbox 2701 3272 3292 3345">
    <p class='ocr_par' dir='ltr' id='par_1_73' title="bbox 2701 3272 3292 3345">
     <span class='ocr_line' id='line_1_73' title="bbox 2701 3272 3292 3345; baseline 0.012 -20"><span class='ocrx_word' id='word_1_519' title='bbox 2701 3272 2858 3339; x_wconf 78' lang='grc' dir='ltr'>Πρὸς</span> <span class='ocrx_word' id='word_1_520' title='bbox 2886 3274 3063 3329; x_wconf 85' lang='grc' dir='ltr'>τοῦτο</span> <span class='ocrx_word' id='word_1_521' title='bbox 3089 3277 3292 3345; x_wconf 74' lang='grc' dir='ltr'>λύσις.</span> 
     </span>
    </p>
   </div>
   <div class='ocr_carea' id='block_1_74' title="bbox 2281 3384 3805 3464">
    <p class='ocr_par' dir='ltr' id='par_1_74' title="bbox 2281 3384 3805 3464">
     <span class='ocr_line' id='line_1_74' title="bbox 2281 3384 3805 3464; baseline 0.008 -26"><span class='ocrx_word' id='word_1_522' title='bbox 2281 3384 2602 3453; x_wconf 77' lang='grc' dir='ltr'>Λεγέτωσαν</span> <span class='ocrx_word' id='word_1_523' title='bbox 2630 3388 2761 3457; x_wconf 84' lang='grc' dir='ltr'>ἡμῖν</span> <span class='ocrx_word' id='word_1_524' title='bbox 2782 3389 2844 3440; x_wconf 75' lang='grc' dir='ltr'>οἱ</span> <span class='ocrx_word' id='word_1_525' title='bbox 2876 3389 2946 3440; x_wconf 86' lang='grc' dir='ltr'>τὰ</span> <span class='ocrx_word' id='word_1_526' title='bbox 2980 3389 3206 3442; x_wconf 74' lang='grc' dir='ltr'>τοιαῦτα</span> <span class='ocrx_word' id='word_1_527' title='bbox 3242 3392 3617 3461; x_wconf 83' lang='grc' dir='ltr'>προτείνοντες</span> <span class='ocrx_word' id='word_1_528' title='bbox 3645 3394 3805 3464; x_wconf 81' lang='grc' dir='ltr'>ἀμα-</span> 
     </span>
    </p>
   </div>
   <div class='ocr_carea' id='block_1_75' title="bbox 2196 3475 3803 3557">
    <p class='ocr_par' dir='ltr' id='par_1_75' title="bbox 2196 3475 3803 3557">
     <span class='ocr_line' id='line_1_75' title="bbox 2196 3475 3803 3557; baseline 0.009 -29"><span class='ocrx_word' id='word_1_529' title='bbox 2196 3475 2339 3540; x_wconf 40' lang='grc' dir='ltr'>λθῶς,</span> <span class='ocrx_word' id='word_1_530' title='bbox 2374 3476 2435 3530; x_wconf 84' lang='grc' dir='ltr'>Εἰ</span> <span class='ocrx_word' id='word_1_531' title='bbox 2467 3478 2555 3531; x_wconf 73' lang='grc' dir='ltr'>διὰ</span> <span class='ocrx_word' id='word_1_532' title='bbox 2589 3480 2686 3549; x_wconf 83' lang='grc' dir='ltr'>τῆς</span> <span class='ocrx_word' id='word_1_533' title='bbox 2719 3481 3028 3551; x_wconf 83' lang='grc' dir='ltr'>γεννήσεως</span> <span class='ocrx_word' id='word_1_534' title='bbox 3060 3483 3366 3556; x_wconf 83' lang='grc' dir='ltr'>ἀναιρεῖται</span> <span class='ocrx_word' id='word_1_535' title='bbox 3392 3484 3451 3538; x_wconf 81' lang='grc' dir='ltr'><strong>τὸ</strong></span> <span class='ocrx_word' id='word_1_536' title='bbox 3487 3486 3803 3557; x_wconf 79' lang='grc' dir='ltr'>ὁμοούσιον,</span> 
     </span>
    </p>
   </div>
   <div class='ocr_carea' id='block_1_76' title="bbox 2209 3567 3805 3654">
    <p class='ocr_par' dir='ltr' id='par_1_76' title="bbox 2209 3567 3805 3654">
     <span class='ocr_line' id='line_1_76' title="bbox 2209 3567 3805 3654; baseline 0.009 -34"><span class='ocrx_word' id='word_1_537' title='bbox 2209 3567 2296 3620; x_wconf 83' lang='grc' dir='ltr'><strong>διὰ</strong></span> <span class='ocrx_word' id='word_1_538' title='bbox 2323 3570 2475 3623; x_wconf 89' lang='grc' dir='ltr'>ποίου</span> <span class='ocrx_word' id='word_1_539' title='bbox 2514 3571 2819 3641; x_wconf 82' lang='grc' dir='ltr'>σωθήσεται</span> <span class='ocrx_word' id='word_1_540' title='bbox 2864 3572 3228 3643; x_wconf 72' lang='grc' dir='ltr'>πράγματθς;</span> <span class='ocrx_word' id='word_1_541' title='bbox 3276 3576 3388 3629; x_wconf 72' lang='grc' dir='ltr'><strong>Καὶ</strong></span> <span class='ocrx_word' id='word_1_542' title='bbox 3420 3578 3601 3644; x_wconf 80' lang='grc' dir='ltr'>πάλιν,</span> <span class='ocrx_word' id='word_1_543' title='bbox 3632 3583 3680 3633; x_wconf 86' lang='grc' dir='ltr'><strong>εί</strong></span> <span class='ocrx_word' id='word_1_544' title='bbox 3717 3584 3805 3654; x_wconf 80' lang='grc' dir='ltr'>τῷ</span> 
     </span>
    </p>
   </div>
   <div class='ocr_carea' id='block_1_77' title="bbox 2207 3663 3805 3736">
    <p class='ocr_par' dir='ltr' id='par_1_77' title="bbox 2207 3663 3805 3736">
     <span class='ocr_line' id='line_1_77' title="bbox 2207 3663 3805 3736; baseline 0.011 -24"><span class='ocrx_word' id='word_1_545' title='bbox 2207 3664 2564 3733; x_wconf 81' lang='grc' dir='ltr'>γεγεννηκότι</span> <span class='ocrx_word' id='word_1_546' title='bbox 2593 3663 2653 3716; x_wconf 81' lang='grc' dir='ltr'><strong>τὸ</strong></span> <span class='ocrx_word' id='word_1_547' title='bbox 2687 3665 2948 3734; x_wconf 79' lang='grc' dir='ltr'>γεννηθὲν</span> <span class='ocrx_word' id='word_1_548' title='bbox 2983 3666 3082 3736; x_wconf 89' lang='grc' dir='ltr'>οὐχ</span> <span class='ocrx_word' id='word_1_549' title='bbox 3109 3668 3417 3736; x_wconf 70' lang='grc' dir='ltr'>ὁμοούσιον,</span> <span class='ocrx_word' id='word_1_550' title='bbox 3454 3674 3608 3725; x_wconf 85' lang='grc' dir='ltr'>ποῖον</span> <span class='ocrx_word' id='word_1_551' title='bbox 3638 3675 3805 3731; x_wconf 81' lang='grc' dir='ltr'>ἔσται</span> 
     </span>
    </p>
   </div>
   <div class='ocr_carea' id='block_1_78' title="bbox 2205 3753 3803 3837">
    <p class='ocr_par' dir='ltr' id='par_1_78' title="bbox 2205 3753 3803 3837">
     <span class='ocr_line' id='line_1_78' title="bbox 2205 3753 3803 3837; baseline 0.009 -31"><span class='ocrx_word' id='word_1_552' title='bbox 2205 3753 2267 3806; x_wconf 78' lang='grc' dir='ltr'><strong>τὸ</strong></span> <span class='ocrx_word' id='word_1_553' title='bbox 2307 3754 2627 3824; x_wconf 83' lang='grc' dir='ltr'>ὁμοούσιον;</span> <span class='ocrx_word' id='word_1_554' title='bbox 2674 3757 2819 3826; x_wconf 78' lang='grc' dir='ltr'>’Λρα</span> <span class='ocrx_word' id='word_1_555' title='bbox 2868 3756 2929 3809; x_wconf 78' lang='grc' dir='ltr'>τὸ</span> <span class='ocrx_word' id='word_1_556' title='bbox 2979 3757 3054 3827; x_wconf 85' lang='grc' dir='ltr'>μὴ</span> <span class='ocrx_word' id='word_1_557' title='bbox 3098 3760 3357 3830; x_wconf 84' lang='grc' dir='ltr'>γεννηθὲν</span> <span class='ocrx_word' id='word_1_558' title='bbox 3388 3761 3482 3816; x_wconf 75' lang='grc' dir='ltr'>καὶ</span> <span class='ocrx_word' id='word_1_559' title='bbox 3512 3763 3803 3837; x_wconf 80' lang='grc' dir='ltr'>ἀλλότριον</span> 
     </span>
    </p>
   </div>
   <div class='ocr_carea' id='block_1_79' title="bbox 2204 3850 3806 3928">
    <p class='ocr_par' dir='ltr' id='par_1_79' title="bbox 2204 3850 3806 3928">
     <span class='ocr_line' id='line_1_79' title="bbox 2204 3850 3806 3928; baseline 0.005 -25"><span class='ocrx_word' id='word_1_560' title='bbox 2204 3851 2305 3920; x_wconf 78' lang='grc' dir='ltr'>τῆς</span> <span class='ocrx_word' id='word_1_561' title='bbox 2329 3850 2535 3914; x_wconf 84' lang='grc' dir='ltr'>οὐσίας,</span> <span class='ocrx_word' id='word_1_562' title='bbox 2560 3850 2591 3919; x_wconf 86' lang='grc' dir='ltr'>ἢ</span> <span class='ocrx_word' id='word_1_563' title='bbox 2622 3850 2686 3903; x_wconf 63' lang='grc' dir='ltr'>σὺ</span> <span class='ocrx_word' id='word_1_564' title='bbox 2708 3851 2817 3905; x_wconf 81' lang='grc' dir='ltr'>ἀπό</span> <span class='ocrx_word' id='word_1_565' title='bbox 2843 3868 2990 3913; x_wconf 81' lang='grc' dir='ltr'>τινος</span> <span class='ocrx_word' id='word_1_566' title='bbox 3017 3851 3220 3922; x_wconf 76' lang='grc' dir='ltr'>ληφθὲν</span> <span class='ocrx_word' id='word_1_567' title='bbox 3258 3854 3365 3907; x_wconf 84' lang='grc' dir='ltr'>τῶν</span> <span class='ocrx_word' id='word_1_568' title='bbox 3387 3855 3486 3907; x_wconf 83' lang='grc' dir='ltr'>ὅσα</span> <span class='ocrx_word' id='word_1_569' title='bbox 3517 3856 3636 3909; x_wconf 76' lang='grc' dir='ltr'>ἐστὶ</span> <span class='ocrx_word' id='word_1_570' title='bbox 3662 3859 3806 3928; x_wconf 76' lang='grc' dir='ltr'>περὶ</span> 
     </span>
    </p>
   </div>
   <div class='ocr_carea' id='block_1_80' title="bbox 2202 3942 3803 4013">
    <p class='ocr_par' dir='ltr' id='par_1_80' title="bbox 2202 3942 3803 4013">
     <span class='ocr_line' id='line_1_80' title="bbox 2202 3942 3803 4013; baseline 0.005 -19"><span class='ocrx_word' id='word_1_571' title='bbox 2202 3943 2299 4005; x_wconf 76' lang='grc' dir='ltr'><strong>τὰς</strong></span> <span class='ocrx_word' id='word_1_572' title='bbox 2336 3942 2524 4005; x_wconf 79' lang='grc' dir='ltr'>οὐσίας</span> <span class='ocrx_word' id='word_1_573' title='bbox 2545 3959 2557 3972; x_wconf 92' lang='grc'>·</span> <span class='ocrx_word' id='word_1_574' title='bbox 2590 3942 2725 3996; x_wconf 85' lang='grc' dir='ltr'>ἀλλὰ</span> <span class='ocrx_word' id='word_1_575' title='bbox 2756 3942 2912 3996; x_wconf 81' lang='grc' dir='ltr'>τοῦτο</span> <span class='ocrx_word' id='word_1_576' title='bbox 2957 3942 3237 3997; x_wconf 83' lang='grc' dir='ltr'>ἀδύνατον,</span> <span class='ocrx_word' id='word_1_577' title='bbox 3288 3946 3461 4013; x_wconf 84' lang='grc' dir='ltr'>Ἐρεῖς</span> <span class='ocrx_word' id='word_1_578' title='bbox 3498 3942 3591 4001; x_wconf 80' lang='grc' dir='ltr'><strong>οὖν</strong></span> <span class='ocrx_word' id='word_1_579' title='bbox 3618 3949 3701 4001; x_wconf 82' lang='grc' dir='ltr'><strong>ὅτι</strong></span> <span class='ocrx_word' id='word_1_580' title='bbox 3731 3951 3803 4002; x_wconf 82' lang='grc' dir='ltr'>τὸ</span> 
     </span>
    </p>
   </div>
   <div class='ocr_carea' id='block_1_81' title="bbox 2204 4033 3891 4106">
    <p class='ocr_par' dir='ltr' id='par_1_81' title="bbox 2204 4033 3891 4106">
     <span class='ocr_line' id='line_1_81' title="bbox 2204 4033 3891 4106; baseline 0.005 -20"><span class='ocrx_word' id='word_1_581' title='bbox 2204 4034 2496 4103; x_wconf 84' lang='grc' dir='ltr'>ἀγέννητον</span> <span class='ocrx_word' id='word_1_582' title='bbox 2544 4033 2624 4104; x_wconf 81' lang='grc' dir='ltr'>τῷ</span> <span class='ocrx_word' id='word_1_583' title='bbox 2677 4035 2959 4106; x_wconf 76' lang='grc' dir='ltr'>ἀγιεννήτῳ</span> <span class='ocrx_word' id='word_1_584' title='bbox 3008 4035 3225 4098; x_wconf 81' lang='grc' dir='ltr'>πάντως</span> <span class='ocrx_word' id='word_1_585' title='bbox 3277 4037 3581 4106; x_wconf 85' lang='grc' dir='ltr'>ὁμοούσιον,</span> <span class='ocrx_word' id='word_1_586' title='bbox 3624 4039 3688 4092; x_wconf 84' lang='grc' dir='ltr'>τὸ</span> <span class='ocrx_word' id='word_1_587' title='bbox 3733 4042 3800 4094; x_wconf 79' lang='grc' dir='ltr'>δὲ</span> <span class='ocrx_word' id='word_1_588' title='bbox 3888 4056 3891 4059; x_wconf 90' lang='grc'>·</span> 
     </span>
    </p>
   </div>
   <div class='ocr_carea' id='block_1_82' title="bbox 2202 4124 3799 4201">
    <p class='ocr_par' dir='ltr' id='par_1_82' title="bbox 2202 4124 3799 4201">
     <span class='ocr_line' id='line_1_82' title="bbox 2202 4124 3799 4201; baseline 0.004 -25"><span class='ocrx_word' id='word_1_589' title='bbox 2202 4125 2496 4197; x_wconf 83' lang='grc' dir='ltr'>ἀγέννητον</span> <span class='ocrx_word' id='word_1_590' title='bbox 2522 4124 2598 4195; x_wconf 81' lang='grc' dir='ltr'>τῷ</span> <span class='ocrx_word' id='word_1_591' title='bbox 2623 4125 2867 4195; x_wconf 84' lang='grc' dir='ltr'>γεννητῷ</span> <span class='ocrx_word' id='word_1_592' title='bbox 2888 4127 2986 4195; x_wconf 86' lang='grc' dir='ltr'><strong>οὐχ</strong></span> <span class='ocrx_word' id='word_1_593' title='bbox 3007 4129 3210 4197; x_wconf 81' lang='grc' dir='ltr'>ὅμοιον.</span> <span class='ocrx_word' id='word_1_594' title='bbox 3253 4128 3462 4181; x_wconf 83' lang='grc' dir='ltr'>Οὐκοῦν</span> <span class='ocrx_word' id='word_1_595' title='bbox 3487 4129 3799 4201; x_wconf 79' lang='grc' dir='ltr'>ἐπειδήπερ</span> 
     </span>
    </p>
   </div>
   <div class='ocr_carea' id='block_1_83' title="bbox 2200 4214 3797 4287">
    <p class='ocr_par' dir='ltr' id='par_1_83' title="bbox 2200 4214 3797 4287">
     <span class='ocr_line' id='line_1_83' title="bbox 2200 4214 3797 4287; baseline 0.004 -19"><span class='ocrx_word' id='word_1_596' title='bbox 2200 4215 2301 4268; x_wconf 88' lang='grc' dir='ltr'><strong>οὐκ</strong></span> <span class='ocrx_word' id='word_1_597' title='bbox 2351 4215 2615 4285; x_wconf 78' lang='grc' dir='ltr'>ἐγεννήθη</span> <span class='ocrx_word' id='word_1_598' title='bbox 2668 4214 2765 4285; x_wconf 78' lang='grc' dir='ltr'><strong>μὲν</strong></span> <span class='ocrx_word' id='word_1_599' title='bbox 2797 4217 2825 4268; x_wconf 91' lang='lat'><strong>6</strong></span> <span class='ocrx_word' id='word_1_600' title='bbox 2866 4215 3056 4286; x_wconf 75' lang='grc' dir='ltr'>Ἀδὰμ,</span> <span class='ocrx_word' id='word_1_601' title='bbox 3096 4216 3358 4287; x_wconf 82' lang='grc' dir='ltr'>ἐγεννήθη</span> <span class='ocrx_word' id='word_1_602' title='bbox 3408 4218 3464 4271; x_wconf 84' lang='grc' dir='ltr'><strong>δέ</strong></span> <span class='ocrx_word' id='word_1_603' title='bbox 3502 4219 3668 4273; x_wconf 78' lang='grc' dir='ltr'>Ἀὁελ</span> <span class='ocrx_word' id='word_1_604' title='bbox 3723 4224 3797 4276; x_wconf 81' lang='grc' dir='ltr'>ἐκ</span> 
     </span>
    </p>
   </div>
   <div class='ocr_carea' id='block_1_84' title="bbox 2200 4305 3793 4378">
    <p class='ocr_par' dir='ltr' id='par_1_84' title="bbox 2200 4305 3793 4378">
     <span class='ocr_line' id='line_1_84' title="bbox 2200 4305 3793 4378; baseline 0.003 -20"><span class='ocrx_word' id='word_1_605' title='bbox 2200 4307 2476 4374; x_wconf 73' lang='grc' dir='ltr'>γυναικὸς,</span> <span class='ocrx_word' id='word_1_606' title='bbox 2498 4306 2597 4358; x_wconf 82' lang='grc' dir='ltr'><strong>οὐκ</strong></span> <span class='ocrx_word' id='word_1_607' title='bbox 2626 4306 2779 4359; x_wconf 76' lang='grc' dir='ltr'>ἔσται</span> <span class='ocrx_word' id='word_1_608' title='bbox 2808 4305 2886 4375; x_wconf 83' lang='grc' dir='ltr'><strong>τῷ</strong></span> <span class='ocrx_word' id='word_1_609' title='bbox 2923 4307 3092 4376; x_wconf 83' lang='grc' dir='ltr'>Ἀδὰμ</span> <span class='ocrx_word' id='word_1_610' title='bbox 3115 4307 3417 4377; x_wconf 86' lang='grc' dir='ltr'>όμοούσιος.</span> <span class='ocrx_word' id='word_1_611' title='bbox 3454 4308 3517 4360; x_wconf 82' lang='grc' dir='ltr'><strong>Εἰ</strong></span> <span class='ocrx_word' id='word_1_612' title='bbox 3546 4309 3601 4362; x_wconf 89' lang='grc' dir='ltr'>δὲ</span> <span class='ocrx_word' id='word_1_613' title='bbox 3631 4312 3793 4378; x_wconf 79' lang='grc' dir='ltr'>ἐγεν-</span> 
     </span>
    </p>
   </div>
   <div class='ocr_carea' id='block_1_85' title="bbox 2200 4395 3796 4471">
    <p class='ocr_par' dir='ltr' id='par_1_85' title="bbox 2200 4395 3796 4471">
     <span class='ocr_line' id='line_1_85' title="bbox 2200 4395 3796 4471; baseline 0.004 -24"><span class='ocrx_word' id='word_1_614' title='bbox 2200 4395 2338 4467; x_wconf 88' lang='grc' dir='ltr'>νήθη</span> <span class='ocrx_word' id='word_1_615' title='bbox 2373 4397 2492 4466; x_wconf 85' lang='grc' dir='ltr'>μὲν,</span> <span class='ocrx_word' id='word_1_616' title='bbox 2523 4395 2638 4465; x_wconf 79' lang='grc' dir='ltr'>ἔχει</span> <span class='ocrx_word' id='word_1_617' title='bbox 2683 4396 2738 4448; x_wconf 84' lang='grc' dir='ltr'><strong>δὲ</strong></span> <span class='ocrx_word' id='word_1_618' title='bbox 2766 4399 2867 4467; x_wconf 81' lang='grc' dir='ltr'><strong>τῆς</strong></span> <span class='ocrx_word' id='word_1_619' title='bbox 2919 4397 3137 4465; x_wconf 83' lang='grc' dir='ltr'>φύσεως</span> <span class='ocrx_word' id='word_1_620' title='bbox 3164 4396 3260 4468; x_wconf 84' lang='grc' dir='ltr'>τὴν</span> <span class='ocrx_word' id='word_1_621' title='bbox 3295 4399 3604 4468; x_wconf 80' lang='grc' dir='ltr'>ταύτότητα</span> <span class='ocrx_word' id='word_1_622' title='bbox 3649 4402 3796 4471; x_wconf 72' lang='grc' dir='ltr'>πρὸς</span> 
     </span>
    </p>
   </div>
   <div class='ocr_carea' id='block_1_86' title="bbox 515 4462 2108 4559">
    <p class='ocr_par' dir='ltr' id='par_1_86' title="bbox 515 4480 2096 4553">
     <span class='ocr_line' id='line_1_86' title="bbox 515 4480 2096 4553; baseline -0.009 -5"><span class='ocrx_word' id='word_1_623' title='bbox 515 4502 602 4548; x_wconf 85' lang='lat' dir='ltr'><strong>est</strong></span> <span class='ocrx_word' id='word_1_624' title='bbox 627 4507 747 4546; x_wconf 85' lang='lat' dir='ltr'><strong>cum</strong></span> <span class='ocrx_word' id='word_1_625' title='bbox 775 4489 982 4542; x_wconf 81' lang='lat' dir='ltr'><strong>Adamo</strong></span> <span class='ocrx_word' id='word_1_626' title='bbox 1008 4488 1171 4541; x_wconf 82' lang='lat' dir='ltr'><strong>etiam</strong></span> <span class='ocrx_word' id='word_1_627' title='bbox 1231 4501 1335 4538; x_wconf 91' lang='lat' dir='ltr'><strong>non</strong></span> <span class='ocrx_word' id='word_1_628' title='bbox 1368 4483 1550 4553; x_wconf 79' lang='lat' dir='ltr'><strong>genito</strong></span> <span class='ocrx_word' id='word_1_629' title='bbox 1583 4490 1815 4547; x_wconf 74' lang='lat' dir='ltr'><strong>natoue,</strong></span> <span class='ocrx_word' id='word_1_630' title='bbox 1838 4480 1963 4548; x_wconf 87' lang='lat' dir='ltr'><strong>quid</strong></span> <span class='ocrx_word' id='word_1_631' title='bbox 2001 4482 2096 4534; x_wconf 85' lang='lat' dir='ltr'><strong>ob-</strong></span> 
     </span>
    </p>
   </div>
   <div class='ocr_carea' id='block_1_87' title="bbox 2207 4462 3795 4559">
    <p class='ocr_par' dir='ltr' id='par_1_87' title="bbox 2207 4462 3795 4559">
     <span class='ocr_line' id='line_1_87' title="bbox 2207 4462 3795 4559; baseline 0.004 -21"><span class='ocrx_word' id='word_1_632' title='bbox 2207 4462 2289 4539; x_wconf 74' lang='grc' dir='ltr'><strong>τδν</strong></span> <span class='ocrx_word' id='word_1_633' title='bbox 2329 4462 2523 4557; x_wconf 47' lang='grc' dir='ltr'><strong>ὶᾸδόιμ,</strong></span> <span class='ocrx_word' id='word_1_634' title='bbox 2554 4462 2735 4540; x_wconf 54' lang='lat' dir='ltr'><strong>imitat</strong></span> <span class='ocrx_word' id='word_1_635' title='bbox 2908 4462 3324 4559; x_wconf 79' lang='grc' dir='ltr'>γεγεννημένον,</span> <span class='ocrx_word' id='word_1_636' title='bbox 3355 4489 3410 4542; x_wconf 83' lang='grc' dir='ltr'><strong>τί</strong></span> <span class='ocrx_word' id='word_1_637' title='bbox 3445 4462 3641 4543; x_wconf 54' lang='grc' dir='ltr'>κωλύει</span> <span class='ocrx_word' id='word_1_638' title='bbox 3690 4462 3795 4546; x_wconf 59' lang='lat' dir='ltr'><strong>Qui</strong></span> 
     </span>
    </p>
   </div>
   <div class='ocr_carea' id='block_1_88' title="bbox 517 4570 2096 4653">
    <p class='ocr_par' dir='ltr' id='par_1_88' title="bbox 517 4570 2096 4653">
     <span class='ocr_line' id='line_1_88' title="bbox 517 4570 2096 4653; baseline -0.009 -14"><span class='ocrx_word' id='word_1_639' title='bbox 517 4592 629 4640; x_wconf 87' lang='lat' dir='ltr'><strong>stat</strong></span> <span class='ocrx_word' id='word_1_640' title='bbox 661 4582 952 4653; x_wconf 84' lang='lat' dir='ltr'><strong>quominus</strong></span> <span class='ocrx_word' id='word_1_641' title='bbox 988 4579 1157 4633; x_wconf 86' lang='lat' dir='ltr'><strong>Filius</strong></span> <span class='ocrx_word' id='word_1_642' title='bbox 1199 4592 1264 4632; x_wconf 81' lang='lat' dir='ltr'><strong>ex</strong></span> <span class='ocrx_word' id='word_1_643' title='bbox 1314 4575 1552 4644; x_wconf 72' lang='lat' dir='ltr'><strong>ingenito</strong></span> <span class='ocrx_word' id='word_1_644' title='bbox 1597 4570 1756 4625; x_wconf 81' lang='lat' dir='ltr'><strong>Patre</strong></span> <span class='ocrx_word' id='word_1_645' title='bbox 1797 4573 2009 4641; x_wconf 80' lang='lat' dir='ltr'><strong>genitus</strong></span> <span class='ocrx_word' id='word_1_646' title='bbox 2049 4572 2096 4625; x_wconf 79' lang='lat' dir='ltr'><strong>ci</strong></span> 
     </span>
    </p>
   </div>
   <div class='ocr_carea' id='block_1_89' title="bbox 517 4668 1131 4733">
    <p class='ocr_par' dir='ltr' id='par_1_89' title="bbox 517 4668 1131 4733">
     <span class='ocr_line' id='line_1_89' title="bbox 517 4668 1131 4733; baseline -0.02 0"><span class='ocrx_word' id='word_1_647' title='bbox 517 4679 582 4733; x_wconf 84' lang='lat' dir='ltr'><strong>sit</strong></span> <span class='ocrx_word' id='word_1_648' title='bbox 618 4668 1131 4731; x_wconf 77' lang='lat' dir='ltr'><strong>consubstantialis?</strong></span> 
     </span>
    </p>
   </div>
   <div class='ocr_carea' id='block_1_90' title="bbox 935 4781 1671 4859">
    <p class='ocr_par' dir='ltr' id='par_1_90' title="bbox 935 4781 1671 4859">
     <span class='ocr_line' id='line_1_90' title="bbox 935 4781 1671 4859; baseline -0.012 -19"><span class='ocrx_word' id='word_1_649' title='bbox 935 4786 1049 4859; x_wconf 76' lang='lat'><strong>68</strong></span> <span class='ocrx_word' id='word_1_650' title='bbox 1079 4782 1306 4847; x_wconf 77' lang='lat' dir='ltr'><strong>ALIUD,</strong></span> <span class='ocrx_word' id='word_1_651' title='bbox 1338 4781 1671 4848; x_wconf 70' lang='lat' dir='ltr'><strong>explicatius.</strong></span> 
     </span>
    </p>
   </div>
   <div class='ocr_carea' id='block_1_91' title="bbox 583 4894 2096 4963">
    <p class='ocr_par' dir='ltr' id='par_1_91' title="bbox 583 4894 2096 4963">
     <span class='ocr_line' id='line_1_91' title="bbox 583 4894 2096 4963; baseline -0.009 -2"><span class='ocrx_word' id='word_1_652' title='bbox 583 4905 836 4961; x_wconf 87' lang='lat' dir='ltr'><strong>Genitum</strong></span> <span class='ocrx_word' id='word_1_653' title='bbox 877 4917 997 4957; x_wconf 85' lang='lat' dir='ltr'><strong>esse</strong></span> <span class='ocrx_word' id='word_1_654' title='bbox 1032 4901 1231 4955; x_wconf 83' lang='lat' dir='ltr'><strong>Filium</strong></span> <span class='ocrx_word' id='word_1_655' title='bbox 1273 4913 1339 4952; x_wconf 78' lang='lat' dir='ltr'><strong>ex</strong></span> <span class='ocrx_word' id='word_1_656' title='bbox 1371 4895 1531 4951; x_wconf 85' lang='lat' dir='ltr'><strong>Patre</strong></span> <span class='ocrx_word' id='word_1_657' title='bbox 1566 4897 1731 4950; x_wconf 89' lang='lat' dir='ltr'><strong>etiam</strong></span> <span class='ocrx_word' id='word_1_658' title='bbox 1771 4894 1868 4963; x_wconf 91' lang='lat' dir='ltr'><strong>ipsi</strong></span> <span class='ocrx_word' id='word_1_659' title='bbox 1911 4894 2096 4948; x_wconf 80' lang='lat' dir='ltr'><strong>hostes</strong></span> 
     </span>
    </p>
   </div>
   <div class='ocr_carea' id='block_1_92' title="bbox 512 4988 2093 5060">
    <p class='ocr_par' dir='ltr' id='par_1_92' title="bbox 512 4988 2093 5060">
     <span class='ocr_line' id='line_1_92' title="bbox 512 4988 2093 5060; baseline -0.009 -5"><span class='ocrx_word' id='word_1_660' title='bbox 512 5000 713 5055; x_wconf 79' lang='lat' dir='ltr'><strong>Christi</strong></span> <span class='ocrx_word' id='word_1_661' title='bbox 757 4996 1117 5060; x_wconf 78' lang='lat' dir='ltr'><strong>conﬁtentur;</strong></span> <span class='ocrx_word' id='word_1_662' title='bbox 1163 5005 1336 5060; x_wconf 87' lang='lat' dir='ltr'><strong>neque</strong></span> <span class='ocrx_word' id='word_1_663' title='bbox 1383 4990 1699 5059; x_wconf 83' lang='lat' dir='ltr'><strong>quisquam,</strong></span> <span class='ocrx_word' id='word_1_664' title='bbox 1734 4988 1993 5050; x_wconf 83' lang='lat' dir='ltr'><strong>arbitror,</strong></span> <span class='ocrx_word' id='word_1_665' title='bbox 2028 5004 2093 5040; x_wconf 82' lang='lat' dir='ltr'><strong>eo</strong></span> 
     </span>
    </p>
   </div>
   <div class='ocr_carea' id='block_1_93' title="bbox 513 5080 2090 5160">
    <p class='ocr_par' dir='ltr' id='par_1_93' title="bbox 513 5080 2090 5160">
     <span class='ocr_line' id='line_1_93' title="bbox 513 5080 2090 5160; baseline -0.008 -16"><span class='ocrx_word' id='word_1_666' title='bbox 513 5091 767 5160; x_wconf 76' lang='lat' dir='ltr'><strong>nequitia:</strong></span> <span class='ocrx_word' id='word_1_667' title='bbox 793 5086 1030 5152; x_wconf 75' lang='lat' dir='ltr'><strong>devenit,</strong></span> <span class='ocrx_word' id='word_1_668' title='bbox 1059 5094 1119 5138; x_wconf 94' lang='lat' dir='ltr'><strong>ut</strong></span> <span class='ocrx_word' id='word_1_669' title='bbox 1143 5083 1341 5136; x_wconf 87' lang='lat' dir='ltr'><strong>audeat</strong></span> <span class='ocrx_word' id='word_1_670' title='bbox 1366 5082 1550 5136; x_wconf 88' lang='lat' dir='ltr'><strong>dicere</strong></span> <span class='ocrx_word' id='word_1_671' title='bbox 1576 5081 1749 5149; x_wconf 87' lang='lat' dir='ltr'><strong>ipsum</strong></span> <span class='ocrx_word' id='word_1_672' title='bbox 1781 5080 2004 5146; x_wconf 89' lang='lat' dir='ltr'><strong>perinde</strong></span> <span class='ocrx_word' id='word_1_673' title='bbox 2026 5093 2090 5132; x_wconf 86' lang='lat' dir='ltr'><strong>ac</strong></span> 
     </span>
    </p>
   </div>
   <div class='ocr_carea' id='block_1_94' title="bbox 509 5172 2086 5235">
    <p class='ocr_par' dir='ltr' id='par_1_94' title="bbox 509 5172 2086 5235">
     <span class='ocr_line' id='line_1_94' title="bbox 509 5172 2086 5235; baseline -0.009 1"><span class='ocrx_word' id='word_1_674' title='bbox 509 5193 790 5235; x_wconf 81' lang='lat' dir='ltr'><strong>creaturas</strong></span> <span class='ocrx_word' id='word_1_675' title='bbox 831 5179 1041 5233; x_wconf 88' lang='lat' dir='ltr'><strong>ratione</strong></span> <span class='ocrx_word' id='word_1_676' title='bbox 1061 5183 1269 5229; x_wconf 73' lang='lat' dir='ltr'><strong>natura:</strong></span> <span class='ocrx_word' id='word_1_677' title='bbox 1306 5183 1461 5227; x_wconf 76' lang='lat' dir='ltr'><strong>extra</strong></span> <span class='ocrx_word' id='word_1_678' title='bbox 1529 5172 1770 5226; x_wconf 79' lang='lat' dir='ltr'><strong>divinam</strong></span> <span class='ocrx_word' id='word_1_679' title='bbox 1794 5172 2086 5225; x_wconf 88' lang='lat' dir='ltr'><strong>essentiam</strong></span> 
     </span>
    </p>
   </div>
   <div class='ocr_carea' id='block_1_95' title="bbox 506 5263 2086 5340">
    <p class='ocr_par' dir='ltr' id='par_1_95' title="bbox 506 5263 2086 5340">
     <span class='ocr_line' id='line_1_95' title="bbox 506 5263 2086 5340; baseline -0.008 -13"><span class='ocrx_word' id='word_1_680' title='bbox 506 5288 652 5328; x_wconf 58' lang='lat' dir='ltr'><strong>esse.</strong></span> <span class='ocrx_word' id='word_1_681' title='bbox 684 5270 742 5327; x_wconf 90' lang='lat' dir='ltr'><strong>Si</strong></span> <span class='ocrx_word' id='word_1_682' title='bbox 784 5269 947 5340; x_wconf 75' lang='lat' dir='ltr'><strong>igitur</strong></span> <span class='ocrx_word' id='word_1_683' title='bbox 986 5265 1173 5335; x_wconf 68' lang='lat' dir='ltr'><strong>genuit</strong></span> <span class='ocrx_word' id='word_1_684' title='bbox 1205 5278 1270 5321; x_wconf 75' lang='lat' dir='ltr'><strong>ex</strong></span> <span class='ocrx_word' id='word_1_685' title='bbox 1306 5280 1365 5320; x_wconf 83' lang='lat' dir='ltr'><strong>se</strong></span> <span class='ocrx_word' id='word_1_686' title='bbox 1399 5263 1559 5318; x_wconf 85' lang='lat' dir='ltr'><strong>Pater</strong></span> <span class='ocrx_word' id='word_1_687' title='bbox 1591 5263 1819 5329; x_wconf 87' lang='lat' dir='ltr'><strong>Filium,</strong></span> <span class='ocrx_word' id='word_1_688' title='bbox 1846 5279 1944 5317; x_wconf 90' lang='lat' dir='ltr'><strong>cur</strong></span> <span class='ocrx_word' id='word_1_689' title='bbox 1980 5278 2086 5319; x_wconf 88' lang='lat' dir='ltr'><strong>non</strong></span> 
     </span>
    </p>
   </div>
   <div class='ocr_carea' id='block_1_96' title="bbox 507 5354 2085 5419">
    <p class='ocr_par' dir='ltr' id='par_1_96' title="bbox 507 5354 2085 5419">
     <span class='ocr_line' id='line_1_96' title="bbox 507 5354 2085 5419; baseline -0.006 -1"><span class='ocrx_word' id='word_1_690' title='bbox 507 5366 615 5418; x_wconf 87' lang='lat' dir='ltr'><strong>erit</strong></span> <span class='ocrx_word' id='word_1_691' title='bbox 644 5357 1154 5419; x_wconf 80' lang='lat' dir='ltr'><strong>censubstantialis?</strong></span> <span class='ocrx_word' id='word_1_692' title='bbox 1188 5358 1376 5413; x_wconf 88' lang='lat' dir='ltr'><strong>Dicant</strong></span> <span class='ocrx_word' id='word_1_693' title='bbox 1418 5358 1573 5412; x_wconf 88' lang='lat' dir='ltr'><strong>nobis</strong></span> <span class='ocrx_word' id='word_1_694' title='bbox 1604 5356 1696 5410; x_wconf 86' lang='lat' dir='ltr'><strong>Dei</strong></span> <span class='ocrx_word' id='word_1_695' title='bbox 1727 5354 1889 5411; x_wconf 85' lang='lat' dir='ltr'><strong>Verbi</strong></span> <span class='ocrx_word' id='word_1_696' title='bbox 1923 5372 2085 5411; x_wconf 86' lang='lat' dir='ltr'><strong>accu-</strong></span> 
     </span>
    </p>
   </div>
   <div class='ocr_carea' id='block_1_97' title="bbox 506 5448 2082 5520">
    <p class='ocr_par' dir='ltr' id='par_1_97' title="bbox 506 5448 2082 5520">
     <span class='ocr_line' id='line_1_97' title="bbox 506 5448 2082 5520; baseline -0.005 -12"><span class='ocrx_word' id='word_1_697' title='bbox 506 5464 739 5508; x_wconf 89' lang='lat' dir='ltr'><strong>satores.</strong></span> <span class='ocrx_word' id='word_1_698' title='bbox 770 5451 903 5505; x_wconf 88' lang='lat' dir='ltr'><strong>Nant</strong></span> <span class='ocrx_word' id='word_1_699' title='bbox 937 5459 1029 5504; x_wconf 90' lang='lat' dir='ltr'><strong>aut</strong></span> <span class='ocrx_word' id='word_1_700' title='bbox 1061 5452 1184 5520; x_wconf 84' lang='lat' dir='ltr'><strong>quia</strong></span> <span class='ocrx_word' id='word_1_701' title='bbox 1222 5465 1325 5505; x_wconf 81' lang='lat' dir='ltr'><strong>non</strong></span> <span class='ocrx_word' id='word_1_702' title='bbox 1361 5452 1566 5519; x_wconf 87' lang='lat' dir='ltr'><strong>potuit,</strong></span> <span class='ocrx_word' id='word_1_703' title='bbox 1594 5459 1686 5503; x_wconf 90' lang='lat' dir='ltr'><strong>aut</strong></span> <span class='ocrx_word' id='word_1_704' title='bbox 1719 5449 1843 5519; x_wconf 90' lang='lat' dir='ltr'><strong>quia</strong></span> <span class='ocrx_word' id='word_1_705' title='bbox 1882 5448 2082 5511; x_wconf 87' lang='lat' dir='ltr'><strong>noluit,</strong></span> 
     </span>
    </p>
   </div>
   <div class='ocr_carea' id='block_1_98' title="bbox 506 5544 2079 5614">
    <p class='ocr_par' dir='ltr' id='par_1_98' title="bbox 506 5544 2079 5614">
     <span class='ocr_line' id='line_1_98' title="bbox 506 5544 2079 5614; baseline -0.003 -17"><span class='ocrx_word' id='word_1_706' title='bbox 506 5547 669 5598; x_wconf 85' lang='lat' dir='ltr'><strong>talem</strong></span> <span class='ocrx_word' id='word_1_707' title='bbox 718 5546 892 5613; x_wconf 88' lang='lat' dir='ltr'><strong>ipsum</strong></span> <span class='ocrx_word' id='word_1_708' title='bbox 937 5553 1179 5614; x_wconf 76' lang='lat' dir='ltr'><strong>generat.</strong></span> <span class='ocrx_word' id='word_1_709' title='bbox 1228 5544 1284 5597; x_wconf 83' lang='lat' dir='ltr'><strong>Si</strong></span> <span class='ocrx_word' id='word_1_710' title='bbox 1329 5545 1511 5597; x_wconf 82' lang='lat' dir='ltr'><strong>tlieant</strong></span> <span class='ocrx_word' id='word_1_711' title='bbox 1559 5544 1684 5613; x_wconf 87' lang='lat' dir='ltr'><strong>quia</strong></span> <span class='ocrx_word' id='word_1_712' title='bbox 1730 5559 1834 5596; x_wconf 87' lang='lat' dir='ltr'><strong>non</strong></span> <span class='ocrx_word' id='word_1_713' title='bbox 1879 5545 2079 5610; x_wconf 86' lang='lat' dir='ltr'><strong>potuit,</strong></span> 
     </span>
    </p>
   </div>
   <div class='ocr_carea' id='block_1_99' title="bbox 506 5632 2080 5703">
    <p class='ocr_par' dir='ltr' id='par_1_99' title="bbox 506 5632 2080 5703">
     <span class='ocr_line' id='line_1_99' title="bbox 506 5632 2080 5703; baseline 0.002 -19"><span class='ocrx_word' id='word_1_714' title='bbox 506 5639 703 5703; x_wconf 66' lang='lat' dir='ltr'><strong>pudt-nl</strong></span> <span class='ocrx_word' id='word_1_715' title='bbox 749 5634 866 5687; x_wconf 87' lang='lat' dir='ltr'><strong>illos</strong></span> <span class='ocrx_word' id='word_1_716' title='bbox 906 5632 1082 5688; x_wconf 89' lang='lat' dir='ltr'><strong>Patris</strong></span> <span class='ocrx_word' id='word_1_717' title='bbox 1126 5636 1417 5689; x_wconf 84' lang='lat' dir='ltr'><strong>essentiam</strong></span> <span class='ocrx_word' id='word_1_718' title='bbox 1463 5634 1791 5688; x_wconf 85' lang='lat' dir='ltr'><strong>couttmtelia</strong></span> <span class='ocrx_word' id='word_1_719' title='bbox 1838 5634 2080 5695; x_wconf 84' lang='lat' dir='ltr'><strong>allicere,</strong></span> 
     </span>
    </p>
   </div>
   <div class='ocr_carea' id='block_1_100' title="bbox 506 5720 2081 5788">
    <p class='ocr_par' dir='ltr' id='par_1_100' title="bbox 506 5720 2081 5788">
     <span class='ocr_line' id='line_1_100' title="bbox 506 5720 2081 5788; baseline -0.002 -12"><span class='ocrx_word' id='word_1_720' title='bbox 506 5740 627 5776; x_wconf 73' lang='lat' dir='ltr'><strong>eum</strong></span> <span class='ocrx_word' id='word_1_721' title='bbox 669 5724 1033 5788; x_wconf 81' lang='lat' dir='ltr'><strong>impotentiam</strong></span> <span class='ocrx_word' id='word_1_722' title='bbox 1075 5723 1147 5776; x_wconf 79' lang='lat' dir='ltr'><strong>illi</strong></span> <span class='ocrx_word' id='word_1_723' title='bbox 1188 5725 1426 5777; x_wconf 84' lang='lat' dir='ltr'><strong>trtlmcre</strong></span> <span class='ocrx_word' id='word_1_724' title='bbox 1459 5723 1690 5788; x_wconf 81' lang='lat' dir='ltr'><strong>audent;</strong></span> <span class='ocrx_word' id='word_1_725' title='bbox 1728 5720 1773 5775; x_wconf 81' lang='lat' dir='ltr'><strong>si</strong></span> <span class='ocrx_word' id='word_1_726' title='bbox 1807 5735 1936 5773; x_wconf 77' lang='lat' dir='ltr'><strong>vero</strong></span> <span class='ocrx_word' id='word_1_727' title='bbox 1975 5720 2081 5773; x_wconf 79' lang='lat' dir='ltr'><strong>alio</strong></span> 
     </span>
    </p>
   </div>
   <div class='ocr_carea' id='block_1_101' title="bbox 2199 4564 3794 4654">
    <p class='ocr_par' dir='ltr' id='par_1_101' title="bbox 2199 4564 3794 4654">
     <span class='ocr_line' id='line_1_101' title="bbox 2199 4564 3794 4654; baseline 0.004 -21"><span class='ocrx_word' id='word_1_728' title='bbox 2199 4580 2290 4633; x_wconf 74' lang='grc' dir='ltr'><strong>τὸν</strong></span> <span class='ocrx_word' id='word_1_729' title='bbox 2333 4580 2459 4633; x_wconf 77' lang='grc' dir='ltr'>Υἱὸν</span> <span class='ocrx_word' id='word_1_730' title='bbox 2502 4580 2562 4644; x_wconf 84' lang='grc' dir='ltr'>ἐξ</span> <span class='ocrx_word' id='word_1_731' title='bbox 2598 4564 2894 4652; x_wconf 72' lang='grc' dir='ltr'>ἀγεννητου</span> <span class='ocrx_word' id='word_1_732' title='bbox 2941 4582 3155 4653; x_wconf 84' lang='grc' dir='ltr'>Πατρὸς</span> <span class='ocrx_word' id='word_1_733' title='bbox 3192 4581 3321 4636; x_wconf 77' lang='grc' dir='ltr'>ὄντα</span> <span class='ocrx_word' id='word_1_734' title='bbox 3355 4584 3610 4654; x_wconf 82' lang='grc' dir='ltr'>γεννητὸν</span> <span class='ocrx_word' id='word_1_735' title='bbox 3643 4581 3794 4640; x_wconf 78' lang='grc' dir='ltr'>εἶναι</span> 
     </span>
    </p>
   </div>
   <div class='ocr_carea' id='block_1_102' title="bbox 2198 4670 2640 4742">
    <p class='ocr_par' dir='ltr' id='par_1_102' title="bbox 2198 4670 2640 4742">
     <span class='ocr_line' id='line_1_102' title="bbox 2198 4670 2640 4742; baseline 0.007 -20"><span class='ocrx_word' id='word_1_736' title='bbox 2198 4670 2295 4725; x_wconf 78' lang='grc' dir='ltr'><strong>καὶ</strong></span> <span class='ocrx_word' id='word_1_737' title='bbox 2321 4671 2605 4742; x_wconf 89' lang='grc' dir='ltr'>ὁμοούσιον</span> <span class='ocrx_word' id='word_1_738' title='bbox 2623 4690 2640 4739; x_wconf 85' lang='lat'><strong>;</strong></span> 
     </span>
    </p>
   </div>
   <div class='ocr_carea' id='block_1_103' title="bbox 2634 4785 3327 4856">
    <p class='ocr_par' dir='ltr' id='par_1_103' title="bbox 2634 4785 3327 4856">
     <span class='ocr_line' id='line_1_103' title="bbox 2634 4785 3327 4856; baseline 0.003 -18"><span class='ocrx_word' id='word_1_739' title='bbox 2634 4786 2837 4849; x_wconf 83' lang='grc' dir='ltr'><strong>ΔΛΛΟ,</strong></span> <span class='ocrx_word' id='word_1_740' title='bbox 2876 4785 3327 4856; x_wconf 76' lang='grc' dir='ltr'>διηγηματικῶς.</span> 
     </span>
    </p>
   </div>
   <div class='ocr_carea' id='block_1_104' title="bbox 2267 4899 3787 4972">
    <p class='ocr_par' dir='ltr' id='par_1_104' title="bbox 2267 4899 3787 4972">
     <span class='ocr_line' id='line_1_104' title="bbox 2267 4899 3787 4972; baseline 0.003 -21"><span class='ocrx_word' id='word_1_741' title='bbox 2267 4899 2629 4966; x_wconf 83' lang='grc' dir='ltr'>Γεγεννῆσθαι</span> <span class='ocrx_word' id='word_1_742' title='bbox 2655 4901 2745 4955; x_wconf 86' lang='grc' dir='ltr'><strong>τὸν</strong></span> <span class='ocrx_word' id='word_1_743' title='bbox 2778 4900 2905 4953; x_wconf 84' lang='grc' dir='ltr'><strong>Υἰὺν</strong></span> <span class='ocrx_word' id='word_1_744' title='bbox 2929 4902 2992 4953; x_wconf 88' lang='grc' dir='ltr'><strong>ἐκ</strong></span> <span class='ocrx_word' id='word_1_745' title='bbox 3023 4900 3238 4972; x_wconf 83' lang='grc' dir='ltr'>Πατρὸς</span> <span class='ocrx_word' id='word_1_746' title='bbox 3263 4902 3357 4954; x_wconf 77' lang='grc' dir='ltr'>καὶ</span> <span class='ocrx_word' id='word_1_747' title='bbox 3391 4902 3441 4952; x_wconf 82' lang='grc' dir='ltr'>οἱ</span> <span class='ocrx_word' id='word_1_748' title='bbox 3482 4902 3787 4971; x_wconf 64' lang='grc' dir='ltr'>χριστομάς</span> 
     </span>
    </p>
   </div>
   <div class='ocr_carea' id='block_1_105' title="bbox 2198 4986 3783 5059">
    <p class='ocr_par' dir='ltr' id='par_1_105' title="bbox 2198 4986 3783 5059">
     <span class='ocr_line' id='line_1_105' title="bbox 2198 4986 3783 5059; baseline 0.002 -20"><span class='ocrx_word' id='word_1_749' title='bbox 2198 5006 2283 5059; x_wconf 86' lang='grc' dir='ltr'><strong>χοι</strong></span> <span class='ocrx_word' id='word_1_750' title='bbox 2314 4986 2697 5058; x_wconf 82' lang='grc' dir='ltr'>συνθήσονται’</span> <span class='ocrx_word' id='word_1_751' title='bbox 2754 4990 2847 5042; x_wconf 59' lang='grc' dir='ltr'><strong>καὶ¹</strong></span> <span class='ocrx_word' id='word_1_752' title='bbox 2871 4990 2970 5042; x_wconf 78' lang='grc' dir='ltr'><strong>οὐκ</strong></span> <span class='ocrx_word' id='word_1_753' title='bbox 3022 4987 3088 5042; x_wconf 87' lang='grc' dir='ltr'>ἄν</span> <span class='ocrx_word' id='word_1_754' title='bbox 3116 5007 3218 5052; x_wconf 82' lang='grc' dir='ltr'>τις,</span> <span class='ocrx_word' id='word_1_755' title='bbox 3268 4988 3444 5058; x_wconf 80' lang='grc' dir='ltr'>οἶμαι,</span> <span class='ocrx_word' id='word_1_756' title='bbox 3474 4990 3609 5059; x_wconf 76' lang='grc' dir='ltr'>πρὸς</span> <span class='ocrx_word' id='word_1_757' title='bbox 3644 5006 3783 5042; x_wconf 75' lang='grc' dir='ltr'>τοσ-</span> 
     </span>
    </p>
   </div>
   <div class='ocr_carea' id='block_1_106' title="bbox 2199 5078 3785 5151">
    <p class='ocr_par' dir='ltr' id='par_1_106' title="bbox 2199 5078 3785 5151">
     <span class='ocr_line' id='line_1_106' title="bbox 2199 5078 3785 5151; baseline 0.001 -19"><span class='ocrx_word' id='word_1_758' title='bbox 2199 5079 2368 5151; x_wconf 84' lang='grc' dir='ltr'>αύτην</span> <span class='ocrx_word' id='word_1_759' title='bbox 2399 5079 2589 5133; x_wconf 82' lang='grc' dir='ltr'>ἐλάσαι</span> <span class='ocrx_word' id='word_1_760' title='bbox 2630 5079 2850 5144; x_wconf 84' lang='grc' dir='ltr'>κακίαν,</span> <span class='ocrx_word' id='word_1_761' title='bbox 2895 5080 2971 5142; x_wconf 86' lang='grc' dir='ltr'>ὡς</span> <span class='ocrx_word' id='word_1_762' title='bbox 3002 5079 3270 5149; x_wconf 83' lang='grc' dir='ltr'>τολμῆσαι</span> <span class='ocrx_word' id='word_1_763' title='bbox 3300 5078 3551 5150; x_wconf 83' lang='grc' dir='ltr'>καθάπερ</span> <span class='ocrx_word' id='word_1_764' title='bbox 3586 5080 3681 5132; x_wconf 79' lang='grc' dir='ltr'><strong>καὶ</strong></span> <span class='ocrx_word' id='word_1_765' title='bbox 3710 5080 3785 5134; x_wconf 81' lang='grc' dir='ltr'>τὰ</span> 
     </span>
    </p>
   </div>
   <div class='ocr_carea' id='block_1_107' title="bbox 2197 5171 3781 5243">
    <p class='ocr_par' dir='ltr' id='par_1_107' title="bbox 2197 5171 3781 5243">
     <span class='ocr_line' id='line_1_107' title="bbox 2197 5171 3781 5243; baseline -0.001 -18"><span class='ocrx_word' id='word_1_766' title='bbox 2197 5175 2477 5243; x_wconf 87' lang='grc' dir='ltr'>ποιήματα</span> <span class='ocrx_word' id='word_1_767' title='bbox 2515 5173 2609 5226; x_wconf 75' lang='grc' dir='ltr'>καὶ</span> <span class='ocrx_word' id='word_1_768' title='bbox 2653 5172 2816 5226; x_wconf 72' lang='grc' dir='ltr'>αὐτὸν</span> <span class='ocrx_word' id='word_1_769' title='bbox 2850 5171 2955 5236; x_wconf 74' lang='grc' dir='ltr'><strong>ἔξω</strong></span> <span class='ocrx_word' id='word_1_770' title='bbox 2989 5171 3199 5224; x_wconf 82' lang='grc' dir='ltr'>κεῖσθαι</span> <span class='ocrx_word' id='word_1_771' title='bbox 3239 5172 3338 5241; x_wconf 85' lang='grc' dir='ltr'>τῆς</span> <span class='ocrx_word' id='word_1_772' title='bbox 3386 5171 3536 5235; x_wconf 81' lang='grc' dir='ltr'>θείας</span> <span class='ocrx_word' id='word_1_773' title='bbox 3585 5171 3781 5235; x_wconf 81' lang='grc' dir='ltr'>οὐσίας</span> 
     </span>
    </p>
   </div>
   <div class='ocr_carea' id='block_1_108' title="bbox 2190 5260 3778 5333">
    <p class='ocr_par' dir='ltr' id='par_1_108' title="bbox 2190 5260 3778 5333">
     <span class='ocr_line' id='line_1_108' title="bbox 2190 5260 3778 5333; baseline -0.001 -17"><span class='ocrx_word' id='word_1_774' title='bbox 2190 5265 2332 5317; x_wconf 87' lang='grc' dir='ltr'>κατὰ</span> <span class='ocrx_word' id='word_1_775' title='bbox 2370 5264 2460 5316; x_wconf 79' lang='grc' dir='ltr'><strong>τὸν</strong></span> <span class='ocrx_word' id='word_1_776' title='bbox 2488 5263 2586 5333; x_wconf 82' lang='grc' dir='ltr'>τῆς</span> <span class='ocrx_word' id='word_1_777' title='bbox 2618 5261 2833 5330; x_wconf 82' lang='grc' dir='ltr'>φύσεως</span> <span class='ocrx_word' id='word_1_778' title='bbox 2862 5262 3039 5330; x_wconf 81' lang='grc' dir='ltr'>λόγον.</span> <span class='ocrx_word' id='word_1_779' title='bbox 3083 5262 3145 5314; x_wconf 85' lang='grc' dir='ltr'>Εἰ</span> <span class='ocrx_word' id='word_1_780' title='bbox 3184 5261 3366 5314; x_wconf 84' lang='grc' dir='ltr'>τοίνυν</span> <span class='ocrx_word' id='word_1_781' title='bbox 3401 5260 3689 5332; x_wconf 86' lang='grc' dir='ltr'>ἐγέννησεν</span> <span class='ocrx_word' id='word_1_782' title='bbox 3716 5263 3778 5328; x_wconf 74' lang='grc' dir='ltr'>ἐξ</span> 
     </span>
    </p>
   </div>
   <div class='ocr_carea' id='block_1_109' title="bbox 2189 5351 3779 5424">
    <p class='ocr_par' dir='ltr' id='par_1_109' title="bbox 2189 5351 3779 5424">
     <span class='ocr_line' id='line_1_109' title="bbox 2189 5351 3779 5424; baseline -0.001 -17"><span class='ocrx_word' id='word_1_783' title='bbox 2189 5354 2382 5407; x_wconf 81' lang='grc' dir='ltr'>ἑαυτοῦ</span> <span class='ocrx_word' id='word_1_784' title='bbox 2401 5354 2491 5408; x_wconf 82' lang='grc' dir='ltr'><strong>τὸν</strong></span> <span class='ocrx_word' id='word_1_785' title='bbox 2505 5354 2632 5406; x_wconf 79' lang='grc' dir='ltr'>Υίὸν</span> <span class='ocrx_word' id='word_1_786' title='bbox 2648 5355 2676 5405; x_wconf 90' lang='lat'><strong>6</strong></span> <span class='ocrx_word' id='word_1_787' title='bbox 2699 5352 2908 5424; x_wconf 87' lang='grc' dir='ltr'>Πατὴρ,</span> <span class='ocrx_word' id='word_1_788' title='bbox 2924 5353 3065 5405; x_wconf 88' lang='grc' dir='ltr'>διατί</span> <span class='ocrx_word' id='word_1_789' title='bbox 3097 5353 3172 5423; x_wconf 83' lang='grc' dir='ltr'>μὴ</span> <span class='ocrx_word' id='word_1_790' title='bbox 3201 5352 3515 5422; x_wconf 78' lang='grc' dir='ltr'>ὁμοούσιος;</span> <span class='ocrx_word' id='word_1_791' title='bbox 3535 5351 3779 5419; x_wconf 82' lang='grc' dir='ltr'><strong>Λεγὲτω-</strong></span> 
     </span>
    </p>
   </div>
   <div class='ocr_carea' id='block_1_110' title="bbox 2189 5444 3777 5517">
    <p class='ocr_par' dir='ltr' id='par_1_110' title="bbox 2189 5444 3777 5517">
     <span class='ocr_line' id='line_1_110' title="bbox 2189 5444 3777 5517; baseline -0.003 -17"><span class='ocrx_word' id='word_1_792' title='bbox 2189 5464 2289 5501; x_wconf 86' lang='grc' dir='ltr'><strong>σαν</strong></span> <span class='ocrx_word' id='word_1_793' title='bbox 2315 5448 2446 5517; x_wconf 82' lang='grc' dir='ltr'>ἡμῖν</span> <span class='ocrx_word' id='word_1_794' title='bbox 2472 5448 2520 5498; x_wconf 89' lang='grc' dir='ltr'>οἱ</span> <span class='ocrx_word' id='word_1_795' title='bbox 2551 5445 2644 5498; x_wconf 82' lang='grc' dir='ltr'>τοῦ</span> <span class='ocrx_word' id='word_1_796' title='bbox 2675 5444 2809 5498; x_wconf 82' lang='grc' dir='ltr'>Θεοῦ</span> <span class='ocrx_word' id='word_1_797' title='bbox 2841 5446 3015 5513; x_wconf 84' lang='grc' dir='ltr'>Λόγου</span> <span class='ocrx_word' id='word_1_798' title='bbox 3048 5446 3365 5515; x_wconf 81' lang='grc' dir='ltr'>κατήγοροι.</span> <span class='ocrx_word' id='word_1_799' title='bbox 3409 5444 3777 5512; x_wconf 76' lang='grc' dir='ltr'>Ἀδυνατήσας</span> 
     </span>
    </p>
   </div>
   <div class='ocr_carea' id='block_1_111' title="bbox 2186 5533 3775 5608">
    <p class='ocr_par' dir='ltr' id='par_1_111' title="bbox 2186 5533 3775 5608">
     <span class='ocr_line' id='line_1_111' title="bbox 2186 5533 3775 5608; baseline -0.003 -18"><span class='ocrx_word' id='word_1_800' title='bbox 2186 5534 2296 5608; x_wconf 83' lang='grc' dir='ltr'>ἆρα</span> <span class='ocrx_word' id='word_1_801' title='bbox 2322 5536 2560 5590; x_wconf 81' lang='grc' dir='ltr'>τοιοῦτον</span> <span class='ocrx_word' id='word_1_802' title='bbox 2591 5536 2754 5590; x_wconf 80' lang='grc' dir='ltr'>αὐτὸν</span> <span class='ocrx_word' id='word_1_803' title='bbox 2805 5536 3055 5606; x_wconf 78' lang='grc' dir='ltr'>γεννᾷ,ἢ</span> <span class='ocrx_word' id='word_1_804' title='bbox 3106 5536 3179 5607; x_wconf 84' lang='grc' dir='ltr'>μὴ</span> <span class='ocrx_word' id='word_1_805' title='bbox 3234 5535 3506 5605; x_wconf 84' lang='grc' dir='ltr'>θελήσας;</span> <span class='ocrx_word' id='word_1_806' title='bbox 3565 5534 3627 5587; x_wconf 80' lang='grc' dir='ltr'><strong>ΕΞ</strong></span> <span class='ocrx_word' id='word_1_807' title='bbox 3672 5533 3775 5603; x_wconf 87' lang='grc' dir='ltr'><strong>μὲν</strong></span> 
     </span>
    </p>
   </div>
   <div class='ocr_carea' id='block_1_112' title="bbox 2184 5625 3772 5699">
    <p class='ocr_par' dir='ltr' id='par_1_112' title="bbox 2184 5625 3772 5699">
     <span class='ocr_line' id='line_1_112' title="bbox 2184 5625 3772 5699; baseline -0.003 -17"><span class='ocrx_word' id='word_1_808' title='bbox 2184 5626 2278 5682; x_wconf 79' lang='grc' dir='ltr'><strong>οὖν</strong></span> <span class='ocrx_word' id='word_1_809' title='bbox 2332 5629 2673 5699; x_wconf 81' lang='grc' dir='ltr'>ἀδυνατήσας</span> <span class='ocrx_word' id='word_1_810' title='bbox 2726 5628 2996 5696; x_wconf 80' lang='grc' dir='ltr'>λέγουσιν,</span> <span class='ocrx_word' id='word_1_811' title='bbox 3042 5626 3484 5697; x_wconf 66' lang='grc' dir='ltr'>αἱισχυνέσθωσαν</span> <span class='ocrx_word' id='word_1_812' title='bbox 3531 5626 3628 5694; x_wconf 78' lang='grc' dir='ltr'><strong>τὴν</strong></span> <span class='ocrx_word' id='word_1_813' title='bbox 3671 5625 3772 5677; x_wconf 83' lang='grc' dir='ltr'>τοῦ</span> 
     </span>
    </p>
   </div>
   <div class='ocr_carea' id='block_1_113' title="bbox 2187 5713 3771 5789">
    <p class='ocr_par' dir='ltr' id='par_1_113' title="bbox 2187 5713 3771 5789">
     <span class='ocr_line' id='line_1_113' title="bbox 2187 5713 3771 5789; baseline -0.003 -15"><span class='ocrx_word' id='word_1_814' title='bbox 2187 5722 2398 5789; x_wconf 78' lang='grc' dir='ltr'>Πατρὸς</span> <span class='ocrx_word' id='word_1_815' title='bbox 2438 5723 2626 5775; x_wconf 75' lang='grc' dir='ltr'>οὐσίαν</span> <span class='ocrx_word' id='word_1_816' title='bbox 2660 5720 2991 5789; x_wconf 67' lang='grc' dir='ltr'>ὑϐρίζοντες,</span> <span class='ocrx_word' id='word_1_817' title='bbox 3040 5719 3104 5771; x_wconf 79' lang='grc' dir='ltr'>δι’</span> <span class='ocrx_word' id='word_1_818' title='bbox 3143 5713 3217 5771; x_wconf 80' lang='grc' dir='ltr'>ὧν</span> <span class='ocrx_word' id='word_1_819' title='bbox 3249 5719 3384 5788; x_wconf 78' lang='grc' dir='ltr'><strong>αὐτῇ</strong></span> <span class='ocrx_word' id='word_1_820' title='bbox 3437 5715 3771 5787; x_wconf 70' lang='grc' dir='ltr'>προσάπτειν</span> 
     </span>
    </p>
   </div>
  </div>
