4106 6486
289 505 392 561 H3

1737 508 2182 570 THESAURUS.

3488 527 3589 582 ΙΝ

286 623 341 674 τὸ
379 617 453 690 μὴ
471 615 747 670 δύνασθαι
774 616 1212 686 τετολμήκασιν.
1252 619 1315 671 Ei
1342 619 1389 671 δ’
1412 622 1507 674 ἐπὶ
1541 621 1770 694 θάτερον
1800 641 1896 695 με·

2002 629 2340 703 eonl'ugiant,
2368 642 2424 688 et
2449 634 2695 690 noluisse
2724 633 2910 690 dicant
2934 636 3455 694 consubstantialem
3484 642 3587 695 sibi

290 711 676 781 τιστήσονται,
727 709 828 761 καὶ
873 710 953 778 μὴ
996 707 1256 780 ἐθελῆσαι
1290 712 1558 781 φήσουσιν
1607 715 1895 784 ὁμοούσιον

294 797 430 867 αὐτῷ
454 795 733 864 ⁴γεννῆσαι
764 794 865 848 τὸν
900 796 1052 860 Υἱὺν,
1096 799 1299 868 ἑτέρως
1332 800 1615 872 ὑϐρίζουσι
1658 806 1895 876 πρᾶγμα

291 890 517 962 χαλεπὸν
537 890 641 943 καὶ
659 888 726 941 τὸ
759 888 989 941 πάντων
1012 888 1294 960 αἴσχιστον
1324 892 1699 963 περιτιθέντες
1722 896 1892 967 αὐτῷ,

287 982 371 1035 τὸν
398 982 493 1033 ἐπὶ
521 978 643 1044 tot;
679 979 975 1050 ἀμείνοσιν
1000 980 1181 1035 ὄκνον.
1213 981 1276 1033 Εἰ
1310 981 1421 1052 γὰρ
1453 986 1703 1056 κρεῖττον
1733 982 1802 1058 ἦν
1831 988 1895 1040 τὸ

285 1069 570 1140 ὀμοούσιον
598 1070 699 1123 τοῦ
736 1070 815 1142 μὴ
843 1069 1112 1136 τοιούτου,
1138 1071 1257 1136 πῶς
1284 1074 1384 1127 οὐκ
1405 1074 1560 1130 ἔσται
1585 1077 1894 1151 δυσφημίας

284 1163 504 1233 ἁπάσης
546 1162 823 1216 ἐπέκεινα
850 1163 915 1216 τὸ
947 1162 1129 1232 λέγειν
1155 1164 1382 1235 ὀκνῆσαι
1430 1169 1560 1239 περὶ
1600 1170 1670 1223 τὰ
1711 1172 1894 1242 κρείτ·

282 1271 408 1309 τινα
453 1254 557 1307 καὶ
608 1254 1055 1326 πρεπωδέστερα
1085 1256 1188 1327 τὴν
1235 1255 1385 1310 θείαν
1431 1260 1641 1327 οὐσίαν,
1680 1262 1774 1315 καὶ
1817 1263 1893 1333 μὴ

284 1345 484 1413 μᾶλλον
535 1345 804 1418 ἐθελῆσαι
848 1347 909 1400 τὸ
943 1346 1163 1400 κάλλιον
1197 1348 1229 1419 ἢ
1270 1350 1329 1403 τὺ
1380 1351 1455 1423 μὴ
1508 1351 1683 1417 οὕτως
1730 1353 1890 1425 ἔχον;

292 1437 450 1491 Ἀλλὰ
504 1438 699 1492 πάντα
745 1437 976 1492 δύναται
1034 1442 1209 1492 ποιεῖν
1252 1442 1282 1493 6
1334 1443 1544 1513 Πατὴρ,
1599 1445 1694 1498 καὶ
1751 1446 1893 1500 θέλει

286 1531 485 1601 μᾶλλον
503 1531 570 1585 τὺ
605 1534 866 1603 κρεῖττον
887 1548 902 1562 ·
934 1532 1088 1587 οὐδὲν
1111 1529 1205 1587 οὖν
1225 1535 1340 1588 ἐστι
1363 1535 1426 1589 τὸ
1459 1514 1668 1592 κωλύον
1700 1539 1893 1611 ὁμοού-

289 1637 393 1674 σιον
420 1616 568 1677 εἶναι
600 1621 700 1676 τὸν
737 1622 890 1678 Υίόν.

986 1865 1193 1922 ᾹΛΛΟ.

557 1973 902 2041 Ἀντίθεσις
931 1976 1012 2042 ὡς
1043 1975 1114 2030 ἐκ
1145 1976 1266 2032 τῶν
1297 1979 1621 2050 Εὐνομῖου.

369 2064 444 2118 τδ
492 2066 555 2131 ἐξ
598 2066 771 2119 αἰτίου
832 2067 985 2132 τινδς
1018 2067 1100 2132 ὃν,
1153 2069 1185 2139 ἢ
1231 2073 1656 2142 γεγεννημένον,
1700 2076 1887 2145 φησὶν,

306 2156 511 2226 dvitqu
542 2155 786 2227 δεύτερον
808 2152 958 2211 εἶναι
987 2159 1205 2226 τούτου,
1227 2160 1255 2213 ὃ
1281 2161 1345 2231 δὴ
1370 2162 1465 2216 καὶ
1495 2164 1716 2232 γέγονεν
1738 2165 1889 2235 αὐτῷ

301 2244 390 2299 τοῦ
421 2240 553 2301 εἶναι
581 2246 780 2303 αἴτιον.
824 2249 1041 2304 Οὐκοῦν
1080 2251 1333 2324 δεύτερος
1367 2252 1520 2307 ἔσται
1547 2254 1641 2308 τοῦ
1678 2259 1892 2328 Harpe;

290 2338 317 2389 ὁ
348 2337 465 2401 Υἱὸς
490 2338 670 2390 αἴτιον
702 2338 880 2391 αὐτὸν
908 2338 1082 2409 ἔχων·
1117 2342 1211 2393 καὶ
1252 2341 1342 2395 διὰ
1372 2342 1532 2397 τοῦτο
1556 2345 1655 2416 οὐχ
1696 2347 1893 2417 ὁμοσύ-

288 2447 413 2493 σιος.
462 2433 535 2484 Ἦ
581 2431 1076 2502 ἀφιλονεικὸτερον
1122 2434 1445 2504 ἐνστήσεταί
1478 2455 1560 2501 τις
1604 2437 1893 2510 ὁμοούσιον

282 2521 434 2574 αὐτὸν
464 2517 613 2575 εἶναι
648 2522 861 2591 λέγων,
909 2524 945 2593 ἠ
998 2522 1098 2593 μία
1142 2522 1355 2596 θεότης,
1391 2527 1517 2597 ἄρα,
1569 2529 1742 2600 τομήν
1770 2547 1891 2583 τινα

284 2612 597 2681 χωρήσασα,
626 2612 872 2681 γέγονεν
912 2612 995 2675 είς
1038 2611 1208 2666 δυάδα
1230 2627 1242 2642 ·
1288 2615 1349 2667 οὐ
1391 2617 1501 2686 γὰρ
1531 2617 1736 2687 ἑτέρως
1765 2620 1893 2689 ὁμο-

277 2701 448 2766 ούσιος
476 2699 625 2757 εἶναι
654 2704 916 2760 δύναται.
965 2704 1207 2777 Ἀνάγκη
1237 2700 1332 2760 οὖν
1356 2706 1540 2777 λέγειν
1566 2710 1665 2779 οὐχ
1697 2710 1892 2780 ὁμοού-

278 2813 384 2849 σιον
416 2791 563 2851 εἶναι
590 2797 693 2851 τδν
730 2797 890 2852 Υίόν.

780 3009 945 3078 Πρὸς
977 3010 1167 3065 ταῦτα
1194 3012 1407 3076 λύσις.

338 3120 456 3173 υῦκ
482 3119 827 3174 αἰσθάνεται
874 3120 1040 3174 πάλιν
1070 3122 1286 3192 μεθύων
1312 3125 1342 3176 6
1370 3125 1762 3195 χριπομάχος,
1800 3127 1901 3180 καὶ·

276 3213 453 3283 μάτην
482 3213 920 3283 καταφλυαρών
963 3213 1068 3283 τῆς
1114 3213 1267 3278 θείας
1296 3215 1506 3279 οὐσίας.
1546 3216 1619 3269 T6
1648 3217 1746 3286 μὲν
1786 3219 1899 3290 γὰρ

272 3305 579 3375 τέμνεσθαι
608 3305 715 3358 καὶ
733 3305 1023 3363 διάστασίν
1046 3323 1167 3360 τινα
1192 3306 1392 3377 μεταξὺ
1409 3307 1509 3379 τὴν
1533 3308 1671 3379 πρὸς
1689 3308 1894 3379 ἄλληλα

271 3396 542 3451 δύνασθαι
590 3397 814 3463 λαϐεῖν,
868 3398 1141 3468 σωμάτων
1191 3399 1344 3455 ἴδιον.
1410 3401 1473 3453 Ἢ
1508 3401 1581 3455 κδὲ
1631 3400 1754 3454 θεία
1797 3402 1891 3455 τοῦ

274 3489 489 3560 Ματρὸς
521 3489 718 3555 οὐσία,
752 3487 1051 3560 ἀσώματος
1077 3486 1237 3556 οὖσα,
1269 3494 1445 3563 τομῆς
1468 3508 1529 3545 τε
1560 3494 1655 3547 καὶ
1684 3493 1893 3565 διαιρέ-

274 3597 413 3646 σεως
458 3582 837 3645 ἀνεπίδεκτός
868 3584 1049 3635 ἐστιν’
1079 3581 1206 3637 οὔτε
1253 3583 1312 3636 δὲ
1348 3586 1406 3637 ὲν
1436 3584 1588 3655 τόπῳ
1632 3585 1892 3654 μένουσα,

270 3672 395 3728 οὔτε
430 3674 543 3727 ὑπό
589 3690 745 3737 τινος
790 3670 929 3728 οὖσα
974 3675 1221 3748 χωρητὴ,
1262 3676 1379 3730 ἀλλ’
1426 3678 1486 3730 ὲν
1519 3678 1746 3750 ἀρρήτῳ
1785 3679 1895 3733 τινὶ

269 3768 367 3820 καὶ
399 3768 687 3838 ἀφράστῳ
707 3768 1050 3822 καταστάσει
1073 3767 1326 3840 κειμένη,
1347 3768 1441 3821 τὸν
1463 3768 1593 3822 Υίδν
1613 3768 1671 3836 ἐξ
1696 3768 1897 3839 ἑαυτῆς

268 3857 636 3921 ἀδιαστάτως
667 3856 980 3927 ἐξέλαμψεν
1000 3874 1014 3889 ο
1048 3859 1157 3912 οὐκ·
1176 3857 1244 3913 ἂν
1275 3859 1479 3931 ἑτέρως
1500 3859 1647 3929 ἔχειν
1673 3858 1735 3913 τὺ
1757 3856 1901 3915 εἶναι

268 3949 464 4002 τελεία
494 3949 809 4021 δυναμένη,
846 3951 895 4003 εί
929 3950 1004 4021 μὴ
1038 3950 1298 4020 ἐγέννησε
1346 3952 1437 4005 τὸν
1471 3952 1622 4015 Υίὸν,
1656 3953 1752 4006 mi.
1797 3954 1907 4007 ἀνο-

269 4036 498 4108 εδείχθη
527 4038 881 4108 καρπογόνος
897 4057 912 4070 ·
939 4040 1034 4094 καὶ
1052 4039 1212 4094 πάλιν
1232 4042 1334 4095 οὐκ
1349 4042 1415 4095 ἂν
1438 4042 1638 4112 ἑτέρως
1660 4042 1895 4113 ἐσομένη

266 4130 648 4202 δημιουργὸς,
692 4132 746 4184 εί
776 4132 854 4202 μὴ
880 4132 1102 4187 τέτοκεν
1132 4132 1192 4198 ἐξ
1223 4134 1424 4205 ἑαυτῆς
1464 4134 1776 4207 ἀμερίστως
1804 4136 1898 4188 τὸν

269 4223 430 4288 Υἰὺν,
468 4222 541 4275 δι’
577 4217 642 4277 οὗ
671 4222 747 4277 τὰ
775 4224 958 4278 πάντα
1006 4224 1322 4295 ἐργάζεται.
1359 4228 1547 4281 Ἔστιν
1576 4222 1670 4282 οὖν
1699 4230 1729 4281 6
1769 4228 1899 4290 Υἱὸς

268 4312 573 4385 γεννηθεὶς
602 4316 672 4366 ὲκ
717 4313 957 4384 Πατρὸς,
988 4316 1050 4369 οὐ
1093 4315 1238 4369 κατά
1264 4333 1388 4371 τινα
1426 4320 1620 4390 τομὴν,
1656 4320 1690 4389 ἢ
1726 4319 1899 4391 ἁπόρο

271 4407 460 4475 ῥοιαν,
512 4403 779 4475 καθάπερ
828 4405 990 4476 ὑμεῖς
1035 4407 1408 4476 φαντάζεσθε·
1459 4409 1575 4462 ἀλλ’
1610 4408 1800 4479 ὥσπερ
1834 4411 1901 4463 ὲκ

267 4497 457 4568 πυρὸς
507 4496 816 4568 θερμότης,
872 4497 1192 4570 ἁμερίστως
1240 4500 1306 4553 ὲκ
1355 4499 1455 4571 τῆς
1498 4499 1591 4553 τοῦ
1644 4501 1897 4565 τεκόντος

271 4587 576 4661 προελθὼν
610 4587 829 4654 οὐσίας.

998 4684 1200 4738 ΔΛΛΟ.

543 4797 650 4865 Ὧς
677 4796 750 4862 ἐξ
787 4796 1150 4864 ἀντιθέσεως
1184 4794 1305 4851 τῶν
1336 4799 1659 4868 Εὑνομίου.

347 4914 414 4967 Εἰ
443 4910 750 4983 ὀμοούσιός
774 4911 917 4976 ἐστι,
945 4911 1131 4980 φησὶν,
1166 4913 1194 4964 6
1238 4909 1366 4973 Υἱὸς
1396 4909 1473 4981 τῷ
1503 4911 1702 4982 Πατρὶ,
1734 4911 1788 4964 τί
1820 4912 1899 4983 μὴ

283 5002 376 5054 καὶ
398 5001 575 5064 αὑτός
599 5000 759 5053 ἐστιν
772 4998 981 5067 ἀγαθὸς
1005 4998 1178 5066 οὕτως
1194 5000 1270 5063 ὡς
1287 5001 1315 5053 ὁ
1338 5001 1565 5072 [Iac-I19;
1603 5001 1767 5069 Λέγει
1791 5002 1901 5073 γάρ

290 5104 386 5144 που
426 5092 577 5163 πρὸς
624 5108 758 5144 τινα
784 5092 813 5145 ὁ
846 5091 1085 5162 Χριστός
1109 5107 1122 5120 ·
1164 5111 1183 5143 ι
1222 5092 1289 5145 Τί
1337 5109 1406 5163 με
1444 5091 1623 5159 λέγεις
1652 5089 1898 5161 ἀγαθόν;

296 5184 471 5250 θίιδεὶς
521 5181 745 5252 ἀγαθὸς
776 5184 826 5236 εί
884 5183 961 5255 μὴ
1009 5176 1092 5248 εἷς
1135 5186 1164 5238 6
1192 5184 1344 5249 Θεός.
1386 5203 1417 5255 ι⁵
1449 5183 1587 5238 Ἕνα
1617 5185 1675 5238 δὲ
1703 5177 1897 5249 είπὼν,

298 5277 475 5331 ἑαυτὸν
509 5278 628 5345 ἔξω
654 5277 927 5344 τέθεικεν,
957 5277 1034 5341 ὠς
1063 5275 1267 5346 ἀγαθὸν
1307 5281 1410 5348 μὲν
1436 5277 1565 5331 ὄντα
1591 5277 1687 5332 καὶ¹
1714 5276 1900 5346 αὐτὸν,

288 5372 387 5443 οὐχ
409 5372 560 5428 οὕτω
589 5370 657 5426 δὲ
689 5369 886 5441 ὥσπερ
917 5368 986 5423 ἂν
1019 5368 1106 5439 εἴη
1140 5370 1235 5424 καὶ
1263 5370 1293 5423 6
1329 5366 1543 5444 Πατήρ.

788 5482 947 5551 Πρὸς
972 5481 1162 5538 ταῦτα
1197 5484 1406 5549 λύσις.

354 5600 575 5671 Κύριον
612 5595 1011 5661 ἀποκαλούσης
1049 5595 1145 5650 τὸν
1183 5596 1313 5651 Υίὸν
1349 5598 1448 5666 τῆς
1476 5595 1629 5661 θείας
1656 5598 1899 5669 Γραφῆς,

285 5691 475 5756 δώσεις
501 5691 625 5762 ἄρα
667 5688 768 5742 καί
808 5686 975 5741 αὐτὸν
1015 5682 1158 5741 εἶναι
1191 5688 1420 5759 Κύριον,
1454 5687 1727 5743 καὶτοῦτο
1759 5692 1905 5743 κατὰ

289 5784 576 5854 ἀλήθειαν,
607 5780 647 5850 ἦ
678 5777 822 5849 πρὸς
842 5778 958 5841 τοῖς
986 5775 1169 5842 ἄλλοις
1192 5779 1406 5850 ἀρνήσῃ
1437 5780 1534 5834 καὶ
1553 5779 1696 5833 τόδε.
1721 5781 1785 5834 ΕΞ
1806 5781 1905 5850 μὲν

294 5874 397 5945 γὰρ
416 5875 523 5928 οὐκ
559 5866 708 5925 εἶναι
760 5867 969 5939 Κύριον
1003 5869 1181 5939 ἐρεῖς,
1216 5871 1479 5924 τάναντία
1522 5875 1739 5941 φρονεῖς
1784 5876 1903 5936 ταῖς

300 5965 467 6032 θείαις
502 5962 761 6037 ι’ραιξαῖς
795 5961 889 6014 καὶ
931 5961 1011 6032 τῷ
1040 5960 1216 6017 ταῦτα
1260 5961 1557 6033 λαλήσαντι
1604 5964 1903 6030 “vidua-tt.

2001 743 2263 796 generare
2294 729 2523 793 Filium,
2550 728 2711 782 aliam
2745 729 3134 785 contumeliam
3168 731 3217 783 ei
3249 732 3585 802 iui-pingunt,

2003 821 2369 890 turpissimam
2433 823 2836 890 pessimamqne
2894 837 3010 876 rem
3071 821 3145 876 illi
3210 824 3585 887 ascribentes.

2004 911 2380 982 negligentiam
2406 912 2662 966 nimirum
2693 921 2857 981 atque
2888 912 3160 981 ignaviam
3189 912 3245 966 in
3272 914 3589 968 melioribus

2002 1018 2065 1056 ac
2106 1000 2576 1070 pmstantioribus
2617 999 2903 1056 faciendis.
2941 999 3001 1055 Si
3042 1001 3188 1055 enim
3237 1000 3429 1056 melius
3470 1010 3591 1057 erat

2002 1092 2461 1149 consubstantiale
2502 1108 2667 1163 quam
2712 1092 2765 1147 id
2806 1094 2952 1163 quod
2998 1093 3265 1162 ejusmodi
3313 1109 3418 1147 non
3463 1103 3586 1160 est,

2001 1199 2107 1254 quo
2132 1193 2289 1254 pacto
2319 1200 2426 1240 non
2450 1186 2600 1240 omni
2633 1184 2968 1251 blasphemia
3004 1184 3183 1253 majus
3212 1183 3377 1239 fuerit
3403 1184 3590 1241 dicere

2000 1277 2238 1331 divinam
2267 1275 2561 1330 essentiam
2594 1275 2645 1328 in
2677 1274 2744 1328 iis
2770 1288 2892 1343 quae
2923 1272 3147 1327 meliora
3181 1273 3585 1327 convenientio-

2002 1383 2170 1438 raque
2213 1376 2372 1424 erant
2414 1366 2680 1421 faciendis
2727 1365 3090 1435 negligentem
3133 1363 3336 1428 fuisse,
3380 1374 3435 1418 ct
3483 1381 3587 1419 non

1999 1461 2177 1532 potius
2212 1458 2449 1514 voluisse
2486 1456 2633 1528 quod
2675 1456 2870 1511 melius
2916 1469 3082 1525 quam
3126 1455 3272 1524 quod
3320 1456 3590 1511 deterius?

1998 1553 2159 1622 Atqui
2198 1551 2359 1606 Pater
2392 1551 2574 1606 omnia
2607 1557 2780 1619 potest
2814 1548 3028 1613 facere,
3071 1546 3353 1617 magisque
3388 1548 3500 1602 vult
3534 1548 3587 1603 id

1998 1647 2143 1717 quod
2185 1643 2379 1701 melius
2410 1650 2494 1697 est
2528 1661 2541 1696 ε
2582 1640 2712 1695 nihil
2746 1649 2831 1696 est
2861 1640 3029 1710 igitur
3060 1640 3206 1710 quod
3238 1638 3420 1696 obstet
3450 1655 3589 1711 quo—

2000 1740 2178 1794 minus
2202 1733 2681 1793 consubstantialis
2710 1734 2780 1790 sit
2808 1732 3001 1788 Filius.

2678 1869 2909 1926 ALIUD.

2434 1966 2519 2023 Ea:
2552 1968 2838 2038 objections
2872 1965 3151 2020 Eunomii.

2065 2064 2216 2158 Quod
2246 2103 2309 2142 ex
2342 2100 2502 2140 causa
2535 2084 2714 2152 aliqua
2742 2092 2847 2148 est,
2868 2081 2952 2136 vel
2984 2082 3229 2150 genitum
3260 2090 3365 2147 est,
3389 2081 3585 2150 inquit,

1996 2182 2366 2239 necessarium
2404 2186 2496 2233 est
2537 2184 2596 2230 ut
2639 2175 2713 2231 sit
2756 2175 3053 2231 secundum
3101 2175 3182 2229 ab.
3212 2174 3306 2230 illo
3345 2179 3489 2244 quod
3536 2173 3586 2228 ei

1996 2288 2158 2330 causa
2190 2270 2524 2327 cxsisteutize
2551 2267 2670 2322 fuit.
2703 2268 2984 2324 Secundus
3015 2270 3199 2339 itaque
3229 2270 3331 2325 erit
3361 2271 3528 2325 Filius
3556 2284 3587 2322 a

1996 2366 2157 2421 Patre
2177 2405 2193 2429 ,
2224 2364 2426 2435 quippe
2451 2362 2542 2432 qui
2577 2361 2791 2417 Patrem
2825 2371 2887 2417 ut
2913 2378 3133 2417 causam
3164 2364 3359 2419 habeat
3389 2383 3401 2418 :
3429 2372 3590 2432 atque

1996 2459 2203 2514 idcirco
2246 2471 2314 2511 ne
2354 2453 2837 2510 consubstantialis
2875 2454 3095 2523 quidem
3141 2455 3188 2510 ei
3232 2454 3502 2510 erit..Aut
3542 2454 3588 2508 si

1996 2548 2121 2617 quis
2176 2544 2564 2601 contentiosius
2624 2552 2846 2613 urgeat,
2895 2544 3408 2599 consubstantialem
3463 2557 3589 2596 eum

1995 2653 2118 2694 esse
2145 2637 2367 2700 dicens,
2395 2650 2498 2688 una
2540 2643 2688 2689 certe
2726 2633 2900 2688 deitas
2955 2634 3590 2689 sectionemadmittens

1999 2731 2050 2783 in
2078 2728 2391 2782 dualitatem
2418 2725 2594 2779 divisa
2621 2723 2724 2777 erit
2752 2741 2767 2778 :
2796 2738 2969 2792 neque
2998 2724 3142 2778 enim
3175 2725 3333 2780 aliter
3354 2725 3591 2780 consub-

1997 2823 2273 2878 stantialis
2302 2836 2424 2876 esse
2450 2828 2647 2891 potest.
2667 2816 3046 2874 Necessarium
3074 2817 3237 2888 igitur
3256 2826 3340 2873 est
3363 2824 3419 2870 ιιι
3441 2816 3591 2870 dica-

1999 2932 2118 2971 mus
2147 2913 2662 2971 (‘OliSlleiallliaiem
2692 2927 2797 2968 non
2823 2925 2947 2969 esse
2970 2910 3213 2966 Filiunn

2680 3023 2907 3079 Salutio.

2072 3140 2448 3197 chacchatur
2497 3154 2737 3195 rursum»
2772 3137 2975 3197 ChriSti
3038 3137 3233 3203 hostis,
3275 3145 3591 3205 temerrqne

1997 3234 2260 3288 adversus
2302 3233 2537 3289 divinam
2581 3231 2873 3289 essentiam
2925 3231 3173 3287 blateral.
3212 3230 3399 3286 Secari
3444 3230 3589 3283 enim

1998 3333 2052 3381 et
2098 3325 2416 3382 divisionem
2468 3326 2705 3395 aliquam
2761 3326 3002 3393 recipere
3063 3339 3251 3394 posse,
3296 3338 3589 3391 corporum

2000 3418 2277 3488 proprium
2306 3427 2411 3473 est.
2439 3417 2628 3473 Divina
2661 3427 2840 3474 autem
2880 3416 3055 3472 Patris
3085 3418 3345 3482 essentia,
3371 3432 3492 3470 cum
3522 3415 3592 3468 sit

1998 3511 2352 3580 incorporea,
2379 3511 2641 3568 sectionis
2680 3521 2772 3566 aut
2807 3511 3088 3565 divisionis
3130 3523 3300 3578 capax
3338 3524 3442 3563 non
3478 3517 3590 3572 est;

1998 3617 2173 3674 neque
2215 3605 2265 3658 in
2310 3605 2427 3660 loco
2466 3605 2711 3668 exsistit,
2744 3619 2916 3673 neque
2959 3619 2986 3656 a
3029 3617 3302 3673 quoquam
3343 3599 3592 3655 contine-

1998 3696 2118 3761 tur;
2152 3697 2245 3752 sed
2278 3697 2332 3751 in
2365 3712 2570 3752 arcano
2598 3707 2761 3765 atque
2791 3696 3045 3749 iuetlabili
3083 3705 3228 3750 statu
3261 3695 3589 3755 consistens,

1997 3783 2199 3841 Filium
2231 3772 2300 3840 er.
2328 3801 2387 3841 se
2417 3786 2727 3841 immediate
2754 3785 3011 3853 protulit;
3046 3800 3222 3855 neque
3245 3784 3350 3839 alia
3381 3782 3595 3837 ratione

2002 3880 2238 3946 perfecta
2264 3892 2386 3932 esse
2415 3885 2615 3946 potest,
2636 3877 2736 3931 nisi
2765 3875 2960 3930 Filium
2993 3876 3260 3943 genuerit,
3282 3884 3337 3928 ct
3366 3873 3594 3929 fecunda

2001 3976 2222 4023 ostensa
2249 3968 2353 4032 sit;
2384 3980 2558 4036 neque
2589 3981 2804 4019 rursum
2838 3965 3072 4019 creatrix
3104 3977 3228 4019 esse
3261 3950 3460 4032 potest,
3490 3961 3593 4015 nisi

2001 4059 2247 4127 genuerit
2291 4073 2356 4111 ex
2399 4071 2459 4111 se
2502 4056 2770 4110 indivulse
2809 4055 3038 4123 Filium,
3080 4070 3177 4122 per
3212 4070 3373 4123 quem
3412 4055 3594 4108 omnia

1998 4148 2112 4219 69
2135 4157 2410 4217 operatur.
2438 4145 2532 4199 Est
2560 4145 2724 4214 igitur
2750 4145 2964 4215 genitus
2994 4159 3062 4198 ex
3090 4141 3248 4198 Patre
3272 4142 3461 4208 Filius,
3488 4158 3593 4196 non

2001 4241 2244 4296 sectione
2275 4248 2369 4292 attt
2406 4234 2619 4291 deﬂuxu
2653 4237 2863 4305 aliquo,
2891 4236 3032 4291 sicut
3066 4252 3159 4291 vos
3194 4234 3590 4306 imaginamini;

2002 4329 2096 4384 sed
2130 4327 2588 4398 quemadmodum
2627 4326 2877 4381 caliditas
2919 4340 2983 4382 ev
3028 4325 3184 4396 igne,
3217 4323 3484 4381 indivulse
3525 4337 3591 4379 ex

2003 4421 2237 4477 essentia
2271 4417 2547 4492 gignentis
2573 4418 2836 4490 procedit.
2884 4452 2892 4467 ι

2685 4681 2910 4740 ALIUD.

2435 4798 2520 4853 Ea:
2557 4797 2850 4869 objectione
2892 4794 3167 4852 Eunomii.

2082 4911 2161 4976 Si,
2200 4911 2397 4981 inquit,
2431 4908 2602 4966 Filius
2644 4917 2727 4964 est
2775 4907 3262 4965 consubstantialis
3294 4906 3461 4975 Patri,
3499 4926 3591 4965 cur

2012 5019 2116 5057 non
2140 5003 2304 5059 etiam
2332 5004 2446 5073 ipse
2466 5013 2551 5058 est
2570 5003 2745 5058 bonus
2767 5003 2841 5057 ita
2872 5012 2929 5057 ut
2951 5002 3153 5057 Pater?
3176 5003 3431 5059 Christus
3452 5004 3596 5059 enim
3624 4986 3637 5009 ’

2009 5096 2206 5152 alicubi
2257 5096 2324 5149 ad
2356 5095 2648 5173 quemdam
2695 5097 2767 5151 ita
2817 5097 2939 5151 ait:
2976 5115 2993 5149 ι
3026 5095 3138 5151 Cur
3188 5108 3273 5150 me
3321 5095 3460 5150 dicis
3501 5096 3599 5152 bo-

2012 5187 2185 5242 num?
2234 5184 2407 5242 Nemo
2436 5186 2610 5243 bonus
2652 5187 2755 5243 nisi
2807 5204 2947 5244 unus
2997 5188 3162 5242 Deus.
3193 5206 3211 5239 ι
3250 5185 3426 5241 Unum
3470 5202 3599 5243 vero

2012 5294 2132 5333 cum
2162 5278 2323 5344 dixit,
2354 5278 2592 5349 seipsum
2621 5281 2857 5350 excepit,
2884 5281 3083 5350 quippe
3108 5278 3201 5349 qui
3237 5279 3413 5335 bonus
3432 5281 3597 5336 etiam

2013 5370 2128 5439 ipse
2158 5369 2252 5436 sit,
2278 5386 2385 5426 non
2420 5381 2599 5426 tamen
2637 5371 2710 5426 ita
2742 5372 2917 5427 bonus
2951 5382 3008 5426 ut
3036 5371 3216 5426 Pater.

2524 5481 2728 5537 Salutio
2756 5482 3087 5553 objectionis.

2083 5595 2216 5651 Cum
2248 5610 2406 5652 sacra
2439 5595 2719 5665 Scriptura
2750 5594 2948 5651 Filium
2983 5595 3275 5653 Dominum
3306 5611 3483 5665 vocet,
3515 5601 3597 5654 l'ao
3662 5650 3663 5655 η

2016 5688 2217 5743 teberis
2267 5688 2516 5757 profecto
2564 5689 2729 5742 etiam
2785 5688 2959 5756 ipsum
3011 5689 3299 5744 Dominum
3354 5682 3496 5751 esse.
3544 5701 3601 5746 et
3674 5671 3683 5683 ⁸

2013 5781 2234 5848 quidem
2264 5793 2410 5843 vere,
2445 5789 2540 5833 aut
2570 5794 2674 5833 una
2706 5793 2830 5835 cum
2859 5780 2980 5834 aliis
3010 5781 3178 5835 etiam
3214 5783 3314 5836 hoc
3352 5782 3601 5851 negabis»
3694 5778 3707 5801 ⁸

2013 5873 2081 5923 At
2137 5870 2181 5923 si
2235 5872 2457 5940 negabis
2511 5869 2799 5925 Dominum
2848 5886 2990 5930 esse.
3048 5874 3380 5926 contrarium
3437 5872 3595 5941 plane

1974 5956 2184 6017 'scntis
2220 5977 2250 6014 ει
2300 5952 2597 6030 Scripturis
2652 5972 2705 6016 ct
2756 5978 2785 6017 a
2835 5950 3037 6032 Spiritu
3086 5950 3188 6019 hoc
3224 5963 3494 6027 loquente.
3533 5958 3593 6013 Si
