4106 6468
525 475 630 530 115

1528 477 1584 530 S.
1628 476 1902 532 CYlilLLl
1942 476 2417 531 ALEXANDRINI
2459 475 2782 530 AliClllEP.

3702 479 3803 536 H6

523 584 864 655 concesseris
894 600 1208 668 dixerisquc
1251 601 1535 654 Dominum
1571 615 1713 669 esse,
1744 603 1908 674 impie
1948 619 2110 674 agere

2217 603 2642 674 Συντεθειμένος
2674 601 2732 655 δὲ
2768 599 2860 654 καὶ
2913 598 3142 669 φάσκων
3196 597 3360 652 αὐτὸν
3398 593 3538 651 εἶναι
3574 597 3801 667 Κύριον,

522 691 969 759 deprehenderis,
994 692 1190 760 quippe
1218 692 1310 760 qui
1337 691 1622 747 Dominum
1645 703 1808 751 Voces
1833 706 1888 750 et
1911 697 2108 753 adores

519 796 648 840 eum
678 795 840 851 quem
869 782 1390 838 consubstantialem
1425 799 1548 840 esse
1580 784 1688 840 Deo
1719 801 1784 842 ac
1821 786 1969 842 Patri
2011 804 2107 843 ue-

519 884 637 942 gas,
669 884 735 928 et.
769 885 1078 928 creaturam
1111 876 1292 945 potius
1326 891 1488 947 quam
1523 893 1711 932 rerum
1742 879 1909 934 Deum
1945 882 2101 937 colis.

520 964 675 1030 Quod
722 965 866 1020 enim
901 963 1134 1019 alterius;
1171 976 1382 1027 naturae
1412 976 1499 1022 est
1526 965 1595 1021 ab
1631 981 1697 1022 eo
1736 967 1829 1036 qui
1860 983 1988 1022 vere
2021 979 2108 1025 est

519 1053 686 1120 Deus,
727 1056 780 1110 id
817 1064 1010 1109 natura
1042 1056 1186 1112 Deus
1216 1070 1338 1112 esse
1375 1073 1482 1113 nou
1524 1067 1725 1127 potest.
1756 1059 1910 1125 Quod
1940 1062 2104 1116 etiam

518 1145 636 1215 ipsa
681 1158 837 1200 sacra
892 1144 1174 1216 Scriptura
1221 1155 1474 1211 testatur,
1527 1148 1714 1204 dicens
1747 1163 1762 1202 :
1797 1165 1817 1201 ι
1849 1149 2107 1206 Dominus

517 1237 662 1292 Deus
695 1243 908 1303 noster,
946 1237 1206 1294 Dominus
1237 1255 1376 1295 unus
1408 1241 1557 1294 est"
1585 1259 1601 1296 :
1640 1260 1660 1293 ι
1701 1257 1806 1295 una
1833 1242 1980 1297 enim
2021 1253 2106 1299 est

427 1344 432 1348 ·
519 1329 744 1384 deitatis
796 1339 1012 1384 natura.
1073 1330 1231 1398 Quod
1285 1346 1414 1387 vero
1461 1332 1604 1388 hanc
1660 1334 1831 1388 solam
1875 1335 2106 1389 adorare

517 1433 790 1492 oporteat,
835 1424 1025 1479 audies
1056 1439 1270 1480 rursum
1304 1441 1319 1479 :
1357 1443 1378 1477 ι
1412 1423 1703 1482 Dominum
1749 1428 1916 1482 Deum
1951 1438 2102 1482 tuum

517 1514 801 1582 adorabis,
832 1525 887 1570 et
913 1516 962 1570 ei
997 1516 1336 1572 solifservies
1356 1516 1425 1571 ⁸⁸.
1456 1535 1476 1569 ι
1519 1516 1577 1572 Si
1613 1519 1776 1589 igitur
1808 1519 1936 1588 quia
1961 1518 2105 1575 Deus

521 1621 590 1660 ac
613 1603 776 1660 Pater
809 1605 958 1662 solus
985 1606 1185 1662 dicitur
1211 1609 1403 1673 bonus,
1438 1607 1609 1664 Filius
1633 1609 1809 1664 bonus
1840 1624 1964 1666 esse
1995 1627 2102 1665 non

519 1707 701 1768 potest
729 1699 871 1754 sicut
898 1697 1082 1764 Pater,-
1113 1701 1409 1771 eademque
1435 1701 1646 1756 ratione
1677 1717 1798 1756 cum
1829 1718 1969 1757 unus
1998 1703 2102 1758 Pa-

523 1803 607 1848 ter
633 1793 835 1850 dicitur
862 1794 1118 1849 Dominus
1148 1803 1202 1848 et
1235 1795 1396 1859 Deus,
1436 1795 1680 1864 sequitur
1704 1799 1868 1851 etiam
1915 1811 2104 1851 neces-

2215 694 2430 759 ἀσεϐῶς
2457 692 2765 764 ἐλεγχθήσῃ
2785 690 2880 745 καὶ
2902 690 3110 762 Κύριον
3138 689 3317 758 λέγων
3356 689 3451 742 καὶ⁵
3483 688 3806 758 προσκυνῶν

2213 780 2273 841 ὃν
2297 787 2358 842 οὐ
2409 785 2516 858 φὴς
2562 784 2850 855 ὁμοούσιον
2882 777 3020 835 εἶναι
3067 780 3145 850 τῷ
3183 779 3303 852 Θεῷ
3349 781 3444 834 καὶ
3477 780 3676 850 Πατρὶ,
3711 779 3807 833 καὶ

2215 879 2478 947 κτίσματι
2517 876 2718 948 μᾶλλον
2765 871 2800 946 ἢ
2853 873 2974 944 Θεῷ
3005 872 3150 926 κατὰ
3191 872 3356 942 φύσιν
3395 871 3699 941 λατρεύεις.
3730 870 3808 923 Τὸ

2214 971 2322 1042 γὰρ
2345 962 2540 1040 ἐτέρας
2566 967 2815 1039 ὑπάρχον
2841 965 3027 1029 ούσίας
3068 964 3221 1036 παρὰ
3245 964 3338 1017 τὸν
3371 957 3499 1017 ὂντα
3526 963 3680 1023 Θεὸν,
3703 963 3806 1015 οὐκ

2214 1063 2281 1116 ἂν
2303 1062 2388 1132 εἴη
2408 1061 2568 1131 φύσει
2595 1059 2750 1122 Θεός.
2772 1059 2886 1112 Καὶ
2912 1057 3104 1112 τούτου
3130 1057 3341 1128 μάρτυς
3425 1055 3544 1108 θεία
3568 1055 3806 1123 λέγουσα

2213 1151 2436 1224 Γραφή·
2483 1169 2502 1202 ι
2539 1148 2746 1220 Κύριος
2785 1151 2813 1203 6
2840 1148 2972 1211 Θεὸς
3020 1147 3202 1219 ἡμῶν,
3247 1145 3456 1217 Κύριος
3481 1140 3564 1208 εἷς
3591 1145 3738 1196 ἐστι·
3779 1157 3800 1194 ι

2216 1241 2314 1315 μία
2343 1242 2453 1313 γὰρ
2505 1240 2760 1311 θεότητος
2813 1231 2996 1310 φύσις.
3053 1241 3164 1294 Καὶ
3195 1239 3276 1292 ὅτι
3320 1237 3493 1308 ταύτῃ
3536 1237 3672 1306 μόνῃ
3721 1234 3808 1287 δεῖ

2214 1336 2561 1406 προσκυνεῖν,
2611 1332 2821 1405 ἀκούσῃ
2854 1332 3050 1386 πάλιν-
3112 1349 3132 1382 ι
3167 1329 3376 1400 Κύριον
3413 1327 3502 1382 τὸν
3551 1326 3685 1381 Θεόν
3711 1343 3808 1380 σου

2212 1427 2635 1498 προσκυνήσεις,
2676 1424 2773 1478 καὶ
2803 1414 2956 1494 αύτῷ
2997 1423 3146 1493 μόνῳ
3173 1420 3516 1493 λατρεύσεις.
3542 1438 3560 1471 ι
3591 1420 3658 1472 El
3690 1417 3806 1470 τοί-

2211 1537 2306 1572 νυν
2328 1517 2416 1571 sta:
2440 1516 2502 1570 τὸ
2535 1517 2694 1587 μόνον
2721 1513 2928 1584 ἀγαθὸν
2958 1512 3214 1580 λέγεσθαι
3237 1512 3328 1566 τὸν
3353 1511 3485 1564 Θεὸν
3507 1511 3602 1563 καὶ
3631 1509 3810 1562 Πατέ·

2213 1631 2302 1685 pa,
2335 1614 2651 1666 ἐκπεσεῖται
2692 1610 2787 1665 τοῦ
2822 1605 2963 1664 εἶναι
2997 1603 3206 1679 ἀγαθὸς
3229 1611 3257 1662 6
3300 1608 3431 1673 Υἱὸς
3467 1607 3640 1671 οὕτως
3667 1607 3746 1670 ὡς
3779 1607 3810 1658 ὁ

2211 1705 2424 1776 Πατὴρ,
2455 1705 2550 1758 zeal.
2593 1703 2679 1757 διὰ
2721 1704 2783 1756 τὸ
2815 1701 2912 1755 ἕνα
2957 1700 3216 1768 λέγεσθαι
3277 1701 3483 1771 Κύριον
3522 1699 3620 1760 καὶ
3670 1697 3808 1752 Θεὸν

2211 1793 2300 1846 τὸν
2323 1792 2574 1864 Πατέρα,
2614 1793 2924 1845 ἐκπεσεῖται
2959 1787 3055 1842 τοῦ
3094 1783 3236 1842 εἶναι
3263 1787 3465 1858 Κύριος
3521 1788 3615 1840 καὶ
3669 1786 3812 1850 Θεὸς

523 1886 672 1940 sario
699 1901 763 1940 ex
807 1886 996 1941 eodem
1032 1896 1351 1957 argumento
1377 1885 1572 1944 Filium
1609 1903 1787 1958 neque
1814 1887 2101 1943 Dominum

2215 1884 2242 1935 6
2281 1883 2428 1949 Υἱὸς,
2486 1882 2629 1937 κατὰ
2677 1881 2778 1952 τὴν
2829 1879 2923 1934 τοῦ
2969 1881 3239 1950 νοήματος
3298 1877 3654 1932 ἀκολουθίαν
3685 1877 3810 1940 πῶς

522 1992 701 2046 neque
726 1978 894 2032 Deum
923 1993 1044 2033 esse
1071 1999 1083 2033 :
1115 1995 1223 2049 quo
1250 1988 1410 2049 pacto
1440 1981 1606 2052 igitur
1638 1981 1834 2036 adoras
1863 1995 1986 2035 cum
2011 1979 2104 2050 qui

2215 1972 2301 2031 οὖν
2331 1977 2658 2046 προσκυνεῖς
2684 1972 2763 2044 τῷ
2795 1974 2931 2045 μήτε
2954 1973 3148 2043 Κυρίῳ
3175 1971 3313 2042 μήτε
3333 1969 3452 2040 Θεῷ
3476 1989 3490 2037 ;
3522 1970 3585 2031 Et
3610 1969 3667 2022 δὲ
3687 1970 3810 2029 Κυι-

519 2085 620 2126 uec
646 2069 930 2138 Dominus,
963 2087 1064 2128 nec
1101 2072 1244 2128 Deus
1270 2075 1386 2130 est?
1417 2072 1473 2128 Si
1511 2089 1661 2140 vero,
1691 2088 1814 2129 cum
1843 2073 2006 2128 Pater
2033 2075 2106 2128 sit

2215 2069 2330 2143 ρίου
2364 2070 2462 2123 καὶ
2493 2067 2630 2121 Θεοῦ
2671 2066 2768 2119 τοῦ
2798 2064 3032 2136 ιΠατρὸς
3065 2064 3252 2128 ὄντος,
3291 2062 3670 2148 ’συνεπάγεται
3704 2063 3809 2115 καὶ

518 2161 782 2219 Dominus
830 2175 884 2220 et
944 2163 1109 2229 Deus,
1163 2165 1322 2220 simul
1374 2166 1537 2222 etiam
1583 2165 1862 2221 inducitur
1911 2165 2102 2230 Filius,

2215 2163 2237 2214 6
2266 2160 2394 2223 Υἱὸς
2427 2159 2526 2231 τὴν
2553 2157 2765 2212 ἐκεῖθεν
2809 2157 3050 2226 ἰδιότητα
3099 2155 3239 2226 ἔχων
3263 2151 3339 2216 ὼς
3365 2153 3424 2218 ἐξ
3457 2152 3624 2208 αὐτοῦ
3656 2154 3811 2211 κατὰ

519 2259 768 2314 eamdem
801 2259 1008 2315 habens
1042 2261 1454 2329 proprietatem,
1490 2269 1676 2329 utpote
1696 2276 1761 2315 ex
1794 2261 1911 2329 ipso
1943 2268 2104 2314 natus

2215 2251 2371 2320 φύσιν
2401 2251 2662 2322 ὑπάρχων
2690 2289 2705 2314 ,
2739 2251 2834 2303 καὶ
2864 2247 2981 2300 ἔστι
3025 2246 3166 2317 μετὰ
3211 2244 3426 2316 Πατρὸς
3472 2243 3677 2316 Κύριος
3705 2243 3814 2296 καὶ

521 2347 713 2403 raliter
750 2350 1071 2418 procedens,
1126 2359 1181 2404 et
1236 2359 1322 2406 est
1355 2367 1478 2406 cum
1531 2351 1693 2406 Patre
1733 2350 1995 2405 Dominus
2041 2365 2106 2406 ac

2215 2343 2361 2408 Θεὸς,
2397 2341 2509 2409 ἕξει
2550 2342 2771 2404 πάντως
2809 2341 2905 2393 καὶ⁵
2931 2339 2992 2392 τὸ
3022 2333 3165 2391 εἶναι
3195 2336 3398 2406 ἀγαθὸς
3433 2335 3508 2399 ὡς
3529 2338 3558 2388 6
3588 2335 3812 2405 Πατὴρ,

523 2440 690 2506 Dens,
731 2443 1046 2496 necessario
1081 2443 1246 2499 etiam
1279 2442 1458 2498 bonus
1497 2444 1622 2512 erit,
1655 2452 1713 2498 ut
1761 2442 1946 2508 Pater,
1983 2457 2103 2496 cum

2215 2435 2309 2505 τῆς
2339 2435 2609 2505 πατρικῆς
2636 2434 2903 2502 ἰδιότητος
2923 2433 3025 2485 κάν
3055 2429 3232 2502 τούτῳ
3263 2429 3427 2483 πάλιν
3448 2427 3816 2500 ὑπαρχούσης

520 2542 744 2600 paterna
773 2533 1077 2604 proprietas
1107 2534 1267 2589 etiam
1305 2535 1406 2590 hac
1438 2536 1490 2589 in
1517 2546 1671 2604 parte
1717 2535 1771 2589 in
1807 2535 1924 2604 ipso
1958 2533 2105 2590 exsi-

520 2631 652 2690 stat,
689 2623 914 2692 perinde
949 2633 1113 2693 atque
1146 2625 1198 2679 in
1223 2625 1346 2680 illo.

1201 2755 1432 2813 ALIUD;

590 2881 762 2946 Multa
809 2891 877 2946 de
909 2889 1073 2946 Patre
1113 2898 1166 2945 et
1212 2880 1354 2946 Filio
1385 2903 1539 2945 sacra
1577 2889 1862 2960 Scriptura
1907 2893 2106 2962 praedi-

521 2992 633 3050 cat,
685 2996 863 3050 neque
914 2991 1094 3037 tamen
1148 2980 1457 3037 dill'erentla
1519 2981 1800 3036 nominum
1853 2984 2108 3040 essentia:

522 3075 790 3130 rationem
828 3075 880 3129 in
929 3073 1244 3130 universum
1289 3073 1597 3144 distinguit,
1631 3073 1707 3128 ita
1740 3083 1798 3128 ut
1835 3075 1962 3132 inde
1989 3075 2105 3132 dis-

522 3163 822 3219 similitudo
847 3163 1092 3234 quaedam
1119 3177 1214 3217 eos
1238 3172 1474 3232 separet.
1509 3158 1626 3216 Una
1653 3160 1798 3217 enim
1824 3170 1908 3216 est
1932 3161 2105 3216 deitas

519 3255 700 3312 Patris
743 3267 799 3312 et
826 3255 974 3322 Filii,
1024 3256 1237 3310 etiamsi
1287 3263 1520 3323 uterque
1572 3267 1670 3323 per
1697 3253 1848 3307 varia
1883 3255 2103 3309 nomina

519 3346 840 3406 dilicreuter
889 3351 1228 3420 signiﬁcetur
1265 3368 1279 3404 :
1318 3363 1423 3403 non
1469 3349 1614 3418 quod
1669 3349 1934 3404 alteruter
1976 3362 2104 3418 pro-
2134 3324 2176 3382 θ

521 3447 700 3516 prium
731 3443 841 3513 70
867 3442 1068 3512 aliquid
1127 3442 1181 3495 in
1232 3456 1290 3496 se
1338 3440 1557 3504 habeat,
1598 3441 1743 3510 quod
1790 3439 1952 3495 alteri
2003 3455 2107 3494 non

523 3534 676 3599 insit,
708 3535 803 3589 sed
847 3535 988 3604 quod
1033 3534 1098 3588 de
1127 3543 1357 3602 utroque
1401 3531 1506 3586 dici
1540 3532 1712 3602 possit
1743 3532 2007 3602 quidquid
2043 3534 2111 3587 de

525 3640 636 3683 uno
661 3628 880 3690 dicitur,
919 3638 1143 3696 excepta
1185 3626 1526 3683 solummodo
1556 3624 1736 3681 Patris
1769 3633 1824 3682 et
1851 3625 1972 3681 Filii
2010 3640 2109 3695 ap-

524 3712 814 3789 pellatione
859 3733 923 3774 ac
953 3735 1032 3773 re.
1069 3718 1203 3773 Nam
1252 3719 1414 3775 Pater
1451 3735 1668 3790 semper
1698 3731 1784 3776 est
1808 3717 1990 3784 Pater,
2016 3734 2112 3774 ne-

524 3825 634 3882 que
683 3827 924 3880 unquam
976 3812 1137 3866 fuerit
1178 3806 1388 3879 Filius;
1438 3811 1610 3867 Filius
1657 3823 1847 3868 contra
1893 3827 2110 3880 semper

525 3917 608 3962 est
653 3905 847 3972 Filius,
908 3920 1086 3975 neque
1135 3921 1372 3977 unquam
1421 3905 1587 3960 fuerit
1632 3905 1818 3960 Pater.
1875 3905 1933 3960 Si
1987 3903 2112 3974 quis

523 4012 656 4057 vero
690 4000 920 4055 voluerit
974 4000 1156 4055 dicere
1198 4015 1305 4054 non
1345 4013 1506 4068 posse
1551 3997 1774 4068 utrique
1819 3997 2113 4052 convenire

524 4089 945 4160 appellationem
987 4104 1108 4159 qua:
1143 4089 1237 4144 uni
1271 4090 1566 4155 tribuatur,
1595 4089 1648 4143 in
1677 4089 1970 4144 maximum
2002 4099 2113 4142 ma-

527 4182 634 4236 lum
701 4183 922 4236 incidet.
971 4181 1110 4248 Quid
1165 4181 1309 4236 enim
1361 4178 1566 4246 faciat,
1620 4181 1838 4238 dicente
1885 4179 2048 4235 Paulo
2095 4198 2109 4235 :

532 4295 550 4322 ι
581 4271 733 4327 Unus
754 4270 897 4326 Deus
926 4269 1090 4325 Pater
1114 4284 1181 4325 ex
1214 4285 1320 4340 quo
1351 4271 1557 4336 omnia,-
1582 4280 1638 4326 et
1667 4282 1810 4329 tinus
1841 4264 2111 4328 Dominus

525 4363 682 4419 Jesus
723 4363 971 4419 Christus
1023 4378 1118 4432 per
1169 4377 1332 4432 quem
1380 4363 1562 4417 omnia
1589 4362 1675 4416 εει
1712 4382 1730 4416 ι
1771 4362 1914 4419 Ecce
1949 4380 2111 4434 quam

531 4462 721 4521 aperte
750 4450 896 4506 Patri
931 4451 1139 4506 tribuat
1171 4451 1340 4506 Deum
1371 4465 1491 4507 esse
1521 4461 1576 4506 et
1607 4467 1774 4506 unum
1805 4469 1949 4519 esse,
1976 4454 2114 4510 Filio

525 4552 707 4606 autem
739 4541 1026 4597 Dominum
1057 4559 1178 4598 esse
1217 4553 1271 4597 et
1307 4558 1497 4597 unum.
1532 4541 1669 4597 Num
1705 4545 1871 4614 igitur
1908 4547 2114 4602 idcirco

2209 2528 2267 2580 ἐν
2300 2525 2469 2597 αὐτῷ,
2501 2524 2756 2595 καθάπερ
2786 2524 2882 2578 καὶ
2909 2524 2966 2575 ὲν
2996 2522 3213 2592 ἐκείνῳ.

2901 2751 3106 2810 ΑΑΑο.

2280 2885 2459 2948 Πολλὰ
2483 2891 2613 2964 περί
2641 2910 2701 2947 τε
2719 2891 2814 2946 τοῦ
2842 2892 3054 2961 [ἰατρὸς
3075 2890 3170 2944 καὶ
3196 2887 3291 2943 τοῦ
3315 2887 3447 2942 Υἱοῦ
3470 2886 3728 2957 λέγουσιν
3751 2885 3817 2943 αδ

2210 2987 2352 3041 θεῖαι
2376 2985 2619 3058 Γραφαὶ,
2644 2985 2739 3039 καὶ
2763 2985 2825 3039 ού
2855 2983 2916 3037 τὸ
2944 2982 3055 3036 τῶν
3084 2981 3368 3052 ὀνομάτων
3405 2979 3663 3049 διάφορον
3685 2979 3815 3034 διας

2213 3079 2422 3134 στέλλει
2443 3080 2662 3142 πάντως
2691 3080 2875 3140 αὐτοῖς
2902 3075 2998 3130 καὶ
3024 3075 3124 3145 τῆς
3152 3073 3341 3134 οὐσίας
3374 3071 3468 3126 τὸν
3499 3070 3658 3140 λόγον
3679 3112 3696 3136 ,
3729 3071 3814 3135 ὡς

2211 3171 2574 3244 ἀνομοιότητα
2604 3187 2726 3223 τινα
2751 3167 2840 3221 διὰ
2865 3165 3073 3221 τούτων
3108 3167 3356 3236 χωρῆσαι
3391 3160 3620 3234 μεταξύ.
3643 3161 3815 3215 Ἔστι

2211 3265 2321 3335 γὰρ
2355 3262 2454 3334 μία
2484 3261 2676 3332 θεότης
2721 3260 2937 3331 Πατρὸς
2971 3257 3067 3312 καὶ
3098 3255 3256 3321 Υἱοῦ,
3301 3254 3404 3308 κᾶν
3443 3255 3703 3325 ἑκάτερος
3736 3255 3816 3325 τῇ

2213 3359 2320 3411 τῶν
2343 3355 2624 3427 ὀνομάτων
2652 3351 2898 3424 ποικιλίᾳ
2917 3349 3191 3420 διαφόρως
3226 3347 3582 3418 σημαίνηται.
3604 3346 3703 3416 οὐχ
3729 3347 3814 3408 ὡς

2214 3437 2344 3502 ἴδιον
2379 3447 2520 3518 ἔχων
2549 3464 2602 3500 τι
2639 3447 2735 3501 καὶ
2763 3444 2888 3500 καθ’
2913 3443 3126 3507 ἑαυτὸν,
3151 3441 3180 3494 ὃ
3218 3440 3294 3512 μὴ
3328 3439 3406 3511 τῷ
3429 3439 3602 3513 ἑτέρῳ
3630 3438 3813 3510 πρόσ-

2211 3545 2383 3602 εστιν,
2420 3537 2536 3591 ἀλλ’
2561 3527 2637 3601 ὡς
2683 3538 2770 3589 ἐπ’
2798 3537 3002 3606 ἀμφοῖν
3032 3533 3233 3606 χωρεῖν
3263 3533 3562 3602 δυναμένου
3601 3531 3816 3594 παντὸς

2212 3631 2350 3701 ὅπερ
2382 3629 2449 3685 ἂν
2480 3630 2566 3699 ἐφ’
2597 3628 2715 3690 ἑνὸς
2731 3627 2965 3696 λέγοιτο,
2992 3627 3116 3698 δίχα
3145 3625 3312 3697 μόνης
3341 3626 3440 3696 τῆς
3463 3624 3557 3680 τοῦ
3591 3625 3817 3696 Πατρὸς

2214 3719 2426 3778 καὶτοῦ
2455 3717 2588 3772 Υίοῦ
2630 3717 3006 3788 προσηγορίας
3049 3734 3109 3770 τε
3138 3717 3234 3770 καὶ
3268 3717 3616 3788 πράγματος.
3647 3716 3818 3769 Ἔστι

2212 3813 2323 3882 γὰρ
2355 3813 2384 3866 6
2410 3807 2735 3882 Πατὴρςάεὶ
2791 3809 3004 3880 Πατὴρ.
3056 3808 3151 3862 καὶ
3193 3807 3322 3871 Υἱὸς
3369 3808 3470 3861 οὑκ
3499 3806 3567 3860 ἂν
3595 3806 3817 3876 γένοιτό

2214 3920 2348 3962 ποτε
2372 3917 2387 3934 ·
2423 3901 2519 3956 καὶ
2540 3900 2738 3954 ἔστινὸ
2773 3899 2899 3964 Υἱὸς
2941 3900 3030 3954 ἀεὶ
3061 3901 3210 3966 Υἱὸς,
3253 3900 3348 3954 καὶ
3386 3899 3574 3971 Πατὴρ
3608 3900 3709 3953 οὐκ
3741 3901 3820 3979 ᾇν

2214 3996 2299 4065 εῐη
2343 3993 2494 4048 ποτέ.
2524 3993 2587 4046 El
2619 3992 2676 4045 δέ
2721 4009 2804 4054 τις
2855 3991 3099 4063 βούλοιτο
3153 3993 3382 4062 φάσκειν
3439 3993 3515 4064 μὴ
3545 3991 3819 4048 δύνασθαι

2216 4087 2417 4157 χωρεῖν
2449 4085 2538 4138 ἐπ’
2567 4077 2770 4155 ἀμφοῖν
2794 4085 2934 4157 ὅπερ
2963 4085 3029 4141 ἂν
3063 4085 3148 4154 ἐφ’
3180 4078 3298 4149 ἑνὸς
3325 4086 3543 4156 φέροιτο
3565 4088 3821 4158 πρόσρη-

2221 4195 2317 4248 μα,
2351 4177 2573 4249 μεγάλῳ
2602 4179 2987 4247 περιπεσεῖται
3028 4176 3204 4248 κακῷ.
3237 4177 3302 4230 Τί
3325 4177 3436 4247 γὰρ
3464 4177 3531 4232 ἂν
3564 4179 3817 4248 ποιήσοι,

2216 4269 2468 4337 λέγοντος
2494 4267 2590 4322 τοῦ
2614 4268 2828 4327 Παύλου
2849 4285 2863 4298 ‘
2896 4286 2920 4326 ι,
2947 4262 3044 4332 Εἷς
3066 4271 3094 4322 6
3119 4268 3252 4332 Θεὸς
3281 4268 3309 4320 ὁ
3339 4267 3530 4339 Πατὴρ
3564 4269 3624 4333 ἐξ
3649 4259 3710 4320 οὗ
3739 4270 3820 4322 τὰ

2217 4365 2425 4419 πάντα·
2471 4365 2566 4418 καὶ
2609 4358 2692 4428 εἷς
2736 4363 2942 4434 Κύριος
3008 4361 3219 4434 Ἰησοῦς
3270 4363 3508 4432 Χριστὸς
3549 4362 3616 4415 δι’
3645 4356 3705 4416 οὗ
3741 4365 3821 4414 τὰ

2217 4458 2416 4513 πάντα.
2467 4475 2488 4509 ι
2537 4457 2667 4512 Ἰδοὺ
2707 4456 2817 4527 γὰρ
2839 4455 2916 4527 τῷ
2945 4456 3122 4524 Ilasz
3154 4453 3216 4506 τὸ
3236 4450 3380 4507 εἶναι
3422 4454 3553 4508 Θεὸν
3587 4454 3680 4507 καὶ
3711 4452 3823 4508 Eva
3905 4479 3907 4483 τ

2217 4549 2453 4602 δέδωκε’
2484 4547 2564 4617 τῷ
2605 4547 2662 4600 δὲ
2698 4547 2812 4616 Υἱῷ
2859 4547 2920 4600 τὸ
2961 4543 3100 4600 εἶναι
3145 4544 3351 4616 Κύριον
3395 4546 3490 4598 καὶ
3525 4545 3642 4598 ἕνα.
3677 4541 3819 4616 'Ap‘

525 4635 698 4691 Filius
748 4651 853 4691 non
903 4635 1007 4691 erit
1045 4636 1210 4702 Deus,
1244 4637 1371 4707 quia
1405 4633 1570 4690 Pater
1614 4646 1840 4689 vocatur
1873 4637 2013 4691 Deus
2059 4646 2110 4691 et

2220 4637 2312 4696 οὖν
2337 4643 2427 4696 διὰ
2449 4640 2611 4694 τοῦτο
2631 4640 2764 4703 Θεὸς
2782 4641 2882 4710 μὲν
2913 4640 3014 4696 οὐκ
3041 4639 3194 4693 ἔσται
3225 4639 3253 4691 6
3285 4640 3431 4706 Υἱὸς,
3464 4639 3650 4709 ἐπειδὴ
3675 4639 3819 4704 Θεὸς

525 4730 706 4784 unus?
753 4739 847 4784 aut
890 4729 1054 4786 Pater
1113 4746 1218 4785 non
1277 4733 1384 4785 erit
1435 4731 1714 4794 Dominus,
1764 4730 1890 4799 quia
1944 4721 2114 4784 Filius

527 4821 830 4890 appellatus
857 4831 943 4877 est
969 4822 1231 4877 Dominus
1261 4832 1316 4876 et
1345 4821 1528 4875 unus?
1579 4818 1800 4875 Minime
1833 4835 1981 4884 vero,
2013 4819 2112 4874 ab'

525 4917 641 4970 sit!
691 4917 824 4970 Cum
874 4916 1021 4969 enim
1066 4909 1232 4969 Pater
1263 4914 1334 4968 sit
1373 4912 1536 4977 Deus,
1590 4911 1761 4966 Filius
1812 4913 1978 4967 etiam
2031 4919 2115 4966 est

528 5000 673 5063 Deus
707 5027 721 5064 :
753 5021 807 5062 et
841 5019 1056 5074 rursus,
1109 5021 1233 5061 cum
1277 5005 1540 5060 Dominus
1589 5004 1660 5058 sit
1689 5002 1884 5067 Filius,
1933 5005 2116 5059 Domi-

526 5117 630 5154 nus
659 5111 745 5155 est
769 5110 824 5154 et
856 5100 1036 5154 Pater.
1070 5097 1234 5168 Atqui
1278 5096 1323 5151 si
1357 5110 1476 5166 quae
1507 5102 1651 5151 esset
1675 5097 1929 5152 essentia:
1955 5095 2112 5152 dilic-

529 5191 702 5244 rentia
755 5205 875 5260 qum
917 5186 1037 5243 illos
1075 5189 1128 5242 in
1171 5189 1278 5241 duo
1325 5186 1612 5252 divideret,
1657 5202 1834 5256 neque
1877 5187 2112 5243 naturali

529 5279 814 5336 identitate
852 5278 1149 5335 conrenire
1197 5277 1556 5347 permitteret,
1613 5279 1773 5334 unius
1822 5279 2116 5350 appellatio

530 5373 684 5428 alteri
720 5372 936 5441 proprie
964 5371 1124 5423 tribui
1162 5385 1264 5424 non
1305 5379 1509 5441 posset.
1539 5371 1808 5439 Quocirca
1844 5387 1967 5428 cum
1999 5387 2115 5426 om-

531 5465 620 5520 nia
639 5480 758 5534 quze
785 5463 963 5516 Patris
988 5472 1113 5516 sunt
1143 5460 1278 5519 Filio
1308 5463 1501 5528 insint,
1525 5474 1579 5519 et
1608 5477 1825 5533 contra,
1848 5479 1969 5537 quae
1987 5459 2115 5520 Filii

532 5567 678 5621 sunt,
731 5552 900 5608 insint
949 5553 1116 5613 Patri.
1157 5555 1230 5609 ita
1286 5565 1342 5608 ut
1404 5555 1548 5612 nulla
1600 5558 1743 5612 ratio
1777 5558 2115 5612 identitatem

535 5644 796 5717 impedire
827 5644 1015 5712 possit,
1050 5646 1157 5699 erit
1184 5647 1348 5699 ctiam
1385 5646 1502 5715 ipse
1540 5647 1734 5713 bonus,
1771 5647 2116 5716 quentadmoo

535 5739 661 5794 dum
697 5737 878 5804 Pater,
916 5749 1078 5809 atque
1114 5739 1235 5795 ideo
1262 5739 1429 5794 ctiam
1466 5739 1974 5795 consubstantialis.

2223 4735 2318 4788 καὶ
2346 4729 2427 4797 εἷς
2449 4735 2478 4786 6
2501 4733 2693 4803 Πατὴρ
2726 4731 3147 4801 κατωνόμασται
3170 4748 3184 4798 ;
3209 4729 3415 4802 Κύριος
3439 4731 3496 4786 δὲ
3529 4731 3629 4784 οὐκ
3654 4730 3820 4784 ἔσται

2223 4828 2252 4879 ὁ
2290 4824 2503 4895 Πατὴρ,
2533 4823 2719 4894 ἐπειδὴ
2754 4824 2958 4895 Κύριος
2981 4822 3074 4876 καὶ
3098 4816 3178 4886 εἷς
3197 4823 3226 4874 6
3248 4823 3373 4886 Υἱὸς
3402 4823 3604 4894 ἐκλήθη
3629 4839 3642 4888 ;
3667 4821 3820 4876 Ἀλλ’

2222 4916 2323 4970 οὐκ
2342 4915 2456 4968 ἔστι
2477 4913 2658 4979 τοῦτο,
2703 4913 2776 4985 μὴ
2802 4915 3032 4982 γένοιτοε
3066 4913 3202 4968 Θεοῦ
3237 4914 3346 4987 γὰρ
3377 4915 3529 4977 ὄντος
3560 4912 3652 4966 τοῦ
3693 4914 3818 4966 Πα-

2221 5007 2368 5077 τρὸς,
2404 4999 2536 5069 Θεός
2567 5007 2688 5062 ἐστι,
2712 5005 2804 5059 καὶ
2835 5007 2864 5059 6
2897 5004 3060 5076 Υίόςο
3094 5004 3188 5058 καὶ
3219 5005 3428 5076 Κυρίου
3464 5005 3627 5059 πάλιν
3657 5004 3822 5071 ὄντος

2221 5098 2317 5151 τοῦ
2350 5094 2502 5164 Υὲοὖ,
2537 5097 2744 5170 Κύριός
2775 5099 2924 5150 ἐστιν
2954 5098 2982 5150 ὁ
3009 5098 3219 5168 Πατήρ.
3257 5096 3397 5152 Ἀλλ’
3446 5098 3602 5170 εἴπερ
3629 5093 3697 5168 ἦν
3727 5114 3821 5162 τις

2221 5191 2409 5256 οὐσίας
2436 5191 2668 5263 διαφορὰ
2716 5190 2814 5262 τὴν
2863 5190 3035 5246 δυάδα
3071 5191 3473 5262 διατειχίζουσα
3499 5233 3514 5258 ,
3575 5193 3669 5246 καὶ
3709 5192 3822 5244 οὐκ

2225 5282 2370 5337 ἐῶσα
2397 5281 2694 5354 μίσγεσθαι
2740 5282 2984 5351 φυσικῶς
3015 5284 3095 5347 είς
3116 5283 3420 5357 ταυτότήτα
3439 5326 3453 5349 ,
3485 5285 3584 5338 οὐκ
3615 5284 3701 5347 ἂν,
3732 5279 3817 5337 οἷο

2223 5390 2342 5443 μαι,
2370 5374 2576 5444 κυρίως
2598 5372 2657 5426 τὸ
2674 5371 2769 5426 τοῦ
2793 5371 2985 5445 ἑτέρου
3013 5373 3312 5446 πρόσρημα
3342 5374 3419 5445 τῷ
3449 5374 3620 5445 ἑτέρῳ
3643 5389 3819 5444 προσ-

2220 5466 2308 5536 ἦν.
2334 5464 2556 5536 Ἐπειδὴ
2603 5465 2659 5518 δὲ
2694 5465 2872 5519 πάντα
2906 5466 2975 5519 τὰ
2995 5465 3091 5519 τοῦ
3141 5466 3354 5537 Πατρὸς
3381 5467 3440 5519 ἐν
3475 5465 3589 5536 Υίῷ
3619 5465 3821 5534 φαίνει-

2221 5573 2331 5618 ται,
2366 5555 2460 5608 καὶ
2477 5556 2546 5608 τὰ
2573 5555 2667 5610 τοῦ
2710 5557 2839 5610 Υἱοῦ
2869 5557 3037 5611 πάλιν.
3060 5558 3118 5610 ὲν
3153 5557 3352 5628 Πατρὶ,
3381 5558 3457 5621 ὡς
3489 5557 3702 5619 οὐδενὸς
3728 5555 3820 5608 ἔτι

2222 5648 2313 5702 τὸν
2339 5648 2440 5717 τῆς
2468 5649 2797 5720 ταυτότητος
2831 5648 3162 5718 διείργοντος
3201 5648 3379 5716 λόγον,
3405 5647 3560 5702 ἔσται
3589 5636 3693 5700 καῖ
3718 5647 3820 5699 αύ-

2224 5741 2314 5804 τὸς
2341 5741 2568 5809 ἀγαθὸς,
2601 5741 2676 5806 ὡς
2698 5741 2726 5794 6
2758 5741 2969 5812 Πατὴρ,
3002 5740 3096 5794 καὶ
3125 5740 3221 5795 διὰ.
3249 5739 3405 5794 τοῦτο
3433 5739 3735 5811 ὁμοούσιος.

605 5916 647 5950 ⁸⁷
671 5917 826 5975 Deut.
859 5933 932 5987 VI,-
967 5917 1016 5973 ι.
1097 5918 1145 5949 θ’
1164 5919 1319 5974 Deut.
1351 5933 1404 5983 κ,
1440 5915 1537 5982 20;
1576 5914 1761 5972 Matth.
1801 5932 1872 5985 ιν,
1910 5916 1991 5972 l0.
2071 5917 2110 5949 ⁸ί³

2215 5915 2322 5972 Sor.
2351 5929 2463 5985 vni,
2502 5917 2554 5969 6.
