4106 6416
373 1291 419 1298 -οιν

488 421 592 472 1ὶ9

1517 422 1576 479 S.
1617 420 1891 476 CYRILLI
1932 421 2403 479 ALEXANDRINI
2442 426 2765 484 ARCHIEP.

3658 435 3760 491 1Ξο

487 532 792 587 conditioni
821 535 1063 605 subjecta
1095 545 1198 601 est,
1233 537 1431 608 poterit
1463 537 1624 591 etiam
1670 536 1831 591 Pater
1864 538 2067 593 habere

2190 541 2356 608 ρύσις,
2384 541 2496 609 ἕξει
2520 544 2616 599 καί
2659 547 2688 600 ὁ
2720 548 2911 619 Πατὴρ
2939 550 3093 615 Θεὸν,
3127 552 3219 606 καί
3245 554 3294 606 εἰ
3323 553 3399 623 μή
3432 572 3517 608 πω
3543 554 3757 623 γέγονε.

489 624 686 689 Deum,
743 627 958 681 tametsi
1009 628 1061 683 id
1106 644 1380 698 nunquam
1429 627 1630 682 factum
1684 627 1869 684 fuerit.
1913 629 2067 696 Quod

2190 626 2249 686 re
2274 633 2383 705 γὰρ
2412 628 2759 708 ἐνδεχόμενον
2796 639 3080 709 γενέσθαι,
3114 644 3204 698 καί
3232 647 3283 698 εἰ
3314 645 3390 716 μή
3425 663 3511 698 πω
3546 638 3759 699 τετέλε-

487 711 635 767 enim
670 711 786 768 ﬁeri
827 725 1025 783 potest,
1064 717 1278 772 tametsi
1313 732 1590 787 nunquam
1621 716 1921 787 perfectum
1952 717 2069 773 fue-

2175 727 2319 789 σται,
2343 725 2569 796 δυνάμει
2595 726 2752 781 τοῦτό
2772 730 2919 783 ἐστιν
2944 730 3082 801 ὅπερ
3110 732 3404 802 ἐνδέχεται.
3436 734 3501 786 Εἰ
3527 730 3582 786 δὲ
3601 732 3762 787 τοῦτο

487 802 581 871 rit,
626 806 866 873 petentia
923 806 975 860 id
1021 817 1105 861 est
1151 808 1296 876 quod
1351 822 1474 863 esse
1519 816 1718 877 potest.
1766 809 1836 864 At
1876 810 1921 864 si
1968 810 2072 867 hoc

2190 816 2454 888 ῑύσφημον
2478 858 2493 882 ,
2543 819 2605 871 οὐ
2649 820 2792 874 κατά
2838 821 2999 891 φύσιν
3037 825 3066 877 ὁ
3096 824 3288 896 Πατὴρ
3327 824 3422 878 τοῦ
3468 825 3599 879 Υἰοῦ
3626 824 3762 890 Θεὸς

486 894 862 964 blasphemum
892 906 997 960 est,
1026 911 1133 950 non
1161 898 1461 952 secundum
1505 907 1756 952 naturam
1790 897 1952 953 Pater
1993 900 2073 953 di-

488 987 635 1041 citur
672 987 812 1042 Deus
831 986 974 1054 Filii,
1019 990 1115 1043 sed
1148 989 1361 1045 ratione
1388 989 1779 1046 incarnationis
1803 1000 2074 1061 quatenus

488 1080 655 1135 hamo
678 1089 780 1134 est.

1164 1186 1396 1252 ALIUD.

559 1311 617 1365 Si
671 1310 725 1365 in
769 1309 947 1366 forma
985 1310 1405 1381 acqualitatequc
1440 1311 1532 1367 Dei
1573 1312 1846 1369 exsistens
1879 1313 2072 1380 Filius,

2173 908 2411 979 λέγεται,
2440 910 2575 965 ἀλλά
2602 906 2737 965 καθὸ
2765 913 2989 981 γέγονεν
3029 913 3315 986 ἄνθρωπος
3337 915 3718 987 οἰκονομικῶς.

2864 1198 3069 1254 ΑΛΛῡ.

2248 1314 2310 1367 Εἰ
2348 1314 2406 1366 ὲν
2436 1308 2617 1383 μορφῇ
2644 1300 2777 1365 Θεοῧ
2815 1312 3075 1383 ὑπάρχων
3110 1314 3139 1366 ὁ
3169 1302 3298 1376 Υἱὸς
3318 1328 3413 1366 και
3443 1312 3501 1365 ἐν
3531 1308 3769 1382 ἰσότητι,

488 1400 631 1456 sicut
660 1401 923 1471 scriptum
940 1409 1042 1464 est.
1078 1401 1386 1457 humiliavit
1416 1402 1680 1471 seipsum,
1707 1404 1815 1474 72
1842 1404 2072 1459 formam

2190 1404 2320 1458 καθὰ
2339 1405 2671 1476 γέγραπται,
2699 1403 3067 1457 ἐταπείνωσεν
3098 1402 3315 1469 ἑαυτὸν,
3338 1402 3553 1473 μορφὴν
3574 1402 3767 1456 δούλου

486 1492 631 1547 servi
682 1491 977 1561 accipiens,
1024 1501 1190 1561 atque
1233 1493 1419 1548 habitu
1478 1494 1734 1550 inventus
1780 1505 1838 1549 ut
1883 1496 2069 1561 homo,

490 1591 620 1637 sunt
655 1583 773 1638 haec
787 1583 953 1638 verba
985 1581 1380 1638 bumiliationis
1409 1591 1465 1637 et
1489 1596 1648 1638 servo
1673 1585 2072 1650 convenientia,

492 1688 599 1727 non
634 1676 701 1728 ad
743 1673 1037 1729 essentiam
1068 1675 1239 1745 ipsius
1267 1675 1656 1745 perlingentia,
1686 1675 1782 1730 sed
1818 1675 2075 1730 incarna-

436 1774 441 1779 '
492 1766 629 1822 tioni
672 1765 1105 1822 accommodata.
1137 1766 1206 1823 Et
1236 1771 1696 1838 quemadmodum
1730 1781 1798 1821 ex
1828 1765 2078 1822 sublimi-

2176 1495 2377 1560 λαϐὼν,
2401 1497 2495 1551 καὶ
2519 1497 2757 1566 σχήματι
2780 1494 3027 1566 εὑρεθεὶς
3046 1494 3122 1557 ὡς
3152 1493 3461 1564 ἄνθρωπος,
3491 1492 3646 1547 ἔσται
3665 1493 3771 1565 τῆς

2177 1589 2560 1653 ταπεινώσεως
2581 1588 2653 1642 τὰ
2666 1588 3007 1659 δουλοπρεπῆ
3031 1590 3271 1660 ῥήματα,
3290 1587 3391 1641 οὐκ
3404 1586 3769 1643 ἀναϐαίνοντα

2182 1682 2284 1753 μὲν
2309 1680 2447 1753 πρὸς
2469 1680 2570 1752 τὴν
2596 1681 2786 1734 οὐσίαν
2817 1679 2985 1733 αὐτοῦ
3003 1720 3019 1745 ,
3072 1678 3209 1734 ἀλλά
3246 1679 3324 1749 τῷ
3366 1681 3468 1756 τῆς
3489 1676 3770 1747 ὲνανθρω-

2181 1774 2404 1843 ἰι-ήσεως
2441 1770 2723 1843 προσώπῳ
2767 1771 3147 1843 περικείμενα.
3191 1772 3303 1825 Καὶ
3337 1770 3529 1840 ὥσπερ
3559 1770 3625 1821 ὲκ
3668 1766 3772 1820 τοῦ

494 1867 607 1913 tate
650 1857 872 1913 deitatis
908 1857 1277 1912 humilitatem
1321 1875 1443 1930 qua
1486 1860 1541 1915 in
1584 1856 1924 1914 humanitate
1960 1856 2077 1911 sive

2190 1864 2279 1936 τῆς
2311 1865 2564 1935 θεότητος
2592 1864 2763 1935 ὕψους
2791 1864 2893 1935 τὴν
2919 1866 2976 1919 ἐν
3021 1863 3407 1936 ἀνθρωπότητι
3432 1860 3771 1917 ταπείνωσιν

494 1949 886 2005 hmnanatione
908 1955 1013 2014 est,
1050 1950 1452 2029 cognoscimus,
1480 1952 1553 2005 ita
1578 1959 1768 2005 contra
1797 1964 1864 2006 ex
1896 1948 2077 2003 humi-

2182 1955 2638 2027 ὲπιγινώσκομεν,
2657 1955 2830 2019 οὕτως
2844 1956 2905 2010 τὸ
2919 1956 3161 2011 ἐναντίον
3184 1957 3248 2009 ἐκ
3265 1955 3361 2025 τῆς
3381 1952 3772 2015 ταπεινώσεως

493 2040 648 2096 litate
698 2055 819 2111 qua:
857 2042 912 2099 in
961 2042 1355 2100 humanatione
1402 2042 1674 2108 consistit,
1721 2041 1775 2098 id
1825 2041 1972 2111 quod
2023 2040 2078 2094 in

2190 2048 2280 2118 τῆς
2311 2049 2369 2100 ὲν
2393 2047 2797 2121 ἀνθρωπότητι,
2839 2046 2902 2101 τὸ
2930 2049 2988 2101 ὲν
3020 2046 3238 2118 θεότητι
3270 2046 3415 2117 μέγα
3435 2046 3531 2099 καὶ
3562 2042 3773 2115 ὑψηλὸν»

492 2131 696 2185 deitate
719 2147 973 2203 magnum
1007 2141 1063 2189 et
1090 2133 1145 2189 in
1175 2133 1413 2190 essentia
1440 2132 1563 2188 Filii
1596 2131 1830 2189 sublime
1858 2140 1962 2198 est,
1990 2130 2080 2185 ina

497 2221 776 2295 telligetis.

901 2364 1480 2469 ASSERTIO
1548 2380 1675 2467 X.

716 2525 874 2593 Quod
893 2527 1361 2583 consubstantialis
1388 2528 1542 2584 Patri
1569 2529 1638 2585 sit
1669 2528 1863 2585 Filius.

568 2634 766 2691 llostes
808 2634 1037 2703 Christi,
1078 2651 1200 2693 eum
1252 2652 1316 2695 ea
1364 2653 1483 2709 quas
1537 2638 1603 2694 ad
1648 2640 1904 2695 deitatem
1956 2636 2078 2696 Filii

496 2730 793 2800 pertinent,
819 2739 1080 2795 tractant,
1117 2741 1173 2785 et
1209 2732 1581 2788 habitudinem
1618 2745 1783 2803 quam
1819 2735 2082 2787 naturali-

2181 2139 2283 2210 τῆς
2311 2139 2497 2205 οὐσίας
2530 2139 2625 2193 τοῦ
2648 2139 2780 2193 Υίοῦ
2815 2138 3272 2211 γνωρισθήσεται.

2677 2373 3043 2461 ΛΟΓΟΣ
3120 2364 3253 2459 Θ’.

2432 2530 2561 2583 Ὅτι
2592 2529 2916 2596 δμοούοίιος
2948 2526 3030 2593 τῷ
3076 2527 3260 2597 Πατρί
3291 2529 3324 2582 ὁ
3362 2529 3518 2593 Υἱός.

2255 2643 2369 2697 Οὐκ
2397 2642 2638 2711 εὐλόγως
2657 2644 2706 2695 οἱ
2729 2640 3092 2712 χριπομάχοι
3128 2638 3195 2691 τὰ
3224 2637 3353 2708 περὶ
3378 2636 3481 2705 τῆς
3516 2634 3779 2704 θεότητος

2182 2735 2277 2788 τοῦ
2314 2734 2446 2789 Υἰοῦ
2474 2733 2866 2805 γυμνάζοντες,
2901 2732 2999 2786 καὶ
3029 2722 3214 2803 σχέσιν
3247 2728 3539 2800 ζητοῦντες
3563 2728 3632 2799 ἢν
3656 2727 3774 2798 ἔχει

500 2835 585 2879 ter
617 2823 784 2879 habet
806 2825 870 2881 ad
905 2822 1149 2890 Patrem,
1182 2827 1482 2896 inquirunt,
1523 2843 1627 2881 non
1665 2836 1811 2883 recte
1858 2837 2083 2881 tttuutur

2190 2826 2429 2896 φυσικῶς
2459 2826 2595 2897 πρὸς
2623 2826 2717 2879 τὸν
2747 2824 2941 2880 ἑαυτοῦ
2974 2823 3213 2896 Πατέρα,
3262 2825 3385 2885 ταῖς
3414 2819 3775 2892 ἀνθρωπίνως

497 2913 684 2968 verbis
710 2929 832 2981 qua:
877 2913 1114 2970 humano
1157 2930 1309 2981 more
1337 2916 1484 2972 dicta
1519 2927 1664 2982 sunt,
1695 2926 1750 2971 et
1794 2932 1824 2971 a
1852 2916 2082 2971 Domino

2190 2917 2505 2989 εἰρημέναις
2545 2916 2843 2988 κέχρηνται
2893 2918 3121 2986 φωναῖς,
3161 2908 3254 2979 αἷς
3286 2917 3315 2968 ὁ
3359 2912 3564 2984 Κύριος
3591 2906 3773 2973 εἶπεν,

500 3011 690 3058 nostro
716 3004 948 3072 prolata,
977 3006 1199 3073 quando
1235 3020 1453 3061 carnem
1490 3016 1729 3061 nostram
1764 3008 2077 3075 assumpsit.

501 3092 688 3163 Neque
711 3095 858 3148 enim
894 3108 958 3149 ex
996 3095 1063 3149 iis
1091 3107 1212 3165 quae
1246 3105 1303 3148 ut
1334 3096 1497 3151 homo
1529 3105 1776 3166 respectu
1826 3097 2081 3151 incarna-

2186 3006 2275 3060 ὅτε
2306 3006 2404 3077 τὴν
2431 3006 2588 3076 ἡμῶν
2624 3007 2804 3079 σάρκα
2838 3006 3213 3078 περιεϐάλετο.
3250 3005 3325 3058 Οὐ
3362 3004 3469 3074 γὰρ
3499 3001 3560 3067 ἐξ
3592 2995 3667 3055 ὧν
3696 3001 3776 3064 ώς

2185 3091 2471 3169 ἄνθρωπος
2501 3098 2862 3168 οἰκονομικῶς
2889 3097 3233 3166 διαλέγεται,
3265 3098 3321 3149 ὲν
3349 3095 3524 3165 τούτῳ
3556 3097 3590 3164 ἡ
3622 3092 3775 3146 ἀσώά

503 3185 673 3240 tionis
708 3185 920 3241 locutus
966 3195 1075 3251 est,
1130 3188 1450 3257 incorporea
1489 3189 1607 3257 eius
1650 3191 1888 3246 essentia
1937 3191 2084 3245 desi-

2191 3207 2359 3260 ματος
2405 3190 2563 3245 οὐσία
2616 3189 3106 3262 χαρακτηρίζεται,
3145 3188 3261 3243 ἀλλ’
3301 3187 3499 3240 εἰδέναι
3518 3185 3643 3256 ’χρὴ
3676 3184 3777 3237 καὶ

500 3284 697 3343 gnatur
730 3285 894 3347 atque
933 3277 1278 3347 exprimitur,
1324 3281 1418 3333 sed
1462 3280 1591 3335 illud
1635 3295 1734 3336 nos
1767 3290 1822 3336 et
1858 3281 1999 3336 scire
2031 3292 2086 3335 et

503 3369 730 3420 credere
778 3375 1018 3436 oportet,
1064 3368 1208 3436 quod
1248 3366 1485 3425 Verbum
1530 3372 1800 3428 exsistens
1848 3372 1990 3427 Deus
2033 3382 2088 3428 et

503 3458 970 3514 consubstantiale
997 3474 1091 3528 per
1110 3463 1291 3515 omnia
1320 3461 1491 3529 Patri,
1517 3464 1808 3519 humanam
1839 3473 2087 3519 naturam

503 3550 818 3620 assumpsit,
856 3560 912 3605 et
949 3550 1127 3606 factus
1168 3563 1253 3608 est
1303 3554 1484 3620 homo,
1520 3565 1579 3611 ut
1613 3557 1889 3611 interdum
1924 3558 2086 3611 etiam

506 3649 569 3695 ut
614 3642 779 3696 homo
833 3640 1120 3710 loquatur,
1173 3654 1392 3713 propter
1436 3647 1900 3716 dispensationem
1965 3663 2086 3700 cum

505 3746 696 3789 carne.
728 3734 995 3803 Loquitur
1026 3749 1156 3791 vero
1183 3737 1351 3791 etiam
1382 3748 1441 3792 ut
1474 3738 1617 3793 Deus
1645 3751 1766 3808 quas
1811 3739 2085 3793 hominem

506 3826 798 3892 excedunt,
828 3826 1028 3897 quippe
1058 3827 1149 3896 qui
1186 3829 1327 3886 Deus
1370 3830 1691 3884 naturaliter
1719 3838 1833 3895 est;
1877 3842 1932 3885 et
1965 3846 2085 3885 eum

505 3922 722 3985 tempus
747 3915 802 3969 id
838 3916 1092 3985 requirit,
1130 3932 1196 3972 eo
1228 3918 1485 3989 loquendi
1516 3928 1718 3988 genere
1744 3921 1940 3976 utitur.
1972 3922 2088 3977 Cae-

508 4016 707 4071 terum,-
740 4005 784 4061 si
810 4006 936 4075 quis
964 4008 1097 4062 velit
1124 4022 1185 4063 ea
1217 4024 1337 4078 quae
1355 4009 1593 4064 humano
1622 4025 1777 4065 more
1799 4019 1854 4065 et
1879 4011 2090 4066 ratione

505 4095 922 4162 incarnationis,
973 4106 1033 4152 ut
1073 4099 1207 4165 dixi,
1249 4100 1393 4157 dicta
1445 4100 1593 4167 sunt;
1638 4103 1706 4157 ad
1751 4102 2087 4157 divinitatem

506 4186 678 4256 ipsius
707 4188 934 4254 referre,
978 4205 1099 4259 qua:
1131 4206 1261 4247 vero
1288 4193 1475 4248 divino
1513 4209 1664 4250 more
1687 4187 1830 4249 dicta
1867 4206 1992 4249 sunt
2024 4194 2093 4248 ad

505 4279 641 4334 illud
683 4291 897 4350 tempus
919 4282 1218 4339 transferre
1248 4300 1358 4354 quo
1386 4284 1563 4341 factus
1596 4296 1681 4342 est
1706 4289 1889 4353 homo,
1922 4289 1968 4343 is
1996 4302 2091 4341 na-

511 4383 687 4427 turam
740 4389 919 4429 rerum
962 4376 1279 4440 confundet,
1327 4391 1657 4446 omnemque
1702 4379 2094 4434 incarnationis

511 4468 779 4521 rationem
837 4468 1009 4523 tollet.
1077 4468 1348 4522 Interdum
1404 4469 1548 4523 enim
1607 4477 1664 4522 ut
1722 4469 1863 4524 Deus
1915 4471 2091 4524 dicit:

2189 3283 2490 3346 πιστεύειν,
2553 3285 2634 3336 ὅτι
2660 3283 2793 3346 Θεὸς
2819 3281 2896 3335 ὢν
2941 3283 2967 3334 ὁ
2990 3283 3163 3349 Λόγος
3184 3279 3280 3334 καὶ
3317 3278 3602 3350 ὁμοούσιος
3629 3274 3780 3329 κατά

2189 3376 2365 3430 πάντα
2392 3373 2471 3446 τῷ
2502 3374 2698 3446 Πατρί,
2738 3373 2838 3444 τὴν
2867 3371 3156 3445 ἀνθρώπου
3188 3371 3350 3441 φύσιν
3393 3368 3777 3441 περιεϐάλετο.

2190 3468 2283 3520 καὶ
2314 3465 2538 3535 γέγονεν
2570 3464 2875 3535 ἄνθρωπος,
2908 3455 2996 3516 ἵνα
3025 3463 3120 3516 καὶ
3150 3463 3225 3526 ὡς
3245 3461 3529 3533 ἄνθρωπος
3551 3459 3662 3512 ἔσθ’
3683 3459 3781 3512 ὅτε

2188 3557 2345 3626 λαλῇ,
2375 3555 2463 3608 διὰ
2495 3555 2593 3625 τὴν
2628 3554 2767 3624 μετά
2798 3556 2996 3623 σαρκὸς
3030 3553 3362 3622 οἰκονομίαν.
3390 3550 3553 3604 Λαλεῖ
3582 3549 3639 3601 δὲ
3678 3549 3784 3602 καὶ

2190 3646 2265 3711 ώς
2286 3646 2419 3708 Θεὸς
2442 3646 2512 3698 τά
2534 3646 2673 3715 ὑπὲρ
2700 3642 3009 3715 ἄνθρωπον,
3038 3643 3113 3706 ὡς
3140 3642 3299 3695 τοῦτο
3320 3641 3460 3694 κατὰ
3487 3639 3647 3709 φύσιν
3669 3637 3777 3702 ὢν,

2191 3740 2286 3793 καὶ
2315 3739 2404 3790 ὅτε
2442 3737 2633 3807 καιρὸς
2667 3737 2766 3808 τὴν
2794 3735 2986 3788 τούτου
3018 3734 3209 3805 χρείαν
3250 3733 3514 3803 εἰσφέρει.
3553 3729 3695 3783 Ἀλλ’
3726 3728 3791 3781 εἴ

2191 3836 2274 3891 τις
2328 3825 2571 3897 βούλοιτο
2622 3823 2691 3878 τὰ
2718 3822 3208 3896 ἀνθρωπινώτερον
3248 3823 3343 3877 καὶ
3389 3819 3784 3892 οἰκονομικῶς,

2193 3920 2443 3990 καθάπερ
2471 3919 2626 3990 ἔφην,
2662 3919 2927 3990 εἰρημένα
2958 3917 3143 3989 φέρειν
3178 3918 3268 3972 ἐπὶ
3288 3916 3381 3970 τὸν
3404 3917 3503 3986 τῆς
3526 3915 3787 3984 θεότητος

2191 4010 2356 4066 αὑτοῦ
2376 4010 2556 4079 λόγον,
2583 4008 2676 4062 καὶ
2703 4007 2866 4061 πάλιν
2886 4052 2899 4075 ,
2934 4009 3004 4061 τὰ
3034 4007 3231 4071 θεῖκῶς
3274 4007 3543 4079 εἰρημένα
3588 4005 3786 4077 φέρειν

2193 4104 2281 4157 ἐπ’
2313 4104 2520 4155 ἐκεῖνον
2549 4096 2641 4153 τὸν
2674 4099 2866 4169 καιρὸν
2910 4098 3034 4152 καθ’
3082 4098 3141 4152 ὃν
3193 4098 3417 4167 γέγονεν
3465 4097 3783 4168 ἄνθρωπος,

2194 4194 2439 4263 ἀδικήσει
2481 4193 2589 4245 τῶν
2624 4191 2967 4262 πραγμάτων
2990 4189 3088 4260 τὴν
3119 4189 3314 4258 φύσιν,
3355 4188 3451 4242 καὶ
3491 4188 3788 4257 ἀναιρήσει

2193 4262 2641 4358 τὴνοὶκονομίαν.
2667 4283 2804 4337 Ποτὲ
2835 4283 2933 4353 μὲν
2956 4281 3067 4355 γὰρ
3094 4280 3169 4345 ὡς
3197 4280 3329 4345 Θεὸς
3344 4281 3494 4349 λέγει
3513 4296 3529 4310 ·
3558 4299 3576 4331 ι
3602 4278 3789 4347 ’Δμὴν

2193 4377 2339 4445 λέγω
2372 4376 2521 4445 ὑμῖν,
2558 4374 2688 4443 πρὶν
2733 4370 2988 4443 Ἀϐραὰμ
3014 4369 3288 4439 γενέσθαι,
3317 4369 3430 4438 ἐγώ
3457 4372 3591 4441 εἰμι.
3622 4387 3640 4419 ι
3669 4368 3788 4423 Καὶ

2197 4471 2390 4524 πάλιν·
2435 4486 2452 4518 ι
2492 4464 2863 4536 Καταϐέϐηκα
2909 4467 2974 4518 ὲκ
3021 4465 3115 4517 τοῦ
3148 4463 3401 4535 οὐρανοῦ.
3449 4480 3468 4513 ι
3502 4463 3563 4514 Εἰ
3599 4461 3657 4515 δέ
3693 4476 3788 4523 τις

515 4575 534 4606 ι
565 4557 736 4610 Amen
767 4556 889 4612 dico
921 4557 1093 4621 vobis,-
1143 4566 1437 4624 antequam
1465 4556 1739 4611 Abraham
1776 4558 1949 4623 ﬁeret,
1991 4573 2088 4629 ego

2198 4562 2440 4634 βούλοιτο
2462 4558 2622 4631 μόνον
2639 4557 2787 4629 αὐτῷ
2812 4557 3101 4627 φυλάττειν
3120 4556 3179 4610 τὸ
3207 4554 3511 4626 θεοπρεπὲς
3538 4553 3787 4623 ἀξίωμα,

498 4664 621 4704 sum
647 4648 714 4701 ’³.
746 4667 764 4700 ι
803 4648 868 4702 Et
894 4658 1123 4703 rursus:
1158 4664 1179 4700 ι
1210 4646 1324 4720 Ego
1362 4648 1618 4704 descendi
1652 4663 1684 4703 e
1715 4648 1855 4703 coelo
1877 4648 1947 4704 "’.
1976 4668 1996 4701 ι
2036 4650 2093 4703 Si

498 4755 635 4794 vero
664 4741 934 4811 quispiam
979 4741 1107 4797 velit
1137 4742 1306 4797 solam
1346 4741 1467 4811 ejus
1500 4740 1737 4796 divinam
1772 4740 2093 4811 dignitatem

506 4833 669 4897 tueri,
703 4834 854 4889 tollet
891 4834 1051 4904 plane
1089 4833 1233 4904 quod
1283 4834 1488 4890 ultimis
1535 4832 1875 4903 temporibus
1924 4835 2093 4887 homo

507 4924 685 4979 factus
722 4924 905 4981 fuerit.
955 4924 1142 4993 Neque
1174 4924 1319 4979 enim
1368 4927 1484 4993 ipse
1526 4934 1649 4980 erat
1690 4926 1874 4989 homo,
1913 4925 2095 4992 prius-

505 5030 667 5086 quam
699 5018 976 5073 Abraham
1029 5017 1208 5080 ﬁeret,
1238 5032 1415 5087 neque
1460 5027 1519 5069 ut
1564 5017 1726 5071 homo
1752 5016 2031 5071 descendit
2061 5031 2092 5071 e

507 5110 668 5166 cmlo;
700 5110 929 5171 Contra,
972 5107 1018 5163 si
1049 5108 1172 5177 quis
1210 5110 1371 5163 verba
1403 5117 1459 5162 et
1501 5123 1586 5163 res
1610 5123 1731 5178 quae
1761 5107 2090 5163 humanitati

506 5204 859 5268 conveniunt,
920 5200 1035 5257 Deo
1087 5200 1299 5265 Verbo,
1343 5199 1416 5254 ita
1463 5209 1523 5255 ut
1576 5210 1702 5255 ante
1760 5201 2094 5256 incarnatio-

507 5308 633 5350 nem
667 5305 808 5360 erat,
847 5292 1266 5347 acCommodare
1297 5291 1461 5359 volet,
1497 5292 1786 5347 admodum
1818 5294 1982 5364 impie
2013 5292 2094 5347 [ιιι

505 5389 634 5444 ciet.
681 5386 821 5453 Quid
868 5385 1011 5439 enim
1062 5384 1249 5448 faciat,
1295 5382 1508 5439 dicente
1538 5386 1803 5441 Christo:
1845 5403 1863 5437 ι
1894 5387 2088 5440 Anima

506 5493 629 5534 mea
683 5477 968 5538 turbatur,
1002 5473 1110 5545 73
1148 5483 1202 5527 et
1232 5473 1403 5529 tristis
1434 5483 1519 5529 est
1566 5474 1723 5529 valde
1746 5475 1792 5506 ’⁸
1829 5477 1897 5530 »ἲ
1941 5476 2097 5543 Auuc

2195 4654 2484 4723 ἀναιρήσει
2516 4651 2736 4713 πάντως
2774 4649 2834 4703 τὸ
2864 4652 2921 4703 ὲν
2967 4649 3217 4719 ὑστέροις
3252 4647 3466 4718 καιροῖς
3495 4643 3789 4718 ἄνθρωπον

2196 4743 2449 4813 γενέσθαι
2480 4735 2662 4797 αὐτόν.
2698 4737 2773 4795 Οὐ
2803 4740 2913 4812 γὰρ
2956 4736 3024 4812 ἦν
3065 4742 3122 4794 ἐν
3169 4740 3549 4811 ἀνθρωπότητι
3575 4779 3590 4803 ,
3649 4738 3789 4808 πρὶν

2209 4833 2464 4904 Ἀϐραὰμ
2513 4832 2789 4903 γενέσθαι,
2822 4833 2943 4886 οὐδὲ
2983 4833 3119 4885 καθὸ
3151 4830 3437 4903 ἄνθρωπος
3476 4827 3780 4899 καταϐέϐη-

2198 4940 2292 4979 κεν
2326 4928 2391 4978 ὲκ
2417 4924 2510 4978 τοῦ
2531 4924 2789 4996 οὐρανοῦ.
2824 4925 2934 4977 Καὶ
2966 4923 3150 4988 πάλιν,
3173 4924 3327 4985 εἴτις
3357 4921 3571 4994 θελήσει
3593 4919 3662 4973 τὰ
3683 4920 3788 4989 τῆς

2200 5020 2299 5073 ἀνθ
2309 5018 2624 5089 ρωπότητος
2643 5017 2866 5089 ῥήματά
2880 5034 2937 5069 τε
2959 5016 3054 5070 καὶ
3084 5016 3386 5088 πράγματα
3403 5014 3594 5086 γυμνῷ
3616 5030 3784 5085 προσ-

2201 5110 2394 5164 άπτειν
2420 5109 2498 5181 τῷ
2521 5109 2640 5181 Θεῷ
2669 5110 2827 5180 Λόγῳ
2860 5109 2965 5180 πρὸ
3001 5110 3100 5179 τῆς
3145 5108 3631 5180 ὲνανθρωπήσεως,
3657 5107 3791 5159 ἀσει

2202 5202 2363 5274 ϐήσει
2407 5200 2680 5271 μεγάλως.
2721 5200 2787 5252 Τί
2830 5200 2938 5272 γὰρ
2968 5201 3206 5271 ποιήσει,
3236 5199 3486 5268 λέγοντος
3519 5198 3612 5251 τοῦ
3646 5198 3785 5268 Χρι-

2205 5293 2333 5347 στοῦ
2354 5310 2368 5324 ο
2402 5313 2420 5345 ι
2455 5293 2571 5347 Νῦν
2602 5295 2634 5357 ἡ
2661 5292 2806 5364 ψυχή
2845 5312 2946 5363 μου
2970 5293 3327 5365 τετάρακται,
3358 5291 3456 5346 καὶ
3487 5290 3786 5361 περίλυπός

2197 5388 2352 5448 ἐστι;
2389 5407 2407 5438 ι
2433 5385 2627 5457 Λὺπην
2655 5387 2767 5457 ἄρα
2795 5386 2890 5439 καὶ
2925 5385 3157 5457 θόρυϐον
3190 5384 3352 5438 δώσει
3389 5385 3519 5455 περὶ
3565 5383 3663 5453 τὴν
3690 5383 3788 5437 τοῦ

2195 5478 2332 5532 Θεοῦ
2356 5479 2518 5548 φύσιν
2546 5479 2824 5547 γενέσθαι,
2854 5480 2951 5532 καὶ
2976 5480 3201 5550 κρατεῖν
3228 5476 3462 5531 θανάτου
3487 5476 3681 5545 φόϐον;
3720 5477 3787 5528 Τί

509 5582 803 5625 maerorem
849 5576 905 5623 et
947 5570 1277 5622 anxietatem
1330 5567 1525 5622 divinae
1574 5577 1780 5623 natura:
1829 5572 2088 5625 accidisse

2195 5570 2253 5624 δὲ
2297 5570 2428 5623 ὅταν
2478 5569 2885 5642 σταυρούμενον
2926 5569 3032 5640 ἴδῃ,
3089 5571 3184 5623 καὶ
3223 5567 3383 5622 τοῦτο
3420 5569 3651 5638 πάσχειν
3688 5565 3786 5620 τοῦ

507 5669 735 5724 statuet,
783 5670 877 5713 aut
924 5659 1105 5714 timori
1145 5657 1340 5713 mortis
1380 5660 1670 5715 obnoxiam
1715 5660 1886 5716 fuisse
1911 5661 2088 5717 dicet?

2199 5662 2328 5717 Υίοῦ
2359 5664 2456 5735 τὴν
2474 5662 2699 5733 θεότητα
2736 5661 2897 5715 δώσει
2934 5660 3107 5726 οὓτως
3136 5661 3211 5725 ὡς
3254 5661 3574 5733 ἀνθρωπον;
3621 5659 3693 5711 Ἦ
3733 5656 3792 5711 τὸ

581 5843 625 5874 9"
651 5830 805 5898 Juau.
850 5860 965 5905 vm.
996 5844 1082 5899 58.
1164 5842 1205 5873 ⁸⁷
1244 5842 1394 5901 loan.
1431 5859 1501 5904 γι,
1537 5842 1623 5897 58.
1704 5836 1749 5870 ’³⁸
1782 5839 1934 5895 Joan.
1975 5856 2071 5900 xu,
2107 5840 2194 5893 :27.
