4106 6414
551 399 651 454 η’]

1541 408 1598 465 s.
1642 407 1912 463 CYRILH
1952 392 2418 462 ALEXANtllllNl
2456 409 2777 465 ARCHIEP.

3705 408 3810 463 128

550 525 854 573 creatorem
900 534 1117 575 causam
1164 522 1456 577 exsistendi
1512 523 1650 578 Filio
1697 524 1863 580 fuisse
1907 525 2097 580 dicatis

2229 526 2324 593 γὸν
2350 527 2523 580 αἴτιον
2557 527 2653 581 τοῦ
2685 525 2826 581 εἶναι
2863 526 2941 598 τῷ
2982 524 3096 597 Υἱῷ
3141 523 3470 593 γεγενῆσθαι
3500 522 3680 591 λέγειν
3714 523 3811 579 τὸν

548 608 644 662 sed
702 618 760 662 ut
797 612 1099 680 genitorem
1156 614 1496 669 naturaliter.
1545 613 1691 670 Nihil
1746 631 1876 671 vero
1919 618 2122 682 obstat,

550 698 659 753 imo
692 711 823 756 vero
867 688 1234 759 necessarium
1275 713 1384 769 est,
1431 715 1490 760 ut
1529 706 1580 760 id
1613 708 1761 777 quod
1804 707 2126 764 naturaliter

548 801 617 840 ex
656 788 840 857 aliquo
878 794 1166 860 processit,
1189 792 1367 848 simile
1403 794 1451 850 ei
1485 796 1782 850 secundum
1823 797 2120 852 essentiam

545 879 636 945 sit,
669 882 883 937 tametsi
913 883 1144 953 idipsum
1179 884 1478 940 exsistendi
1512 901 1734 949 causam
1767 887 1984 943 habeat.

1209 994 1442 1055 ALIUD.

613 1101 670 1156 Si
713 1103 972 1173 quidquid
1004 1119 1070 1161 ex
1111 1121 1277 1164 causa
1318 1108 1498 1180 aliqua
1546 1111 1629 1176 ﬁt,
1672 1113 1723 1168 id
1756 1118 1979 1172 omnino
2013 1120 2119 1175 erit

541 1191 819 1249 dissimilis
853 1209 975 1249 cum
1026 1198 1146 1267 ipso
1175 1201 1513 1267 substantiae,
1560 1207 1832 1273 quomodo
1875 1209 2009 1264 Abel
2044 1225 2110 1265 ex

537 1284 747 1339 Adanto
771 1295 1031 1357 tanquam
1058 1303 1126 1343 ex
1162 1305 1327 1345 causa
1359 1294 1595 1363 genitus,
1622 1297 1817 1354 similis
1845 1300 1891 1354 ei
1918 1315 2117 1356 secun-

536 1375 665 1428 dum
700 1375 1064 1432 substantiam
1102 1378 1248 1434 fuit?
1282 1381 1663 1441 Necessarium
1696 1389 1858 1458 igitur
1894 1394 2117 1448 omnino

536 1473 620 1518 est
655 1474 712 1519 ut
738 1469 918 1522 omnis
951 1469 1005 1523 in
1033 1471 1345 1528 universum
1381 1479 1693 1545 generativa
1722 1489 1936 1547 natura,
1966 1483 2118 1539 simi-

537 1555 607 1607 lia
638 1557 738 1611 sibi
784 1572 851 1612 ex
902 1574 963 1614 se
1012 1563 1296 1632 producat,
1348 1568 1567 1624 tametsi
1620 1570 1673 1626 id
1724 1574 1865 1639 quod
1918 1574 2112 1646 gignit,

535 1656 701 1697 causa
733 1645 804 1701 sit
830 1648 1153 1704 naturaliter
1176 1651 1224 1705 ei
1261 1655 1404 1722 quod
1429 1670 1495 1710 ex
1530 1671 1587 1713 se
1618 1659 1878 1729 gignitur.

1139 1762 1373 1820 ALIUD.

2228 615 2608 687 Πατέρα,,ἀλλ’
2633 616 2708 681 ὡς
2739 618 3042 687 γεννήτορα
3075 613 3343 684 φυσικῶς.
3380 612 3597 668 κωλύει
3636 614 3695 667 δὲ
3716 614 3814 667 οὐ·-

2223 707 2333 769 δὲν,
2371 708 2571 778 μᾶλλον
2624 708 2682 761 δὲ
2714 709 2930 779 ἀνάγκη
2985 708 3136 762 πᾶσα
3167 705 3229 759 τὸ
3274 705 3338 759 ἐκ
3368 722 3513 769 τινος
3559 704 3808 774 φυσικῶς

2224 797 2507 868 προελθὸν,
2533 799 2716 869 ὅμοιον
2736 795 2874 852 εἶναι
2901 798 3023 852 κατ’
3056 796 3244 850 οὐσίαν
3277 794 3466 861 αὐτοῦ,
3507 795 3612 850 κᾶν
3634 797 3811 850 αἴτιον

2224 888 2353 943 αὐτὸ
2388 888 2481 943 τοῦ
2509 884 2648 943 εἶναι
2678 889 2816 960 ἔχοι.

2908 1005 3116 1063 ΔΛΛΟ.

2292 1116 2354 1171 ΕΞ
2376 1119 2487 1173 πᾶν
2509 1120 2647 1191 ὅπερ
2664 1119 2731 1173 ἂν
2761 1119 2824 1184 ἐξ
2844 1119 3018 1174 αἰτίου
3040 1118 3188 1183 τινὸς
3217 1118 3463 1189 γένηται,
3489 1116 3648 1171 τοῦτο
3670 1115 3813 1170 πάν-

2219 1227 2326 1273 τως
2371 1209 2524 1264 ἐσται
2575 1210 2712 1283 πρὸς
2752 1211 2886 1266 αὐτὸ
2930 1212 3025 1265 καὶ
3054 1207 3433 1280 ἀνομοιούσιον
3477 1208 3578 1280 (1),
3627 1207 3747 1271 πῶς
3777 1209 3809 1260 6

2222 1301 2387 1354 Ἀὄελ
2418 1301 2477 1368 ἐξ
2506 1302 2681 1356 αίτίου
2700 1302 2980 1374 γεννηθεὶς
3009 1302 3103 1357 τοῦ
3135 1301 3326 1373 Ἀδὰμ,
3357 1303 3541 1372 ὅμοιος
3568 1296 3635 1372 ἦν
3655 1298 3810 1370 αὐτῷ

2218 1394 2338 1448 κατ’
2362 1394 2588 1461 οὐσίανς
2617 1395 2826 1450 Οὐκοῦν
2863 1397 3077 1466 ἀνάγκη
3107 1395 3291 1448 πᾶσαν
3338 1391 3525 1456 ἁπλῶς
3554 1408 3811 1461 γεννητι-

2219 1485 2320 1557 κὴν
2346 1486 2509 1556 φύσιν
2534 1529 2549 1551 ,
2583 1487 2746 1557 ὅμοια
2774 1486 2995 1551 πάντως
3027 1488 3164 1558 αὐτῇ
3207 1486 3279 1541 τὰ
3322 1484 3382 1552 ἐξ
3433 1483 3604 1556 αὐτῆς
3634 1482 3805 1553 ἔχειν.

2217 1576 2321 1631 κᾶν
2355 1578 2417 1630 τὸ
2444 1577 2627 1631 τίκτον
2658 1577 2829 1632 αῐτιον
2859 1577 2893 1651 ᾖ
2929 1577 3178 1648 φυσικῶς
3205 1576 3283 1648 τῷ
3325 1575 3385 1644 ἐξ
3417 1575 3583 1630 αὑτοῦ
3621 1590 3811 1628 τικτο-

2219 1668 2385 1739 μένῳ.

2900 1780 3105 1834 AAAO.

606 1868 661 1922 Si
715 1869 917 1927 idcirco
965 1868 1134 1931 Filius
1183 1891 1290 1933 non
1341 1889 1425 1935 est
1478 1884 1777 1941 secundum
1818 1890 2097 1963 essentiam

2286 1889 2349 1943 Εἰ
2379 1888 2468 1943 διά
2499 1888 2656 1946 τοῦτο
2678 1892 2803 1945 κατ’
2833 1890 3021 1945 οὐσίαν
3046 1892 3081 1944 6
3096 1890 3225 1956 Υίδς
3258 1890 3359 1945 οὐκ
3383 1889 3538 1944 ἔσται
3571 1888 3649 1961 τῷ
3686 1891 3811 1943 Πα-

532 1957 728 2013 similis
755 1961 861 2031 77
895 1961 1042 2018 Patri
1067 1981 1242 2037 neque
1268 1968 1766 2046 consubstantialis,
1797 1958 1924 2049 quia
1953 1982 2113 2040 Pater

531 2056 596 2096 ex
641 2045 782 2100 nulla
833 2064 996 2107 causa
1031 2054 1146 2108 sive
1192 2058 1463 2130 principio
1504 2073 1606 2130 est,
1640 2066 1810 2124 Filius
1836 2087 1962 2129 vero
2003 2072 2112 2129 Pa-

531 2140 667 2189 trem
714 2140 1039 2211 principium
1090 2145 1279 2214 habet,
1314 2152 1442 2220 quid
1506 2155 1777 2215 obstiterit
1824 2166 2112 2232 quominus

527 2221 774 2314 dicamus
799 2228 931 2286 Cain
964 2235 1129 2291 etiam
1154 2242 1295 2309 patri
1326 2257 1427 2299 suo
1453 2221 1971 2311 consubstantialem
2003 2273 2109 2314 non

530 2310 734 2411 fuisse?
766 2318 822 2373 Si
848 2323 1079 2411 quidem
1115 2327 1289 2385 Adam
1322 2347 1353 2386 a
1393 2338 1613 2394 nemine
1641 2354 1936 2411 generatus

529 2405 739 2471 primus
767 2409 913 2464 enim
965 2414 1244 2473 hominum
1278 2420 1401 2477 fuit.
1439 2426 1570 2482 Cain
1616 2405 1747 2488 vero
1780 2433 1955 2504 ipsum
2002 2455 2104 2495 au-

526 2504 733 2549 ctorem
766 2504 821 2553 et
853 2500 1182 2574 principium
1225 2509 1435 2580 habuit,
1479 2532 1603 2573 nam
1633 2535 1702 2576 ex
1752 2500 1868 2593 ipso
1895 2533 2108 2598 genitus

524 2593 629 2638 est.
667 2585 825 2657 Atqui
864 2591 911 2646 si
945 2593 1048 2650 hoc
1076 2596 1270 2655 falsum
1313 2613 1396 2660 est
1428 2585 1933 2676 (consubstantialis
1963 2622 2108 2676 enim

524 2675 733 2766 Adamo
759 2689 843 2736 est
875 2682 1052 2757 Cain),
1090 2690 1193 2745 erit
1220 2695 1466 2760 profecto
1502 2702 1982 2766 consubstantialis
2007 2675 2108 2766 Pa;

524 2764 589 2816 tri
631 2763 818 2835 Filius,
853 2776 1068 2830 tametsi
1102 2778 1255 2835 illum
1292 2798 1515 2843 causam
1557 2793 1853 2853 exsistendi
1886 2800 2107 2868 habeat,

530 2860 830 2951 procedens
862 2877 931 2917 ex
976 2865 1093 2935 ipso
1141 2870 1349 2943 absque
1378 2885 1643 2951 tempore,
1700 2893 1755 2941 et
1793 2887 1862 2943 ab
1902 2860 2108 2948 aeterno

520 2961 644 3002 cum
676 2949 793 3020 ipso
819 2953 1108 3013 exsistens.

1198 3073 1428 3137 ALIUD.

949 3184 1039 3245 Ea:
1066 3189 1359 3260 objectione
1387 3194 1660 3256 Eunomia.

587 3294 855 3350 Caeterum
878 3302 1173 3369 quomodo,
1199 3304 1397 3375 inquit,
1429 3308 1727 3380 ingenitum
1753 3316 1938 3387 genito
1966 3335 2098 3377 con-

514 3382 867 3442 sttbstantiale
905 3390 1043 3444 erit?
1091 3390 1311 3449 Multum
1345 3398 1487 3453 enim
1528 3401 1668 3458 inter
1715 3382 1780 3461 ea
1812 3415 1897 3464 est
1944 3410 2099 3468 diil'eo

515 3476 724 3530 rentia}.

1015 3592 1223 3654 Salutio
1253 3603 1581 3673 objectionis.

581 3703 766 3760 Ardua
793 3708 1012 3774 scilicet
1047 3713 1282 3769 hostium
1311 3716 1516 3773 Christi
1561 3720 1798 3790 obiectio
1828 3741 1938 3781 non
1981 3729 2096 3784 etii-

511 3795 618 3848 eiet
660 3807 711 3850 ιιι
748 3797 917 3855 Filius
949 3818 1057 3859 non
1102 3805 1174 3861 sit
1224 3808 1707 3869 consubstantialis
1750 3816 1920 3885 Patri,
1971 3821 2093 3878 ideo

509 3887 632 3953 quia
687 3889 848 3945 Pater
895 3892 1171 3963 ingenitus
1218 3908 1323 3964 est,
1360 3900 1534 3959 Filius
1577 3919 1706 3961 vero
1746 3910 1981 3978 genitus.
2031 3915 2091 3970 Si

510 3979 654 4031 enim
679 3980 897 4040 differre
929 3987 982 4040 in
1016 3986 1196 4058 aliquo
1225 3989 1357 4046 facit
1392 4002 1450 4047 ut
1478 3994 1688 4052 diversa
1728 4002 1799 4055 sit
1834 4002 1884 4056 in
1926 4007 2090 4062 rebus

511 4077 727 4136 natura,
756 4081 809 4128 et
833 4089 1027 4146 genera
1061 4094 1090 4135 a
1122 4092 1307 4137 mutua
1341 4084 1482 4140 inter
1502 4100 1561 4142 se
1587 4091 1963 4149 convenientia
1993 4112 2089 4151 na-

508 4162 775 4232 turalique
823 4167 1179 4228 similitudine
1233 4186 1482 4245 separat,
1526 4178 1866 4253 distinguant
1917 4188 2083 4241 etiam

504 4248 726 4305 Paulum
760 4268 788 4307 a
823 4254 981 4313 Petro
1010 4261 1220 4317 ratione
1265 4267 1540 4334 essentite,
1601 4248 1870 4341 siquidem
1912 4278 2086 4345 parti-

503 4340 743 4397 cularem
790 4350 1080 4415 quamdam
1135 4353 1337 4410 habent
1375 4370 1441 4412 ac
1490 4340 1753 4416 velutiiin
1806 4364 2085 4423 individuo

504 4430 646 4486 inter
693 4447 752 4489 se
800 4436 1360 4513 diﬂ'erentiam,juxta
1405 4463 1568 4518 quam
1618 4451 1706 4509 hic
1737 4455 1952 4524 quidem
2000 4469 2087 4515 est

2212 1978 2302 2048 τρὶ
2335 1979 2671 2049 προσεοικὼς
2692 1981 2815 2034 οὐδὲ
2840 1980 3148 2051 ὁμοούσιος,
3177 1979 3477 2052 ἐπειδήπερ
3498 1979 3527 2031 6
3560 1979 3658 2050 μὲν
3680 1979 3807 2032 Πα-

2211 2069 2317 2139 τὴρ
2352 2071 2455 2123 οὐκ
2484 2070 2543 2137 ἐξ
2571 2072 2746 2125 αἰτίου
2778 2071 2925 2147 τινος
2945 2073 3113 2135 ἐστιν,
3142 2074 3171 2125 ὁ
3196 2071 3256 2124 δὲ
3282 2070 3409 2133 Υἱὸς
3430 2069 3604 2124 αἴτιον
3635 2070 3807 2123 αὑτὸν

2213 2159 2346 2230 ἔχει,
2372 2161 2426 2213 τί
2452 2161 2686 2214 κωλύσει
2711 2162 2890 2231 λέγειν
2917 2164 3005 2216 ὅτι
3032 2162 3126 2216 καὶ
3148 2161 3177 2213 6
3206 2161 3347 2215 Κάῖν
3370 2161 3576 2214 οὐκᾶν
3605 2161 3690 2231 εἴη
3718 2160 3807 2231 τῷ

2213 2246 2382 2320 πατρὶ
2419 2248 2731 2320 ὁμοούσιος;
2790 2252 3120 2323 Ἐπειδήπερ
3163 2253 3192 2305 6
3224 2252 3324 2321 μὲν
3361 2251 3533 2321 Ἀδὰμ
3562 2251 3652 2303 ὑπ’
3700 2252 3808 2302 οὐ·

2210 2340 2358 2405 δενὸς
2382 2342 2668 2414 ἐγεννήθη·
2695 2344 2912 2415 πρῶτος
2934 2343 3044 2415 γὰρ
3068 2339 3137 2414 ἦν
3153 2342 3460 2414 ἄνθρωπος.
3495 2343 3554 2396 Ὀ
3571 2342 3627 2397 δὲ
3646 2341 3802 2395 Κάῖν

2210 2432 2383 2487 αἴτιον
2413 2433 2572 2504 ἔσχεν
2599 2435 2785 2488 αὐτόν’
2811 2434 2871 2500 ἐξ
2898 2434 3062 2489 αὐτοῦ
3090 2434 3200 2506 γὰρ
3220 2434 3465 2504 γέγονεν.
3490 2435 3554 2489 Εἰ
3586 2434 3643 2487 δὲ
3662 2433 3807 2504 ψεύ-

2212 2542 2362 2579 σεται
2395 2525 2612 2590 πάντως
2640 2527 2668 2580 6
2688 2525 2846 2579 τοῦτο
2866 2527 3041 2595 λέγων
3063 2525 3372 2597 (ὁμοούσιος
3396 2524 3504 2596 γὰρ
3526 2525 3808 2597 τῷἈδάμ

2209 2617 2237 2668 6
2260 2616 2444 2686 Κάῖν),
2475 2615 2627 2669 ἔσται
2667 2617 2746 2687 τῷ
2787 2617 2964 2688 Πατρὶ
3014 2618 3233 2682 πάντως
3265 2617 3547 2688 ὀμοούσιος
3584 2617 3612 2668 6
3644 2616 3804 2681 Υἱὸς,

2210 2706 2314 2760 κᾶν
2339 2707 2511 2759 αἴτιον
2540 2706 2703 2759 αὐτὸν
2728 2705 2825 2777 ἔχῃ
2865 2708 2959 2761 τοῦ
3006 2703 3169 2772 εἶναι,
3204 2707 3266 2773 ἐξ
3311 2706 3478 2762 αὐτοῦ
3508 2705 3813 2779 προελῦὼιι
3870 2742 3883 2757 .

2207 2798 2475 2873 ᾁχρόνως,
2506 2797 2605 2852 καὶ
2627 2797 2813 2862 ἁῖδίως
2833 2798 2908 2852 ὢν
2941 2798 3040 2853 σὺν
3073 2798 3243 2870 αὐτῷ.

2891 3098 3097 3155 ΑΛΛΟ.

2461 3212 2559 3281 Ὧς
2583 3212 2652 3278 ἐξ
2681 3211 3041 3278 ἀντιθέσεως
3066 3210 3186 3265 τῶν
3210 3210 3533 3283 Εὐνομίαν.

2271 3327 2381 3380 Καὶ
2418 3326 2534 3388 πῶς
2562 3326 2736 3392 ἔσται,
2774 3327 2946 3396 φησὶη
2981 3324 3042 3378 16
3077 3325 3372 3396 ἀγέννητον
3413 3326 3492 3396 τῷ
3540 3324 3793 3424 γεννητῷ

2199 3418 2521 3490 ὁμοοὺσιον;
2551 3418 2728 3489 Πολλὴ
2763 3418 2874 3489 γὰρ
2895 3418 2953 3470 ἐν
2975 3417 3162 3480 αὐτοῖς
3191 3418 3224 3490 ή
3261 3417 3511 3489 διαφορά.

2680 3616 2838 3686 Πρὸς
2875 3616 3052 3671 τοῦτο
3080 3616 3284 3684 λύσις.

2266 3733 2380 3786 Οὐκ
2402 3728 2694 3800 ἀνατρέψει
2721 3727 2782 3781 τὸ
2804 3727 2966 3799 σοφὸν
2992 3727 3102 3782 τῶν
3123 3728 3507 3801 χριστομάχων
3542 3730 3799 3804 πρόϐλη-

2198 3842 2275 3895 μα
2305 3822 2367 3876 τὸ
2387 3818 2529 3876 εἶναι
2567 3822 2659 3875 τὸν
2682 3820 2814 3874 Υἱδν
2842 3820 3128 3892 ὁμοούσιον
3146 3819 3225 3890 τῷ
3253 3822 3452 3893 Πατρὶς
3481 3824 3793 3896 ἐπειδήπερ

2192 3915 2222 3967 6
2257 3914 2356 3985 μὲν
2388 3911 2577 3983 Πατήρ
2602 3906 2899 3981 ἀγέννητὸς
2937 3911 3106 3973 ἐστιν,
3142 3910 3271 3975 Υἱὸς
3312 3910 3370 3964 δὲ
3398 3913 3675 3982 γεννητός.
3717 3915 3793 3967 Et

2192 4005 2302 4075 γάρ
2326 4004 2387 4058 16
2410 4005 2553 4057 κατά
2585 4021 2638 4056 τι
2673 4002 2990 4075 διαφέρειν,
3041 4002 3259 4066 πάντως
3296 4004 3392 4056 καὶ
3428 4004 3685 4076 διάφορον
3722 4009 3792 4063 ὲν

2190 4095 2300 4157 1o't;
2326 4088 2445 4146 οὖσι
2469 4093 2567 4165 τὴν
2585 4091 2749 4162 φύσιν
2771 4090 3166 4161 ἀπεργάζεται,
3182 4092 3276 4145 καὶ
3297 4092 3397 4163 τῆς
3422 4093 3559 4162 πρὸς
3575 4094 3793 4165 ἄλληλα

2190 4182 2476 4247 κοινωνίας
2496 4200 2557 4236 τε
2603 4184 2699 4238 καὶ
2733 4184 2971 4253 φυσικῆς
3020 4183 3341 4254 ὁμοιότητος
3371 4185 3673 4257 ἀποτέμνει
3709 4189 3792 4244 τὰ

2188 4275 2342 4346 γένη’
2364 4275 2772 4348 διοριζέτωσαν,
2804 4276 2941 4346 φέρε
2963 4276 3158 4341 εἰπεῖν,
3187 4276 3283 4329 καὶ
3306 4276 3397 4329 τὸν
3427 4277 3640 4332 Παῦλον
3668 4279 3789 4334 ἀπὸ

2187 4365 2279 4419 τοῦ
2295 4366 2502 4437 Πέτρου
2523 4366 2667 4420 κατά
2693 4366 2784 4419 τὸν
2799 4365 2899 4435 τῆς
2922 4366 3109 4430 οὐσίας
3132 4366 3311 4435 λόγον,
3333 4368 3629 4440 ἐπειδήπερ
3655 4373 3791 4427 τινὰ

2191 4458 2423 4529 μερικὴν
2435 4457 2616 4528 ἔχουσι
2634 4457 2728 4511 καὶ
2745 4458 2821 4521 ὡς
2839 4459 2896 4510 ὲν
2917 4458 3105 4529 ἀτόμῳ
3122 4457 3255 4530 πρὸς
3274 4456 3535 4531 ἀλλήλους
3560 4461 3657 4532 τὴν
3668 4462 3787 4517 διοιο

502 4517 713 4587 Petrus,
744 4523 835 4580 hic
880 4542 1011 4584 vero
1038 4530 1260 4590 Paulus.
1312 4517 1566 4593 Videmus
1613 4550 1790 4597 autem
1840 4559 2082 4613 smpenu—

2200 4517 2390 4617 φορὰν,
2413 4517 2536 4601 καθ’
2559 4550 2625 4619 ἢν
2649 4548 2677 4601 6
2704 4517 2944 4620 neuio-1t
2974 4517 3201 4621 Πέτρος,
3268 4547 3324 4605 δὲ
3358 4517 3587 4617 [ίαῦλος.
3612 4517 3785 4624 τορῶ.

501 4626 651 4667 mero
690 4617 856 4672 etiam
900 4635 963 4675 ea
1003 4635 1125 4691 quae
1173 4624 1284 4680 alio
1336 4629 1494 4685 modo
1522 4644 1550 4682 a
1607 4642 1791 4687 mutua
1833 4633 1978 4689 inter
2022 4653 2082 4693 se

498 4701 855 4762 similitudine
911 4713 1142 4768 multum
1198 4717 1500 4784 dissident,
1554 4720 1808 4779 essentiae
1866 4727 2080 4782 ratione

497 4798 808 4854 convenire.
834 4799 968 4856 Nam
994 4804 1158 4861 homo
1192 4808 1343 4878 niger
1371 4812 1597 4866 multum
1627 4814 1807 4870 differt
1833 4817 1903 4871 ab
1931 4817 2077 4885 albo,

496 4887 591 4942 sed
632 4889 746 4945 haec
780 4890 1084 4949 differentia
1140 4911 1328 4952 eorum
1377 4902 1736 4959 substantiam
1789 4921 1893 4961 non
1950 4908 2082 4963 facit

496 4977 789 5036 diversam.
822 4982 881 5037 Si
929 5000 1060 5054 ergo
1106 4986 1270 5042 etiam
1314 4989 1368 5043 in
1413 4992 1569 5046 nobis
1615 4995 1747 5062 ipsis
1776 4996 2076 5054 diﬂ‘erentia

495 5072 788 5127 secundum
839 5074 1044 5144 aliquid
1102 5092 1207 5131 non
1261 5079 1514 5135 immutat
1558 5098 1681 5141 esse
1726 5086 1900 5157 ipsum
1947 5091 2078 5146 sub-

494 5164 729 5227 stantiae,
761 5179 827 5220 ex
857 5180 965 5235 qua
1008 5175 1263 5222 constant
1306 5169 1378 5223 illi
1410 5172 1503 5241 qui
1550 5189 1580 5227 a
1615 5178 1772 5232 nobis
1795 5179 2073 5252 diil‘erunt,

494 5253 623 5321 quid
648 5256 830 5311 obstat
857 5256 1150 5325 quominus
1201 5259 1365 5315 etiam
1402 5261 1575 5321 Filius
1608 5268 1681 5322 sit
1708 5272 2073 5329 consubstan-

495 5343 640 5397 tialis
682 5345 851 5412 Patri,
900 5346 1114 5403 etiamsi
1147 5349 1200 5404 in
1245 5364 1311 5407 eo
1355 5352 1499 5409 inter
1543 5372 1604 5413 se
1644 5358 1898 5417 diﬂ‘erant
1931 5366 2074 5435 quod

495 5431 659 5488 Pater
685 5435 758 5488 sit
787 5435 1074 5505 ingenitus,
1099 5439 1271 5499 Filius
1288 5456 1469 5502 autem
1499 5453 1754 5520 genitus?
1785 5455 1907 5513 Una
1927 5431 2072 5514 enim

495 5525 546 5578 in
590 5527 723 5595 ipsis
758 5536 843 5582 est
867 5528 1059 5599 deitas,
1088 5549 1152 5589 ex
1185 5534 1347 5595 Patre
1380 5539 1623 5612 ingenito
1665 5547 1989 5606 naturaliter
2020 5550 2073 5605 in

496 5614 690 5670 Filium
722 5619 1035 5687 procedens.

2193 4654 2291 4707 μεν
2311 4637 2369 4690 δὲ
2406 4638 2488 4691 ὅτι
2516 4636 2778 4704 πολλάκις
2800 4641 2895 4692 καὶ
2925 4638 2994 4692 τὰ
3036 4639 3159 4693 καθ’
3206 4640 3393 4722 ἕτερόν
3420 4660 3543 4698 τινα
3574 4645 3789 4715 τρόπον

2187 4725 2572 4798 τῆςιάλλήλων
2618 4726 2936 4799 ὁμοιότητος
2977 4729 3111 4782 πολὺ
3135 4730 3462 4800 διεστηκότα
3482 4773 3496 4795 ,
3528 4737 3787 4788 κοινωνεῖ

2188 4818 2330 4871 κατὰ
2359 4817 2449 4871 τὸν
2479 4820 2577 4890 τῆς
2596 4819 2783 4884 οὐσίας
2813 4821 2993 4889 λόγον.
3037 4821 3095 4875 '0
3123 4822 3223 4893 μὲν
3250 4823 3358 4895 γὰρ
3378 4824 3542 4894 μέλας
3570 4825 3782 4897 ἄνθρωε

2188 4923 2288 4971 πος
2318 4907 2480 4979 τυχὸν
2516 4910 2591 4973 ὡς
2630 4911 2765 4982 πρὸς
2804 4911 2896 4965 τὸν
2921 4912 3113 4967 λευκὸν
3143 4913 3346 4985 πολλὴν
3377 4915 3490 4986 ἔχει
3527 4918 3625 4987 τὴν
3656 4917 3779 4971 δια-

2188 4998 2382 5070 φορὰν,
2414 4999 2530 5054 ἀλλ’
2559 5001 2621 5054 οὐ
2645 5001 2805 5055 τοῦτο
2832 5001 2935 5073 τήν
2959 5004 3151 5059 οὐσίαν
3180 5007 3365 5070 αὐτοῖς
3384 5006 3680 5078 διατέμνει.
3707 5009 3775 5062 Εἰ

2185 5092 2362 5146 τοίνυν
2378 5092 2474 5146 καὶ
2503 5092 2588 5162 ἐφ’
2607 5094 2769 5164 ήμῶν
2790 5094 2972 5149 αὐτῶν
2993 5098 3026 5167 ἡ
3050 5097 3190 5152 κατά
3210 5114 3264 5151 τι
3287 5098 3520 5172 διαφορὰ
3543 5101 3605 5155 16
3630 5097 3773 5158 εἶναι

2180 5182 2279 5254 τῆς
2308 5183 2481 5254 αὐτῆς
2503 5184 2690 5248 οὐσίας
2711 5185 2813 5239 οὐκ
2845 5185 3164 5259 ἀνατρέπει,
3192 5184 3261 5261 ἧς
3283 5190 3350 5244 ἂν
3382 5178 3493 5245 εἷεν
3527 5194 3774 5249 κάκεῖνοι

2179 5273 2317 5345 πρὸς
2347 5273 2440 5338 οὓς
2462 5274 2529 5328 ἂν
2557 5274 2997 5346 διακρινοίμεθω
3047 5280 3100 5332 τί
3149 5281 3348 5334 κωλύει
3393 5284 3490 5337 καὶ
3521 5284 3612 5338 τὸν
3640 5286 3772 5339 nev

2177 5364 2464 5436 ὁμοούσιον
2497 5361 2640 5420 εἶναι
2690 5366 2769 5437 τῷ
2808 5369 3003 5442 Πατρὶ,
3039 5373 3182 5426 κατὰ
3227 5373 3386 5428 τοῦτο
3439 5375 3769 5447 διαφέροντα

2177 5457 2300 5513 καθ’
2332 5458 2363 5511 6
2395 5458 2495 5528 μὲν
2525 5457 2717 5530 Πατὴρ
2741 5460 3040 5533 ἀγέννητὸς
3069 5464 3240 5531 ἐστιν,
3274 5468 3303 5520 ὁ
3333 5466 3391 5521 δὲ
3416 5467 3545 5532 Υἱὸς
3570 5485 3766 5540 γεννη-
3860 5533 3870 5545 .

2176 5548 2301 5614 16;;
2333 5547 2449 5602 Μία
2471 5548 2579 5619 γὰρ
2614 5550 2674 5603 ἐν
2710 5551 2895 5615 αὐτοῖς
2932 5552 3202 5624 ήθεότης,
3242 5556 3307 5608 ὲκ
3346 5557 3559 5630 Πατρδς
3599 5560 3764 5628 ἀγεν-

2178 5640 2339 5710 νήτου
2370 5640 2637 5711 τρέχουσα
2668 5642 2912 5711 φυσικῶς
2934 5645 3026 5698 ἐπὶ
3050 5646 3110 5699 τὸ
3136 5647 3403 5719 γέννημα.

565 5794 641 5865 (1)
679 5794 797 5857 Ed..
828 5796 1195 5868 ἀνομοούσιον.
1238 5804 1368 5865 Vide
1408 5808 1734 5868 Cotelcriuni
1770 5815 1820 5870 in
1861 5824 1976 5881 not.
2003 5816 2067 5873 ad

2208 5832 2351 5893 num.
2383 5816 2524 5872 Eccl.
2560 5818 2677 5887 (in,
2715 5837 2765 5892 p.
2794 5820 2919 5879 551.
2953 5822 3111 5881 Eutr.
