4106 6490
248 387 344 444 £29

934 498 1137 553 ΔΛΛΟ.

484 611 824 677 Ἆντίθεσις
865 611 947 676 ὡς
983 611 1054 664 ἐκ
1091 610 1210 665 τῶν
1256 610 1580 679 Εὐνομίου.

314 729 413 781 Οὐκ
440 725 515 778 ἂν
563 724 655 794 εἴη
687 723 918 788 τέλειος,
967 724 1121 794 φησὶ,
1158 724 1233 796 μὴ
1288 725 1506 787 πάντως
1544 721 1655 776 ἀπό
1690 737 1835 784 τινος

261 820 506 890 ἐκτρέχων
533 815 745 886 ἀρχῆς.
777 816 841 868 Εἰ
872 815 1052 868 τοίνυν
1076 815 1421 868 κατέπαυσεν
1446 816 1474 866 6
1496 812 1688 884 Πατὴρ
1713 828 1836 882 γεν-

259 914 344 965 νῶν
359 911 441 963 τὸν
473 909 637 971 Υἰὸν,
666 907 729 960 τὸ
774 907 831 960 δὲ
866 906 1222 961 καταπαῦσαι
1258 906 1411 970 τέλος
1452 906 1632 971 ἐστὶν,
1662 904 1837 977 ἀρχὴν

256 1005 343 1074 ἄρα
368 1001 479 1072 ἔχει
509 998 610 1052 τοῦ
658 994 827 1052 εἶναι.
881 997 1011 1061 Πῶς
1060 992 1153 1051 οῦν
1186 998 1215 1053 ὁ
1264 996 1508 1060 τοιοῦτος
1550 982 1849 1069 ὁμοοῦσιος

254 1097 383 1150 ἔσται
408 1093 489 1163 τῷ
516 1093 589 1145 ὲκ
623 1090 905 1163 μηδεμιᾶς
936 1089 1114 1164 ἀρχῆς
1144 1088 1258 1142 ὄντι
1280 1087 1487 1160 Πατρί;

742 1266 903 1335 Πρὸς
928 1266 1107 1321 τοῦτο
1137 1266 1340 1332 λύσις.

310 1384 364 1437 Εἰ
388 1380 754 1435 κατέπαυσεν
783 1379 815 1431 6
837 1375 1050 1448 Πατὴρ,
1088 1375 1211 1430 καθ’
1258 1376 1426 1446 ὑμᾶς,
1448 1368 1494 1428 ὧ
1535 1374 1837 1445 χριστομά-

244 1493 335 1545 χοι,
362 1473 577 1542 γεννῶν
628 1471 727 1523 τὸν
758 1469 915 1534 Υἰὸν,
964 1469 1062 1520 καὶ
1111 1467 1221 1520 ἀπό
1258 1483 1404 1531 τινος
1428 1466 1604 1537 ἀρχῆς
1635 1465 1839 1536 ἦρξατο

250 1566 405 1633 (τοῦτο
420 1566 540 1637 γὰρ
571 1561 737 1633 ὑμῶν
771 1561 809 1631 ἡ
842 1559 1114 1630 πρότασις
1140 1556 1299 1631 ἔχει),
1324 1558 1692 1628 προσγέγονεν
1732 1557 1839 1628 ἄρα

250 1656 319 1725 τῷ
344 1656 541 1726 Ila-.95.
594 1652 675 1706 T6
722 1651 781 1704 δὲ
814 1651 1189 1721 προσγεγονὸς
1236 1650 1329 1703 καὶ
1358 1647 1535 1720 ἀρχὴν
1583 1647 1704 1718 ἔχον
1743 1646 1838 1701 τοῦ

252 1743 391 1806 εἶναι.
425 1746 755 1817 πρόσφατον
776 1744 848 1800 ἂν
872 1741 960 1811 εἴη
989 1742 1207 1804 πάντως
1233 1742 1327 1794 καί
1357 1740 1693 1810 ἀναγκαίως.
1713 1739 1839 1804 Πῶς

1666 314 2112 434 TIIESAUBUOS.

3416 367 3517 429 150

2610 484 2839 541 ALIUD.

2371 599 2455 653 Ex
2494 598 2785 668 objectione
2812 596 3084 650 Eunomii.

2007 715 2309 780 Perfectus,
2340 714 2533 783 inquit,
2578 726 2701 766 esse
2741 726 2846 765 non
2893 718 3092 780 petest,
3142 709 3245 765 nisi
3278 711 3367 781 qui
3399 727 3518 767 om-

1938 810 2068 864 nino
2099 808 2168 862 ab
2194 806 2374 874 aliquo
2407 803 2675 872 principio
2707 804 3055 871 processerit.
3085 802 3142 857 Si
3168 803 3329 875 igitur
3357 802 3521 858 Pater

1938 901 2097 959 desiit
2127 914 2392 971 generare
2419 897 2638 960 Filium,
2669 898 2798 951 illud
2829 907 3009 949 autem
3051 896 3317 958 desinere,
3356 899 3516 955 linem

1938 993 2231 1064 signiticat,
2275 992 2600 1062 principium
2632 991 2815 1060 itaque
2855 988 3152 1042 exsistendi
3190 987 3369 1041 habet.
3402 988 3520 1056 Quo

1937 1097 2098 1157 pacto
2128 1086 2291 1156 igitur
2310 1085 2370 1139 is
2400 1080 2901 1141 consubstantialis
2928 1080 3035 1137 erit
3071 1079 3243 1145 Patri,
3278 1080 3369 1150 qui
3397 1080 3516 1134 nul-

1938 1178 2050 1234 lum
2077 1176 2405 1252 principium
2437 1175 2647 1231 habet?

2438 1266 2648 1321 Salutio
2697 1264 3023 1334 objectionis.

2008 1380 2067 1435 Si
2101 1378 2261 1434 desiit
2299 1377 2382 1433 vel
2412 1376 2647 1432 cessavit
2695 1374 2859 1429 Pater
2896 1387 3085 1427 creare
3122 1370 3341 1435 Filium,
3367 1371 3520 1438 juxta

1940 1479 2175 1528 vestram
2222 1470 2554 1539 opinionem,
2614 1468 2799 1521 hostes
2842 1464 3067 1529 Christi,
3123 1471 3178 1518 et
3227 1460 3295 1517 ab
3341 1461 3520 1530 aliquo

1942 1562 2212 1634 principio
2242 1561 2407 1630 ctepit
2438 1559 2550 1630 78
2576 1559 2672 1627 (ita
2712 1558 2857 1612 enim
2884 1566 3065 1610 vestra
3098 1555 3394 1624 propositio
3434 1556 3523 1609 ha-

1940 1653 2075 1725 het),
2122 1668 2254 1722 ergo
2285 1651 2615 1705 adventitius
2651 1658 2733 1703 est
2762 1647 2932 1702 Patri.
2972 1646 3028 1701 Id
3077 1660 3207 1700 vero
3236 1645 3380 1715 quod
3422 1646 3521 1699 ad-

1941 1746 2228 1801 ventitium
2263 1745 2380 1800 sive
2436 1742 2729 1798 ascititium
2768 1750 2872 1805 est,
2903 1750 2959 1794 et
2987 1738 3318 1809 principium
3358 1736 3524 1790 habet

251 1839 311 1909 δὴ
333 1835 418 1892 οὖν
445 1840 558 1909 ἄρα
579 1838 784 1907 Θήσετε
800 1833 897 1886 τὸν
922 1834 1051 1887 Υἰὸν
1072 1833 1206 1887 Θεὸν
1229 1829 1370 1888 εἶναι
1395 1832 1547 1906 παρά
1570 1835 1671 1906 τῆς
1684 1832 1842 1896 Θείας

1956 1837 2296 1902 exsistent-iae,
2326 1849 2519 1890 recens
2542 1833 2764 1889 omnino
2794 1833 2866 1887 sit
2894 1844 3120 1886 necesse
3143 1839 3245 1884 est.
3272 1827 3394 1896 Quo
3429 1842 3523 1896 pa-

255 1929 458 2001 Γραφῆς
485 1930 549 1981 οὔ
578 1924 1069 1997 συγχωρούμενον,
1108 1925 1175 1979 ἂν
1200 1924 1374 1989 οὕτως
1411 1924 1512 1997 ἔχῃ
1531 1966 1544 1990 ,
1583 1924 1839 1996 καθάπερ

261 2021 402 2092 ὑμεῖς
443 2037 612 2091 φατες
652 2038 673 2071 ‹
711 2020 835 2073 Οὐκ
881 2017 1039 2072 ἔσται
1085 2016 1194 2089 γὰρ
1244 2018 1303 2069 ὲν
1355 2017 1438 2069 σοί
1475 2015 1629 2080 Θεὸς,
1682 2017 1836 2084 φησὶ,

270 2111 587 2181 πρόσφατος.
613 2130 632 2163 ι
660 2110 807 2164 Ἀλλ’
828 2108 976 2164 οἶδεν
1000 2110 1163 2164 αὐτὸν
1186 2110 1219 2180 ἡ
1246 2107 1365 2162 θεία
1387 2107 1580 2179 Γραφὴ
1598 2107 1693 2161 καὶ⁵
1707 2106 1839 2160 Υἰὸν

262 2202 387 2256 tvm
414 2202 505 2255 καὶ
531 2202 676 2258 Θεόν.
714 2203 838 2257 Οὐκ
868 2203 980 2274 ἄρα
1013 2201 1353 2273 πρόσφατος,
1385 2200 1506 2253 οὐδὲ
1534 2198 1839 2270 ἀρξάμενος

266 2291 350 2345 τοῦ
375 2294 676 2359 γεννᾶσθαι,
709 2293 842 2347 καθ’
874 2294 1053 2362 ὑμᾶς·
1087 2291 1223 2344 ἀλλὰ
1264 2290 1522 2361 γεννητὸς
1550 2290 1672 2361 μὲν,
1717 2306 1841 2344 συν-

254 2383 407 2447 αῒδιος
428 2385 484 2438 δὲ
507 2386 660 2454 ὅμως
682 2384 765 2449 ὡς
789 2384 922 2447 Υἱὸς
948 2385 1024 2436 ὢν
1050 2384 1107 2436 ὲν
1124 2381 1202 2453 τῷ
1224 2382 1418 2453 Πατρί.
1442 2382 1506 2435 Εἰ
1533 2381 1590 2434 δὲ
1613 2381 1672 2434 τὸ
1699 2375 1842 2434 εἶναι

251 2475 548 2544 πρόσφατον
577 2477 642 2529 οὐ
674 2476 1039 2547 συγχωρήσει
1068 2474 1171 2545 τῆς
1192 2475 1361 2544 αὐτῆς
1382 2474 1571 2537 οὐσίας
1600 2469 1843 2546 εἶναιτῷ

247 2565 412 2636 Harp!
439 2567 531 2619 τὸν
561 2566 725 2630 Υἱὸν,
756 2565 820 2619 τὸ
852 2566 930 2637 μὴ
972 2561 1111 2618 εἶναι
1160 2565 1475 2637 πρόσφατον
1503 2606 1519 2632 ,
1555 2564 1842 2635 ὁμοούσιον

250 2655 523 2721 ἀποδείξει.

949 2895 1156 2951 AAA'O.
1513 2942 1519 2947 .

303 3008 365 3062 Ei
385 3009 537 3080 μόνῳ
554 3006 686 3078 Θεῷ
709 3004 794 3077 τῷ
820 3006 965 3061 κατά
983 3007 1145 3076 φύσιν
1165 3006 1232 3061 τὸ
1249 3008 1673 3079 προσκυνεῖσθαι
1694 3010 1849 3081 παρά

1941 1940 2031 1985 cto
2062 1929 2228 1997 igitur
2269 1926 2522 1983 statuetis
2548 1938 2770 1979 sacram
2806 1923 3144 1992 Scripturam
3180 1935 3285 1974 non
3331 1932 3524 1973 conce-

1942 2025 2070 2077 dere
2103 2018 2304 2074 Filium
2341 2019 2511 2073 Deum
2541 2030 2684 2081 esse,
2715 2015 2773 2071 si
2800 2014 2873 2068 ita
2904 2027 2964 2068 se
3005 2027 3090 2066 res
3124 2012 3306 2074 habet,
3339 2018 3398 2064 ut
3429 2023 3525 2063 vos

1942 2113 2169 2171 dicitis?
2199 2131 2216 2164 ι
2247 2110 2366 2167 Non
2390 2110 2533 2166 enim
2558 2105 2902 2176 erit,inquit,
2930 2104 2981 2157 in
3003 2111 3057 2157 te
3084 2103 3223 2157 Deus
3254 2113 3459 2154 recens.
3499 2116 3520 2149 ι

1946 2205 2111 2275 Atqui
2152 2218 2309 2258 sacra
2338 2201 2625 2270 Scriptura
2656 2197 2804 2251 illum
2849 2206 2904 2250 et
2941 2193 3137 2248 Filium
3177 2191 3439 2261 agnoscit,
3471 2200 3525 2242 et

1944 2298 2139 2352 Deum.
2180 2294 2299 2350 Non
2337 2293 2503 2363 igitur
2534 2305 2725 2344 recens
2753 2300 2858 2351 est,
2892 2300 3065 2355 neque
3094 2285 3318 2352 incoapit
3357 2296 3523 2352 gene-

1944 2389 2078 2451 rari,
2112 2396 2170 2442 ut
2212 2401 2309 2440 vos
2361 2382 2681 2455 opinamini,
2736 2381 2829 2434 sed
2879 2380 3095 2448 genitus
3142 2374 3383 2444 quidem,
3432 2387 3525 2427 co-

1945 2488 2183 2535 aeternus
2215 2475 2590 2539 nihilominus,
2641 2483 2699 2526 ut
2730 2472 2903 2526 Filius
2944 2470 3216 2524 exsistens
3246 2467 3298 2520 in
3345 2465 3521 2518 Patre.

1945 2571 2100 2624 Sicut
2132 2568 2316 2636 igitur,
2350 2567 2394 2620 si
2433 2578 2624 2619 recens
2659 2572 2826 2624 esset,
2857 2562 3096 2626 ejusdem
3127 2557 3378 2613 essentiae
3408 2571 3529 2608 esse

1947 2678 2069 2720 cum
2101 2660 2261 2714 Patre
2292 2656 2462 2711 Filius
2511 2669 2850 2725 nequaquam
2887 2661 3092 2721 posset,
3154 2651 3226 2704 ita
3265 2648 3428 2702 etiam
3462 2661 3529 2701 eo

1948 2755 2064 2824 ipso
2094 2752 2238 2823 quod
2273 2764 2463 2806 recens
2490 2763 2594 2803 non
2625 2755 2731 2811 est,
2761 2740 3241 2799 consubstantialis
3276 2752 3399 2795 esse
3434 2739 3531 2792 de-

1944 2847 2207 2918 claratur.

2627 2908 2855 2965 ALIUD.

2024 3029 2085 3085 Si
2118 3027 2218 3083 soli
2248 3025 2364 3081 Deo
2404 3023 2702 3080 secundum
2738 3029 2985 3076 naturam
3019 3018 3268 3076 adoratio
3302 3030 3334 3070 a
3377 3015 3531 3070 nobis

237 3118 291 3153 τε
317 3101 477 3172 ⁴ἡμῶν
500 3102 606 3154 καὶ
628 3100 892 3169 ἀγγέλων
924 3100 1221 3168 ὀφείλεται,
1255 3100 1427 3172 ἑτέρῳ
1454 3099 1512 3155 δὲ
1542 3101 1738 3167 οὐδενὶ,
1758 3103 1849 3155 καὶ

1956 3126 2007 3174 et
2039 3117 2245 3187 angelis
2270 3098 2517 3177 debetur,
2550 3121 2606 3166 et
2635 3111 2765 3165 nulli
2801 3108 2981 3171 alteri,
3013 3117 3067 3161 et
3103 3107 3169 3160 de
3205 3105 3362 3161 nobis
3399 3107 3536 3158 scri-

237 3194 317 3263 éq.‘
349 3194 517 3265 ἡμῶν
548 3193 661 3264 μὲν
699 3190 979 3245 τέθειταιο
1005 3190 1254 3263 «Κύριον
1279 3192 1371 3246 τὸν
1400 3192 1534 3246 Θεόν
1560 3209 1656 3247 σου
1675 3208 1847 3263 προσ-

1956 3215 2104 3278 ptum
2149 3214 2236 3258 est
2269 3221 2282 3254 :
2315 3222 2333 3254 ι
2374 3202 2659 3256 Dominum
2709 3197 2881 3251 Deum
2925 3207 3073 3249 tuum
3119 3197 3371 3250 adorabis
3397 3195 3474 3259 “;
3510 3213 3529 3245 ι

240 3288 517 3356 κυνήσεις,
554 3303 576 3335 ι
609 3282 883 3352 ἀγγέλοις
915 3283 973 3337 δὲ
1008 3282 1073 3337 τὸ
1104 3283 1330 3353 Πνεῦμα
1362 3284 1574 3338 κελεύει
1605 3303 1849 3356 προσκυ-

239 3380 341 3430 νεῖν
365 3378 461 3431 τὸν
482 3377 653 3440 Υἰὸν,
682 3373 834 3429 κατὰ
858 3374 941 3440 τὸ,
974 3395 992 3427 ι
1019 3375 1191 3429 Ὅταν
1216 3375 1274 3429 δὲ
1301 3376 1575 3447 εἰσαγάγῃ
1592 3375 1682 3431 τὸν
1698 3393 1850 3448 πρωσ

240 3469 451 3521 τὸτοκον
495 3469 583 3530 εἰς
616 3466 724 3536 τὴν
753 3463 1105 3537 οἰκουμένην,
1150 3465 1333 3534 λέγει·
1380 3466 1493 3519 Καὶ
1536 3481 1851 3536 προσκυνη-

238 3559 492 3614 trima
514 3556 682 3629 αὐτῷ
710 3556 918 3618 πάντες
946 3555 1170 3624 ἄγγελοι
1192 3555 1349 3623 Θεοῦ,
1388 3575 1407 3608 ι
1428 3555 1560 3620 Θεὸς
1577 3556 1686 3627 ἀρα
1704 3556 1853 3610 ἐστὶν

238 3652 265 3704 6
285 3648 797 3723 προσκυνούμενος
830 3647 980 3710 Υἱός.
1018 3646 1146 3710 Πῶς
1177 3642 1269 3701 οὖν
1321 3646 1475 3701 ἔσται
1514 3647 1613 3718 μία
1641 3648 1851 3719 Θεότης,

234 3746 282 3796 εἰ
306 3744 418 3797 οὐκ
446 3743 595 3805 ἔστι,
620 3739 762 3793 καθ’
788 3739 957 3809 ὑμᾶς,
989 3738 1273 3809 ὀμοούσιος
1300 3739 1380 3810 τῷ
1405 3738 1616 3811 Πατρὶς
1650 3741 1713 3793 Εἰ
1745 3738 1855 3811 γὰρ

234 3836 350 3905 ἔχει
365 3834 503 3889 τινὰ
522 3833 825 3886 διάστασιν
847 3831 969 3901 ἦτοι
993 3829 1257 3902 διαφορὰν
1280 3830 1422 3885 κατὰ
1439 3830 1531 3883 τὸν
1548 3831 1647 3896 τῆς
1667 3831 1855 3894 οὐσίας

234 3928 430 3996 λόγον,
464 3926 721 3995 ἑτεροῖος
754 3922 857 3993 μὲν
896 3922 964 3976 ἂν
992 3923 1078 3993 εἴη
1109 3921 1242 3987 Θεὸς
1272 3923 1301 3976 6
1330 3922 1493 3989 Υἱὸς,
1529 3922 1767 3993 ἑτεροῖος
1798 3922 1856 3975 δὲ

236 4021 266 4072 ὁ
296 4018 524 4088 Πατὴρ,
553 4015 657 4068 καὶ
686 4014 785 4067 δύο
832 4013 976 4066 κατὰ
1013 4012 1173 4066 τοῦτο
1209 4013 1376 4077 Θεοὺς
1404 4013 1618 4084 ἀνάγκη
1642 4012 1820 4082 λέγειν
1838 4028 1852 4042 ·

234 4112 381 4182 ὅπερ
416 4110 576 4161 ἐστὶν
612 4106 842 4170 ἀσεϐὲς,
877 4105 974 4158 καὶ
1009 4103 1131 4157 οὐδὲ
1164 4102 1326 4177 μέχρι
1355 4105 1517 4175 μόνον
1549 4105 1718 4176 ἁκοῆς
1754 4122 1858 4158 πα-

236 4201 539 4271 ραδεκτόν.
593 4198 741 4251 Ἀλλ’
770 4197 887 4250 ἐστι
914 4196 1013 4266 μία
1042 4195 1254 4268 θεότης,
1279 4197 1371 4249 καὶ
1392 4194 1535 4249 οὕτω
1562 4196 1858 4269 κηρύττου-

238 4312 327 4347 σιν
360 4295 425 4347 αι
454 4292 607 4350 θεῖαι
637 4288 862 4361 Γραφαί
883 4308 897 4320 ·
932 4288 1219 4359 ὁμοούσιος
1245 4290 1354 4358 ἀρα
1369 4287 1446 4359 τῷ
1460 4289 1635 4362 Πατρί
1661 4291 1691 4344 6
1710 4290 1856 4355 Υίός.

238 4386 409 4441 Οὕτω
448 4386 566 4456 γὰρ
604 4383 671 4438 τὸ
698 4382 763 4437 ἓν
783 4381 1015 4450 Θεότητι
1050 4383 1376 4453 σωθήσεται.

967 4489 1178 4547 ΔΛΛΟ.

321 4612 391 4665 Εἰ
414 4610 638 4680 ἦρξατο
664 4606 765 4661 τοῦ
796 4605 994 4677 γεννᾷν
1021 4604 1116 4658 τὸν
1142 4604 1271 4660 Υἰὸν
1302 4607 1332 4659 6
1363 4606 1554 4680 Πατὴρ
1598 4607 1693 4662 καὶ
1734 4625 1868 4662 κατ·
1953 4619 1959 4625 ‘

244 4705 493 4766 ἔπαυσε,
527 4701 679 4754 κατὰ
698 4699 802 4770 τὴν
828 4698 938 4751 τῶν
964 4698 1349 4769 χριπομάχων
1394 4700 1609 4770 μανίαν,
1646 4700 1870 4755 ἀλλοίω-

248 4797 341 4862 σίς
362 4813 455 4859 τις
487 4794 586 4847 καὶ
612 4789 893 4862 μεταϐολή
928 4789 1057 4861 περί
1076 4790 1239 4843 αὑτὸν
1264 4790 1507 4859 γέγονεν.
1546 4793 1610 4845 Ὅ
1642 4792 1750 4863 γὰρ
1770 4794 1869 4847 οὐκ

245 4881 323 4958 ἦν
348 4886 482 4957 πρὶν
505 4882 780 4953 γεννήσῃ,
821 4879 1014 4947 γέγονε
1040 4877 1180 4948 μετά
1198 4877 1258 4931 τὸ
1284 4881 1566 4949 γεννῆσαι.
1589 4879 1653 4933 Εἰ
1680 4879 1737 4932 δὲ
1760 4880 1870 4933 τῶν

253 4959 529 5029 τοιούτων
563 4973 837 5040 ἀνωτέρω
866 4971 929 5022 τὸ
963 4969 1104 5023 θεῖόν
1153 4971 1270 5023 ὲστι
1315 4972 1524 5043 τροπῆς
1556 4987 1616 5025 τε
1641 4970 1735 5024 καὶ
1774 4971 1873 5026 ἀλ-

262 5066 539 5128 λοιώσεως
577 5062 967 5127 ἀνεπίδεκτον,
998 5062 1099 5114 οὐκ
1130 5059 1335 5133 ἤρξατο
1382 5059 1477 5113 τοῦ
1509 5063 1726 5132 γεννᾷν,
1756 5062 1876 5118 οὐδὲ

272 5159 615 5219 κατέπαυσε,
656 5153 917 5229 καθάπερ
943 5146 1092 5207 οὗτοί
1122 5170 1288 5223 φασιν
1310 5170 1325 5185 ³
1375 5154 1490 5207 ἀλλ’
1530 5150 1599 5225 ἦν
1635 5156 1877 5226 ἀχρόνως

279 5248 343 5298 ὲν
360 5250 527 5321 [lcth
559 5250 593 5303 6
634 5246 749 5299 τῶν
802 5244 1019 5298 αἰώνων
1073 5245 1167 5299 καὶ
1201 5245 1409 5316 χρόνων
1449 5244 1680 5314 ποιητὴς
1727 5245 1875 5309 Υἱός.

290 5336 499 5411 Ἐπιδὴ
520 5339 584 5393 δὲ
621 5334 920 5402 συναῖδιος,
949 5333 1039 5388 διὰ
1068 5334 1226 5388 τοῦτο
1250 5334 1343 5387 καὶ
1374 5333 1678 5406 ὁμοούσιος.

981 5537 1186 5591 ΑΛΛΟ.

344 5651 407 5708 Εἰ
432 5650 657 5725 ἧρξάτο
676 5649 775 5728 τοῦ
809 5649 1010 5719 γεννᾷν
1032 5649 1060 5700 6
1102 5648 1295 5720 Πατὴρ
1339 5649 1429 5701 τὸν
1456 5649 1602 5714 Υἰὸν,
1647 5653 1882 5721 προσγέ-

351 5815 387 5845 n
430 5815 588 5870 υευι,
635 5827 712 5879 τι,
758 5812 857 5875 15;
895 5808 1085 5863 Matth.
1123 5824 1195 5873 Iv,
1235 5810 1316 5863 lU.
1401 5810 1441 5840 "
1475 5808 1633 5865 llehr.
1666 5828 1700 5878 ι,
1741 5815 1792 5869 ϐ.

1891 4429 1938 4485 D

1957 3296 2165 3368 angelis
2207 3309 2339 3349 vero
2391 3292 2624 3362 Spiritus
2663 3289 2820 3359 jubet
2853 3289 3084 3342 adorare
3124 3286 3344 3352 Filium,
3377 3286 3533 3358 juxta

1960 3388 2089 3443 illud
2122 3404 2137 3439 τ
2166 3403 2185 3437 ι
2224 3385 2449 3452 Quando
2486 3381 2760 3437 induxerit
2792 3378 3212 3449 primogenitum
3263 3377 3318 3432 in
3346 3379 3533 3432 orbem

1962 3490 2272 3543 terrarum,
2329 3476 2502 3530 dicit:
2537 3474 2602 3526 Et
2665 3473 2896 3526 adorent
2943 3487 3064 3526 eum
3117 3487 3307 3526 omnes
3360 3470 3537 3541 angeli

1960 3571 2054 3625 Dei
2079 3571 2160 3639 ἐς
2190 3588 2208 3619 ι
2270 3568 2411 3622 Deus
2449 3580 2579 3635 ergo
2625 3578 2708 3618 est
2762 3563 2931 3618 Filius
2964 3563 3055 3632 qui
3105 3563 3384 3616 adoratnr.
3420 3562 3539 3627 Quo

1961 3671 2120 3732 pacto
2149 3658 2314 3730 igitur
2336 3659 2443 3713 erit
2479 3673 2584 3711 una
2618 3655 2816 3721 deitas,
2852 3655 2898 3708 si
2929 3669 3036 3708 non
3070 3662 3175 3717 est,
3200 3664 3258 3707 ut
3292 3668 3389 3709 vos
3421 3654 3541 3722 Opi-

1964 3753 2192 3818 namini,
2226 3749 2712 3806 cousubstautialis
2742 3746 2928 3801 Patri?
2958 3746 3013 3800 Si
3049 3746 3192 3799 enim
3228 3744 3537 3799 distantiam

1963 3842 2078 3895 sive
2105 3838 2466 3894 dill'ereutiam
2509 3836 2673 3891 ullam
2713 3835 2875 3889 habet
2905 3835 3117 3888 ratione
3148 3835 3420 3895 essentiaa,
3456 3834 3539 3887 di-

1963 3947 2156 3987 versus
2188 3944 2323 3985 sane
2369 3928 2531 3983 fuerit
2564 3928 2707 3989 Deus
2736 3925 2909 3981 Filius
2939 3943 2967 3977 a
3008 3925 3121 3979 Deo
3154 3924 3338 3989 Patre,
3380 3934 3544 3990 atque

1966 4023 2039 4077 ita
2087 4022 2222 4075 duos
2245 4021 2386 4074 Deos
2423 4018 2761 4079 constituere
2812 4030 3032 4070 necesse
3066 4016 3211 4069 erit:
3246 4014 3388 4082 quod
3420 4015 3542 4081 qui-
3644 4020 3656 4033 '

1965 4115 2086 4169 dem
2119 4112 2342 4180 impium
2379 4119 2481 4173 est,
2515 4118 2569 4162 et
2601 4108 2682 4161 vel
2711 4107 2824 4161 solo
2848 4108 3031 4160 auditu
3062 4105 3419 4160 exsecrabile.
3450 4107 3547 4158 At-

1966 4207 2057 4276 qui
2089 4219 2200 4259 nna
2235 4211 2320 4257 est
2354 4202 2549 4264 deitas,
2588 4207 2750 4265 atque
2784 4199 2856 4252 ita
2899 4213 3068 4251 sacrae
3105 4196 3324 4250 Li:tera:
3355 4196 3547 4265 pra‘di-

1968 4304 2092 4350 cant
2124 4312 2139 4349 :
2170 4290 2651 4347 consubstantialis
2704 4291 2868 4361 igitur
2906 4300 2989 4344 est
3038 4288 3183 4344 Patri
3235 4289 3424 4346 Filius.
3472 4289 3547 4344 Ita

1970 4388 2115 4443 enim
2148 4384 2333 4440 unitas
2370 4383 2423 4437 in
2462 4382 2674 4438 Deitate
2706 4384 3140 4439 conservabitur.

2642 4495 2873 4553 ALIUD.

2046 4615 2106 4671 Si
2138 4615 2306 4686 ccepit
2335 4627 2597 4683 generare
2642 4611 2836 4665 Filium
2882 4610 3042 4664 Pater
3088 4608 3147 4664 et
3185 4609 3367 4673 desiit,
3397 4610 3548 4678 juxta

1976 4707 2220 4762 insanam
2253 4706 2459 4760 Christi
2492 4706 2724 4758 hostium
2769 4702 3101 4770 opinionem,
3132 4699 3382 4753 alteratio
3403 4714 3552 4768 qua~-

1977 4799 2101 4852 tlam
2132 4806 2186 4853 et
2218 4798 2449 4852 mutatio
2471 4796 2519 4849 ei
2550 4795 2769 4849 accidit.
2800 4793 2933 4858 Nam
2967 4794 3113 4862 quod
3151 4807 3258 4846 non
3306 4804 3425 4846 erat
3452 4809 3552 4843 an-

1978 4896 2195 4957 tequam
2227 4895 2538 4959 generaret,
2585 4886 2762 4940 factus
2806 4894 2884 4939 est
2921 4896 3208 4954 postquam
3250 4883 3550 4950 generavit.

1977 4981 2143 5048 Atqui
2180 4981 2225 5035 si
2255 4980 2511 5035 divinitas
2559 4978 2688 5033 nulli
2719 4977 3029 5032 alteratioui
3068 4975 3426 5030 mutationive
3460 4975 3557 5027 oh-

1980 5073 2143 5124 uoxia
2174 5081 2280 5137 est,
2331 5086 2437 5125 non
2476 5085 2611 5140 ergo
2642 5071 2808 5140 cwpit
2854 5082 3137 5140 generare,
3173 5080 3350 5135 neque
3392 5064 3556 5117 etiam

1982 5164 2183 5228 desiit,
2250 5165 2703 5233 quemadmodum
2762 5165 2849 5218 isti
2902 5164 3240 5231 opinantur,
3295 5158 3390 5214 sed
3442 5168 3562 5212 erat

1983 5255 2188 5322 absque
2229 5265 2474 5324 tempore
2512 5256 2566 5310 in
2599 5254 2781 5322 Patre,
2815 5255 3135 5309 seculorum
3170 5261 3226 5306 et
3257 5259 3560 5319 temporum

1983 5344 2226 5398 omnium
2278 5345 2530 5399 conditor
2560 5343 2749 5399 Filius.
2798 5344 2934 5401 Cum
2964 5358 3094 5399 vero
3137 5351 3441 5396 coaeternus
3471 5338 3591 5408 sit,

1986 5433 2301 5489 necessario
2328 5435 2495 5490 etiam
2533 5435 3029 5491 consubstantialis.

2664 5549 2897 5606 ALIUD.

2065 5658 2121 5714 Si
2157 5660 2316 5717 Pater
2344 5664 2503 5733 cmpit
2537 5679 2799 5733 generare
2832 5662 3052 5727 Filium,
3085 5659 3318 5715 accessit
3346 5653 3573 5713 omnino
