4106 6418
636 330 729 384 ﬁl

1628 325 1686 380 S.
1727 323 1999 382 CYRlLLl
2042 320 2512 376 ALEXANDBINI
2551 320 2873 376 ARCHIEP.

3797 325 3897 379 132

636 448 739 500 hoc
788 441 854 494 ad
886 439 1176 494 essentiam
1206 437 1400 507 ipsuus,
1429 444 1483 491 ct
1522 437 1663 504 quod
1711 437 1866 491 initio
1897 452 2003 491 non
2044 437 2208 490 hahe-

2316 452 2473 504 γονεν
2494 437 2600 506 ἄρα
2638 439 2704 507 τῇ
2731 435 2890 506 οὐσίᾳ
2919 434 3084 490 αὐτοῦ
3113 435 3290 499 τοῦτο,
3322 435 3418 490 καὶ
3451 433 3588 505 ὅπερ
3624 433 3721 487 οὐκ
3753 431 3897 506 εἶχεν

635 537 747 598 hat,
783 542 971 602 postea
1008 531 1240 599 accepit.
1268 529 1422 595 Quod
1463 543 1588 582 vero
1633 529 1956 584 incrementi
1985 529 2213 599 alicujus

635 636 720 682 est
759 640 952 694 capax,
983 621 1364 692 imperfectum
1402 621 1615 676 censeri
1662 621 1843 687 debet,
1885 629 1990 676 non
2030 633 2211 677 autem

635 721 955 791 perfectum.
997 717 1106 793 79
1150 717 1256 771 Sed
1316 716 1417 769 hoc
1467 713 1761 769 absurdum
1815 726 1940 770 est:
1975 716 2213 784 perfecta

632 813 776 867 enim
821 819 903 864 est
935 807 1116 864 Patris
1157 805 1419 860 essentia.
1455 804 1734 860 Generare
1781 805 1947 876 igitur
1977 821 2083 860 non
2115 805 2216 860 fuit

635 900 688 955 in
721 916 788 956 eo
832 897 1220 960 accessorium,
1275 895 1371 950 sed
1430 895 1593 951 infuit
1641 897 1746 952 hoc
1789 898 1837 952 ei
1885 897 1954 952 ab
1987 906 2212 965 aeterno,

633 1005 808 1060 neque
840 1003 1074 1057 unquam
1110 1001 1233 1042 esse
1269 987 1456 1056 coepit.
1497 985 1554 1040 Si
1574 997 1752 1040 autem
1787 1003 1890 1040 non
1928 988 2093 1057 coepit
2118 1004 2213 1058 ge-

631 1097 848 1148 nerare,
871 1088 1176 1136 coazternus
1211 1095 1340 1148 ergo
1367 1089 1451 1134 est
1491 1077 1639 1133 Patri
1671 1077 1844 1134 Filius
1871 1093 1939 1134 ex
1984 1081 2100 1148 ipso
2120 1095 2213 1147 ge-

630 1176 797 1228 nitus.
826 1173 892 1230 Et
922 1171 1416 1242 quemadmodum,
1445 1170 1491 1225 si
1524 1169 1735 1224 initium
1779 1170 2074 1226 exsistendi
2116 1171 2215 1226 ha-

630 1266 862 1329 buisset,
905 1280 1010 1321 non
1052 1273 1201 1317 esset
1243 1262 1725 1317 consubstantialis
1752 1261 1897 1316 Patri
1924 1278 1939 1316 :
1967 1263 2214 1333 ita,quia

630 1373 738 1412 non
796 1355 988 1410 habuit
1038 1355 1252 1410 initium
1304 1355 1358 1410 in
1410 1364 1692 1425 tempore,
1736 1354 2215 1414 consubstantialis

629 1448 854 1504 omnino
883 1448 1007 1504 erit.

1112 1533 1346 1603 ALIUD,
1390 1535 1727 1605 explicatius.

701 1673 1170 1740 Quemadmodum
1217 1673 1292 1728 illi
1333 1674 1423 1743 qui
1456 1672 1669 1728 veritati
1708 1679 2032 1742 repugnant,
2061 1669 2211 1741 prin-

2316 530 2373 582 ἐν
2396 529 2561 600 ἀρχῇ,
2589 528 2924 600 προσέλαϐεν
2948 528 3192 600 ὕστερον.
3211 528 3284 583 Τὸ
3302 528 3359 582 δὲ
3381 523 3701 600 προσθήκην
3723 527 3896 580 ἐπιδε-

2314 621 2543 692 χόμενον
2588 638 2730 686 τινα,
2787 620 2973 684 ἀτελὲς
3000 619 3066 676 ἂν
3091 620 3198 690 εἴη,
3231 621 3325 672 καὶ
3368 619 3430 672 οὐ
3471 617 3696 675 τέλειον.
3740 617 3899 672 Ἀλλὰ

2314 711 2472 766 τοῦτο
2497 711 2697 766 ἄτοπον
2722 729 2735 743 ·
2770 711 2951 773 τελεία
2983 710 3093 783 γὰρ
3129 713 3162 782 ὴ
3189 709 3282 765 τοῦ
3317 709 3532 780 Πατρὸς
3576 711 3752 764 οὐσία.
3784 711 3896 765 Οὐκ

2315 805 2423 876 ἄρα
2453 803 2820 875 προσγέγονεν
2866 801 3003 873 αὐτῇ
3039 801 3100 861 τὸ
3132 803 3326 872 γεννᾷν
3349 843 3366 866 ,
3411 799 3529 854 ἀλλ’
3555 795 3624 872 ἦν
3669 802 3726 854 ὲν
3759 802 3894 871 αὐτῇ

2313 898 2474 951 τοῦτο
2501 897 2602 950 οὐκ
2635 897 2964 968 ἀρξάμενον.
2994 896 3057 948 Ei
3077 893 3135 948 δὲ
3163 895 3264 948 οὐκ
3288 893 3491 971 ἧρξατο
3531 894 3746 964 γεννᾷν,
3772 911 3897 945 συν-

2316 991 2484 1053 αἲδιος
2518 991 2628 1060 ἀρα
2651 991 2768 1042 ἐστὶ
2790 987 2868 1060 τῷ
2894 987 3073 1060 Πατρὶ
3096 988 3124 1040 ὁ
3152 986 3211 1052 ἐξ
3237 986 3401 1040 αὐτοῦ
3437 985 3718 1056 γεννηθεὶς
3745 985 3891 1050 Υἱός.

2315 1082 2428 1137 Καὶ
2450 1082 2638 1152 ὥσπερ
2663 1083 2710 1134 εί
2732 1080 2906 1152 ἀρχὴν
2931 1080 3056 1151 ἔσχε
3078 1079 3171 1134 τοῦ
3202 1076 3361 1145 εἶναι,
3391 1079 3492 1132 οὐκ
3515 1077 3580 1134 ἂν
3604 1075 3672 1151 ἦν
3701 1079 3895 1150 ὁμοσύ-

2317 1192 2452 1239 σιος,
2479 1174 2653 1238 οὕτως
2677 1176 2800 1228 ἐπεὶ
2829 1174 2906 1247 μὴ
2935 1173 3092 1246 ἔσχεν
3113 1174 3291 1250 ἀρχὴν
3309 1173 3408 1248 τὴν
3435 1173 3491 1225 ἐν
3524 1173 3720 1248 χρόνῳ,
3743 1172 3895 1225 ἔσται

2317 1267 2534 1332 πάντως
2564 1265 2869 1339 ὁμοούσιος.
3158 1252 3162 1255 ’

2760 1527 2966 1596 ΔΛΛΟ,
2999 1527 3455 1600 διηγηματικῶς.

2387 1656 2600 1730 ’Ὠσπερ
2630 1660 2679 1713 οἱ
2705 1661 2770 1732 τῇ
2801 1658 3031 1732 ἀληθείᾳ
3056 1660 3375 1732 μαχόμενοι,
3407 1657 3583 1731 ἀρχὴν
3622 1660 3715 1713 καὶ
3745 1659 3896 1723 τέλος

629 1766 908 1834 oipiumet
933 1766 1093 1820 linem
1125 1767 1460 1835 generationi
1489 1765 1617 1820 Filii
1647 1765 2004 1828 ascrihentes,
2036 1764 2208 1833 ipsum

2314 1751 2380 1819 τῇ
2405 1749 2497 1802 τοῦ
2522 1748 2652 1802 Υίοῦ
2679 1751 2932 1820 γεννήσει
2949 1750 3341 1822 περιτιθέντες.
3365 1750 3720 1804 ἐκϐάλλουσιν
3731 1750 3895 1805 αὐτὸν

631 1858 700 1912 ab
759 1857 1118 1913 similitudine
1180 1873 1303 1913 cum
1362 1857 1524 1912 Patre
1575 1857 1909 1922 excludunt;
1969 1856 2042 1910 ita
2092 1868 2210 1918 nos.

628 1962 807 2015 neque
861 1948 1187 2018 principium
1231 1961 1407 2019 neque
1447 1947 1608 2002 linem
1661 1944 2031 2016 generationis
2090 1942 2212 1998 Filii

621 2047 1004 2106 agnoscentes,
1068 2038 1439 2094 ominimodam
1491 2037 1542 2092 ei
1574 2035 2026 2108 _similitudinem
2089 2047 2212 2088 cum

625 2127 786 2183 Patre
829 2129 1138 2184 tribuimus.
1181 2127 1336 2201 Quod
1383 2143 1513 2184 vero
1553 2143 1650 2198 per
1689 2127 1872 2184 omnia
1901 2125 2082 2182 simile
2109 2133 2212 2191 est,

627 2219 1100 2275 consubstantiale
1123 2221 1288 2274 etiam
1312 2228 1415 2275 est.

793 2353 947 2437 Quod
1006 2353 1473 2409 camubuantialis
1523 2352 1592 2411 sit
1645 2351 1822 2408 Filius
1881 2349 2055 2411 Patri.

1224 2445 1464 2515 Objectio
1487 2446 1642 2500 Aetii.

695 2560 816 2631 Quo
854 2569 1017 2631 pacto
1040 2559 1214 2630 possit
1243 2562 1472 2625 servari,
1512 2561 1710 2630 inquit,
1748 2559 2004 2618 identitas
2036 2569 2216 2614 essen-

626 2653 716 2706 tiae
754 2656 808 2705 in
856 2650 1020 2707 Patre
1072 2661 1126 2706 et
1167 2650 1329 2720 Filio,
1379 2653 1422 2708 si
1469 2649 1633 2707 Pater
1683 2652 1900 2722 quidem
1940 2650 2215 2718 ingenitus

621 2755 728 2810 est,
767 2743 939 2799 Filius
983 2754 1167 2800 autem
1218 2745 1474 2814 genitus?
1514 2742 1897 2799 Necessarium
1949 2746 2092 2799 enim
2132 2751 2218 2798 est

624 2837 791 2906 plane
826 2835 986 2888 lateri
1030 2834 1176 2888 nulla
1227 2850 1290 2890 ex
1323 2845 1477 2904 parte
1526 2835 1725 2890 similia
1757 2850 1882 2890 esse
1914 2835 2212 2904 ingenitum

622 2935 680 2980 et
705 2925 973 2993 genitum.
1005 2924 1077 2980 At
1107 2925 1152 2978 si
1183 2924 1381 2984 similia
1420 2935 1568 2991 sunt,
1602 2925 1737 2979 nihil
1762 2927 2041 2981 obstiterit
2078 2940 2214 2996 quo-

623 3014 803 3068 minus
847 3023 904 3068 et
957 3011 1176 3068 Patrem
1231 3014 1496 3084 genitum,
1556 3023 1611 3069 et
1666 3013 1862 3070 Filium
1911 3015 2211 3086 ingenitum

621 3103 956 3174 appellemus
1013 3103 1308 3174 omniaque
1334 3104 1758 3161 confundamus.
1949 3106 1952 3108 ⁷

1125 3215 1338 3273 Salutio
1383 3216 1714 3288 objectiom‘s,

692 3335 794 3400 Qui
846 3335 961 3388 haec
1008 3332 1082 3387 ita
1136 3333 1389 3403 imperite
1432 3331 1643 3401 objicit,
1690 3331 1928 3386 vicissim
1975 3348 2005 3385 a
2057 3331 2211 3387 nobis

618 3428 806 3481 audiet
837 3445 850 3480 :
880 3427 998 3493 Quo
1041 3435 1200 3496 pacto
1240 3440 1348 3480 non
1398 3426 1569 3494 possit
1595 3427 1801 3480 servari
1835 3427 2089 3481 identitas
2123 3439 2210 3480 es-

618 3521 809 3574 sentia:
842 3521 894 3574 in
924 3519 1087 3574 Patre
1113 3527 1169 3574 et
1199 3518 1357 3581 Filio,
1390 3520 1433 3572 si
1464 3517 1633 3574 Filius
1671 3528 1755 3574 est
1783 3518 1961 3585 imago
2011 3517 2206 3581 Patris,

617 3622 676 3666 et
713 3613 767 3664 in
804 3611 987 3680 seipse
1020 3609 1262 3664 ostendit
1297 3607 1550 3663 Patrem?
1577 3608 1920 3664 Manifestum
1950 3609 2094 3663 enim
2123 3616 2209 3663 est

618 3715 674 3760 et
705 3707 773 3759 ah
807 3704 1062 3758 omnibus
1095 3703 1419 3768 admissum,
1476 3705 1747 3757 neminem
1790 3703 1844 3756 in
1872 3701 1976 3756 alia
2013 3713 2206 3755 natura

617 3799 781 3852 aliam
820 3811 1087 3860 cernere;
1137 3810 1312 3864 neque
1355 3795 1642 3865 quisquam
1681 3795 1864 3849 dicere
1900 3795 2073 3863 possit
2108 3807 2204 3857 se,

619 3905 743 3946 cum
777 3905 974 3958 equum
1010 3889 1224 3956 viderit,
1250 3890 1527 3944 hominum
1558 3887 1794 3960 aliquem
1823 3887 2043 3942 vidisse.
2070 3884 2203 3938 Nam

619 3985 672 4037 in
715 3984 781 4038 iis
811 3999 931 4053 quae
969 3984 1209 4054 ejusdem
1243 3992 1448 4037 natura:
1495 3990 1623 4034 sunt
1649 3980 1845 4035 similia
1881 3981 2045 4034 etiam
2085 3991 2204 4032 cer-

619 4086 852 4144 nuntur,
880 4090 984 4130 non
1018 4076 1070 4130 in
1101 4076 1168 4130 iis
1211 4089 1334 4144 qua:
1379 4074 1522 4129 inter
1563 4087 1621 4128 se
1650 4072 1914 4128 dissident
1939 4113 1954 4138 ,
1993 4073 2204 4126 ratione

618 4169 763 4222 modi
805 4183 912 4236 quo
945 4169 1238 4222 exsistunt.
1269 4165 1327 4221 Si
1376 4181 1506 4236 ergo
1533 4166 1782 4234 Philippo
1825 4163 2062 4234 cupienti
2100 4161 2203 4216 Pa-

617 4274 756 4316 trem
809 4263 993 4316 videre
1051 4260 1307 4314 Christus
1361 4260 1600 4326 seipsum
1657 4258 1912 4320 ostendit,
1967 4257 2198 4310 'dicens:

621 4374 641 4407 ι
677 4355 776 4420 Qui
831 4355 963 4408 vidit
1003 4370 1108 4419 me,
1142 4353 1278 4408 vidit
1325 4362 1381 4405 et
1425 4351 1642 4404 Patrem
1663 4349 1739 4416 ¹³;
1779 4369 1797 4400 ο
1849 4364 2071 4405 necesse
2113 4357 2200 4403 εει

613 4445 838 4499 omnino
883 4455 940 4498 ut
987 4445 1229 4512 ejusdem
1273 4443 1525 4498 essentia:
1555 4442 1800 4495 dicamus
1841 4454 1962 4495 esse
2001 4439 2196 4497 Filium
2231 4481 2274 4536 υ

612 4554 739 4592 cum
777 4537 959 4604 Patre,
994 4548 1053 4592 ut
1095 4535 1469 4592 omnimodam
1510 4533 1797 4603 imaginem
1826 4543 1882 4587 et
1915 4533 2197 4590 characte-

614 4645 729 4684 rem
754 4645 866 4686 sua:
898 4630 1275 4701 hyposlaseos.

1285 4737 1512 4794 ALIUD.

681 4856 967 4919 Dominus,
1001 4853 1220 4909 etiamsi
1267 4853 1482 4922 genitus
1546 4852 1653 4918 sit,
1698 4853 1898 4922 passim
1955 4851 2194 4920 seipsum

609 4945 1139 5004 consubstantialem
1185 4945 1336 4999 Patri
1370 4959 1491 4999 esse
1533 4945 1734 4999 docet:
1771 4942 2040 5012 siquidem
2087 4957 2196 5014 quo

612 5051 772 5109 pacto
801 5041 1038 5108 seipsum
1071 5038 1268 5092 Filium
1309 5052 1433 5092 esse
1469 5037 1640 5091 dicit?
1669 5037 1708 5091 E
1737 5037 1974 5101 diverso,
2013 5037 2196 5091 hostes

609 5133 814 5188 Christi
851 5131 1121 5186 imbecilla
1177 5146 1273 5184 sua
1333 5139 1636 5184 commenta
1679 5139 2035 5200 opponentes,
2080 5129 2194 5184 ﬁeri

610 5234 718 5273 non
767 5233 927 5288 posse
965 5219 1116 5273 aiunt
1143 5219 1260 5289 80
1303 5227 1382 5286 ut,
1417 5234 1538 5273 cum
1578 5220 1648 5275 sit
1683 5222 1921 5289 genitus,
1955 5220 2194 5290 ejusdem

607 5308 863 5360 essentia:
915 5307 988 5360 sit
1033 5323 1156 5362 cum
1208 5309 1370 5363 Patre
1416 5308 1507 5379 qui
1555 5319 1638 5364 est
1687 5310 1980 5379 ingenitus.
2028 5309 2193 5378 Atqui

610 5413 735 5450 cum
767 5397 1017 5453 Christus
1048 5399 1135 5453 illa
1167 5401 1233 5456 de
1269 5401 1448 5472 seipso
1473 5401 1644 5466 dicat,
1679 5403 1794 5456 haec
1827 5416 1960 5457 vero
1989 5400 2193 5456 Christi

610 5486 818 5550 hostes,
852 5488 1128 5557 quisnam,
1154 5493 1402 5558 obsecro,
1431 5507 1496 5549 eo
1528 5493 1813 5550 dementia:
1834 5495 2104 5566 pervenit,
2135 5502 2192 5548 ut

609 5591 832 5635 censeat
861 5581 1170 5643 hominibus
1203 5588 1382 5658 potius
1411 5588 1738 5646 credendum
1777 5603 1938 5660 quam
1967 5588 2098 5655 Deo,
2139 5599 2193 5641 ct

683 5757 722 5785 ”
745 5755 897 5814 Juan.
934 5777 1040 5829 xw,
1073 5765 1125 5818 9.

2315 1840 2416 1910 τῆς
2439 1841 2756 1912 ὁμοιότητος
2781 1841 2884 1913 τῆς
2913 1845 3048 1913 πρὸς
3073 1841 3166 1897 τὸν
3196 1841 3568 1914 Γέγεννηκότα
3588 1857 3602 1872 ⁸
3635 1841 3780 1895 οὕτω
3801 1842 3893 1896 καὶ

2317 1933 2479 2006 ἡμεῖς
2505 1931 2628 1985 οὐτε
2653 1934 2852 2004 ἀρχὴν,
2879 1933 3007 1988 οὔτε
3029 1933 3182 1998 τέλος
3219 1934 3347 2005 περὶ
3369 1933 3467 2005 τὴν
3499 1934 3592 1988 τοῦ
3627 1932 3759 1986 Υίοῦ
3780 1935 3894 2002 γέν-

2316 2042 2470 2095 νησιν
2505 2025 2957 2098 παραδεχόμενοι,
2994 2026 3321 2100 εἰσφέρομεν
3349 2025 3513 2079 αὐτὸν
3537 2025 3617 2089 εἰς
3648 2025 3892 2095 ἀπαράλ-

2315 2116 2514 2172 λακτον
2549 2101 2842 2189 ὁμοιότητα
2870 2118 2966 2191 τὴν
2988 2118 3125 2190 πρὸς
3153 2117 3242 2171 τὸν
3270 2118 3510 2190 Πατέρα.
3541 2117 3613 2170 Τὸ
3637 2117 3694 2170 δὲ
3715 2118 3892 2192 ὅμοιον

2317 2209 2458 2266 κατά
2491 2211 2690 2276 πάντα,
2729 2212 2825 2265 καὶ
2848 2211 3152 2282 ὁμοούσιον.

2531 2349 2661 2404 Ὀτι
2710 2352 3034 2420 ὀμοούσιος
3089 2353 3124 2404 ό
3188 2350 3322 2417 Υἱὸς
3359 2349 3438 2417 τῷ
3479 2351 3684 2420 Πατρι.

2633 2441 2933 2511 Πρότασις
2961 2443 3042 2508 ὡς
3073 2443 3142 2496 ἑκ
3168 2443 3288 2497 τῶν
3328 2443 3576 2497 Ἀετίου.

2387 2553 2500 2608 Καὶ
2527 2552 2646 2618 πῶς
2680 2552 2745 2607 ἂν
2777 2555 3015 2622 δύναιτο,
3067 2555 3224 2625 φησὶ,
3273 2555 3539 2626 ταυτότης
3567 2553 3762 2618 οὐσίας
3807 2553 3892 2606 ἐπί

2314 2663 2375 2700 τε
2405 2646 2621 2718 Πατρὸς
2674 2647 2770 2705 καὶ⁵
2815 2646 2947 2700 Υίοῦ
3004 2646 3295 2712 σώζεσθαι,
3333 2647 3387 2699 εί
3416 2663 3479 2714 γε
3517 2648 3546 2699 ὁ
3575 2644 3672 2716 μὲν
3709 2643 3893 2714 Πατὴρ

2313 2737 2609 2810 ἀγέννητός
2657 2739 2794 2802 ἐστι,
2849 2738 3106 2809 γεννητὸς
3151 2737 3208 2790 δὲ
3235 2737 3264 2788 ὁ
3305 2737 3467 2803 Υἱός;
3513 2735 3758 2807 Ἀνάγκη
3793 2736 3893 2805 γὰρ

2316 2833 2467 2884 πᾶσα
2518 2831 2695 2898 λέγειν
2731 2831 2789 2888 ὲν
2827 2830 3003 2882 οὐδενὶ
3048 2828 3445 2908 παραλλάττειν
3495 2826 3556 2880 τὸ
3603 2826 3892 2897 ἀγέννητον

2317 2921 2454 2992 πρὸς
2481 2921 2541 2975 τὸ
2573 2921 2852 2994 γεννητόν.
2879 2922 2941 2984 Ei
2971 2920 3026 2976 δὲ
3053 2919 3229 2992 τοῦτο,
3253 2920 3406 2975 οὐδὲν
3434 2919 3665 2974 κωλύσει
3696 2919 3892 2972 καὶτὸν

2315 3016 2534 3086 Πατέρα
2564 3015 2823 3086 γεννητὸν
2845 3011 2987 3069 εἶναι
3016 3012 3196 3082 λέγειν
3226 3014 3321 3067 καὶ
3354 3013 3445 3066 τὸν
3487 3011 3613 3066 Υίὸν
3661 3011 3891 3081 ἀγέννηρ

2237 3139 2282 3196 η
2313 3125 2426 3172 τον,
2458 3107 2553 3166 καὶ
2592 3107 2926 3181 συγκέχυται
2946 3106 3007 3166 τὸ
3037 3107 3166 3161 πᾶν.

2806 3219 2964 3289 Πρὸς
2990 3218 3177 3274 ταῦτα
3205 3220 3407 3287 λύσις.

2397 3336 2453 3387 '0
2485 3334 2658 3388 ταῦτα
2691 3334 2995 3406 προτείνων
3039 3333 3270 3404 ἀμαθῶς
3291 3373 3305 3397 ,
3337 3333 3739 3388 ἀντακοῦσεται
3772 3333 3890 3402 παρ’

2311 3427 2468 3497 ἡμῶν
2489 3443 2502 3456 ·
2541 3427 2654 3480 Καὶ
2688 3426 2806 3490 πῶς
2831 3425 2897 3480 ἂν
2929 3425 3146 3478 δύναιτο
3170 3425 3437 3494 ταυτότης
3458 3425 3644 3488 οὐσίας
3681 3425 3762 3496 μὴ
3790 3424 3887 3476 σώ-

2308 3523 2500 3587 ζεσθαι
2543 3524 2636 3576 ἐπί
2688 3541 2748 3576 τε
2790 3524 3002 3595 Πατρὸς
3039 3524 3133 3577 καὶ
3168 3508 3330 3591 Υίοῦ,
3368 3524 3422 3578 εί
3448 3542 3511 3594 γε
3548 3525 3642 3579 τοῦ
3680 3526 3890 3595 Πατρὶς

2309 3614 2474 3668 είκών
2501 3616 2648 3668 ἐστιν
2677 3616 2706 3668 ὁ
2731 3616 2878 3680 Υἱὸς,
2901 3617 2996 3669 καὶ
3026 3617 3084 3669 ὲν
3115 3617 3294 3689 ἐαυτῷ
3313 3617 3554 3672 δείκνυσι
3593 3619 3682 3671 τὸν
3724 3618 3888 3672 Πατέ-

2312 3723 2411 3776 ρα;
2447 3705 2684 3776 Εὔδηλον
2710 3707 2819 3778 γὰρ
2852 3707 2914 3778 δή
2952 3707 3149 3782 mea;
3187 3709 3304 3761 ἐστι
3361 3709 3454 3761 καὶ
3489 3709 3656 3762 πᾶσιν
3712 3708 3889 3780 ὁμολο-

2307 3801 2594 3870 γούμενον,
2625 3799 2700 3861 ὡς
2728 3799 2902 3862 οὐδεὶς
2929 3801 2985 3851 ἐν
3024 3800 3188 3869 ἑτέρᾳ
3227 3799 3385 3868 φύσει
3424 3800 3522 3871 τὴν
3550 3800 3744 3870 ἑτέραν
3771 3799 3887 3869 ode?

2306 3909 2433 3945 ται·
2460 3891 2570 3944 οὐδ’
2597 3892 2663 3946 ἀν
2698 3908 2782 3954 τις
2833 3891 2945 3961 ἔχοι
2975 3889 3155 3960 λέγειν
3207 3890 3373 3944 ἵππον
3403 3891 3686 3962 ἑωρακὼς,
3726 3893 3804 3945 ὅτι
3826 3892 3883 3960 δή
3995 3955 3997 3958 γ

2304 3999 2426 4035 τινα
2450 3981 2558 4034 τῶν
2586 3981 2888 4054 ἀνθρώπων
2909 3981 3182 4036 τεθέαται.
3216 3981 3304 4036 Ἐν
3327 3982 3436 4052 γάρ
3467 3985 3577 4045 τοῖς
3596 3982 3884 4052 ὀμοφυέσιν

2305 4077 2338 4147 η
2364 4076 2472 4129 τῶν
2502 4076 2704 4146 ὁμοίων
2727 4074 3026 4140 ἀπόδειξις,
3050 4075 3150 4127 οὐκ
3176 4076 3232 4127 ἐν
3259 4077 3371 4138 τοῖς
3409 4075 3652 4145 ἀλλήλων
3675 4077 3882 4144 διεστη-
3993 4135 3995 4145 γ

2304 4169 2444 4231 xciet,
2477 4168 2617 4224 κατὰ
2645 4169 2734 4223 τὸν
2754 4167 2848 4220 τοῦ
2872 4168 2991 4230 πῶς
3008 4163 3145 4221 εἶναι
3160 4168 3336 4236 λόγον.
3364 4169 3426 4221 Ei
3446 4169 3622 4222 τοίνυν
3641 4169 3881 4242 ζητοῦντι

2302 4260 2380 4330 τῷ
2405 4261 2660 4328 Φιλίππῳ
2714 4258 2806 4312 τὸν
2849 4257 3083 4328 -Πατέρα
3139 4257 3288 4322 ἰδεῖν,
3313 4259 3507 4312 ἑαυτὸν
3562 4259 3881 4313 ἐπιδεικνύει

2303 4351 2558 4423 Χριστὸς,
2580 4350 2786 4419 λέγων’
2825 4369 2844 4401 ‹
2891 4350 2948 4403 Ὀ
2983 4348 3244 4420 ἑωρακὼς
3264 4350 3382 4420 ἐμὲ,
3422 4350 3634 4420 ἑώρακε
3665 4352 3756 4404 τὸν
3779 4352 3882 4403 Πα-

2303 4444 2456 4514 τέρα,
2491 4462 2508 4495 i
2541 4445 2754 4511 ἀνάγκη
2788 4443 2939 4496 πᾶσα
2971 4443 3070 4514 τῆς
3094 4443 3265 4514 αὐτῆς
3309 4443 3494 4506 οὐσίας
3528 4439 3668 4496 εἶναι
3711 4444 3882 4511 λέγειν

2304 4538 2396 4589 τὸν
2425 4535 2552 4588 Υίὸν
2577 4536 2655 4606 τῷ
2677 4539 2791 4590 ﬂat
2801 4537 2873 4606 ρὶ,
2904 4535 2979 4598 ὡς
3013 4536 3430 4606 ἀπαράλλακτον
3454 4535 3637 4590 εἰκόνα
3669 4537 3763 4590 καὶ
3789 4551 3882 4607 Xa?

2309 4631 2562 4700 ρακτῆρα
2580 4629 2681 4699 τῆς
2706 4629 3058 4692 ὑποστάσεως
3081 4628 3271 4689 αὐτοῦ,

2997 4742 3201 4796 ΑΛΛΟ.

2391 4853 2704 4924 Ὀμοούσιον
2731 4853 2921 4908 ἑαυτὸν
2949 4854 3078 4908 ὄντα
3103 4854 3182 4925 τῷ
3216 4855 3690 4926 Πατρίδιδάσκων
3715 4854 3880 4910 6K6-

2310 4963 2422 5016 ριος
2448 4947 2643 5014 ὁρᾶται
2693 4945 2995 5015 πανταχοῦ,
3045 4945 3223 5000 καίτοι
3270 4947 3528 5016 γεννητὸς
3579 4949 3877 5021 ὑπάρχωνο

2304 5041 2425 5093 ἐπεὶ
2453 5039 2568 5102 πῶς
2613 5039 2803 5093 ἑαυτὸν
2849 5039 2977 5091 Υἱὸν
3030 5033 3167 5094 εἷναί
3200 5041 3538 5113 φησι;Πρὸς
3561 5041 3736 5094 ταῦτα
3787 5042 3881 5110 τὴν

2305 5130 2412 5183 ἀπὸ
2437 5130 2543 5182 τῶν
2559 5129 2776 5183 οἰκείων
2802 5129 3076 5199 λογισμῶν
3098 5131 3384 5185 ἀσθένειαν
3409 5133 3806 5200 ἀντεπάγοντες
3834 5132 3878 5182 οἱ

2299 5219 2680 5291 χριστομάχοι,
2721 5221 2796 5291 μὴ
2827 5220 3088 5276 δύνασθαί
3138 5239 3301 5292 φασιν
3330 5264 3345 5290 ,
3394 5224 3583 5294 ἐπειδὴ
3626 5220 3880 5293 γεννητός

2298 5315 2435 5376 ἐστι,
2463 5313 2564 5382 τῆς
2610 5311 2784 5382 αὐτῆς
2830 5313 3016 5376 οὐσίας
3055 5309 3195 5367 εἶναι
3235 5314 3313 5386 τῷ
3360 5317 3638 5387 ἀγεννήτῳ
3669 5313 3873 5384 ’Πατρί.

2310 5405 2525 5458 Ἐκεῖνα
2557 5403 2850 5474 τοιγαροῦν
2886 5405 3014 5476 περὶ
3052 5406 3248 5460 ἑαυτοῦ
3293 5408 3594 5478 φάσκοντος
3621 5405 3716 5459 τοῦ
3747 5406 3879 5474 Χρι-

2298 5493 2448 5560 στοῦ,
2484 5495 2657 5548 ταῦτα
2681 5494 2737 5548 δὲ
2771 5496 2887 5550 τῶν
2909 5497 3318 5569 χριστομάχων,
3342 5499 3428 5562 τίς
3459 5501 3537 5562 είς
3580 5497 3739 5550 τοῦτο
3769 5512 3878 5566 po)-

2300 5588 2417 5658 ρίας
2443 5586 2756 5658 ἐκϐήσεται,
2786 5589 2862 5652 ὡς
2903 5589 3113 5645 οἴεσθαι
3141 5589 3251 5643 δεῖν
3294 5588 3570 5662 ἀνθρώπῳ
3612 5586 3815 5658 μᾶλλον
3845 5582 3876 5652 ἢ
