4106 6484
283 389 376 444 153

1707 383 2152 442 TllESAU-RUS.

3449 386 3547 442 151

278 503 388 571 εεῴ
420 500 731 564 πιστεύειν,
766 500 860 554 καὶ
895 499 968 570 μὴ
1004 499 1100 568 τὴν
1133 499 1302 568 καλὴν
1344 498 1558 568 ἐκείνην
1604 500 1708 552 τῶν
1741 501 1868 553 ἀπο-

1983 516 2085 553 non
2116 499 2291 566 potius
2321 497 2466 550 illam
2503 496 2850 567 apostolicam
2885 499 3548 566 sententiamexclanmat,

282 593 472 644 στόλων
512 590 866 658 φθέγγεσθαι
915 591 1120 660 φωνὴν,
1156 589 1332 657 λέγειν
1369 606 1426 640 τε
1468 590 1602 659 πρὸς
1624 592 1748 654 τοὺς
1778 593 1872 644 ἀν-

283 684 446 746 αξίους
480 681 834 752 αἰρετικούς·
890 700 908 732 ‹
958 681 1284 750 Πειθαρχεῖν
1316 681 1398 732 δεῖ
1435 680 1553 750 Θεῷ
1603 682 1800 752 μᾶλλον
1839 683 1870 753 ἢ

291 771 617 842 ἀνθρώποις
660 792 679 824 ι
713 774 779 826 El
809 772 919 843 γὰρ
951 772 1200 825 ἀτοειοῦσι
1225 773 1351 842 περὶ
1379 774 1477 842 τὴν
1491 776 1592 844 τῆς
1618 773 1874 845 ἀληθείας

291 864 618 932 κατάληψιν,
674 865 782 918 οὐκ
833 865 1085 936 ἀδικήσει
1132 862 1290 916 τοῦτο
1345 863 1652 936 προσούσης
1691 866 1874 928 αὐτοῖς

286 955 490 1010 “ouilia
499 972 521 1017 ;
531 995 546 1006 .

971 1069 1178 1122 ΑΛΛΟ.

342 1174 719 1244 Γεγεννῆσθαι
759 1175 854 1228 τὸν
905 1176 1034 1230 Υίὸν
1061 1177 1127 1230 ὲκ
1153 1177 1395 1248 Πατρὸς,
1429 1179 1522 1235 καὶ
1548 1178 1702 1237 αὐτοὶ
1735 1183 1871 1248 πάνφ

279 1285 376 1329 τως
391 1269 755 1337 ὁμολογεῖτε·
792 1269 855 1321 οὐ
894 1268 1006 1339 γὰρ
1037 1269 1114 1333 ὡς
1141 1269 1199 1322 ἒν
1247 1273 1355 1325 τῶν
1405 1273 1724 1342 ποιημάτων
1766 1272 1870 1340 ἔξω

279 1359 367 1428 τῆς
392 1360 588 1422 οὐσίας
617 1359 718 1411 τοῦ
743 1361 998 1423 τεκόντος
1028 1361 1290 1416 κείσεται.
1319 1363 1429 1416 Καὶ
1453 1364 1569 1427 πῶς
1591 1365 1689 1419 οὐκ
1719 1363 1870 1418 ἔσται

275 1449 348 1516 τῲ
373 1449 591 1501 τεκόντι
615 1451 849 1512 πάντως
871 1451 1180 1519 ὁμοούσιος,
1205 1454 1257 1505 εἴ
1287 1470 1351 1522 γε
1389 1455 1556 1518 ὅντως
1587 1457 1704 1508 ἐστὶ
1747 1456 1871 1524 γέν-

277 1553 438 1606 νημα,
493 1538 722 1609 καρπὸς
769 1536 965 1610 ὥσπερ
996 1555 1079 1601 τις
1125 1541 1351 1608 φυσικὸς
1384 1539 1477 1594 τοῦ
1512 1542 1870 1612 γεννήσαντος

281 1628 567 1696 suam;
599 1628 667 1679 Ei
703 1626 806 1697 μὲν
827 1624 925 1681 οῦν
953 1628 1144 1684 τοῦτον
1182 1630 1327 1700 ἔχειν
1376 1630 1578 1685 δώσετε
1619 1632 1709 1686 τὸν
1738 1633 1867 1707 τρό-

280 1733 394 1780 πον,
425 1717 583 1771 ἔσται
613 1717 840 1781 πάντως
869 1720 969 1774 καὶ
995 1719 1281 1791 ὀμοούσιος
1303 1739 1316 1752 ·
1341 1723 1390 1775 εί
1423 1721 1478 1775 δὲ
1502 1723 1665 1794 μέχρι
1689 1723 1867 1776 διακό-

1981 589 2266 657 impiisque
2311 586 2580 640 lttrt'etirzis
2632 583 2889 652 obiiciant
2943 601 2959 639 :
3009 604 3026 636 t
3059 585 3290 640 Obcdire
3339 598 3552 656 oportet

1978 679 2087 733 Deo
2129 679 2301 748 magis
2343 692 2502 746 quam
2535 676 2846 731 hominibus
2868 675 2974 730 “‘1'
3000 695 3018 728 ι
3062 676 3116 732 Si
3143 678 3284 732 enim
3317 677 3369 731 in
3404 694 3551 732 com-

1977 768 2357 838 prehendenda
2399 767 2625 822 veritate
2663 766 2798 820 adeo
2832 775 3047 836 torpent
3081 775 3135 821 et
3173 765 3550 836 languescunt,

1977 859 2199 924 nullam,
2228 860 2442 928 Opinor,
2475 857 2724 925 injuriam
2767 857 2956 913 inferri
2997 859 3100 915 sibi
3130 871 3549 929 cmtquerentur,

1975 967 2095 1006 cum
2123 960 2272 1005 tanta
2306 951 2501 1006 mentis
2527 951 2771 1006 caecitate
2797 951 3063 1007 laborent.

2638 1063 2868 1119 ALIUD.

2042 1177 2294 1232 Genitum
2322 1190 2442 1233 esse
2476 1176 2673 1231 Filium
2701 1191 2767 1231 ex
2802 1175 2986 1242 Patre,
3011 1192 3107 1234 vos
3134 1181 3297 1236 etiam
3330 1181 3551 1236 omnino

1973 1265 2212 1322 fatemini
2245 1284 2260 1321 :
2293 1283 2468 1338 neque
2491 1267 2635 1322 enim
2662 1266 2823 1320 veluti
2854 1282 2956 1320 una
2987 1277 3367 1324 creaturarum
3396 1280 3548 1324 extra

1969 1361 2260 1415 essentiam
2292 1359 2569 1416 Genitoris
2613 1359 2824 1429 positus
2852 1359 2976 1412 erit.
3012 1361 3130 1426 Quo
3168 1371 3327 1429 pacto
3371 1373 3548 1416 autem

1970 1468 2076 1507 non
2109 1455 2213 1508 erit
2254 1452 2308 1507 in
2342 1433 3167 1508 universumconsubstantialis
3200 1454 3468 1519 Genitor-i,
3501 1456 3548 1509 si

1970 1553 2158 1599 revera
2209 1554 2293 1599 est
2335 1546 2617 1614 genimen,
2653 1559 2736 1599 ~ac
2788 1543 2954 1599 veluti
3013 1546 3277 1602 naturalis
3329 1547 3548 1617 quidam

1968 1635 2181 1691 fructus
2216 1635 2534 1692 Genitoris?
2562 1636 2620 1692 Si
2649 1652 2778 1692 vero
2804 1637 2907 1691 hac
2941 1638 3152 1693 ratione
3186 1638 3334 1692 illum
3370 1654 3428 1693 se
3456 1639 3549 1692 lia-

1969 1725 2096 1780 bere
2125 1727 2423 1782 conceditis
2447 1767 2462 1793 ,
2496 1728 2598 1782 erit
2630 1727 2872 1797 profecto
2915 1728 3079 1784 etiam
3113 1727 3550 1784 consubstantia-

280 1824 366 1859 νου
387 1809 572 1878 φωνῆς
602 1809 700 1864 καὶ
735 1813 1116 1886 προσηγορίας
1136 1811 1298 1884 ψιλῆς
1323 1815 1570 1886 γέννημα
1599 1814 1862 1880 καλεῖται,

1974 1816 2076 1884 lis;
2108 1829 2165 1871 at
2191 1819 2237 1872 si
2271 1819 2444 1874 solum
2483 1819 2790 1874 ministerio
2835 1819 2987 1874 vocis
3023 1818 3272 1888 nudaque
3309 1816 3548 1887 appella-

283 1899 512 1966 λεγέσθω
542 1902 761 1972 ποίημα
791 1904 924 1971 παρ’
959 1903 1138 1974 ὑμῶν,
1175 1905 1261 1960 ἵνα
1279 1905 1345 1978 δὴ
1387 1908 1482 1965 καὶ
1531 1906 1864 1980 σαφέστερον

287 1989 679 2061 δυσφημοῦντες
709 1991 1007 2064 φαίνησθε,

973 2103 1178 2160 ΑΛΛΟ.

568 2216 654 2283 Ὧς
672 2217 742 2282 ἐξ
768 2217 1142 2285 ἀντιθέσεως
1169 2216 1290 2272 τῶν
1335 2218 1575 2275 Ἀετίου.

352 2327 416 2382 ΕΞ
437 2330 731 2400 ἀμέριστός
772 2333 916 2396 ἐστι,
956 2334 1113 2403 φησὶ,
1163 2332 1262 2405 τὴν
1291 2333 1482 2388 οὐσίαν
1513 2337 1542 2388 ὁ
1579 2335 1731 2401 Θεὸς,
1763 2334 1864 2390 οὐκ

275 2422 453 2485 οεέισίας
489 2423 775 2478 διαστάσει
806 2424 871 2476 τὸ
900 2424 1163 2495 γεννηθὲν
1194 2426 1479 2498 ἐγεννήθη,
1507 2427 1622 2480 ἀλλ’
1657 2428 1865 2501 ὑπέστη

273 2516 389 2566 κατ’
412 2514 688 2578 ἐξουσίαν.
723 2516 838 2569 Καὶ
866 2515 985 2578 πῶς
1019 2515 1088 2568 ἂν
1133 2516 1219 2588 εἴη
1261 2517 1361 2588 τῆς
1402 2519 1574 2590 αὐτῆς
1605 2519 1793 2583 οὐσίας
1827 2523 1861 2593 ἡ

276 2606 544 2659 ὑποστᾶσα
577 2607 752 2678 φύσις
793 2606 934 2679 πρὸς
965 2607 1066 2680 τὴν
1091 2607 1478 2680 ὑποστήσασαν
1521 2609 1722 2675 αὺιόνς

759 2805 923 2873 Πρὸς
958 2804 1147 2860 ταῦτα
1169 2807 1373 2873 λύσις.

327 2918 401 2971 Τὸ
431 2918 585 2988 μέγα
639 2917 812 2971 τοῦτο
839 2919 936 2971 καὶ
961 2918 1120 2988 βαθὺ,
1153 2919 1407 2992 καθάπερ
1447 2921 1681 2991 οἴονται,
1714 2925 1866 2995 σόφι..

260 3031 390 3082 σμα,
425 3015 489 3067 τὸ
528 3015 608 3086 μὴ
649 3014 980 3088 μερίζεσθαι
1019 3015 1125 3069 -τοῦ
1165 3015 1307 3069 Θεοῦ
1360 3017 1461 3088 τὴν
1487 3019 1702 3086 οὐσίαν,
1761 3021 1865 3093 τῆς

257 3107 423 3176 αὐτῆς
454 3107 660 3171 οὐσίας
693 3103 840 3159 εἶναι
863 3107 955 3162 τὸν
995 3107 1124 3161 Υἱὸν
1147 3108 1224 3180 τῷ
1257 3111 1451 3182 Πατρὶ,
1478 3111 1592 3176 πῶς
1622 3114 1722 3168 οὐκ
1743 3116 1865 3168 ἐπι-

1969 1908 2114 1962 tione
2150 1909 2401 1978 gerrimen
2438 1919 2685 1973 vocatur,
2714 1909 2925 1964 dicatur
2953 1912 3118 1963 etiam
3145 1923 3174 1961 a
3207 1907 3359 1962 vobis
3391 1921 3548 1961 (τρες

1970 2007 2088 2054 tura
2129 2012 2272 2067 esse,
2304 2007 2363 2054 ut
2387 1999 2740 2058 manifestior
2770 2000 2842 2054 sit
2871 2007 3056 2054 vestra
3078 1997 3438 2067 blasphemia.

2645 2107 2880 2166 ALIUD.

2449 2224 2536 2281 Ea:
2574 2225 2865 2294 objections
2903 2221 3058 2276 Aetii.

2037 2336 2094 2393 Si
2142 2335 2508 2401 indivisibilis,
2552 2336 2749 2404 inquit,
2793 2337 3092 2391 secundum
3137 2337 3428 2392 essentiam
3465 2345 3546 2390 est

1967 2429 2130 2493 Deus,
2160 2444 2264 2484 non
2302 2428 2560 2483 essentia:
2588 2428 2930 2496 separatione
2955 2427 3203 2495 genimen
3230 2437 3544 2498 generatum

1963 2530 2070 2585 est,
2100 2519 2193 2574 sed
2244 2518 2599 2576 constitutum
2647 2527 2730 2571 est
2785 2532 2852 2572 ex
2903 2517 3201 2573 voluntate.
3234 2519 3352 2586 Quo
3390 2530 3547 2588 pacto

1967 2621 2148 2665 autem
2177 2609 2420 2679 ejusdem
2458 2608 2706 2663 essentiat
2741 2622 2863 2663 esse
2893 2609 3063 2677 possit
3105 2617 3296 2663 natura
3340 2610 3544 2665 consti-

1969 2711 2085 2759 tuta
2115 2716 2238 2756 cum
2277 2715 2396 2757 eam
2429 2697 2836 2754 constituente?

2467 2813 2674 2869 Salutio
2726 2813 3051 2882 objectionis.

2041 2929 2230 3000 Ingens
2295 2927 2398 2981 hoc
2461 2940 2527 2980 ac
2578 2924 2934 2994 praclarum,
2979 2933 3043 2979 ut
3092 2924 3430 2992 existimant,
3467 2941 3550 2980 so-

1969 3022 2202 3092 phisma,
2241 3034 2348 3089 quo
2383 3017 2640 3086 colligunt
2687 3030 2752 3070 ex
2799 3029 2865 3070 eo
2897 3017 3043 3085 quod
3087 3019 3332 3087 separari
3371 3019 3577 3074 divina.

1969 3114 2205 3168 essentia
2241 3125 2346 3164 non
2381 3109 2571 3178 possit,
2610 3106 2853 3174 ejusdem
2898 3107 3151 3160 essetitiae
3187 3121 3314 3162 esse
3353 3104 3548 3161 Filium

258 3200 441 3269 spe'glvst
471 3201 636 3270 παρὰ
672 3201 792 3262 τοῖς
821 3199 998 3270 ὀρθῶς
1024 3200 1338 3273 δοκιμάζειν
1360 3204 1575 3258 εἰωθόσι
1595 3206 1663 3262 τὰ
1690 3210 1864 3280 πραγ-

1973 3221 2092 3260 cum
2139 3204 2327 3266 Patre,
2362 3216 2470 3270 quo
2515 3209 2675 3267 pacto
2718 3209 2824 3251 non
2874 3197 3207 3252 concedatur
3253 3199 3428 3252 ali-iis
3457 3203 3548 3266 qui

260 3312 436 3362 ματα;
475 3295 826 3363 Λεγέτωσαν
860 3296 996 3369 ἡμῖν
1042 3297 1093 3348 οἱ
1141 3295 1304 3350 δεινοὶ
1327 3299 1420 3350 καὶ
1460 3299 1736 3368 φιλαίτιοι.
1791 3303 1864 3354 Οὐ

255 3387 358 3455 γὰρ
412 3384 743 3456 ἐπειδήπερ
794 3384 1090 3456 ἀμέριστός
1147 3389 1264 3440 ἐστι
1311 3389 1409 3458 τὴν
1443 3389 1680 3444 οὐσίανὸ
1713 3390 1864 3456 Θεὸς,

255 3475 337 3528 διὰ
359 3476 530 3529 τοῦτο
551 3476 655 3528 καὶ
676 3477 781 3546 τῆς
809 3477 1137 3548 γεννητικῆς
1157 3477 1438 3549 δυνάμεως
1465 3480 1562 3552 ἕρη
1572 3495 1669 3552 μος
1690 3482 1864 3547 ἔσται,

256 3567 373 3619 καθ’
404 3569 590 3637 ὑμᾶς.
635 3567 755 3620 Καὶ
795 3567 898 3621 οὐκ
932 3568 1206 3636 ἀπόδειξιν
1236 3570 1350 3642 ἔχει
1379 3573 1471 3625 τοῦ
1506 3575 1581 3645 μὴ
1609 3574 1868 3632 δύνασθαι

255 3659 446 3728 γεννᾷν
483 3658 690 3722 αὐτὸν,
709 3658 780 3711 τὸ
813 3659 1112 3730 ἀμέριστον
1152 3656 1292 3716 εἶναι
1321 3665 1464 3718 κατὰ
1505 3664 1605 3735 τὴν
1655 3667 1863 3722 οὐσίαν.

251 3749 310 3805 ΕΞ
333 3751 393 3804 δὲ
431 3752 621 3822 τιμᾷν
647 3749 861 3807 οἴονται
889 3752 981 3804 τὸν
1009 3753 1164 3820 Θεὸν,
1201 3753 1467 3819 σώζοντες
1500 3759 1598 3827 μὲν
1633 3759 1778 3830 αὐτῷ
1807 3760 1868 3814 τὸ

250 3841 596 3912 μερίζεσθαι
623 3842 927 3914 μηδαμῶς,
949 3843 1380 3917 ἀποστεροῦντες
1410 3847 1467 3906 δὲ
1493 3849 1586 3901 τοῦ
1609 3849 1867 3908 δύνασθαι

247 3934 480 4003 γεννᾷν,
515 3933 598 3995 ὡς
627 3933 724 3986 διὰ
769 3931 934 3988 τοῦτο
976 3937 1096 3990 κατ’
1136 3935 1386 4002 ἐξουσίαν
1425 3940 1731 4010 ὑποστῆσαι
1775 3941 1868 3996 τὸν

254 4021 404 4080 mv.
447 4023 820 4076 ἀκουέτωσαν
850 4021 934 4077 ὅτι
978 4022 1114 4080 πολὺ
1152 4025 1337 4094 μεῖζον
1385 4025 1480 4078 καὶ
1516 4026 1733 4082 κάλλιον
1770 4027 1868 4098 τῆς

245 4114 373 4167 κατ’
400 4112 679 4178 ἐξουσίαν
707 4113 1096 4185 λαμπρότητος
1124 4115 1222 4184 τῆς
1251 4116 1489 4186 φυσικῆς
1520 4117 1798 4188 ἐνεργείας
1833 4120 1867 4190 ἡ

245 4207 444 4277 χάρις.
487 4203 952 4276 Ἀξιολογὼτερον
975 4204 1087 4275 γὰρ
1114 4206 1176 4258 τὸ
1206 4207 1520 4278 ἀμερίστως
1545 4209 1752 4262 οἴεσθαι
1777 4209 1869 4262 τὸν

247 4298 387 4351 Θεὸν
421 4299 632 4367 γεννᾷν
664 4295 729 4360 ἐξ
759 4296 927 4350 αὐτοῦ
963 4298 1189 4370 ἀρρήτῳ
1228 4301 1334 4352 τινὶ
1374 4301 1467 4354 καὶ
1498 4300 1870 4373 ἀκαταλήπτῳ

246 4392 474 4462 τρόπῳ,
502 4392 536 4461 ἢ
569 4390 662 4443 διὰ
685 4388 750 4443 τὸ
777 4389 855 4462 μὴ
877 4389 1215 4462 μερίζεσθαι,
1245 4391 1364 4447 καθ’
1393 4393 1556 4463 ὑμᾶς,
1584 4393 1721 4464 μηδὲ
1744 4410 1870 4462 γεν-

248 4484 350 4552 vi»
383 4481 632 4551 ἰσχύειν.

979 4677 1185 4733 ΔΛΛΟ.

323 4791 394 4845 Εἰ
431 4790 561 4844 κατ’
603 4788 886 4854 ἐξουσίαν,
911 4789 993 4854 ὥς
1023 4808 1182 4860 φατε,
1205 4791 1307 4845 ’τὸν
1337 4793 1464 4847 Υίὸν
1507 4795 1814 4866 ὑπέστησεν
1842 4796 1872 4847 ὁ

247 4884 481 4954 Πατὴρ,
512 4880 800 4952 περιττῶς
831 4881 1079 4936 καλεῖται
1124 4883 1215 4936 καὶ
1247 4883 1410 4946 Υἱός.
1445 4885 1518 4938 Τὸ
1543 4886 1650 4959 γὰρ
1679 4887 1778 4940 οὐκ
1805 4888 1870 4940 ἐκ

255 4977 356 5045 τῆς
388 4974 591 5036 οὐςίας
613 4971 713 5024 τοῦ
747 4971 962 5042 Πατρὸς
987 4973 1270 5043 προελθὸν,
1292 4975 1507 5039 πῶς’ἂν
1537 4977 1749 5046 λέγοιτο
1773 4979 1871 5034 καὶ

258 5069 290 5118 ό
325 5069 498 5132 Υἱόςς
533 5066 617 5118 Τὸ
648 5065 706 5116 δὲ
739 5063 805 5116 ἐκ
826 5079 970 5127 τινος
1002 5065 1144 5119 κατὰ
1177 5067 1340 5136 φύσιν
1367 5069 1648 5140 προελθὸν,
1669 5070 1868 5142 ἐπαλη-

269 5155 531 5210 θεύουσαν
572 5158 699 5226 ἔχει
751 5159 849 5207 καὶ
879 5155 979 5224 τὴν
1021 5155 1115 5209 τοῦ
1149 5160 1491 5230 γεννήματος
1529 5162 1868 5231 ἐπωνυμίαν.

285 5247 583 5320 Ἐγεννήθη
620 5245 920 5317 τοιγαροῦν
958 5249 988 5299 ὁ
1022 5247 1172 5312 Υἱὸς,
1194 5249 1478 5319 ὁμοούσιος
1506 5249 1615 5322 ἄρα
1642 5250 1719 5321 τῷ
1757 5253 1869 5304 Πα-

262 5341 381 5409 τρί.
410 5342 514 5394 Καὶ
548 5341 662 5412 μία
684 5338 799 5407 γὰρ
823 5339 938 5400 τοῖς
965 5340 1326 5409 γεννωμένοις
1355 5342 1492 5412 πρὸς
1514 5343 1581 5395 τὰ
1599 5341 1874 5409 γεννῶντα

255 5449 448 5501 qus-ig.

974 5529 1181 5582 AAAO.

342 5636 405 5688 Εἰ
437 5636 702 5709 καθάπερ
746 5639 908 5710 ὑμεῖς
941 5640 1121 5695 οἴεσθε
1154 5639 1466 5703 πλανῶντες
1518 5656 1576 5692 τε
1612 5640 1706 5693 καὶ
1739 5639 1874 5691 πλα-

347 5799 407 5828 ¹³’
430 5802 549 5856 Act.
584 5817 638 5866 ν,
662 5800 757 5854 ‘29.

1897 4531 1950 4591 D

1970 3306 2119 3348 reete
2151 3294 2215 3345 tle
2244 3287 2704 3359 rebusjttdicant?
2731 3287 2798 3340 At
2834 3286 3016 3342 dicant
3044 3287 3201 3342 nobis
3226 3289 3550 3343 contentiosi

1971 3385 2080 3438 isti.
2111 3381 2226 3436 Non
2274 3382 2417 3436 enim
2453 3379 2579 3449 quia
2610 3378 2956 3434 indivisibilis
2989 3389 3073 3434 est
3115 3381 3415 3434 secundum
3458 3393 3550 3434 es-

1969 3476 2196 3532 sentiam
2229 3471 2392 3539 Deus,
2445 3470 2568 3524 ideo
2600 3471 2766 3525 etiam
2818 3471 3130 3540 generativa
3161 3471 3417 3526 facultate
3462 3487 3553 3525 ca-

1970 3579 2074 3635 rei,
2111 3568 2261 3638 juxta
2312 3577 2546 3619 veStram
2584 3563 2919 3633 Opinionem.
2960 3561 3150 3634 Neque
3199 3578 3386 3619 rursus
3425 3564 3554 3632 quia

1972 3658 2314 3716 indivisibilis
2371 3667 2452 3712 est
2503 3655 2797 3711 secundum
2853 3656 3189 3720 essentiam,
3247 3656 3554 3710 declaratur

1970 3765 2234 3822 generare
2270 3763 2374 3803 non
2407 3762 2587 3816 posse.
2625 3746 2696 3798 'At
2724 3753 2854 3800 vero
2890 3747 2932 3800 si
2983 3761 3040 3800 se
3073 3745 3240 3800 Deum
3286 3747 3554 3802 honorare

1969 3843 2308 3906 exiSIintant,
2354 3841 2654 3894 tribuentes
2703 3837 2775 3892 illi
2823 3837 2971 3907 quod
3006 3839 3170 3892 dividi
3213 3855 3316 3893 non
3359 3841 3552 3909 possit,

1971 3936 2064 3990 sed
2115 3933 2411 4005 generandi
2450 3931 2710 3986 facultate
2741 3933 3040 4000 privantes,
3077 3939 3136 3983 ut
3175 3945 3245 3985 ex
3284 3932 3384 3985 hoc
3417 3932 3553 3986 infe-

1972 4034 2095 4079 rant
2141 4024 2307 4080 Deum
2355 4037 2421 4075 ex
2471 4021 2750 4075 voluntate
2792 4020 3141 4074 constituisse
3188 4019 3402 4085 Filium,
3450 4021 3553 4077 hoc

1971 4127 2160 4172 contra
2215 4114 2438 4169 audiant
2487 4111 2644 4180 longe
2700 4111 2958 4181 majorem
3015 4111 3555 4182 praestantioretnqne

1971 4208 2260 4280 splendore
2313 4203 2604 4256 voluntatis
2656 4215 2779 4256 esse
2838 4201 3102 4254 naturalis
3149 4202 3379 4256 actionis
3427 4183 3552 4270 gmn-

1977 4301 2129 4355 tiam.
2167 4296 2389 4365 Dignius
2413 4295 2557 4348 enim
2580 4303 2659 4348 est
2689 4295 2758 4346 ita
2783 4292 3006 4358 sentire,
3032 4291 3199 4348 Deum
3229 4293 3459 4349 indivise
3481 4311 3549 4351 ex

1973 4404 2032 4444 se
2058 4399 2344 4457 generare,
2373 4382 2630 4438 ineffabili
2663 4383 2896 4451 quodam
2927 4391 2984 4436 et
3013 4383 3552 4452 incomprehensibili

1977 4481 2158 4544 modo,
2190 4493 2376 4546 quam,
2411 4483 2468 4530 ut
2494 4490 2587 4530 vos
2621 4475 2941 4544 opinamini,
2965 4476 3092 4544 quia
3119 4475 3282 4532 dividi
3321 4487 3376 4532 et
3407 4493 3558 4548 sepa-

1981 4570 2086 4625 rari
2118 4585 2222 4624 non
2248 4577 2445 4640 potest,
2479 4582 2654 4637 neque
2681 4582 2944 4638 generare
2972 4581 3150 4636 posse.

2581 4677 2689 4748 ει
2723 4677 2955 4734 ALIUD.

2050 4793 2106 4849 Si
2159 4793 2461 4857 voluntate,
2489 4798 2549 4843 ut
2577 4789 2778 4855 dicitis,
2804 4787 3001 4842 Filium
3057 4787 3340 4844 constituit
3373 4788 3552 4856 Pater,

1978 4895 2182 4942 temere
2240 4886 2405 4941 etiam
2446 4890 2669 4937 vocatur
2686 4878 2873 4935 Filius.
2902 4879 3055 4948 Quod
3080 4881 3225 4935 enim
3261 4896 3327 4936 ex
3371 4897 3557 4938 essen-

1980 4980 2049 5034 tia
2082 4977 2258 5033 Patris
2282 4993 2388 5031 non
2418 4972 2706 5046 processit,
2737 4988 2843 5042 quo
2871 4982 3032 5043 pacto
3055 4983 3284 5028 vocetur
3347 4973 3513 5028 Filius
3531 4980 3555 5026 ’ξ

1978 5067 2128 5135 Quod
2169 5082 2297 5122 vero
2334 5080 2398 5120 ex
2433 5065 2615 5132 aliquo
2661 5063 2956 5117 secundum
3001 5073 3251 5118 naturam
3287 5066 3556 5132 procedit,

1983 5174 2165 5214 veram
2199 5158 2360 5212 etiam
2384 5155 2670 5225 get-inlinis
2709 5153 3120 5224 appellationem
3164 5154 3344 5221 liabet.
3391 5157 3558 5212 Geni.

1992 5262 2078 5306 tas
2102 5253 2288 5319 itaque
2310 5265 2430 5304 cum
2463 5249 2534 5303 sit
2568 5247 2766 5314 Filius,
2791 5244 3164 5301 coessentialis
3204 5246 3366 5298 etiam
3410 5245 3560 5302 Patri

1979 5355 2083 5399 est.
2122 5343 2234 5400 Una
2265 5343 2407 5397 enim
2448 5350 2532 5396 est
2573 5347 2770 5394 natura
2803 5337 3132 5408 gignentium
3164 5347 3422 5394 eteorum
3443 5355 3559 5409 qua'

1973 5436 2289 5506 gignuntur.
2607 5483 2611 5487 λ

2644 5520 2874 5577 ALIUD.

2055 5639 2136 5702 Si,
2175 5637 2638 5705 quemadmodum
2671 5651 2765 5691 vos
2795 5635 3032 5691 censetis
3061 5635 3177 5692 falsi
3207 5649 3253 5693 et
3287 5636 3548 5700 fallentes,
