4106 6422
612 323 710 382 155

611 459 715 497 non
749 452 813 492 ex
845 427 1087 488 essentia
1118 422 1296 479 Patris
1336 416 1602 498 processit
1630 413 1825 477 Filius,
1858 411 1951 466 sed
1975 424 2040 463 ex
2094 421 2189 459 νο·
2223 410 2265 464 Α

612 536 823 588 luntate
848 523 1028 580 Patris
1053 517 1389 575 constitutus
1422 518 1523 573 εει,
1560 516 1611 560 et
1649 513 1733 560 est
1788 505 1901 573 ipse
1928 498 2193 570 sapientia

612 640 678 678 ac
709 617 950 689 potentia
970 611 1170 675 Patris,
1196 614 1344 662 certe
1378 613 1554 667 neque
1596 597 1817 666 sapiens
1849 602 1935 648 est
1981 604 2185 645 secun-

613 717 742 768 dum
770 720 1040 767 naturam,
1071 714 1244 769 neque
1286 705 1479 766 potens
1511 692 1695 749 Pater.
1733 686 1788 741 Si
1845 698 1976 740 vero
2022 681 2198 752 (jtixta

614 796 1009 871 ineptissimam
1070 799 1308 844 vestram
1351 776 1799 853 propositionem)
1857 772 2201 827 extrinsecus

615 863 895 946 constituit
918 881 1141 940 Filium,
1174 875 1264 944 qui
1294 873 1512 943 quidem
1540 867 1710 938 ipsius
1732 863 1997 934 sapientia
2024 869 2079 915 et
2104 873 2202 928 po-

619 980 790 1036 tentia
816 984 925 1036 est,
948 970 1043 1027 sed
1071 977 1154 1025 est
1187 982 1253 1021 ex
1284 981 1380 1020 sua
1433 972 1626 1017 natura
1660 957 1877 1026 sapiens
1914 963 1969 1008 et
1991 960 2198 1021 potens,

618 1068 985 1128 necessarium
1018 1059 1244 1117 omnino
1277 1066 1382 1122 est,
1405 1055 1569 1108 etiam
1606 1049 1803 1104 Filium
1836 1060 1901 1100 ex
1965 1040 2203 1098 essentia

623 1164 802 1219 Patris
829 1172 956 1215 esse
975 1196 991 1225 ,
1030 1163 1192 1224 atque
1216 1151 1294 1206 ita
1324 1148 1490 1203 etiam
1522 1136 2063 1200 consubstantialem.

1303 1279 1535 1339 ALIUD.

690 1410 928 1469 Necesse
963 1409 1138 1462 estut
1193 1399 1284 1470 qui
1346 1394 1543 1452 Filium
1591 1406 1657 1447 ex
1707 1388 1989 1443 voluntate
2030 1381 2209 1437 Patris

620 1502 980 1561 constitutum
998 1510 1122 1554 esse
1154 1489 1507 1551 contendunt,
1531 1498 1639 1539 non
1686 1489 1866 1535 autem
1890 1492 1956 1533 ex
1975 1475 2094 1546 ipso
2120 1486 2211 1544 ge-

623 1594 825 1658 nitutn,
862 1590 1045 1645 dicant
1070 1583 1200 1654 quid
1225 1579 1454 1639 moverit
1481 1576 1699 1631 Patrem
1736 1581 1793 1625 ut
1824 1568 2022 1623 Filium
2076 1581 2211 1621 con-

625 1657 898 1747 stitueret,
934 1689 995 1734 ut
1018 1677 1121 1747 ipsi
1151 1676 1332 1743 inepte
1385 1671 1708 1737 loquuntur.
1764 1659 2083 1716 Necessario
2123 1657 2216 1726 igi-

1600 297 1658 351 S.
1698 290 1972 351 CYRILLI
2009 281 2481 343 ALEXANDIHNI
2521 278 2838 334 ARCIHEP.

2296 402 2552 473 νώμενοι,
2586 398 2687 453 οὐκ
2717 398 2781 450 ἐκ
2809 394 2907 464 τῆς
2939 389 3127 452 οὐσίας
3168 384 3260 440 τοῦ
3305 377 3811 453 Πατρὸς’προῆλθεν
3839 381 3867 432 6

3782 261 3872 317 l3!)

2300 469 2428 557 Υἱός
2450 534 2465 559 ,
2516 491 2731 559 ὑπέστη
2763 486 2819 540 δὲ
2853 477 3310 548 ἐξουσιαστικῶςν
3348 473 3444 529 καὶ
3477 471 3623 527 ἔστιν
3650 469 3805 532 αὐτδς
3836 473 3866 540 ἡ

2302 588 2466 658 σοφία
2494 584 2592 638 καὶ
2616 582 2848 650 δύναμις
2868 574 2965 629 τοῦ
2996 570 3233 641 Πατρός,
3256 564 3380 628 οὗτε
3411 562 3574 631 σοφὸς
3613 560 3752 613 κατὰ
3779 560 3871 617 φύο-

2303 652 2392 734 σιν
2425 676 2571 732 ἐστὶν
2597 676 2626 729 6
2657 670 2872 741 Πατὴρ,
2917 665 3043 720 οὔτε
3088 662 3194 733 μὴν
3228 656 3474 723 δυνατός.
3522 654 3586 707 Εἰ
3612 653 3699 717 δὲ,
3739 652 3873 706 κατὰ

2301 772 2402 842 τὴν
2432 763 2821 839 ἀμαθεστάτην
2850 758 3005 830 ὑμῶν
3052 753 3340 825 πρότασιν,
3373 745 3574 814 ἔξωθεν
3605 745 3871 812 ὑπέστησε

2303 833 2397 917 τόν
2439 833 2593 925 Ῠὶδν,
2624 858 2682 920 ὃς
2726 857 2874 909 ἐστιν
2903 847 3066 905 αὐτοῦ
3116 844 3278 913 σοφία
3328 840 3424 894 καὶ
3470 836 3717 910 δύναμις,
3767 833 3872 886 ἀλλ’

2306 958 2425 1012 ἔστι
2449 951 2593 1008 κατά
2616 948 2779 1019 φύσιν
2807 943 2968 1012 σοφός
3000 958 3060 994 τε
3091 939 3187 992 καὶ
3214 933 3460 996 δυνατὸς,
3487 928 3702 997 ἀνάγκη
3731 928 3874 979 πᾶσα

2307 1050 2402 1107 καὶ
2426 1047 2518 1101 τὸν
2540 1017 2669 1097 Tibi)
2701 1041 2765 1094 ὲκ
2788 1036 2889 1111 τῆς
2922 1032 3017 1086 τοῦ
3052 1028 3266 1105 Πατρὸς
3301 1024 3491 1097 οὐσίας
3514 1017 3654 1082 εἶναι
3682 1018 3875 1088 λέγειν,

2307 1147 2357 1213 εί
2384 1143 2443 1199 δὲ
2472 1139 2652 1205 τοῦτο,
2676 1133 2772 1190 καὶ
2793 1129 3098 1204 ὁμοούσιος.

2992 1264 3194 1319 ΑΛΛΟ.

2396 1389 2722 1459 Ἀναγκαῖον
2754 1379 2976 1455 ἐρέσθαι
3021 1375 3149 1437 τοὺς
3186 1372 3305 1426 ὅσοι
3347 1371 3441 1421 τὸν
3476 1362 3606 1418 Υἱδν
3649 1358 3768 1413 κατ’
3798 1356 3882 1421 ἐξ-

2311 1487 2498 1544 ουσίαν
2528 1479 2833 1549 ὑποστῆναι
2859 1473 2960 1544 τὴν
2992 1468 3086 1523 τοῦ
3117 1462 3360 1536 Πατρός,
3387 1459 3483 1514 καὶ
3505 1457 3606 1511 οὑκ
3643 1452 3702 1519 ἐξ
3724 1451 3880 1506 αὐτοῦ

2314 1540 2677 1651 γεγεννῆσθαί
2726 1540 2882 1641 ipsiet,
2915 1540 2982 1619 ’τί
3026 1562 3090 1616 τὸ
3134 1554 3400 1616 πεπεικδς
3431 1550 3522 1605 τὸν
3553 1546 3775 1614 Πατέρα
3801 1540 3885 1594 τὸν

2316 1638 2443 1729 Ῠὶόν
2472 1638 2779 1738 ὑποστῆσαι
2807 1660 2950 1715 κατὰ
2981 1657 3074 1710 τὸν
3112 1651 3266 1722 ὑμῶν
3290 1645 3481 1718 ἀμαθῆ
3505 1642 3684 1709 λόγον.
3703 1638 3886 1697 Ἀναγ-

630 1790 715 1832 tur
744 1776 848 1830 hoc
882 1726 1013 1830 iecit
1091 1726 1345 1824 autFilio
1365 1762 1417 1816 id
1446 1726 1630 1829 largiri
1657 1755 1846 1819 voluit,
1877 1763 1934 1806 ιιι
1968 1749 2115 1804 illum
2143 1748 2210 1802 ad

2322 1726 2486 1828 καίως
2516 1763 2625 1833 ἄρα
2653 1726 2813 1811 τοῦτο
2854 1749 3155 1818 πεποίηκεν
3176 1783 3190 1807 ,
3224 1743 3258 1813 ἢ
3291 1735 3623 1811 χαρίσασθαι
3657 1729 3736 1800 τῷ
3779 1726 3889 1793 Υίῴ

630 1884 758 1925 esse
788 1866 1100 1921 traduceret
1127 1856 1355 1929 perinde
1376 1867 1583 1908 aenos.
1607 1848 1664 1903 Si
1684 1847 1849 1918 igitur
1876 1840 2209 1903 necessario,

621 1959 734 2028 jam
757 1959 927 2013 Deum
959 1948 1274 2009 necessitati
1310 1943 1611 2014 subjectum
1673 1951 1799 1994 esse
1851 1930 2167 1989 concedetis
2196 1947 2212 1995 ;

624 2051 712 2107 sin
734 2060 928 2104 contra
958 2045 1173 2099 Patrem
1204 2040 1309 2094 hoc
1336 2035 1479 2093 Filio
1509 2030 1696 2102 largiri
1719 2027 1956 2084 voluisse
2008 2022 2213 2085 dicitis,

625 2142 838 2211 sibiipsi
906 2137 1085 2209 potius
1138 2132 1190 2187 id
1242 2129 1474 2203 largitus
1519 2138 1643 2180 esse
1693 2119 1982 2180 videbitur,
2033 2123 2091 2169 ut
2147 2114 2217 2167 sit

628 2243 870 2297 creator,
896 2240 951 2284 et
978 2237 1169 2298 potens
1194 2236 1258 2276 ac
1306 2219 1564 2288 sapiens:
1602 2211 1865 2282 siquidem
1911 2206 2049 2263 Filio
2102 2204 2219 2259 haec

629 2328 835 2381 insunt.
863 2340 882 2373 ι
910 2297 1111 2378 omnia
1137 2314 1282 2371 enim
1316 2325 1412 2382 per
1436 2309 1615 2377 ipsum
1648 2304 1787 2358 facta
1835 2310 1982 2366 sunt,
2044 2297 2217 2366 inquit

629 2416 934 2482 Scriptura,
962 2418 1017 2463 et
1041 2407 1161 2463 sine
1183 2406 1299 2473 ipso
1328 2400 1527 2454 factum
1559 2404 1644 2450 est
1669 2391 1808 2447 nihil
1832 2390 1896 2442 ιδ.
1931 2407 1950 2441 ι
1986 2389 2054 2443 Ει
2104 2401 2218 2439 rur-

629 2526 776 2575 sum,
813 2504 1113 2561 «Christus
1150 2499 1245 2554 Dei
1280 2493 1520 2566 potentia
1545 2500 1599 2544 et
1628 2485 1894 2554 sapientia
1926 2482 2010 2535 Ψ.
2047 2499 2070 2534 δ
2101 2479 2218 2535 Cae-

631 2615 809 2659 terum
838 2615 935 2655 nos
964 2612 1070 2651 non
1096 2593 1198 2649 sibi
1233 2591 1331 2660 ipsi
1374 2588 1488 2641 ha-c
1517 2583 1766 2653 largitum
1800 2592 1922 2633 esse
1957 2578 2120 2631 Deum
2157 2588 2220 2627 ac

636 2697 851 2752 Patrem
881 2690 1134 2753 dicimus,
1164 2686 1259 2740 sed
1287 2694 1407 2738 esse
1433 2676 1754 2732 naturaliter
1809 2669 2105 2739 sapiemem
2167 2673 2224 2719 et

636 2796 938 2860 potentem.
962 2783 1077 2836 Non
1106 2779 1270 2847 igitur
1299 2787 1366 2828 ex
1394 2770 1669 2824 voluntate
1688 2762 1971 2819 constituit
1998 2756 2218 2821 Filium,

638 2892 701 2937 ut
742 2893 841 2937 vos
903 2869 1225 2945 opinamini,
1280 2864 1376 2922 sed
1441 2860 1606 2916 veluti
1680 2864 1890 2910 natura:
1943 2866 2056 2905 sua:
2109 2848 2223 2902 fru-

640 2984 761 3031 ctus
794 2980 899 3035 est,
924 2965 1069 3038 quod
1091 2979 1218 3020 cum
1254 2961 1328 3015 ita
1379 2957 1469 3024 sit,
1518 2954 1683 3008 etiam
1746 2941 2226 3002 consubstantialis

2317 1820 2619 1933 βουληθείς,
2644 1853 2728 1906 ὅτι
2754 1848 2820 1920 δὴ
2845 1845 2937 1900 καὶ
2954 1841 3118 1898 αὑτὸν
3139 1839 3218 1900 είς
3252 1833 3550 1888 ὑπόστασιν
3580 1820 3889 1893 ἄγοι’καθάυ

2579 1911 2770 2017 ἠμᾶς
2808 1911 2873 1994 Ἐξ
2918 1936 3026 2009 μὲν
3061 1929 3154 1986 οὖν
3193 1924 3507 1994 ἀναγκαίως
3552 1917 3769 1986 ἀνάΥκῺ
3796 1911 3891 1966 δώ⁶

2318 2008 2440 2101 σετε
2486 2041 2581 2094 τὸν
2621 2008 2763 2091 ’θεὸν
2801 2008 3147 2089 ὑποκεῖσθαι,
3179 2024 3229 2076 εἰ
3266 2020 3325 2075 δὲ
3358 2018 3433 2089 μὴ
3462 2014 3645 2077 τοῦτο,
3673 2008 3893 2080 χαρίσα-

2319 2138 2444 2193 σθαι
2489 2133 2547 2187 δὲ
2603 2126 2936 2207 βουληθέντα
2976 2120 3056 2192 τῷ
3100 2116 3251 2188 Υἱῷ,
3299 2109 3478 2179 ἐαυτῷ
3533 2105 3893 2177 χαρισάμενος

2320 2233 2570 2303 φανεῖται
2599 2194 2662 2282 τὸ
2696 2194 2833 2276 εἶναι
2854 2212 3187 2290 δημιουργὸς
3211 2209 3306 2263 καὶ
3330 2204 3556 2264 δυνατὸς
3586 2199 3684 2253 καὶ
3719 2194 3893 2262 cossic.

2635 2313 2750 2386 Υίῷ
2789 2282 2964 2365 ταῦτά
3005 2282 3143 2359 ἐστι.
3195 2320 3213 2352 ι
3245 2299 3435 2353 Πάντα
3480 2293 3589 2363 γὰρ
3637 2291 3704 2344 δι’
3739 2282 3896 2341 αὑτοῦ

2322 2382 2561 2487 ἐγένετο,
2593 2382 2756 2480 φησιν
2807 2407 2840 2476 ἡ
2880 2399 3095 2473 Γραφὴ,
3138 2396 3230 2449 καὶ
3273 2391 3442 2464 χωρὶς
3489 2383 3659 2441 αὑτοῦ
3693 2382 3900 2451 ἐγένετο

2320 2473 2442 2566 οὑδὲ
2495 2473 2617 2558 Evn.
2654 2473 2778 2553 *Καὶ
2822 2473 3007 2558 πάλιν,
3050 2511 3067 2543 ι
3093 2487 3330 2559 Χριστὸς
3372 2481 3507 2536 Θεοῦ
3541 2478 3775 2548 δύναμις
3813 2473 3901 2526 καὶ

2322 2599 2456 2657 Θεοῦ
2475 2594 2658 2667 σοφία.
2678 2611 2698 2646 ι
2729 2589 2889 2644 Ἀλλὰ
2917 2587 3023 2659 μὴν
3053 2585 3153 2655 οὑχ
3176 2577 3353 2650 ἑαυτῷ
3381 2574 3555 2630 ταῦτα
3584 2565 3900 2643 χαρίζεσθαί

2328 2709 2510 2764 φαμεν
2531 2656 2624 2744 τὸν
2651 2685 2786 2742 Θεὸν
2807 2680 2902 2736 καλ⁹
2919 2656 3166 2748 Πατέρα,
3184 2672 3300 2727 ἀλλ’
3317 2667 3459 2723 εἶναι
3479 2663 3728 2735 φυσικῶς
3753 2656 3902 2726 σοφόν

2323 2748 2384 2840 τε
2411 2748 2513 2839 'xai.
2546 2780 2793 2837 δυνατόν.
2846 2761 3434 2835 Οὗκδὲξουσιαστικῶς
3482 2757 3591 2828 ἄρα
3650 2753 3742 2810 τὸν
3787 2748 3904 2803 Υίδν

2327 2878 2630 2946 ὑπέστησε,
2663 2871 2787 2926 καθ’
2815 2866 2981 2938 ὑμᾶς,
3006 2860 3145 2916 ἀλλὰ
3170 2859 3271 2928 τῆς
3303 2852 3509 2915 οἰκείας
3539 2848 3762 2918 φύσεως
3801 2839 3905 2911 ἔχει

2329 2934 2560 3039 καρπόν·
2600 2934 2790 3031 ἐπειδὴ
2915 2953 3092 3018 τοῦτο,
3125 2951 3219 3004 καὶ
3253 2945 3560 3017 ὁμοούσιος.
3593 2938 3679 2992 T6
3712 2935 3820 3005 γὰρ
3849 2934 3908 2985 ἐκ

614 3076 744 3129 ,est.
776 3062 932 3132 Quod
960 3060 1104 3115 enim
1140 3052 1464 3111 naturaliter
1517 3061 1583 3102 ex
1636 3043 1747 3099 Deo
1799 3037 2058 3110 procedit,
2096 3035 2221 3089 alie-

2328 3029 2466 3116 Θεοῦ
2492 3054 2754 3129 προελθὸν
2777 3029 2918 3106 πατὰ
2939 3047 3127 3118 φύσιν,
3155 3042 3257 3096 οὐκ
3285 3037 3564 3108 ἀλλότριον
3600 3029 3795 3086 αὑτοῦ.

641 3173 768 3216 num
802 3157 872 3213 ab
903 3169 970 3209 eo
990 3165 1117 3206 esse
1141 3162 1248 3204 non
1284 3150 1484 3216 potest.

714 3291 870 3360 Quod
911 3290 1019 3345 Deo
1045 3303 1106 3342 ac
1143 3281 1296 3339 Patri
1318 3272 1788 3336 consubstantialis
1834 3269 1899 3325 sit
1951 3264 2152 3320 Filius.

713 3406 774 3462 Si
797 3413 1016 3475 propter
1051 3401 1277 3461 turmam
1329 3408 1491 3466 quam
1513 3387 1742 3460 accepit,
1792 3385 1844 3439 in
1899 3380 2075 3437 forma
2134 3375 2230 3431 Dei

642 3498 940 3559 exsisteus,
973 3485 1454 3548 consubstantialis
1482 3481 1635 3536 nobis
1669 3485 1774 3541 est,
1802 3476 1928 3544 quia
1969 3485 2036 3527 ex
2066 3466 2224 3522 nobis

644 3596 861 3657 est,cst
893 3595 1075 3640 autem
1119 3582 1291 3637 forma
1348 3576 1442 3632 Dei
1506 3573 1694 3638 Filius,
1753 3559 2232 3622 consubstantialis

645 3680 811 3749 igitur
849 3676 899 3732 ei
932 3682 1037 3740 est,
1065 3670 1223 3742 cujus
1239 3678 1320 3724 est
1344 3666 1542 3723 forma.

1248 3781 1360 3854 32
1396 3776 1628 3839 ALIUD.

719 3906 777 3962 Si
812 3912 999 3958 nostro
1046 3898 1237 3955 lumini
1287 3895 1543 3966 Splendor
1575 3889 1696 3961 ejus
1758 3878 2237 3941 consubstantialis

644 4008 752 4063 est,
780 3996 953 4053 Filius
970 4001 1150 4048 autem
1171 3988 1361 4044 aeterni
1386 3984 1607 4039 luminis
1630 3988 1714 4035 est
1767 3975 2055 4048 splendor;
2104 3986 2237 4026 con-

647 4086 1028 4148 substantialis
1057 4083 1226 4156 igitur
1253 4080 1420 4136 etiam
1451 4079 1567 4147 ipse
1590 4085 1674 4131 est
1697 4070 1908 4133 lumini,
1940 4068 2093 4137 cujus
2155 4072 2238 4120 est

647 4181 925 4254 splendor,
957 4193 1081 4232 cum
1114 4172 1364 4243 exempla
1388 4179 1546 4240 parte
1578 4168 1756 4236 aliqua
1806 4177 1920 4219 suae
1942 4172 2148 4216 natura:
2184 4158 2236 4212 in

648 4273 828 4331 simile
857 4267 1204 4326 conveniant.

1337 4392 1564 4451 ALIUD.

723 4516 1186 4589 Quemadmodum
1215 4508 1504 4581 aequalitas
1532 4506 1584 4558 in
1616 4500 2070 4557 intellectualibus
2129 4512 2235 4553 non

650 4614 955 4685 quantitate
981 4594 1303 4668 aestimatur,
1334 4608 1387 4655 et
1414 4596 1556 4669 quod
1588 4595 1660 4653 ita
1685 4590 1892 4660 aequale
1923 4598 2026 4653 est,
2051 4602 2237 4642 neces-

652 4706 799 4761 sario
831 4703 993 4758 etiam
1046 4714 1143 4769 par
1174 4693 1437 4764 dignitate
1491 4703 1556 4740 ac
1613 4680 2073 4740 consubstantiale
2132 4689 2238 4743 est,

652 4798 824 4854 Filius
854 4803 1033 4849 autem
1064 4801 1148 4847 est
1171 4803 1269 4859 par
1292 4782 1555 4853 dignitate
1586 4778 1754 4840 Patri,
1796 4784 1854 4829 ut
1887 4789 2041 4829 sacra
2083 4772 2236 4827 Scri—

654 4897 814 4957 ptura
865 4888 1138 4946 testatur;
1191 4871 1500 4930 necessario
1548 4868 1712 4922 etiam
1762 4864 2240 4920 consubstantialis

652 4978 758 5031 erit
791 4993 804 5031 :
842 4969 1151 5041 arqnalitate
1174 4963 1430 5018 nimirum
1462 4959 1570 5023 illa,
1600 4972 1705 5010 non
1766 4954 1976 5007 ratione
2022 4953 2237 5021 quanti-

657 5072 785 5124 tatis
809 5069 860 5121 in
886 5074 1077 5120 natura
1104 5053 1722 5127 incorporeaazstitnata,
1748 5049 1844 5102 sed
1877 5048 2053 5117 potius
2082 5051 2234 5102 itlcn-

655 5161 813 5217 litate
836 5154 1113 5214 essentia.

1329 5261 1563 5318 ALIUD.

731 5389 790 5444 Si
812 5399 933 5455 qua:
971 5396 1100 5436 vere
1137 5395 1204 5435 ac
1226 5378 1549 5434 naturaliter
1576 5375 1758 5445 genita
1805 5384 1950 5438 sunt,
1981 5390 2088 5430 non
2137 5390 2236 5426 an.-

660 5486 765 5529 lem
802 5469 1112 5539 adoptione,
1144 5466 1366 5522 dubium
1407 5482 1513 5520 non
1557 5474 1643 5519 est
1679 5462 1809 5533 qttin
1844 5463 1953 5518 sint
2001 5463 2237 5518 consul)-

657 5563 932 5626 stantialia
953 5577 1077 5619 cum
1101 5562 1273 5636 iisqui
1311 5574 1440 5616 vere
1461 5573 1525 5614 ac
1548 5557 1875 5613 naturaliter
1912 5566 2238 5628 genuerunt,

735 5723 776 5751 “
809 5718 964 5775 Junn.
998 5734 1035 5779 ι.
1067 5718 1120 5775 5.
1199 5720 1262 5753 ¹’⁵’
1294 5719 1313 5775 l
1345 5717 1468 5775 Cor.
1506 5733 1547 5787 ι,
1576 5718 1671 5789 24,

2457 3284 2579 3335 Ὅτι
2604 3277 2685 3345 τῷ
2712 3274 2835 3342 Θεῷ
2860 3271 2960 3327 καὶ
2987 3265 3169 3337 Πατρὶ
3194 3262 3517 3336 όμοούσιος
3547 3257 3582 3312 ό
3613 3256 3783 3320 Υἱός.

2403 3397 2467 3450 El.
2500 3392 2566 3448 δι’
2592 3392 2658 3464 ἣν
2688 3388 2848 3442 ἔλαϐε
2873 3382 3087 3458 μορφὴν
3114 3381 3143 3432 6
3169 3379 3228 3432 ὲν
3252 3376 3434 3448 μορφῇ
3460 3367 3598 3426 Θεοῦ
3636 3367 3911 3437 ὑπάρχων,

2332 3454 2628 3559 ὁμοούσιοξ
2650 3482 2810 3555 ὴμῶν
2856 3454 3034 3541 sui:
3066 3472 3244 3546 ἡμῶν,
3274 3469 3389 3522 ἐστι
3417 3466 3475 3519 δὲ
3510 3462 3701 3535 μορφὴ
3727 3454 3858 3512 Θεοῦ
3888 3454 3914 3506 6

2334 3551 2484 3646 Ϊῖίὸς,
2511 3551 2800 3651 ὁμοοὺσιος
2831 3573 2941 3643 ἄρα
2964 3569 3182 3636 ἐκείνῳ,
3208 3558 3269 3617 οὗ
3303 3560 3400 3615 καὶ
3427 3558 3544 3612 ἔστι
3580 3551 3804 3628 μορφής

3019 3764 3222 3822 ΑΛΛΟ.

2410 3898 2474 3950 Ei
2503 3894 2583 3964 τῷ
2603 3890 2725 3945 καθ’
2758 3889 2904 3960 ἡμᾶς
2937 3884 3080 3954 φωτὶ
3108 3880 3169 3934 τὸ
3201 3875 3544 3942 ἀπαύγασμα
3575 3863 3753 3923 αὑτοῦ
3784 3864 3921 3914 ἐστιν

2337 3953 2649 4064 όμοοὺσίον,
2691 3986 2720 4037 6
2852 3953 2983 4043 Υἱὸς
3010 3974 3107 4031 τοῦ
3143 3972 3316 4029 ἀϊδίου
3359 3965 3536 4039 φωτός
3572 3964 3730 4016 ἐστιν
3761 3953 3923 4064 ἐπαύ-

2339 4041 2530 4154 γῖισμα
2554 4121 2569 4147 ,
2603 4076 2889 4149 όμοούσιος
2923 4041 3032 4143 ἄρα
3065 4068 3162 4123 καὶ
3193 4063 3356 4126 αὐτὸς
3405 4059 3484 4128 τῷ
3532 4055 3702 4124 φωτὶ,
3735 4041 3798 4105 οὑ
3840 4045 3923 4100 καὶ

2339 4142 2486 4230 ἐστιν
2525 4142 2891 4239 ἀπαύγασμα,
2924 4142 3034 4217 τῶν
3062 4154 3479 4227 ὑποδειγμάτων
3507 4149 3659 4203 κατά
3683 4164 3739 4199 τι
3771 4142 3923 4213 μέρθς

2339 4267 2440 4339 τῆς
2470 4265 2680 4327 οἰκείας
2711 4260 2929 4330 φύσεως
2955 4256 3037 4318 εἰς
3065 4253 3127 4307 τὸ
3160 4252 3346 4320 ὅμοιον
3376 4239 3809 4315 παραγομένων.

3026 4389 3231 4444 ΑΛΛΟ.

2417 4516 2479 4569 El
2512 4514 2574 4566 τὸ
2625 4510 2740 4563 ἴσον
2778 4509 2837 4560 ὲν
2869 4505 3082 4574 νοητοῖς
3124 4500 3187 4554 οὐ
3220 4496 3485 4565 ποσότητι
3533 4487 3835 4562 μετρητὸν,
3877 4479 3933 4534 τὸ

2345 4606 2389 4660 δ’
2421 4603 2596 4664 οὕτως
2626 4601 2763 4662 ἴσον,
2812 4597 2908 4650 καὶ
2948 4593 3210 4665 ὁμότιμον
3243 4588 3303 4653 ἐξ
3333 4587 3583 4655 ἀνάγκης
3610 4582 3717 4636 καὶ
3742 4576 3935 4650 ὁμοού-

2346 4715 2479 4760 σιον,
2537 4694 2654 4747 ἔστι
2699 4692 2757 4745 δὲ
2803 4691 2918 4753 ἴσος
2963 4686 3059 4749 καὶ
3095 4684 3359 4756 ὁμότιμος
3396 4678 3474 4749 τῷ
3505 4676 3691 4746 llatth
3727 4676 3757 4727 6
3790 4671 3933 4731 Υἱὸς,

2344 4785 2571 4843 κατὰτὰ
2587 4785 2708 4838 θεῖα
2735 4783 2929 4852 Λὸγια,
2949 4779 3009 4855 ἐξ
3039 4778 3285 4845 ἀνάγκης
3312 4772 3466 4825 ἔσται
3496 4769 3592 4823 καὶ
3622 4763 3929 4838 ὁμοοὺσιος¹

2344 4882 2439 4935 τοῦ
2469 4881 2586 4934 ἴσου
2617 4875 2762 4931 κατὰ
2792 4875 2852 4928 τὸ
2890 4872 3058 4927 ποσὸν
3086 4873 3145 4924 ἐν
3174 4867 3450 4937 ἀσωμάτῳ
3490 4861 3660 4932 φύσει
3691 4858 3772 4931 μὴ
3806 4855 3938 4913 θεω-

2346 4993 2440 5046 ρου
2450 4974 2632 5044 μένου,
2667 4967 2805 5033 ἀλλὰ
2840 4966 3041 5039 μᾶλλον
3066 4966 3124 5017 ὲν
3148 4962 3337 5025 οὐσίας
3366 4956 3688 5028 ταυτότητι,

3033 5260 3234 5313 ΑΛΛΟ.

2419 5375 2481 5429 Εἰ
2520 5375 2588 5428 τὰ
2622 5375 2742 5428 κατ’
2797 5373 3079 5444 ἀλήθειαν,
3120 5370 3236 5426 ἀλλ’
3278 5370 3340 5423 οὑ
3387 5368 3554 5432 θέσει,
3592 5362 3947 5435 γεννώμενα,

2344 5468 2608 5537 ὁμοούσια
2631 5466 2739 5520 τῶν
2769 5469 2891 5520 κατ’
2918 5464 3180 5537 ἀλήθειαν
3212 5461 3528 5532 γεννώντων
3552 5458 3947 5531 ὡμολόγηται,

2345 5557 2461 5609 ἔστι
2489 5557 2545 5610 δὲ
2572 5556 2681 5610 τῶν
2720 5558 2841 5613 κατ’
2870 5555 3131 5627 ἀλήθειαν
3167 5553 3541 5626 γεννηθέντων
3567 5552 3602 5605 ὁ
3631 5550 3772 5614 Υἱὸς
3803 5550 3954 5621 ἥπερ
