4106 6466
349 435 455 497 ίὸῗ
1771 426 1970 482 TIIES.

2009 392 2216 482 umis.
3528 430 3629 485 tas

348 553 456 609 τῶν
487 551 636 609 κατὰ
673 551 852 614 θέσιν,
908 550 1195 623 ὁμοούσιος
1243 552 1352 623 ἄρα
1402 550 1481 622 τῷ
1528 549 1646 605 κατ’
1699 547 1956 619 ἀλήθειαν

2004 551 2029 605 λ
2061 541 2232 597 Filius
2271 548 2451 596 autem
2485 549 2569 595 est
2600 555 2662 596 ex
2683 519 2763 595 'iis
2784 541 2877 611 qui
2910 554 3037 599 vere
3064 543 3235 614 geniti
3268 551 3416 613 sunt,
3440 544 3625 618 longe-

355 644 530 710 αὑτὸν,
558 644 685 697 ἀλλ’
710 644 776 697 οὐ
810 641 985 708 θέσει,
1016 645 1367 715 γεγεννηκότι
1397 643 1539 713 Θεῷ.

2053 647 2158 702 que
2176 633 2518 704 praestantior
2538 647 2698 703 quam
2718 633 2807 703 qui
2832 634 3156 704 adoptione;
3184 636 3627 694 consubstantia-

2052 724 2322 794 lisitaque
2343 733 2426 779 est
2458 724 2571 780 Deo
2601 726 2692 795 qui
2720 740 2843 780 eum
2874 740 2981 783 non
3003 726 3313 797 adoptione,
3349 731 3446 788 sed
3502 746 3631 788 vere

2053 829 2118 869 ac
2142 815 2466 872 naturaliter
2490 817 2699 887 genuit.

1058 931 1270 986 AAAO.
2716 930 2951 991 ALIUD.

411 1045 475 1099 Εἰ
522 1044 587 1098 τὸ
624 1042 914 1109 οὖσιωδῶς
958 1041 1303 1115 γεννώμενον
1338 1043 1682 1117 ’κληρονομεῖ
1714 1042 1814 1116 τὴν
1854 1041 1949 1098 τοῦ

2125 1043 2185 1098 Si
2223 1043 2367 1114 quod
2390 1042 2821 1100 substantialiter
2847 1046 3088 1117 genitum
3121 1055 3223 1114 est,
3249 1052 3512 1121 genitoris
3542 1068 3632 1109 es-

345 1136 745 1208 γεγεννηκὸτος
767 1135 985 1203 οὐσίαν,
1021 1135 1146 1206 ἕχον
1173 1135 1380 1206 ταύτην
1426 1138 1485 1189 ὲν
1514 1134 1713 1207 ἑαυτῷ,
1745 1135 1858 1206 ἔχει
1891 1134 1950 1190 δὲ

2051 1136 2280 1192 sentiam
2309 1135 2569 1207 possidet,
2592 1136 2797 1193 habens
2829 1152 2953 1193 eam
2976 1139 3028 1193 in
3056 1155 3115 1195 se
3135 1158 3149 1195 :
3167 1141 3333 1197 Filius
3356 1158 3487 1199 vero
3505 1160 3631 1216 pos-

348 1230 515 1284 ε-άντα
540 1228 619 1282 τὰ
649 1228 752 1282 τοῦ
782 1228 1004 1298 Πατρὸς
1034 1229 1066 1281 6
1102 1228 1232 1293 Υῑδς
1251 1268 1267 1295 ,
1308 1226 1587 1291 οὐσιωδῶς
1618 1228 1727 1300 ἄρα
1754 1228 1948 1299 γεγέν-

2049 1227 2193 1283 sidet
2220 1227 2406 1283 omnia
2428 1242 2547 1300 qua:
2570 1227 2751 1285 Patris
2787 1237 2955 1299 sunt;
2991 1232 3359 1290 essentialiter
3386 1249 3519 1306 ergo
3536 1250 3631 1307 ge-

345 1336 515 1392 νηται.

2049 1317 2196 1374 nitus
2224 1326 2329 1374 est.

1036 1432 1250 1487 ΔΛΛΟ.

2716 1433 2950 1491 ALIUD.

407 1543 467 1597 Ei
515 1542 693 1614 μηδὲν
717 1542 843 1596 τῶν
876 1541 1019 1612 μετὰ
1046 1542 1141 1596 τὸν
1171 1542 1301 1596 Υίδν
1351 1544 1417 1596 ἐκ
1449 1543 1525 1614 μὴ
1560 1543 1731 1597 ὄντων
1758 1540 1948 1604 οὐσίας

2122 1540 2183 1597 Si
2217 1554 2378 1597 nemo
2406 1548 2527 1612 post
2554 1538 2754 1596 Filium
2789 1556 2853 1595 ex
2886 1540 3059 1597 nihilo
3107 1541 3443 1602 substantias
3502 1562 3629 1617 pro-

345 1635 652 1706 ὺφεστησιν,
705 1634 979 1706 ὑφίστησι
1027 1635 1086 1689 δὲ
1135 1636 1164 1689 6
1213 1634 1365 1703 Υἱὸς,
1403 1636 1502 1690 οὐκ
1547 1636 1655 1708 ἄρα
1683 1626 1795 1689 τῶν
1830 1635 1947 1707 μετ’

2051 1632 2221 1699 ducit,
2255 1632 2508 1703 producit
2535 1643 2717 1688 autem
2743 1633 2956 1690 Filius:
2988 1649 3094 1690 non
3129 1635 3297 1706 igitur
3319 1637 3427 1693 erit
3479 1639 3629 1710 ejus-

346 1727 494 1779 αὐτὸν
543 1724 703 1779 ἔσται
741 1725 1057 1798 συγγενὴς,
1094 1725 1236 1780 ἀλλὰ
1275 1727 1356 1798 τῷ
1404 1729 1472 1782 ὲκ
1509 1727 1585 1799 μὴ
1623 1726 1794 1780 ὄντων
1836 1727 1941 1795 ὑφ-

2051 1723 2172 1781 dem
2201 1724 2423 1795 generis
2458 1740 2582 1781 cum
2608 1726 2674 1781 iis
2709 1725 2803 1795 qui
2834 1735 2958 1796 post
2990 1728 3164 1798 ipsum
3190 1738 3338 1796 sunt,
3397 1728 3492 1787 sed
3551 1733 3628 1788 illi

349 1817 557 1871 ιστῶντι
586 1817 910 1889 ὁμοοΰσιος.
929 1816 1015 1871 Τὰ
1036 1816 1260 1891 γὰρτῆς
1288 1819 1460 1890 αὐτῆς
1488 1818 1773 1892 ἐνεργείας
1791 1818 1942 1882 ὂντα,

2007 1888 2014 1892 _
2051 1815 2143 1885 qui
2180 1830 2246 1870 ex
2274 1816 2445 1872 nihilo
2476 1816 2731 1886 producit
2760 1819 3269 1874 consubstantiatis.
3295 1819 3427 1887 Qua:
3482 1824 3628 1878 enim

350 1908 437 1962 καὶ
456 1910 553 1980 τῆς
581 1885 760 1979 αὖτῆς
787 1907 984 1973 οὐσίας
1014 1885 1427 1981 ὡμολόγηνται.
1583 1885 1595 1892 ’
1628 1885 1639 1890 ﬁ
1970 1940 1971 1943 η

2009 1889 2019 1942 ι
2044 1907 2286 1976 ejusdem
2309 1885 2537 1964 actionis
2557 1908 2997 1981 operationisque
3029 1919 3174 1979 sunt,
3193 1885 3433 1983 ejusdem
3463 1915 3630 1970 etiam

2043 2008 2171 2055 sunt
2198 2000 2536 2057 substantiae.

978 2120 981 2123 '
1028 2111 1236 2165 AAAO.
2716 2113 2949 2173 ALIUD.

425 2227 482 2280 Εἰ
508 2227 574 2280 τὰ
597 2227 694 2297 τῆς
730 2226 917 2298 αὐτῆς
958 2226 1247 2299 ἐνεργείας
1289 2225 1729 2297 ἀπαραλλάκτως
1759 2228 1941 2300 ὑπάρ-

2113 2222 2174 2278 Si
2207 2238 2327 2294 quae
2355 2224 2597 2294 ejusdem
2617 2238 2841 2295 prorsus
2892 2226 3124 2282 actionis
3178 2228 3628 2299 operationisque

344 2334 515 2389 κοντα,
564 2320 664 2373 καὶ
705 2322 815 2393 τῆς
845 2319 1029 2385 αὐτῆς
1058 2319 1249 2383 οὐσίας
1283 2319 1685 2391 ὡμολόγηνται,
1734 2318 1849 2374 ἔστι
1882 2320 1941 2374 δὲ

2045 2325 2190 2385 sunt,
2221 2317 2467 2388 ejusdem
2486 2326 2539 2372 et
2571 2317 2889 2374 substantia:
2920 2329 3067 2388 sunt,
3102 2320 3361 2399 et.Filius
3382 2320 3624 2391 ejusdem

339 2411 433 2482 τῆς
459 2412 631 2483 αὐτῆς
674 2411 757 2483 τῷ
794 2411 979 2484 Πατρὶ
1029 2410 1313 2482 ἐνεργείας
1353 2412 1384 2464 6
1432 2410 1582 2476 Υἱὸς,
1624 2410 1806 2465 πάντα
1838 2411 1941 2467 ὅσα

2044 2417 2130 2463 est
2147 2423 2267 2463 cum
2296 2408 2456 2464 Patre
2474 2410 2729 2475 actionis,
2765 2412 2945 2466 omnia
2967 2427 3089 2483 qua:
3122 2411 3251 2469 facit
3272 2412 3435 2470 Pater
3467 2416 3624 2471 simi-

339 2507 475 2559 ποιεῖ
494 2505 588 2558 καὶ
621 2504 799 2570 αὐτὸς
830 2504 1041 2576 ὁμοίως
1076 2504 1273 2567 ποιῶν,
1301 2503 1755 2575 ὁμολογουμένως
1786 2503 1938 2560 ἔσται

2044 2497 2169 2553 liter
2195 2508 2251 2554 et
2279 2500 2392 2569 ipse
2410 2499 2638 2567 faciens,
2657 2502 2761 2557 erit
2785 2513 2933 2559 certe
2963 2506 3124 2559 etiam
3160 2507 3403 2578 ejusdem
3436 2522 3624 2564 essen-

337 2598 427 2651 καὶ
461 2599 555 2667 τῆς
606 2597 794 2670 αὐτῆς
824 2598 1054 2663 οὐσίας,
1102 2597 1190 2651 διὰ
1236 2596 1297 2651 τὸ
1330 2595 1428 2651 καὶ
1467 2595 1566 2666 τῆς
1595 2594 1767 2667 αὐτῆς
1799 2590 1939 2652 εἶναι

1595 2594 1767 2667 αὐτῆς
1799 2590 1939 2652 εῖναι
2048 2589 2153 2657 tiae,
2182 2590 2302 2646 ideo
2324 2592 2463 2660 quod
2487 2592 2726 2662 ejusdem
2757 2595 2830 2649 sit
2860 2597 3208 2666 operationis.

335 2691 631 2761 ἐνεργείας.

1030 2808 1256 2870 amo,
2723 2793 2951 2850 ALIUD.
3626 2870 3629 2875 ι

390 2920 455 2974 Εἰ
486 2920 658 2990 φύσει
686 2919 831 2984 Θεὸς
863 2921 1014 2974 ἐστιν
1045 2921 1074 2973 6
1100 2919 1311 2991 Πατὴρ,
1340 2918 1458 2973 ἀλλ’
1482 2919 1544 2973 οὐ
1576 2923 1802 2993 μετοχῇ,
1821 2919 1939 2975 ἐστι

2081 2963 2087 2969 ,
2114 2907 2173 2963 Si
2198 2909 2357 2966 Pater
2383 2910 2802 2968 estnaturaliter
2832 2909 2998 2978 Deus,
3021 2927 3127 2968 non
3164 2922 3346 2970 autem
3399 2918 3625 2985 partici-

321 3010 376 3063 δὲ
410 3011 577 3081 φύσει
601 3012 746 3075 Θεὸς
796 3012 894 3064 καὶ
924 3013 954 3065 6
992 3010 1139 3076 Υἱός.
1177 3011 1350 3084 Εἴπερ
1377 3011 1486 3065 τῶν
1526 3012 1668 3067 κατὰ
1702 3014 1937 3085 μετοχὴν

2042 3001 2281 3070 patione,
2309 3014 2395 3057 est
2420 3017 2549 3059 vero
2572 3003 2734 3057 etiam
2760 3002 2931 3058 Filius
2960 3005 3282 3060 naturaliter
3314 3007 3478 3064 Deus.
3547 3009 3623 3064 At

322 3103 586 3175 ὑπερέχει
607 3144 623 3167 ,
677 3104 787 3175 τῆς
817 3104 992 3175 αὐτῆς
1022 3103 1131 3176 ἄρα
1182 3102 1398 3174 φύσεως
1430 3102 1581 3160 ἔσται
1622 3104 1701 3178 τῷ
1734 3106 1931 3178 Πατρὶ,

2042 3094 2087 3147 si
2121 3091 2191 3148 iis
2214 3093 2304 3163 qui
2326 3094 2739 3163 participatione
2770 3095 2841 3148 dii
2870 3095 3001 3150 ﬁunt
3027 3095 3183 3167 longe
3213 3107 3297 3154 est
3326 3101 3616 3169 superior:

320 3193 440 3250 ἀλλ’
465 3195 528 3250 οὐ
561 3199 682 3259 τοῖς
711 3195 865 3250 κατὰ
901 3198 1161 3269 μετοχὴν.

1995 3184 2283 3279 :ejusdem
2311 3199 2440 3256 ergo
2468 3194 2676 3241 naturae
2729 3184 2834 3240 erit
2863 3200 2983 3241 cum
3031 3185 3211 3255 Patre,
3271 3205 3378 3245 non
3437 3203 3616 3250 autent

2042 3290 2165 3329 cum
2198 3284 2263 3330 iis
2293 3284 2385 3346 qui
2435 3284 2778 3346 participant.

1021 3394 1224 3452 AAAO.
2723 3390 2955 3448 ALIUD.

381 3528 454 3584 Ei
489 3528 743 3600 μετοχῇ,
776 3524 897 3580 ἀλλ’
936 3525 999 3579 οὐ
1032 3526 1213 3596 φύσει,
1243 3527 1378 3593 Θεὸς
1414 3530 1444 3583 6
1474 3529 1622 3597 Υἱὸς,
1650 3528 1837 3583 πολλοὶ
1873 3530 1931 3584 δὲ

2114 3521 2170 3576 Si
2206 3523 2638 3593 participatione,
2670 3538 2774 3580 non
2840 3533 3020 3580 autem
3065 3534 3281 3592 natura,
3326 3528 3438 3599 83
3472 3527 3620 3585 Deus

314 3624 363 3678 ιι
415 3621 571 3676 κατὰ,
629 3618 880 3691 μετοχὴν
931 3619 1081 3686 θεοὶ,
1133 3620 1287 3675 οὐδὲν
1327 3621 1435 3693 ἄρα
1478 3621 1764 3686 πλεονάζει
1821 3620 1932 3674 τῶν

2040 3622 2122 3669 est
2182 3613 2373 3681 Filius,
2408 3614 2563 3669 multi
2598 3629 2728 3671 vero
2756 3624 2883 3669 sunt
2911 3614 3330 3685 participatione
3354 3619 3449 3682 dii,
3482 3618 3615 3672 nihil

314 3712 539 3768 ⁴κολλῶν
569 3712 657 3775 εἰς
688 3708 974 3781 ὑπεροχὴν
1000 3710 1213 3773 οὐσίας.
1243 3711 1308 3764 Ei
1338 3711 1395 3765 δὲ
1420 3712 1497 3782 μὴ
1522 3710 1677 3765 ἔσται
1704 3712 1926 3783 μετοχῇ,

2042 3707 2226 3777 itaque
2245 3707 2507 3777 dignitate
2525 3708 2779 3764 essentia:
2805 3706 2928 3762 aliis
2944 3709 3234 3762 antecellit.
3269 3709 3325 3763 Si
3344 3723 3473 3764 vero
3507 3724 3614 3764 non

314 3806 399 3859 ὅττι
430 3804 547 3857 τῶν
574 3800 726 3855 κατὰ
757 3800 998 3872 μετοχὴν
1027 3801 1192 3867 αὑτός
1216 3803 1332 3856 ἔστι
1358 3803 1609 3874 ποιητὴς,
1639 3805 1738 3874 τῆς
1761 3802 1933 3872 αὐτῆς

2040 3798 2456 3867 participatione
2482 3799 2619 3871 (ipse
2639 3798 2784 3880 enim
2816 3807 2898 3854 est
2919 3799 3160 3853 omnium
3184 3799 3276 3868 qui
3291 3799 3616 3870 participant

314 3901 431 3972 ἄρα
484 3894 713 3965 φύσεως
764 3890 923 3948 ἔσται
972 3892 1052 3965 τῷ
1112 3893 1311 3967 Πατρὶ,
1359 3893 1476 3949 ἀλλ’
1520 3893 1582 3947 οὐ
1626 3895 1737 3957 τοῖς
1787 3890 1933 3947 κατὰ

2039 3890 2559 3962 creator),ejusdem
2592 3891 2756 3962 igitur
2779 3894 2884 3948 erit
2910 3902 3118 3951 natura:
3151 3910 3271 3950 cum
3302 3893 3482 3961 Patre,
3510 3910 3615 3949 non

318 3990 588 4065 μετοχὴν-

2037 3995 2161 4038 cum
2190 3982 2260 4039 iis
2293 3985 2385 4054 qui
2408 3982 2755 4054 participant.

1020 4096 1228 4152 AAAO.
2554 4136 2561 4145 .
2709 4094 2942 4150 ALIUD.

396 4222 462 4275 El
503 4220 665 4274 πᾶσα
694 4216 861 4273 οὐσία
899 4210 1118 4282 λογικὴ,
1150 4209 1213 4263 οὐ
1262 4207 1411 4281 μόνῳ
1453 4206 1534 4278 τῷ
1568 4207 1765 4276 θέλειν,
1794 4206 1934 4262 ἀλλὰ

2113 4209 2171 4265 Si
2201 4208 2378 4265 omnis
2404 4207 2641 4264 essentia
2674 4207 2972 4275 rationalis,
3004 4223 3110 4265 non
3156 4208 3438 4267 voluntate
3468 4212 3614 4282 sola,

313 4313 425 4367 καὶ
450 4311 534 4381 τῷ
565 4310 823 4380 ἐνεργεῖν
851 4304 947 4359 καὶ
990 4303 1222 4374 πάσχειν
1258 4301 1605 4373 δημιουργεῖ,
1642 4299 1778 4371 μόνη
1812 4300 1870 4353 δὲ
1894 4302 1929 4372 ἡ

2040 4302 2135 4357 sed
2164 4301 2375 4371 agendo
2395 4308 2451 4355 et
2477 4299 2733 4369 patiendo
2756 4309 3015 4369 operatur
3048 4317 3064 4354 :
3091 4300 3204 4357 sola
3222 4311 3416 4359 autem
3462 4305 3615 4376 inge-

319 4403 634 4475 ἁγέννητος
669 4399 835 4454 οὐσία
858 4396 938 4468 τῷ
965 4395 1144 4450 θέλειν
1170 4392 1264 4448 καὶ
1297 4393 1372 4465 μὴ
1401 4392 1653 4464 πάσχειν,
1678 4392 1848 4447 θέλων
1873 4394 1932 4447 δὲ

2040 4396 2152 4450 uita
2188 4393 2424 4450 essentia
2458 4392 2690 4450 volando
2722 4401 2906 4449 etnon
2931 4394 3183 4465 patiendo
3216 4409 3234 4450 :
3268 4397 3459 4453 volens
3482 4412 3609 4454 vero

321 4498 421 4551 καὶ
458 4496 539 4567 μὴ
585 4492 823 4563 πάσχων
856 4487 1185 4560 δημιουργεῖ
1211 4487 1241 4539 6
1272 4484 1421 4548 Υἱὸς,
1459 4483 1560 4555 τῆς
1603 4485 1663 4537 ὲν
1709 4483 1929 4555 θελήσει

2040 4499 2095 4545 et
2124 4503 2228 4544 non
2261 4487 2473 4559 patiens
2513 4495 2773 4558 operatur
2812 4487 3016 4556 Filius;
3049 4489 3169 4559 ejus
3196 4504 3327 4562 ergo
3365 4494 3616 4548 essentia;

326 4590 467 4661 μόνῃ
499 4581 963 4658 δημιουργούσης
1010 4577 1201 4640 οὐσίας
1248 4575 1423 4642 ἐστὶν,
1474 4574 1590 4628 ἀλλ’
1617 4575 1678 4627 οὐ
1705 4575 1806 4645 τῆς
1838 4576 1932 4628 ἐν·

1991 4581 2260 4652 )estqua:
2291 4579 2569 4635 voluntate
2605 4579 2722 4635 sola
2769 4589 3049 4648 operatur,
3107 4596 3213 4635 non
3265 4595 3361 4651 per
3404 4581 3612 4651 passio-

323 4678 602 4752 εργούσης
628 4672 780 4729 κατὰ
806 4670 1008 4735 πάθος.
2036 4688 2179 4730 nem,

1021 4781 1227 4836 ΔΛΛΟ.

2699 4781 2929 4838 ALIUD.

388 4909 455 4963 Et
495 4907 612 4962 πᾶν
662 4903 727 4957 τὸ
769 4900 1045 4970 γεννῆσαν
1084 4896 1145 4952 οὐ
1188 4894 1365 4959 νόθον,
1416 4892 1705 4963 ὀμοοὺσιον
1752 4892 1932 4964 ἑαυτῷ

2108 4899 2163 4954 Si
2194 4897 2455 4970 quidquid
2483 4899 2669 4971 genuit
2697 4914 2803 4954 non
2842 4896 3111 4969 spurium,
3149 4898 3616 4956 consubstantiale

325 5001 655 5072 γεγέννηκε,
690 4994 997 5065 γεγέννηκε
1043 4989 1099 5044 δὲ
1142 4990 1171 5043 6
1199 4987 1332 5051 Θεὸς
1361 4985 1454 5040 τὸν
1481 4986 1762 5059 Μονογενῆ
1781 5025 1797 5049 ,
1832 4986 1934 5040 οὐκ

2035 4991 2140 5046 sibi
2166 4992 2265 5062 ipsi
2298 4992 2502 5060 genuit,
2528 4991 2671 5047 Deus
2693 4997 2873 5046 autem
2901 4989 3086 5061 genuit
3111 4989 3481 5061 Unigenitum,
3504 5004 3612 5044 non

330 5090 451 5145 ὕντα
477 5088 673 5153 νόθον,
717 5083 1010 5156 ὁμοούσιον
1039 5078 1148 5150 ἄρα
1187 5076 1364 5148 ἑαυτῷ
1390 5075 1740 5146 γεγέννηκεν.
1775 5075 1839 5129 Εἰ
1874 5074 1932 5128 δὲ

2037 5084 2318 5154 spurium;
2350 5081 3013 5156 ergofconsubstantialem
3043 5081 3145 5138 sibi
3168 5082 3374 5153 genuit.
3402 5080 3463 5136 Si
3491 5080 3616 5153 qui-

335 5182 487 5247 γιννᾷ
546 5177 685 5251 μὲν,
720 5173 878 5230 νόθον
910 5173 968 5226 δὲ
994 5170 1264 5241 γεννήσας
1295 5169 1358 5223 οὗ
1389 5167 1709 5237 γεγέννηκε.
1737 5168 1933 5240 Χεῖρον

2035 5176 2160 5233 dem
2191 5175 2385 5247 gignit,
2413 5176 2507 5232 sed
2537 5177 2783 5247 spuriunt
2814 5174 3167 5245 gignensnon
3195 5172 3399 5244 genuit.
3457 5170 3616 5242 Pejus

339 5271 432 5345 γῖιρ
454 5272 524 5327 τὸ
556 5267 725 5341 παρὰ
759 5265 924 5336 φύσιν
948 5260 1046 5318 τοῦ
1079 5261 1324 5333 μηδόλως
1351 5258 1736 5330 γεγεννῆσθαι.

2037 5266 2182 5324 enim
2214 5278 2295 5324 est
2330 5277 2530 5342 prater
2557 5277 2807 5323 naturam
2834 5281 2977 5332 esse,
3013 5282 3174 5336 quam
3221 5265 3275 5321 in
3301 5263 3615 5320 universum

1874 5365 1889 5373 ‘
2039 5360 2282 5429 genitum
2314 5373 2418 5413 non
2446 5371 2586 5414 esse.
2664 5418 2688 5429 κ

1019 5470 1223 5524 ΑΛΛΟ.

2710 5469 2938 5527 ALIUD.

392 5591 459 5650 Et
506 5592 607 5648 τδν
661 5587 950 5659 Μονογενῆ
1024 5584 1293 5657 γεννήσας
1341 5584 1371 5636 6
1426 5581 1559 5646 Θεὸς
1606 5582 1701 5636 καὶ
1744 5583 1934 5655 Πατὴρ

2109 5587 2165 5642 Si
2198 5602 2319 5643 cum
2356 5584 2500 5642 Deus
2548 5599 2612 5639 ac
2640 5583 2800 5640 Pater
2837 5582 3183 5653 Unigenitum
3231 5583 3417 5654 genuit
3465 5583 3620 5651 longe

328 5690 663 5761 κρειττόνως
704 5682 870 5755 ἡμῶν
924 5679 1226 5750 γεγέννηκε
1252 5717 1267 5741 ,
1317 5675 1616 5744 γεννῶντες
1665 5675 1722 5729 δὲ
1770 5677 1934 5746 ἡμεῖς

2037 5677 2412 5749 praestantiore
2443 5674 2602 5730 modo
2644 5689 2806 5744 quam
2834 5690 2934 5730 nos
2957 5674 3175 5745 genuit;
3209 5690 3308 5729 nos
3340 5688 3468 5728 vero
3495 5686 3617 5726 cum

329 5777 773 5849 προϋπάρχομεν
803 5772 915 5825 τῶν
943 5769 1386 5841 γεγεννημένων,
1414 5769 1549 5835 Θεὸς
1591 5770 1699 5841 ἄρα
1727 5770 1933 5840 γεννῶν

2039 5778 2364 5839 generamus
2415 5764 2626 5831 priores
2676 5776 2834 5831 quam
2878 5765 2969 5832 qui
3016 5779 3085 5821 ex
3124 5764 3278 5820 nobis
3328 5764 3620 5833 gignuntur

330 5870 389 5922 οὐ
446 5867 832 5943 προῦπάρχει.
887 5863 953 5917 Ei
1001 5863 1061 5917 δὲ
1114 5862 1379 5926 ὡσαύτως
1422 5864 1554 5934 ἡμῖν
1602 5864 1932 5934 γεγέννηκεν

2038 5858 2386 5926 exsistimus;
2416 5853 2561 5911 Deus
2580 5866 2710 5926 ergo
2729 5853 2921 5910 Filium
2941 5855 3167 5931 gignens
3194 5855 3341 5922 prior
3364 5856 3480 5923 ipso
3508 5865 3613 5904 non

654 5963 933 6025 PATROL.
982 5960 1099 6023 Gn.
1150 5959 1375 6021 LXXV.
2809 6022 2812 6025 λ
3230 5948 3266 6010 5
