4106 6440
487 421 594 479 159

1488 407 1545 462 S.
1585 396 1858 456 CYRILLI
1900 388 2371 447 ΑιΕλΑΝοῐιιΝι
2411 389 2734 445 ARCIIIEP.

3667 390 3773 446 *ΗΘ

481 534 730 595 πειειὶιει.
759 532 816 591 Si
849 540 1030 590 autem
1059 529 1202 587 Deus
1237 525 1352 599 pari
1382 497 1594 577 ratione
1622 529 1726 585 qua
1753 525 1876 577 nos,
1914 507 2089 581 gignit

2224 509 2324 564 οὐκ
2358 510 2423 564 ἂν
2457 509 2567 580 γὰρ
2600 511 2740 563 είποι
2773 525 2857 574 τις
2889 508 3164 582 ἡττόνως)
3186 550 3201 575 ,
3234 507 3515 581 γεννῶμεν
3539 510 3584 564 δ⁹
3611 513 3774 582 ἡμεῖς

485 631 682 702 (nemo
720 629 868 683 enim
903 623 1104 681 dixerit
1135 619 1410 676 deteriore
1436 610 1595 668 modo
1628 607 1777 663 illum
1812 601 2080 673 gignere),

493 737 596 779 nos
639 735 858 778 veroex
884 726 1067 775 nostra
1125 717 1363 786 ipsorum
1416 703 1719 763 substantia
1772 698 2080 769 gignimus:

494 819 642 874 Deus
671 819 855 886 itaque
920 812 1085 868 etiam
1135 823 1202 863 ex
1246 819 1344 861 sua
1390 801 1560 872 ipsius
1598 795 1836 853 essentia
1877 791 2082 862 genuit.

493 882 1260 977 Quocirea-consubstantiale
1290 895 1340 951 ei
1372 891 1595 950 omnino
1615 887 1665 943 id
1696 887 1840 957 quod
1876 899 1941 940 ex
1969 882 2086 952 ipso

496 1002 861 1072 genitumest,
888 989 1199 1049 necessario
1233 983 1583 1042 statuendum
1618 989 1720 1034 est.

1168 1098 1403 1158 ALIUD.

570 1226 628 1281 Si
650 1223 892 1281 omnium
913 1225 1291 1275 creaturarum
1334 1209 1571 1267 mundus
1601 1201 1929 1261 universalis
1975 1194 2089 1254 vel.

501 1319 579 1374 uti
622 1330 793 1387 genus
829 1321 950 1378 est,
988 1306 1342 1379 particularia
1371 1316 1503 1357 vero
1535 1307 1662 1355 sunt
1702 1295 1919 1366 generis
1961 1305 2089 1362 spe-

501 1411 636 1474 cies,
670 1408 850 1463 l'actus
907 1412 1089 1459 autem
1146 1408 1228 1455 est
1269 1396 1470 1461 Filius;
1525 1390 1737 1462 species
1789 1387 1956 1457 igitur
2009 1391 2094 1439 cst

506 1503 744 1574 generis,
772 1499 884 1555 hoc
921 1504 1008 1552 est
1043 1492 1253 1549 mundi.
1286 1488 1343 1544 Si
1365 1502 1495 1542 vero
1525 1482 1735 1554 species
1759 1476 1944 1534 mundi
1984 1490 2089 1530 non

501 1594 752 1667 est,quia
813 1593 1072 1647 nimirum
1121 1593 1246 1640 ante
1309 1580 1567 1637 mundum
1627 1571 1858 1634 exstitit,
1919 1580 2094 1638 neque

503 1689 621 1747 iieri
652 1691 833 1760 potest
855 1681 1146 1752 utspecies
1186 1675 1340 1749 prius
1363 1671 1595 1729 exsistat
1621 1679 1785 1738 quam
1819 1673 2094 1734 genus,ex

505 1781 707 1839 mundo
729 1791 954 1851 prorsus
977 1788 1082 1829 non
1107 1768 1371 1837 est.Quod
1400 1764 1446 1821 si
1471 1764 1546 1819 ita
1579 1769 1684 1824 est,
1726 1771 1833 1813 non
1855 1752 2059 1810 mundo
2075 1790 2092 1820 ,

495 1868 854 1933 sed-creatori
883 1864 1072 1922 mundi
1106 1853 1594 1918 consubstantialis
1627 1851 1753 1908 erit.

1183 1968 1420 2026 ALIUD.

568 2097 636 2154 Si
655 2107 856 2152 eorum
894 2102 1017 2161 quae
1046 2093 1196 2152 sunt,
1229 2079 1372 2138 aliud
1419 2085 1504 2134 est
1554 2076 1722 2142 Deus,
1748 2069 1892 2127 aliud
1939 2081 2100 2122 muno

505 2191 625 2257 dus,
659 2182 973 2243 necessario
1012 2178 1180 2235 Filius
1225 2183 1320 2229 aut
1361 2170 1565 2227 mundo
1590 2165 1891 2223 secundum
1921 2169 2102 2240 ortum

505 2297 664 2341 suum
718 2275 969 2352 proprius
1040 2271 1166 2338 erit,
1218 2276 1313 2323 aut
1361 2265 1471 2320 Deo
1543 2260 1845 2318 secundum
1898 2238 2101 2310 essen?

505 2376 660 2431 tiam.
692 2343 826 2428 dum
851 2380 982 2423 vero
1003 2362 1206 2439 mundo
1236 2357 1492 2431 proprius
1535 2368 1644 2410 non
1699 2351 1794 2415 sit,
1823 2347 1953 2419 quia
1985 2343 2101 2400 ﬁeri

503 2482 616 2522 tum
677 2468 857 2536 potest
916 2465 974 2512 ut
1019 2437 1310 2525 proprium
1358 2445 1640 2517 aproprio
1705 2449 1943 2498 creetur.
2002 2435 2108 2492 erit

508 2532 696 2628 igitur'
729 2547 963 2608 creatori
1011 2543 1198 2601 mundi
1241 2540 1354 2596 Deo
1379 2532 1884 2595 consubstantialis.

888 2668 1473 2767 ASSERTIO
1537 2669 1724 2756 XI.

513 2833 671 2905 Quod
703 2823 1176 2905 consubstantialis
1235 2823 1306 2901 sit
1355 2815 1530 2872 Filius
1563 2813 1768 2905 ΔΡαινὶ,
1819 2827 1883 2865 ea:
1921 2811 2100 2866 dicto.

933 2912 952 2949 α
993 2893 1160 2948 Pater
1194 2891 1372 2962 major
1393 2905 1473 2942 me
1502 2895 1598 2942 est.
1629 2903 1651 2937 ι

943 3007 1067 3082 84
1101 3005 1338 3077 Objectio
1377 2994 1648 3057 Eunomit'.

516 3206 521 3209 _
583 3127 720 3198 Quae
751 3125 963 3207 eadem,
993 3119 1188 3190 inquit,
1221 3114 1526 3173 substantia
1549 3119 1806 3169 constant
1864 3118 1918 3166 et
1965 3107 2112 3179 ejus-

2185 605 2250 656 ἐκ
2283 603 2383 671 τῆς
2412 601 2624 656 ἑαυτῶν
2657 601 2868 668 οὐσίας,
2896 603 2993 656 καὶ
3018 602 3150 666 Θεὸς
3183 602 3292 674 ἄρα
3323 603 3386 655 ὲκ
3430 604 3531 674 τῆς
3575 604 3770 658 ἑαυτοῦ

2186 697 2518 802 γεγέννηκεν
2568 695 2775 759 οὺσίας.
2830 683 3028 766 Διόπερ
3081 695 3366 766 δμοούσιον
3413 695 3564 766 αὐτῷ
3606 695 3668 748 τδ
3715 695 3774 762 ἐξ

2186 785 2352 840 αὑτοῦ
2387 787 2605 850 πάντως
2632 801 2734 839 που
2761 786 2857 839 καὶ⁷
2886 785 3202 857 ἀναγκαίως
3225 784 3471 840 τίθεσθαι
3501 787 3631 856 χρή.

2866 1072 3071 1128 ΑΛΛΟ.

2259 1193 2328 1248 El
2354 1191 2465 1245 τῶν
2495 1186 2791 1262 γενητῶνό
2824 1187 3059 1243 καθόλου
3081 1188 3288 1258 κόσμος
3317 1185 3508 1260 ὥσπερ
3539 1203 3593 1241 τι
3622 1187 3782 1257 γένος

2193 1287 2335 1353 ἐστὶ,
2363 1285 2457 1338 τοῦ
2485 1284 2543 1338 δὲ
2580 1283 2771 1351 γένους
2801 1281 2861 1335 τὸ
2893 1281 3035 1335 κατά
3064 1282 3229 1352 μέρος
3263 1275 3425 1346 εἶδος,
3459 1279 3657 1334 ἔστιδὲ
3687 1296 3782 1349 γε·-

2192 1379 2353 1451 νητδς
2381 1380 2409 1432 ὁ
2443 1378 2605 1444 Υἱὸς,
2646 1372 2785 1440 εἶδος
2824 1375 2937 1447 ἄρα
2979 1375 3099 1430 ἐστὶ
3147 1373 3243 1429 τοῦ
3273 1375 3494 1443 γένους,
3534 1375 3783 1429 τουτέστι

2194 1473 2290 1526 τοῦ
2317 1471 2547 1543 κόσμου.
2582 1471 2648 1525 Et
2676 1469 2734 1522 δὲ
2763 1469 2838 1541 μὴ
2868 1469 3017 1524 ἔστιν
3045 1463 3186 1532 εἶδος
3218 1467 3312 1522 τοῦ
3335 1467 3568 1538 κόσμου,
3597 1465 3688 1520 διά
3723 1465 3785 1518 τὸ

2195 1566 2290 1620 καὶ
2337 1564 2716 1636 προϋπάρχειν
2764 1562 2966 1626 αὑτοῦ,
3015 1561 3094 1634 τῷ
3158 1561 3234 1633 μὴ
3283 1559 3592 1630 ἐνδέχεσθαι
3653 1575 3788 1628 προ-

2198 1655 2469 1730 ϋπάρχειν
2485 1655 2546 1710 τὸ
2570 1651 2711 1718 εἶδος
2729 1651 2824 1707 τοῦ
2847 1654 3062 1723 γένους,
3079 1652 3202 1707 οὐδὲ
3222 1653 3287 1706 ὲκ
3304 1651 3400 1706 τοῦ
3423 1652 3631 1722 κόσμου
3652 1650 3790 1710 ὅλως

2196 1747 2369 1802 ἐστίν.
2419 1748 2484 1801 Et
2530 1745 2589 1800 δὲ
2636 1743 2819 1810 τοῦτο,
2865 1743 2960 1798 τοῦ
3011 1742 3366 1814 κοσμοποιοῦ,
3415 1740 3532 1797 ἀλλ’
3577 1741 3642 1794 οὑ
3693 1739 3789 1794 τοῦ

2126 1879 2170 1936 Β
2199 1842 2429 1914 κόσμου,
2464 1837 2525 1905 ἐξ
2551 1838 2802 1911 ἀνάγκης
2825 1837 2977 1892 ἔσται
3004 1837 3312 1909 ὁμοούσιος.

2891 1952 3096 2008 ΑΛΛΟ.

2274 2073 2338 2126 Ei
2365 2071 2475 2126 τῶν
2502 2069 2673 2125 ὄντων
2699 2069 2760 2123 τὸ
2794 2068 2892 2140 μὲν
2931 2066 3050 2120 ἐστὶ
3077 2063 3229 2130 Θεὸς,
3278 2063 3338 2117 τὸ
3371 2063 3430 2116 δὲ
3471 2062 3702 2132 κόσμος,
3734 2060 3793 2126 ἐξ

2205 2166 2453 2237 ἀνάγκης
2480 2167 2508 2218 ὁ
2539 2163 2666 2227 Υἱὸς
2695 2163 2728 2234 ἢ
2771 2162 2979 2232 κόσμου
3011 2159 3144 2222 ίδιός
3190 2158 3306 2211 ἐστι
3341 2157 3486 2210 κατά
3512 2155 3614 2226 τὴν
3645 2155 3794 2224 γένε-

2207 2277 2310 2321 σιν,
2344 2260 2377 2331 ἢ
2410 2256 2547 2311 Θεοῦ
2579 2255 2724 2310 κατὰ
2750 2254 2850 2325 τὴν
2889 2251 3097 2307 οὐσίαν.
3140 2248 3361 2320 Ἐπειδὴ
3392 2248 3449 2302 δὲ
3481 2248 3556 2319 μὴ
3583 2248 3793 2317 κόσμου

2209 2353 2342 2416 ἴδιος
2383 2349 2462 2422 τῷ
2499 2349 2574 2422 μὴ
2619 2347 2934 2418 ἐνδέχεσθαι
2975 2346 3035 2398 τὸ
3064 2345 3195 2398 ἴδιον
3229 2342 3340 2396 ὑπὸ
3373 2340 3500 2395 ἰδίου
3526 2341 3793 2411 δημιουρ-

2206 2445 2426 2518 γεῖσθαί
2462 2461 2630 2508 ποτε,
2668 2439 2762 2496 τοῦ
2809 2434 3144 2510 κοσμοποιοῦ
3180 2436 3290 2507 ἄρα
3326 2433 3463 2489 Θεοῦ
3509 2431 3797 2504 ὁμοούσιός

2208 2541 2377 2594 ἐστιν.

2707 2657 3077 2748 ΛΟΓΟΣ
3151 2655 3303 2746 ΙΑ’.

2212 2825 2342 2878 Ὅτι
2389 2821 2736 2904 όμοορσιοςΛ
2757 2821 2822 2904 ὀὴ
2855 2817 2990 2904 Υζός
3022 2813 3357 2904 τῶφηατρίο,
3379 2809 3798 2904 2ειτροκειμένου

2381 2883 2570 2962 ῥῆτοῦ
2590 2908 2603 2922 ε
2629 2910 2647 2944 ι
2686 2883 2738 2942 Ὁ
2769 2883 2974 2956 Πατὴρ
2997 2883 3210 2956 μείζων
3225 2884 3345 2954 μού
3371 2883 3563 2936 ἐστιν.
3597 2898 3618 2932 ι

2484 3005 2807 3068 Ἀντίθεσις
2830 2999 2910 3068 ὡς
2935 3001 3003 3055 ἐκ
3031 2997 3149 3052 τῶν
3176 2996 3500 3066 Εὐνομίου.

2285 3120 2368 3175 Τὰ
2395 3120 2496 3192 τὴν
2541 3118 2711 3188 αὐτὴν
2740 3115 2934 3169 οὐσίαν
2977 3114 3232 3184 λαχόντα,
3273 3109 3462 3180 φησὶν,
3491 3104 3715 3178 ὁμοφυῆ
3747 3122 3804 3160 τι

518 3206 638 3279 dem
666 3228 876 3275 natura:
908 3199 1061 3278 sunt,
1099 3224 1208 3265 non
1238 3203 1510 3276 recipiunt
1550 3205 1603 3259 in
1665 3219 1725 3260 se
1790 3200 2109 3257 naturaliter

2212 3217 2342 3271 ὅντα
2386 3215 2488 3267 οὐκ
2533 3211 2718 3282 έχουσι
2765 3207 2887 3262 καθ’
2938 3204 3147 3260 ἑαυτῶν
3188 3201 3437 3274 φυσικῶς
3484 3200 3546 3254 τὸ
3595 3199 3802 3270 μεῖζον,

518 3315 718 3386 magis,
753 3323 936 3380 neque
975 3297 1197 3361 minus.
1242 3299 1432 3369 Neque
1479 3298 1623 3353 enim
1683 3297 1871 3363 homo,
1904 3294 2114 3348 ratione

521 3407 867 3470 substantiae,
935 3399 1107 3470 magis
1163 3397 1326 3453 homo
1384 3406 1468 3450 εει
1521 3407 1685 3465 quam
1720 3391 1878 3458 alius,
1927 3399 1985 3444 ut
2015 3403 2116 3443 nec

521 3514 694 3575 equus
709 3512 871 3570 equo.
907 3493 964 3550 Si
998 3506 1128 3562 ergo
1158 3488 1331 3546 Filius
1353 3484 1722 3544 dicitPatrem
1762 3497 1822 3538 se
1851 3481 2115 3552 majorem

520 3572 666 3658 esse,
702 3584 1170 3648 consubstantiale
1191 3591 1374 3638 autem
1437 3575 1892 3636 consubstantiali
1941 3572 2118 3643 majus

521 3704 646 3748 esse
668 3701 774 3743 non
805 3691 983 3756 potest
1022 3681 1236 3737 ratione
1278 3674 1634 3740 substantiae;
1670 3687 1778 3727 non
1811 3677 1895 3726 est
1949 3667 2119 3738 igitur

519 3786 573 3840 ei
595 3773 1107 3839 cousubstantialis.

1043 3885 1250 3943 Salutio
1279 3880 1616 3955 objectionis.

593 4010 894 4082 Oportebat
929 4020 1062 4063 sane
1098 4004 1233 4060 istos
1250 3996 1457 4057 Christi
1511 3996 1698 4052 hostes
1753 3990 2118 4060 undequaque

524 4104 807 4160 veritatem
843 4095 1018 4154 sacris
1076 4090 1327 4159 Litteris,
1363 4087 1618 4144 traditam
1672 4082 2023 4151 investigare,
2054 4091 2115 4132 ea

523 4207 648 4267 qua
683 4194 753 4250 de
781 4191 945 4248 Patre
967 4196 1024 4243 et
1051 4185 1193 4242 Filio
1219 4185 1480 4240 dicuntur
1537 4177 1948 4248 expendentes;
2003 4175 2117 4227 'non

526 4298 710 4344 autem
739 4299 838 4356 pro
857 4296 956 4338 sua
987 4277 1214 4336 libidine
1228 4275 1587 4347 syllogismos
1613 4268 1893 4338 etiingere,
1947 4274 2118 4334 atque

527 4385 978 4450 argumentorum
1010 4385 1184 4427 nexus
1207 4366 1546 4437 excogitare.
1581 4360 1638 4416 Si
1671 4359 1815 4414 enim
1839 4355 2121 4412 oﬂendun-

529 4443 624 4527 tur
652 4468 866 4525 dicente
920 4463 1104 4522 Filio:
1139 4479 1158 4513 ι
1190 4458 1354 4515 Pater
1393 4453 1567 4525 major
1617 4464 1705 4505 me
1726 4456 1813 4504 est
1842 4449 1927 4500 ηε
1963 4463 1980 4497 ι
2037 4443 2118 4512 ju-

531 4573 724 4620 ventur
742 4559 1030 4616 audientes
1066 4554 1136 4610 de
1168 4552 1284 4622 ipso
1311 4548 1556 4604 dictum:
1595 4563 1614 4597 ι
1647 4541 1750 4609 Qui
1801 4554 1924 4596 cum
1975 4544 2120 4592 esset

529 4661 588 4714 in
622 4657 794 4711 forma
826 4652 954 4719 Dei,
989 4663 1097 4704 non
1138 4644 1383 4715 rapinam
1429 4637 1728 4694 arbitratus
1769 4641 1855 4687 est
1902 4645 1961 4685 se
2000 4642 2122 4684 esse

531 4750 795 4822 aequalem
822 4747 934 4801 Deo
965 4745 1028 4797 ιδ.
1063 4760 1083 4796 ι
1115 4737 1270 4807 Quod
1297 4737 1354 4792 et
1394 4733 1632 4790 Joannes
1675 4724 2018 4798 apertissime
2044 4721 2125 4776 di-

531 4813 616 4901 cit
640 4862 655 4899 :
693 4861 712 4894 ι
745 4840 883 4908 Quia
905 4836 1127 4891 Patrem
1155 4845 1312 4888 suum
1360 4824 1574 4881 dicebat
1617 4822 1810 4884 Deum,
1860 4813 2123 4886 aequalem

533 4935 775 5007 seipsum
817 4921 1024 4986 faciens
1050 4925 1160 4982 Deo
1191 4921 1263 4976 ³⁷.
1298 4935 1318 4974 ι
1350 4918 1408 4973 Si
1444 4931 1594 4987 ergo,
1627 4913 1782 4984 juxta
1811 4920 2122 4966 sanctorum

535 5000 747 5093 vocem,
779 5019 1009 5094 aequalis
1032 5014 1179 5072 Patri
1213 5020 1321 5078 est,
1353 5021 1588 5080 quonam
1613 5011 1772 5075 pacto
1811 5002 1917 5058 erit
1949 5000 2126 5055 diver-

534 5136 607 5177 sa:
635 5119 704 5175 ab
729 5131 797 5173 eo
823 5104 1183 5170 substantiae?
1225 5101 1484 5159 Dicemus
1503 5097 1648 5152 enim
1696 5095 1777 5150 cis
1812 5094 1974 5150 etiam
2027 5102 2124 5146 nos

530 5211 678 5286 quod
704 5222 828 5282 qua:
852 5209 1062 5259 natura:
1114 5195 1427 5268 aequalitate
1470 5188 1611 5245 inter
1661 5202 1722 5244 se
1773 5183 2124 5249 conveniunt,

535 5278 1028 5361 consubstantialia
1062 5305 1188 5349 esse
1248 5299 1478 5344 necesse
1530 5283 1623 5351 sit,
1668 5278 2124 5353 quemadmodum

537 5400 700 5454 homo
726 5387 958 5457 homini,
983 5394 1038 5442 et
1058 5397 1234 5457 equus
1263 5395 1426 5452 equo.

1145 5571 1156 5576 η
1213 5492 1449 5553 ALIUD.

614 5618 673 5674 In
737 5611 1075 5685 incorporeis
1131 5607 1305 5681 majus
1353 5617 1410 5665 et
1456 5609 1637 5663 minus
1682 5620 1792 5660 non
1822 5603 2125 5673 quantitate

542 5712 906 5776 aestimantur,
936 5719 1225 5779 corporum
1255 5706 1400 5762 enim
1452 5702 1502 5759 id
1534 5700 1821 5774 proprium
1854 5706 1962 5764 est,
2028 5697 2124 5752 sed

615 5869 659 5902 "
683 5868 841 5926 Joan.
877 5881 990 5937 xw,
1030 5868 1121 5927 28.
1201 5869 1247 5902 ¹⁶
1277 5864 1513 5932 Philipp.
1547 5878 1609 5928 ιι,
1633 5859 1686 5917 6.
1765 5859 1809 5893 '7
1837 5857 1994 5915 Joan.
2024 5871 2081 5918 ν.
2114 5855 2204 5911 18.

2217 3308 2331 3364 ἀλλ’
2366 3307 2493 3361 οὔτε
2524 3305 2585 3359 τὸ
2617 3305 2856 3358 ἔλαττον.
2892 3301 2966 3354 Οὐ
2997 3298 3107 3370 γάρ
3149 3297 3354 3370 μείζων
3383 3293 3682 3365 ἄνθρωπος
3718 3293 3806 3347 ἀν-

2220 3402 2439 3474 θρώπου
2468 3399 2614 3454 κατὰ
2649 3399 2740 3451 τὸν
2774 3396 2874 3465 τῆς
2899 3392 3088 3457 οὐσίας
3121 3389 3297 3460 λόγον,
3344 3389 3463 3442 ἀλλ’
3490 3388 3612 3441 οὐδὲ
3648 3388 3808 3448 ἵππος

2220 3496 2388 3548 ἵππου
2435 3490 2622 3561 τυχόν.
2671 3487 2737 3542 Εί
2781 3486 2964 3540 τοίνυν
3025 3480 3222 3537 ἑαυτοῦ
3281 3477 3508 3551 μείζονά
3558 3493 3732 3548 φησιν
3781 3476 3809 3529 6

2218 3587 2348 3649 Υἱὸς
2385 3580 2524 3638 εἶναι
2556 3581 2649 3634 τὸν
2680 3578 2924 3649 Πατέρα,
2953 3573 3242 3644 ὀμοούσιον
3285 3571 3344 3625 δὲ
3391 3569 3689 3642 ὁμοουσίου
3715 3567 3812 3622 οὐκ

2220 3681 2288 3735 ἂν
2322 3679 2408 3748 εἴη
2440 3673 2623 3748 μεῖζον
2656 3671 2800 3727 κατά
2854 3669 2946 3724 τὸν
2987 3667 3088 3739 τῆς
3114 3665 3305 3729 οὐσίας
3349 3663 3528 3734 λόγον,
3559 3661 3670 3717 οὐκ
3707 3661 3814 3732 ἄρα

2216 3769 2505 3844 ὁμοούσιος
2534 3765 2685 3837 αὑτῷ
2722 3766 2891 3818 ἐστιν.

2718 3880 2875 3949 Πρὸς
2905 3878 3084 3933 τοῦτο
3111 3877 3315 3941 λύσις.

2295 4003 2440 4055 Ἔδει
2476 3999 2604 4062 τοὺς
2645 3993 3050 4068 χριστομάχους
3081 3988 3420 4061 πανταχόθεν
3462 3987 3560 4058 τὴν
3607 3985 3666 4041 ἐν
3693 3986 3812 4048 ταῖς

2220 4093 2394 4158 θείαις
2443 4091 2688 4163 Γραφαῖς
2735 4085 2996 4155 ἀλήθειαν
3028 4081 3299 4154 θηρᾶσθαι
3350 4075 3709 4145 σπουδάζειν,
3743 4077 3812 4131 τά

2220 4187 2353 4258 περὶ
2377 4181 2592 4253 Πατρὸς
2611 4179 2707 4234 καὶ
2739 4176 2870 4232 Υἱοῦ
2895 4174 3311 4248 γυμνάζονταςο
3342 4173 3404 4226 οὐ
3433 4171 3570 4243 πρὸς
3601 4170 3706 4236 τὰς
3736 4171 3812 4224 οἱ·

2221 4277 2376 4340 κείας
2411 4273 2608 4346 ἡδονὰς
2639 4272 2853 4335 ιαυτοῖς
2887 4266 3254 4322 ἀναπλάττειν
3279 4259 3704 4332 συλλογισμοὺς,
3719 4261 3814 4316 καὶ

2223 4369 2432 4433 πλοκὰς
2478 4368 2719 4422 ἐπινοεῖν
2759 4363 3052 4436 νοημάτων
3082 4359 3554 4432 διεστραμμένων.
3596 4359 3662 4412 Et
3706 4358 3813 4427 γὰρ

2225 4459 2670 4523 σκανδαλίζονται
2698 4457 2951 4526 λέγοντος
2978 4453 3071 4508 τοῦ
3112 4451 3242 4506 Υἱοῦ
3263 4467 3278 4484 ·
3325 4471 3346 4504 ι
3387 4450 3449 4504 ὐ
3478 4449 3678 4522 Πατήρ
3711 4463 3813 4520 μου

2150 4566 2196 4622 ι)
2229 4553 2431 4628 μείζων
2474 4552 2574 4624 μού
2615 4552 2787 4614 ἐστιν,
2829 4568 2848 4601 ι
2887 4545 3307 4617 ὠφελείσθωσαν
3349 4543 3648 4606 ἀκούοντες
3687 4540 3816 4612 περὶ

2226 4645 2394 4702 αὑτοῦ
2416 4662 2429 4675 ·
2463 4663 2480 4695 ι
2497 4645 2592 4706 Ὃς
2624 4644 2682 4696 ὲν
2716 4643 2898 4713 μορφῇ
2924 4637 3060 4692 Θεοῦ
3087 4638 3370 4707 ὑπάρχων,
3396 4635 3495 4706 οὐχ
3515 4633 3817 4707 ἁρπαγμὸν

2227 4735 2473 4804 ἡγήσατο
2519 4731 2579 4785 τὸ
2614 4726 2754 4784 εἶναι
2803 4729 2896 4782 ῐσα
2939 4726 3080 4799 Θεῷ.
3116 4745 3134 4779 ι
3173 4727 3237 4779 Ὃ
3267 4725 3332 4797 δὴ
3363 4726 3671 4796 τρανότατα
3723 4723 3817 4778 καὶ

2241 4829 2494 4898 Ἰωάννης
2522 4825 2686 4896 φησίν
2709 4841 2722 4855 ⁸
2762 4823 2916 4877 «Ὅτι
2943 4819 3166 4888 Πατέρα
3197 4817 3328 4873 ἴδιον
3357 4817 3510 4887 ἔλεγε
3540 4817 3633 4871 τὸν
3657 4815 3814 4880 Θεὸν,

2229 4923 2345 4976 ἴσον
2392 4919 2584 4976 ἑαυτὸν
2635 4916 2805 4971 ποιῶν
2847 4914 2924 4984 τῷ
2952 4912 3090 4983 Θεῷ.
3132 4933 3150 4964 ι
3194 4912 3258 4987 Et
3288 4911 3502 4979 τοίνυν,
3539 4909 3685 4964 κατά
3717 4907 3817 4980 τὴν

2229 5014 2338 5068 τῶν
2372 5013 2544 5082 ἀγίων
2575 5011 2790 5082 φωνὴν,
2821 5010 2880 5060 ὲν
2918 5005 3127 5077 ἰσότητι
3155 5004 3251 5058 τοῦ
3286 5001 3501 5075 Πατρός
3529 5004 3669 5068 ἐστι,
3700 4999 3818 5063 πῶς

2231 5108 2382 5162 ἔσται
2424 5105 2562 5178 πρὸς
2591 5102 2756 5159 αὑτὸν
2781 5099 3154 5170 ὲτεροούσιος;
3199 5097 3466 5168 Ἐροῦμεν
3494 5095 3604 5165 γὰρ
3633 5093 3819 5154 αὐτοῖς

2232 5202 2326 5256 καὶ
2357 5201 2520 5272 ἡμεῖς
2549 5199 2632 5252 ὅτι
2667 5195 2736 5250 τὰ
2771 5195 2981 5264 ίσότητι
3009 5193 3150 5265 πρὸς
3175 5189 3382 5262 ἄλληλα
3425 5185 3673 5258 φυσικῶς
3705 5183 3820 5238 κεί-

2235 5310 2375 5364 μενα
2408 5291 2562 5344 ἔσται
2589 5287 2806 5352 πάντως
2849 5285 2946 5340 καὶ
2978 5283 3242 5356 δμοούσια
3261 5299 3275 5312 ·
3310 5279 3500 5352 ῶσπερ
3529 5275 3820 5348 ἄνθρωπος

2232 5383 2526 5456 ἀνθρώπῳ,
2552 5379 2649 5436 καὶ
2677 5380 2842 5443 ἵππος
2871 5379 3043 5450 ἵππῳ.

2904 5485 3112 5544 ΛΛΛΟ.

2317 5608 2442 5662 Ἐπὶ
2472 5605 2579 5660 τῶν
2608 5604 2916 5677 ἀσωμάτων
2966 5601 3028 5656 τὸ
3065 5599 3252 5672 μεῖξον
3285 5597 3379 5652 καὶ
3419 5597 3478 5652 τδ
3503 5594 3726 5650 ἔλαττον
3755 5588 3817 5643 οὐ

2238 5695 2460 5770 μεγέθει
2507 5695 2776 5768 κρίνεται,
2827 5692 3099 5766 σωμάτων
3137 5689 3245 5762 γὰρ
3282 5688 3414 5743 ἴδιον
3459 5684 3648 5751 τοῦτο,
3682 5677 3819 5734 ἀλλὰ
