4106 6432
462 398 566 454 145

1084 575 1088 578 ι
1149 499 1380 555 ALlUD.

493 677 496 682 .
529 625 660 690 Qua:
691 619 934 689 ejusdem
972 615 1293 673 substantiae
1324 619 1450 667 sunt
1482 618 1538 665 et
1579 619 1827 674 naturae,
1873 606 2050 676 magis

458 715 625 770 etiam
666 711 887 784 proprie
912 710 1058 764 inter
1087 721 1147 762 se
1180 703 1416 759 conferri
1447 709 1706 771 possunt;
1740 715 1860 770 qua:
1921 712 2052 754 vero

462 809 535 861 ita
564 818 686 860 sese
712 819 823 858 non
856 802 1078 863 habent,
1105 797 1198 851 sed
1223 794 1455 848 diversae
1485 801 1700 846 natura:
1719 800 1867 852 sunt,
1888 799 2051 860 atque

457 913 522 953 ea
559 899 626 952 de
654 908 819 952 causa
844 890 1166 949 diversitate
1196 884 1439 956 quadam
1472 883 1618 939 inter
1651 897 1712 938 se
1770 882 2049 948 distincta,

461 987 763 1060 comparari
811 982 914 1040 sibi
956 980 1188 1036 invicem
1241 993 1349 1032 non
1387 983 1639 1046 possunt.
1690 972 1878 1042 Neque
1903 972 2051 1027 enim

461 1084 750 1152 quisquam
771 1077 876 1133 nisi
899 1073 1091 1146 judicii
1119 1073 1300 1140 inops,
1327 1068 1563 1124 hominis
1595 1063 2055 1134 naturam-inqui-

460 1189 587 1232 rens
612 1174 778 1238 dicat,
808 1169 1002 1225 bovem
1028 1165 1252 1223 homine
1279 1162 1549 1233 majorem
1577 1173 1724 1224 esse,
1764 1166 1858 1211 aut
1888 1156 2052 1211 vicis-

459 1267 560 1322 sim
576 1265 728 1321 buvis
747 1271 1000 1318 naturam
1041 1272 1208 1316 nosse
1237 1255 1448 1317 volens,
1480 1252 1624 1307 dicat
1652 1249 1930 1307 hominem
1980 1263 2058 1323 εο⁹

460 1359 720 1428 majorem
750 1370 892 1410 esse.
941 1352 1072 1420 Qua:
1116 1350 1257 1405 enim
1291 1346 1534 1416 ejusdem
1569 1353 1779 1398 uaturte
1819 1356 1886 1397 ac
1925 1355 2052 1411 spe-

459 1451 561 1506 ciei
589 1458 736 1514 sunt,
765 1456 823 1501 ιιι
851 1447 1054 1501 dictum
1082 1451 1186 1507 est,
1220 1456 1280 1494 ea
1309 1437 1596 1494 commode
1630 1446 1868 1505 apteque
1911 1433 2056 1488 inter

459 1541 916 1599 seconferuntur.
955 1539 1012 1592 Si
1055 1537 1239 1604 itaque
1267 1532 1570 1596 confertur,
1595 1529 1892 1585 secundum
1937 1541 2054 1592 vos,

459 1635 634 1691 Filius
658 1649 780 1688 cum
801 1631 982 1694 Patre,
1019 1629 1230 1683 ratione
1263 1623 1486 1694 majoris
1519 1632 1576 1678 et
1629 1621 1880 1685 minoris,
1921 1636 2057 1674 con-

459 1723 837 1784 substantialis
865 1731 1016 1778 certe
1041 1735 1216 1790 neque
1249 1717 1504 1772 diversus
1531 1715 1600 1770 ab
1629 1729 1694 1769 eo
1752 1713 1881 1768 erit.
1912 1713 2057 1767 Con-

458 1813 814 1872 suhstantiale
843 1823 1024 1868 autem
1056 1826 1162 1864 non
1199 1817 1378 1879 potest
1443 1803 1904 1862 consubstantiali
1943 1817 2057 1856 ma-

1459 377 1516 433 S.
1561 372 1838 433 CYRILLI
1879 367 2354 427 ALEXANDRINI
2394 364 2719 423 ARCHIEP.

3650 368 3748 424 N6

2845 485 3052 541 ΑΔΔΟ.

2227 601 2310 654 Τὰ
2337 601 2438 671 τῆς
2478 601 2650 672 αὐτῆς
2693 600 2882 664 οὐσίας
2925 599 3058 652 ὄντα
3108 597 3203 650 καὶ
3251 597 3469 666 φύσεως
3510 597 3605 651 καὶ
3649 599 3748 670 τὴν

2157 695 2296 766 πρὸς
2325 694 2532 763 ἄλληλα
2580 694 2871 764 σύγκρισιν
2901 690 3246 763 κυριωτέραν
3295 691 3635 762 ἐπιδέχεταιο
3680 704 3748 746 τα

2152 787 2209 840 δὲ
2243 787 2318 858 μὴ
2343 786 2512 850 οὕτως
2543 786 2756 857 ἔχοντα,
2789 783 3060 856 έτεροφυῆ
3084 783 3141 837 δὲ
3164 783 3316 848 ὅντα,
3338 783 3436 837 καὶ
3465 783 3554 836 διὰ
3591 782 3750 837 τοῦτο

2152 880 2466 951 τεμνόμενα
2523 879 2656 951 πρὸς
2713 877 3142 948 ἀλλοτριότητα,
3199 877 3300 930 οὐκ
3359 876 3427 931 ἂν
3495 875 3750 948 ἀλλήλοις

2161 975 2510 1044 συγκρίνοιτο
2530 990 2544 1003 ·
2574 971 2903 1027 ἀπαιδευσία
2939 972 3049 1044 γὰρ
3081 970 3241 1024 τοῦτό
3283 987 3368 1040 γε.
3403 971 3493 1024 -Οὐ
3524 970 3634 1042 γὰρ
3684 970 3752 1024 ἄν

2155 1081 2240 1126 τις
2271 1064 2414 1117 εἴποι
2439 1064 2563 1117 νοῦν
2597 1063 2754 1134 ἔχων,
2784 1062 3010 1132 μείζονα
3032 1061 3128 1115 τοῦ
3153 1061 3444 1132 ἀνθρώπου
3480 1062 3573 1115 τὸν
3597 1060 3748 1132 βοῦν,

2163 1156 2263 1227 τὴν
2293 1155 2583 1226 ἀνθρώπου
2609 1155 2772 1225 φύσιν
2802 1153 3074 1226 έρευνῶνο
3108 1154 3217 1208 οὐδ’
3247 1149 3316 1209 αὖ
3351 1153 3514 1208 πάλον
3533 1155 3634 1226 τὴν
3655 1153 3751 1209 τοῦ

2165 1249 2285 1320 βοὸς
2311 1249 2576 1320 ἐκμαθεῖν
2609 1249 2871 1320 βούλοιτο,
2892 1247 3117 1320 μείζονα
3132 1248 3325 1302 τούτου
3351 1248 3442 1303 τὸν
3463 1248 3752 1320 ἄνθρωπον

2155 1344 2325 1413 λέγοι.
2360 1343 2443 1397 Τὰ
2471 1342 2581 1414 γὰρ
2619 1344 2833 1413 ὁμοφυῆ
2866 1358 2927 1394 τε
2958 1342 3054 1394 καὶ
3083 1340 3305 1410 ὁμοειδῆ
3332 1379 3346 1405 ,
3389 1340 3645 1412 καθάπερ
3676 1341 3754 1393 εῖ-

2161 1451 2348 1506 ρηται,
2382 1433 2483 1505 τὴν
2513 1432 2648 1504 πρὸς
2677 1431 2884 1502 ἄλληλα
2912 1429 3206 1502 σύγκρισιν
3238 1430 3536 1484 ἀκόλουθόν
3559 1447 3620 1483 τε
3655 1432 3755 1483 καὶ

2163 1525 2480 1597 πρέπουσαν
2510 1525 2646 1596 ἔχει.
2677 1525 2741 1577 Ei
2779 1524 2962 1578 τοίνυν
2993 1525 3381 1596 συγκρίνεται,
3418 1525 3543 1579 καθ’
3574 1525 3754 1595 ὑμᾶς,

2155 1620 2186 1672 6
2212 1619 2340 1683 Tib;
2367 1619 2446 1690 τῷ
2477 1619 2654 1689 Πατρὶ
2682 1617 2824 1672 κατὰ
2853 1617 2914 1670 τὸ
2949 1615 3136 1688 μεῖζον
3161 1619 3256 1672 καὶ
3290 1618 3533 1683 ἔλαττον,
3558 1618 3757 1689 ὁμοού-

2161 1733 2276 1780 σιος
2315 1716 2425 1787 ἄρα
2457 1714 2550 1768 καὶ
2573 1715 2674 1768 οὐκ
2705 1713 2986 1786 ἀλλότριος
3015 1712 3182 1768 αὐτοῦ
3217 1705 3386 1768 ἐστιν.
3433 1712 3757 1785 τΟμοούσιον

2161 1804 2220 1857 δὲ
2246 1802 2536 1873 όμοουσίου
2565 1803 2666 1856 οὐκ
2697 1801 2764 1856 ἂν
2791 1804 3002 1872 γένοιτο
3033 1803 3218 1874 μεῖζον
3239 1803 3348 1856 καὶ-
3365 1802 3588 1856 ἔλαττον
3611 1803 3759 1856 κατὰ

453 1908 545 1975 jus
568 1915 660 1960 aut
680 1906 858 1959 minus
895 1917 1018 1960 esse
1044 1901 1256 1956 ratione
1279 1897 1602 1955 substantia:
1639 1913 1656 1952 :
1695 1911 1882 1967 neque
1909 1895 2054 1950 enim

2160 1898 2253 1951 τὸν
2283 1897 2384 1968 τῆς
2417 1896 2606 1958 οὐσίας
2634 1897 2790 1966 λόγον
2821 1915 2832 1926 ο
2863 1897 2924 1949 οὐ
2957 1896 3065 1968 γὰρ
3094 1895 3298 1968 μείζων
3326 1896 3614 1966 ἄνθρωπος
3658 1897 3758 1950 ιίιιν⁴

461 2002 626 2055 homo
656 1999 873 2053 homine
903 1995 1078 2066 tnajor
1103 2004 1209 2057 εει,
1235 2003 1509 2063 quatenus
1545 1991 1703 2047 homo
1727 2001 1829 2044 est.
1855 1989 2058 2060 Equa-

459 2091 527 2147 lis
560 2090 725 2161 igitur
754 2097 838 2144 est
867 2099 920 2143 et
945 2086 1430 2143 consubstantialis
1498 2083 1642 2138 Patri
1716 2082 1924 2147 Filius;
1971 2098 2058 2136 ra-

461 2186 608 2241 tione
632 2199 763 2240 vcro
792 2180 1183 2237 incarnationis
1216 2178 1490 2234 credimus
1524 2175 1736 2231 Patrem
1769 2174 2040 2242 majorem

460 2293 490 2332 a
522 2277 659 2332 Filio
690 2274 1214 2342 vocatum.Quando
1229 2273 1376 2328 enim
1396 2269 1794 2326 humanitatem
1810 2283 2058 2339 assump-

461 2369 703 2438 sit,'tum
728 2367 897 2423 etiam
934 2374 993 2419 ut
1023 2366 1185 2420 homo
1216 2365 1319 2419 hoc
1354 2363 1518 2419 dixit.

1138 2476 1372 2535 ALIUD.

529 2595 877 2666 Quaecunque
906 2594 1122 2664 proprie
1161 2596 1630 2662 comparationem
1661 2591 1802 2647 inter
1860 2605 1919 2646 se
1961 2589 2058 2644 ad-

462 2689 709 2754 mittunt,
740 2686 1230 2743 consubstantialia
1259 2687 1425 2741 etiam
1479 2697 1605 2740 sunt
1639 2704 1652 2737 :
1703 2685 1864 2740 homo
1907 2683 2056 2738 enim

465 2781 694 2846 homini,
735 2789 789 2836 et
816 2794 993 2849 equus
1021 2792 1162 2847 equo
1197 2777 1501 2832 confertur.
1554 2774 1872 2829 Diﬂ'erentia
1929 2789 2059 2829 vero

462 2873 649 2945 quaein
681 2872 746 2926 iis
776 2880 998 2940 estqua:
1022 2868 1264 2937 ejusdem
1292 2867 1492 2936 speciei
1521 2877 1670 2931 sunt,
1714 2866 1769 2920 in
1800 2865 2057 2920 acciden-

463 2964 609 3018 tibus
644 2961 937 3027 consistit;
985 2969 1148 3029 atquc
1197 2957 1330 3026 haec,
1373 2954 1778 3026 utplurimum,
1829 2970 1893 3010 ex
1924 2971 2060 3025 .pas-

465 3057 640 3119 sione,
662 3062 759 3108 aut
786 3051 890 3107 alia
927 3051 1184 3121 quapiam
1220 3063 1382 3104 causa
1407 3048 1562 3112 ﬁunt,
1601 3064 1706 3102 non
1730 3048 1799 3102 .in
1849 3049 2060 3103 ratione

463 3143 786 3200 substantia:
814 3143 919 3198 sita
953 3150 1100 3209 sunt,
1128 3142 1195 3196 de
1221 3157 1327 3210 qua
1362 3141 1690 3210 prmdicctur
1711 3142 1927 3212 aliquod
1963 3156 2059 3197 ac-

2161 1988 2406 2060 θρώπου,
2440 1989 2577 2044 καθὸ
2609 1989 2918 2062 ἄνθρωπος.
2957 1991 3102 2053 Ἴσος
3136 1989 3244 2062 ἄρα
3269 1989 3348 2061 τῷ
3379 1991 3556 2061 Πατρὶ
3597 1989 3699 2043 καὶ
3729 1992 3758 2043 6

2160 2083 2288 2146 Υίὺς
2339 2083 2436 2138 καὶ
2479 2083 2804 2153 ὁμοούσιος·
2851 2084 3214 2154 οἰκονομικῶς
3260 2084 3317 2137 δὲ
3368 2082 3620 2154 εἰρῆσθαι
3674 2100 3761 2135 πι-

2165 2175 2434 2247 στεύομεν
2469 2178 2564 2229 ἐπὶ
2599 2153 2696 2230 τοῦ
2747 2177 2961 2249 Πατρὸς
3002 2153 3063 2230 τί)
3107 2176 3311 2248 μεῖζον.
3339 2153 3468 2231 Ὅτε
3516 2175 3626 2248 γὰρ
3669 2177 3758 2230 ὲν-

2164 2269 2540 2340 ανθρωπήσας
2572 2268 2858 2339 φαίνεται,
2891 2270 3016 2322 τότε
3052 2270 3146 2324 καὶ
3177 2267 3334 2324 τοῦτό
3360 2284 3528 2339 φησιν
3550 2268 3626 2332 ὡς
3658 2268 3759 2326 ἆν-

2161 2359 2402 2431 θρωπος.

2837 2477 3022 2532 ΑΛΛΟ
3035 2515 3049 2530 .

2233 2593 2375 2646 Ὅσα
2435 2591 2535 2663 τὴν
2589 2592 2726 2662 πρὸς
2778 2592 2983 2664 ἄλληλα
3033 2591 3325 2662 σύγκρισιν
3373 2592 3580 2665 κυρίως
3639 2594 3766 2646 ἐπι-

2159 2684 2398 2756 δέχεται,
2416 2682 2608 2756 ,ταῦτα
2633 2684 2860 2755 ¹πάντως
2887 2685 3006 2738 ἐστὶ
3027 2686 3121 2738 καὶ
3145 2685 3412 2757 όμοούσια
3429 2701 3444 2716 ⁶
3465 2685 3765 2758 ἄνθρωπος

2160 2775 2270 2846 γὰρ
2303 2773 2579 2848 ἀνθρώπῳ
2605 2815 2620 2841 ,
2664 2777 2760 2830 καὶ
2791 2777 2956 2840 ἵππος
2994 2778 3147 2848 ἵππῳ
3187 2777 3562 2849 συγκρίνεται.
3607 2778 3681 2832 Ἡ
3708 2778 3766 2831 δὲ

2161 2868 2218 2920 ὲν
2243 2869 2356 2931 τοῖς
2382 2867 2653 2938 ὁμοειδέσι
2679 2868 2915 2940 διαφορὰ
2947 2869 3078 2940 περὶ
3107 2869 3178 2922 τὰ
3207 2869 3596 2941 συμϐεϐηκότα
3614 2868 3763 2922 ἐστί’

2163 2959 2256 3014 καὶ
2290 2958 2488 3024 ταῦτα,
2516 2960 2592 3024 ὡς
2619 2961 2712 3013 ὲπὶ
2737 2961 3010 3024 πλεῖστον,
3041 2963 3105 3015 ἐκ
3135 2962 3340 3026 πάθους
3372 2962 3602 3030 γίνεται,
3636 2959 3674 3030 ᾗ
3709 2959 3767 3027 ἐξ

2162 3051 2356 3122 ἐτέρας
2379 3051 2525 3116 τινὸς
2549 3052 2753 3117 αἰτίας,
2785 3053 2886 3106 οὐκ
2918 3054 2976 3107 ἐν
3003 3053 3081 3124 τῷ
3105 3054 3249 3126 λόγῳ
3277 3055 3380 3125 τῆς
3415 3053 3605 3117 οὐσίας
3641 3054 3770 3108 xei.-

2166 3161 2324 3214 μενα,
2353 3143 2476 3198 καθ’
2506 3139 2678 3216 οὗπερ
2725 3144 2792 3198 ἃν
2831 3147 3196 3218 κατηγοροῖτό
3237 3163 3291 3200 τι
3328 3145 3438 3199 τῶν
3489 3143 3767 3217 συμὸεὸησ

462 3239 783 3295 cidentium.
817 3236 891 3294 Ut
933 3235 1167 3306 exempli
1200 3235 1402 3306 gratia,
1443 3235 1606 3290 homo
1663 3237 1881 3290 homine
1938 3250 2055 3290 ma-

2164 3235 2358 3289 κότων.
2392 3231 2518 3289 Οἷον
2547 3237 2682 3308 φέρε
2712 3238 2923 3303 εἰπεῖν,
2969 3237 3260 3307 ἄνθρωπος
3303 3235 3598 3308 ἀνθρώπου
3648 3236 3765 3303 μεί-

457 3331 545 3400 jor
573 3339 679 3398 est,
706 3329 1086 3400 magnitudine
1122 3330 1374 3400 corporis
1400 3338 1456 3385 et
1490 3328 1704 3395 robore,
1729 3328 1895 3383 animi
1919 3344 2060 3398 prae-

463 3423 660 3491 sentia,
703 3422 906 3477 mentis
937 3421 1228 3487 acumine;
1265 3421 1360 3476 sed
1408 3437 1512 3474 una
1534 3421 1787 3476 omnibus
1822 3427 1905 3474 est
1935 3419 2061 3476 sub-

463 3516 679 3571 stantia:
707 3515 872 3577 ratio,
907 3529 1012 3568 non
1043 3528 1170 3568 vero
1201 3513 1498 3583 separatim
1527 3514 1578 3567 in
1628 3513 1857 3584 singulis
1889 3513 2063 3567 diver-

465 3619 544 3658 sa.
593 3602 913 3658 Accidentia
991 3611 1176 3657 autem
1244 3617 1309 3656 ex
1352 3603 1621 3674 .passione
1692 3603 1856 3658 veluti
1916 3603 2063 3657 radi-

465 3711 528 3751 ce
587 3696 910 3777 .oriuutur:
971 3709 1038 3749 ex
1108 3695 1362 3764 passione
1432 3697 1576 3752 enim
1652 3696 1902 3751 infirmus
1967 3696 2056 3764 qui

464 3795 548 3842 est
613 3785 895 3850 infirmus,
981 3795 1037 3839 et
1144 3789 1332 3842 tardus
1416 3787 1687 3843 intellectu
1763 3785 2060 3855 timidoque

465 3877 671 3932 animo.
700 3875 765 3932 Si
798 3891 929 3948 ergo
950 3893 1057 3932 una
1077 3887 1156 3933 est
1181 3887 1376 3934 natura
1405 3880 1706 3948 eademque
1737 3877 2061 3934 substantia:

467 3969 609 4024 ratio
643 3969 710 4025 iis
735 3985 854 4039 quze
872 3971 1092 4040 proprie
1152 3971 1296 4027 inter
1337 3986 1397 4026 se
1433 3970 1738 4039 comparari
1767 3977 2004 4039 possunt
2040 3987 2055 4024 :

462 4076 583 4132 quae
606 4076 734 4117 vero
758 4062 1084 4117 substantiis
1103 4063 1373 4119 accidunt
1407 4077 1474 4116 ex
1521 4061 1778 4132 passione
1808 4060 2060 4117 oriuntur

463 4162 557 4208 aut
580 4169 644 4210 ex
675 4169 739 4209 eo
763 4155 908 4224 quod
952 4170 1060 4211 non
1105 4156 1443 4227 patiuntur:
1487 4162 1838 4224 comparatur
1876 4160 2057 4208 autem

465 4243 634 4300 Filius
659 4243 809 4300 Patri
843 4243 1310 4314 rationemajoris
1339 4253 1395 4300 et
1415 4244 1665 4312 minoris,
1709 4245 1932 4316 ipseque
1961 4259 2059 4298 ex-

467 4347 546 4390 tra
581 4351 799 4392 omnem
830 4339 1140 4407 passionem
1175 4345 1259 4394 cst
1288 4337 1454 4408 (Deus
1486 4339 1631 4391 enim
1687 4337 1794 4406 pati
1825 4353 1934 4392 non
1969 4352 2059 4407 po-

465 4426 616 4496 test),
641 4425 964 4496 nulla'plane
989 4428 1202 4483 ratione
1225 4424 1504 4496 superabit
1529 4423 1696 4480 Pater
1723 4423 1942 4490 Filium,
1962 4425 2055 4496 qni

465 4517 847 4589 ejusdcmcum
879 4535 945 4577 eo
991 4520 1242 4575 essentiae
1281 4528 1385 4586 est,
1425 4518 1718 4588 omnisque
1771 4519 2053 4587 passionis

465 4623 660 4678 expers
691 4619 793 4665 est.
817 4610 928 4681 87
954 4610 1170 4665 Dicitur
1201 4623 1330 4665 vero
1391 4609 1588 4679 major,
1625 4620 1679 4663 ut
1722 4607 2054 4678 principium

463 4703 720 4758 coaeterni
753 4702 1063 4772 geniminis.

481 4812 565 4893 λη
596 4817 762 4877 illud,
801 4835 817 4868 t
859 4817 1018 4872 Pater
1045 4819 1135 4885 qui
1169 4816 1304 4870 misit
1341 4833 1448 4880 me,
1483 4817 1655 4886 major
1681 4831 1760 4869 me
1787 4825 1864 4869 est
1887 4815 1954 4866 ²¹.
1997 4837 2014 4865 ι

910 4992 992 5048 Ex
1023 4993 1310 5061 obiectione
1341 4991 1613 5049 Eunontii.

529 5109 692 5178 Atqui
726 5108 988 5164 Servatur
1014 5108 1132 5177 ipse
1161 5122 1267 5163 non
1297 5109 1552 5170 obscure.
1585 5108 1783 5177 inquit,
1813 5117 1906 5163 aut
1935 5123 2054 5162 am-

464 5199 654 5270 bigue,
690 5203 786 5254 sed
823 5200 1168 5270 apertissime
1205 5199 1422 5254 Patrem
1463 5199 1722 5269 majorem
1763 5215 1823 5255 se
1858 5211 2052 5266 vocat,

463 5303 584 5343 cum
617 5290 749 5345 dicit
785 5308 797 5343 :
837 5309 856 5341 ι
899 5291 1060 5344 l'ater
1087 5291 1179 5358 qui
1214 5290 1366 5345 misit
1400 5305 1518 5355 me,
1555 5288 1731 5360 major
1761 5305 1846 5347 me
1878 5301 1984 5348 est.
2024 5313 2042 5344 ι

466 5380 522 5434 Si
558 5390 737 5436 autem
772 5382 1056 5435 veritatem
1091 5397 1275 5438 verum
1312 5382 1498 5439 dicere
1537 5382 1811 5446 fatemini,
1851 5385 2054 5439 veritas

463 5481 641 5526 autem
681 5471 968 5536 Christus,
1005 5486 1154 5530 certe
1201 5473 1460 5544 majorem
1506 5488 1564 5529 se
1605 5474 1766 5529 habet
1812 5473 2050 5531 Patrem.

464 5562 616 5635 Quod
643 5563 687 5617 si
720 5562 792 5616 ita
821 5576 925 5628 est,
953 5566 1232 5623 dissimilis
1259 5569 1426 5624 etiam
1459 5567 1536 5623 illi
1568 5568 1694 5624 erit.
1722 5569 1795 5624 At
1821 5569 1866 5625 si
1895 5569 2054 5625 dissi-

464 5655 631 5720 milis,
663 5669 767 5709 nou
801 5671 930 5725 ergo
961 5661 1462 5718 consubstantialis.

533 5838 578 5870 “
601 5836 760 5895 Joan.
805 5854 914 5905 XIV,
950 5839 1038 5894 98.

2162 3324 2293 3391 ζων,
2334 3327 2560 3397 μεγέθει
2593 3326 2848 3399 σώματος
2899 3328 2994 3380 καὶ
3045 3326 3228 3398 ίσχύῖ,
3258 3326 3439 3398 ψυχῆς
3470 3329 3764 3399 παραστή-

2165 3437 2319 3491 ματι,
2352 3421 2594 3486 διανοίας
2619 3421 2843 3493 ὀξύτητι
2865 3437 2880 3454 ο
2921 3421 3038 3475 ἀλλ’
3085 3416 3168 3485 εἷς
3216 3421 3318 3492 μὲν
3361 3421 3564 3475 ἅπασιν
3591 3422 3621 3474 6
3657 3421 3761 3491 τῆς

2162 3512 2349 3576 οὐσίας
2393 3512 2574 3580 λόγος,
2623 3513 2718 3567 καὶ
2747 3513 2809 3567 οὐ
2841 3513 3263 3585 μεμερισμένως
3294 3514 3352 3566 ἐν
3383 3513 3600 3581 ἑκάστῳ
3638 3513 3761 3566 διά-

2163 3621 2349 3675 φορος.
2377 3603 2459 3657 Τὰ
2490 3604 2547 3657 δὲ
2588 3604 2977 3675 συμϐεϐηκότα
3013 3604 3171 3675 ῥίζαν
3222 3604 3333 3674 ἔχει
3362 3604 3424 3658 τὸ
3455 3604 3630 3668 πάθος
3652 3621 3669 3636 ·
3697 3606 3765 3657 ἐκ

2163 3694 2374 3758 πάθους
2415 3694 2524 3767 γὰρ
2555 3695 2788 3766 ἀσθενὴς
2836 3699 2864 3750 6
2909 3697 3180 3766 ἀσθενὴς,
3215 3696 3310 3750 καὶ
3354 3699 3382 3750 6
3413 3695 3622 3768 νωθρὸς
3661 3697 3764 3767 τὴν

2160 3786 2424 3854 διάνοιαν,
2455 3787 2551 3841 καὶ
2583 3790 2612 3840 6
2645 3787 2850 3841 δειλίαν
2884 3787 3023 3858 ἔχων
3052 3789 3111 3840 ἐν
3141 3788 3312 3860 ψυχῇ.
3342 3789 3406 3842 Ei
3439 3788 3623 3842 τοίνυν
3661 3789 3762 3859 μία

2165 3880 2264 3948 μὲν
2305 3881 2338 3952 ἡ
2374 3878 2539 3948 φύσις
2570 3880 2666 3934 καὶ
2693 3879 2793 3950 τῆς
2829 3880 3019 3944 οὐσίας
3045 3883 3072 3934 ὁ
3096 3881 3256 3950 λόγος
3279 3883 3307 3934 6
3336 3880 3500 3944 αὐτὸς
3522 3881 3638 3945 τοῖς
3659 3882 3764 3952 τὴν

2164 3971 2303 4042 πρὸς
2331 3971 2538 4042 ἄλληλα
2564 3970 2854 4042 σύγκρισιν
2888 3973 3095 4044 κυρίως
3126 3972 3555 4043 ἐπιδεχομένοις,
3590 3972 3664 4028 τὰ
3699 3972 3763 4026 δὲ

2160 4066 2260 4120 ὅσα
2293 4065 2424 4136 περὶ
2467 4064 2569 4129 τὰς
2601 4065 2790 4130 οὐσίας
2839 4065 2977 4119 sio-1v
3012 4067 3077 4120 ἐκ
3108 4066 3318 4131 πάθους
3365 4065 3578 4136 γίνεται
3622 4067 3658 4138 ἢ
3695 4069 3764 4122 ἐκ

2161 4154 2256 4209 τοῦ
2294 4157 2370 4228 μὴ
2399 4154 2593 4209 παθεῖν
2617 4196 2632 4221 ,
2666 4156 3020 4226 συγκρίνεται
3047 4156 3104 4209 δὲ
3136 4158 3164 4210 6
3191 4157 3320 4218 Υἱὸς
3351 4157 3490 4227 πρὸς
3518 4157 3610 4210 τὸν
3643 4159 3763 4212 Πα-

2159 4248 2296 4319 τέρα
2338 4247 2483 4301 κατὰ
2523 4247 2584 4301 τὸ
2633 4249 2818 4318 μεῖζον
2859 4249 2952 4302 καὶ
2978 4249 3200 4303 ἔλαττον
3231 4249 3625 4321 εἰσφερομένου
3661 4250 3760 4304 τοῦ

2161 4337 2290 4408 περὶ
2323 4336 2486 4391 αὐτὸν
2527 4336 2712 4406 λόγου,
2747 4339 2842 4391 καὶ
2889 4337 3006 4391 ἐστι
3040 4338 3248 4403 πάθους
3289 4339 3448 4403 ὲκτδς
3499 4339 3762 4411 (ἀπαθὴῖ

2159 4427 2270 4499 γὰρ
2295 4429 2372 4491 ὡς
2394 4428 2573 4501 Θεὸς),
2611 4430 2733 4483 κατ’
2759 4430 2954 4484 οὐδένα
2981 4431 3186 4503 τρόπον
3210 4433 3238 4484 6
3271 4430 3461 4503 Πατὴρ
3495 4433 3762 4502 ὑπερέξει

2157 4521 2253 4576 τοῦ
2286 4521 2422 4576 Υίοῢ
2451 4523 2546 4576 καὶ
2581 4523 2683 4594 τὴν
2727 4521 2899 4594 αὐτὴν
2931 4523 3151 4594 ἔχοντος
3199 4523 3388 4577 οὐσίαν
3431 4525 3526 4580 καὶ
3557 4526 3761 4579 παθεῖν

2163 4613 2318 4668 οὐδὲν
2363 4613 2685 4685 δυναμένου.
2730 4615 2967 4684 Λέγεται
3013 4614 3069 4668 δὲ
3119 4613 3322 4685 μείζων
3352 4615 3427 4680 ὡς
3475 4617 3620 4688 ἀρχὴ
3659 4618 3760 4671 τοῦ

2167 4703 2441 4756 συναῖδίου
2469 4705 2831 4774 γεννήματος.

2164 4812 2268 4876 Εὶς
2307 4812 2408 4875 τὸ,
2464 4831 2480 4861 ι
2523 4811 2586 4865 Ὀ
2629 4814 2904 4937 Πατὴρέό
2951 4815 3194 4884 πέμψας
3237 4833 3315 4885 με
3371 4816 3583 4886 μείζων
3633 4819 3761 4887 μού

2859 4901 3028 4937 στιν.
3053 4905 3072 4936 ι

2859 4901 3028 4939 ςστιν.
3053 4905 3072 4936 ι

2481 4997 2816 5064 Ἀντίθεσις
2852 4999 2922 5052 ἐκ
2961 4999 3077 5053 τῶν
3113 5001 3438 5072 Εὐνομίαν.

2231 5111 2403 5175 Αὐτὸς
2439 5113 2466 5164 6
2494 5113 2688 5185 Σωτὴρ
2727 5113 2829 5167 οὐκ
2869 5115 3418 5187 ἐπικεκαλυμμένως,
3446 5117 3759 5189 τρανότατα

2159 5203 2213 5256 δὲ
2244 5205 2464 5274 μείζονα
2493 5205 2689 5259 ἑαυτοῦ
2724 5205 2816 5259 τὸν
2842 5206 3062 5278 Πατέρα
3108 5210 3262 5279 φησι,
3295 5209 3382 5262 διὰ
3407 5208 3500 5263 τοῦ
3533 5210 3721 5279 λέγειν
3742 5230 3756 5242 ·

2165 5313 2184 5344 ι
2207 5295 2264 5348 '0
2294 5295 2486 5368 Πατὴρ
2511 5298 2540 5349 6
2564 5296 2785 5367 πέμψας
2811 5314 2878 5368 με
2918 5298 3120 5369 μείζων
3169 5299 3270 5368 μού
3303 5301 3468 5356 ἐστιν.
3499 5319 3517 5351 ι
3555 5301 3616 5353 Εἰ
3640 5301 3762 5354 τοί-

2158 5401 2252 5437 νυν
2305 5384 2592 5455 ἀληθεύειν
2636 5385 2836 5439 δὼσετε
2881 5387 2982 5458 τὴν
3026 5388 3306 5459 ἀλήθειαν,
3345 5388 3572 5461 ἀλήθεια
3617 5389 3673 5441 δὲ
3731 5389 3761 5441 6

2157 5476 2412 5547 Χριστὸς,
2449 5476 2674 5548 μείζονα
2729 5477 2844 5550 ἔχει
2897 5480 2988 5534 τὸν
3037 5481 3279 5552 Πατέρα.
3313 5482 3425 5535 Καὶ
3476 5484 3525 5535 εί
3569 5480 3754 5544 τοῦτο,

2159 5568 2376 5632 πάντως
2409 5569 2561 5623 ἔσται
2591 5571 2686 5624 καὶ
2715 5571 2990 5643 ἀνόμοιος.
3009 5572 3228 5645 Ἐπειδὴ
3247 5573 3304 5628 δὲ
3332 5573 3606 5646 ἀνόμοιος,
3630 5573 3764 5627 οὐδὲ

2158 5660 2466 5732 όμοούσιος.
