4106 6480
327 460 427 522 145

818 578 978 648 Πρὸς
1015 577 1198 635 τοῦτο
1231 577 1433 644 λύσις.

401 717 740 785 ’Δναγκοιῖον
765 715 938 788 ὑμᾶς,
966 709 1014 770 ὦ
1042 718 1422 790 χριστομάχοι,
1443 716 1539 771 καὶ
1562 714 1659 788 νῦν
1688 714 1931 787 ἐρέσθαι,

338 811 451 865 πότε
481 806 584 862 τοῦ
616 807 759 862 Υἱοῦ
794 807 1004 879 μείζων
1026 810 1058 862 ὁ
1092 808 1280 880 Πατὴρ
1319 807 1352 881 ἢ
1387 808 1616 876 γέγονεν
1645 805 1679 878 ἦ
1707 805 1931 878 εὑρέθη,

334 902 359 972 ἢ
390 901 529 972 ὅπερ
555 898 628 953 ἂν
671 897 961 969 βούλοισθε
1000 898 1202 967 λέγειν.
1235 898 1441 970 Χρόνον
1472 899 1571 970 μὲν
1596 895 1691 952 οὖν
1721 897 1933 969 όριξόνο

328 1008 427 1045 των
460 988 624 1060 ὑμῶν
658 991 776 1044 οὐκ·
804 990 874 1045 ἀν
899 1006 985 1054 τις
1012 989 1306 1061 ἀνάσχοιτο
1329 1006 1360 1021 ο·
1389 989 1601 1062 χρόνων
1633 993 1741 1063 γὰρ
1776 1006 1936 1062 ποιητ-

329 1085 418 1155 τὴς
442 1085 475 1137 6
494 1082 654 1148 mc,
674 1083 781 1136 xui;
803 1082 915 1153 πρδ
940 1082 1052 1137 τῶν
1080 1080 1295 1136 αίώνων
1318 1081 1454 1149 ἐστὶ,
1474 1080 1619 1136 κατά
1640 1081 1739 1146 τὰς
1763 1081 1933 1151 ἀψευ·

325 1177 426 1239 δεῖς
448 1175 568 1229 τῶν
599 1176 784 1244 ἁγίων
821 1175 1028 1246 φωνάς.
1073 1175 1278 1246 Χρόνου
1313 1174 1372 1228 δὲ
1393 1174 1763 1247 ἀνῃρημένου,
1792 1176 1934 1230 πάν-

327 1284 426 1330 τως
450 1267 716 1320 λείπεται
738 1265 925 1336 λέγειν
957 1266 1098 1321 κατά
1120 1265 1221 1338 τὴν
1250 1266 1698 1338 ὑμῶνιπρότασιν
1728 1265 1818 1320 ἀεὶ
1841 1263 1936 1320 καὶ

326 1357 579 1429 ἀνάρχως
605 1357 703 1412 τὸν
737 1357 963 1428 Πατέρα
991 1357 1217 1428 μείζονα
1243 1357 1339 1411 τοῦ
1369 1356 1523 1412 Υίοῦ.
1556 1355 1718 1421 Ἀλλ’,
1737 1349 1782 1410 ὧ
1812 1355 1935 1428 βέλ-

1762 450 2206 512 TIIESAURUS.

1957 576 2014 633 Α

3527 455 3626 505 H6

2548 570 2752 628 solutio
2781 570 3113 642 objectionis.
3458 540 3463 545 ε

2110 702 2486 774 Interrogandi
2523 702 2687 760 nobis
2716 713 2845 761 sunt
2879 704 3068 761 hostes
3104 702 3341 770 Christi,
3380 705 3630 775 quando-

2036 811 2161 852 nam
2199 795 2373 866 major
2407 796 2550 854 Filio
2580 797 2743 852 Pater
2780 807 2873 853 aut
2906 797 3083 853 factus
3116 797 3187 854 sit
3221 806 3314 852 aut
3360 798 3630 862 inventus,

2038 898 2133 944 aut
2157 889 2648 960 quomodocunque
2677 888 2808 967 illud
2836 890 3041 945 dicant.
3062 888 3300 961 Tempus
3325 890 3469 946 enim
3494 904 3634 960 pra:-

2038 981 2288 1037 ﬂnientes
2318 995 2414 1039 vos
2446 995 2605 1038 nemo
2637 980 2777 1037 ferat
2807 997 2823 1034 :
2862 981 3115 1037 conditor
3148 982 3292 1037 enim
3326 989 3633 1054 temporum

2037 1080 2123 1128 est
2148 1069 2338 1140 Filius,
2365 1081 2420 1127 et
2446 1082 2574 1129 ante
2599 1070 2796 1128 saecula
2823 1072 2939 1142 ipse
2965 1073 3202 1138 exsistit,
3226 1064 3635 1142 juxta'saneto-

2040 1179 2161 1219 rum
2203 1164 2294 1233 qui
2337 1163 2557 1220 mentiri
2601 1178 2709 1219 non
2749 1173 2979 1234 possunt
3015 1165 3360 1222 verissimum
3401 1165 3629 1221 dictum.

2040 1250 2263 1308 Sublato
2289 1261 2471 1308 autem
2499 1261 3051 1324 tempore,superest,
3084 1269 3151 1311 ex
3176 1265 3362 1311 vestra
3389 1256 3630 1326 ipsorum

2037 1346 2332 1413 sententia,
2349 1360 2569 1418 semper
2591 1355 2646 1404 et
2674 1347 2793 1402 sine
2821 1347 3087 1418 principio
3108 1347 3326 1404 Patrem
3351 1348 3488 1405 Filio
3515 1363 3634 1403 mas

324 1463 511 1510 τιστοι,
556 1445 765 1518 μικρὸν
801 1447 1183 1518 ἀνανήψαντες
1212 1438 1392 1505 ἐκεῖνο
1433 1447 1556 1501 καθ’
1587 1448 1816 1512 ἑαυτοὺς
1852 1449 1939 1502 ὲν-

2047 1437 2209 1502 iorem
2246 1437 2436 1495 fuisse.
2472 1439 2542 1494 At
2572 1453 2690 1503 vos,
2731 1437 2858 1495 boni
2894 1439 3019 1505 viri,
3056 1440 3304 1495 nonnihil
3338 1441 3407 1496 ad
3442 1441 3632 1496 melio-

329 1536 633 1608 θυμήθητε,
661 1537 835 1591 ὅτιτὸ
865 1539 1130 1611 διαφέρον
1148 1537 1294 1602 τινὸς
1327 1539 1471 1593 κατὰ
1492 1538 1552 1593 τδ
1577 1534 1718 1593 εἶναι
1749 1537 1936 1609 μεῖξον

330 1628 361 1693 ἢ
402 1625 689 1696 λέγεσθαι,
729 1630 1143 1699 παρακείμενον
1177 1629 1297 1701 ἔχει
1323 1631 1417 1684 καὶ
1448 1631 1937 1702 συνεισιρερόμενον

333 1717 504 1787 ἑαυτῷ
536 1717 604 1770 τὺ
644 1718 896 1784 ἔλαττον,
931 1712 993 1772 οὗ
1031 1718 1128 1774 καὶ
1169 1720 1288 1775 ἐστὶ
1320 1720 1703 1793 μεῖζον.”οταν
1737 1722 1846 1793 γάρ
1878 1720 1939 1774 τὸ

339 1806 512 1875 μεῖζον
539 1806 879 1878 θελήσωμεν
902 1809 1123 1880 μαθεῖν,
1140 1812 1234 1864 ἐπὶ
1260 1812 1360 1882 τὴν
1384 1811 1479 1866 τοῦ
1501 1812 1785 1877 ἐλάττονος
1807 1814 1941 1884 δρα·

340 1897 524 1969 μόντες
570 1900 907 1971 κατάληψιν,
937 1901 1040 1974 τὴν
1068 1902 1281 1958 ἐκείνου
1324 1903 1601 1976 βλέπομεν
1638 1906 1933 1979 ὑπεροχήν.

341 1990 401 2042 Ei
431 1991 611 2044 τοίνυν
643 1992 730 2045 ἀεὶ
761 1992 973 2063 μείζων
1005 1995 1033 2046 ὁ
1058 1996 1251 2068 Πατὴρ
1282 1997 1377 2051 τοῦ
1416 1996 1570 2060 Υἱοῦ,
1600 1994 1669 2070 ἦν
1699 2000 1798 2071 μὲν
1836 2001 1935 2054 αὑ-

351 2083 434 2146 τῇς
475 2083 594 2138 ἀεί’
625 2080 689 2156 ἢν
713 2084 771 2139 δὲ
805 2087 908 2141 σὺν
956 2088 1108 2159 αὑτῷ
1142 2090 1234 2143 καὶ
1263 2090 1291 2142 ό
1326 2089 1475 2155 Υἱὸς,
1503 2083 1565 2143 οὗ
1606 2091 1700 2145 καὶ
1732 2092 1935 2163 μείζων

355 2170 487 2228 εἶναι
518 2175 744 2244 λέγεται,
775 2177 904 2232 καθ’
930 2179 1097 2250 ὑμᾶς.
1128 2181 1200 2234 Τὸ
1245 2182 1302 2235 δὲ
1336 2182 1426 2237 ἀεὶ
1465 2182 1546 2250 ὃν,
1582 2183 1657 2254 τῷ
1690 2186 1777 2238 ἀεὶ
1821 2185 1936 2240 ὄντι

349 2269 460 2333 πῶς
485 2270 738 2342 ἀνόμοιον
772 2271 969 2341 Esset;
1018 2274 1220 2339 Μεῖζον
1265 2275 1324 2328 δὲ
1364 2276 1503 2341 πῶς,
1533 2277 1937 2349 συντρεχούσης

338 2361 410 2433 τῷ
454 2363 815 2435 γεγεννηκότι
865 2365 970 2436 τῆς
1016 2365 1304 2438 ὑπάρξεως
1329 2368 1424 2423 τοῦ
1450 2370 1812 2439 γεννήματος,
1842 2372 1937 2425 καὶ

335 2453 507 2507 πάντα
534 2453 760 2525 ἔχοντος
793 2458 1053 2526 φυσικῶς,
1075 2461 1174 2514 ὅσα
1204 2462 1471 2533 πρόσεστι
1502 2459 1581 2532 τῷ
1613 2460 1826 2533 Πατρί;

1037 2768 1242 2826 A-AAG.

398 2875 502 2932 ἐκ
531 2878 893 2950 μαθημάτων
922 2880 1057 2951 ἡμῖν
1087 2881 1197 2936 τῶν
1237 2882 1643 2954 Ἀριστοτέλους
1679 2885 1938 2959 ὁρμώμε-

318 2986 416 3034 νοι,
446 2971 555 3025 καὶ.
584 2974 657 3043 τῇ
682 2971 960 3044 δεινότητι
981 2974 1081 3045 τῆς
1106 2976 1165 3028 ὲν
1192 2976 1384 3048 κόσμῳ
1410 2978 1602 3048 σοφίας
1628 2980 1940 3053 ἀποκεχρη-

300 3052 497 3133 ’μένοι,
540 3062 802 3129 κτύπους
841 3065 1118 3137 ἐγείρουσι
1152 3069 1416 3141 ῥημάτων
1440 3069 1634 3137 κενῶν,
1672 3072 1773 3125 οὐκ
1802 3052 1938 3127 είδό-

314 3169 404 3219 τες
427 3156 523 3209 ὃτι
552 3157 658 3209 καὶ
688 3155 834 3228 πρὸς
854 3157 1065 3231 ταύτην
1087 3159 1318 3231 ἀμαθῶς
1340 3161 1558 3233 ἔχοντες
1588 3163 1941 3236 ἐλεγχθήσον-

2040 1545 2154 1586 rem
2187 1539 2425 1587 mentem
2457 1531 2750 1588 redeuntes
2781 1530 2857 1585 ita
2888 1529 3172 1588 vobiscum
3203 1531 3460 1602 cogitate,
3487 1531 3632 1601 quod

2038 1622 2093 1679 id
2134 1623 2281 1693 quod
2321 1622 2504 1678 dill'ert
2538 1626 2607 1677 ab
2639 1623 2826 1695 aliquo
2859 1639 2923 1680 ea
2960 1624 3171 1679 ratione
3204 1637 3312 1694 qua
3347 1621 3519 1691 majus
3550 1631 3635 1678 est

2039 1723 2135 1785 aut
2163 1713 2383 1779 dicitur,
2420 1712 2787 1786 propinquum
2822 1713 2923 1769 sibi
2958 1714 3125 1769 habet
3153 1723 3209 1769 et
3238 1712 3493 1768 collatum
3529 1713 3635 1768 sibi

2040 1801 2249 1868 minus,
2282 1816 2389 1872 quo
2421 1803 2678 1857 nimirum
2711 1802 2885 1872 majus
2914 1812 3031 1860 est.
3056 1803 3190 1859 Cum
3221 1804 3375 1860 enim
3402 1803 3461 1860 id
3488 1805 3635 1873 quod

2042 1894 2219 1965 majus
2243 1904 2327 1950 est
2353 1909 2692 1966 cognoscere
2714 1895 2965 1951 volumus
2981 1935 2998 1962 ,
3024 1896 3092 1951 ad
3124 1896 3366 1951 minoris-
3381 1896 3632 1952 notitiam

2044 1983 2441 2055 confugientes,
2461 1985 2685 2054 majoris
2702 1984 3079 2040 excellentiam
3100 1986 3398 2041 cernimus.
3421 1984 3478 2040 Si
3502 2000 3635 2054 ergo

2042 2074 2206 2132 Pater
2227 2091 2442 2148 semper
2468 2075 2645 2147 major
2669 2085 2751 2131 est
2781 2075 2940 2143 Filio,
2970 2074 3072 2130 fuit
3099 2076 3317 2146 quidem
3348 2077 3463 2146 ipse
3490 2090 3636 2132 sem-

2043 2185 2141 2240 per
2176 2189 2188 2224 :
2226 2169 2329 2225 l‘uit
2363 2172 2492 2226 vero
2527 2170 2692 2226 etiam
2726 2184 2851 2227 cum
2887 2184 2953 2226 eo
2991 2168 3190 2237 Filius,
3228 2184 3335 2240 quo
3367 2179 3424 2225 et
3465 2166 3637 2241 major

2042 2278 2163 2319 esse
2192 2262 2415 2331 dicitur,
2446 2269 2744 2318 secundum
2774 2276 2892 2318 vos.
2923 2260 3079 2328 Quod
3112 2276 3242 2317 vero
3271 2277 3491 2332 semper
3516 2272 3633 2326 est,

2043 2370 2279 2426 quonam
2312 2364 2472 2426 pacto
2500 2355 2769 2412 dissimile
2798 2357 2905 2412 erit
2937 2357 3013 2412 illi
3045 2356 3187 2427 quod
3220 2355 3385 2411 etiam
3420 2370 3635 2424 semper

2042 2447 2158 2503 est?
2185 2447 2292 2501 Aut
2321 2447 2598 2518 quomodo
2627 2448 2835 2519 majus,
2866 2464 2990 2505 cum
3023 2449 3140 2518 ipsa
3168 2447 3335 2519 geniti
3364 2447 3636 2503 exsistcn-

2044 2540 2118 2593 tia
2148 2554 2268 2593 cum
2301 2538 2551 2608 genitore
2579 2541 2871 2595 conveniat
2900 2539 3195 2610 annuaque
3229 2538 3550 2595 naturaliter
3581 2538 3634 2593 iu

2044 2645 2103 2688 se
2136 2631 2330 2688 habeat
2359 2645 2479 2701 qua:
2508 2629 2653 2687 Patri
2686 2630 2908 2687 insunt?

2721 2765 2831 2821 AL]
2840 2765 2880 2823 U
2890 2768 2948 2823 D.

2116 2881 2192 2937 Ex
2241 2879 2594 2938 Aristotclica
2643 2881 2926 2952 disciplina
2977 2880 3133 2937 nobis
3179 2881 3533 2951 insultantes,
3581 2891 3650 2939 et‘

2046 2974 2336 3031 mundana:
2364 2974 2647 3045 sapientiae
2681 2973 2830 3029 fastu
2858 2973 3090 3045 turgidi,
3125 2973 3315 3031 inanes
3344 2975 3647 3031 verborum

2046 3066 2286 3135 crepitus
2320 3066 2592 3131 excitant,
2632 3080 2824 3136 parum
2858 3065 2961 3120 sibi
2996 3067 3386 3134 persuadentes
3418 3081 3478 3122 se
3508 3064 3632 3121 Ari-

2046 3158 2309 3215 Stntelica:
2349 3158 2650 3228 disciplina:
2691 3159 2910 3228 ignaros
2954 3158 3169 3214 ostendi
3211 3173 3390 3229 posse.
3429 3158 3635 3214 Miran—

316 3259 420 3298 ται.
455 3244 777 3315 Θαυμάσαι
817 3245 929 3319 γάρ
962 3247 1133 3313 ὅντως
1166 3249 1462 3304 ἀκόλουθον
1490 3250 1573 3304 ὅτι
1600 3250 1664 3323 δὴ
1690 3251 1781 3306 τόν
1812 3252 1944 3325 περϊ

2049 3252 2174 3306 dum
2211 3251 2355 3306 enim
2390 3258 2474 3304 est
2506 3249 2683 3320 quod,
2718 3264 2842 3304 cum
2880 3249 3148 3304 rationem
3183 3249 3406 3318 majoris
3438 3258 3493 3305 et
3533 3252 3638 3304 mi-

315 3332 406 3385 τοῦ
455 3334 732 3405 μείζονος
778 3337 875 3390 καὶ
896 3316 1014 3391 ⁷τοῦ
1061 3338 1344 3404 ἐλάττονος
1389 3316 1735 3406 ἐξετάζοντες
1763 3316 1942 3411 λόγον,

2049 3344 2201 3400 noris
2231 3343 2531 3408 excutiant,
2561 3331 2627 3397 ad
2661 3356 2970 3398 sermonem
3002 3343 3070 3398 de
3099 3343 3265 3399 simili
3297 3352 3353 3398 et
3382 3343 3632 3399 dissimili

317 3423 404 3477 ἐπὶ
431 3426 539 3480 τὸν
570 3427 713 3497 περὶ
741 3426 841 3481 τοῦ
874 3428 1065 3499 ὁμοίου
1095 3432 1192 3484 καὶ
1221 3431 1475 3503 ἀνομοίου
1507 3432 1945 3503 μεταπεπτώκα-

2047 3435 2434 3507 prolabantur,
2478 3432 2826 3501 nescientes,
2867 3435 3020 3505 juxta
3065 3433 3383 3489 Aristotelis
3429 3434 3630 3504 placita

319 3532 422 3583 σιν,
454 3519 574 3572 οὐκ
598 3518 818 3584 ειδότες
840 3521 946 3587 ὅτι,
982 3522 1126 3577 κατά
1165 3522 1265 3595 τὴν
1309 3524 1718 3596 Ἀριστοτέλους
1749 3525 1945 3597 τέχνην

2048 3540 2154 3596 quo
2184 3526 2283 3596 ipsi
2317 3525 2609 3595 plurimum
2639 3540 2760 3581 sese
2784 3524 3065 3594 iactitant,
3098 3524 3277 3580 simile
3303 3524 3419 3596 88
3444 3535 3501 3581 et
3526 3526 3641 3581 dis-

317 3604 455 3686 ἱιρ¹ᾖ
485 3611 751 3683 μάλιστα
778 3615 1211 3687 μεγαλοφρονεῖν
1242 3615 1498 3672 εἰώθασιν
1535 3617 1712 3682 αὐτοὶ,
1742 3619 1844 3672 οὐκ
1866 3620 1948 3683 εἰς

312 3706 519 3760 ταυτὸν
572 3705 989 3761 κατατάττεται
1017 3707 1177 3778 γένος
1203 3709 1267 3762 τό
1298 3727 1361 3763 τε
1393 3710 1578 3780 ὅμοιον
1610 3711 1704 3765 καὶ
1748 3711 1810 3764 τὸ
1852 3712 1949 3765 ἀν-

313 3796 538 3868 όμοιον,
569 3798 653 3863 ὡς
674 3799 777 3852 καὶ
809 3800 873 3852 τὸ
905 3800 1094 3871 μεῖζον
1127 3804 1226 3857 κοιλ⁵
1242 3803 1307 3858 τὸ
1338 3803 1582 3860 ἔλαττον.
1616 3805 1691 3858 Τὸ
1717 3806 1816 3877 μὲν
1836 3805 1949 3877 γάρ

318 3885 516 3955 μεῖζον
570 3887 673 3940 καὶ¹
712 3886 772 3941 τὸ
808 3888 1051 3957 ἔλαττον,
1081 3891 1192 3945 τῶν
1241 3893 1380 3965 πρός
1424 3911 1477 3948 τι
1521 3895 1754 3967 ἑχόντων
1804 3897 1948 3968 παρ’

316 3976 566 4043 ἐκείνοις
613 3978 862 4047 λέγεται.
906 3979 981 4035 Τὸ
1031 3982 1089 4037 δὲ
1136 3985 1325 4054 ὅμοιον
1368 3985 1402 4058 ἢ
1450 3988 1547 4041 καὶ
1588 3987 1650 4041 τὺ
1694 3988 1948 4060 ἀνόμοιον

315 4070 521 4142 ἑτέρας
569 4072 695 4125 ἐστὶ
723 4073 1068 4145 κατηγορίας
1108 4075 1228 4147 ἦτοι
1265 4076 1610 4148 διαιρέσεως.
1636 4078 1808 4133 Πόθεν
1836 4080 1947 4134 τοίο

313 4180 409 4217 νυν
441 4165 592 4235 ὑμῖν
614 4164 731 4218 ἀπὸ
751 4165 848 4218 τοῦ
874 4164 1125 4236 μείζονος
1147 4169 1242 4221 ἐπὶ
1260 4170 1322 4223 τὸ
1343 4170 1528 4241 ὅμοιον
1551 4172 1584 4242 ή
1610 4170 1947 4242 μετάϐασιςς

312 4255 409 4309 καὶ
437 4255 503 4324 ἐξ
535 4254 841 4320 ἐλάττονος
883 4257 1004 4329 ἦτοι
1032 4258 1128 4312 τοῦ
1159 4260 1406 4330 μείζονος
1431 4261 1532 4333 τὴν
1560 4262 1828 4333 πρότασιν
1858 4263 1950 4330 ἔξ·-

312 4347 682 4415 υξαίνοντες,
731 4347 1052 4419 ὲτερογενὲς
1109 4351 1394 4422 είσφέρετε
1436 4352 1500 4405 τὸ
1552 4352 1947 4424 συμπέρασμα,

312 4434 624 4505 λέγοντες·
664 4436 732 4489 Εἰ
764 4436 1009 4492 ἐλάττων
1044 4438 1194 4492 ἐστὶν
1231 4441 1261 4493 ὁ
1295 4440 1424 4505 Υἱὸς
1455 4440 1550 4495 τοῦ
1590 4441 1824 4512 Πατρὸς,
1856 4444 1952 4496 ἀν-

312 4527 513 4599 όμοιος
550 4527 671 4599 ἄρα
692 4547 706 4558 ·
744 4529 918 4601 ἐχρῆν
947 4529 1058 4602 γάρ
1087 4531 1287 4602 μᾶλλον
1312 4534 1508 4599 εἰπεῖν,
1536 4533 1639 4588 οὐκ
1671 4524 1793 4599 ἶσος
1818 4535 1949 4607 ἄρα,

312 4622 349 4695 ἦ
374 4623 441 4676 οὐ
483 4622 765 4686 τοσοῦτος
793 4624 925 4695 ἄρα,
959 4624 1050 4677 ἴνα
1085 4624 1160 4697 μὴ
1200 4626 1364 4680 πάλιν
1392 4626 1627 4697 ἀμαθεῖς
1666 4628 1818 4693 ὄντες
1859 4628 1949 4693 ἐξ·-

315 4715 759 4788 εὶετχθήσησοε
792 4715 872 4788 τῷ
900 4734 962 4771 τε
983 4716 1192 4790 μείζονι
1208 4719 1304 4773 καὶ
1324 4718 1401 4792 τῷ
1424 4720 1668 4777 ἐλάττονι
1699 4722 1760 4776 τὸ
1783 4723 1950 4778 ποσὸν

314 4810 726 4881 ἐπιφέροντες.
745 4810 820 4863 Οὐ
857 4810 968 4883 γάρ
1003 4811 1072 4866 τὰ
1095 4811 1232 4883 πρός
1267 4813 1321 4867 τί
1350 4830 1468 4879 πως
1495 4813 1706 4886 ἔχοντα,
1733 4816 1952 4871 ἀλλάλτὸ

320 4903 520 4969 μεῖζον
552 4903 590 4973 ἢ
625 4902 855 4956 ἔλαττον
882 4902 1208 4958 ὑποκεῖσθαι
1232 4903 1311 4976 τῷ
1343 4905 1496 4977 ποσῷ
1521 4906 1950 4980 νενομοθέτηκεν

317 4995 361 5065 ἠ
392 4995 836 5067 Ἀριστοτέλους
862 4996 1059 5068 τέχνη.
1090 4999 1220 5071 Είδη
1259 4997 1317 5052 δὲ
1365 4999 1515 5071 αὐτῷ
1538 5001 1752 5071 τίθησιν
1786 5001 1949 5066 ἑπτὰ,

322 5086 602 5160 ἀριθμὸν,
639 5087 740 5141 καί
784 5086 966 5156 λόγον,
1002 5089 1110 5142 καὶ.
1147 5090 1438 5163 γραμμὴν,
1471 5093 1567 5145 καὶ
1601 5093 1977 5161 ἐπιφάνειαν,α

329 5181 417 5234 καὶ
446 5182 654 5253 σῶμα,
688 5181 790 5235 καὶ
828 5181 1043 5254 χρόνον,
1078 5183 1173 5236 καὶ
1204 5184 1397 5238 τόπονι
1426 5183 1621 5238 Μόνων
1662 5183 1975 5257 τοιγαροῦν,

331 5274 433 5328 τῶν
468 5274 807 5348 εἰρημένων
839 5274 1091 5346 δέχεσθαι
1128 5275 1190 5330 τὸ
1219 5276 1386 5331 ποσὸν
1414 5275 1758 5346 πεφυκότων,
1785 5277 1954 5333 πόθεν

326 5366 515 5437 ὑμεῖς,
546 5362 599 5422 ὦ
631 5362 807 5432 οὗτοι,
840 5368 919 5438 τῷ
950 5368 1158 5440 μείζονι
1186 5367 1385 5440 καὶτῷ
1419 5369 1664 5423 ἐλάττονι
1691 5368 1753 5424 τὸ
1787 5369 1953 5424 ποσὸν

320 5461 642 5533 ἑπιφέρετε
669 5499 684 5525 ,
742 5460 916 5533 ἑτέρῳ
963 5462 1116 5529 γένει
1169 5461 1344 5516 ταῦτα
1398 5460 1499 5514 τοῦ
1546 5460 1954 5532 Ἀριστοτέλους

320 5553 805 5617 ἀνατεθεικότοςς
832 5551 1053 5625 Ἐπειδὴ
1089 5554 1268 5608 τοίνυν
1301 5555 1395 5609 τὸν
1425 5552 1670 5627 περὶτοῦ
1707 5551 1954 5624 μείζονος

318 5649 425 5701 καὶ
477 5646 589 5701 τοῦ
646 5646 939 5713 ἐλάττονος
987 5646 1337 5715 ἐξετάζοντες
1386 5649 1568 5718 λόγον,
1612 5638 1985 5712 ἀπαιδεύτως

322 5738 426 5791 ἐπὶ
465 5738 581 5808 τὴν
614 5737 713 5793 τοῦ
748 5740 941 5810 ὁμοίου
983 5742 1079 5796 καὶ
1110 5741 1369 5813 ἀνομοίου
1413 5741 1719 5814 παράθεσιν
1744 5740 1956 5809 ὲξεκλί-

323 5847 495 5898 νατε,
534 5830 826 5902 λέγοντεςο
857 5834 920 5890 El
946 5834 1184 5890 ἐλάττων
1210 5834 1357 5889 ἐστὶν
1382 5837 1412 5890 ό
1437 5834 1564 5899 Υἱὸς
1594 5834 1688 5889 τοῦ
1718 5832 1952 5905 Πατρδς,

330 5930 612 5997 ἀνόμοιος
663 5929 806 5997 ἄρα·
856 5930 1234 6007 χαλεπωτέρω.
1283 5929 1340 5986 δὲ
1390 5932 1552 5989 πάλιν
1602 5929 1956 5994 ἀπαιδευσίας

2047 3615 2225 3672 simile
2257 3632 2363 3672 non
2394 3616 2449 3671 in
2481 3616 2671 3673 eodem
2703 3630 2904 3687 genere
2931 3614 3214 3679 collocari,
3244 3615 3296 3670 in
3325 3630 3430 3684 quo
3462 3615 3638 3685 majus

2047 3716 2102 3762 et
2140 3707 2340 3762 minus.
2373 3705 2430 3762 Si
2468 3707 2685 3778 quidem
2724 3706 2898 3777 majus
2934 3715 2991 3761 et
3030 3706 3212 3760 minus
3248 3705 3473 3760 relativo
3520 3708 3649 3761 sive

2049 3797 2116 3851 ad
2152 3797 2357 3867 aliquid
2393 3798 2462 3853 ab
2497 3799 2562 3852 iis
2595 3798 2874 3852 dicuntur.
2906 3797 3097 3853 Simile
3129 3813 3256 3853 vero
3289 3807 3344 3853 et
3376 3797 3652 3852 dissimile

2048 3886 2277 3942 alterius
2300 3888 2510 3943 ordinis
2537 3887 2652 3942 sive
2681 3887 3262 3957 praztlicamentisttnt.
3293 3887 3446 3944 Unde
3473 3887 3639 3957 igitur

2051 3992 2148 4034 vos
2177 3979 2250 4033 ita
2278 3994 2310 4033 a
2337 3978 2541 4046 majore
2567 3979 2634 4033 ad
2663 3978 2842 4033 simile
2871 3979 3278 4034 transilit'ts?et
3305 3995 3371 4045 ex
3400 3977 3634 4053 majore,

2050 4079 2165 4151 sive
2204 4079 2414 4133 minore
2443 4075 3252 4148 propositionem.dedueentes,
3301 4076 3502 4130 diversi
3543 4088 3639 4145 ge-

2051 4172 2200 4227 neris
2229 4169 2636 4225 conelusionem
2666 4167 2903 4233 infertis',
2934 4167 3226 4223 dicentes:
3262 4162 3319 4221 Si
3351 4167 3529 4221 minor
3555 4177 3640 4223 est

2051 4264 2220 4319 Filius
2246 4262 2454 4329 Patre,
2471 4260 2753 4316 dissimilis
2778 4260 2975 4331 igitur;
3002 4275 3124 4315 cum
3151 4260 3332 4331 potius
3355 4259 3638 4315 ita'diren-

2051 4356 2179 4411 dum
2215 4355 2381 4412 fuerit
2412 4374 2427 4410 :
2467 4353 2582 4411 Non
2612 4370 2743 4423 ergo
2773 4354 3030 4424 aequalis,
3063 4363 3292 4409 aut-non
3326 4363 3539 4423 tantus,
3572 4371 3639 4409 ne

2052 4449 2380 4518 imperitiam
2408 4457 2645 4503 vestram
2674 4448 2999 4519 proderetis,
3024 4445 3324 4516 eLmajere
3348 4457 3401 4502 et
3429 4447 3640 4503 minore

2052 4543 2409 4614 quantitatem
2445 4541 2760 4598 inferentes.
2804 4540 2992 4610 Neque
3017 4540 3164 4595 enim
3194 4555 3315 4610 quae
3340 4539 3406 4594 ad
3429 4538 3634 4608 aliquid

2055 4644 2204 4698 sunt,
2237 4635 2331 4690 sed
2370 4633 2550 4702 majus
2582 4643 2639 4688 et
2674 4633 2879 4698 minus,
2911 4633 3204 4703 quantitati
3240 4632 3482 4699 subjecta
3515 4646 3639 4687 esse.

2052 4727 2403 4785 Aristotelica
2427 4726 2711 4796 disciplina
2743 4726 2927 4780 tradit.
2954 4725 3178 4794 Species
3199 4732 3378 4777 autem
3406 4722 3482 4777 illi
3506 4738 3638 4778 con-

2053 4819 2229 4875 stituit
2262 4828 2469 4887 septem
2505 4836 2521 4871 :
2556 4831 2877 4882 numerum,
2910 4815 3247 4880 orationem,
3282 4814 3510 4881 lineam,
3544 4830 3639 4870 su-

2054 4912 2352 4983 perﬁciem,
2378 4925 2602 4981 corpus,
2631 4919 2844 4981 tempus
2871 4918 2926 4964 et
2956 4909 3156 4965 locum.
3183 4907 3316 4963 Cum
3345 4907 3490 4962 enim
3523 4906 3637 4962 haec

2052 5002 2682 5072 solummodoquantum
2710 5001 2998 5070 recipiant,
3026 5000 3295 5056 undenam
3320 5012 3417 5052 vos
3444 4995 3637 5067 majori

2054 5106 2110 5151 et
2154 5094 2357 5150 minori
2394 5102 2677 5162 quantum
2705 5093 2973 5157 tribuitis,
3018 5106 3141 5147 cum
3183 5087 3505 5145 Aristoteles
3546 5078 3669 5141 illa'

2055 5187 2155 5242 sub
2185 5186 2290 5240 alio
2321 5200 2521 5256 genere
2549 5184 2820 5241 collocet?
2847 5182 2983 5240 Cum
3016 5183 3181 5254 igitur
3207 5195 3304 5236 vos
3335 5179 3557 5249 majoris
3582 5188 3640 5234 et

2055 5276 2283 5333 minoris
2313 5276 2576 5332 rationem
2608 5276 3029 5345 investigantes,
3065 5271 3317 5341 imperite
3345 5271 3411 5325 ad
3442 5270 3640 5349 similis

2054 5377 2110 5423 et
2138 5365 2419 5422 dissimilis
2448 5365 2912 5435 comparationem
2941 5361 3315 5427 devolvimini,
3341 5360 3592 5417 dicentes
3622 5381 3637 5417 :

2058 5459 2115 5516 Si
2161 5459 2331 5516 Filius
2373 5458 2557 5514 minor
2592 5469 2680 5514 est
2716 5456 2899 5521 Patre,
2941 5470 3073 5526 ergo
3110 5449 3276 5509 etiam
3318 5453 3639 5518 dissimilis;

2055 5556 2274 5628 gravius
2303 5553 2487 5609 statim
2515 5552 2734 5617 erratis,
2762 5548 2934 5619 majus
2964 5556 3018 5602 et
3049 5547 3231 5602 minus
3260 5546 3326 5601 ad
3356 5546 3639 5618 quantita-

2057 5655 2164 5700 tem
2209 5642 2542 5707 referentes,
2584 5655 2706 5696 cmn
2747 5637 2927 5695 dicitis
2968 5654 2982 5692 :
3026 5636 3082 5693 Si
3126 5635 3295 5694 Filius
3336 5646 3421 5694 est
3464 5639 3640 5692 minor

2056 5736 2240 5804 Patre,
2277 5748 2407 5805 ergo
2448 5748 2554 5788 non
2595 5731 2836 5802 aequalis,
2879 5744 3053 5801 neque
3095 5741 3295 5788 tantus.
3337 5730 3472 5787 Cum
3509 5744 3639 5785 vero

2059 5844 2213 5886 mens
2240 5827 2392 5884 vobis
2421 5824 2564 5880 nulla
2596 5839 2661 5880 ex
2694 5832 2848 5893 parte
2880 5839 3011 5882 sana
3042 5826 3134 5895 sit,
3167 5824 3346 5881 inanis
3378 5821 3542 5903 etiam
3573 5832 3638 5874 ac

2060 5937 2196 5982 vana
2230 5930 2314 5978 est
2342 5927 2519 5977 vestra
2552 5917 2867 5988 propositio.

2232 6005 2245 6011 -
2269 5996 2420 6011 ην-ἔ-σα
2444 6003 2497 6010 ομ·-
