4106 6428
508 381 612 436 H‘l

2448 371 2757 438 \RCHlEP.
3687 391 3787 451 ηε

508 468 814 574 ἐγκλήματι
845 499 1208 575 περιπίπτετε
1245 500 1386 557 κατὰ
1432 499 1524 552 τοῦ
1561 498 1807 570 μείζονος
1844 499 2060 553 καὶτοῦ
2103 498 2385 563 ἐλάττονος
2423 501 2485 554 τὸ
2511 500 2678 556 ποσὸν
2703 500 2966 571 τιθέντες,
3007 502 3136 558 ὅταν
3167 502 3396 577 λέγητεσ
3445 507 3510 561 El
3551 507 3784 564 ἐλάττων

508 600 656 652 ἐστὶν
682 599 712 651 ὁ
741 597 870 662 Υἱὸς
898 597 992 651 τοῦ
1033 599 1269 669 Πατρὸς,
1301 599 1401 650 οὐκ
1443 597 1557 659 ἴσος
1603 596 1733 668 ἄρα,
1763 596 1883 650 οὐδὲ
1941 596 2214 662 τοσοῦτος.
2235 597 2551 670 Οὐδαμὸθεν
2615 599 2661 652 δ’
2686 600 2816 671 ὑμῖν
2864 598 3202 669 ὑγιαίνοντος
3261 596 3356 652 τοῦ
3377 597 3560 669 λόγου,
3587 601 3787 672 ματαία

509 689 728 754 πάντως
757 689 874 743 ἐστὶ
905 690 998 743 καὶ
1028 689 1255 762 [κούφη]
1281 689 1313 759 ή
1345 689 1631 760 πρότασις.

1196 804 1408 862 ALIUD

514 920 715 975 Decem
758 917 1208 986 quod,proposilo
1255 917 1458 986 majore
1497 928 1543 970 et
1591 919 1814 982 minore,
1858 919 2095 984 imperite

581 990 866 1058 admodum
892 987 1226 1057 ina’qualitas
1254 988 1537 1056 inferatur,
1566 1005 1686 1041 cum
1705 987 1865 1058 juxta
1891 989 2096 1044 Aristo-

583 1060 698 1115 telis
727 1057 1063 1127 disciplinam
1094 1058 1319 1112 alterius
1350 1059 1417 1112 sit
1447 1061 1670 1128 generis.

580 1234 810 1290 Nomina
851 1249 974 1305 quae
1011 1235 1078 1288 ad
1120 1232 1326 1305 aliquid
1364 1243 1525 1302 sunt,
1566 1245 1729 1305 atque
1769 1235 1841 1290 ita
1881 1237 1949 1292 ab
1993 1236 2098 1293 illis

509 1336 796 1393 vocantur,
820 1341 943 1382 cum
969 1327 1294 1382 Aristoteles
1320 1326 1547 1396 hujusce
1573 1327 1710 1382 artis
1736 1328 1988 1384 inventor
2004 1344 2099 1384 ex-

512 1421 696 1490 plicat,
726 1419 802 1476 ita
831 1419 1020 1475 deﬁnit
1049 1437 1063 1474 :
1096 1420 1176 1474 Ad
1203 1418 1427 1489 aliquid,
1458 1419 1657 1490 inquit,
1689 1431 1954 1476 vocantur
1977 1437 2098 1492 quae

509 1510 564 1564 id
593 1510 769 1579 ipsum
794 1509 938 1579 quod
964 1516 1124 1573 sunt,
1147 1508 1376 1564 aliorum
1401 1522 1523 1564 esse
1548 1509 1820 1574 dicuntur,
1848 1519 1941 1566 aut
1965 1525 2100 1582 quo-

509 1601 809 1657 modolibet
835 1601 996 1656 aliter
1024 1604 1092 1656 ad
1122 1601 1266 1656 aliud
1297 1616 1315 1655 :
1345 1610 1401 1656 ut
1431 1603 1629 1673 majus,
1660 1603 1712 1658 id
1748 1604 1920 1674 ipsum
1951 1605 2099 1676 quod

509 1703 600 1748 est
633 1703 885 1764 respectu
915 1695 1142 1750 alterius
1173 1710 1295 1751 esse
1326 1695 1547 1752 dicitur.
1580 1694 1648 1750 Et
1681 1697 1925 1768 duplum,
1958 1698 2099 1768 idip-

509 1801 630 1840 sum
665 1787 810 1856 quod
845 1795 960 1852 est,
995 1787 1225 1843 alterius
1259 1796 1342 1842 est
1377 1800 1392 1841 :
1429 1787 1660 1856 alicujus
1693 1791 1840 1844 enim
1875 1790 2097 1861 duplmn

509 1877 734 1933 dicitur.
767 1878 902 1934 Cum
939 1879 1104 1950 igitur
1133 1881 1248 1934 haec
1281 1880 1352 1934 sit
1383 1895 1570 1934 eorum
1602 1881 1718 1952 89
1752 1897 1870 1952 qua:
1903 1885 1969 1939 ad
2002 1883 2102 1938 ali-

509 1969 638 2036 quid
666 1980 792 2024 sunt
818 1969 1081 2038 delinitio,
1108 1971 1294 2026 dicant
1321 1971 1478 2027 nobis
1506 1973 1624 2037 isti,
1653 1973 1742 2042 qui
1775 1974 1908 2029 nihil
1937 1991 2099 2044 quam

509 2061 855 2118 Aristotelem
885 2071 1131 2132 crepant,
1157 2072 1210 2119 et
1241 2064 1387 2120 illius
1412 2066 1593 2135 potius
1623 2064 1907 2136 disciplina
1935 2082 2098 2136 quam

2122 791 2169 847 Α

2893 784 3102 858 'AAAo.

2199 920 2499 975 Διδάσκον
2525 919 2637 985 ὅτι,
2675 920 3072 988 προκειμένου
3104 917 3216 974 τοῦ
3238 918 3513 988 μείζονος
3547 920 3646 975 καί
3679 923 3786 976 τοῦ

2271 989 2617 1054 ἐλάττονος,
2663 991 3036 1060 ἀπαιδεύτως
3086 989 3155 1060 τὸ
3199 990 3485 1060 ἀνόμοιον
3530 992 3788 1060 εισφὲρε-

2270 1077 2365 1132 ται
2387 1100 2402 1122 ,
2460 1059 2800 1128 ἐτερογενὲς
2863 1059 2937 1114 ὃν
2981 1059 3132 1113 κατὰ
3183 1059 3317 1131 τὴν
3340 1059 3787 1132 Ἀριστοτέλους

2269 1129 2514 1200 τέχνην.

2271 1242 2352 1297 Τὰ
2405 1243 2544 1315 πρὸς
2591 1259 2645 1297 τι
2687 1243 2879 1315 ἔχοντα
2911 1243 3022 1298 τῶν
3069 1245 3351 1316 ὀνομάτων
3384 1243 3529 1301 οὕτω
3559 1265 3621 1299 τε
3651 1247 3788 1318 παρ’

2199 1328 2433 1394 ἐκείνοις
2458 1329 2789 1401 καλούμενα,
2815 1333 3027 1405 φανερὰ
3055 1333 3330 1388 καθιστῶν
3353 1337 3382 1389 ὁ
3409 1338 3510 1408 τῆς
3537 1336 3789 1408 τοιαύτης

2199 1423 2396 1495 τέχνης
2434 1424 2665 1496 εὑρετὴς
2699 1424 3098 1495 Ἀριστοτέλης,
3142 1423 3386 1480 τοιοῦτον
3433 1425 3656 1498 ἐκφέρει
3701 1427 3785 1481 τὸν

2200 1516 2326 1588 ὁρον
2347 1532 2362 1548 ο
2395 1515 2541 1587 Πρός
2561 1534 2614 1569 τι
2643 1515 2791 1569 δὲτὰ
2823 1516 3050 1570 τοιαῦτα
3082 1516 3325 1585 λέγεται,
3360 1519 3460 1572 ὅσα
3488 1519 3629 1572 αὐτὰ
3649 1518 3784 1590 ἅπερ

2202 1610 2374 1672 ἐστὶν,
2403 1609 2608 1680 ἑτέρων
2647 1601 2789 1662 εἶναι
2833 1609 3051 1688 λέγεται
3083 1609 3115 1680 ἢ
3153 1608 3405 1661 ὁπωσοῦν
3440 1607 3616 1671 ἄλλως
3659 1609 3789 1677 πρὸς

2201 1698 2387 1771 ἕτερον
2409 1717 2421 1730 ·
2458 1692 2569 1751 οἷον
2620 1697 2681 1750 τὸ
2726 1697 2910 1768 μεῖζον
2957 1695 3105 1750 τοῦθ’
3130 1697 3268 1767 ὅπερ
3300 1695 3448 1748 ὲστίν
3483 1693 3672 1765 ἐτέρου
3711 1693 3793 1746 λέ-

2201 1807 2382 1859 γεται.
2411 1791 2522 1844 Καὶ
2565 1790 2626 1844 τὸ
2667 1789 2954 1843 διπλάσιον
3002 1787 3192 1859 ἑτέρου
3243 1787 3462 1856 λέγεται
3491 1784 3638 1838 τοῦθ’
3659 1786 3794 1856 ὅπερ

2203 1881 2320 1934 ὲστί
2340 1897 2354 1912 ο
2381 1880 2526 1945 τινὸς
2551 1882 2661 1952 γὰρ
2687 1881 2970 1935 διπλάσιον
3007 1879 3252 1949 λέγεται.
3275 1876 3478 1932 Τοῦτον
3503 1876 3795 1948 τοιγαροῦν

2204 1971 2438 2044 ἑχόντων
2462 1973 2573 2026 τῶν
2601 1973 2737 2042 πρός
2765 1991 2818 2026 τι
2861 1973 2953 2026 τὸν
2998 1974 3142 2043 ὅρον,
3179 1972 3546 2026 δεικνύτωσαν
3581 1970 3716 2042 ήμίν
3746 1967 3794 2022 οἱ

2202 2065 2305 2136 τὴν
2339 2065 2744 2136 Ἀριστοτέλους
2769 2064 3122 2136 ἐρευγόμενοι
3149 2063 3365 2136 τέχνην,
3396 2061 3488 2115 καὶ
3513 2062 3628 2126 τοῖς
3656 2061 3794 2113 ὲκεῖο

506 2172 789 2212 sacrarum
834 2155 1247 2228 Scripturarum
1293 2160 1603 2230 cognitione
1641 2174 1766 2216 sese
1801 2161 2094 2229 jactitant,

2201 2158 2292 2212 θεν
2320 2158 2661 2231 μαθήμασιν,
2691 2159 2751 2211 οὐ
2785 2162 2898 2222 τοῖς
2941 2158 3050 2212 ἀπὸ
3077 2159 3177 2228 τῆς
3216 2157 3370 2221 θείας
3406 2155 3637 2227 Γραφῆς
3680 2154 3803 2208 ἐαυ-

506 2265 576 2303 an
611 2249 792 2305 siml-le
833 2251 887 2305 id
921 2250 1098 2320 ipsum
1147 2251 1291 2320 quod
1325 2261 1406 2306 est
1449 2251 1675 2307 alterius
1705 2253 1805 2319 sit,
1841 2254 2101 2322 quemad-

509 2341 728 2396 modum
777 2343 953 2414 majus
997 2351 1052 2398 ct
1102 2343 1345 2414 duplum.
1393 2345 1699 2416 Opponitur
1738 2348 1883 2402 enim
1933 2348 2098 2403 simili

506 2432 793 2498 dissimile,
820 2432 964 2489 sicut
989 2433 1202 2502 majori,
1230 2437 1435 2502 minus;
1466 2438 1558 2492 sed
1588 2454 1694 2493 non
1720 2441 1908 2494 eodem
1939 2442 2100 2496 modo

505 2533 673 2592 atque
701 2525 932 2580 ratione.
960 2525 1132 2596 majus
1161 2528 1306 2582 enim
1343 2529 1543 2584 dicitur
1571 2539 1629 2584 ut
1660 2531 1867 2586 minore
1899 2531 2094 2603 majus.

508 2612 698 2668 Simile
726 2623 908 2670 autem
939 2631 1220 2688 nunquam
1253 2619 1503 2674 dissimili
1536 2620 1712 2691 majus
1739 2623 1974 2688 dicitur,
2004 2641 2100 2679 ne-

507 2719 613 2773 que
644 2705 1102 2776 quemadmodum
1130 2708 1328 2780 majus,
1358 2711 1452 2781 qui
1481 2714 1789 2782 Oppositum
1820 2729 1977 2768 suum
2007 2732 2099 2769 su-

507 2804 696 2862 pcrat,
737 2806 821 2852 est
868 2799 921 2852 id
964 2801 1110 2867 quod
1157 2817 1281 2856 esse
1325 2802 1558 2869 dicitur;
1603 2804 1678 2858 ita
1719 2805 1925 2869 simile,
1968 2809 2096 2876 quia

508 2883 684 2954 majus
720 2896 805 2942 est
840 2888 1130 2956 dissimili,
1166 2890 1270 2946 hoc
1303 2896 1448 2962 quod
1483 2905 1567 2951 est
1599 2912 1721 2952 esse
1757 2900 2093 2954 censebitur.

511 2977 716 3034 Diversi
756 2980 924 3051 igitur
957 2984 1174 3052 generis
1213 3000 1437 3055 prorsus
1471 2997 1531 3044 ut
1569 2990 1679 3045 sint
1715 3006 1937 3046 necesse
1976 3003 2095 3057 est,

505 3083 635 3138 qua:-
654 3073 900 3129 eamdem
931 3075 1252 3133 divisionem
1280 3079 1760 3154 dciiuitionemque
1788 3100 1894 3139 non
1922 3088 2097 3140 susci-

507 3163 676 3231 piunt.
801 3175 806 3179 '

1189 3285 1420 3341 ALIUD.

577 3388 809 3447 Nomina
839 3407 962 3462 qua:
991 3395 1058 3449 ad
1090 3395 1292 3468 aliquid
1325 3410 1486 3466 sunt,
1521 3413 1613 3458 aut
1644 3420 1970 3475 quacunque
2000 3423 2094 3460 ra~

2199 2250 2327 2314 τοὺς
2374 2249 2870 2320 ἀποσεμνύνοντες,
2900 2248 2949 2300 εί
2998 2249 3094 2301 καὶ
3141 2247 3204 2301 τὸ
3252 2247 3438 2316 ὅμοιον
3484 2243 3630 2297 τοῦθ’
3663 2244 3794 2312 ὅπερ

2200 2345 2350 2398 ἐστὶν
2388 2343 2577 2415 ἑτέρου
2608 2343 2848 2411 λέγεται,
2880 2341 3135 2412 καθάπερ
3165 2340 3262 2394 καὶ
3291 2339 3352 2393 τὸ
3381 2339 3565 2410 μεῖζον
3609 2337 3705 2391 καὶ
3738 2337 3794 2389 τὸ

2199 2439 2502 2493 διπλάσιον.
2521 2437 2846 2490 ’Λντίκειται
2881 2434 2981 2505 μὲν
3004 2433 3114 2504 γὰρ
3136 2432 3215 2504 τῷ
3238 2432 3410 2504 ὁμοίῳ
3433 2427 3494 2483 τὸ
3519 2429 3794 2499 ἀνόμοιον,

2199 2530 2389 2601 ὥσπερ
2422 2530 2518 2582 καὶ
2562 2527 2642 2598 τῷ
2682 2526 2892 2598 μείζονι
2924 2525 2986 2579 τὸ
3035 2525 3282 2584 ἔλαττον,
3322 2521 3444 2575 ἀλλ’
3475 2520 3574 2590 οὐχ
3624 2518 3794 2581 οὕτως

2198 2623 2318 2676 οὐδὲ
2352 2621 2640 2684 ὡσαύτως.
2671 2620 2744 2673 Τὺ
2782 2619 2882 2691 μὲν
2907 2617 3017 2690 γὰρ
3046 2617 3231 2688 μεῖζον
3260 2616 3337 2679 ὡς
3362 2615 3651 2677 ἐλάττονος
3685 2612 3801 2683 psi-

2199 2714 2291 2778 ζον
2320 2715 2560 2782 λέγεται.
2590 2713 2664 2764 Τὸ
2690 2712 2748 2766 δὲ
2773 2713 2960 2780 ὅμοιον
2989 2711 3091 2763 οὐκ
3123 2710 3192 2763 ἂν
3224 2709 3301 2772 ὡς
3328 2707 3586 2778 ἀνομοίου
3612 2704 3796 2777 μεῖζον

2197 2804 2418 2874 λεχθείη
2455 2802 2611 2866 ¹ποτὲ,
2657 2801 2776 2856 οὐδὲ
2797 2801 2988 2870 ὥσπερ
3013 2799 3073 2853 τὸ
3098 2799 3284 2868 μεῖζον
3309 2798 3396 2852 διὰ
3421 2797 3480 2850 τὸ
3502 2797 3797 2867 ὑπερέχειν

2198 2894 2293 2948 τοῦ
2359 2893 2739 2962 ἀντικειμένου
2777 2891 2937 2948 τοῦτό
2977 2893 3129 2945 ἐστιν
3175 2891 3313 2961 ὅπερ
3355 2886 3498 2942 εἶναι
3537 2888 3793 2957 λέγεται·

2197 2986 2341 3040 οὕτω
2368 2986 2462 3040 καὶ
2499 2985 2562 3039 τὸ
2599 2989 2785 3057 ὅμοιον
2820 2986 2908 3040 διὰ
2949 2985 3010 3038 τὸ
3053 2983 3238 3055 μεῖζον
3261 2979 3402 3037 εἶναι
3422 2981 3516 3036 τοῦ
3539 2979 3796 3052 ἀνομοίου

2197 3077 2526 3148 νοηθήσεται
2569 3077 2745 3131 τοῦτο.
2772 3075 2982 3130 Οὐκοῦν
3005 3075 3294 3147 ἑτερογενῆ
3318 3073 3534 3138 πάντως
3552 3071 3713 3126 ἔσται
3732 3071 3797 3127 τὰ

2197 3171 2296 3242 τὴν
2320 3171 2492 3243 αὑτὴν
2511 3170 2777 3242 διαίρεσίν
2798 3188 2858 3224 τε
2882 3171 2976 3224 καὶ
3001 3171 3126 3242 ὅρον
3149 3171 3251 3223 οὐκ
3273 3166 3670 3238 ὲπιδεχόμενα.

2902 3284 3110 3337 AAAO.

2267 3397 2348 3450 Τὰ
2385 3398 2523 3469 πρός
2560 3415 2612 3451 τι
2651 3396 2845 3467 ἔχοντα
2879 3395 2990 3448 τῶν
3033 3393 3396 3465 ὁνομάτων,ἢ
3441 3393 3534 3447 καὶ
3562 3393 3716 3455 ὅπως
3736 3391 3796 3460 δή

505 3485 656 3540 tione
684 3497 934 3557 respectu
966 3488 1190 3547 alterius
1222 3489 1497 3561 dicuntur,
1529 3497 1692 3552 simul
1727 3510 1779 3553 et
1811 3501 2089 3555 intellectu

2198 3485 2429 3543 ποτόῦν
2468 3489 2605 3560 πρὸς
2645 3489 2834 3558 ἕτερόν
2876 3505 2930 3541 τι
2968 3487 3264 3557 λεγόμενα,
3287 3485 3406 3555 ἅμα
3448 3487 3566 3538 ἐστὶ
3599 3485 3702 3538 καὶ
3733 3486 3796 3554 τῇ

504 3588 560 3632 et
595 3589 786 3634 natura
822 3590 982 3648 sunt,
1023 3591 1081 3637 ut
1120 3585 1354 3656 exempli
1391 3589 1598 3658 gratia,
1637 3591 1858 3661 duplum
1893 3602 1944 3646 et
1983 3609 2097 3646 ma-

504 3685 696 3738 gnum.
729 3671 958 3741 Duplum
985 3674 1130 3731 enim
1157 3679 1384 3734 omnino
1409 3694 1590 3736 secum
1624 3683 1830 3736 inducit
1858 3685 1908 3738 id
1939 3685 2096 3752 cujus

501 3769 590 3815 est
616 3762 860 3832 duplum,
884 3775 940 3821 et
965 3782 1222 3838 magnum
1249 3785 1433 3825 secum
1460 3773 1625 3828 etiam
1655 3773 1813 3828 affert
1841 3791 2093 3844 parvum,

502 3853 664 3924 cujus
698 3861 1106 3927 comparatione
1139 3871 1226 3917 est
1264 3879 1539 3934 magnum.
1580 3865 1768 3934 Neque
1805 3869 1950 3922 enim
1987 3870 2096 3923 erit

503 3950 725 4021 duplum
755 3967 860 4007 non
889 3953 1188 4011 exsistente
1217 3957 1393 4012 medio
1421 3975 1438 4012 :
1467 3973 1644 4026 neque
1672 3974 1925 4028 magnum
1947 4003 1960 4026 ,
1989 3963 2092 4016 nisi

503 4049 776 4098 statuatur
795 4043 1012 4114 aliquod
1037 4061 1283 4116 parvum.
1311 4045 1437 4102 llaec
1462 4057 1546 4102 est
1573 4049 1738 4118 igitur
1759 4065 1946 4105 eorum
1974 4067 2094 4121 qua:

505 4133 574 4188 ad
607 4134 813 4204 aliquid
845 4143 972 4190 sunt
1007 4135 1280 4205 definitio;
1319 4138 1498 4193 simile
1529 4153 1659 4195 vero
1697 4156 1803 4196 nOn
1840 4157 2096 4198 necessa-

503 4226 588 4283 rio
633 4241 740 4282 una
781 4241 904 4282 eum
949 4229 1200 4285 dissimili
1249 4229 1595 4300 intelligitur,
1635 4235 2090 4301 quemadmodum

505 4318 628 4383 illa,
661 4319 806 4375 sicut
837 4333 1015 4389 neque
1041 4319 1248 4389 justum
1285 4336 1406 4376 cum
1448 4320 1675 4388 injusto,
1711 4338 1886 4392 neque
1921 4325 2092 4380 virtus

503 4427 628 4468 cum
665 4411 820 4469 vitio.
859 4411 992 4468 Nam
1037 4413 1304 4482 ejusmodi
1347 4414 1682 4483 privationes
1725 4417 1902 4484 potius
1943 4429 2090 4485 sunt,

502 4516 561 4562 ct
586 4521 776 4562 eorum
805 4522 926 4576 qua:
957 4509 1011 4562 in
1047 4509 1240 4564 habitu”
1266 4509 1568 4563 consistunt
1599 4512 1927 4564 mutationes
1948 4552 1962 4576 ,
1997 4529 2092 4567 ne-

501 4611 610 4667 que
642 4599 1098 4669 quemadmodum
1134 4616 1196 4655 ea
1232 4616 1355 4669 quae
1387 4601 1454 4656 ad
1493 4601 1700 4671 aliquid
1736 4611 1889 4666 sunt,
1928 4603 2092 4656 simul

502 4707 628 4747 eum
663 4692 779 4748 suis
810 4693 1075 4763 oppositis
1111 4692 1507 4765 intelliguntur.
1540 4694 1749 4750 Similis
1786 4694 1930 4749 enim
1971 4711 2092 4749 mu—

505 4783 637 4838 tatio
669 4782 912 4853 quadam
941 4793 1030 4840 est
1059 4784 1354 4850 dissimile,
1381 4782 1610 4852 justitiae
1637 4799 1766 4840 vero
1798 4785 2087 4856 injuslitia.

2201 3581 2387 3652 νοήσει
2424 3582 2518 3632 καὶ
2553 3583 2618 3651 τῇ
2662 3579 2856 3649 φύσει·
2901 3573 3014 3632 οἷον
3039 3579 3170 3650 φέρε
3213 3579 3408 3642 εἰπεῖν,
3433 3578 3493 3632 τὸ
3515 3578 3798 3631 διπλάσιον

2203 3673 2295 3726 καὶ
2342 3671 2402 3723 τὸ
2445 3671 2607 3741 μέγα.
2631 3672 2706 3724 Τὸ
2749 3671 2848 3740 μὲν
2891 3671 3002 3742 γὰρ
3049 3671 3351 3732 διπλάσιον,
3378 3671 3797 3743 συνεισφέρειτι

2202 3761 2422 3823 πάντως
2462 3761 2640 3831 ἐαυτῷ
2684 3753 2746 3812 οῦ
2787 3761 2883 3813 καὶ
2923 3761 3037 3813 ἐστὶ
3081 3761 3381 3825 διπλάσιον,
3408 3762 3503 3814 καὶ
3547 3760 3610 3814 τὸ
3658 3760 3796 3831 μέγα

2203 3852 2527 3904 συνεισοίσει
2567 3852 2786 3916 πάντως
2830 3851 3010 3923 ἑαυτῷ
3035 3852 3096 3905 τὸ
3131 3851 3326 3924 μικρὸν
3358 3852 3493 3923 πρὸς
3519 3852 3547 3905 ὃ
3581 3853 3680 3906 καὶ
3713 3851 3796 3904 λέ-

2202 3959 2357 4010 γεται
2392 3940 2554 4012 μέγα.
2592 3942 2666 3994 Οὐ
2696 3941 2806 4012 γὰρ
2839 3942 2906 3994 ἂν
2951 3943 3035 4012 εἴη
3087 3943 3388 4005 διπλάσιον,
3421 3941 3652 4013 ἡμίσεος
3696 3941 3795 3993 οὐκ

2201 4034 2375 4100 ὄντος,
2410 4033 2525 4086 ἀλλ’
2552 4033 2673 4087 οὐδὲ
2715 4035 2878 4105 μέγα,
2919 4035 3116 4106 μικροῦ
3165 4035 3240 4107 μὴ
3289 4035 3579 4105 νοουμένου
3630 4035 3792 4096 τινός.

2201 4127 2284 4180 Τὰ
2319 4127 2418 4198 μὲν
2448 4123 2540 4179 οῦν
2577 4127 2714 4197 πρός
2759 4145 2811 4179 τι
2841 4127 3028 4180 τοῦτον
3075 4127 3187 4198 ἔχει
3229 4129 3322 4181 τὸν
3368 4129 3523 4198 ὅρον*
3552 4127 3616 4180 τὸ
3645 4127 3702 4180 δέ
3731 4141 3793 4193 γε

2201 4221 2386 4290 ὅμοιον
2435 4220 2536 4273 οὐκ
2587 4221 2646 4287 ἐξ
2693 4219 2944 4291 ἀνάγκης
2989 4219 3106 4290 ἅμα
3152 4220 3229 4291 τῷ
3284 4220 3518 4291 ἀνομοίῳ
3564 4221 3790 4277 νοεῖται,

2201 4315 2455 4387 καθάπερ
2502 4315 2752 4369 κάκεῖνα·
2790 4314 2980 4387 ὥσπερ
3019 4317 3139 4370 οὐδὲ
3182 4315 3245 4368 τὸ
3294 4317 3502 4370 δίκαιον
3549 4314 3670 4386 ἅμα
3717 4311 3793 4380 τῷ

2199 4408 2393 4479 ἀδίκῳ,
2432 4409 2625 4479 οὑδὲή
2676 4409 2845 4480 ἀρετὴ
2898 4409 3011 4479 ἅμα
3057 4411 3124 4480 τῇ
3176 4409 3364 4480 κακίᾳ.
3397 4409 3479 4462 Τὰ
3531 4409 3634 4478 μὲν
3686 4407 3793 4479 γὰρ

2197 4501 2422 4556 τοιαῦτα
2453 4503 2739 4573 στερήσεις
2775 4503 2974 4573 μᾶλλόν
3003 4505 3110 4556 εἰσι
3157 4503 3253 4555 καὶ
3294 4501 3562 4573 ἐκτροπαὶ
3591 4500 3702 4554 τῶν
3737 4500 3794 4550 ὲν

2198 4593 2310 4659 ἕξει
2338 4593 2628 4663 κειμένων,
2652 4595 2713 4646 οὐ
2749 4594 3200 4666 συνεισφέρεσθαι
3234 4595 3450 4656 πάντως
3482 4593 3790 4662 ὀφείλοντα,

2199 4685 2453 4754 καθάπερ
2482 4687 2574 4738 καὶ
2605 4687 2834 4740 ἐπὶτῶν
2875 4687 3012 4758 πρός
3057 4705 3110 4741 τι
3157 4687 3227 4739 τὰ
3275 4685 3650 4756 ἀντικείμενα,
3683 4683 3790 4736 Τοῦ

2201 4775 2304 4847 μὲν
2333 4775 2441 4846 γὰρ
2469 4776 2657 4846 ὁμοίου
2687 4778 2929 4848 ἐκτροπή
2960 4776 3043 4841 τίς
3071 4779 3188 4830 ἐστι
3216 4777 3277 4829 τδ
3304 4776 3576 4847 ἀνόμοιον,
3607 4777 3706 4846 τῆς
3736 4773 3794 4828 δὲ

502 4876 640 4931 Cum
677 4890 839 4943 vero,
876 4876 1031 4948 juxta
1076 4876 1292 4931 illorum
1332 4876 1710 4946 disciplinam,
1754 4876 2091 4945 privationes

2198 4868 2544 4940 δικαιοσύνης
2590 4871 2624 4940 ή
2669 4870 2871 4924 ἀδικία.
2890 4870 3108 4940 Ἐπειδὴ
3138 4869 3216 4932 δὲ,
3249 4869 3388 4923 κατὰ
3427 4867 3524 4940 τὴν
3563 4869 3793 4921 ἐκείνων

503 4968 779 5024 habitibus
807 4970 920 5024 sint
947 4969 1301 5038 posteriores,
1335 4982 1441 5021 non
1472 4968 1579 5022 erit
1611 4967 1794 5037 itaque
1823 4968 2093 5025 dissimile

2198 4963 2412 5032 τέχνην,
2445 4962 2503 5014 αἱ
2532 4963 2818 5033 στερήσεις
2849 4961 2958 5014 τῶν
2988 4960 3154 5025 ἕξεων
3180 4959 3452 5032 δεύτεραι,
3476 4960 3576 5012 οὐκ
3608 4960 3678 5013 ἂν
3704 4958 3790 5028 είη

503 5075 572 5115 ex
599 5060 669 5116 iis
693 5075 816 5132 quae
841 5077 946 5117 una
977 5061 1376 5132 intelliguntur,
1402 5072 1528 5114 cum
1557 5062 1737 5129 potius
1760 5063 1833 5118 sit
1859 5062 2092 5134 privatio

2198 5054 2304 5108 τῶν
2341 5054 2459 5124 ἅμα
2492 5054 2795 5122 νοουμένων
2847 5052 2908 5106 τὺ
2937 5053 3210 5125 ἀνόμοιον,
3248 5053 3501 5125 στέρησις
3549 5055 3646 5106 καὶ
3695 5053 3790 5104 ἐκ·

503 5161 560 5206 et
590 5153 821 5210 mutatio
849 5153 1063 5209 similis.

1186 5264 1413 5322 ALlUD.

471 5355 487 5410 ’ἶ
576 5376 864 5434 Nominum
894 5393 1014 5449 qua:
1042 5377 1108 5430 ad
1141 5377 1341 5448 aliquid
1369 5389 1525 5446 sunt,
1555 5380 1785 5436 alterum
1818 5384 2082 5454 quodam-

508 5472 668 5525 modo
700 5471 752 5524 in
788 5469 958 5522 altero
987 5481 1107 5523 esse
1135 5483 1294 5524 suum
1326 5470 1510 5540 habet,
1542 5485 1596 5527 et
1626 5477 1838 5531 sublato
1869 5493 1976 5532 uno
2007 5477 2084 5532 al-

508 5571 680 5616 terum
720 5562 886 5615 etiam
926 5558 1131 5617 interit.
1171 5561 1636 5631 Quemadmodum
1675 5568 1838 5636 igitur
1874 5569 2088 5626 sublato

509 5653 735 5721 Itinjore,
782 5649 988 5706 tollitur
1026 5653 1188 5709 etiam
1237 5657 1446 5722 minus;
1495 5675 1671 5728 neque
1714 5661 1858 5715 enim
1907 5662 2087 5716 minus

509 5739 716 5810 aliquid
761 5738 946 5808 fuerit,
988 5743 1091 5799 nisi
1133 5747 1371 5801 exsistat
1404 5749 1599 5818 majus,
1639 5749 1792 5817 cujus
1838 5762 2086 5819 respccm

510 5833 694 5889 minus
719 5840 820 5890 est.
849 5831 905 5890 Si
933 5848 1061 5905 ergo
1088 5836 1262 5894 simile
1287 5839 1529 5910 ejusdem
1569 5842 1783 5912 generis
1812 5858 1930 5899 esse
1958 5859 2080 5899 cum

2188 5144 2372 5216 τροπὴ
2405 5142 2500 5196 τοῦ
2539 5143 2724 5216 ὁμοίου
2758 5143 3046 5212 τυγχάνον.

2887 5262 3093 5317 ΛΛΛο.

2272 5383 2354 5436 Τὰ
2387 5383 2524 5452 πρός
2555 5398 2608 5434 τι
2634 5380 2826 5450 ἔχοντα
2860 5367 2970 5434 τῶν
2997 5381 3280 5452 ὀνομάτων
3308 5375 3420 5434 οἷον
3448 5382 3504 5434 ὲν
3531 5379 3791 5450 ἀλλήλοις

2193 5474 2308 5546 ἔχει
2333 5474 2394 5528 τὸ
2422 5469 2583 5536 εἶναι,
2637 5473 2731 5526 καὶ
2752 5473 2872 5538 ἑνὸς
2901 5473 3281 5546 ἀναιρεθέντος
3305 5475 3404 5528 οὐκ
3427 5473 3544 5530 ἔστι
3571 5474 3640 5528 τὸ
3665 5472 3789 5526 δεύο

2193 5582 2375 5636 τερον.
2402 5565 2617 5635 Ὠσπερ
2661 5559 2755 5618 οῦν
2799 5565 2894 5620 καὶ
2938 5565 3322 5634 ἀναιρεθέντος
3365 5569 3461 5622 τοῦ
3511 5565 3786 5638 μείζονος,

2193 5659 2605 5728 συναναιρεῖται
2628 5655 2848 5720 πάντως
2866 5657 2926 5712 τὸ
2953 5657 3173 5711 ἔλαττον
3193 5674 3209 5689 ο
3239 5659 3302 5712 οὐ
3330 5659 3440 5732 γὰρ
3467 5659 3534 5714 ἂν
3559 5656 3788 5710 ἔλαττον

2189 5749 2277 5818 εἴη
2313 5767 2388 5812 τι,
2428 5749 2504 5820 μὴ
2537 5749 2690 5814 ὄντος
2727 5750 2992 5820 μείζονος,
3028 5744 3089 5805 οῦ
3123 5751 3218 5805 καὶ
3247 5750 3395 5805 ἔστιν
3440 5751 3686 5805 ἔλαττον.
3723 5748 3786 5802 Εἰ

2189 5841 2368 5897 τοίνυν
2397 5843 2657 5914 ὁμογενὲς
2678 5839 2814 5898 εἷναί
2836 5860 2972 5914 φατε
3003 5846 3114 5909 τοῖς
3137 5845 3268 5916 πρὸς
3291 5863 3343 5900 τι
3370 5847 3463 5902 καὶ
3488 5845 3546 5899 τὺ
3568 5842 3781 5910 ὅμοιον,
