4106 6446
369 378 474 436 “9

1809 359 2252 422 TilESAURUS;

3546 367 3647 423 150

367 494 658 568 ἀναιρεθὶν
688 491 877 561 αὐτὸν,
909 489 1305 563 συναναιρείτω
1329 489 1390 542 τὸ
1428 488 1702 563 ἀνόμοιον,
1737 486 1832 541 καὶ
1857 503 1980 540 συν-

2083 478 2393 538 nominibus
2421 494 2542 552 qua:
2567 481 2636 538 ad
2665 481 2868 554 aliquid
2894 491 3023 539 sunt
3052 480 3306 552 censetis,
3332 481 3545 541 sublato
3574 489 3647 542 si-

369 587 705 661 αναιρείσθω
759 586 927 642 πάλιν
981 585 1201 656 ἐκείνῳ.
1237 582 1376 637 Ἀλλ’
1424 580 1485 636 οὐ
1541 581 1968 650 συναναιρεῖται,

374 681 485 735 οὐδὲ
515 679 631 752 μὴν
660 681 914 750 ἀναιρεῖ’
956 677 1113 742 ὄντος
1141 677 1251 748 γάρ
1280 691 1425 738 τινος
1467 672 1778 745 ἀνθρώπου,
1809 670 1973 742 τυχὸν

376 781 519 832 ἔσται
550 795 607 832 τι
635 775 701 830 τὸ
725 773 982 844 ἀνόμοιον
1013 769 1164 844 αὐτῷ
1186 788 1198 802 ·
1220 769 1314 824 καὶ
1347 766 1727 839 ἀναιρεθέντος
1757 764 1854 820 τοῦ
1887 765 1974 819 ἀν-

374 872 582 943 ομοίου,
614 870 679 923 οὐ
714 868 1129 938 συναναιρεῖται
1169 864 1228 918 τὸ
1262 862 1345 927 ὃν,
1375 861 1654 917 τουτέστιν
1683 862 1713 915 6
1757 859 1970 933 ἄνθρω-

371 980 486 1028 πος,
523 956 590 1017 οὗ
624 961 726 1015 καὶ
753 960 985 1030 γέγονεν
1009 958 1267 1028 ἀνόμοιον
1293 954 1354 1010 τὸ
1377 953 1686 1026 ἀναιρεθέν.
1721 953 1836 1008 Οὐκ
1862 951 1972 1023 ἄρα

366 1056 474 1111 τῶν
519 1056 668 1130 πρὸς
702 1053 912 1126 ἄλληλα
957 1049 1270 1121 λεγομένων
1301 1048 1363 1102 τὸ
1402 1048 1588 1119 ὅμοιον
1626 1045 1719 1101 καὶ
1767 1044 1830 1098 τὸ
1878 1043 1979 1100 ἀν-

368 1147 574 1219 όμοιον.

1076 1255 1278 1312 ΔΛΛΟ.

444 1373 576 1428 Ἐπὶ
618 1371 716 1428 τοῦ
753 1371 943 1443 όμοίου
994 1370 1092 1426 καὶ
1116 1371 1220 1441 τῆς
1246 1369 1451 1442 ἀρετῆς
1476 1369 1569 1423 καὶ
1596 1367 1973 1422 τῶνιάντικει-

370 1461 546 1534 μένων
592 1460 829 1526 τούτοις·
851 1461 1112 1532 χωρήσει.
1137 1459 1200 1512 τὸ
1246 1457 1465 1529 μᾶλλον·
1491 1457 1588 1511 καὶ
1619 1450 1970 1528 ἦττον.”Εστι

368 1555 475 1626 γὰρ
517 1556 704 1608 εἰπεῖν
751 1555 814 1608 οὺ
859 1553 1194 1624 ψευδόμενον
1226 1551 1377 1605 τόνδε
1423 1549 1546 1604 τινὰ
1590 1549 1754 1619 τυχὸν
1785 1548 1970 1617 ὅμοιον

371 1647 522 1718 τῷδε,
539 1647 642 1700 καὶ
669 1639 839 1718 ἧττον
868 1643 902 1715 ἢ
936 1643 1142 1714 μᾶλλον
1167 1643 1370 1714 ὅμοιον,
1393 1643 1485 1696 καὶ
1511 1639 1711 1714 μᾶλλον
1738 1640 1968 1703 δίκαιον,

373 1738 464 1791 καὶ
491 1737 708 1792 δίκαιον
743 1731 1078 1808 ἦττον.Ἑπ“ι
1112 1734 1212 1805 μέν
1258 1752 1340 1788 τοι
1390 1732 1485 1787 τοῦ
1538 1732 1841 1804 μείζονοςῆ
1875 1733 1970 1788 καὶ

374 1830 463 1884 τοῦ
513 1829 820 1892 ἐλάττονος,
852 1825 1204 1888 διπλασίονός
1246 1842 1307 1879 τε
1356 1825 1450 1878 καὶ
1496 1823 1744 1895 ἡμίσεος,
1778 1823 1876 1876 οὐκ
1905 1822 1971 1876 ἂν

380 1923 517 1976 εἴποι
543 1939 652 1985 τις,
688 1919 901 1990 μᾶλλον
933 1918 1122 1990 μεῖζον
1213 1917 1415 1989 μᾶλλον
1446 1916 1684 1982 ἔλαττον,
1705 1916 1742 1987 ἢ
1773 1915 1974 1986 μᾶλλον

387 2009 655 2063 διπλάσιον
672 2007 705 2077 ἢ
732 2007 941 2078 μᾶλλον
968 2007 1164 2077 ἥμισυ.
1183 2005 1537 2061 Ἀνεπίδεκτα
1555 2005 1664 2078 γὰρ
1685 2004 1778 2059 τοῦ
1804 2005 1972 2060 ποοοῦ

394 2101 460 2154 τὰ
496 2103 594 2171 τῆς
634 2101 922 2170 ποιότητος
965 2100 1082 2171 εῐδη
1117 2099 1205 2153 διὰ
1238 2100 1448 2154 πολλῶν
1478 2100 1879 2155 ἀποδέδεικται.
1908 2102 1974 2154 Ei

393 2193 559 2248 τοίνυν
581 2194 639 2248 τὸ
661 2196 850 2264 ὅμοιον
879 2193 978 2248 τοῦ
1010 2192 1177 2247 ποσοῦ
1205 2194 1511 2266 χωρητικόν
1536 2196 1673 2258 ἐστι,
1701 2194 1794 2247 καὶ
1820 2193 1974 2265 δέχε-

383 2303 465 2339 ται
490 2286 550 2340 τὸ
581 2286 789 2358 μᾶλλον
816 2287 916 2340 καὶ
946 2286 1008 2340 τὸ
1042 2285 1284 2350 ἔλαττον,
1305 2287 1366 2339 οὐ
1390 2286 1693 2358 δεχομένων
1724 2287 1854 2340 αὐτὸ
1877 2287 1973 2340 τοῦ

375 2377 618 2446 ἡμίσεως
656 2378 757 2433 καὶ
791 2377 1106 2443 διπλασίου,
1141 2377 1238 2448 οὐχ
1265 2378 1524 2449 ὁμογενὲς
1552 2378 1661 2449 ἀρα
1694 2380 1807 2443 τοῖς
1837 2379 1975 2450 πρός

372 2468 424 2522 τί
453 2468 621 2525 ἐστιν.

1071 2586 1275 2640 ΑΛΛΟ.

437 2695 511 2748 Τὸ
540 2695 756 2768 μᾶλλον
787 2699 910 2770 ἦτοι
939 2699 1002 2753 τὸ
1030 2700 1214 2771 μεῖζον
1247 2701 1500 2764 ἔπίτασίς
1530 2702 1648 2755 ἐστι
1681 2704 1776 2756 καὶ
1813 2701 1979 2772 ὑπερ-

363 2785 493 2858 ϐολή
545 2805 704 2852 τινος
750 2791 1086 2861 πράγματος
1135 2792 1539 2864 οίουδηποτοῦν,
1569 2794 1671 2847 οὐκ
1721 2793 1976 2865 ἀνομοίου

2073 571 2441 636 mili,.iuterit
2482 572 2645 627 etiam
2691 581 2748 628 et
2789 573 3073 642 dissimile,
3114 574 3383 646 simulque
3423 587 3645 646 pereant

2070 676 2294 719 necesse
2329 671 2434 718 est.
2471 662 2584 734 90
2619 661 2725 719 Sed
2760 679 2932 735 neque
2968 665 3320 734 interimitur,
3356 683 3531 737 neque
3567 668 3648 722 in-

2073 752 2276 809 terimit
2303 771 2319 809 :
2349 768 2472 810 cum
2500 754 2645 812 enim
2681 755 2884 827 aliquid
2913 757 2986 812 sit
3014 758 3198 823 homo,
3225 757 3330 812 erit
3357 758 3518 813 etiam
3551 758 3647 813 ali-

2071 846 2198 915 quid
2228 846 2280 902 ei
2308 846 2596 912 dissimile,
2627 855 2682 902 et
2710 847 2926 903 sublato
2958 847 3232 914 dissimili,
3265 864 3374 903 non
3409 849 3552 920 perit
3578 850 3651 904 si-

2071 940 2184 996 mul
2213 940 2266 995 id
2292 941 2436 1011 quod
2461 949 2600 1006 erat,
2638 941 2742 996 hoc
2772 948 2855 996 est
2893 942 3078 1007 homo,
3123 941 3211 997 cui
3241 941 3506 997 dissimile
3533 951 3650 997 erat

2071 1033 2213 1104 quod
2248 1033 2433 1104 periit.
2469 1031 2660 1088 Simile
2695 1031 2862 1103 igitur
2890 1043 2946 1088 et
2979 1032 3244 1090 dissimile
3277 1048 3386 1090 non
3422 1039 3550 1089 sunt
3583 1035 3649 1088 ad

2069 1123 2295 1194 aliquid.

2745 1234 2979 1292 ALIUD.

2146 1352 2219 1407 De
2245 1350 2409 1406 simili
2435 1360 2491 1405 et
2512 1349 2712 1406 virtute
2736 1359 2899 1421 atque
2929 1351 3123 1406 horum
3153 1351 3417 1422 oppositis
3451 1351 3654 1407 dicitur

2072 1443 2245 1514 magis
2276 1450 2331 1497 et
2366 1441 2566 1497 minus.
2588 1439 2728 1496 Vere
2757 1441 2900 1496 enim
2937 1442 3043 1498 dici
3079 1451 3275 1511 potest,
3301 1443 3444 1498 hunc
3467 1442 3544 1498 illi
3577 1444 3654 1498 si-

2071 1531 2254 1587 milem
2285 1545 2435 1597 esse,
2464 1538 2518 1585 et
2554 1531 2738 1586 minus
2765 1538 2860 1585 aut
2889 1531 3063 1599 magis
3092 1531 3326 1588 similem
3346 1572 3362 1598 ,
3395 1540 3450 1588 et
3480 1534 3654 1602 magis

2073 1632 2168 1680 aut
2209 1624 2388 1679 minus
2440 1621 2770 1694 justum.sEt
2807 1622 2875 1678 de
2919 1623 3092 1694 magis
3162 1624 3325 1695 duplo
3362 1633 3419 1680 et
3479 1626 3654 1681 medio

2071 1713 2178 1770 dici
2223 1729 2329 1770 non
2371 1721 2552 1785 potest
2603 1714 2778 1784 magis
2827 1714 3025 1783 majus,
3076 1713 3161 1770 vel
3209 1715 3380 1785 magis
3437 1715 3656 1782 minus,

2073 1813 2166 1862 aut
2188 1805 2360 1878 magis
2377 1805 2621 1876 duplum,
2639 1805 2726 1862 vel
2743 1807 2914 1874 magis
2932 1806 3491 1874 medium.Qualitatis
3508 1807 3655 1864 enim

2074 1896 2282 1968 species
2315 1897 2600 1968 incapaces
2619 1911 2741 1954 esse
2767 1897 3086 1967 quantitatis
3117 1912 3188 1953 ex
3217 1897 3402 1954 multis
3429 1900 3657 1954 damon-

2075 1995 2301 2046 Stratum
2336 1999 2437 2045 est.
2470 1989 2526 2044 Si
2571 2003 2699 2060 ergo
2739 1989 2919 2044 simile
2965 1990 3287 2058 quantitatis
3325 2005 3499 2060 capax
3539 2001 3658 2057 est,

2078 2078 2378 2150 recipitque
2404 2080 2573 2152 magis
2591 2089 2643 2134 et
2661 2081 2856 2146 minus,
2875 2079 3158 2137 dimidium
3194 2096 3324 2137 vero
3350 2090 3406 2138 et
3437 2083 3657 2154 duplum

2077 2170 2132 2225 id
2149 2176 2263 2240 non;
2276 2173 2542 2242 recipiunt
2567 2190 2580 2237 ;
2609 2188 2724 2236 non
2742 2188 2871 2244 ergo
2895 2172 3140 2242 ejusdem
3169 2173 3388 2244 generis
3407 2176 3513 2230 erit
3532 2189 3658 2229 cum

2079 2263 2145 2319 iis
2174 2281 2294 2336 quze
2322 2274 2452 2321 sunt
2478 2265 2546 2320 ad
2577 2265 2804 2335 aliquid.

2753 2582 2990 2642 ALIUD.

2149 2691 2319 2764 Magis
2353 2694 2467 2751 sive
2496 2695 2669 2767 majus
2695 2697 3053 2756 intentionem
3083 2707 3248 2768 atque
3281 2698 3670 2756 excellentiam

2078 2783 2306 2857 alicujus
2343 2787 2420 2843 rei
2458 2788 2759 2858 significat,
2791 2805 2899 2846 non
2937 2801 3118 2848 autem
3159 2791 3424 2846 dissimile
3457 2792 3660 2862 aliquid

359 2879 508 2942 τινὸς
558 2881 662 2932 καὶ
713 2881 1104 2953 ἀντικειμένου
1154 2883 1384 2956 δήλωσιν
1434 2884 1567 2956 ἔχει.
1601 2885 1675 2939 Τὸ
1711 2885 1768 2938 δὲ
1792 2885 1979 2956 ὅμοιον

358 2972 460 3042 οὐχ
493 2971 703 3036 οὕτως.
732 2973 1000 3046 Εἱσφέρει
1032 2974 1142 3044 γὰρ
1174 2975 1267 3029 τοῦ
1299 2977 1555 3048 ἀνομοίου
1584 2977 1682 3049 τὴν
1715 2979 1976 3051 ἔμφασιν.

361 3065 590 3128 ’.Ἄλλως
621 3082 684 3118 τε
713 3064 794 3136 τῷ
821 3067 922 3138 μὲν
945 3068 1184 3139 ἀνομοίῳ
1216 3070 1475 3142 στέρησις
1504 3071 1806 3126 ἀκολουθεῖ.
1826 3075 1983 3129 Ἀποο

357 3155 499 3224 ϐολὴ
539 3158 657 3230 γὰρ
694 3158 790 3211 τοῦ
825 3159 1014 3230 ὁμοίου
1050 3159 1112 3212 τὸ
1154 3160 1409 3231 ἀνόμοιον
1454 3163 1769 3232 ἐργάζεται.
1805 3164 1877 3216 Τὸ
1921 3163 1980 3217 δὲ

361 3248 578 3318 μᾶλλον
619 3251 718 3304 καὶ
769 3250 958 3322 μεῖζον
1009 3251 1262 3316 ἐπίτασις
1298 3270 1445 3316 τινος
1475 3253 1624 3317 ὄντα,
1656 3255 1818 3309 ποίαν
1869 3255 1978 3321 ἕξει

357 3341 465 3410 τὴν
488 3341 853 3414 ἀποϐολὴν,ἢ
878 3341 996 3406 πῶς
1018 3343 1107 3396 ἐπ’
1128 3344 1294 3397 αὑτοῦ
1318 3346 1574 3417 στέρησις
1597 3345 1771 3414 ἔσται,
1791 3346 1979 3418 ὥσπερ

361 3432 462 3483 καὶ
511 3432 612 3484 ἐπὶ
636 3432 738 3485 τοῦ
771 3433 1067 3503 ἀνομοίου;
1117 3433 1255 3488 Ἀλλ’
1289 3435 1389 3488 οὐκ
1424 3435 1492 3490 ἂν
1525 3435 1640 3508 ἔχοι
1668 3454 1752 3502 τις
1782 3438 1976 3492 εἰπεῖν.

373 3520 742 3591 Ἑτέρογενὲς
773 3521 884 3592 ἄρα
912 3521 991 3594 τῷ
1025 3524 1200 3596 ὁμοίῳ
1232 3525 1294 3578 τὸ
1325 3525 1532 3596 μεῖζον.

362 3635 584 3710 ΔΛρΟ,
633 3635 956 3710 ἀπόδειξιν
982 3637 1130 3706 ἕχον
1157 3636 1247 3691 ὅτι
1287 3637 1387 3710 διὰ
1417 3639 1524 3694 τοῦ
1550 3639 1834 3710 λέγεσθαι
1853 3643 1982 3710 μεί-

443 3703 592 3780 ζφςα
622 3706 735 3780 τᾴν
767 3703 1508 3780 Πᾳτέρᾳξᾳυνεισερέρεται
1539 3703 1658 3780 per?
1686 3703 1924 3778 πάντὼς
1949 3715 1981 3767 ό

453 3776 615 3842 Υἱὸς,
655 3778 794 3830 ἐστι
826 3775 894 3829 δὲ
931 3779 1044 3830 οὐκ
1071 3775 1570 3834 ἐλάττων-ἀὺτοῦ.

2079 2883 2134 2933 et
2173 2879 2479 2948 oppositum
2526 2879 2754 2936 indicat.
2799 2878 2992 2937 Simile
3031 2896 3164 2938 vero
3212 2897 3319 2938 non
3363 2884 3538 2942 item:
3567 2882 3683 2938 (le--

2080 2980 2349 3028 monstrat
2379 2973 2521 3028 enim
2557 2973 2609 3029 id
2643 2973 2785 3042 quod
2819 2974 3083 3031 dissimile
3111 2984 3216 3031 est.
3249 2975 3486 3031 Amissio
3513 2976 3686 3032 enin»

2082 3063 2301 3130 similis,
2328 3064 2592 3120 dissimile
2620 3063 2784 3120 eiiicit
2812 3083 2826 3121 :
2853 3066 2990 3121 adde
3015 3068 3160 3136 quod
3188 3066 3453 3122 dissimile
3478 3067 3663 3136 sequi—

2084 3162 2172 3210 tur
2199 3155 2450 3224 privatio.
2481 3154 2652 3226 Magis
2679 3171 2809 3212 vero
2839 3166 2896 3212 et
2925 3157 3105 3213 minus
3133 3172 3256 3213 cum
3286 3158 3397 3212 sint
3424 3158 3682 3214 intensio-

2081 3244 2309 3314 alicujus
2351 3244 2451 3312 rei,
2492 3259 2740 3314 quaenam
2786 3246 2837 3300 in
2879 3245 2964 3302 his
3004 3246 3250 3312 amissio,
3296 3255 3391 3302 aut
3427 3247 3678 3317 privatio=

2081 3335 2247 3391 statui
2289 3343 2484 3405 potest,
2523 3343 2580 3390 ut
2623 3335 2676 3390 in
2721 3336 3007 3392 dissimili?
3042 3335 3202 3393 Nulla
3244 3347 3414 3395 certe.
3453 3337 3660 3395 Diversi

2082 3425 2248 3496 igitur
2277 3427 2494 3496 generis
2523 3437 2651 3483 sunt
2682 3427 2861 3486 simile
2890 3437 2945 3484 et
2975 3430 3173 3501 majus.

2083 3627 2319 3698 ALIUD,
2349 3629 2716 3683 demonstrans
2750 3644 2844 3697 per
2869 3630 2924 3682 id
2953 3631 3092 3698 quod
3125 3630 3326 3684 dicitur
3355 3630 3516 3688 Pater
3540 3649 3657 3687 ma-

2147 3697 2260 3767 jor,
2290 3699 2449 3752 simul
2476 3701 2633 3754 etiam
2664 3698 2860 3768 inferre
2887 3697 3112 3768 Filium,
3147 3703 3322 3756 minor
3345 3713 3520 3760 autem
3548 3705 3663 3774 ipso

2153 3783 2257 3820 non
2284 3776 2382 3824 est.

446 3892 524 3946 Τδ
557 3890 755 3964 μεῖζον
786 3891 842 3944 εί
863 3909 947 3956 τις
975 3893 1262 3964 ὀνομάσαι,
1291 3895 1616 3948 συνεισοίσει
1644 3897 1862 3960 πάντως
1888 3897 1989 3952 καὶ·

369 3982 705 4051 ἀναγκαίως
737 3983 928 4054 ἕτερόν
973 4001 1026 4036 τι
1076 3985 1204 4054 παρ’
1237 3985 1370 4038 αὐτὸ
1397 3979 1458 4039 οὗ
1485 3987 1580 4040 καὶ
1609 3986 1726 4041 ἔστι
1777 3987 1978 4059 μεῖζον.

375 4076 540 4130 υῦτω
584 4073 882 4146 τοιγαροῦν
927 4074 1146 4146 ἔχοντος
1190 4075 1286 4129 τοῦ
1333 4078 1625 4148 νοήματος,
1664 4079 1798 4150 φέρε
1850 4083 1984 4133 κατ’

381 4166 513 4219 αὐτὸ
553 4165 658 4236 τὴν
712 4165 864 4242 θείαν
915 4166 1262 4236 ἐξετάσωμεν
1295 4167 1570 4239 γέννησιν,
1598 4170 1692 4222 καὶ
1735 4168 1827 4225 τὸν
1855 4171 1983 4242 περὶ

379 4259 603 4330 Πατρδς
654 4259 753 4313 καὶ
801 4240 932 4310 Ῡίοῦ
979 4258 1352 4330 γυμνάσωμεν
1403 4259 1757 4328 λόγον.’¹οταν
1803 4240 1984 4317 τοίνυν

379 4351 614 4421 λέγηται
648 4351 857 4421 μείζων
889 4353 918 4404 6
943 4351 1158 4423 Πατὴρ,
1189 4351 1530 4422 συνεισφέρει
1551 4352 1650 4424 μὲν
1677 4353 1896 4417 πάντως
1925 4353 1985 4407 τὸ

379 4444 438 4497 ἐν
479 4443 671 4513 σχέσει
717 4445 785 4513 τῇ
839 4443 977 4514 πρὸς
1006 4443 1191 4509 αὑτὸν,
1218 4444 1316 4514 τὴν
1343 4443 1474 4498 Υίοῦ
1511 4444 1788 4514 σημασίαν
1817 4445 1995 4516 φημὶ,

2158 3893 2217 3950 Si
2250 3896 2371 3965 quis
2403 3897 2648 3955 nominet
2683 3899 2902 3968 majus,
2923 3899 3232 3954 necessario
3264 3900 3429 3953 etiam
3467 3897 3664 3953 inferet

2085 3983 2228 4038 aliud
2257 3985 2532 4054 quidpiam
2563 3995 2758 4056 prmter
2803 3989 2856 4042 id
2884 3989 3042 4057 cujus
3075 3996 3322 4058 respectu
3351 3988 3528 4058 majus
3555 3997 3661 4044 est.

2085 4076 2239 4143 Quod
2267 4091 2390 4130 cum
2420 4076 2495 4131 ita
2527 4079 2747 4133 omnino
2778 4094 2839 4134 se
2869 4080 3098 4144 habeat,
3127 4095 3225 4150 age
3255 4080 3358 4137 hac.
3385 4083 3550 4136 etiam
3580 4097 3666 4138 ra-

2087 4166 2234 4221 tione
2264 4166 2496 4220 divinam
2527 4171 2929 4234 generationem
2965 4169 3343 4240 exploremus,
3369 4181 3423 4226 et
3451 4186 3664 4227 sermo-

2086 4270 2210 4311 nem
2245 4257 2310 4312 de
2341 4255 2502 4313 Patre
2533 4268 2588 4313 et
2617 4257 2753 4314 Filio
2783 4261 3189 4332 investigemus.
3219 4263 3356 4319 Cum
3388 4264 3554 4330 igitur
3580 4263 3665 4319 dio

2087 4349 2229 4404 citur
2265 4350 2438 4418 major
2468 4349 2652 4418 Pater,
2689 4350 2922 4408 infertur
2957 4355 3180 4411 omnino
3219 4355 3382 4411 etiam
3428 4355 3478 4412 id
3519 4357 3664 4426 quod

2087 4439 2408 4498 relationem
2457 4443 2524 4498 ad
2572 4444 2750 4514 ipsum
2797 4445 2991 4511 habet,
3040 4447 3295 4502 nimirum
3341 4447 3667 4518 significatio

380 4535 508 4589 καθ’
533 4531 608 4606 ἦς
648 4537 714 4588 τδ
743 4534 968 4589 ἔλαττον
1000 4534 1212 4589 νοοῦσιν
1255 4536 1305 4588 oi
1349 4536 1730 4612 χριστομὰχοι.
1762 4537 1981 4590 Συνεισ-

2093 4531 2238 4597 Filii,
2262 4533 2313 4588 in
2339 4549 2445 4603 qua
2468 4535 2648 4590 minus
2667 4536 3008 4592 constituunt
3029 4538 3214 4593 hostes
3235 4538 3462 4594 Christi.
3485 4539 3669 4605 Quan-

380 4627 708 4698 ενεχθέντος
738 4627 1033 4698 τοιγαροῦν
1071 4627 1383 4697 ἀναγκαίως
1414 4628 1492 4699 τῷ
1513 4630 1690 4699 Ila.th
1712 4629 1806 4682 τοῦ
1831 4628 1986 4698 Υίοῦ,

381 4720 548 4792 φέρε,
570 4719 969 4790 δοκιμάζοιμεν
1000 4718 1118 4784 πῶς
1149 4719 1262 4785 ἕξει
1309 4719 1371 4774 τὸ
1408 4720 1593 4790 μεῖζον
1617 4722 1646 4774 ὁ
1679 4721 1892 4792 Πατήρ.
1923 4721 1990 4774 Ei

380 4810 496 4880 γὰρ
525 4807 696 4877 φύσει
731 4807 865 4872 Θεὸς
894 4809 922 4860 ὁ
956 4807 1103 4873 Υίὸς,
1127 4807 1381 4878 καθάπερ
1409 4807 1503 4861 καὶ
1532 4809 1561 4862 6
1593 4807 1804 4879 Πατὴρ,
1829 4807 1994 4876 φύσει

378 4898 617 4968 ἀγαθὸς,
671 4897 836 4966 φύσει
878 4897 1232 4969 δημιουργὸς,
1283 4897 1446 4968 φύσει
1501 4897 1779 4968 βασιλεὺς,
1837 4899 1990 4954 ποῖον

379 4989 542 5044 ἔσται
569 4990 639 5042 τὸ
677 4987 864 5060 μεῖζον
893 4990 950 5044 ὲν
983 4990 1178 5060 Πατρὶ,
1213 4988 1430 5060 ἔχοντος
1460 4990 1603 5044 αὺτά
1638 4989 1860 5054 τελείως
1895 4990 1991 5044 καὶ⁹

379 5084 476 5138 τοῦ
510 5083 687 5149 Υἱοῦ;
717 5084 782 5136 Ei
816 5083 874 5136 δὲ
909 5083 987 5154 μη
1035 5082 1148 5152 ἔχει
1187 5081 1428 5147 τελείως,
1459 5080 1578 5146 πῶς
1611 5081 1743 5145 Θεὸς
1781 5083 1898 5134 ἐστι
1931 5080 1993 5134 τὺ

383 5171 424 5246 ᾧ
440 5195 495 5232 τι
511 5177 636 5231 τῶν
661 5173 886 5244 ἀγαθῶν
909 5175 1112 5240 ὲνδεεῖ;
1133 5174 1204 5228 Τὸ
1221 5174 1330 5244 γὰρ
1359 5171 1514 5227 οὔπω
1541 5172 1637 5242 τῆς
1667 5172 1992 5244 ὀφειλούσης

388 5273 679 5343 προσεῖναι
714 5266 835 5338 Θεῷ
868 5267 1204 5338 τελειότητος
1230 5265 1654 5336 ἐπειλημμένον,
1681 5265 1783 5318 οὐκ
1814 5263 1880 5318 ἂν
1907 5266 1994 5339 εἴη

384 5361 548 5430 φύσει
584 5359 730 5422 Θεός
751 5372 764 5387 ³
803 5356 966 5426 φύσει
993 5356 1052 5410 δὲ
1073 5356 1205 5420 Θεὸς
1232 5357 1261 5409 6
1281 5355 1430 5420 Υἱός⁶
1459 5354 1664 5418 τέλειος
1691 5354 1800 5425 ἄρα
1826 5353 1996 5408 καθά..

382 5469 493 5525 περ
538 5452 644 5506 καὶ
673 5450 702 5502 6
732 5452 947 5521 Πατήρ.
967 5449 1184 5520 Ἐπειδὴ
1229 5449 1286 5504 δὲ
1333 5449 1540 5513 τέλειος
1579 5450 1607 5503 6
1642 5447 1853 5519 Πατὴρ,
1895 5449 1998 5502 οὐκ

383 5547 636 5600 ἐλάττων
665 5543 895 5615 δηλαδή.
926 5541 1303 5614 Οἰκονομικῶς
1338 5543 1397 5597 δέ
1437 5560 1602 5615 φησιν
1647 5541 1842 5596 ἑαυτοῦ
1878 5541 2000 5613 μεί-

384 5638 521 5703 ζονα
548 5638 651 5692 τὸν
680 5634 977 5707 Πατέρα,ἢ
1003 5633 1141 5689 καθὸ
1165 5636 1388 5703 γέγονεν
1417 5632 1726 5706 ἄνθρωπος,
1745 5650 2001 5706 παραχωο

389 5731 500 5792 ρῶν
526 5731 600 5802 τῇ
628 5728 731 5800 τῆς
756 5727 1012 5798 θεότητος
1032 5726 1193 5797 φύσει
1216 5727 1276 5781 τὸ
1293 5726 1583 5798 ὑπερέχειν
1604 5726 1712 5780 τῶν
1732 5725 1994 5799 γενητῶν*

390 5825 484 5877 καὶ
513 5823 598 5893 τῷ
630 5819 780 5880 κατὰ
812 5819 976 5891 φύσιν
1003 5819 1194 5890 Κυρίῳ
1220 5819 1282 5875 τὸ
1307 5820 1418 5877 ἀνω
1453 5819 1664 5876 κεῖσθαι
1692 5819 1866 5884 διδοὺς
1901 5819 1998 5889 τῆς

2093 4624 2384 4694 doqnidem
2417 4640 2547 4696 ergo
2581 4627 2894 4683 necessario
2931 4643 3040 4684 una
3073 4643 3198 4683 eum
3236 4627 3401 4683 Patre
3436 4627 3670 4684 infertur

2091 4713 2286 4781 Filius,
2307 4716 2819 4785 age,examinemus
2849 4731 2958 4785 quo
2993 4728 3152 4787 pacto
3183 4717 3347 4773 Pater
3373 4719 3548 4788 major
3573 4719 3666 4776 sit.

2090 4803 2148 4859 Si
2184 4805 2328 4860 enim
2363 4804 2534 4860 Filius
2567 4812 2656 4860 cst
2685 4813 2881 4860 natura
2917 4807 3086 4872 Deus,
3119 4807 3578 4876 quemadmodum
3613 4817 3671 4865 et

2088 4897 2251 4952 Pater
2275 4907 2359 4954 est
2384 4906 2577 4954 natura
2608 4897 2804 4962 bonus,
2833 4907 3024 4954 natura
3052 4907 3291 4965 creator,
3323 4907 3518 4955 natura
3545 4915 3664 4967 rex,

2090 4989 2375 5059 qualenam
2403 4989 2514 5046 erit
2539 4990 2713 5060 majus
2743 4991 2798 5046 in
2828 4990 3010 5058 Patre,
3036 4991 3142 5062 91
3173 5006 3296 5048 cum
3321 5000 3378 5048 et
3406 4992 3576 5048 Filius
3605 5008 3669 5048 ea

2090 5079 2330 5150 perfecte
2372 5081 2601 5137 habeat?
2642 5081 2700 5137 Si
2742 5095 2870 5138 vero
2908 5081 3146 5153 perfecte
3185 5096 3294 5138 non
3338 5081 3521 5150 habet,
3563 5097 3674 5152 quo

2092 5181 2252 5242 pacto
2275 5173 2380 5228 dici
2401 5182 2580 5244 potest
2603 5175 2749 5229 Deus
2772 5174 2820 5230 is
2840 5176 2928 5230 cui
2956 5173 3174 5244 aliquod
3198 5174 3461 5228 bonorum
3487 5171 3674 5228 deest?

2095 5261 2154 5318 Id
2187 5263 2331 5318 enim
2363 5266 2506 5334 quod
2533 5279 2655 5319 eam
2685 5281 2808 5335 qua:
2841 5267 3017 5321 inesse
3045 5265 3156 5320 Deo
3187 5264 3347 5320 debet
3382 5263 3673 5334 perfectio-

2099 5369 2224 5408 nem
2255 5369 2358 5408 non
2391 5355 2585 5422 habet,
2610 5355 2754 5411 Deus
2779 5369 2971 5412 natura
2999 5371 3122 5412 csse
3148 5369 3253 5410 non
3281 5364 3493 5424 potest;
3523 5357 3674 5427 atqui

2096 5447 2267 5502 Filius
2306 5457 2392 5502 est
2433 5448 2575 5503 Deus
2617 5458 2810 5504 natura
2845 5467 2860 5504 :
2897 5447 3174 5519 perfectus
3211 5449 3375 5519 igitur
3407 5450 3674 5519 quemad-

2099 5539 2318 5595 modum
2342 5549 2396 5595 et
2418 5539 2599 5596 Pater.
2619 5539 2756 5595 Cum
2782 5553 2910 5594 vero
2935 5539 3206 5608 perfectus
3227 5539 3299 5593 sit
3321 5537 3504 5606 Pater,
3527 5549 3675 5593 certe

2100 5632 2278 5686 minor
2302 5648 2406 5686 non
2432 5641 2537 5687 est.
2562 5631 2832 5687 Caeterum
2859 5640 3107 5700 respectu
3133 5631 3528 5686 incarnationis
3552 5643 3673 5684 ma-

2095 5723 2272 5794 jorem
2300 5724 2430 5781 dicit
2456 5725 2694 5791 Patrem,
2722 5723 2838 5779 sive
2861 5732 3134 5793 quatenus
3161 5723 3341 5780 factus
3367 5731 3451 5778 est
3479 5723 3672 5788 homo;

2062 5897 2064 5899 γ
2105 5815 2349 5874 tribuens
2391 5816 2494 5876 hoc
2535 5825 2740 5876 natura:
2781 5815 3079 5875 divinitatis
3121 5814 3489 5891 ttt_crea_turis
3525 5823 3670 5868 ante-
