4106 6424
475 337 571 390 131

1502 337 1558 390 S.
1599 334 1875 392 CYRILLI
1917 337 2387 396 ALEXANDRINI
2427 340 2749 397 ARCHIEP.

3639 344 3741 399 15?.

474 452 668 519 cellat;
717 460 772 506 et
816 451 1046 508 Domino
1092 448 1389 508 secundum
1438 457 1688 504 naturam
1736 451 1840 506 hoc
1885 451 2052 506 ascri-

2161 451 2244 505 τοῦ
2267 451 2456 507 δούλου
2481 453 2714 525 μορφῆς,
2733 454 2782 507 εἰ
2808 451 2901 506 καὶ
2927 454 3010 508 ὅτι
3043 453 3280 524 μάλιστα
3302 454 3395 508 καὶ
3416 454 3577 520 αὑτὸς
3598 460 3742 512 κατὰ

473 549 608 601 hens
634 546 776 616 quod
803 543 988 600 servili
1016 542 1192 599 forma
1222 541 1382 611 longe
1411 540 1656 610 superior
1680 549 1762 596 est
1787 581 1802 607 ,
1832 543 2048 597 tametsi

472 637 635 692 etiam
679 637 794 706 ipse
828 636 1126 691 secundum
1164 643 1411 688 naturam
1447 631 1712 688 Dominus
1745 634 1851 699 sit;
1887 642 2051 703 atque

475 729 546 782 ita
585 729 802 799 quidem
845 729 1087 784 tribuens
1124 725 1294 792 Patri,
1333 735 1394 779 ut
1430 725 1602 794 major
1636 724 1728 792 sit,
1766 733 1829 779 ut
1869 734 2050 779 tamen

474 822 589 888 ipse
623 821 758 875 nihil
796 822 975 875 minus
1009 819 1206 874 habeat
1236 820 1450 873 ratione
1481 817 1749 873 essenlim.
1787 817 1864 871 Ita
1903 819 2050 873 enim

471 912 577 966 erit
605 928 790 966 verum
821 911 1069 980 genimen
1101 921 1264 980 atque
1294 910 1473 980 imago
1497 909 1796 975 Genitoris,
1823 909 2053 964 non-ali-

471 1015 575 1067 qua
606 1015 670 1055 ex
704 1011 858 1069 parte
888 1013 1145 1069 expressa
1165 1040 1178 1065 ,
1215 999 1309 1054 sed
1341 999 1711 1055 omnimodam
1743 1000 2051 1057 similitudi-

472 1106 594 1144 nem
631 1105 751 1145 cum
794 1092 910 1160 ipso
945 1091 1186 1156 habens;
1222 1074 1390 1145 solius
1419 1106 1550 1146 vero
1580 1093 1764 1148 decori
1798 1107 1964 1149 causa
1993 1101 2053 1149 ut

468 1181 638 1236 Filius
669 1181 933 1252 majorem
967 1182 1231 1237 honorem
1263 1181 1406 1236 Patri
1443 1183 1650 1237 tribuit.

541 1321 812 1376 Adversus
851 1320 1098 1386 dicentes,
1129 1322 1268 1390 quod
1307 1319 1468 1375 Pater
1495 1321 1564 1374 sit
1601 1321 1774 1390 major
1799 1319 1964 1375 Fiz'io.

919 1502 1158 1570 Obiectio
1189 1504 1581 1558 haereticorum.

536 1615 724 1682 Pater,
767 1616 1054 1684 inquiunt,
1100 1629 1320 1686 semper
1359 1625 1514 1680 erat,
1561 1614 1730 1669 Filius
1772 1627 1901 1669 vero
1943 1629 2049 1669 non

467 1721 682 1776 semper
715 1724 729 1760 :
763 1722 872 1776 quo
905 1717 1064 1777 pacto
1101 1706 1266 1774 igitur
1297 1721 1402 1762 non
1441 1707 1547 1761 erit
1583 1705 1754 1774 major
1783 1705 1874 1775 qui
1911 1720 2051 1760 sem-

2158 543 2320 612 φύσιν
2361 543 2584 615 Κύριος,
2634 546 2668 616 ἢ
2717 545 2777 598 τὸ
2822 546 3005 616 μεῖζον
3045 547 3391 617 παραχωρῶν
3433 548 3508 612 ὡς
3541 548 3738 620 Πατρὶ,

2158 637 2308 691 οὐδὲν
2347 637 2446 708 μὲν
2477 632 2639 708 ἦττον
2669 637 2807 709 ἔχων
2838 637 3001 692 αὑτοῦ
3032 637 3175 692 κατὰ
3203 639 3293 692 τὸν
3312 640 3412 710 τῆς
3445 640 3633 703 οὐσίας
3655 641 3744 694 λό-

2157 749 2274 800 γον.
2295 731 2452 786 Οὕτω
2478 731 2587 804 γὰρ
2611 732 2676 786 ἂν
2709 732 2794 803 εἴη
2823 732 2920 786 καὶ
2945 734 3170 802 γνήσιον
3195 733 3440 804 γέννημα
3462 735 3555 787 καὶ
3577 733 3742 788 είκὼν

2157 826 2326 889 ὅντως
2348 825 2443 880 τοῦ
2470 825 2882 895 γεγεννηκότος,
2911 827 2972 878 οὑ
3000 825 3140 878 κατά
3163 841 3214 877 τι
3240 826 3745 897 παρακεχαραγμέ-

2157 936 2246 987 νη,
2277 917 2392 972 ἀλλ’
2429 917 2723 989 ὁλόκληρον
2769 917 2908 988 πρὸς
2956 917 3120 970 αὑτὸν
3156 915 3404 980 σώζουσα
3430 918 3530 988 τὴν
3565 917 3742 988 ὲμφέο

2162 1027 2312 1082 ρειαν
2336 1027 2350 1040 ·
2397 1011 2487 1064 διὰ
2536 1011 2594 1064 δὲ
2645 1009 2807 1081 μόνον
2839 1010 2900 1061 τὸ
2929 1010 3142 1079 πρέπον
3186 1009 3262 1073 ὡς
3293 1010 3420 1076 Υἱὸς
3456 1009 3535 1082 τῷ
3564 1009 3743 1080 Πατρὶ

2157 1103 2326 1174 τιμὴν
2354 1102 2644 1173 ἀπονέμων
2671 1101 2769 1173 τὴν
2803 1101 3045 1173 μείζονα.

2157 1325 2317 1395 Πρὸς
2354 1325 2507 1395 ξτοὺς
2553 1327 2845 1396 λέγοντας
2869 1327 3014 1452 ,Υρτέ
3054 1325 3270 1396 μείζων
3307 1329 3342 1380 ὁ
3378 1328 3582 1398 Πατὴρ
3635 1331 3745 1386 τοῦ

2945 1416 3038 1451 ου.

2945 1416 3038 1451 ου.

2419 1509 2742 1577 Ἀντίθεσις
2778 1511 2858 1576 ὡς
2894 1510 2963 1563 ὲκ
3000 1510 3120 1566 τῶν
3157 1513 3490 1581 αΙρετικῶν.

2240 1624 2300 1676 Ὀ
2329 1622 2540 1694 Πατὴρ,
2575 1623 2759 1693 φησὶν,
2791 1618 2858 1693 ῆν
2891 1622 2996 1687 ἀεὶ,
3029 1625 3129 1678 οὑκ
3159 1624 3246 1678 ἀεὶ
3271 1625 3327 1678 δὲ
3365 1626 3393 1677 ὁ
3423 1625 3550 1688 Υἱός
3575 1641 3590 1654 θ
3629 1624 3750 1687 πῶς

2156 1711 2251 1770 οὖν
2279 1714 2380 1767 οὑκ
2411 1713 2562 1766 ἔσται
2599 1713 2800 1782 μείζων
2828 1715 2856 1765 6
2885 1714 2974 1766 die".
3006 1714 3267 1786 ὑπάρχων
3309 1715 3403 1768 τοῦ
3452 1715 3527 1786 μὴ
3570 1713 3750 1777 οὕτως

468 1814 564 1869 per
602 1799 822 1854 exsistit
855 1814 919 1854 eo
947 1800 1038 1868 qui
1069 1814 1174 1853 non
1205 1797 1455 1868 semper?
1479 1797 1588 1850 Aut
1615 1812 1722 1866 quo
1750 1809 1908 1866 pacto
1936 1813 2042 1852 non

2161 1809 2331 1869 5ντος;
2367 1802 2492 1865 Πῶς
2520 1802 2578 1855 δὲ
2603 1803 2705 1854 οὑκ
2738 1802 2976 1856 ἐλάττων
3004 1803 3096 1856 τοῦ
3127 1801 3316 1868 ἀϊδίως
3341 1805 3682 1875 ὑπάρχοντος
3720 1805 3752 1858 ὁ

465 1893 538 1946 sit
571 1892 749 1947 minor
778 1907 843 1946 eo
875 1892 965 1962 qui
1000 1893 1068 1947 ab
1104 1901 1308 1946 aeterno
1338 1890 1556 1945 exsistit
1592 1889 1637 1944 is
1666 1892 1758 1959 qui
1809 1900 2048 1946 :eternus

466 1996 572 2036 non
618 1982 739 2037 est?
783 1981 839 2036 Si
882 1996 1010 2036 vero
1057 1981 1228 2050 major
1267 1988 1352 2037 est
1396 1981 1563 2037 Pater
1603 1981 1775 2047 Filio,
1823 1981 2052 2038 diversa:

463 2073 624 2128 etiam
653 2074 906 2129 essentia:
934 2074 1004 2129 ab
1033 2073 1149 2144 ipso
1179 2073 1307 2128 erit.

963 2206 1170 2262 Salutio
1207 2207 1543 2277 objectionis.

538 2323 838 2396 Oportebat
867 2338 999 2378 sane
1032 2339 1137 2378 non
1174 2324 1249 2378 ita
1286 2325 1468 2393 inepte
1498 2332 1661 2394 atque
1693 2324 1904 2379 ruditer
1931 2339 2052 2394 pro-

462 2415 590 2482 poni
621 2427 843 2482 gravem
877 2413 1018 2468 hanc
1039 2455 1054 2478 ,
1087 2421 1145 2467 et
1177 2413 1473 2482 imperitiae
1499 2422 1694 2468 vestrae
1724 2415 2053 2470 convenien-

462 2516 574 2561 tem
603 2508 983 2576 quzestionem.
1009 2504 1146 2560 Nam
1173 2521 1295 2562 cum
1322 2507 1691 2561 diversitatem
1718 2508 1970 2562 essentiae
1997 2507 2049 2560 in

460 2596 624 2652 Patre
647 2605 702 2651 et
728 2595 867 2651 Filio
893 2597 1120 2667 urgetis,
1149 2597 1402 2667 imperite
1429 2597 1722 2653 admodum
1751 2613 1818 2652 ex
1847 2597 2052 2666 majore

460 2697 517 2743 ct
545 2689 755 2744 minore
782 2689 834 2744 id
863 2690 1093 2758 probare
1119 2689 1353 2745 studetis
1385 2707 1398 2743 :
1429 2691 1655 2760 proinde
1679 2705 1741 2745 ac
1769 2690 1812 2744 si
1842 2705 1902 2744 ea
1930 2705 2052 2760 quae

459 2781 655 2837 horum
692 2783 910 2852 capacia
948 2791 1096 2846 sunt,
1129 2784 1442 2837 necessario
1478 2784 1619 2838 inter
1650 2797 1709 2837 se
1744 2783 2048 2837 substantia

460 2871 736 2930 differant.
760 2873 926 2943 Atqui
960 2874 1156 2944 lapidis
1184 2875 1403 2944 quidem
1433 2875 1499 2929 ad
1529 2875 1786 2944 lapidem,
1817 2875 1943 2944 ligni
1979 2874 2048 2928 ad

454 2964 702 3036 lignum,
734 2965 968 3020 hominis
1000 2966 1066 3019 ad
1098 2965 1409 3030 hominem,
1443 2965 1763 3019 substantiae
1795 2965 1934 3018 ratio
1967 2971 2050 3017 est

460 3057 673 3112 eadem.
705 3058 919 3112 Accidit
953 3067 1132 3112 tamen
1172 3059 1302 3128 ipsis
1335 3068 1391 3114 et
1419 3053 1599 3129 majus
1632 3069 1684 3112 et
1724 3059 1928 3111 minus.
1961 3056 2050 3110 Li-

459 3160 623 3216 gnum
654 3147 800 3202 enim
831 3148 977 3218 ligno
1009 3148 1187 3217 majus
1217 3150 1516 3204 secundum
1549 3150 1775 3218 aliquid,
1805 3161 1856 3203 et
1887 3148 2048 3202 vicis-
2080 3204 2118 3223 η

460 3239 563 3294 sim
598 3240 778 3297 minus
811 3252 1056 3311 apparet.
1087 3242 1221 3298 Cum
1258 3243 1424 3314 igitur
1450 3244 1615 3299 etiam
1651 3245 1716 3299 iis
1747 3260 1866 3314 qua:
1900 3243 2046 3310 ejus-
2077 3207 2119 3261 ϐ

461 3333 580 3387 dem
609 3333 930 3390 substantia:
956 3345 1080 3389 sunt
1109 3338 1285 3407 majus
1309 3346 1366 3391 et
1393 3337 1571 3391 minus
1600 3337 1832 3402 accidat,
1866 3337 2050 3401 inepte

460 3440 560 3480 vos
598 3441 664 3480 ex
705 3427 808 3481 hoc
842 3428 1217 3484 diversitatem
1253 3432 1506 3486 essentia:
1541 3431 1594 3485 in
1629 3429 1790 3485 Patre
1823 3443 1876 3484 et
1908 3429 2049 3484 Filio

461 3517 844 3575 demonstrare
892 3521 1159 3587 nitimini,
1199 3532 1544 3590 vestramque
1590 3523 1915 3576 dementiam
1964 3521 2050 3575 ni-

462 3611 760 3667 hilominus
801 3629 898 3680 per
931 3614 1048 3669 hmc
1081 3614 1393 3670 declaratis.
1431 3614 1682 3686 Equalis
1716 3616 1862 3668 enim
1900 3613 2047 3667 Patri

461 3703 735 3758 exsistens
760 3703 966 3771 Filius,
997 3705 1264 3761 minorem
1295 3721 1355 3763 se
1387 3705 1515 3761 facit
1549 3706 1758 3762 ratione
1789 3705 2046 3760 incarna-

464 3794 647 3864 tionis,
679 3806 740 3852 ut
764 3795 1022 3852 diximus.

1041 4093 1159 4166 492
1199 4094 1431 4155 ALIUD.

533 4230 668 4298 Qua:
711 4229 943 4285 naturali
990 4231 1132 4286 inter
1170 4246 1231 4287 se
1276 4232 1634 4287 similitudine
1675 4247 1782 4287 non
1833 4230 2053 4299 conjun-

463 4331 685 4394 guntur,
719 4332 774 4377 et
807 4323 1020 4378 ratione
1052 4323 1303 4380 essentia:
1337 4323 1613 4388 dilferunt,
1655 4338 1751 4392 per
1783 4323 1966 4377 simile
1998 4331 2055 4376 et

465 4415 761 4480 dissimile,
792 4431 898 4470 non
932 4432 1063 4472 vero
1094 4433 1189 4486 per
1221 4418 1395 4487 majus
1423 4426 1477 4470 et
1510 4417 1688 4469 minus
1718 4414 2052 4468 discernun-

2160 1899 2233 1970 μὴ
2266 1896 2433 1959 ἀΐδιος
2465 1895 2571 1961 ῶν;
2621 1896 2683 1948 Ei
2715 1894 2771 1948 δὲ
2818 1894 3022 1965 μείζων
3051 1899 3078 1949 ὁ
3106 1898 3297 1968 Πατὴρ
3329 1897 3422 1950 τοῦ
3456 1897 3610 1964 Υίοῦ,
3650 1895 3754 1950 καὶ

2155 1987 2494 2060 ὲτεροούσιος
2523 1986 2629 2057 ἄρα
2666 1985 2802 2058 πρὸς
2828 1987 3014 2042 αὑτόν.

2629 2208 2788 2277 Πρὸς
2826 2206 3014 2262 ταῦτα
3050 2208 3253 2276 λύσις.

2243 2323 2459 2394 Ἐχρῆν,
2495 2316 2541 2377 ὦ
2569 2321 2860 2392 βέλτιστοι,
2893 2322 2969 2392 μὴ
3016 2321 3136 2375 λίαν
3189 2321 3333 2376 οὑτω
3368 2321 3555 2385 κακῶς
3611 2319 3757 2392 μηδὲ

2156 2415 2396 2484 ἀτέχνως
2425 2412 2748 2484 προκεῖσθαι
2774 2412 2835 2464 τὸ
2859 2413 3024 2482 σοφὸν
3048 2413 3113 2484 δὴ
3137 2412 3296 2487 τοῦτο
3328 2415 3428 2484 τῆς
3457 2415 3486 2466 ὑ
3496 2417 3587 2484 μίν
3611 2431 3755 2485 πρε-

2157 2507 2366 2576 πούσης
2413 2505 2654 2576 ἀμαθίας
2705 2503 3021 2575 πρόϐλημα.
3057 2505 3418 2577 Είσφέροντες
3461 2507 3568 2577 γὰρ
3615 2508 3760 2576 ἡμῖν

2155 2597 2248 2652 ὲπί
2277 2615 2335 2651 τε
2365 2596 2579 2667 Πατρὸς
2609 2595 2706 2656 καὶ
2736 2594 2867 2648 Υἱοῦ
2896 2596 2957 2648 τὸ
2987 2596 3347 2666 ἑτεροούσιον,
3375 2598 3484 2650 ἀπὸ
3513 2598 3604 2651 τοῦ
3632 2596 3764 2668 μεί-

2157 2689 2307 2754 ζονος
2331 2689 2426 2742 καὶ
2457 2687 2550 2740 τοῦ
2587 2688 2868 2750 ἐλάττονος
2896 2687 2994 2757 τὴν
3019 2688 3294 2755 ἀπόδειξιν
3317 2689 3550 2760 ἀμαθῶς
3577 2691 3762 2742 ποιεῖ.

2158 2783 2282 2836 σθαι
2341 2780 2694 2845 σπουδάζετε,
2745 2778 2936 2850 ὥσπερ
2979 2781 3294 2849 ἀναγκαίως
3333 2781 3567 2851 ἐχόντων
3615 2780 3762 2850 πρὸς

2155 2874 2360 2945 ἄλληλα
2388 2873 2485 2943 τὴν
2515 2872 2988 2943 ὲτεροουσιὸτητα,
3009 2873 3116 2925 τῶν
3145 2872 3245 2925 ὅσα
3272 2871 3475 2926 τούτων
3506 2872 3760 2941 πέφυκεν

2155 2963 2294 3018 εἶναι
2341 2965 2586 3018 δεκτικά.
2622 2964 2816 3018 Καίτοι
2851 2964 2991 3036 ξύλῳ
3034 2965 3132 3036 μὲν
3183 2965 3347 3018 παντὶ
3395 2965 3534 3034 πρὸς
3568 2957 3757 3030 ξύλον,

2155 3057 2251 3111 καὶ
2282 3057 2414 3128 λίθῳ
2461 3058 2597 3128 πρὸς
2627 3056 2797 3122 λίθον,
2831 3059 2926 3110 καὶ
2959 3055 3229 3127 ἀνθρώπῳ
3255 3054 3411 3126 ’πρὸς
3443 3055 3759 3126 ἄνθρωπον,

2154 3151 2254 3218 τῆς
2291 3147 2389 3218 μὲν
2423 3147 2610 3210 οὑσίας
2655 3150 2684 3200 6
2730 3147 2888 3214 λόγος
2916 3149 2942 3200 6
2969 3147 3152 3208 αὑτός.
3211 3147 3480 3217 Πρόσεστι
3514 3145 3570 3198 δὲ
3602 3147 3762 3210 ὅμως

2161 3241 2256 3294 καὶ
2287 3240 2345 3292 τὸ
2377 3240 2560 3310 μεῖζον
2598 3240 2693 3292 καὶ
2738 3239 2797 3292 τὸ
2827 3239 3046 3314 ἔλαττον
3067 3257 3080 3269 ο
3114 3239 3272 3304 ξύλον
3300 3238 3408 3309 γὰρ
3441 3236 3597 3302 ξύλου
3631 3239 3763 3307 μεῖ-

2162 3334 2254 3397 ζον
2307 3334 2448 3386 κατά
2486 3351 2558 3396 τι,
2593 3334 2688 3385 καὶ
2747 3333 2910 3385 πάλιν
2966 3333 3168 3403 ὁμοίιος
3225 3332 3444 3384 ἔλαττον
3479 3332 3759 3400 φαίνεται.

2173 3424 2554 3493 Ἐμὸαίνοντος
2585 3425 2763 3476 τοίνυν
2807 3426 2902 3476 καὶ
2945 3425 3038 3478 ἐπὶ
3088 3425 3198 3477 τῶν
3233 3425 3535 3494 ὁμοουσίων
3571 3422 3664 3475 τοῦ
3695 3440 3762 3476 τε

2163 3516 2408 3586 μείζονος
2440 3517 2532 3569 καὶ
2562 3515 2654 3567 τοῦ
2687 3517 2993 3580 ἐλάττονος,
3029 3518 3301 3590 περιττῶς
3336 3519 3496 3587 ὑμεῖς
3521 3518 3613 3568 ἐπὶ
3640 3517 3763 3568 Πα-

2156 3609 2287 3679 τρὸς
2331 3609 2424 3661 καὶ
2458 3607 2588 3660 Υἱοῦ
2627 3609 2835 3679 ταύτην
2863 3609 3138 3676 ἀπόδειξιν
3168 3609 3407 3664 ποιεῖσθε
3434 3608 3528 3662 τοῦ
3565 3609 3760 3678 ἑτερο-

2155 3701 2369 3754 ουσίουο
2405 3701 2496 3753 καὶ
2529 3699 2619 3753 διὰ
2641 3699 2845 3752 τούτων
2874 3701 2931 3754 δὲ
2956 3701 3110 3754 οὑδὲν
3142 3694 3304 3772 ἦττον
3330 3702 3394 3772 λη
3407 3701 3626 3772 ροῦντες
3659 3702 3761 3754 εὑ-

2161 3794 2586 3866 ρίσκεσθε.”ισος
2623 3793 2733 3862 γὰρ
2781 3792 3044 3864 ὑπάρχων
3094 3793 3121 3846 ὁ
3152 3793 3282 3856 Υἱὸς
3326 3795 3404 3866 τῷ
3444 3794 3640 3863 Πατρὶ,
3687 3789 3757 3845 τὸ

2159 3891 2379 3945 ἔλαττον
2429 3891 2512 3959 ἐφ’
2541 3887 2732 3942 ἑαυτοῦ
2777 3887 2991 3960 τίθησιν
3026 3888 3407 3960 οἰκονομικῶς,
3459 3891 3534 3954 ὡς
3579 3888 3762 3942 δέδει-

2163 3998 2307 4034 κται.

2845 4097 3052 4152 ΑΛΛΟ.

2229 4223 2310 4278 Τὰ
2339 4224 2440 4294 τῆς
2468 4225 2602 4296 πρὸς
2635 4225 2841 4296 ἄλληλα
2887 4227 3125 4298 φυσικῆς
3169 4227 3486 4300 ὁμοιότητος
3518 4228 3757 4301 ἐστερηο

2161 4319 2317 4385 μένα,
2351 4317 2444 4368 καὶ
2478 4316 2618 4370 κατὰ
2643 4318 2737 4370 τὸν
2765 4316 2860 4371 τοῦ
2897 4336 3014 4382 πως
3045 4316 3187 4372 εἶναι
3216 4318 3374 4388 λόγον
3403 4321 3758 4392 διεστηκότα,

2156 4407 2234 4476 τῷ
2262 4408 2435 4478 ὁμοίῳ
2469 4409 2566 4462 καὶ
2589 4409 2667 4478 τῷ
2702 4410 2941 4482 ἀνομοίῳ
2973 4412 3220 4482 κρίνεται
3258 4413 3482 4484 μᾶλλον,
3506 4415 3600 4467 καὶ
3630 4415 3758 4468 οὑδὲ

467 4518 574 4561 tur.
598 4505 655 4561 Si
679 4520 807 4582 ergo
833 4523 995 4563 unum
1021 4521 1104 4564 est
1131 4507 1291 4562 Pater
1311 4517 1365 4562 et
1389 4506 1558 4561 Filius
1585 4507 1796 4558 ratione
1823 4514 2049 4570 natum,

2161 4518 2264 4554 που
2311 4501 2388 4572 τῷ
2422 4519 2482 4554 τε
2521 4501 2729 4571 μείζονι
2783 4503 2875 4556 καὶ
2920 4503 2999 4576 τῷ
3046 4505 3312 4559 ἐλάττονι.
3345 4508 3407 4560 Εἰ
3441 4507 3539 4578 μὲν
3569 4503 3661 4562 οὖν
3692 4509 3760 4562 ’ἐν

466 4599 650 4654 dicant
673 4601 832 4656 nobis
856 4602 1038 4658 acerbi
1067 4601 1155 4656 isti
1181 4601 1599 4669 disceptatores,
1625 4599 1902 4668 quomodo
1932 4612 2049 4650 ma-

460 4689 551 4756 jus
575 4700 632 4747 et
659 4691 838 4746 minus
867 4693 948 4748 eis
974 4702 1284 4762 competere
1317 4691 1555 4761 poterit?
1583 4689 1640 4744 Si
1670 4702 1799 4742 vero
1828 4689 2052 4742 alterius

465 4781 624 4850 plane
658 4783 997 4856 diversaeque
1031 4801 1062 4840 a
1098 4785 1261 4840 Patre
1294 4785 1552 4839 essentiae
1588 4783 1785 4837 Filium
1821 4796 1943 4837 esse
1979 4782 2054 4834 die

466 4874 608 4941 citis,
636 4889 744 4944 quo
770 4858 929 4944 pacto
955 4891 1019 4931 ea
1047 4891 1167 4945 qua:
1196 4877 1354 4944 plane
1381 4873 1632 4930 essentia:
1662 4874 1874 4929 ratione
1905 4875 2047 4928 inter

465 4967 866 5036 se’dissident,
905 4970 1216 5041 comparari
1257 4970 1399 5024 inter
1434 4983 1493 5024 se
1532 4969 1826 5037 poterunt?
1865 4968 2051 5037 Neque

466 5059 612 5113 enim
657 5075 763 5114 non
806 5061 1066 5117 ridiculus
1107 5074 1231 5116 esse
1272 5061 1462 5129 possit,
1505 5059 1597 5129 qui
1639 5073 1758 5128 qua:
1797 5059 1938 5112 nulla
1987 5074 2056 5113 ex

468 5161 620 5219 parte
648 5153 976 5208 conveniant
1007 5155 1150 5208 inter
1179 5167 1238 5206 se
1270 5152 1620 5220 compararit,
1653 5153 1854 5220 quique
1882 5151 2050 5205 solem

469 5245 614 5314 ligno
655 5245 1076 5316 splendidiorem
1127 5245 1312 5300 dicere
1356 5244 1604 5299 voluerit.
1648 5245 1702 5298 Si
1754 5260 1881 5314 ergo
1937 5258 2056 5312 qua:

470 5338 667 5392 diversi
699 5339 916 5409 generis
943 5345 1089 5401 sunt,
1115 5353 1144 5391 a
1173 5347 1356 5392 mutua
1386 5337 1526 5393 inter
1551 5353 1609 5394 se
1633 5338 2055 5407 comparatione

468 5430 768 5487 abhorrent
800 5453 810 5486 :
843 5431 1027 5500 inepta
1065 5438 1213 5486 certe
1247 5441 1330 5487 est
1364 5432 1679 5501 propositio,
1715 5448 1840 5500 quae
1880 5430 2057 5500 majus

468 5530 524 5575 et
555 5522 736 5576 minus
769 5521 916 5575 Patri
954 5531 1010 5576 et
1049 5521 1183 5577 Filio
1219 5524 1632 5588 accommodat,
1670 5525 1713 5579 si
1754 5522 1912 5576 modo
1946 5537 2052 5576 non

468 5613 710 5683 ejusdem
735 5655 750 5677 ,
773 5613 928 5681 juxta
958 5626 1196 5671 vestram
1227 5616 1534 5688 opinionem
1558 5656 1572 5683 ,
1606 5627 1734 5672 sunt
1762 5614 2016 5670 essentia:
2041 5653 2057 5679 ,

473 5716 668 5774 etquae
693 5721 812 5760 eam
838 5709 1090 5764 essentia:
1113 5709 1480 5766 diversitatem
1508 5711 1867 5770 demonstrat,
1893 5721 2056 5777 quam

467 5799 664 5854 nescio
685 5800 822 5856 unde
841 5803 1201 5874 excogitarint
1220 5805 1282 5861 de
1303 5812 1497 5860 natura
1517 5802 1756 5859 omnium
1777 5814 2051 5871 suprema,

2164 4593 2309 4646 ἐστιν
2337 4594 2364 4644 6
2392 4592 2580 4664 Πατὴρ
2611 4592 2687 4657 ὡς
2714 4595 2850 4666 πρὸς
2870 4596 2962 4649 τόν
2989 4597 3115 4650 Υίὸν
3143 4598 3285 4651 κατὰ
3305 4598 3396 4652 τὸν
3418 4599 3516 4669 τῆς
3539 4599 3762 4668 φύσεως

2158 4682 2336 4752 λόγον,
2370 4685 2676 4753 λεγέτωσαν
2723 4687 2856 4757 ἡμῖν
2903 4690 2952 4740 oi
3002 4689 3192 4758 πικροὶ
3248 4691 3568 4762 συζητηταὶ,
3610 4691 3760 4746 κατὰ

2162 4778 2284 4831 τίνα
2331 4779 2532 4848 τρόπον
2569 4780 2809 4849 χωρήσει
2853 4780 2942 4833 ἐπ’
2968 4781 3150 4835 αὑτῶν
3198 4782 3259 4835 τὸ
3314 4783 3497 4853 μεῖζον
3549 4785 3643 4836 καὶ
3690 4784 3760 4836 τὸ

2163 4868 2402 4935 ἕλαττον;
2421 4869 2486 4922 Ei
2508 4869 2566 4921 δὲ
2586 4870 2762 4941 πάντη
2783 4870 3078 4941 διεστηκὼς
3108 4873 3198 4926 καὶ
3227 4875 3631 4945 κεχωρισμένος
3653 4875 3760 4944 τῆς

2164 4961 2257 5016 τοῦ
2291 4962 2504 5034 Πατρὸς
2531 4962 2720 5026 οὐσίας
2743 4964 2771 5015 ό
2800 4963 2928 5027 Υἱὸς
2967 4966 3299 5036 εἰσφέρεται,
3332 4968 3524 5039 ἐτέρας
3557 4984 3616 5020 τε
3648 4967 3757 5037 φύ-

2169 5071 2303 5116 σεως
2329 5053 2659 5124 ὑπείληπται
2684 5059 2814 5126 παρ’
2831 5055 2980 5126 ὑμῖν,
2997 5057 3115 5121 πῶς
3136 5057 3204 5110 τὰ
3228 5059 3405 5131 πάντη
3429 5059 3758 5130 διεστηκότα

2167 5146 2309 5200 κατά
2335 5147 2426 5201 τὸν
2471 5148 2564 5202 τοῦ
2601 5166 2716 5214 πως
2746 5148 2887 5203 εἶναι
2914 5150 3075 5218 λόγον
3099 5151 3196 5222 τὴν
3224 5152 3358 5221 πρὸς
3385 5152 3589 5223 ἄλληλα
3619 5152 3754 5222 σύγ-

2170 5257 2349 5309 κρισιν
2387 5240 2726 5306 ἐπιδέξεταις
2757 5244 2831 5295 Οὑ
2869 5242 2978 5312 γὰρ
3016 5243 3080 5312 δή
3132 5260 3216 5307 τις
3258 5243 3362 5310 ἔξω
3409 5244 3757 5315 γελοιότητος

2169 5331 2408 5386 κείσεται
2425 5334 2491 5387 τὰ
2520 5335 2659 5388 κατὰ
2690 5335 2853 5406 μηδὲν
2874 5336 3126 5404 ἀλλήλοις
3146 5336 3506 5391 κοινωνοῦντα
3528 5337 3756 5409 συγκρί-

2169 5442 2296 5493 νων,
2332 5429 2425 5480 καλ⁴
2455 5428 2606 5498 ἥλιον
2638 5429 2794 5492 ξύλου
2837 5429 3011 5499 λέγων
3059 5425 3198 5482 εἶναι
3246 5429 3646 5501 λαμπρότερον.
3685 5431 3751 5484 Ei

2165 5519 2348 5572 τοίνυν
2381 5519 2447 5572 τὰ
2476 5521 2762 5592 ἑτερογενῆ
2796 5523 2888 5575 καὶ
2919 5520 3016 5592 τὴν
3055 5522 3192 5591 πρὸς
3222 5521 3426 5591 ἄλληλα
3459 5521 3748 5592 σύγκρισιν

2167 5611 2584 5683 παραιτούμενα
2629 5612 2892 5682 φαίνεται,
2926 5613 3250 5679 ἀπαίδευτος
3299 5616 3332 5685 ἡ
3389 5614 3650 5686 πρότασις
3689 5613 3749 5667 τὸ

2175 5703 2356 5774 μεῖζον
2401 5706 2494 5758 καὶ
2528 5707 2589 5756 τὸ
2621 5705 2839 5760 ἔλαττον
2871 5707 2962 5760 ἐπὶ
3010 5705 3142 5760 Υίοῢ
3173 5708 3266 5761 καὶ
3300 5707 3515 5777 Πατρδς
3564 5705 3746 5774 εἰσφέ-

2171 5813 2355 5867 ρουσα,
2390 5797 2545 5868 εἴπερ
2583 5799 2716 5854 είτὶν
2753 5801 2810 5853 οὑ
2857 5801 2955 5871 τῆς
2984 5800 3158 5872 αὐτῆς
3189 5801 3397 5870 οὐσίας,
3426 5799 3546 5854 καθ’
3575 5801 3739 5870 ὑμᾶς,
