4106 6428
579 346 685 404 155

1257 463 1488 521 ALIUD.

652 576 709 632 Si
745 591 843 648 per
873 576 1185 647 passionem
1221 577 1416 635 mortis
1448 577 1794 635 imminutum
1826 578 2012 635 Iesum
2046 595 2170 637 cer-

581 668 797 732 nimus,
831 667 989 736 juxta
1031 669 1179 725 Pauli
1218 680 1404 726 voce‘m
1427 668 1494 739 “,
1529 685 1661 743 ergo
1694 680 1823 728 ante
1857 672 2170 742 passionem

582 759 764 816 minus
800 760 853 816 in
894 761 1011 832 ipso
1046 776 1151 816 non
1187 770 1328 817 erat.
1363 761 1497 817 Cum
1534 778 1663 822 vero
1700 763 1790 820 hic
1825 764 2006 829 dicat,
2043 779 2169 834 per—

580 850 783 906 fectum
809 852 983 923 ipsum
1010 867 1131 908 esse
1155 868 1381 909 necesse
1403 864 1509 910 est.
1532 854 1667 911 Cum
1693 866 1873 914 autem
1900 857 2172 927 perfectus

583 943 657 997 slt
686 942 872 1009 Filius,
903 953 958 998 et
989 942 1307 1014 perfectioni
1339 944 1521 1003 Patris
1549 946 1886 1017 adaequatus,
1921 960 2073 1004 certe
2102 948 2173 1004 il-

583 1033 677 1090 lud
703 1036 1082 1092 haereticorum
1108 1037 1308 1104 minus,
1337 1037 1514 1093 locum
1548 1038 1604 1094 in
1635 1040 1753 1111 ipso
1785 1055 1894 1097 non
1926 1041 2170 1097 habebit.

1260 1239 1492 1297 ALIUD.

650 1373 875 1443 Paulus,
911 1374 1216 1433 testiﬁcans
1243 1378 1612 1449 aequalitatem
1630 1394 1750 1452 qua:
1768 1379 1909 1437 Filio
1923 1396 2045 1438 cum
2074 1380 2176 1437 Pa-

583 1474 665 1522 tre
709 1466 1022 1534 intercedit,
1057 1467 1257 1524 alicubi
1302 1469 1375 1525 ita
1423 1470 1599 1540 inquit
1635 1489 1649 1525 :
1692 1490 1712 1525 ι
1752 1471 1855 1539 Qui
1900 1473 1953 1528 in
1999 1472 2172 1529 forma

579 1556 759 1613 Patris
792 1559 1063 1614 exsistens
1097 1576 1204 1615 non
1242 1562 1483 1633 rapinam
1518 1565 1813 1621 arbitratus
1847 1574 1930 1621 est
1963 1579 2022 1621 se
2053 1580 2175 1625 esse

579 1649 845 1719 aequalem
876 1650 1008 1708 Deo.
1043 1673 1060 1705 ι
1096 1654 1238 1709 Dicit
1268 1670 1401 1712 vero
1426 1657 1591 1713 etiam
1619 1657 1795 1727 ipsum
1826 1658 2172 1715 imminutum

583 1743 753 1799 fuisse
797 1760 896 1818 per
930 1747 1234 1817 passionem
1276 1750 1490 1805 mortis.
1528 1751 1662 1807 Cum
1705 1752 1872 1823 igitur
1908 1753 2022 1808 ﬁeri
2066 1770 2172 1809 non

1619 348 1675 404 S.
1719 347 1988 406 CYBIILI
2027 348 2503 409 ALEXANDlllPIl
2542 351 2865 412 ARCHIEP.

2197 473 2245 530 Α

3759 360 3860 418 156

2961 469 3168 528 AAAO.

2344 580 2408 636 Εἰ
2434 580 2525 637 διὰ
2554 580 2617 638 τὸ
2646 580 2878 652 πάθημα
2905 581 3003 636 τοῦ
3038 580 3273 638 θανάτου
3313 582 3587 657 βλέπομεν
3619 586 3861 658 ἠλαττω-

2276 671 2438 744 μένον
2465 672 2557 727 τὸν
2599 673 2828 742 Ἰησοῦν,
2862 675 3007 729 κατά
3029 675 3132 748 τὴν
3162 675 3259 732 τοῦ
3285 677 3501 733 Παύλου
3537 680 3864 752 φωιὼν,πρὺ

2271 761 2368 818 τοῦ
2395 762 2605 827 πάθους
2625 762 2736 833 ἄρα
2762 763 2824 816 τὸ
2857 762 3081 819 ἔλαττον
3109 765 3212 819 οὐκ
3233 760 3305 838 ἦν
3326 767 3384 821 ἐν
3416 767 3586 838 αὐτῷ.
3606 769 3865 834 Εἰπόντος

2272 851 2331 908 δὲ
2369 851 2660 917 τυύτου,τδ
2679 848 2822 908 εἶναι
2844 853 3058 909 τέλειον
3090 856 3258 912 αὐτὸν
3284 857 3579 913 εἰσϐαίνειν
3620 859 3860 932 ἀνάγκη.

2274 945 2492 1009 Τέλειος
2526 945 2585 999 δὲ
2612 945 2692 1000 ῶν
2727 948 2756 1001 6
2791 945 2942 1012 Υίδς,
2973 949 3068 1002 καὶ¹
3090 950 3159 1019 τῇ
3194 948 3288 1002 τοῦ
3328 948 3544 1021 Πατρὺς
3566 950 3863 1022 τελειότητι

2274 1035 2701 1107 παρισούμενος,
2730 1037 2832 1091 οὐκ
2857 1037 3164 1107 ὲπιδέξεται
3197 1039 3444 1111 δηλονότι
3464 1039 3573 1096 τῶν
3591 1040 3862 1112 ἀνομοίων

2274 1128 2336 1183 τὸ
2364 1128 2640 1185 ἔλαττον.

2961 1244 3172 1300 AAAU.

2344 1380 2459 1452 Τὴν
2488 1380 2709 1451 ίσότητα
2735 1379 2813 1453 τῷ
2841 1379 2959 1453 Υίῷ
3003 1379 3448 1454 προσμαρτυρῶν
3479 1382 3509 1437 6
3544 1381 3760 1448 Παῦλος
3802 1383 3878 1456 ἢνΔ

2275 1473 2390 1548 ἔχει
2436 1474 2576 1548 πρὸς
2624 1474 2714 1528 τὸν
2756 1473 3011 1545 Πατέρα,
3048 1473 3186 1546 φησί
3219 1490 3323 1527 που
3357 1473 3579 1544 σαφῶς·
3633 1476 3766 1540 «⁸ος
3815 1477 3872 1530 ὲν

2278 1563 2460 1634 μορφῇ
2514 1560 2651 1616 Θεοῦ
2696 1561 2980 1635 ὑπάρχων,
3021 1562 3121 1636 οὐχ
3171 1563 3470 1635 ἁρπαγμὸν
3522 1564 3772 1637 ἡγήσατο
3812 1566 3874 1619 τὸ

2275 1649 2415 1708 εἶναι
2445 1653 2538 1708 ἴσα
2561 1651 2702 1725 Θεῷ.
2737 1673 2757 1707 ι
2813 1653 2978 1723 Λέγει
3002 1653 3062 1708 δὲ
3093 1654 3259 1710 αὑτὸν
3288 1654 3385 1709 καὶ
3410 1656 3759 1727 ὴλαττῶσθαι
3782 1656 3875 1713 διά

2275 1743 2338 1798 τὸ
2367 1742 2599 1814 πάθημα
2629 1742 2725 1798 τοῦ
2760 1743 3019 1799 θανάτου.
3054 1746 3171 1802 Οὐκ
3206 1747 3560 1819 ἐνδεχομένου
3582 1747 3875 1820 τοιγαροῦν

580 1836 755 1905 possit
794 1846 852 1893 ut
896 1838 962 1894 de
1002 1854 1110 1895 uno
1151 1850 1317 1910 atque
1357 1842 1548 1898 eodem
1590 1843 1758 1901 simul
1797 1845 2174 1916 significentur

2285 1836 2358 1906 ἐφ’
2389 1835 2509 1899 ἑνὸς
2547 1837 2645 1892 καὶ
2678 1837 2774 1891 τοῦ
2810 1836 2978 1892 αὐτοῦ
3011 1839 3381 1913 σημαίνεσθαι
3405 1839 3544 1912 ὁμοῦ
3575 1841 3640 1895 τό
3665 1856 3725 1896 τε
3747 1841 3875 1913 μαῖ-

581 1928 755 2000 majus
795 1940 851 1985 et
898 1932 1080 1989 minus
1124 1936 1486 2003 naturaliter;
1537 1940 1891 2005 quaerendum
1939 1947 2023 1995 est
2063 1955 2173 2008 quo

578 2030 738 2090 pacto
773 2031 1065 2093 utrmnqne
1099 2025 1153 2080 in
1194 2025 1304 2081 Dco
1341 2027 1517 2084 Verbo
1555 2029 1848 2093 tuebimur,
1885 2041 1940 2087 et
1976 2033 2031 2087 in
2066 2048 2174 2088 uno

575 2127 641 2167 ac
674 2112 792 2168 solo
826 2116 932 2170 duo
967 2117 1080 2172 hanc
1113 2117 1220 2174 sita
1253 2133 1376 2173 esse
1408 2127 1737 2175 statuemus.
1766 2122 1880 2196 94
1909 2122 2173 2192 Quocirca

576 2214 850 2273 quatenus
885 2217 1078 2264 natura
1114 2224 1211 2264 sua
1250 2210 1394 2267 Deus
1425 2220 1530 2277 est,
1562 2213 1792 2283 aequalis
1822 2226 1906 2271 est
1939 2216 2048 2272 Deo
2080 2217 2173 2287 qui

576 2312 702 2353 cum
736 2300 960 2370 genuit;
995 2311 1267 2373 quatenus
1291 2319 1423 2359 vero
1453 2303 1628 2360 factus
1656 2316 1741 2364 est
1768 2307 1963 2376 homo,
1996 2309 2178 2365 inuni-

580 2402 745 2448 nutus
767 2407 889 2448 esse
907 2394 1127 2450 dicitur.
1147 2396 1203 2452 Si
1227 2397 1351 2467 quis
1373 2407 1554 2456 autem
1579 2415 1609 2454 a
1633 2402 1869 2456 naturali
1891 2402 2009 2473 ejus
2031 2404 2178 2460 exsi-

581 2483 782 2537 stentia
815 2486 1186 2555 aequalitatem
1218 2490 1446 2557 adimat,
1481 2507 1657 2563 neque
1688 2495 1830 2549 hanc
1860 2494 1912 2548 in
1948 2511 2012 2551 eo
2043 2511 2177 2551 con—

578 2575 784 2630 servari
810 2581 1129 2646 contendat,
1156 2581 1375 2637 ubinam
1405 2583 1571 2653 igitur
1590 2585 1695 2639 sita
1721 2585 1861 2641 erit?
1885 2587 1991 2642 Aut
2015 2603 2174 2658 quem

578 2665 753 2722 locum
792 2668 1014 2725 habebit
1047 2671 1171 2726 Filii
1208 2675 1564 2744 excellentia,
1599 2692 1722 2733 cum
1760 2681 1876 2734 sola
1914 2680 2175 2735 imminu-

581 2757 655 2813 tio
684 2771 944 2830 aoparcat
973 2763 1121 2820 circa
1158 2765 1562 2824 incarnationis
1594 2769 1910 2826 rationem?

576 2887 821 2965 Injdent
853 2908 873 2947 .'
908 2893 1062 2959 Quod
1098 2893 1273 2950 Filius
1313 2915 1406 2965 per
1440 2916 1617 2954 omuta
1649 2902 1838 2956 similis
1869 2905 1940 2957 sit
1976 2900 2084 2959 Deo
2114 2923 2179 2960 ac

656 2959 841 3034 Patri,
880 2967 1148 3034 proposito
1179 2978 1228 3021 et
1268 2959 1573 3025 cruminam
1605 2974 1746 3026 dicto
1778 2975 1870 3028 illo
1903 2990 1922 3028 :
1957 2994 1977 3027 ι
2013 2959 2176 3030 Amen

656 3030 776 3117 dico
803 3030 1097 3117 mbi‘sa'non
1119 3041 1351 3093 surrexit
1375 3041 1677 3097 internatas
1700 3043 1980 3101 mulierum
2004 3047 2180 3117 major

648 3095 864 3158 Joanne
891 3103 1155 3177 Baptista,
1192 3127 1211 3160 ι
1246 3120 1354 3165 etc.

1040 3307 1283 3381 Objectio
1322 3312 1714 3371 ltmreticorum.

652 3441 723 3496 At
769 3444 1061 3513 quomodo,
1113 3448 1388 3516 inquiunt,
1436 3452 1510 3506 sit
1559 3455 1785 3523 aequalis
1837 3465 1928 3510 aut
1981 3457 2176 3513 similis

584 3533 864 3603 Christus,
903 3538 1011 3593 hoc
1053 3554 1136 3595 est
1180 3539 1376 3610 Filius,
1423 3544 1568 3601 Patri
1611 3549 2046 3618 perfectissimo,
2083 3553 2176 3622 qui

587 3627 786 3684 alicubi
815 3640 1002 3699 aperte
1026 3632 1105 3687 ait
1130 3652 1144 3686 :
1179 3651 1198 3685 ι
1228 3634 1510 3693 Neminem
1538 3639 1683 3696 inter
1708 3652 1862 3697 natos
1889 3644 2177 3699 mulierum

588 3718 849 3789 majorem
886 3719 1095 3777 Joanne
1146 3724 1389 3796 Baptista
1428 3732 1765 3797 surrexisse;
1820 3742 1872 3788 et
1915 3734 2177 3791 minorem

554 3850 557 3851 ν
588 3810 642 3863 in
670 3827 835 3882 regno
858 3814 1140 3880 cwlorum,
1156 3819 1419 3889 majorem
1445 3821 1563 3890 ipso
1583 3837 1705 3878 esse
1722 3824 1811 3877 "‘2
1841 3844 1860 3877 ι
1890 3825 2006 3895 Ipse
2028 3827 2175 3882 enim

589 3902 769 3959 minor
795 3907 1095 3977 cxsistcns,
1131 3913 1341 3970 ratione
1375 3918 1639 3986 temporis
1667 3932 1776 3987 quo
1809 3928 1967 3975 natus
1996 3931 2079 3976 est
2112 3937 2180 3977 ex

589 4006 782 4053 sancta
812 3999 1067 4071 Virgine,
1105 4014 1217 4059 tum
1254 4008 1470 4063 demum
1504 4024 1564 4065 se
1597 4009 1664 4064 ad
1702 4025 1969 4066 summam
2005 4014 2179 4069 virtu-

593 4096 704 4143 tum
730 4105 1037 4150 mensuram
1061 4108 1447 4167 perventurum
1473 4099 1694 4169 fatetur,
1716 4104 1932 4173 quando
1955 4120 2182 4176 regnum

591 4183 853 4239 caelorum
890 4187 1206 4256 advenerit,
1245 4208 1308 4249 ac
1341 4195 1506 4249 veluti
1546 4199 1850 4252 mercedem
1887 4199 2181 4267 quamdam

594 4284 815 4343 propter
847 4278 1375 4340 administrationem
1414 4297 1614 4342 nostra:
1646 4288 1838 4343 salutis
1878 4298 2186 4359 reportatu-

596 4380 738 4420 rum.
764 4366 868 4434 Qni
895 4384 1025 4425 vero
1050 4374 1312 4441 ejusmodi
1345 4385 1573 4444 naturae,
1600 4393 1708 4447 quo
1740 4388 1900 4445 pacto
1930 4382 2004 4436 sit
2030 4380 2186 4436 simi-

597 4452 692 4522 lis,
721 4466 816 4510 aut
843 4473 951 4529 quo
981 4470 1141 4530 pacto
1171 4472 1446 4519 statuatur
1469 4467 1698 4537 aequalis
1726 4466 1916 4522 Patri?

1102 4668 1313 4726 Salutio
1350 4670 1681 4743 objectionis.

667 4793 921 4865 lmperite
950 4799 1242 4858 admodum
1273 4813 1440 4874 atque
1472 4804 1655 4874 inepte
1683 4803 1776 4874 qui
1809 4805 1881 4859 ita
1910 4804 2188 4885 sentiunt,

532 4960 549 4973 .
595 4902 787 4944 eorum
832 4905 955 4961 quae
988 4908 1020 4947 a
1056 4892 1347 4950 Servatore
1402 4909 1591 4953 nostro
1624 4898 1845 4954 Christo
1876 4899 2019 4953 dicta
2064 4908 2193 4955 sunt

596 4981 706 5035 vim
744 4983 1191 5055 interpretantur.
1227 4986 1417 5058 Neque
1449 4991 1595 5044 enim
1633 5001 1691 5045 ut
1726 4991 1999 5061 propriam
2036 5007 2192 5048 suam

600 5082 851 5131 naturam
876 5088 1118 5141 accuset,
1144 5081 1260 5135 haec
1282 5082 1434 5148 dicit,
1463 5097 1637 5152 neque
1658 5091 1913 5154 tanquam
1938 5101 2192 5157 magnum

599 5172 655 5219 et
686 5167 1004 5235 praeclarum
1038 5170 1242 5240 aliquid
1277 5173 1470 5227 statuit
1500 5172 1711 5230 Joanne
1745 5174 2004 5244 majorem
2035 5191 2191 5243 esse,

599 5257 694 5327 qui
727 5258 827 5322 Dei
860 5275 926 5316 ac
955 5259 1136 5317 Patris
1166 5262 1429 5333 dignitate
1464 5264 1750 5335 gloriatur,
1781 5277 1835 5321 et.
1871 5267 2196 5323 naturaliter

603 5346 785 5404 omnia
821 5367 942 5420 qua:
979 5353 1158 5408 Patris
1193 5362 1353 5422 sunt,
1394 5356 1447 5411 in
1492 5372 1553 5413 se
1596 5359 1794 5427 habet,
1832 5367 1995 5430 atque
2034 5360 2106 5416 ob
2144 5361 2197 5416 id

605 5441 994 5511 proclamans:
1023 5463 1045 5496 ι
1072 5443 1266 5501 Omnia
1288 5462 1409 5516 quae
1431 5449 1594 5506 habet
1615 5449 1774 5506 Pater
1797 5467 1916 5507 mea
1940 5452 2147 5509 sunt".
2172 5471 2192 5505 ι

610 5532 892 5589 Perfectus
920 5546 1101 5593 autem
1131 5548 1217 5595 est
1244 5539 1440 5598 Pater:
1468 5543 1667 5601 nullius
1693 5545 1875 5615 itaque
1903 5546 2152 5615 indigens
2178 5564 2194 5614 ;

610 5622 998 5697 perfectusque
1026 5638 1113 5687 est
1138 5630 1308 5689 Filius
1334 5648 1399 5689 ex
1433 5633 1550 5705 ipso
1577 5636 1813 5706 genitus.
1838 5636 1941 5705 Qui
1968 5653 2098 5694 vero
2125 5639 2200 5694 ita

683 5800 735 5849 .²³
768 5799 930 5862 Hebr.
960 5824 1020 5880 tt,
1044 5811 1096 5867 7.
1175 5814 1219 5846 ³⁵
1252 5812 1381 5873 Luc.
1420 5832 1514 5886 vn,
1544 5815 1635 5871 28.
1712 5818 1755 5850 ²⁵
1787 5814 1943 5873 Joatt.
1968 5830 2075 5884 XVI,
2110 5815 2193 5871 l5-

2277 1925 2370 1991 ζον
2401 1926 2495 1981 καὶ
2521 1926 2582 1981 τὸ
2610 1927 2834 1983 ἔλαττον
2875 1930 3147 2001 φυσικῶς,
3186 1930 3450 2003 ζητητέον
3478 1933 3630 2000 ὅπως
3656 1932 3755 1987 ἐπὶ
3776 1931 3875 1986 τοῦ

2274 2017 2413 2073 Θεοῦ
2441 2018 2617 2090 Λόγου
2646 2019 2989 2092 διασώσομεν
3024 2022 3336 2095 ἀμφότερα,
3367 2022 3464 2078 καὶ
3507 2024 3636 2096 περὶ
3656 2023 3749 2078 τὸν
3776 2024 3875 2079 ενα

2275 2107 2371 2161 καὶ
2399 2108 2562 2178 μόνον
2593 2108 2662 2165 τὰ
2690 2108 2784 2164 δύο
2813 2109 3031 2166 κεῖσθαι
3056 2110 3326 2185 δώσομεν.
3364 2111 3577 2166 Οὐκοῦν
3604 2112 3744 2167 καθὸ
3770 2111 3875 2182 φύ-

2277 2217 2360 2253 σει
2400 2200 2553 2270 Θεὸς,
2591 2203 2705 2267 ἴσος
2743 2200 2898 2257 ἔσται
2934 2202 3015 2275 τῷ
3064 2203 3385 2277 γεγενηκότι
3435 2201 3589 2276 Θεῷ·
3641 2201 3783 2258 καθὸ
3823 2201 3878 2256 δὲ

2252 2294 2504 2363 ’γέγονεν
2550 2293 2859 2369 ἄνθρωπος,
2891 2294 3247 2366 ἠλαττῶσθαι
3292 2294 3538 2368 λέγεται.
3573 2294 3640 2350 El
3684 2294 3749 2348 δέ
3793 2310 3880 2358 τις

2275 2385 2468 2455 ἀφέλοι
2490 2386 2591 2458 τῆς
2619 2387 2856 2458 φυσικῆς
2884 2386 3177 2459 ὑπάρξεως
3204 2387 3373 2444 αὐτοῦ
3401 2386 3500 2460 τὴν
3523 2387 3881 2459 ίσότητα,καὶ

2281 2479 2357 2550 μὴ
2400 2482 2460 2533 ὲν
2502 2478 2679 2553 τούτῳ
2709 2479 2917 2552 ταύτην
2953 2480 3229 2545 σώζεσθαι
3257 2479 3429 2552 λέγοι,
3458 2482 3553 2536 ποῖ
3595 2478 3661 2551 δὴ
3689 2478 3881 2534 λοιπὸν

2278 2573 2557 2639 κείσεταις
2596 2574 2669 2628 Ἢ
2698 2575 2852 2627 ποῖον
2885 2571 2999 2639 ἕξει
3038 2572 3131 2628 τὸν
3162 2572 3328 2628 τόπον
3355 2572 3451 2627 τοῦ
3477 2570 3609 2627 Υίοῦ
3636 2570 3698 2625 τὸ
3730 2569 3883 2641 ὲξαί-
3974 2608 3983 2615 ι

2280 2682 2457 2738 ρετον,
2495 2666 2666 2739 μόνης
2709 2666 2811 2737 τῆς
2862 2665 3218 2732 ἐλαττώσεως
3249 2665 3585 2741 φαινομένης
3627 2663 3762 2736 περὶ
3793 2663 3883 2718 τὸν

2278 2757 2380 2829 τῆς
2409 2755 2569 2812 ὲνανθ
2579 2757 2886 2828 ρωπήσεως
2913 2755 3150 2828 τρόπον;

2283 2892 2408 2945 Ἔτι
2436 2894 2525 2959 εὶς
2551 2891 2619 2946 τὸ
2649 2893 2803 2946 αὐτό
2819 2909 2834 2926 ο
2866 2892 2998 2946 Ὅτι
3026 2891 3166 2957 ίσος
3186 2893 3220 2945 ὁ
3244 2889 3378 2956 Υἱὸς
3405 2886 3558 2959 κατά
3580 2887 3784 2959 attint;
3804 2886 3885 2950 τῷ

2354 2962 2478 3035 Θεῷ
2499 2956 2612 3035 ξιαὶ
2642 2962 2848 3035 Πατρὶ,
2883 2956 3283 3035 προκειμέζου
3323 2959 3425 3035 καὶ
3453 2956 3887 3035 ἐξεταζομένην

2345 3027 2538 3102 amor;
2565 3047 2578 3060 '
2611 3052 2638 3109 ε
2659 3027 2848 3103 Ἀμῆνλ
3092 3027 3426 3109 ἦμῒνη-οὐξι
3468 3027 3888 3109 ἐγήγερζαι-ἐν

2354 3098 2665 3175 γεννητοῖς
2698 3098 3002 3175 ᾧυῦαικῶῦο
3027 3098 3251 3175 μείζων
3280 3098 3715 3157 Ἰωάννόνήτοῦ
3768 3101 3887 3153 Ba-

2202 3194 2246 3254 c
2347 3171 2625 3241 ἐττιστοῦ,
2666 3193 2685 3226 ι
2705 3171 2716 3175 ⁷
2733 3174 2877 3246 μετά
2896 3173 3009 3227 τῶν
3033 3171 3258 3244 ἐφεξῆς.

2508 3312 2829 3380 Ἀντίθεσις
2864 3312 2946 3379 ὡς
2980 3310 3053 3367 ἐκ
3090 3311 3212 3367 τῶν
3247 3310 3322 3366 δι’
3356 3310 3664 3378 ἐναντίας.

2355 3449 2466 3503 Καὶ
2490 3448 2610 3513 πῶς
2638 3448 2706 3503 ἂν
2736 3447 2845 3519 εἴη.
2875 3449 3062 3520 φησὶν,
3090 3448 3124 3520 ἢ
3156 3447 3272 3513 ίσος
3300 3448 3334 3520 ἢ
3365 3449 3555 3520 ὅμοιος
3575 3450 3604 3503 6
3622 3446 3890 3520 Χριστὸς,

2250 3552 2255 3557 '
2283 3543 2584 3603 τουτέστιν.
2617 3546 2645 3598 6
2671 3543 2804 3607 Υίδς
2830 3542 2908 3614 τῷ
2941 3542 3249 3616 παντελείῳ
3272 3543 3474 3615 Πατρὶ,
3500 3543 3561 3606 ὃς
3595 3559 3660 3613 γε
3695 3542 3895 3613 σαφῶς

2287 3633 2391 3687 πού
2427 3651 2593 3705 φησιν
2622 3633 2699 3696 ὡς
2748 3653 2767 3685 ι
2795 3634 2911 3687 Οὐκ
2936 3634 3238 3705 ἐγήγερται
3271 3633 3373 3705 μὲν
3396 3636 3456 3687 ἐν
3481 3636 3762 3704 γεννητοῖς
3792 3651 3897 3703 γυ-

2286 3724 2492 3780 ναικῶν
2531 3724 2780 3780 Ἰωάννου
2817 3723 3021 3796 μείζων
3059 3724 3272 3790 οὐδείς’
3317 3726 3346 3779 6
3374 3724 3432 3778 δὲ
3475 3724 3813 3796 μικρότερος
3840 3726 3906 3778 ὲν

2287 3819 2353 3887 τῇ
2410 3815 2660 3888 βασιλεία
2704 3816 2815 3870 τῶν
2859 3816 3132 3888 οὐρανῶν,
3190 3816 3392 3888 μείζων
3445 3816 3612 3872 αὐτοῦ
3658 3819 3839 3872 ἐστιν.
3875 3835 3893 3869 ι

2287 3910 2460 3974 Αὐτὸς
2486 3910 2597 3981 γὰρ
2622 3908 2698 3963 ὢν
2722 3911 2750 3963 6
2781 3910 3107 3982 μικρότερος
3138 3910 3281 3964 κατὰ
3307 3910 3399 3965 τὸν
3427 3914 3486 3966 ἐν
3514 3911 3592 3983 τῷ
3620 3912 3899 3982 γεγεννῆ-

2292 4003 2416 4058 σθαι
2453 4003 2648 4075 χρόνον
2670 4004 2760 4057 διὰ
2783 4003 2885 4074 τῆς
2913 4003 3076 4072 ἁγίας
3116 4004 3422 4077 Παρθένου,
3450 4005 3575 4059 τότε
3613 4004 3767 4076 μόλις
3804 4005 3905 4060 καὶ

2288 4095 2351 4149 τὸ
2398 4095 2507 4149 τῶν
2540 4096 2623 4160 είς
2651 4096 2822 4167 ἄκρον
2853 4094 3100 4166 ἡκόντων
3129 4095 3337 4168 ἀρετῆς
3374 4095 3901 4169 ὖπεραναϐήσεσθαι

2296 4185 2496 4258 μέτρον
2518 4186 2710 4240 ἑαυτὸν
2727 4185 3003 4256 ὁμολογεῖ,
3031 4188 3158 4241 ὅταν
3179 4189 3213 4258 ἡ
3238 4186 3348 4241 τῶν
3374 4188 3620 4260 οὐρανῶν
3644 4186 3899 4258 βασιλεία

2292 4277 2698 4350 παραγένηται,
2725 4278 2914 4349 μισθὸν
2944 4278 3134 4352 ὥσπερ
3155 4279 3278 4335 τινὰ
3305 4280 3495 4335 τοῦτον
3519 4280 3619 4352 τῆς
3641 4281 3725 4345 είς
3746 4281 3903 4352 ἡμᾶς

2291 4368 2564 4433 διακονίας
2587 4368 3093 4440 ἀντικομιζόμενον.
3110 4370 3168 4423 ’0
3193 4369 3249 4424 δὲ
3278 4368 3454 4435 οὕτως
3483 4369 3623 4442 ἔχων
3649 4369 3899 4441 φύσεως,

2292 4460 2413 4525 πῶς
2441 4460 2509 4516 ἂν
2542 4457 2610 4531 ἦν
2637 4462 2842 4532 ὅμοιος,
2867 4461 2900 4533 ἢ
2927 4463 3023 4516 καὶ
3052 4463 3111 4517 ὲν
3136 4463 3344 4537 ἰσότητι
3370 4464 3618 4535 φαίνοιτο
3636 4462 3734 4519 τοῦ
3758 4463 3903 4519 Θεοῦ

2219 4567 2265 4624 ι)
2297 4555 2394 4605 καὶ
2422 4552 2640 4624 Πατρός
2658 4569 2674 4619 ;

2645 4664 2804 4735 Πρὸς
2842 4666 3029 4723 ταῦτα
3062 4668 3245 4736 λύσις
3282 4667 3532 4740 ἐφεξῆς.

2379 4798 2646 4872 ’Δνοήτως
2671 4800 2879 4874 σφόδρα
2911 4802 3007 4857 καὶ
3041 4801 3273 4874 ἀμαθῶς
3298 4804 3347 4857 οί
3373 4802 3536 4875 τῆσδε
3565 4802 3912 4874 διεσκεμμὲ-

2295 4907 2376 4945 νοι
2400 4890 2500 4962 τὴν
2523 4891 2631 4946 τῶν
2660 4893 2967 4965 εἰρημένων
2993 4894 3266 4967 παράτοῦ
3294 4896 3549 4968 Σωτῆρος
3577 4892 3739 4966 ἡμῶν
3761 4895 3914 4966 Χρι-

2299 4983 2424 5038 στοῦ
2454 4983 2765 5057 διειλήφασι
2784 4986 3037 5059 δύναμιν.
3063 4988 3138 5043 Οὐ
3157 4988 3266 5059 γάρ
3289 4988 3377 5043 ἵνα
3399 4990 3498 5059 τῆς
3525 4985 3738 5051 οίκείας
3758 5004 3914 5042 κατ·-

2296 5075 2546 5148 ηγορὴσῃ
2582 5077 2819 5147 φύσεως,
2846 5078 2917 5131 τὰ
2946 5078 3177 5133 τοιαῦτά
3207 5096 3395 5151 φησιν,
3412 5078 3533 5133 οὐδὲ
3564 5079 3642 5143 ὡς
3673 5077 3830 5149 μέγα
3854 5096 3914 5132 τι

2298 5170 2394 5224 καὶ
2444 5169 2805 5241 ἀξιοζήλωτον
2853 5173 3115 5243 καύχημα
3170 5171 3514 5244 περιτίθησιν
3563 5169 3744 5241 ἑαυτῷ
3789 5170 3915 5225 τῶν

2310 5263 2560 5318 Ἰωάννου
2593 5264 2810 5335 μέτρων
2835 5263 2935 5336 τὴν
2962 5266 3258 5338 ὑπεροχὴν,
3293 5268 3325 5321 6
3359 5268 3475 5332 τοῖς
3504 5264 3600 5319 τοῦ
3636 5264 3779 5319 Θεοῦ
3810 5264 3915 5319 καὶ

2298 5355 2515 5428 Πατρὸς
2548 5356 2945 5428 ἐπικομπάζων
2973 5356 3274 5429 ἀξιώμασι,
3302 5359 3397 5412 καὶ
3436 5356 3617 5411 πάντα
3663 5355 3812 5425 ἔχων
3849 5357 3916 5408 ὲν

2301 5449 2481 5521 ἑαυτῷ
2533 5449 2604 5504 τὰ
2657 5450 2866 5507 ἐκείνου
2928 5451 3195 5521 φυσικῶς,
3242 5451 3339 5508 διά
3391 5468 3455 5521 γε
3510 5450 3670 5505 τοῦτο
3718 5448 3914 5519 βοῶν’

2308 5561 2327 5597 ι
2360 5544 2543 5598 Πάντα
2585 5544 2686 5598 ὅσα
2731 5541 2846 5614 ἔχει
2887 5545 2918 5598 6
2964 5544 3157 5617 Πατὴρ
3193 5544 3306 5616 ὲμά
3349 5545 3520 5597 ἐστιν.
3553 5541 3738 5613 »Ἔχει
3778 5536 3850 5592 δὲ
3886 5539 3919 5592 6

2303 5638 2495 5711 Πατὴρ
2525 5638 2588 5693 τὸ
2620 5638 2937 5695 παντέλειον
2959 5655 2975 5674 ο
3010 5638 3316 5714 ἀπροσδεὴς
3343 5640 3455 5712 ἄρα
3485 5636 3584 5695 καὶ
3606 5633 3822 5699 τέλειος
3846 5632 3937 5721 ἐξἲ
