4106 6452
305 401 391 459 137
1730 404 1892 462 THE!

1995 407 2175 464 iRUS.

3494 418 3598 473 158

301 514 447 575 σποῦ
477 517 896 590 γεγεννημιίνος
918 519 949 575 ὀ
971 520 1124 584 Υἱός.
1144 520 1202 576 '0
1224 521 1282 575 δέ
1309 520 1482 589 οὕτως
1517 521 1657 594 ἔχων
1677 523 1892 594 φύσεως

1998 542 2056 582 se
2093 525 2419 581 naturaliter
2455 525 2648 592 habet,
2687 540 2794 596 quo
2827 536 2992 597 pacto
3029 543 3133 585 non
3169 528 3238 584 sit
3273 528 3465 586 simiiis
3502 547 3597 602 per

304 611 431 665 ιατᾶ
452 610 533 665 τὸν
557 612 699 682 παρ’
733 611 969 667 ἐκείνων
1003 612 1183 682 λόγον,
1215 607 1332 677 πῶς
1371 616 1472 669 οὐκ
1501 614 1569 669 ἂν
1597 617 1682 687 εἴη
1713 616 1899 672 λοιπὸν

310 703 469 772 ὅμοιός
491 718 546 755 τε
577 701 682 755 καὶ
718 700 843 768 ἴσος
868 704 1015 759 κατὰ
1039 705 1221 760 πάντα
1251 705 1330 778 τῷ
1363 707 1631 777 φύσαντις

310 818 488 891 MAG.
512 815 614 891 διᾲ
646 815 786 891 τῆς-ξ
798 819 892 884 εις
923 802 1159 891 ᾆτοποιί
1177 820 1518 891 ἀπαγωγῆς.
1555 822 1777 891 ἐνάγυν
1809 825 1900 889 εις

363 889 699 959 ὁμολογίαν,
750 887 847 942 ὅτι
898 890 1195 956 κίϐδηλον
1237 889 1355 944 τῶν
1395 887 1475 945 ’δι’
1519 887 1801 959 ἐναντίας
1829 887 1896 947 τὸ

361 956 618 1027 “tignum
642 974 657 988 ·
690 959 798 1012 καὶ
838 959 931 1014 ὅτι
959 959 1026 1014 τὸ
1058 961 1214 1016 οὕτω
1246 961 1428 1037 νοεῖν,
1453 963 1696 1033 ἀμαθές.

354 1068 479 1138 ῡησί
505 1087 615 1123 που
647 1072 904 1142 Χριστός
927 1090 940 1106 ·
983 1091 1002 1125 t
1034 1075 1150 1129 Οὐκ
1181 1076 1479 1148 ἐγήγερται
1523 1079 1582 1132 ἐν
1614 1081 1896 1149 γεννητοῖς

294 1159 547 1223 τνναιιιιῖιν
586 1159 810 1230 μείζων
855 1163 1108 1218 Ἰωάννου
1135 1165 1230 1219 τοῦ
1263 1166 1575 1222 Βαπτιστοῦ
1601 1183 1614 1196 ⁸
1661 1171 1690 1222 ὁ
1713 1169 1771 1222 δὲ
1805 1188 1894 1240 μι-

293 1251 528 1321 κρότερος
565 1253 631 1304 ἐν
660 1257 734 1325 τῇ
767 1253 1026 1328 βασιλείᾳ
1053 1256 1164 1310 τῶν
1189 1258 1437 1329 οὐρανῶν
1471 1259 1676 1330 μείζων
1720 1262 1888 1317 αύτοῦ

192 1397 205 1409 ,
286 1342 436 1394 ἐστιν.
468 1360 485 1393 ι
510 1342 665 1395 Ἀλλ’
696 1345 869 1416 εῑπερ
915 1347 1134 1416 ἐνεχθὲν
1170 1349 1265 1404 ἐπὶ
1306 1350 1400 1404 τοῦ
1437 1352 1679 1422 Χριστοῦ
1707 1352 1766 1406 τὸ
1805 1371 1894 1424 μι-

288 1433 529 1504 κρότερον
557 1437 667 1506 τὴν
719 1438 784 1490 ἐν
835 1439 1019 1510 χρόνῳ
1049 1441 1325 1512 ποσότητα
1357 1445 1636 1514 σημαίνει,
1665 1447 1759 1499 καὶ
1793 1447 1893 1500 ἐπ’

293 1525 437 1579 αὑτοῦ
470 1529 757 1600 κρατήσει
793 1530 898 1584 τοῦ
933 1531 1093 1600 ἁγίου
1124 1532 1433 1588 Βαπτιστοῦ
1467 1535 1526 1589 τὸ
1558 1524 1674 1590 ἴσον
1700 1537 1893 1591 ἀναλόο

293 1635 392 1684 γως
414 1620 525 1680 τοῖς
559 1619 752 1691 θεωρή
765 1637 926 1691 μασι.
959 1622 1228 1693 Σημαίνει
1257 1623 1314 1676 δὲ
1344 1624 1548 1694 ὁμοίως
1581 1625 1672 1679 τὸν
1697 1626 1890 1696 χρόνον

292 1707 366 1768 τὸ,
400 1726 417 1758 t
444 1709 560 1760 Οὐκ
586 1709 903 1781 ἐγήγερται
935 1710 1164 1780 μείζων.
1198 1732 1217 1765 ι
1238 1713 1375 1767 Ἀλλ’
1403 1715 1504 1768 οὐκ
1529 1715 1736 1787 ἀληθὴς
1757 1719 1890 1787 ἡμῖν

294 1802 320 1852 ό
340 1801 424 1852 ἐπὶ
441 1801 618 1871 τούτῳ
639 1801 979 1872 λεχθήσεται
1011 1803 1195 1872 λόγος,
1226 1806 1657 1878 ἀντελεγχούσης
1689 1809 1889 1880 τρόπον

298 1892 411 1944 τινὰ
428 1895 524 1962 τῆς
557 1892 710 1956 θείας
744 1894 788 1946 Γ
794 1895 984 1964 ραφῆς
1017 1897 1115 1949 καὶ
1152 1896 1344 1967 βιῶναι
1373 1899 1638 1971 λεγούσης
1667 1901 1758 1954 τὸν
1793 1900 1893 1971 μὲν
1923 1881 1966 1937 Β

306 1983 393 2036 τού
423 1984 610 2051 γένους
647 1985 806 2056 ἡμῶν
856 1987 1181 2058 ἀρχηγέτην
1233 1989 1407 2060 Ἀδὰμ
1436 1991 1523 2060 ἐφ’
1545 1992 1690 2055 ὅλοις
1719 1991 1896 2045 ἔτεσιν

308 2075 661 2140 ὲννιακοσίοις
702 2078 788 2131 τὸν
839 2078 1086 2150 ἀριθμὸν
1133 2082 1227 2134 καὶ
1273 2084 1643 2150 πεντήκοντα*
1675 2083 1894 2154 ἐτέρους

304 2164 359 2220 δὲ
390 2167 546 2220 πάλιν
570 2169 759 2239 ἐκείνῳ
791 2170 1049 2243 τιθείσης
1075 2175 1155 2236 εἰς
1185 2174 1459 2244 ποσότητα
1489 2175 1588 2246 τὴν
1627 2179 1684 2230 ἐν
1715 2177 1895 2248 χρόνῳ

295 2256 547 2324 γείτονας,
572 2261 878 2332 γεννητοὺς
900 2261 1065 2325 ὄντας
1092 2264 1157 2317 ἐκ
1185 2265 1480 2332 γυναικῶν,
1513 2267 1653 2321 κατὰ
1679 2268 1776 2337 τὴν
1800 2267 1892 2322 τοῦ

285 2349 529 2423 Σωτῆρος
561 2353 779 2422 φωνὴν,
819 2354 1008 2408 καίτοι
1038 2355 1133 2410 τοῦ
1171 2358 1646 2430 προκηρύττοντπ
1688 2361 1894 2416 Βαπτι-

285 2443 401 2496 στοῦ
433 2446 634 2516 κομιδῇ
673 2446 805 2500 νέον
836 2447 934 2501 τὸν
979 2447 1102 2502 καθ’
1133 2451 1279 2520 ἡμᾶς
1327 2451 1694 2517 ἀναλύσαντος
1748 2452 1892 2522 βίου.

286 2534 484 2589 Οὐκοῦν
528 2538 591 2590 ού
643 2537 746 2590 τὸν
782 2539 985 2608 χρόνον
1029 2540 1120 2594 ἐπ’
1150 2540 1317 2595 αὐτοῦ
1362 2541 1425 2594 τὸ
1476 2543 1680 2612 μείζων
1721 2543 1890 2614 δηλοῖ,

284 2625 477 2693 μᾶλλον
497 2627 555 2679 δὲ
581 2627 684 2681 τὸν
712 2629 778 2681 ἐν
803 2629 982 2700 ἀρετῇ
1007 2629 1309 2702 κεκτῆσθαι
1337 2630 1397 2684 τὸ
1425 2631 1647 2701 ὑψηλὸν,
1674 2633 1766 2685 καὶ
1794 2634 1894 2686 ἐπ’

2001 617 2181 671 omnia
2213 625 2268 672 et
2300 618 2527 687 aequalis
2561 633 2660 673 suo
2695 617 2883 674 Patri?

1998 818 2239 892 ALIUD,
2285 837 2378 890 per
2420 819 2773 874 reductionem
2824 820 2894 873 ad
2941 819 3264 885 absurdum,
3315 822 3593 892 ostendens

2073 891 2263 959 falsam
2305 907 2414 944 esse
2453 892 2884 944 adversariorum
2925 892 3371 960 propositionem;
3411 902 3459 945 et
3501 891 3593 944 ab-

2072 962 2290 1014 surdum
2327 976 2440 1014 esse
2468 961 2547 1014 ita
2577 963 2790 1014 sentire.

2068 1071 2318 1128 Christus
2349 1072 2548 1128 alicubi
2583 1074 2655 1127 ita
2688 1072 2764 1126 ait
2794 1089 2808 1127 :
2846 1091 2863 1123 ι
2900 1070 3015 1125 Νοιι
3046 1071 3281 1127 surrexit
3318 1073 3461 1127 inter
3490 1087 3590 1126 na-

2000 1174 2084 1220 tos
2116 1164 2402 1220 mulierum
2437 1164 2613 1234 major
2638 1162 2846 1220 Joanne
2877 1162 3118 1234 Baptista
3150 1182 3164 1219 :
3202 1164 3381 1217 minor
3408 1174 3588 1216 autem

1997 1260 2050 1313 itt
2089 1273 2254 1329 regno
2285 1261 2549 1314 emtorem
2597 1258 2772 1329 major
2829 1257 2938 1328 95
2971 1257 3089 1328 ipso
3120 1267 3222 1312 est.
3264 1276 3282 1309 ι
3317 1257 3586 1313 Cteteruut

1996 1349 2042 1403 si
2091 1349 2142 1404 id
2186 1349 2330 1420 quod
2371 1346 2597 1402 aﬁ‘ertur
2639 1349 2706 1402 de
2748 1347 2966 1403 Christo
3006 1348 3184 1402 minus
3225 1348 3584 1418 quantitatem

1997 1439 2262 1508 temporis
2298 1437 2605 1508 signiﬁcat,
2642 1439 2832 1492 eadem
2872 1437 3082 1493 ratione
3119 1436 3284 1491 etiam
3321 1436 3586 1492 Joannem

1997 1531 2294 1602 Baptistam
2332 1531 2448 1586 lucc
2484 1530 2931 1602 comprehendet.
2967 1529 3255 1600 Signiﬁcat
3291 1539 3470 1583 autem
3508 1529 3588 1584 si-

1998 1625 2206 1678 militer
2236 1633 2470 1693 tempus,
2505 1623 2636 1677 illud
2671 1641 2685 1677 :
2724 1641 2742 1674 ι
2778 1621 2893 1679 Non
2925 1621 3166 1679 surrexit
3199 1621 3394 1689 major.
3430 1640 3448 1674 ι
3482 1622 3586 1676 At-

1995 1716 2085 1786 qui
2132 1717 2234 1770 hoc
2269 1731 2456 1770 verum
2492 1731 2598 1769 non
2631 1723 2737 1781 est,
2774 1731 2896 1769 cum
2941 1715 3056 1784 ipsa
3102 1729 3257 1768 sacra
3300 1713 3588 1784 Scriptura

1997 1817 2280 1877 repugnet,
2308 1815 2360 1860 et
2383 1807 2651 1860 Adatuum
2684 1806 2900 1876 generis
2933 1803 3106 1860 nostri
3135 1815 3414 1859 auctorem
3447 1819 3586 1858 non-

1995 1908 2185 1969 gentos
2211 1898 2599 1969 quinquaginta
2631 1913 2802 1953 annos
2831 1897 3032 1953 vixisse
3060 1906 3310 1962 testetur,
3341 1895 3589 1966 aliosque

2002 2000 2281 2046 recenseat
2308 1991 2398 2062 qui
2429 1989 2767 2061 longitudine
2797 1991 2921 2045 vita:
2949 1991 3195 2061 proxime
3222 1990 3287 2044 ad
3319 1991 3586 2044 Adamutu

1999 2091 2383 2147 accesserunt,
2416 2091 2470 2136 et
2498 2097 2564 2136 ex
2599 2079 2919 2136 mulieribus
2951 2081 3098 2144 nati,
3132 2090 3189 2133 ιιι
3220 2079 3474 2134 Christus
3505 2080 3587 2132 lo-

1999 2171 2203 2242 quitur,
2236 2171 2478 2237 fuerant,
2514 2187 2634 2226 cum
2670 2186 2972 2241 prmcursor
2999 2169 3198 2225 Christi
3230 2168 3472 2236 Baptista
3498 2174 3586 2235 ju-

1997 2263 2153 2317 venis
2187 2262 2477 2317 admodum
2513 2278 2540 2317 e
2573 2262 2710 2316 ιῖι·ἰε
2744 2263 3059 2318 excesserit.
3097 2259 3222 2314 llaec
3255 2260 3420 2331 igitur
3451 2275 3584 2324 vox,

2000 2352 2194 2422 tnajor,
2230 2369 2335 2409 non
2373 2363 2585 2424 tempus
2615 2352 2922 2422 signiﬁcat,
2956 2351 3051 2406 sed
3084 2351 3263 2421 potius
3293 2349 3438 2418 quod
3473 2349 3587 2402 vir-

2000 2447 2130 2502 tutis
2163 2445 2437 2514 fastigium
2473 2445 2545 2500 sit
2579 2454 2940 2506 consecutus,
2972 2451 3026 2497 et
3058 2441 3124 2495 ad
3162 2441 3334 2508 ipsam
3364 2438 3588 2508 justitia:

1997 2552 2118 2607 qua:
2165 2538 2216 2590 iu
2265 2536 2513 2591 homines
2561 2536 2707 2590 cadit
2756 2543 2953 2589 metam
3004 2532 3347 2602 pervenerit;
3395 2532 3585 2586 eadem

2000 2629 2159 2699 plane
2207 2629 2420 2682 ratione
2459 2626 2527 2682 de
2569 2627 2862 2682 Servatore
2912 2635 3096 2680 nostro
3142 2625 3361 2680 Christo
3409 2625 3588 2679 minor

1997 2719 2189 2788 majori
2229 2722 2510 2789 Oppositus
2558 2735 2662 2773 non
2710 2727 2924 2786 tempus
2964 2717 3254 2788 signiﬁcat.
3304 2713 3587 2770 Ridiculus

1995 2813 2139 2868 enim
2176 2814 2247 2866 sit
2281 2812 2372 2881 qui
2415 2813 2465 2866 id
2510 2811 2652 2881 quod
2698 2809 2958 2878 temporis
2993 2808 3351 2878 quantitatem
3391 2807 3582 2870 habet,

1995 2906 2214 2960 virtutis
2246 2905 2566 2960 celsitudine
2597 2903 2774 2974 majus
2803 2903 3096 2958 existimet.
3129 2900 3410 2968 Quomodo
3439 2901 3584 2954 enim

1996 2997 2126 3051 talia
2176 2997 2320 3052 inter
2366 3013 2425 3052 se
2476 2996 2780 3065 comparari
2827 2993 3090 3064 possint?
3135 2993 3205 3047 At
3252 3008 3380 3047 vero
3409 2991 3588 3060 potius

273 2717 464 2782 αὐτοὺς
496 2718 789 2790 ἀναϐῆναι
833 2719 1026 2776 λοιπὸν
1069 2722 1171 2792 τῆς
1199 2722 1429 2792 ἐνούσης
1463 2722 1776 2794 ἀνθρώποις
1812 2724 1893 2778 δι·

271 2807 562 2877 καιοσύνης
593 2811 734 2872 τοὺς
764 2811 934 2881 ὅρους
956 2827 967 2839 ·
994 2811 1208 2876 τούτοις
1237 2813 1546 2878 ἀκολούθως
1567 2815 1662 2868 καὶ
1682 2816 1774 2868 ἐπὶ
1797 2815 1892 2868 τοῦ

267 2900 517 2971 Σωτῆρος
565 2901 741 2972 ήμῶν
801 2902 1043 2974 Χριστοῦ
1089 2903 1153 2956 τὸ
1202 2905 1524 2976 μικρότερος
1570 2904 1650 2975 τῷ
1684 2905 1892 2975 μείζονι

266 2992 821 3065 ἀντιπαρακείμενον
863 2994 925 3046 ού
961 2993 1158 3064 χρόνου
1187 2993 1400 3059 δέξεταί
1439 3012 1490 3048 τι
1528 2995 1887 3066 σημαντικόν.

266 3083 355 3153 Εῖη
388 3084 506 3156 γὰρ
540 3084 615 3139 ἂν
652 3083 839 3148 οὕτως
888 3084 984 3137 καὶ
1036 3085 1274 3153 γέλωτος
1316 3085 1465 3152 ἄξιον
1511 3087 1573 3139 τὸ
1622 3087 1680 3138 ἐν
1713 3088 1892 3158 χρόνῳ

1995 3090 2304 3144 necessaria
2343 3088 2555 3142 ratione
2591 3087 2856 3142 minorem
2892 3085 3237 3140 sanctitatem
3275 3083 3548 3154 signiﬁcat
3571 3123 3585 3145 ,

267 3174 443 3239 ποσὸν,
476 3175 596 3230 τῶν
633 3176 788 3230 κατὰ
823 3175 1028 3248 ἀρετὴν
1077 3176 1388 3248 ὑψωμάτων
1431 3175 1650 3230 ἔσεσθαι
1706 3179 1890 3248 μεῖζον

1996 3189 2054 3231 ιιι
2092 3181 2193 3232 hoc
2229 3187 2390 3246 pacto
2423 3178 2678 3233 Christus
2712 3178 2834 3230 vitae
2867 3175 3227 3230 sanctimonia
3263 3172 3470 3228 Joanne
3504 3174 3588 3226 in-

266 3268 478 3322 sumain.
514 3268 667 3322 Ποῖα
709 3265 829 3335 γὰρ
861 3265 1002 3329 ὅλως
1029 3265 1098 3320 τὰ
1125 3267 1352 3320 τοιαῦτα
1392 3267 1530 3338 πρὸς
1558 3267 1764 3338 ἄλληλα
1793 3267 1892 3340 τὴν

1999 3270 2168 3324 ferior
2203 3270 2503 3340 judicetur.
2537 3267 2690 3335 Quod
2735 3283 2857 3322 cum
2904 3282 3002 3336 per
3039 3282 3098 3321 se
3140 3281 3292 3320 suam
3338 3265 3587 3334 blasphe-

267 3356 550 3428 σύγκρισιν
588 3355 954 3422 ἐπιδέξεται;
1000 3355 1235 3428 δηλώσει
1275 3357 1331 3410 δὲ
1371 3357 1570 3428 μᾶλλον
1599 3358 1676 3422 ὡς
1703 3357 1764 3423 ἐξ
1794 3360 1886 3413 ἀν-

1996 3363 2159 3416 tuiatn
2189 3361 2464 3423 ostendat.
2498 3360 2692 3415 merito
2722 3375 3099 3414 exsecramur.

261 3452 487 3520 αγκαίου
525 3451 703 3519 λόγου
737 3450 804 3502 τὸ
832 3451 893 3502 ἐν
920 3450 1185 3522 ἁγιασμῷ
1254 3451 1662 3524 μειονέκτημαο
1693 3453 1782 3506 ἵνα
1803 3454 1990 3509 λοιπὸν
2055 3457 2150 3509 καὶ
2215 3455 2313 3527 τῆς
2358 3455 2606 3510 Ἰωάννου
2645 3452 2928 3516 πολιτείας
2993 3453 3252 3524 φαίνηται
3277 3450 3527 3523 δεύτερος
3556 3450 3588 3506 6

261 3544 400 3608 Υἱός.
417 3543 708 3614 Ἐχούσης
734 3539 796 3594 δὲ
813 3538 1029 3595 οἴκοθεν
1053 3542 1153 3610 τῆς
1178 3542 1490 3614 δυσφημίας
1511 3543 1604 3600 τὸν
1631 3543 1874 3616 ἔλεγχον,
1915 3546 1974 3600 τὸ
2007 3545 2150 3601 οὕτω
2184 3549 2326 3600 νοεῖν
2363 3543 2813 3617 παραιτούμεθα.

678 3656 786 3723 Ὠς
821 3655 894 3710 ἐκ
928 3655 1048 3711 τῶν
1086 3655 1162 3710 δι’
1192 3657 1492 3724 ἐναντίας.

2425 3656 2668 3728 Objectio
2711 3656 3157 3713 adversariorum.

2068 3771 2419 3842 Simplicem,
2463 3772 2652 3836 aiunt,
2703 3772 3036 3840 minimeque
3078 3771 3352 3827 curiosam
3395 3785 3585 3825 eorum

1993 3879 2116 3934 qua:
2151 3880 2178 3918 ιι
2216 3864 2434 3919 Christo
2470 3866 2612 3920 dicta
2648 3874 2775 3920 sunt
2811 3865 3318 3934 interpretationem
3353 3877 3580 3931 sequen-

1997 3965 2099 4018 tes,
2133 3957 2341 4011 urbane
2371 3957 2522 4012 illum
2555 3956 2760 4012 dixisse
2791 3957 3065 4024 credimus
3096 3956 3264 4024 quod,
3297 3954 3473 4007 minor
3501 3953 3586 4006 ui-

1993 4049 2194 4104 mirum
2227 4049 2535 4118 quantitate
2567 4049 2833 4116 temporis
2867 4048 2935 4103 ab
2967 4057 3092 4101 ortu
3125 4047 3423 4118 secundum
3455 4058 3582 4099 car-

318 3771 439 3843 τὴν
483 3771 707 3842 ἁπλῆν,
739 3769 899 3839 φασὶ,
929 3769 1028 3826 καὶ
1061 3770 1530 3842 ἀπεριεργοτέραν
1575 3772 1689 3834 τοῖς
1737 3771 1890 3841 παρὰ

252 3861 350 3914 τοῦ
382 3860 652 3930 Σωτῆρος
695 3857 1019 3928 εἰρημένοις
1053 3858 1290 3932 θεωρίαν
1316 3861 1634 3928 ἐπάγοντες,
1668 3861 1890 3931 χαριέν-

253 3970 368 4016 τως
399 3953 570 4006 αὑτὸν
595 3952 898 4023 εἰρηκέναι
921 3951 1252 4022 πιστεύομεν
1277 3953 1470 4024 ὅτιπερ
1500 3955 1528 4006 ὁ
1560 3954 1888 4024 μικρότερος

249 4044 332 4108 ὡς
374 4045 436 4096 ἐν
475 4043 759 4114 ποσότητι
793 4043 988 4114 χρόνου
1019 4043 1112 4097 τοῦ
1162 4043 1304 4098 κατὰ
1352 4045 1454 4114 τὴν
1502 4045 1760 4116 γέννησιν
1786 4046 1888 4116 τὴν

253 4135 405 4204 μετὰ
437 4135 683 4205 σαρκὸς,
709 4133 868 4188 ἔσται
902 4134 1108 4206 μείζων
1137 4137 1195 4188 ἐν
1220 4138 1286 4207 τῇ
1316 4135 1564 4208 βασιλείᾳ
1589 4137 1699 4192 τῶν
1727 4137 1890 4208 ούρα-

1995 4157 2142 4206 nem,
2173 4141 2346 4210 major
2374 4141 2590 4196 futurus
2619 4140 2691 4195 sit
2723 4140 2777 4194 itt
2813 4153 2982 4210 regno
3011 4138 3294 4201 cmlorum,
3323 4135 3489 4191 etiam
3518 4149 3585 4190 eo

250 4228 366 4280 νῶν
395 4227 496 4282 καὶ
530 4227 634 4281 τοῦ
669 4225 882 4280 τελείου
915 4227 1054 4298 πρὸς
1097 4227 1198 4298 τὴν
1228 4229 1287 4282 ἐν
1327 4227 1638 4298 ἀνθρώποις
1664 4229 1889 4301 ἀρετήν.

1995 4233 2086 4303 qui
2124 4233 2377 4287 humana:
2412 4233 2631 4288 virtutis
2671 4232 3060 4304 perfectionem
3105 4238 3190 4286 est
3233 4236 3580 4284 consecutus.

251 4322 474 4374 Οὗκοῦν
499 4321 569 4374 τὸ
599 4321 708 4391 μὲν
733 4322 1062 4392 μικρότερος
1082 4321 1144 4373 τὸ
1164 4321 1444 4392 κυριακὸν
1471 4322 1695 4376 εἰσοίσει
1721 4321 1892 4393 πρόσ-

1995 4327 2170 4380 Minor
2200 4325 2380 4395 itaque
2415 4339 2704 4396 personam
2739 4324 2949 4380 Domini
2990 4323 3147 4380 nobis
3180 4321 3482 4393 signiﬁcat;
3520 4318 3585 4373 il-

251 4430 412 4466 ωπον
452 4415 631 4484 ἡμῖν’
685 4413 748 4466 τὸ
782 4413 841 4466 δὲ
886 4414 944 4466 ἐν
990 4413 1293 4484 τελειότητι
1338 4416 1404 4486 τῇ
1454 4414 1576 4469 κατ’
1606 4414 1892 4470 εὐσέϐειαν

1999 4419 2087 4473 Iud
2122 4433 2252 4472 vero
2292 4434 2395 4473 non
2438 4419 2742 4476 surrexisse
2783 4417 3044 4486 majorem
3088 4417 3230 4472 inter
3265 4425 3424 4470 natos
3463 4429 3586 4467 tnu-

257 4506 757 4578 ἁνθρωποπρεπεί
795 4506 1010 4560 κεῖσθαι
1061 4507 1154 4560 τὸν
1213 4507 1368 4576 ἅγιον
1420 4508 1760 4580 Βαπτιστὴν,
1800 4509 1884 4575 τὸ,

1999 4510 2226 4577 lierum,
2261 4509 2534 4579 signiﬁcat
2566 4521 2815 4566 sanetum
2852 4509 3153 4580 Baptistant
3191 4507 3583 4578 perfectionem

271 4600 364 4651 Ἐν
391 4600 694 4668 γεννητοῖς
725 4597 1006 4668 γυναικῶν
1034 4597 1110 4670 μὴ
1135 4599 1444 4672 ἡγηγέρθαι
1472 4598 1718 4671 μείζονα,
1749 4617 1890 4672 μαρ-

1999 4602 2216 4670 pictatis
2244 4617 2365 4669 quae
2393 4603 2446 4656 in
2477 4602 2752 4657 hominem
2778 4601 2978 4656 cadere
3005 4600 3202 4670 possit,
3231 4605 3583 4652 consecutum

259 4695 459 4763 τνρεῑ·
493 4691 645 4744 ὰλλὰ
686 4691 785 4744 καὶ
823 4691 915 4744 τὸν
959 4691 1104 4745 οὓτω
1153 4693 1330 4762 μέγαν
1363 4693 1720 4766 ύπεραλείται
1750 4695 1890 4765 Χρι-

1995 4694 2166 4750 fuisse
2201 4711 2214 4750 :
2254 4702 2510 4750 caeterum
2554 4695 2698 4749 hunc
2735 4692 3090 4762 quantumvis
3128 4704 3386 4759 magnum
3425 4684 3586 4742 Chri-

264 4787 415 4850 στὸς.
463 4788 640 4841 Ποῖον
677 4787 738 4839 ἐν
769 4786 982 4850 τούτοις
1007 4787 1070 4840 τὸ
1101 4787 1336 4854 ἄτοπονς

1996 4799 2113 4844 stus
2143 4787 2450 4858 superabit.
2482 4787 2622 4853 Quid
2654 4789 2757 4842 hac
2789 4787 2842 4840 in
2875 4801 2935 4841 re
2966 4794 3052 4840 est
3081 4783 3342 4839 absurdi?

775 4898 934 4966 Πρὸς
971 4899 1159 4955 ταῦτα
1195 4903 1399 4968 λύσις.

2505 4896 2711 4953 Salutio
2747 4895 3075 4966 objectionis.

2061 5013 2142 5066 An
2171 5014 2302 5068 nihil
2331 5015 2382 5068 in
2412 5013 2496 5069 his
2521 5011 2744 5068 absurdi
2770 5011 2862 5076 sit,
2889 5026 2998 5064 non
3025 5008 3357 5078 simpliciter
3377 5008 3581 5075 dicere,

1991 5106 2086 5159 sed
2112 5106 2390 5175 inquirere
2411 5113 2626 5175 oportet
2651 5121 2666 5171 ;
2693 5118 2890 5174 magna
2917 5103 3062 5158 enim
3089 5101 3372 5171 diligentia
3397 5099 3582 5154 divina

1992 5198 2206 5267 Scripta
2242 5197 2655 5266 pervestiganda
2690 5205 2851 5260 sunt,
2885 5209 3064 5265 neque
3097 5195 3321 5248 omnino
3353 5193 3584 5261 simplex

1985 5305 2050 5344 ac
2089 5290 2240 5344 rudis
2293 5290 2562 5345 sententia
2613 5290 2912 5360 colligenda
2949 5297 3053 5343 est.
3103 5285 3397 5341 Maximum
3435 5286 3581 5340 enim

1989 5384 2248 5440 damnum
2283 5384 2334 5438 id
2368 5383 2522 5437 nobis
2555 5381 2758 5438 inferre
2790 5381 2902 5452 96
2929 5381 3196 5436 cernitur.
3228 5377 3362 5432 Nam
3394 5389 3454 5434 ut
3486 5394 3584 5434 nos

1988 5479 2152 5533 etiam
2185 5479 2258 5532 ita
2294 5478 2494 5532 dictum
2529 5475 2920 5547 intelligamus,
2949 5482 3011 5528 ut
3040 5489 3138 5528 vos
3171 5473 3352 5528 dicitis
3381 5480 3436 5528 et
3467 5483 3584 5526 sta-

1991 5573 2172 5637 tuitis,
2212 5573 2404 5626 demus
2441 5570 2732 5641 signiﬁcari
2774 5570 3121 5626 Servatorem
3163 5583 3260 5636 per
3295 5580 3479 5621 vocem
3516 5563 3583 5617 il-

1992 5665 2122 5735 lam,
2150 5664 2349 5720 Minor.
2378 5663 2624 5730 Quanam
2658 5663 2822 5735 igitur
2849 5661 3062 5718 ratione
3093 5659 3368 5734 superabit
3401 5655 3584 5727 Bapti-

329 5016 393 5069 ΕΞ
430 5014 616 5083 μηδὲν
654 5015 716 5066 ἐν
745 5012 958 5078 τούτοις
992 5013 1054 5067 τὸ
1081 5015 1302 5077 ἄτοπον,
1334 5015 1434 5086 οὐχ
1464 5016 1651 5081 ἁπλῶς
1682 5018 1882 5079 εἰπεῖν,

330 5108 393 5161 λὰ
435 5106 642 5178 ζητεῖν
694 5104 1034 5173 ἀναγκαῖονο
1083 5105 1284 5178 χρῆναι
1315 5106 1424 5178 γὰρ
1467 5104 1622 5178 οἶμαι
1665 5108 1882 5179 γοργῶς

278 5205 375 5266 τοῖς
401 5204 584 5266 θείοις
613 5201 1065 5270 ἐπαγωνίζεσθαι
1100 5203 1301 5273 λόγοις,
1333 5205 1394 5258 ού
1439 5205 1660 5269 πάντως
1693 5208 1792 5286 τὴν
1825 5205 1886 5271 ἐξ

269 5295 665 5367 ἁπλουστέρων
701 5292 1081 5366 θεωρημάτων
1127 5298 1399 5368 ἐρανίζειν
1441 5297 1757 5363 διάγνωσιν,
1795 5299 1885 5352 ὅτε

262 5385 323 5455 δὴ
352 5388 604 5456 μάλιστα
641 5385 854 5456 πολλὴν
883 5388 1016 5456 ἡμῖν
1048 5388 1352 5458 ἐμποιοῦσα
1384 5388 1482 5461 τὴν
1509 5388 1716 5460 ζημίαν
1747 5390 1881 5460 ὁρᾶ-

262 5481 498 5533 ται.Ἷνα
534 5479 656 5550 γὰρ
686 5478 785 5532 καὶ
812 5479 1100 5549 νοήσωμεν
1141 5477 1316 5545 οὕτως
1355 5479 1416 5533 τὸ
1466 5479 1776 5552 εἰρημένον,
1809 5481 1885 5545 ὡς

263 5571 416 5640 ὑμεῖς
463 5589 615 5641 φατε
663 5572 765 5624 καὶ
809 5569 1158 5640 βουλεύεσθε,
1186 5572 1540 5644 σημαινέσθω
1586 5574 1886 5646 χαριέντως

261 5656 344 5713 διὰ
391 5660 493 5714 τοῦ
549 5659 936 5728 Μικρότερος
966 5660 996 5714 ὁ
1022 5661 1669 5735 Σωτήρ.’Υπερκείσεται
1705 5665 1887 5721 τοίνυν
