4106 6418
614 405 719 463 159

1608 401 1667 458 S.
1710 397 1983 458 CYRILLI
2024 390 2493 450 ALEXANDRINI
2536 392 2860 450 ABCHIEP.

3781 387 3876 448 ίθθ

613 530 755 575 stam
797 520 850 575 in
893 520 1384 597 regnoctelorum,
1425 529 1518 575 aut
1561 520 1832 591 quomodo
1874 522 1979 604 erit
2022 519 2190 590 major

2295 510 2439 567 κατά
2470 528 2591 567 τινα
2627 512 2829 584 τρόπον
2856 510 2947 565 τὸν
2982 508 3138 580 ἅγιον
3177 500 3494 579 Βαπτιστὴν
3527 505 3588 560 ἐν
3629 506 3695 578 τῇ
3729 504 3878 577 βασι·-

612 609 719 663 eo?
761 609 1074 676 Quantitate
1118 611 1261 665 enim
1310 610 1568 680 temporis
1607 625 1672 665 ex
1720 627 1828 682 quo
1877 622 2031 668 natus
2074 623 2194 680 est,

614 715 796 765 nemo,
820 710 877 754 ut
904 701 1157 766 arbitror,
1183 716 1405 771 compos
1432 702 1628 758 mentis
1652 704 1872 758 dixerit.
1897 703 2014 772 Quo
2036 717 2198 776 pacto

614 793 760 847 enim
813 792 1080 862 quispiam
1131 801 1417 862 praetereat
1466 794 1519 849 id
1568 797 1709 867 quod
1760 812 1976 869 semper
2023 800 2196 870 ipsum

616 884 907 954 praecedit,
942 894 1104 952 atque
1140 899 1245 939 una
1279 900 1404 941 cum
1446 886 1560 956 ipsa
1604 891 1863 958 temporis
1895 891 2199 948 evolutione

615 984 862 1044 raptatur
896 985 1059 1046 alque
1102 979 1408 1045 percurrit?
1450 979 1916 1046 Quemadmodum
1957 984 2101 1038 enim
2145 984 2198 1039 in

617 1074 855 1119 rotarum
903 1066 1278 1138 volutatione,
1319 1074 1653 1127 auteriorum
1707 1088 1924 1143 semper
1967 1075 2026 1129 lit
2075 1091 2200 1145 pro-

613 1170 864 1225 gressus,
909 1161 1266 1228 sequentibus
1317 1179 1533 1233 semper
1575 1164 1629 1219 in
1671 1166 1975 1235 posteriore
2018 1168 2123 1222 situ
2167 1182 2199 1223 a

617 1256 767 1318 tergo
807 1251 1042 1318 relictis;
1083 1253 1153 1307 ita
1189 1254 1350 1308 etiam
1392 1256 1442 1309 in
1483 1272 1770 1326 progressu
1814 1258 2071 1327 temporis
2106 1260 2199 1329 qui

614 1343 764 1410 prior
800 1355 903 1410 est,
942 1348 1333 1416 posterioribus
1384 1348 1558 1418 major
1594 1358 1696 1404 est.
1736 1349 1850 1404 Non
1893 1351 2059 1421 igitur
2097 1352 2201 1406 hoc

615 1435 776 1488 modo
812 1439 1055 1506 superari
1092 1440 1387 1507 Baptistam
1423 1455 1452 1494 a
1483 1439 1724 1506 Christo,
1760 1444 1853 1496 sed
1892 1444 2200 1501 sanctitatis

614 1523 878 1580 duntaxat
911 1528 1144 1594 ratione,
1171 1545 1308 1599 opus
1335 1540 1420 1585 est
1444 1532 1712 1602 profiteri.
1745 1532 2025 1599 Quomodo
2051 1534 2200 1589 enim

613 1617 881 1688 quispiam
917 1618 1076 1675 aliter
1106 1621 1156 1676 iu
1190 1622 1322 1691 ipsis
1355 1622 1534 1694 majus
1569 1624 1867 1696 intelligere
1899 1626 2204 1693 possi'tlAt

611 1710 657 1764 si
701 1726 821 1764 cum
862 1728 1086 1781 regnum
1128 1714 1388 1770 cmlorum
1432 1715 1709 1770 advenerit
1756 1716 1927 1787 major
1959 1716 2048 1773 illo
2083 1732 2203 1774 cer-

613 1812 794 1870 netur,
840 1820 983 1860 nunc
1024 1815 1173 1862 certe
1219 1817 1309 1862 aut
1349 1809 1596 1878 aequalis,
1640 1821 1735 1865 aut
1779 1813 1956 1867 minor
1989 1829 2053 1869 eo
2096 1824 2199 1871 est.

2297 603 2419 676 λείᾳ
2443 604 2554 658 τῶν
2576 603 2843 676 οὐρανῶν,
2868 603 2905 676 ἢ
2931 602 3048 666 πῶς
3078 600 3233 655 ἔσται
3263 599 3466 671 μείζων
3498 596 3705 664 αὐτοῦς
3728 599 3878 654 Κατὰ

2302 696 2401 768 μὲν
2424 691 2541 751 ιοῦν
2588 696 2680 750 τὸν
2729 696 2788 750 ἐν
2837 695 3097 764 ποσότητι
3137 691 3234 747 τοῦ
3272 689 3636 762 γεγεννῆσθαι
3673 690 3876 762 χρόνον,

2297 786 2400 840 οὐκ
2425 785 2491 841 ἄν
2520 803 2626 850 τις,
2662 780 2838 859 οἶμαι,
2877 783 3175 858 σωφρονῶν
3201 783 3498 854 ἐννοήσειε.
3531 782 3659 845 Πῶς
3684 780 3790 853 γὰρ
3817 783 3878 837 ἄν

2298 896 2384 943 τις
2410 878 2506 933 καὶ
2535 878 2737 949 φθάσαι
2763 878 2825 931 τὸ
2853 878 2947 933 ἀεὶ
2972 874 3297 947 προϐαδίζον
3324 872 3512 938 αὐτοῦ,
3535 874 3632 928 καὶ
3651 874 3771 936 ταῖς
3791 873 3878 927 τοῦ

2300 970 2494 1042 χρόνου
2527 970 2798 1042 περιόδοις
2845 970 2933 1024 ἀεὶ
2988 967 3281 1041 συντρέχον
3314 965 3410 1022 καῖ
3453 964 3876 1036 συνελκόμενον;

2303 1060 2515 1131 ὐνπερ
2540 1059 2651 1132 γὰρ
2681 1059 2881 1132 τρόπον
2908 1058 2979 1112 τὰ
3000 1060 3061 1112 ἐν
3085 1060 3209 1122 ταῖς
3226 1056 3336 1111 τῶν
3358 1054 3575 1109 κύκλων
3595 1072 3665 1108 πε
3675 1071 3880 1128 ριστρο-

2301 1154 2432 1224 φαῖς
2476 1153 2564 1206 ἀεὶ
2613 1153 2751 1223 πρὸς
2799 1151 2862 1205 τὸ
2908 1151 3099 1223 πρόσω
3147 1150 3320 1221 χωρεῖ
3345 1147 3445 1221 τὴν
3471 1146 3568 1202 τοῦ
3600 1146 3881 1211 διώκοντος

2299 1244 2398 1298 καὶ
2440 1244 2672 1298 κατόπιν
2700 1242 2953 1314 κειμένου
2988 1240 3402 1314 παρεκνεύοντα
3427 1238 3597 1303 θέσιν,
3632 1237 3805 1302 οὕτως
3833 1241 3879 1293 oi

2299 1331 2361 1386 τὸ
2389 1333 2447 1385 ἐν
2479 1332 2656 1404 χρόνῳ
2690 1331 2971 1405 τρίϐοντες
3015 1331 3234 1404 μέτρον,
3260 1330 3350 1384 ἀεὶ
3398 1329 3586 1401 μεῖζον
3631 1332 3689 1384 ἐν
3738 1328 3882 1400 αὐτῷ
3957 1384 3971 1397 ,

2301 1423 2445 1478 κατὰ
2470 1423 2580 1477 τῶν
2610 1422 2838 1494 ὕστερον
2864 1421 3201 1493 κεκτήμεθα.
3242 1421 3452 1478 Οὐκοῦν
3478 1421 3538 1475 οὐ
3566 1422 3709 1475 κατὰ
3730 1419 3882 1474 τοῦτο

2302 1515 2691 1586 πλεονεκτήσει
2734 1513 2967 1585 Χριστὸς
3012 1513 3106 1567 τὸν
3154 1512 3313 1581 ἀγιον
3353 1511 3686 1581 Βαπτιστὴν,
3714 1512 3882 1566 λείπει

2300 1591 2366 1678 δῆ
2394 1605 2580 1660 λοιπὸν
2626 1605 2701 1668 ὡς
2741 1602 2804 1669 ἐξ
2830 1604 3079 1675 ἀνάγκης
3109 1606 3305 1667 εἰπεῖν,
3333 1604 3417 1657 ὅτι
3459 1601 3602 1656 κατὰ
3645 1603 3741 1656 τὸν
3787 1602 3881 1672 τῆς

2301 1697 2590 1769 ἁγιότητος
2612 1695 2837 1767 τρόπον.
2873 1694 2997 1759 Πῶς
3024 1694 3135 1766 γὰρ
3175 1696 3241 1751 ἀν
3269 1712 3356 1760 τις
3384 1694 3590 1766 ἑτέρως
3616 1695 3677 1747 ἐν
3706 1693 3882 1758 αὐτοῖς

2302 1789 2610 1861 ἐπινοήσειε
2656 1788 2718 1841 τὸ
2768 1786 2989 1859 μεῖζον;
3029 1787 3169 1840 Ἀλλ’
3196 1786 3246 1840 εί
3298 1788 3421 1840 τότε
3465 1785 3610 1841 κατὰ
3654 1786 3747 1840 τὸν
3789 1786 3882 1854 τῆς

610 1895 743 1948 Cum
784 1911 914 1951 vero
962 1898 1111 1968 impii
1159 1898 1252 1953 isti
1296 1900 1573 1955 Christum
1619 1901 1829 1958 Joanne
1872 1905 2188 1962 inferiorem

2292 1878 2573 1950 βασιλείας
2596 1877 2841 1949 δηλονότι
2867 1876 3063 1950 καιρὸν
3098 1877 3300 1948 μείζων
3324 1876 3646 1949 ὀφθήσεται,
3669 1875 3764 1931 νῦν
3782 1877 3882 1949 ἄρα

608 1985 950 2056 existiment,
994 1992 1360 2058 arqualitatem
1406 1992 1483 2048 illi
1523 1994 1784 2050 tribuent.
1825 1994 1931 2051 Sed
1970 1997 2192 2053 videant
2242 2049 2246 2055 .

606 2092 830 2148 prorsus
868 2095 1030 2150 quam
1073 2081 1331 2138 imbecilli
1373 2095 1694 2156 argumento
1733 2089 1993 2143 nitantur.
2031 2089 2191 2157 Quae-

605 2186 730 2223 nam
761 2172 905 2226 enim
937 2173 1220 2243 aequalitas
1249 2177 1556 2233 sanctitatis
1586 2194 1649 2235 ex
1684 2180 1770 2237 his
1800 2184 2059 2238 constitui
2091 2197 2192 2255 po-

608 2262 753 2316 test?
783 2263 893 2318 Aut
924 2279 1032 2335 quo
1063 2275 1223 2337 pacto
1257 2283 1365 2324 non
1400 2269 1900 2342 incomparabiliter
1929 2289 2190 2345 superare

605 2356 921 2410 censebitur
946 2356 1221 2425 Christus,
1258 2376 1381 2417 cum
1412 2362 1694 2420 videamus
1723 2366 1895 2434 ipsum
1922 2366 2187 2425 Joannem

606 2443 679 2498 ita
709 2447 775 2500 ad
806 2446 1083 2505 Christum
1114 2451 1425 2523 loquentem
1460 2473 1473 2510 :
1513 2474 1532 2508 ι
1570 2454 1701 2511 Mihi
1733 2471 1868 2527 opus
1893 2469 1977 2514 est
2008 2461 2106 2516 abs
2136 2469 2189 2516 te

604 2537 870 2606 baptizari
896 2540 961 2594 "'.
1007 2560 1025 2594 ι
1064 2542 1117 2598 ld
1154 2559 1281 2600 vero
1313 2554 1467 2601 extra
1503 2562 1716 2603 omnem
1759 2553 2184 2607 controversiam

602 2639 721 2696 est,
758 2632 810 2686 id
845 2636 988 2703 quod
1024 2638 1205 2696 minus
1244 2649 1330 2697 est
1369 2657 1400 2697 a
1444 2645 1820 2712 praestantiore
1852 2647 2096 2704 benedici
2131 2657 2187 2704 et

604 2721 953 2789 salictilicari.

1278 2954 1507 3012 ALIUD.

674 3089 874 3144 Beatus
904 3088 1142 3161 Baptista
1170 3089 1385 3147 Judzeos
1418 3093 1489 3148 ita
1521 3092 1816 3165 alloquitur
1848 3116 1861 3152 :
1896 3116 1914 3150 ι
1953 3098 2063 3170 Ego
2090 3115 2183 3156 vos

576 3181 816 3250 ,baptizo
855 3181 907 3235 in
950 3197 1127 3251 aqua:
1166 3184 1261 3239 sed
1300 3192 1418 3254 post
1454 3198 1540 3239 me
1570 3184 1718 3239 venit
1747 3187 1848 3253 vir,
1885 3190 2039 3257 cujus
2074 3206 2181 3246 non

2291 1971 2355 2025 τὸ
2388 1971 2502 2025 ἴσον
2532 1971 2566 2042 ἢ
2591 1969 2653 2023 τὸ
2675 1968 2897 2023 ἔλαττον
2925 1967 3062 2039 ἔχεις
3082 1967 3301 2040 Ἐπειδὴ
3324 1968 3403 2034 δὲ,
3429 1969 3507 2033 ὡς
3539 1968 3711 2036 εἰκὸς,
3737 1968 3798 2020 τὸ
3826 1969 3881 2020 ἐν

2293 2061 2540 2115 ἐλάττοσι
2585 2060 2696 2113 τῶν
2735 2059 2985 2115 Ἰωάννου
3038 2059 3255 2114 κεῖσθαι
3295 2059 3532 2131 Χριστὸν
3580 2060 3881 2129 λογιοῢνται

2292 2152 2592 2218 δυσσεϐεῖς,
2622 2151 2998 2205 ἀποδώσουσιν
3041 2151 3151 2223 ἀρα
3189 2151 3251 2206 τὸ
3278 2152 3414 2206 ἴσον.
3432 2152 3574 2205 Ἀλλ’
3604 2153 3881 2225 όράτωσαν

2292 2244 2388 2299 καὶ
2409 2242 2598 2299 τοῦτον
2625 2245 2811 2309 αὐτοῖς
2837 2244 3175 2300 ἀσθενοῦντα
3194 2244 3286 2299 τὸν
3311 2244 3593 2315 λογισμόν.
3622 2245 3762 2299 Ποία
3780 2246 3883 2315 γὰρ

2296 2336 2478 2409 ίσότης
2508 2336 2693 2401 αὐτοῖς
2724 2339 2783 2390 ἐν
2819 2334 3079 2407 ἁγιασμῷ
3111 2334 3457 2408 σωθήσεται;
3489 2335 3614 2401 Πῶς
3638 2335 3701 2388 δὲ
3722 2337 3781 2389 οὐ
3810 2352 3883 2389 νι-

2292 2429 2721 2502 κήσει,Χριστὸς
2742 2429 3099 2500 ἅσυγκρίτοις
3134 2430 3454 2501 ὑπεροχαῖς,
3488 2429 3618 2483 ὅταν
3653 2428 3773 2502 ἴδῃς
3797 2428 3883 2481 τὸν

2295 2521 2563 2595 μακάριον
2578 2522 2831 2595 Ἰωάννην
2850 2521 3079 2591 λέγοντα
3102 2521 3239 2593 πρὸς
3264 2521 3430 2575 αὐτόν
3447 2537 3462 2554 ο
3493 2539 3512 2572 ‹
3536 2519 3680 2590 Ἐγὼ
3703 2520 3884 2592 χρείαν

2291 2614 2399 2684 ἔχω
2433 2613 2539 2667 ὑπὸ
2566 2613 2660 2667 σοῦ
2687 2612 3090 2684 βαπτισθῆναις
3122 2631 3140 2664 ο
3166 2612 3355 2685 Χωρὶς
3384 2612 3441 2666 δὲ
3472 2612 3657 2684 πάσης
3676 2611 3882 2673 ἀντιλο-

2291 2706 2418 2775 γίας
2451 2706 2512 2760 τὸ
2537 2706 2759 2761 ἔλαττον
2793 2707 2900 2761 ὐπὸ
2948 2705 3044 2760 τοῦ
3096 2706 3412 2779 κρείττονος
3461 2705 3770 2775 εὐλογεῖται
3798 2704 3883 2757 καὶ

2292 2796 2605 2868 ἁγιάζεται.

2982 2937 3190 2994 ΑΛΔΟ.

2366 3097 2715 3169 Προσεφώνει
2741 3101 2855 3163 τοῖς
2890 3096 3162 3162 Ἰουδαίοις
3185 3099 3215 3152 ό
3246 3097 3518 3171 μακάριος
3549 3097 3882 3169 Βαπτιστής*

2298 3210 2316 3244 t
2339 3190 2480 3261 Ἐγὼ
2510 3192 2657 3263 ὑμᾶς
2690 3191 2962 3247 ἐϐάπτισα
2990 3193 3050 3245 ἐν
3081 3189 3256 3247 ὕδατι,
3276 3191 3482 3246 Ὀπίσω
3513 3209 3613 3264 μου
3661 3192 3885 3264 ἔρχεται

602 3289 724 3329 sum
757 3275 954 3345 dignus
978 3286 1036 3329 ut
1061 3290 1266 3346 pronus
1288 3276 1492 3332 solvam
1516 3279 1803 3348 corrigiam
1837 3281 2186 3341 calceamenti

2291 3282 2450 3354 ἀνὴρ,
2471 3276 2532 3338 οὗ
2561 3284 2662 3338 οὐκ
2689 3284 2806 3355 εἰμὶ
2835 3283 3023 3349 ἱκανὸς
3054 3284 3140 3338 ἵνα
3171 3283 3351 3354 κύψας
3382 3283 3530 3338 λύσω
3554 3284 3644 3339 τὸν
3689 3282 3888 3355 ἱμάντα

599 3367 739 3435 ejus.
775 3367 869 3421 Ille
902 3383 1000 3421 vos
1037 3356 1333 3439 baptizabit
1373 3368 1673 3447 ianpiritu
1714 3382 1903 3428 sancto
1943 3384 2001 3429 et
2041 3377 2182 3447 igne.

597 3458 770 3529 Cujus
796 3458 1157 3514 ventilabrum
1189 3456 1241 3513 in
1274 3475 1434 3514 manu
1465 3460 1604 3531 ejus,
1633 3469 1687 3517 et
1716 3466 1971 3534 purgabit
1996 3482 2184 3523 aream

600 3564 757 3605 suam
780 3587 796 3613 ,
828 3557 883 3603 et
916 3551 1270 3621 congregabit
1301 3552 1541 3607 triticum
1576 3555 1629 3608 in
1664 3555 1876 3612 horreis
1905 3558 2020 3613 suis
2041 3600 2055 3626 ,
2088 3574 2185 3628 pa-

600 3641 739 3695 leam
781 3656 909 3697 vero
948 3651 1142 3698 exuret
1184 3643 1307 3714 igne
1349 3643 1803 3719 incxstinguibili.
1855 3667 1873 3702 ι
1923 3650 2182 3718 Quaenam

599 3729 764 3802 igitur
793 3731 937 3787 inter
964 3732 1066 3789 hos
1094 3735 1421 3804 mqualitatis
1453 3738 1593 3794 ratio
1626 3750 1880 3796 constare
1910 3751 2089 3812 potest
2112 3746 2179 3812 ",

597 3820 854 3890 Joannis,
890 3825 1141 3894 inquam,
1171 3836 1224 3881 et
1252 3826 1497 3883 Christi?
1527 3828 1773 3885 Nondum
1807 3832 1951 3887 enim
1987 3820 2178 3907 major,

600 3915 649 3971 si
676 3914 971 3986 aliquando
998 3916 1210 3974 futurus
1236 3928 1375 3987 erat,
1403 3920 1556 3990 juxta
1590 3921 1816 3978 istorum
1845 3927 2183 3995 opinionem,

598 4022 696 4064 cur
729 4011 966 4080 seipsum
1006 4025 1146 4082 aqua
1184 4013 1493 4084 baptizare,
1525 4013 1800 4072 Christum
1838 4031 2017 4075 autem
2062 4021 2184 4092 Spi-

595 4102 736 4157 ritus
763 4103 1005 4157 datorem
1036 4101 1276 4158 i‘uturum
1309 4105 1586 4162 allii-mat?
1612 4107 1791 4180 Atque
1821 4111 1911 4166 hic
1937 4111 2179 4183 quidem,

597 4203 661 4250 ut
691 4194 941 4263 famulus,
972 4211 1041 4250 ne
1066 4197 1356 4267 cerrigiam
1386 4200 1604 4270 quidem
1633 4202 1985 4259 calceamenti
2013 4207 2179 4262 attin-

562 4304 724 4361 gere
764 4293 948 4356 audet,
992 4292 1134 4347 hunc
1170 4308 1299 4347 vero
1343 4309 1484 4350 areae
1528 4296 1816 4352 Dominum
1861 4314 1985 4357 esse
2028 4302 2175 4357 dicit.

2286 3374 2381 3428 τοῦ
2417 3374 2785 3447 ὑποδήματος.
2804 3376 3044 3440 Ἐκεῖνος
3067 3376 3212 3447 ὑμᾶς
3234 3376 3487 3447 βαπτίσει
3514 3377 3570 3430 ἐν
3599 3376 3886 3448 Πνεύματι

2286 3466 2428 3539 ἁγίῳ
2462 3467 2559 3521 καὶ
2591 3467 2745 3541 πυρί.
2775 3460 2851 3521 Οῧ
2894 3468 2957 3522 τὸ
3000 3465 3168 3522 πτύον
3196 3468 3255 3522 ἐν
3286 3471 3352 3539 τῇ
3381 3468 3526 3539 χειρὶ
3554 3466 3757 3536 αὐτοῦ,
3796 3467 3888 3521 καὶ

2286 3559 2634 3630 διακαθαριεῖ
2672 3559 2773 3630 τὴν
2803 3558 2985 3613 ἀλωνα
3011 3557 3204 3625 αὐτοῦ,
3236 3558 3331 3613 καὶ
3361 3558 3580 3623 συνάξει
3609 3557 3714 3613 τόν
3747 3559 3888 3612 σῖτσν

2287 3653 2368 3717 εἰς
2405 3651 2504 3725 τὴν
2556 3652 2879 3725 ἀποθήκην,
2912 3651 2977 3707 τὸ
3021 3652 3080 3707 δέ
3123 3653 3329 3726 ἄχυρον
3375 3651 3725 3707 κατακαύσει
3756 3650 3888 3722 πυρὶ

2284 3745 2555 3816 ἀσϐέστῳ.
2588 3764 2607 3797 ι
2660 3745 2819 3808 Ποῑος
2873 3740 2966 3799 οὖν
3013 3746 3121 3817 ἄρα
3174 3744 3308 3814 πρὸς
3365 3744 3541 3798 ταῦτα
3589 3745 3886 3816 γενήσεται

2284 3836 2442 3907 λόγος
2483 3840 2596 3902 τοῖς
2646 3839 2703 3892 ἐν
2756 3838 2961 3909 ἰσότητι
2999 3837 3109 3892 τῶν
3152 3838 3401 3892 Ἰωάννου
3436 3837 3656 3908 μέτρων
3689 3836 3887 3891 τιθεῖσι

2282 3929 2653 4001 τὸνηΚύριονς
2687 3928 2859 3984 Οὔπω
2907 3928 3018 4000 γὰρ
3075 3929 3299 4000 μείζων,
3329 3928 3491 4001 εἴπερ
3534 3927 3695 3983 ἔσται
3730 3926 3882 3988 ποτὲ,

2284 4020 2428 4076 κατά
2458 4021 2558 4093 τὴν
2590 4022 2815 4077 ἐκείνων
2864 4021 3138 4094 διάληψιν,
3174 4022 3294 4076 ὅτου
3345 4022 3509 4094 χάριν
3555 4021 3759 4075 ἑαυτὸν
3790 4019 3887 4092 μὲν

2285 4113 2440 4168 ὕδατι
2474 4112 2785 4184 βαπτίζειν,
2814 4114 2906 4168 τὸν
2939 4114 2996 4168 δὲ
3028 4114 3124 4169 τοῦ
3156 4114 3478 4186 Πνεύματος
3518 4112 3749 4169 ἔσεσθαι
3799 4129 3886 4183 χο-

2285 4205 2456 4277 ρηγὸν
2502 4205 2930 4278 διῖσχυρίζεται;
2973 4207 3087 4261 Καὶ
3136 4205 3299 4270 αὐτὸς
3352 4205 3474 4277 μὲν,
3513 4205 3590 4269 ὼς
3635 4204 3884 4275 οἰκέτης,

2282 4296 2389 4352 οὐδ’
2415 4297 2539 4352 ὅσον
2570 4297 2854 4368 ἀποθίγειν
2901 4296 2996 4352 τοῦ
3053 4298 3276 4368 ίμάντος
3324 4296 3610 4369 ἀποτολμᾷ
3633 4315 3649 4329 ·
3702 4296 3801 4351 τὸν
3830 4295 3886 4349 δὲ

596 4381 713 4439 Iloe
731 4385 875 4439 enim
898 4384 1167 4455 significat
1187 4384 1340 4450 illud,
1365 4404 1382 4437 ι
1408 4386 1665 4457 Purgabit
1686 4403 1870 4444 aream
1893 4406 2042 4447 suam
2060 4393 2126 4448 ³⁰.
2155 4412 2173 4446 ι

2291 4390 2381 4459 τῆς
2413 4388 2527 4444 ἅλω
2560 4389 2840 4461 Δεσπότην
2885 4384 3028 4443 εἶναί
3074 4405 3229 4460 φησι.
3264 4389 3438 4443 Τοῦτο
3467 4387 3576 4461 γὰρ
3620 4388 3887 4461 σημαίνει

596 4477 1012 4533 Distributorem
1040 4478 1184 4533 enim
1215 4493 1279 4534 ac
1305 4478 1467 4533 veluti
1496 4479 1895 4550 designatorem
1927 4483 2042 4540 fore
2066 4486 2177 4558 97

2291 4481 2361 4548 ιδ,
2395 4500 2414 4533 ‹
2435 4481 2797 4554 Διακαθαριεῖ
2818 4482 2918 4553 τὴν
2939 4480 3121 4536 ἅλωνα
3149 4479 3339 4536 αὐτοῦ.
3355 4500 3373 4534 t
3402 4480 3514 4535 Καὶ
3533 4479 3806 4552 διανομέα
3825 4494 3885 4531 τε

595 4572 673 4627 ait
697 4585 884 4627 eorum
917 4587 1035 4641 qum
1064 4571 1292 4642 singulis
1321 4573 1655 4629 conveniunt
1684 4592 1698 4629 :
1729 4574 1801 4629 ita
1830 4584 1890 4630 ut
1912 4575 2089 4645 justos
2115 4595 2179 4635 ac

592 4666 764 4723 bonos
798 4667 974 4721 instar
1002 4664 1127 4720 boni
1167 4665 1332 4720 tritici
1371 4666 1423 4719 in
1457 4665 1711 4722 caelestes
1743 4668 2052 4725 mansiones
2091 4671 2176 4725 in«

591 4759 855 4814 ducturus
890 4757 993 4823 sit,
1027 4757 1222 4827 impios
1255 4771 1384 4812 vero
1422 4760 1594 4813 instar
1625 4757 1901 4829 palearum
1940 4759 2045 4830 igni
2081 4776 2180 4830 pa-

2205 4617 2256 4675 D

2281 4572 2377 4627 καὶ
2406 4572 2567 4626 οἱονεὶ
2596 4573 2914 4644 σημάντορα
2950 4572 3061 4626 τῶν
3089 4572 3307 4644 ἑκάστῳ
3347 4576 3674 4643 πρεπόντων
3704 4572 3888 4644 ὀφθή-

2284 4661 2477 4716 σεσθαι
2500 4662 2648 4731 λέγει
2669 4679 2682 4693 ο
2714 4662 2791 4727 ὡς
2818 4663 2911 4717 τὸν
2937 4662 3038 4733 μὲν
3057 4662 3265 4717 δίκαιόν
3289 4679 3349 4716 τε
3375 4662 3471 4715 καὶ
3492 4661 3706 4731 ἀγαθὸν
3730 4662 3887 4716 σίτου

2281 4755 2439 4825 δίκην
2483 4757 2604 4819 ταῖς
2650 4755 2924 4827 οὐρανίοις
2977 4755 3317 4826 είσκομίζειν
3368 4754 3583 4820 αὐλαῖς,
3613 4754 3803 4827 πυρὸς
3833 4753 3891 4807 δέ

589 4849 776 4905 bulum
813 4848 1178 4920 projecturus.
1211 4849 1283 4904 At
1318 4849 1364 4903 si
1401 4860 1522 4904 erat
1551 4849 1778 4918 aequalis
1808 4849 1857 4903 ei
1891 4850 1981 4919 qui
2015 4852 2176 4923 paulo

2291 4846 2552 4902 ποιεῖσθαι
2595 4847 2802 4921 τροφὴν
2836 4847 3045 4921 ἁχύρου
3074 4848 3278 4922 τρόπον
3316 4847 3765 4920 ἀποτιναχθέντα
3794 4847 3891 4902 τὸν

589 4948 711 5014 post
735 4951 853 4996 erat
879 4941 1095 4995 futurus
1121 4940 1317 5008 major,
1344 4956 1443 4995 cur
1466 4956 1571 4994 non
1598 4940 1761 4995 etiam
1790 4941 1905 5010 ipse
1931 4941 2173 5014 baptiza-

2291 4939 2484 4994 ἱδικον.
2502 4939 2642 4994 Ἀλλ’
2671 4939 2831 5011 εἴπερ
2858 4937 2927 5012 ἦν
2959 4943 3016 4994 ἐν
3044 4941 3146 5011 ίσῳ
3177 4941 3363 5014 μέτρῳ
3386 4939 3463 5012 τῷ
3497 4939 3698 5010 μικρὸν
3722 4938 3891 4994 ὓστε-

587 5033 669 5090 vit
703 5034 758 5089 in
803 5032 1047 5103 Spiritu,
1085 5044 1381 5098 areamque
1420 5046 1574 5084 suam
1610 5033 1954 5104 expurgavit,
1982 5044 2039 5090 et
2067 5033 2173 5090 Do-

2278 5046 2372 5102 pov
2401 5030 2643 5103 ἐσομένῳ
2678 5030 2905 5102 μείζονι,
2932 5031 2986 5084 τί
3028 5029 3104 5102 μὴ
3141 5030 3240 5085 καὶ¹
3270 5030 3433 5095 αὐτὸς
3481 5027 3742 5101 βαπτίζει
3782 5028 3888 5101 μὲν

587 5126 722 5180 mini
752 5127 1069 5197 dignitatem
1097 5123 1200 5178 sibi
1229 5137 1511 5192 arrogans,
1533 5122 1796 5192 judicavit
1827 5129 2085 5184 mundum
2117 5130 2170 5185 in

2291 5124 2340 5177 ὲν
2374 5123 2512 5197 ἁγίῳ
2543 5123 2852 5195 Πνεύματι’
2881 5125 3229 5196 διακαθαίρει
3259 5124 3314 5178 δὲ
3340 5122 3438 5196 τὴν
3468 5123 3650 5178 άλωνα
3678 5121 3886 5184 αὐτοῦ,

585 5215 835 5285 iustitia?
877 5216 1013 5271 Cum
1061 5229 1191 5269 vero
1234 5213 1425 5268 beatus
1471 5213 1711 5281 Baptista
1755 5215 1992 5274 Joannes
2036 5219 2170 5274 nihil

2291 5218 2372 5272 καὶ
2405 5220 2465 5271 τὸ
2498 5216 2822 5272 Δεσποτικὸν
2870 5214 3085 5288 ἀξίωμα
3132 5215 3520 5287 περικείμενος
3555 5215 3741 5286 κρίνει
3780 5215 3887 5285 τὴν

586 5310 781 5365 horum
831 5306 1152 5378 praestitisse
1201 5305 1530 5371 inveniatur,
1578 5306 1829 5363 Christus
1876 5320 2060 5366 autem
2112 5313 2166 5367 in

2291 5308 2599 5379 δίκουμένην
2648 5310 2705 5361 ἐν
2746 5307 3096 5379 δικαιοσύνης
3140 5305 3358 5377 Ἐπειδὴ
3390 5304 3447 5359 δὲ
3476 5303 3689 5358 τούτων
3720 5304 3887 5359 οὐδὲν

586 5408 850 5472 potestate
884 5399 1064 5452 divina
1100 5396 1355 5466 praestitit
1393 5417 1406 5454 :
1448 5414 1554 5453 non
1592 5409 1706 5455 erat
1748 5402 1912 5472 igitur
1942 5405 2167 5475 aequalis

2291 5401 2301 5449 i
2324 5400 2595 5472 μακάριος
2615 5400 2927 5471 Βαπτιστὴς
2958 5400 3216 5470 Ἰωάννης
3234 5397 3501 5453 ἐπιτελῶν
3522 5397 3883 5469 εὑρίσκεται,

2273 5493 2503 5564 πράττει
2535 5493 2591 5547 δὲ
2668 5494 2902 5566 Χριστὸς
2934 5497 2992 5548 ἐν
3027 5493 3247 5566 ἐξουσίᾳ
3277 5492 3590 5565 θεοπρεπεῖ,
3615 5489 3729 5545 οὐκ
3762 5489 3886 5555 ἴσος

2272 5587 2380 5656 ἀρα
2415 5572 2637 5653 ἐκεῖνος
2669 5586 2748 5659 τῷ
2798 5586 3054 5643 τοσοῦτον
3105 5585 3451 5661 ἐξαλλομένῳ
3500 5586 3595 5642 καὶ
3637 5582 3889 5640 ἀναϐαί-

2270 5694 2433 5731 νοντι.

585 5493 660 5548 illi
692 5492 786 5564 qui
820 5499 969 5546 tanto
1003 5488 1286 5547 intervallo
1317 5506 1437 5546 eum
1470 5493 1779 5563 superabat.

654 5842 702 5875 ”
729 5841 915 5900 Matth.
956 5861 1034 5915 tu,
1082 5844 1161 5901 Η.
1234 5848 1282 5930 ξθ
1317 5847 1448 5905 Ibid.
1498 5848 1580 5915 ll,
1621 5849 1701 5903 l2.
1783 5850 1824 5887 ³ο
1853 5849 1975 5909 Luc.
2016 5869 2093 5919 nt,
2128 5854 2212 5911 -l7.
