4106 6452
216 398 303 459 161

933 509 1143 565 ΑΛΛΟ.

282 630 388 702 Τὴν
408 626 502 683 διὰ
532 627 800 691 πίστεως
830 626 1034 696 ἄφεσιν
1064 621 1502 696 ὑπισχνούμενος
1530 620 1665 692 ἡμῖν
1693 619 1723 673 6
1745 617 1841 672 τοῦ

222 723 353 777 Θεοῦ
400 720 603 788 Λόγος,
661 719 765 773 διὰ
830 718 933 772 τοῦ
994 718 1277 793 προφήτου
1339 716 1504 788 φησὶν
1577 714 1841 768 Ἠσατουο

234 837 252 869 ι
299 812 428 883 Ἐγώ
450 814 578 883 εἰμι
609 812 644 865 δ
666 808 989 879 ὲξαλείῷων
1017 809 1116 874 τὰς
1145 810 1378 881 ἀνομίας
1406 826 1521 875 σου,
1552 808 1649 862 καὶ
1675 808 1737 861 οὺ
1766 807 1842 879 μὴ

226 907 633 980 μνησθήσομαι.
678 922 701 955 ³
753 901 988 973 Ἐπειδὴ
1018 902 1077 956 δὲ
1107 902 1209 974 ἤδη
1261 901 1463 973 παρῆν,
1496 901 1593 953 καὶ
1627 898 1714 953 διὰ
1743 899 1844 970 τῆς

219 1002 367 1071 ἁγίας
400 998 695 1070 ἐγεννήθη
752 995 1067 1067 Παρθένου,
1110 995 1205 1047 ἐπὶ
1232 994 1336 1067 γῆς
1374 1009 1435 1047 τε
1465 992 1643 1064 ὤφθη,
1696 990 1855 1046 καθὰ.

216 1096 524 1165 γέγραπται
547 1131 566 1155 ,
628 1091 738 1145 καὶ
811 1092 927 1153 τοῖς
988 1084 1301 1160 ἀνθρώποις
1357 1085 1840 1158 συνανεστρέφετο,

215 1185 627 1259 κατασημαίνει
676 1186 803 1248 τοῖς
854 1182 1061 1255 ὁρῶσιν
1103 1181 1269 1236 αὑτὸν
1308 1183 1336 1235 6
1365 1180 1537 1254 κήρυξ
1571 1181 1667 1234 καὶ
1701 1179 1841 1253 πρό-

214 1283 428 1353 δρομος,
470 1283 579 1333 καὶ
614 1278 689 1350 δὴ
736 1276 838 1332 καί
886 1293 1054 1349 φησιν
1098 1277 1128 1329 ὁ
1175 1277 1446 1347 μακάριος
1490 1275 1838 1347 Batarnas-ﬁ;-

217 1394 238 1428 ι
277 1373 383 1428 Ἴδε
405 1374 437 1427 ὁ
468 1372 661 1444 ἀμνὸς
688 1371 794 1427 τοῦ
829 1370 993 1434 Θεοῦ,
1027 1372 1056 1424 6
1085 1369 1260 1441 αἴρων
1284 1370 1387 1440 τὴν
1425 1367 1703 1440 ἁμαρτίαν
1743 1366 1840 1421 τοῦ

212 1464 439 1534 κόσμου.
508 1482 532 1515 ι
594 1462 788 1533 Εἴπερ
834 1456 930 1516 οὖν
971 1460 1149 1526 ἔσται,
1202 1460 1348 1516 κατά
1394 1477 1583 1524 τινας,
1641 1458 1843 1530 μείζων

230 1557 474 1612 Ἰωάννου
504 1556 764 1627 Χριστὸς
795 1557 859 1609 ὲν
899 1556 969 1625 τῇ
1016 1553 1270 1625 βασιλείᾳ
1300 1553 1411 1608 τῶν
1448 1551 1719 1625 οὐρανῶν,
1747 1551 1843 1606 καὶ

222 1647 370 1703 τοῦτο
412 1650 476 1703 ὲν
504 1647 741 1703 ἐλπίσιν
768 1648 889 1718 ἔχει
933 1649 998 1701 τὸ
1023 1648 1216 1719 γέρας,
1239 1642 1308 1718 ἦν
1351 1644 1461 1718 ἄρα
1498 1646 1716 1708 πάντως
1743 1644 1845 1699 οὐκ

223 1744 277 1795 ὲν
302 1741 635 1809 ἐλαττώσει,
657 1742 725 1796 ὲν
754 1740 971 1811 ἰσότητι
1002 1740 1086 1805 δὲ,
1106 1739 1251 1794 κατά
1272 1739 1335 1794 τὸ
1360 1739 1533 1802 εἰκός.
1564 1732 1702 1792 Εἶτα
1723 1736 1844 1802 πῶς

1670 382 2122 442 ’TIIESAURUS.

1869 517 1922 574 Α

3434 382 3539 439 102

2625 501 2854 559 ALIUD.

2019 618 2162 674 Deus
2209 631 2312 688 per
2339 616 2666 689 prophetam
2698 618 2896 672 Isaiam
2925 616 3304 673 remissionem
3341 633 3438 688 per
3471 621 3534 676 ll-

1946 712 2070 768 dem
2103 711 2432 783 promittens
2477 728 2491 766 :
2544 729 2563 762 ι
2596 709 2709 781 Ego
2732 754 2747 778 ,
2812 711 2988 780 inquit
3018 752 3034 779 ,
3099 724 3220 766 sum
3253 712 3343 781 qni
3384 711 3539 768 deleo

1949 804 2271 874 iniquitates
2306 812 2448 871 tuas,
2483 812 2537 859 et
2574 818 2681 859 non
2704 804 3032 860 recordabor
3063 805 3108 837 ⁸¹
3130 844 3145 859 .
3189 823 3206 856 ι
3237 803 3371 860 Cum
3402 820 3538 862 vero

1945 911 2013 953 ex
2044 906 2233 952 sancta
2264 895 2492 968 Virgine
2532 909 2694 954 natus
2746 908 2831 954 est
2881 908 2935 954 et
2971 899 3025 954 in
3073 908 3221 955 terra
3260 902 3538 972 apparuit,

1946 990 2088 1047 sicut
2116 991 2378 1059 scriptum
2413 991 2566 1047 est”
2591 1032 2607 1057 ,
2657 1006 2890 1062 eumque
2936 993 3251 1049 hominibus
3279 1005 3535 1051 versatus

1946 1093 2049 1150 est,
2077 1082 2314 1139 Joannes
2349 1083 2591 1153 Baptista
2620 1083 2738 1153 ejus
2789 1101 2968 1156 praeco
3011 1096 3178 1157 atque
3223 1104 3532 1159 praecursor

1942 1177 2185 1235 ostendit
2219 1178 2454 1242 dicens;
2495 1197 2514 1230 ι
2548 1178 2690 1234 Ecce
2734 1178 2924 1249 Agnus
2956 1179 3050 1236 Dei
3084 1182 3176 1251 qui
3227 1184 3368 1238 tollit
3400 1198 3530 1253 pec-

1943 1278 2067 1326 cata
2128 1270 2315 1326 mundi
2371 1271 2439 1326 ³³.
2501 1290 2520 1324 ι
2587 1270 2646 1328 Si
2692 1272 2881 1344 igitur,
2913 1282 2972 1329 ut
3023 1276 3268 1331 nonnulli
3319 1279 3530 1345 volunt,

1945 1362 2197 1418 Christus
2244 1363 2455 1418 futurus
2490 1372 2574 1419 est
2601 1364 2775 1434 major
2828 1365 3039 1423 Joanne
3074 1366 3129 1422 in
3159 1383 3327 1440 regno
3369 1370 3541 1427 ctelo-

1946 1470 2087 1522 rum,
2123 1463 2286 1527 atque
2315 1458 2417 1512 hoc
2448 1459 2730 1527 praemium
2765 1464 2825 1516 Se
2860 1471 3291 1518 consecuturum
3327 1476 3536 1535 sperat,

1945 1556 2064 1601 erat
2086 1548 2271 1618 igitur,
2294 1558 2352 1602 ut
2368 1549 2534 1605 verisi
2553 1550 2677 1607 mile
2697 1560 2802 1619 est,
2825 1568 2930 1608 non
2957 1555 3156 1613 minor.
3172 1556 3268 1611 sed
3291 1558 3537 1627 aequalis.

1946 1639 2017 1693 At
2066 1654 2198 1694 vero
2253 1655 2375 1709 quae
2428 1642 2659 1712 aequalia
2701 1654 2853 1709 sunt,
2913 1661 3021 1716 quo
3050 1658 3210 1718 pacto
3259 1659 3544 1720 tantopere

1947 1730 2092 1788 inter
2125 1746 2186 1787 se
2215 1732 2564 1805 discrepant,
2618 1747 2677 1790 ut
2705 1735 2795 1791 hic
2835 1737 3054 1807 quidem
3083 1749 3310 1809 peccata
3353 1740 3542 1796 mundi

224 1832 291 1888 τὰ
314 1837 374 1888 ἰν
402 1834 516 1904 Imp
553 1831 757 1903 μέτρῳ
786 1830 1052 1885 τοσοῦτον
1079 1830 1150 1885 δι’
1178 1829 1427 1902 ἀλλήλων
1469 1827 1847 1899 ἀπολιμπάνε-

1952 1822 2143 1879 tollere
2176 1826 2371 1895 possit,
2408 1835 2573 1896 atque
2599 1827 2704 1882 hoc
2732 1843 2800 1884 ex
2825 1843 2923 1885 sua
2974 1840 3245 1900 potestate
3276 1833 3540 1903 prtestet';

229 1943 339 1991 ται,
374 1926 451 1990 ὡς
485 1923 582 1978 τὸν
615 1924 721 1996 μὲν
749 1922 1025 1979 δύνασθαι
1070 1921 1166 1977 τοῦ
1201 1923 1410 1994 κόσμου
1439 1922 1539 1995 τὴν
1573 1921 1851 1993 ἁμαρτίαν

1952 1915 2095 1973 alter
2116 1931 2246 1974 vero
2264 1929 2531 1995 purgante
2552 1928 2619 1976 et-
2636 1921 3017 1980 sanctiﬁcante
3042 1925 3318 1997 indigeat?
3348 1945 3369 1979 ι
3394 1927 3547 1998 Opus

238 2015 521 2086 ἀφαιρεῖν,
562 2015 659 2069 καὶ
690 2013 862 2068 τοῦτο
888 2014 1139 2089 ἐνεργεῖν
1169 2013 1628 2079 ὲξουσιαστικῶς·
1673 2015 1766 2069 τὸν
1792 2013 1852 2068 δὲ

242 2106 339 2160 τοῦ
386 2106 739 2178 καθαίροντος
769 2106 874 2160 καὶ
902 2105 1227 2175 ἁγιάζοντος
1257 2106 1451 2161 ἐπιδεᾶ
1484 2105 1849 2174 καθεστάναι;

248 2216 268 2250 ι
317 2198 525 2271 Χρείαν
551 2198 657 2269 γὰρ
697 2197 840 2267 ἐγὼ,
896 2197 1088 2270 φησὶν,
1124 2197 1234 2270 ἔχω
1270 2197 1376 2251 ὑπὸ
1408 2197 1504 2251 σοῦ
1549 2186 1855 2269 βαπτισθῆ-

237 2308 339 2345 ναι.
372 2308 395 2342 ι
444 2289 661 2361 Ἐπειδὴ
711 2289 774 2344 δὲ
810 2290 918 2344 οὐκ
946 2290 1026 2351 ,ἐν
1069 2291 1187 2354 τοῖς
1217 2305 1365 2354 τινος
1401 2289 1700 2362 δεομένοις,
1735 2290 1851 2344 ἀλλ’

227 2387 286 2439 ἐν
320 2385 436 2448 τοῖς
461 2381 776 2455 χορηγοῦσι
818 2382 884 2436 τὸ
922 2382 1113 2453 μεῖζον
1146 2383 1364 2455 ὁρᾶται,
1400 2385 1497 2437 καὶ
1528 2384 1557 2437 6
1610 2384 1733 2455 μὲν,
1774 2384 1852 2448 ὡς

227 2473 377 2540 Θεὸς,
404 2473 642 2545 ἀφίησιν
685 2473 1003 2545 ἁμαρτίας,
1044 2475 1074 2527 6
1108 2472 1166 2527 δὲ
1210 2472 1435 2528 δύναται
1476 2474 1637 2527 τοῦτο
1676 2477 1852 2529 ποιεῖν

231 2567 499 2638 οὐδαμῶς,
546 2567 657 2621 οὐκ
707 2566 832 2630 ἴσος
865 2566 977 2638 ἄρα
1020 2565 1102 2638 τῷ
1143 2566 1400 2622 τοσοῦτον
1440 2566 1850 2638 ἐξηλλαγμένῳ.

400 2700 618 2767 MAG,
659 2698 751 2767 ὡς
783 2698 859 2753 ἐν
889 2697 1147 2769 ἐπιτομῇ
1188 2698 1286 2753 καί
1337 2697 1653 2766 ἁπλότητι.

292 2816 357 2870 ΕΞ
400 2814 617 2887 μείζων
644 2813 809 2868 ἔσται
837 2812 936 2867 τοῦ
962 2812 1126 2882 ἁγίου
1156 2810 1488 2878 Βαπτιστοῦ,
1512 2811 1659 2866 κατά
1679 2827 1849 2875 τινας,

221 2910 253 2961 6
288 2905 483 2979 Σωτὴρ
525 2907 595 2959 ἐν
641 2906 713 2977 τῇ
750 2902 1008 2974 βασιλεία
1034 2900 1142 2955 τῶν
1171 2899 1443 2973 οὐρανῶν,
1478 2900 1512 2972 ἦ
1541 2901 1678 2965 ἴσος,
1720 2898 1754 2970 ἢ
1794 2901 1853 2953 ὲν

223 2997 522 3053 ἐλαττώσει
558 2996 689 3051 ἐστὶ
713 2996 867 3051 κατά
892 2995 986 3049 τὸν
1011 2993 1114 3065 τῆς
1143 2992 1612 3066 ἐνανθρωπήσεως
1638 2992 1848 3064 χρόνον.

237 3090 323 3144 Ἐν
344 3089 449 3161 μὲν
475 3084 575 3143 οῦν
596 3084 934 3154 ἐλαττώσει,
954 3084 1232 3157 οὐδαμῶς.
1267 3083 1357 3138 Ἐν
1376 3083 1584 3154 ἰσότητι
1608 3083 1668 3138 δέ
1683 3099 1696 3113 ⁸
1725 3081 1854 3137 τοῦς

1950 2012 2102 2065 enim
2131 2020 2236 2078 est,
2266 2009 2464 2081 inquit,
2499 2019 2559 2067 ut
2596 2014 2695 2067 abs
2732 2023 2784 2069 te
2810 2015 3060 2085 baptizer
3081 2016 3150 2072 “.
3185 2036 3205 2070 ι
3243 2017 3380 2073 Cum
3413 2034 3545 2075 vero

1955 2116 2066 2158 non
2104 2102 2152 2158 is
2180 2104 2273 2173 qui
2299 2104 2485 2174 aliquo
2515 2104 2742 2175 indiget,
2791 2108 2887 2167 sed
2914 2109 2961 2163 is
3009 2108 3103 2178 qui
3165 2108 3214 2163 id
3261 2125 3369 2181 quo
3405 2111 3547 2167 alius

1954 2205 2078 2266 eget
2096 2195 2444 2266 suppeditare
2468 2208 2669 2267 potest,
2717 2198 2893 2267 major
2922 2200 3031 2267 sit,
3074 2209 3132 2256 et
3160 2201 3303 2272 Dens
3327 2203 3546 2272 quidem

1956 2289 2207 2343 remittat
2254 2300 2475 2361 peccata
2503 2332 2517 2355 ,
2575 2291 2666 2349 hic
2709 2308 2842 2349 vero
2891 2293 3040 2350 nullo
3097 2302 3259 2364 pacto
3306 2296 3358 2351 id
3408 2310 3547 2366 pra:-

1957 2390 2105 2438 stare
2139 2393 2304 2454 queat
2336 2400 2351 2438 :
2385 2399 2493 2448 non
2521 2394 2606 2442 est
2656 2385 2822 2456 igitur
2850 2387 3079 2458 aequalis
3127 2387 3203 2445 illi
3233 2403 3264 2445 a
3286 2404 3397 2460 quo
3424 2397 3547 2444 tan-

1957 2485 2146 2546 topere
2167 2487 2481 2548 superatur.

2308 2692 2538 2760 ALlUD,
2564 2695 2827 2752 succincte
2855 2707 2904 2752 et
2952 2697 3176 2752 ruditer.

2028 2805 2085 2861 Si
2118 2806 2403 2878 Servator,
2457 2822 2514 2866 ut
2570 2811 2815 2866 nonnulli
2873 2814 3191 2884 opinantur,
3251 2812 3426 2885 major
3464 2821 3548 2870 est

1953 2900 2164 2959 Joanne
2192 2904 2434 2975 Baptista
2469 2904 2522 2960 in
2566 2921 2732 2975 regno
2756 2905 3018 2961 ccelorum
3042 2945 3058 2972 ,
3110 2914 3261 2963 certe
3303 2921 3371 2963 eo
3403 2919 3545 2963 temo

1954 3015 2087 3071 pore
2115 3015 2224 3069 quo
2256 2993 2399 3055 inter
2433 3000 2684 3055 homines
2708 3009 2958 3056 versatus
3004 3008 3110 3066 est,
3170 3010 3264 3056 aut
3298 3000 3547 3072 aequalis,

1955 3100 2051 3146 aut
2069 3091 2249 3145 minor
2265 3105 2330 3145 eo
2353 3091 2475 3146 fuit.
2501 3090 2677 3146 Minor
2698 3099 2878 3147 autem
2900 3091 3047 3145 nulla
3072 3091 3307 3148 ratione.
3340 3091 3549 3163 [Equa-

228 3182 403 3250 κγάρ
423 3180 551 3245 πώς
576 3182 705 3235 ἔστι
732 3179 798 3233 τὸ
818 3177 1293 3250 πρεπωδέστερον.
1328 3175 1470 3230 Ἀλλ’
1487 3176 1648 3249 εἴπερ
1677 3176 1850 3239 ὅντως

1956 3184 2022 3240 lis
2053 3184 2239 3254 igitur.
2298 3182 2410 3238 lloc
2445 3184 2588 3239 enim
2621 3194 2703 3238 est
2730 3183 3166 3239 convenientius.
3197 3186 3266 3237 At
3295 3185 3341 3239 si
3367 3200 3549 3254 aequa-

229 3277 358 3347 ἑτῆς
375 3276 637 3349 ἰσότητος
658 3272 754 3327 ἐπ’
772 3272 981 3342 ἀμφοῖν
1008 3269 1245 3336 σώζεται
1263 3269 1442 3339 λόγος,
1466 3266 1742 3322 καλείσθω
1756 3267 1852 3321 x'ai.

240 3368 489 3440 Ἰωάννης
508 3365 692 3436 σοφία
714 3365 817 3421 καὶ
835 3363 1072 3436 δύναμις
1090 3360 1186 3417 τοῦ
1202 3362 1444 3434 Πατρὺς,
1463 3377 1572 3433 χρη
1580 3358 1855 3430 ματιζέτω

229 3460 281 3514 δὲ
308 3480 327 3513 ι
348 3460 523 3515 εἰκὼν
544 3460 649 3514 καὶ
666 3457 988 3531 χαρακτὴρ,
1012 3457 1109 3511 καὶ
1127 3456 1475 3527 ἀπαύγασμα
1490 3455 1591 3525 τῆς
1612 3453 1854 3507 ὑποστά-

232 3571 359 3617 σεως
383 3551 589 3608 αὑτοῦ.
630 3550 863 3623 Φερέτω
889 3549 986 3604 καὶ
1014 3548 1182 3615 αὐτὸς
1219 3549 1288 3605 τά
1313 3547 1495 3603 πάντα
1527 3544 1608 3618 τῷ
1648 3546 1856 3618 ῥήματι

227 3648 318 3716 τῆς
337 3646 644 3718 δυνάμεως
674 3641 850 3698 αὐτοῦ
874 3658 888 3672 “
920 3661 940 3695 ι
982 3642 1234 3697 ἀκουέτω
1259 3641 1355 3695 κα¹ι⁹
1387 3638 1551 3703 αὐτὸς
1578 3634 1855 3711 παραιτοῦ

227 3737 438 3807 Πατρός
459 3754 474 3767 -
505 3753 531 3789 ι
567 3733 712 3799 Υἱός
742 3750 849 3804 μου
886 3726 939 3787 εἴ
980 3733 1068 3795 σὺ.
1118 3730 1232 3801 ἐγὼ
1273 3730 1519 3801 σήμερον
1547 3724 1857 3796 γεγέννηκά

235 3848 295 3884 σε
320 3848 336 3863 ’
368 3851 388 3883 ι
434 3830 539 3886 καί
568 3847 585 3861 ’
626 3846 649 3881 ι
687 3826 878 3882 Κάθου
909 3826 975 3880 ἐκ
1005 3823 1199 3889 δεξιῶν
1245 3839 1369 3895 μου,
1393 3821 1499 3885 ἓως
1539 3818 1606 3874 ἂν
1630 3816 1707 3871 Οῶ
1731 3817 1860 3878 τοὺς

230 3920 452 3993 ὲχθρούς
483 3938 591 3975 σου
622 3917 933 3974 ὑποπόδιον
965 3915 1076 3970 τῶν
1108 3914 1286 3969 ποδῶν
1327 3930 1446 3967 σου.
1485 3931 1504 3965 ι
1536 3909 1858 3980 Εἰσαγέσθω

232 4016 321 4067 καὶ
342 4015 511 4079 αὐτὸς
542 4012 624 4077 ὡς
649 4011 1008 4082 πρωτότοκος
1043 4008 1126 4073 είς
1166 4007 1267 4080 τὴν
1295 4005 1646 4077 οίκουμένην,
1676 4019 1853 4073 προσ-

226 4106 498 4163 κννείσθω
566 4103 737 4176 παρά
794 4101 908 4156 τῶν
963 4100 1139 4169 ἁγίων
1208 4098 1495 4168 ἀγγέλων,
1549 4094 1757 4169 λεγέτω
1799 4093 1859 4148 δὲ

226 4198 590 4269 ἀνεγκλήτως
617 4195 760 4267 περὶ
790 4190 990 4249 ἑαυτοῦ
1014 4207 1028 4221 ·
1068 4211 1088 4245 ι
1149 4191 1292 4261 Ἐγὼ
1340 4190 1437 4245 καὶ
1487 4189 1517 4242 6
1563 4185 1759 4259 Πατὴρ
1798 4185 1857 4240 ἓν

230 4294 415 4362 ἐσμεν.
458 4292 524 4345 ’0
556 4286 835 4360 ἑωρακὼς
864 4286 989 4359 ἐμὲ,
1026 4285 1247 4358 ἑώρακε
1277 4282 1369 4338 τὸν
1398 4280 1620 4354 Πατέρα
1649 4297 1666 4314 ο
1706 4298 1725 4332 ι
1761 4279 1859 4334 καὶ

232 4384 425 4439 πάλιν·
463 4402 485 4436 ι
532 4380 689 4451 Ἐγώ
716 4381 836 4451 εἰμι
861 4382 897 4451 ἡ
941 4379 1242 4441 ἀνάστασις
1272 4376 1366 4431 καὶ
1413 4373 1624 4447 ήζωήο
1661 4391 1681 4426 ι
1716 4371 1813 4426 καί
1836 4386 1850 4402 ·

238 4494 263 4527 σ
303 4475 444 4545 Ἐγώ
474 4476 600 4546 είμι
645 4475 678 4527 6
720 4472 891 4543 ἄρτος
922 4472 952 4526 6
995 4471 1106 4537 ζῶν
1134 4470 1164 4524 6
1192 4472 1257 4524 ἐκ
1282 4466 1381 4522 τοῦ
1416 4462 1649 4539 οὐρανοῦ
1682 4480 1855 4517 κατα-

1956 3279 2038 3335 les
2073 3278 2297 3333 omnino
2326 3278 2469 3332 inter
2498 3292 2557 3333 se
2586 3276 2832 3342 fuerunt,
2861 3287 3093 3333 vocetur
3113 3277 3283 3333 etiam
3306 3276 3548 3335 Joannes

1956 3369 2222 3442 sapientia
2243 3379 2299 3423 et
2318 3370 2557 3440 petentia
2580 3368 2761 3425 Patris
2783 3369 2852 3437 ³⁸;
2869 3378 3094 3425 vocetur
3114 3370 3281 3426 etiam
3314 3388 3334 3424 ι
3366 3370 3548 3441 imago

1954 3473 2010 3520 et
2044 3462 2353 3529 character,
2387 3476 2452 3516 ac
2483 3462 2743 3532 splendor
2766 3462 3103 3519 exsistentiae
3131 3463 3334 3534 ipsius:
3362 3462 3550 3520 Portet
3655 3476 3661 3483 '

1955 3556 2124 3611 etiam
2177 3555 2364 3611 omnia
2410 3558 2579 3611 verbo
2628 3556 2888 3626 potentiae
2937 3570 3052 3611 sua:
3086 3555 3157 3622 ",
3197 3574 3216 3608 ι
3265 3557 3455 3611 audiat
3492 3566 3550 3612 et

1956 3649 2073 3718 ipse
2106 3661 2136 3701 a
2168 3647 2374 3702 Patre:
2413 3666 2431 3699 ι
2471 3647 2642 3703 Filius
2672 3663 2825 3703 meus
2873 3662 2933 3703 es
2960 3657 3036 3713 tu,
3060 3661 3161 3716 ego
3191 3647 3353 3704 hodie
3388 3649 3548 3719 genui

1958 3750 2014 3795 te
2038 3738 2109 3808 ³⁷;
2143 3761 2171 3793 ›
2194 3739 2309 3812 98
2333 3745 2388 3796 e't
2420 3758 2440 3792 ι
2482 3741 2623 3795 Sede
2649 3755 2678 3794 a
2707 3738 2916 3796 dextris
2950 3740 3106 3805 meis,
3137 3741 3311 3796 donec
3350 3755 3549 3811 tionem

1957 3834 2209 3890 inimicos
2248 3846 2369 3890 tuos
2400 3833 2699 3890 scabellum
2740 3835 2937 3903 pedum
2983 3843 3198 3887 tuorum
3224 3833 3290 3887 ³⁸.
3320 3851 3341 3885 ι
3376 3832 3547 3889 Intro-

1957 3928 2188 3984 ducatur
2220 3928 2384 3984 etiam
2416 3920 2610 3998 ipse'in
2633 3920 2821 3983 orbem
2854 3936 3123 3983 terrarum
3151 3927 3544 3997 tanquampri»

1957 4005 2307 4094 mogenitus;
2340 4021 2606 4077 adoretur
2655 4037 2685 4074 a
2733 4021 2940 4075 sanctis
2982 4020 3230 4090 angelis,
3283 4029 3547 4088 recteque
3606 4007 3613 4014 ’

1960 4115 2028 4170 de
2054 4115 2241 4187 seipso
2262 4104 2417 4169 dicat
2448 4129 2464 4167 :
2506 4132 2526 4167 ι
2582 4113 2698 4184 Ego
2727 4123 2784 4168 et
2809 4112 2976 4167 Pater
3006 4098 3173 4168 unum
3200 4127 3410 4168 sumus.
3445 4111 3549 4179 Qui

1932 4274 1935 4275 ν
1957 4208 2094 4264 vidit
2123 4221 2231 4276 me,
2260 4205 2400 4261 vidit
2425 4214 2482 4260 et
2506 4205 2723 4261 Patrem
2742 4204 2789 4239 ³⁹
2808 4222 2856 4274 ς»
2894 4212 2950 4261 et
2977 4219 3192 4260 rursum
3221 4222 3237 4261 :
3262 4203 3407 4276 «Ego
3428 4219 3548 4260 sum

1956 4300 2291 4359 resurrectio
2323 4310 2379 4356 et
2403 4300 2552 4370 vita;
2583 4299 2628 4332 ⁸⁸
2665 4319 2685 4352 ι
2718 4307 2774 4356 et
2809 4316 2828 4352 ι
2864 4299 2976 4369 Ego
3007 4314 3127 4355 sum
3160 4299 3318 4370 panis
3360 4299 3550 4355 vivens

1957 4395 2052 4467 qui
2085 4411 2117 4452 e
2165 4394 2308 4451 coelo
2343 4395 2624 4462 descendi,
2677 4402 2734 4451 et
2773 4394 2943 4449 vitam
2996 4393 3132 4450 dans
3172 4393 3375 4449 mundo
3407 4393 3476 4450 “.
3522 4411 3543 4445 ι

1961 4487 2019 4544 Si
2052 4502 2187 4545 vero
2216 4489 2332 4543 haec
2358 4488 2540 4542 omnia
2576 4496 2661 4543 est
2680 4486 2958 4554 Christus,
2980 4498 3088 4541 non
3117 4495 3303 4541 autem
3335 4485 3427 4541 ille
3453 4487 3547 4555 qnl

230 4566 351 4632 δὶς,
384 4570 485 4623 καὶ
510 4565 670 4638 ζωὴν
707 4564 887 4629 διδοὺς
914 4561 993 4633 τῷ
1020 4562 1235 4632 κόσμῳ.
1278 4580 1295 4614 ι
1351 4557 1417 4613 Εἰ
1460 4558 1520 4612 δὲ
1548 4554 1723 4611 ταῦτα
1751 4554 1851 4627 μὲν

1957 4578 2211 4650 imperite
2240 4578 2468 4649 mqualis
2498 4593 2623 4635 esse
2673 4578 2876 4633 dicitur
2908 4595 2923 4632 :
2961 4591 3071 4647 quo
3113 4589 3272 4648 pacto
3303 4592 3408 4632 non
3443 4554 3545 4631 ab-

232 4661 345 4713 ξστι
383 4660 575 4715 πάντα
626 4656 896 4729 Χριστὸς,
938 4654 1123 4709 οὐκέτι
1164 4653 1222 4707 δὲ
1252 4652 1351 4707 καὶ
1381 4652 1410 4706 6
1441 4649 1578 4722 πρὸς
1629 4648 1851 4717 ίσότητα

230 4752 325 4823 τὴν
554 4750 732 4805 αὐτὸν
781 4747 1122 4818 καλούμενος
1156 4742 1409 4817 ἀμαθῶς,
1464 4741 1586 4806 πῶς
1627 4741 1691 4794 οὐ
1728 4738 1850 4795 λίαν

234 4843 568 4897 ἀπαίδευτον
589 4841 756 4895 παντί
781 4857 863 4911 τῳ
883 4841 1136 4909 φανεῖται
1156 4836 1368 4901 λοιπὸν,
1387 4834 1450 4889 τὸ
1475 4832 1698 4907 μείζονά
1718 4848 1849 4886 ποτε

238 4935 569 5007 γενήσεσθαι
600 4933 858 5006 νομίζειν
887 4930 1079 5000 αὐτοῦ,
1105 4931 1198 4986 τὸν
1235 4930 1324 4985 ἀεὶ
1351 4927 1511 4984 τοῦτο
1536 4926 1850 4999 ὑπάρχοντα

245 5028 499 5093 φυσικῶς,
534 5026 621 5090 ὡς
645 5023 789 5079 Θεὸν
814 5039 829 5090 ;

950 5140 1159 5195 ΔΛΔΟ.
1844 5210 1854 5223 γ

310 5255 371 5311 ΕΞ
406 5260 459 5314 ἒν
484 5257 579 5331 τῷ
628 5254 774 5312 ποτὲ
818 5253 921 5326 τὴν
962 5252 1217 5309 Ἰωᾶννου
1262 5251 1683 5323 πλεονεκτήσειν
1727 5250 1856 5321 ἁρε-

236 5348 327 5419 τήν
349 5349 700 5419 ὰξιάγαστος
725 5344 1030 5417 ὀφθήσεται
1057 5344 1318 5417 Χριστὸς,
1342 5344 1496 5398 οὐδὲν
1518 5343 1579 5396 ἐν
1610 5340 1762 5413 αὑτῷ
1797 5340 1859 5394 τὸ

235 5442 398 5512 μέγα·
425 5444 560 5498 ἐπεὶ
587 5442 695 5498 καὶ
720 5438 951 5509 ἄγγελοι
977 5437 1265 5511 κρείττους
1297 5430 1467 5492 αὑτὸῦ
1502 5436 1647 5490 κατά
1675 5451 1739 5504 γε
1767 5433 1860 5487 τὸν

230 5536 379 5608 λόγον
412 5540 519 5611 τῆς
560 5535 790 5600 οἰκείας
837 5532 1082 5606 φύσεως,
1133 5534 1231 5587 καὶ
1266 5533 1367 5603 τῆς
1407 5533 1489 5596 είς
1523 5529 1657 5584 Θεὸν
1700 5529 1861 5582 εὐσε-

234 5634 372 5701 ῦείας
392 5636 496 5708 τὴν
533 5631 855 5705 ὑπεροχήν.
893 5623 1031 5685 Εἶτα
1064 5629 1158 5682 ποῖ
1192 5643 1324 5681 ποτε
1355 5624 1621 5696 βαδιεῖται
1646 5622 1864 5687 Παῦλος

1963 4674 2189 4727 surdum
2222 4672 2370 4728 dictu
2414 4671 2630 4728 censeri
2673 4669 2903 4732 debeat.
2932 4668 3210 4725 Christum
3256 4666 3551 4738 aliquando

1958 4763 2170 4823 Joanne
2217 4763 2476 4833 majorem
2522 4762 2788 4829 futurum,
2822 4763 2930 4832 qui
2955 4770 3149 4832 suapte
3179 4769 3376 4816 natura
3403 4772 3550 4816 sem-

1958 4873 2057 4930 per
2088 4857 2264 4930 major
2293 4857 2419 4926 fuit,
2455 4855 2713 4912 nimirum
2739 4852 2933 4911 Deus?

2636 5123 2870 5182 ALIUD.

2034 5242 2092 5300 Si
2125 5241 2181 5297 in
2211 5240 2399 5298 futuro
2422 5209 2624 5297 saeculo
2657 5246 2870 5295 tantum
2897 5233 3151 5291 Christus
3184 5231 3413 5289 Joannis
3440 5231 3548 5288 vir-

1959 5346 2130 5393 tutem
2160 5342 2522 5406 superaturos
2553 5340 2657 5398 est,
2689 5340 2842 5388 certe
2887 5329 3022 5386 nihil
3041 5327 3096 5384 in
3121 5329 3241 5399 ipso
3285 5339 3546 5399 magnum

1963 5441 2048 5489 est
2086 5445 2267 5497 :_cum
2298 5440 2354 5483 et
2392 5425 2573 5498 angeli
2618 5425 2876 5483 meliores
2922 5421 3443 5495 praestantioresque
3474 5434 3550 5476 e0

1904 5527 1913 5536 '
1971 5526 2084 5582 sint
2128 5524 2369 5595 pr0prite
2398 5537 2512 5577 suae
2553 5530 2764 5575 naturae
2797 5518 3046 5583 ratione,
3084 5524 3139 5571 et
3168 5514 3389 5585 pietatis
3419 5528 3550 5583 erga

1964 5617 2135 5674 Deum
2151 5614 2505 5673 excellentia.
2533 5612 2736 5668 Deinde
2754 5609 2887 5680 quid
2908 5610 2974 5665 de
2987 5605 3379 5678 sapientissimi
3404 5604 3550 5659 illius

294 5813 332 5845 "
361 5815 466 5869 lsa.
495 5827 666 5877 run,
711 5809 835 5879 25.,
892 5808 940 5879 ’ξ
973 5804 1189 5879 Barnch
1225 5818 1314 5879 ut,
1348 5803 1442 5879 εδ.
1520 5803 1565 5836 ³³
1598 5799 1757 5879 δοτιᾼη.
1790 5814 1851 5879 l,“

1951 5838 1957 5851 .
2036 5795 2080 5828 “
2112 5795 2306 5879 Matth.
2339 5791 2544 5879 13.5.14.
2622 5789 2670 5823 ³⁸
2709 5788 2883 5879 Ιηςοι.
2914 5804 2954 5855 ι,
2984 5786 3077 5841 9.4.
3156 5786 3202 5819 "
3233 5783 3401 5877 Hebr.
3423 5794 3462 5850 I,
3490 5777 3555 5842 5.,

239 5881 274 5913 "
302 5882 440 5941 Psal.
472 5902 535 5954 Il,
580 5884 635 5939 '7.

736 5861 963 5940 δίηται.
1006 5891 1117 5946 cxx,
1150 5877 1197 5932 l.
1275 5861 1318 5908 εδ
1345 5874 1498 5931 Joau.
1535 5889 1643 5940 xxv,
1687 5871 1739 5926 9.
1817 5861 2046 5923 “Joan.
2081 5882 2157 5934 xx,
2185 5866 2275 5923 25.
2351 5865 2394 5898 “
2432 5863 2579 5919 Joan.
2612 5876 2688 5927 vt,
2723 5861 2812 5916 55.
