4106 6412
587 351 697 408 165
747 403 756 412 .

1617 345 1674 400 S.
1715 344 1994 400 CYRlLlJ
2037 343 2513 402 ALEXANDRl-Nl
2554 345 2876 403 ARClllEP.

3764 340 3869 402 ιοι

589 462 740 518 Pauli
773 460 1085 518 testimonio
1109 468 1375 524 statuent,
1422 459 1517 528 qui
1562 457 1840 514 Christum
1876 466 2030 513 tanto
2077 472 2172 512 su»

2286 459 2412 529 ἡμῖν
2439 461 2466 513 6
2494 460 2805 530 σοφώτατος
2844 458 3100 513 τοσοῦτον
3141 458 3392 528 ἀγγέλων
3424 456 3734 530 ὕπερτιθεὶς
3769 461 3868 512 τὸν

591 553 861 623 pet-iorem
900 554 1110 624 angelis
1150 567 1271 608 esse
1319 558 1546 605 testatur
1572 589 1587 616 ,
1636 558 1842 620 quanto
1871 549 2048 602 divina
2081 563 2176 602 na-

595 654 712 698 tura
747 654 935 698 creata
963 643 1285 698 antecellit?
1321 660 1340 694 ι
1388 641 1487 696 Cui
1525 639 1694 705 enim,
1723 639 1900 708 inquit
1932 637 2134 694 Paulus
2159 680 2174 706 ,

593 735 909 806 angelorum
955 751 1197 804 unquam
1235 735 1375 787 dixit
1420 748 1434 784 :
1470 731 1613 787 Sede
1667 747 1696 785 a
1738 731 1946 786 dextris
1996 731 2180 786 meis?

592 825 784 884 Nonne
809 843 998 882 omnes
1037 835 1164 881 sunt
1191 825 1649 879 administratorii
1676 824 1938 894 spiritus,
1992 824 2044 877 in
2078 824 2180 877 mi-

594 920 877 975 nisterium
933 917 1083 973 miss’i
1141 917 1240 972 "?
1297 935 1314 968 ι
1373 916 1492 984 Quo
1550 927 1719 986 pacto
1773 916 1937 985 igitur
1995 916 2042 970 is
2086 917 2176 986 qui

596 1023 744 1067 tanto
778 1022 862 1067 est
888 1012 1096 1084 angelis
1138 1012 1492 1081 prmstantior
1531 1009 1704 1063 Filius
1735 1049 1751 1074 ,
1811 1019 1949 1064 utet
1999 1008 2180 1064 Patris

592 1106 746 1161 sedili
797 1114 851 1162 et
901 1104 1253 1161 tabernaculo
1304 1104 1650 1174 adjungatur,
1697 1103 1853 1172 quasi
1913 1117 2174 1173 magnum

593 1197 797 1267 aliquid
863 1208 919 1252 et
976 1196 1426 1268 praeclarum-de
1471 1211 1530 1250 se
1590 1195 1866 1264 praedicet,
1920 1195 2180 1264 majorem

590 1290 799 1345 Joanne
831 1290 1065 1358 Baptista
1098 1289 1152 1342 in
1185 1303 1351 1359 regno
1384 1287 1647 1343 caelorum
1678 1286 1819 1352 fore,
1873 1301 1997 1341 cum
2031 1301 2178 1341 sem-

595 1397 688 1451 per
722 1379 892 1448 major
921 1380 1030 1434 sit?
1063 1380 1346 1446 Quomodo
1381 1380 1527 1434 enim
1557 1393 1664 1434 non
1715 1377 1787 1434 sit
1827 1376 2035 1450 major,
2088 1377 2180 1449 qui

593 1473 704 1529 Deo
735 1487 798 1528 ac
829 1471 976 1526 Patri
999 1471 1226 1541 mqualis
1262 1479 1347 1525 est
1380 1468 1404 1524 τ

1254 1582 1486 1640 ALIUD.

661 1702 718 1756 Si
750 1699 988 1755 Joannes
1011 1699 1254 1768 Baptista
1287 1706 1403 1751 erat
1447 1697 1670 1750 lucerna
1695 1735 1712 1760 ,
1763 1694 2014 1751 Christus
2055 1710 2183 1751 vero

2278 552 2531 622 Χριστὸν,
2561 553 2685 606 ὅσον
2713 554 2746 623 ή
2779 552 2900 606 θεία
2938 552 3099 622 φύσις
3127 551 3224 623 τὴν
3249 549 3486 622 γενητὴν
3517 549 3865 621 ὑπερτρέχει.

2287 661 2306 696 ι
2332 644 2450 698 Τίνι
2474 644 2606 716 γὰρ,
2629 643 2774 710 εἶπε,
2805 645 2936 698 ποτὲ
2962 645 3070 698 τῶν
3095 643 3366 714 ἀγγέλων,
3395 642 3532 714 φησί
3555 658 3569 672 ·
3595 642 3781 696 Κάθου
3803 644 3871 696 ἐκ

2278 733 2468 800 δεξιῶν
2501 753 2636 806 μου;
2680 735 2813 806 θύχὶ
2841 735 3044 800 πάντες
3069 735 3177 788 εἰσὶ
3205 733 3556 804 λειτουργικὰ
3581 732 3874 805 πνεύματα

2281 829 2361 891 είς
2392 827 2667 882 διακονίαν
2700 827 3176 898 ἀποστελλόμενα;
3213 846 3233 880 ι
3271 825 3398 890 Πῶς
3431 819 3524 879 οὖν
3550 826 3578 877 6
3615 825 3876 878 τοσοῦτον

2279 920 2408 984 τοὺς
2458 920 2708 974 Ἰωάννου
2758 921 3012 991 μείζονας
3055 919 3322 989 ἀγγέλους
3368 917 3677 972 ἀναϐαίνων
3717 917 3874 979 Υἱὸς,

2282 1011 2359 1074 ὡς
2393 1013 2484 1066 καὶ
2510 1013 2621 1076 τοῖς
2646 1010 2738 1065 τοῦ
2765 1012 2978 1084 Πατρὸς
3023 1011 3334 1081 ἐνιδρύσθαι
3366 1010 3582 1074 θώκοις,
3611 1011 3688 1076 ὼς
3727 1011 3878 1082 μέγα

2281 1120 2333 1156 τι
2364 1104 2455 1158 καὶ
2484 1103 2794 1168 ἀξιόπιστον
2820 1104 2904 1173 ἐφ’
2935 1103 3115 1175 ἐαυτῷ
3155 1118 3342 1175 φησιν,
3381 1103 3456 1167 ὡς
3485 1102 3637 1156 ἔσται
3665 1101 3878 1174 μείζων

2283 1195 2449 1248 αὐτοῦ
2477 1195 2617 1248 κατὰ
2644 1195 2733 1250 τὸν
2751 1195 2849 1268 τῆς
2868 1195 3145 1266 βασιλείας
3162 1194 3377 1267 καιρὸν,
3400 1193 3577 1247 καίτοι
3599 1190 3660 1245 τὸ
3687 1191 3879 1263 μεῖζον

2282 1289 2423 1358 ἔχων
2445 1288 2567 1353 ἀεί;
2611 1286 2736 1352 Πῶς
2764 1287 2873 1360 γὰρ
2899 1288 2998 1360 οὐχ
3024 1287 3197 1352 οὕτως
3225 1289 3254 1342 6
3277 1289 3336 1341 ἐν
3376 1285 3584 1356 ἰσότητι
3613 1282 3704 1338 τοῦ
3734 1281 3877 1336 Θεοῦ

2285 1380 2380 1432 καὶ
2409 1379 2624 1450 Πατρός
2645 1395 2660 1446 ;

2973 1586 3177 1640 ΔΛΛΟ.

2357 1704 2421 1757 El
2464 1700 2659 1774 λύχνος
2702 1697 2771 1773 ἦν
2810 1703 2840 1754 6
2889 1702 3161 1772 μακάριος
3204 1696 3540 1767 Βαπτιστὴς,
3586 1694 3702 1764 φῶς
3740 1692 3797 1746 δέ
3851 1695 3881 1746 6

593 1797 798 1858 lumen,
828 1808 934 1861 quo
977 1802 1135 1862 pacto
1165 1791 1272 1846 erit
1318 1789 1528 1858 aequale
1572 1803 1694 1844 cum
1739 1787 1962 1843 lucerna
1990 1789 2174 1842 lumen

2287 1793 2542 1864 Χριστὸς,
2571 1793 2689 1856 πῶς
2713 1794 2770 1846 ἐν
2813 1791 3018 1864 ἰσότητι
3049 1793 3291 1845 κείσεται
3313 1793 3380 1860 τῇ
3421 1788 3603 1859 λύχνῳ
3630 1785 3692 1838 τὸ
3730 1783 3876 1853 φῶς.

594 1887 771 1958 ipsum
810 1884 879 1950 ⁸³,
909 1894 1003 1938 aut
1032 1884 1084 1938 id
1121 1883 1266 1952 quod
1296 1880 1646 1935 illuminandi
1675 1881 1784 1935 vim
1815 1879 1998 1945 habet,
2052 1895 2178 1934 cum

589 1999 656 2038 eo
703 1981 846 2052 quod
890 1979 1285 2034 illuminatione
1335 1976 1588 2045 indiget?
1637 1975 1793 2044 Quod
1838 1990 1968 2031 vero
2021 1983 2176 2028 tanto

589 2071 876 2130 interVallu
906 2079 1166 2142 superat,
1199 2083 1442 2140 quonam
1474 2078 1636 2140 pacto
1663 2069 1848 2124 minus
1882 2067 2179 2132 exsistens,

589 2165 768 2236 majus
787 2163 883 2218 ﬁat
912 2163 936 2218 ?

1257 2252 1490 2309 ALIUD.

670 2371 729 2426 Si
761 2369 808 2425 is
834 2370 924 2438 qui
961 2368 1125 2424 habet
1173 2380 1453 2435 sponsam,
1480 2379 1715 2435 sponsus
1772 2375 1858 2421 est
1885 2404 1901 2431 ,
1951 2365 2055 2421 hoc
2100 2375 2185 2420 est

591 2463 864 2526 Christus,
891 2460 1104 2516 amicus
1159 2467 1341 2512 autem
1392 2457 1582 2527 sponsi
1632 2457 1723 2527 qui
1775 2465 1886 2512 stat
1932 2467 1987 2512 et
2033 2457 2186 2511 audit

593 2555 793 2624 ipsum,
827 2555 930 2607 huc
985 2562 1071 2606 est
1102 2553 1296 2606 beatus
1338 2547 1580 2605 Joannes
1613 2548 1880 2617 Baptista,
1930 2550 2184 2605 diversus

593 2648 782 2718 itaque
813 2645 884 2699 ab
909 2646 1029 2715 ipso
1077 2651 1166 2698 est
1234 2657 1343 2698 non
1387 2641 1564 2698 solum
1600 2657 1830 2696 numero
1865 2641 2179 2705 distinctus,

593 2754 781 2794 verum
810 2738 976 2792 etiam
1010 2735 1324 2804 qualitate
1361 2734 1646 2804 dignitatis
1695 2744 1749 2789 et
1798 2734 2022 2788 honoris
2083 2735 2182 2788 dc-

592 2829 839 2884 stitutus.
880 2826 1158 2896 Siquidem
1184 2825 1274 2879 hic
1303 2839 1493 2878 revera
1522 2823 1722 2879 festum
1756 2824 1899 2878 diem
1939 2824 2184 2889 inchoat,

593 2920 687 2974 ille
703 2935 834 2973 vero
867 2917 1094 2973 alterius
1110 2915 1424 2972 festivitatis
1448 2926 1531 2972 εει
1550 2917 1846 2988 particeps,
1874 2931 1939 2971 ac
1960 2918 2186 2987 proinde

594 3011 887 3067 illustrior.
945 3022 948 3025 ·

1265 3119 1500 3178 ALIUD.

663 3235 906 3293 Joannes
941 3235 1186 3307 Baptista
1219 3235 1295 3292 ita
1320 3236 1521 3292 alicubi
1565 3236 1631 3292 de
1666 3236 1964 3293 Servatore
1994 3246 2184 3293 nostro

596 3332 732 3386 dicit
762 3347 777 3383 :
813 3349 832 3382 ι
869 3330 974 3397 Qui
1003 3331 1070 3386 de
1093 3346 1310 3386 sursum
1333 3331 1505 3398 venit,
1541 3346 1707 3401 super
1730 3346 1924 3387 omnes
1953 3341 2039 3386 est
2068 3331 2134 3386 “.
2162 3350 2181 3384 ι

593 3421 708 3495 99
753 3421 958 3477 Deinde
1003 3437 1159 3477 suam
1230 3423 1394 3478 etiam
1436 3425 1805 3480 conditionem
1853 3427 2184 3494 explicans:

600 3530 623 3566 ς
667 3514 769 3580 Qui
797 3513 864 3568 de
901 3523 1048 3569 terra
1095 3523 1202 3582 est,
1247 3515 1444 3584 inquit,
1499 3525 1716 3571 terrena
1761 3516 2004 3586 loquitur
2033 3516 2103 3572 ⁸⁸.
2159 3534 2178 3567 ι

596 3605 656 3660 Si
682 3620 814 3674 ergo
843 3605 1108 3661 Servator
1154 3607 1204 3662 ei
1221 3608 1449 3676 aequalis
1470 3618 1577 3674 est,
1607 3611 1805 3680 quippe
1837 3611 1928 3680 qui
1951 3611 2186 3664 nondum

595 3698 776 3769 majus
823 3697 1081 3769 accepit,
1137 3699 1294 3767 nihil,
1329 3709 1386 3754 ut
1433 3702 1731 3756 verisimile
1759 3713 1863 3768 est,
1913 3703 2190 3759 obstiterit

597 3791 891 3863 quominus
920 3789 974 3846 id
1004 3792 1147 3862 quod
1183 3797 1463 3862 proprium
1528 3795 1781 3850 alterutri
1824 3804 1912 3849 est
1935 3832 1950 3860 ,
2014 3795 2068 3848 iu
2105 3795 2184 3849 alo

597 3895 772 3939 terum
799 3891 1064 3950 transeat,
1116 3885 1189 3938 ita
1213 3883 1535 3956 utBaptista
1568 3886 1857 3941 desursum
1912 3886 2186 3941 omnium-

595 3991 704 4044 que
726 3990 1017 4046 supremus
1058 3989 1376 4044 censeatur,
1431 3978 1687 4033 Christus
1723 3992 1854 4033 vero
1911 3964 2183 4034 terrenus.

596 4067 706 4125 Sed
739 4069 843 4124 hoc
894 4067 1192 4124 absurdum
1244 4081 1350 4126 est.
1387 4070 1491 4126 llic
1531 4070 1700 4132 enim.
1754 4079 1814 4125 ut
1861 4064 2188 4126 naturaliter

596 4162 762 4228 Deus,
786 4176 951 4233 super
971 4177 1163 4218 omnes
1185 4172 1269 4218 est
1300 4185 1312 4219 :
1341 4163 1427 4217 ille
1457 4178 1589 4218 vero
1612 4141 1686 4219 ex
1707 4163 1971 4220 inferiore
1991 4173 2048 4219 et
2075 4165 2187 4220 Deo

598 4255 843 4324 subjecta
894 4264 1146 4310 creatura
1183 4267 1429 4311 terrenus
1469 4265 1574 4310 est.
1605 4255 1723 4310 Non
1768 4273 1898 4328 ergo
1932 4257 2180 4327 aequalis,

593 4347 728 4416 quin
756 4345 937 4413 potius
970 4345 1382 4417 incomparabili
1417 4347 1739 4402 excellentia
1771 4364 1800 4401 a
1837 4349 2055 4404 Christo
2092 4365 2186 4405 su-

597 4446 839 4506 peratur.
892 4437 1008 4505 Quo
1031 4448 1190 4509 pacto
1220 4440 1387 4510 igitur
1413 4441 1627 4496 censeri
1677 4449 1858 4510 potest
1897 4442 2186 4512 aliquando

597 4527 812 4586 futurus
849 4530 1043 4600 major,
1074 4532 1165 4600 qui
1197 4547 1415 4603 semper
1449 4541 1736 4604 tantopere
1764 4533 2072 4589 eacelluit?

1271 4734 1432 4792 ALIU
1446 4738 1508 4792 D.

671 4846 930 4904 Servator
972 4855 1094 4919 post
1126 4854 1584 4906 resurrectionem
1616 4867 1645 4907 a
1696 4856 1932 4909 mortuis
1973 4853 2186 4909 instau-
2217 4861 2227 4876 ‘

601 4953 728 4994 rans
758 4940 812 4994 in
843 4940 1002 4996 nobis
1036 4940 1274 5010 priscam
1311 4941 1552 5013 Spiritus
1587 4946 1841 5014 gratiam,
1897 4947 2187 5015 inspiravit

599 5033 888 5100 apostolis,
921 5033 1110 5089 dicens
1136 5049 1151 5086 :
1176 5052 1194 5086 ι
1235 5036 1479 5105 Accipite
1505 5035 1768 5108 Spiritum
1793 5049 2041 5095 sanctum
2071 5040 2134 5094 “.
2161 5061 2179 5092 ι

600 5122 668 5177 Ει
699 5138 915 5179 rursum
965 5124 1081 5195 ipse
1111 5125 1177 5179 de
1227 5125 1431 5195 Spiritu
1475 5129 1550 5184 ita
1585 5131 1661 5184 ait
1697 5148 1712 5186 :
1759 5149 1779 5184 ‹
1817 5131 1952 5200 Quia
1980 5134 2045 5188 de
2069 5148 2187 5189 meo

515 5235 520 5242 ·
599 5215 831 5284 accipiet
857 5215 925 5270 δ’.
968 5234 989 5268 ι
1028 5216 1135 5271 Sed
1160 5227 1219 5272 et
1246 5218 1489 5288 Spiritus
1528 5221 1734 5279 Christi
1775 5224 2014 5295 Spiritus
2055 5241 2186 5282 san-

600 5313 723 5360 ctus
761 5321 792 5358 a
848 5321 1006 5361 saera
1045 5305 1329 5378 Scriptura
1359 5314 1699 5383 appellatur,
1754 5325 1815 5372 ut
1859 5317 1910 5372 in
1959 5318 2188 5374 Actibus

599 5396 967 5464 apostolorum
989 5397 1189 5468 legitur
1217 5421 1230 5458 :
1269 5422 1287 5456 ι
1320 5405 1458 5460 Cum
1483 5421 1612 5464 vero
1640 5411 1974 5466 transissent
2001 5412 2186 5466 Asiam

599 5498 656 5542 et
691 5487 919 5545 Galatia:
977 5494 1289 5566 regionem,
1349 5507 1636 5556 tentarunt
1681 5502 1959 5571 proficisci
2008 5503 2063 5557 in
2101 5503 2190 5558 Bi-

603 5578 880 5649 thyniam,
911 5589 969 5637 et
1008 5599 1116 5640 non
1171 5588 1420 5657 permisit
1461 5606 1558 5646 eos
1605 5588 1846 5662 Spiritus
1888 5591 2016 5648 Jesu
2048 5592 2120 5646 “.
2160 5614 2182 5646 ν

672 5732 718 5814 ’ξ’
747 5734 910 5791 llebr.
942 5739 1099 5814 1,13
1120 5782 1137 5812 ,
1174 5743 1260 5802 14,
1338 5745 1384 5779 ⁴³
1413 5743 1571 5802 Joan.
1602 5762 1657 5814 ν,
1685 5746 1807 5804 5-5.

585 5798 651 5898 1⁸³
672 5805 790 5863 Act.
830 5823 944 5880 xvi,
976 5798 1027 5863 7.

1885 5747 1930 5780 “
1962 5746 2118 5805 Joau.
2159 5765 2238 5820 tu,
2275 5749 2366 5806 51.
2443 5748 2487 5782 "
2517 5747 2648 5804 ibid.
2726 5746 2772 5778 “
2799 5743 2952 5802 Joau.
2988 5759 3078 5812 xx,
3112 5744 3201 5799 ἓξ..

2285 1887 2382 1939 καὶ
2413 1884 2474 1938 τὸ
2513 1882 2769 1953 φωτίζειν
2799 1883 3039 1952 πεφυκὸς
3073 1881 3152 1952 τῷ
3190 1882 3368 1952 φωτὸς
3399 1877 3671 1950 δεομένῳ;
3716 1875 3792 1927 Τὸ
3817 1873 3882 1927 δέ

2283 1977 2536 2032 τοσοῦτον
2565 1977 2656 2030 ἀεὶ
2680 1974 3060 2042 πλεονεκτοῦν,
3097 1973 3217 2039 πῶς
3253 1975 3312 2028 ἐν
3338 1970 3632 2026 ἐλαττώσει
3669 1967 3751 2034 ὃν,
3779 1966 3882 2020 ἐπὶ

2281 2072 2346 2125 τὸ
2375 2071 2562 2143 μεῖζον
2588 2069 2928 2140 ἀναϐήσεται
2947 2084 2964 2136 ;

2959 2249 3176 2320 ζΑΑΑο.

2356 2351 2420 2424 El
2450 2371 2478 2424 6
2502 2369 2642 2441 ἔχων
2687 2370 2786 2441 τὴν
2826 2369 3047 2440 νύμφην
3079 2363 3313 2437 νυμφίος
3371 2361 3508 2426 ἐστὶ,
3537 2360 3820 2414 τουτέστιν
3853 2361 3882 2413 6

2284 2461 2541 2532 Χριστὸς,
2562 2463 2589 2513 6
2609 2461 2664 2514 δὲ
2688 2461 2838 2531 φίλος
2859 2460 2952 2514 τοῦ
2976 2459 3210 2530 νυμφίου
3235 2458 3263 2510 6
3285 2455 3528 2526 ἑστηκὼς
3549 2455 3642 2508 καὶ
3661 2453 3884 2507 ἁκούων

2285 2553 2474 2618 αὑτοῦ,
2501 2553 2780 2606 τουτέστιν
2806 2554 2833 2605 6
2863 2552 3134 2623 μακάριος
3175 2548 3512 2619 Βαπτιστὴς,
3537 2546 3728 2616 ἔτερος
3769 2545 3884 2617 ἄρα

2288 2648 2418 2719 παρ’
2447 2645 2609 2700 αὐτόν
2650 2647 2798 2700 ἐστιν
2840 2645 2902 2698 ού
2943 2645 3102 2714 μόνον
3141 2642 3386 2713 δηλονότι
3435 2639 3884 2710 διαστελλόμενος

2287 2737 2528 2810 ἀριθμῷ,
2553 2736 2690 2792 ἀλλὰ
2711 2736 2771 2788 τὸ
2792 2735 2904 2789 ἴσον
2932 2735 3032 2788 οὐκ
3060 2734 3198 2805 ἔχων
3223 2736 3278 2788 ἐν
3304 2733 3574 2806 ἀξιώματι
3605 2733 3698 2786 καὶ
3720 2735 3881 2802 τιμῇ.

2289 2834 2461 2900 Εἴπερ
2506 2833 2534 2884 6
2584 2830 2686 2902 μέν
2730 2829 2848 2882 ἐστι
2880 2827 3316 2900 πανηγυράρχης
3353 2826 3590 2898 άληθῶς,
3624 2828 3654 2879 6
3681 2825 3740 2879 δὲ
3778 2825 3885 2896 τῆς

2289 2925 2477 2995 ἐτέρου
2513 2921 2873 2994 πανηγύρεως
2905 2921 3156 2993 μέτοχος,
3183 2921 3279 2974 καὶ
3315 2920 3406 2974 διὰ
3431 2919 3588 2973 τοῦτο
3626 2919 3888 2991 λαμπρὸ-

2287 3036 2467 3092 τερος.

2977 3129 3188 3183 ΔΔΛΟ.

2363 3247 2534 3310 Αὐτός
2561 3243 2667 3300 πού
2693 3259 2859 3316 φησιν
2887 3243 2916 3295 6
2961 3238 3234 3312 μακάριος
3273 3235 3584 3306 Βαπτιστὴς
3624 3235 3757 3306 περὶ
3786 3233 3887 3288 τοῦ

2289 3339 2545 3410 Σωτῆρος
2599 3337 2757 3410 ἡμῶν
2805 3332 3046 3406 Χριστοῦ
3075 3351 3092 3368 ο
3144 3350 3163 3384 ι
3223 3333 3284 3385 '0
3333 3329 3541 3385 ἄνωθεν
3585 3330 3889 3400 ἐρχόμενος

2289 3432 2476 3487 ἐπάνω
2505 3430 2726 3484 πάντων
2751 3427 2917 3481 ἐστίν.
2953 3445 2973 3477 ι
3031 3421 3167 3478 Εϊτα
3195 3423 3256 3476 τὸ
3292 3425 3491 3476 οἰκεῖον
3523 3420 3891 3475 ἐκκαλύπτων

2292 3524 2490 3596 μέτρον
2510 3540 2522 3553 ·
2558 3541 2576 3574 ι
2625 3523 2683 3574 Ὀ
2711 3520 2785 3574 ὣν
2815 3522 2880 3572 ἐκ
2903 3519 3002 3588 τῆς
3036 3517 3160 3586 γῆς,
3198 3518 3386 3588 φησὶν,
3413 3517 3484 3570 τὰ
3519 3515 3622 3584 τῆς
3651 3514 3757 3585 γῆς
3786 3513 3892 3568 λα·

2285 3618 2389 3672 λεῖ.
2426 3637 2445 3668 ι
2489 3615 2662 3686 Είπερ
2684 3609 2776 3667 οὖν
2808 3614 2868 3666 ἐν
2899 3611 3104 3682 ίσότητι
3128 3610 3376 3663 κείσεται
3405 3611 3473 3682 τῇ
3501 3607 3637 3678 πρὸς
3661 3606 3831 3670 αὑτὸν
3862 3610 3892 3660 6

2289 3709 2501 3782 Σωτὴρ,
2535 3707 2610 3772 ὡς
2650 3705 2803 3761 οὔπω
2831 3705 2892 3759 τὸ
2924 3704 3107 3776 μεῖζον
3145 3701 3456 3768 ἀπολαϐὼν,
3491 3701 3662 3766 οὐδὲν,
3700 3699 3780 3764 ὡς
3811 3703 3893 3753 εί-

2289 3803 2406 3867 κδς,
2439 3798 2764 3856 διακωλύσει
2795 3797 2890 3851 καὶ
2921 3796 2983 3850 τὸ
3023 3795 3270 3868 ἐκατέρῳ
3301 3793 3508 3866 κυρίως
3546 3792 3747 3864 προσὸν
3784 3811 3893 3864 με-

2288 3894 2568 3950 ταϐαίνειν
2613 3893 2706 3946 ἐπὶ
2737 3891 2828 3945 τδν
2869 3889 3093 3961 ἕτερον’
3129 3888 3206 3953 ὡς
3234 3887 3472 3942 νοεῖσθαι
3506 3885 3627 3958 μὲν,
3671 3886 3893 3942 ἄνωθέν

2288 4005 2348 4041 τε
2379 3986 2472 4041 καὶ
2504 3985 2690 4038 ἐπάνω
2733 3983 2950 4037 πάντων
2981 3979 3073 4035 τὸν
3105 3980 3260 4050 ἅγιον
3299 3979 3632 4051 Βαπτιστὴν,
3676 3977 3786 4032 ἀπὺ
3830 3978 3890 4032 δὲ

2287 4078 2391 4149 τῆς
2430 4075 2537 4147 γῆς
2576 4075 2667 4129 τὸν
2698 4073 2924 4145 Κύριον.
2984 4072 3148 4126 Ἀλλὰ
3191 4071 3349 4125 τοῦτο
3391 4071 3611 4126 ἄτοπον.
3670 4070 3731 4122 Ὀ
3780 4069 3891 4141 μὲν

2289 4170 2418 4241 γὰρ,
2461 4168 2537 4232 ὡς
2563 4169 2711 4222 κατὰ
2741 4167 2905 4237 φύσιν
2948 4165 3213 4236 ὑπάρχων
3246 4162 3398 4227 Θεὸς,
3435 4164 3620 4218 ἐπάνω
3661 4162 3890 4219 πάντων

2288 4259 2437 4313 ἐστίν
2459 4271 2473 4286 ·
2503 4259 2530 4311 6
2556 4257 2612 4311 δὲ
2639 4258 2738 4328 τῆς
2775 4257 2926 4310 κάτω
2967 4255 3063 4308 καὶ
3103 4254 3474 4326 ὑποκειμένης
3502 4253 3581 4327 τῷ
3610 4255 3731 4327 Θεῷ
3762 4258 3891 4310 κτί-

2292 4369 2429 4415 σεως
2479 4347 2808 4419 ἐκπεφυκὼς
2844 4350 2909 4400 ἐκ
2939 4348 3041 4419 τῆς
3071 4348 3179 4416 γῆς
3222 4348 3390 4400 ἐστιν.
3447 4346 3562 4400 Οὐκ
3599 4349 3711 4411 ἴσος
3747 4347 3888 4419 ἄρα,

2294 4445 2493 4516 μᾶλλον
2524 4442 2582 4495 δὲ
2629 4439 2985 4510 ἀσυγκρίτοις
3033 4440 3329 4510 ὑπεροχαῖς
3373 4440 3769 4510 παραχωρήσει
3823 4442 3892 4494 τὸ

2207 4547 2258 4605 D
2284 4539 2442 4607 νικᾷν
2475 4534 2554 4605 τῷ
2585 4532 2830 4606 Χριστῷ.
2867 4533 2994 4596 Πῶς
3031 4528 3128 4585 οὖν
3154 4530 3374 4584 ἔσεσθαί
3406 4547 3537 4583 ποτε
3571 4530 3890 4604 προσδοκη-

2295 4627 2523 4698 θήσεται
2559 4625 2762 4696 μείζων
2791 4626 2820 4677 6
2848 4624 2934 4677 ἀεὶ
2962 4621 3220 4676 τοσοῦτον
3251 4621 3680 4693 ὑπερκείμενος;

2980 4735 3188 4791 ΑΛΛΟ.

2363 4851 2520 4908 Μετὰ
2560 4850 2659 4924 τὴν
2701 4853 2767 4905 ἐκ
2819 4850 3028 4920 νεκρῶν
3082 4847 3378 4902 ἀναϐίωσιν
3425 4848 3794 4912 ἀνακαινὶζων
3828 4851 3895 4902 ἐν

2294 4945 2426 5014 ἡμῖν
2449 4945 2476 4996 6
2501 4942 2694 5013 Σωτὴρ
2721 4939 2820 5011 τὴν
2847 4939 3213 5010 ἀρχαιοτάτην
3239 4937 3332 4991 τοῦ
3362 4939 3678 5008 Πνεύματος
3698 4939 3892 5010 χάριν,

2296 5034 2600 5106 ἐνεφύσησε
2633 5035 2744 5098 τοῖς
2783 5032 3057 5102 μαθηταῖς
3104 5032 3312 5102 λέγων’
3358 5049 3380 5082 ι
3415 5031 3625 5086 Λάϐετε
3656 5031 3896 5102 Πνεῦμα

2295 5129 2470 5199 ἅγιον.
2513 5147 2531 5181 ι
2569 5127 2680 5181 Καὶ
2719 5125 2882 5178 πάλιν
2918 5125 3080 5188 αὐτός
3116 5125 3219 5178 πού
3261 5142 3392 5196 φησι
3425 5125 3553 5196 περὶ
3585 5123 3680 5176 τοῦ
3709 5125 3899 5178 Πνεῦ-

2300 5237 2500 5296 ματος·
2539 5240 2560 5273 ‹
2600 5219 2724 5274 Ὀτι
2757 5220 2823 5272 ἐκ
2853 5217 2947 5272 τοῦ
2991 5216 3127 5289 ἐμοῦ
3172 5216 3461 5289 λαμϐάνει.
3516 5237 3536 5270 ι
3593 5217 3759 5270 Ἀλλὰ
3791 5220 3897 5272 καὶ

2297 5317 2523 5389 Πνεῦμα
2569 5312 2808 5385 Χριστοῦ
2844 5312 2908 5366 τὸ
2957 5313 3111 5380 ἅγιον
3151 5311 3377 5382 Πνεῦμα
3435 5311 3679 5365 καλεῖται
3731 5317 3900 5383 παρὰ

2295 5412 2416 5471 ταῖς
2441 5406 2614 5470 θείαις
2656 5406 2920 5476 Γραφαῖς,
2959 5403 3103 5459 κατά
3148 5403 3211 5457 τὸ
3235 5406 3295 5458 ἐν
3333 5405 3458 5468 ταῖς
3491 5402 3732 5475 Πράξεσι
3777 5405 3900 5459 τῶν

2297 5499 2612 5555 ἀποστόλων
2637 5498 2890 5569 κείμενον
2914 5512 2928 5526 °
2963 5516 2982 5548 ι
3015 5496 3323 5560 Διελθόντες
3344 5497 3402 5550 δὲ
3437 5496 3626 5549 Ἀσίαν
3663 5493 3760 5548 καὶ
3788 5493 3898 5566 τὴν

2297 5591 2603 5663 Γαλατικὴν
2629 5589 2835 5664 χώραν,
2859 5589 3152 5660 ἐπείραζον
3192 5591 3272 5654 είς
3306 5587 3406 5661 τὴν
3433 5587 3687 5642 Βιθυνίαν
3708 5585 3894 5640 ἀπελ-

3320 5744 3362 5776 ⁸⁷
3390 5742 3547 5803 Joan.
3578 5757 3690 5810 xw,
3721 5741 3812 5797 Η.
