4106 6410
299 371 398 427 165
1734 369 1897 420 ἸΗΜ

1975 371 2177 420 υῑίυδ.
2651 416 2664 426 .
3481 385 3584 440 160

292 493 420 552 θεῖν,
460 488 560 543 καὶ
593 487 704 542 οὐκ
748 489 937 545 εἴασεν
989 491 1191 557 αὐτοὺς
1240 492 1300 546 τὸ
1342 489 1568 562 Πνεῦμα
1619 489 1816 560 Ἰησοῦ.
1876 507 1894 540 ι

1975 539 1978 547 ,
2007 487 2063 542 Si
2095 503 2226 557 ergo
2251 487 2500 547 Christus
2522 499 2580 547 ut
2618 493 2912 564 aliquando
2937 498 3152 554 futurus
3171 499 3346 568 major
3367 500 3582 561 Joanne

294 583 459 650 Είπερ
494 573 593 631 οὖν
633 577 719 644 ὡς
759 579 1031 651 ὲσόμενός
1064 599 1195 636 ποτε
1230 581 1431 653 μείζων
1478 581 1725 635 Ἰωάννου
1756 581 1897 650 Χρι-

2004 578 2231 648 aequalis
2259 581 2469 637 interea
2497 585 2545 636 ei
2575 584 2702 652 fuit,
2745 588 3015 644 instauret
3051 591 3216 646 etiam
3250 592 3488 650 Joannes
3527 598 3579 650 in

301 675 433 736 οτὸς,
468 673 526 725 ὲν
561 670 788 743 ἰσότητι
833 672 978 736 τέως
1009 674 1077 744 τῇ
1130 673 1263 744 πρὸς
1312 672 1473 726 αὑτὸν
1516 671 1894 742 εὑρεθήσεται,

2003 669 2162 725 nobis
2193 673 2425 741 gratiam
2462 673 2718 743 Spiritus,
2764 679 3036 750 ducatque
3064 684 3230 737 etiam
3288 686 3404 754 ipse
3455 703 3578 752 uos,

306 763 594 822 ἀνανεούτω
623 764 900 827 κάκεῖνος
927 765 988 819 ὲν
1020 767 1152 834 ἡμῖν
1182 763 1278 835 τὴν
1323 763 1418 816 τοῦ
1457 763 1772 832 Πνεύματος
1798 761 1897 830 χά-

2005 769 2062 814 ut
2095 760 2224 816 fecit
2254 763 2530 832 Christus;
2555 769 2766 823 dicatur
2795 772 3035 840 et_ipsius
3067 789 3188 830 esse
3220 775 3460 846 Spiritus
3483 779 3576 834 Dei

303 873 394 926 ριν,
420 854 512 908 καὶ
541 854 875 924 χορηγείτω
894 855 991 908 καὶ
1019 854 1203 919 αὐτὸς,
1225 853 1414 923 ῶσπερ
1443 847 1535 905 οὖν
1566 851 1738 904 ἐποίει
1767 851 1897 922 Χρι-

2001 867 2066 905 ac
2097 853 2273 909 Patris
2308 874 2323 911 :
2359 858 2558 914 clamet
2609 862 2772 915 etiam
2827 864 2944 933 ipse
2974 871 3040 922 de
3071 866 3275 937 Spiritu
3322 886 3337 928 :
3387 888 3406 922 ι
3441 871 3576 938 Quia

299 947 426 1010 σοὺς,
458 943 722 1012 λεγέσθω
748 944 810 997 δὲ
841 944 939 998 καὶ
969 943 1135 996 αὑτοῦ
1172 941 1396 1012 Πνεῦμα
1437 940 1502 994 τὸ
1545 943 1604 994 ὲν
1638 940 1758 1010 Θεῷ
1801 939 1896 992 καὶ

1999 943 2067 998 de
2094 960 2217 1000 meo
2247 947 2499 1015 accipiet.
2536 951 2848 1008 »αξιοι-οη]
2876 956 2979 1011 hoc
2996 959 3076 1011 vel
3106 958 3218 1013 sola
3245 961 3578 1029 cogitatione

291 1036 475 1107 Πατρὶ,
511 1034 707 1104 βοάτω
731 1035 834 1089 καὶ
855 1035 1019 1098 αὐτὸς
1048 1033 1178 1105 περὶ
1202 1033 1297 1086 τοῦ
1330 1031 1647 1102 Πνεύματος
1668 1045 1680 1057 ·
1714 1047 1733 1080 ι
1771 1029 1893 1082 Ὀτι

1998 1035 2222 1104 impium
2257 1048 2363 1092 cst.
2389 1038 2506 1093 Non
2536 1053 2620 1096 est
2653 1043 2820 1113 igitur
2865 1049 3091 1115 :equalis
3121 1049 3363 1116 Christo,
3399 1066 3579 1122 neque

292 1129 352 1179 ἐκ
373 1123 486 1190 τοῦ,
513 1122 660 1194 ἐμοῦ
693 1121 998 1193 λαμϐάνει.
1038 1140 1056 1172 ι
1100 1121 1262 1173 Ἀλλὰ
1292 1120 1451 1174 τοῦτο
1480 1120 1574 1172 καὶ
1606 1118 1764 1189 μόνον
1805 1118 1893 1170 ὲν-

1999 1125 2049 1179 in
2078 1124 2262 1181 futuro
2289 1129 2492 1185 sacculo
2529 1133 2744 1188 desinet
2779 1150 2902 1190 esse
2948 1137 3143 1205 major,
3186 1155 3310 1194 cum
3364 1118 3578 1212 semper

293 1220 440 1280 νοεῖν,
473 1215 712 1280 ἀσεϐές.
753 1216 874 1268 Οὐκ
907 1214 1017 1284 ἄρα
1052 1211 1168 1275 ἴσος
1213 1213 1330 1266 ἐστὶ
1371 1212 1449 1282 τῷ
1487 1209 1730 1283 Χριστῷ,
1770 1208 1892 1262 οὐδὲ

1994 1217 2174 1274 minor
2204 1218 2390 1287 fuerit,
2418 1232 2678 1293 tantoque
2706 1225 2955 1296 inferior,
2981 1237 3039 1284 ut
3065 1231 3228 1287 homo
3259 1231 3393 1291 Deo.

286 1309 377 1378 ὀψὲ
421 1308 844 1379 παραχωρήσει
876 1306 939 1358 τὸ
978 1306 1184 1376 μεῖζον,
1229 1304 1317 1358 ἀεὶ
1368 1304 1429 1356 τὸ
1461 1303 1684 1357 ἔλαττον
1728 1300 1890 1372 ἔχων,

276 1400 375 1454 καὶ
395 1399 663 1453 τοσοῦτον
694 1397 1044 1468 ἡττώμενος,
1076 1399 1202 1450 ὅσον
1235 1395 1523 1467 ἄνθρωπος
1553 1393 1713 1448 Θεοῦ.

991 1511 1217 1568 ΔΛΛο.’

2654 1502 2882 1560 ALIUD.

352 1627 478 1681 Θεδν
516 1627 657 1680 ὄντα
691 1626 841 1679 κατὰ
869 1627 1032 1696 φύσιν
1069 1623 1424 1678 ἐπιδεικνύων
1454 1622 1647 1679 ἑαυτὸν
1672 1623 1700 1676 6
1733 1623 1884 1689 Υίδς,

2058 1611 2231 1670 Filius
2268 1615 2435 1670 Deum
2478 1630 2537 1672 se
2590 1619 2914 1674 naturaliter
2954 1634 3074 1675 esse
3115 1623 3434 1690 ostendens,
3477 1640 3574 1695 op-

291 1717 708 1773 ἁντιδιαστέλλει
742 1720 811 1789 τῇ
844 1717 1045 1782 κτίσει,
1074 1715 1170 1768 καί
1203 1731 1367 1788 φησιν
1393 1731 1407 1746 ·
1446 1735 1464 1767 ι
1515 1713 1656 1784 Ἐγὼ
1687 1716 1751 1768 ὲκ
1777 1711 1884 1768 τῶν

1986 1707 2136 1774 ponit
2160 1722 2219 1762 se
2242 1717 2506 1763 creatura:
2535 1711 2722 1766 dicens
2751 1711 2918 1781 :cEgo
2935 1726 3003 1766 ex
3033 1715 3287 1784 supernis
3310 1732 3450 1782 sum,
3475 1733 3574 1772 vos

293 1811 394 1864 ἄνω
420 1809 560 1880 είμὶ,
591 1809 760 1879 ὑμεῖς
787 1808 854 1860 ἐκ
881 1805 990 1860 τῶν
1020 1805 1172 1859 κάτω
1201 1805 1344 1861 ἐστέ.
1383 1824 1402 1858 ι
1443 1804 1652 1878 Οὐκοῦν
1679 1806 1884 1874 λεγέτω

1985 1814 2049 1853 ex
2078 1801 2304 1856 infernis
2331 1803 2463 1856 estis
2489 1801 2555 1856 “.
2591 1821 2610 1854 ›
2640 1804 2974 1875 Dicatigitur
2991 1809 3156 1861 etiam
3193 1809 3297 1864 hoc
3328 1807 3565 1865 Joannes

297 1901 440 1954 τοῦτο
463 1900 561 1954 καὶ
586 1901 617 1952 6
643 1898 925 1970 μακάριος
953 1895 1285 1967 Βαπτιστὴς,
1319 1896 1394 1960 ὡς
1423 1894 1574 1950 οὔπω
1599 1896 1659 1949 τὸ
1682 1898 1739 1948 ἐν
1763 1894 1882 1964 μεί-

1985 1892 2246 1963 Baptista,
2274 1893 2448 1962 utqui
2476 1895 2715 1949 nonduin
2740 1895 3132 1965 majoritatem,
3162 1907 3220 1953 ut
3255 1899 3332 1954 ita
3365 1900 3567 1970 dicam,

303 1993 442 2056 ζοσιν
468 1986 610 2044 εἶναι
633 1987 985 2061 παραχωρῶν
1004 1987 1084 2058 τῷ
1105 1987 1344 2059 Χριστῷ,
1372 1987 1530 2058 εἴπερ
1551 1987 1702 2041 ἔσται
1723 1987 1881 2041 τοῦτό

1981 1984 2095 2038 sive
2125 1985 2499 2040 excellentiam
2535 2001 2686 2041 suam
2716 1987 2930 2042 Christo
2959 1990 3190 2044 cesserit
3221 2031 3237 2058 ,
3297 2005 3558 2047 cessurus

308 2097 451 2145 ποτε,
499 2079 642 2133 κατὰ
668 2080 762 2150 τήν
791 2095 965 2132 τινων
995 2078 1275 2133 ὑπόνοιαν.
1334 2078 1497 2132 Ἀλλὰ
1535 2077 1641 2150 μὴν
1664 2079 1730 2132 ἐκ
1771 2078 1874 2148 τῆς

1979 2090 2100 2132 eam
2133 2077 2184 2131 in
2217 2077 2400 2133 futuro
2435 2079 2660 2142 saeculo,
2688 2087 2746 2132 ut
2778 2079 3026 2134 nonnulli
3055 2081 3370 2150 epinantur.
3403 2082 3569 2152 Atqui

301 2174 401 2244 γῆς
429 2169 573 2227 εἷναί
596 2189 760 2243 φησιν
790 2172 1014 2238 ἑαυτὸν,
1047 2171 1143 2224 καὶ
1167 2171 1229 2224 τὸ
1260 2172 1458 2225 οἰκεῖον
1496 2173 1598 2225 οὐκ
1641 2172 1879 2242 ἠγνόησε

1982 2170 2097 2240 ipse
2120 2185 2179 2226 se
2213 2180 2488 2227 terrenum
2530 2186 2653 2228 esse
2683 2172 2780 2237 ait,
2813 2186 2990 2241 neque
3016 2187 3171 2228 suam
3197 2173 3567 2230 conditionem

291 2266 497 2336 μέτρον.
534 2266 763 2332 Μείζων
811 2267 926 2338 ἄρα
981 2268 1237 2340 Χριστὸς,
1279 2269 1381 2322 οὐκ
1423 2268 1680 2339 ἐσόμενος
1721 2267 1880 2321 τοῦτο

1981 2261 2213 2333 ignorat.
2251 2262 2423 2334 Major
2449 2265 2632 2335 itaque
2656 2273 2738 2319 est
2770 2265 3042 2331 Christus,
3069 2281 3176 2320 non
3216 2266 3267 2321 id
3300 2267 3559 2338 aliquan-

282 2358 425 2424 ποτὲ,
471 2357 592 2412 ἀλλ’
625 2358 774 2430 ἔχων
824 2359 918 2413 ἀεὶ
963 2360 1028 2414 τὺ
1079 2359 1243 2414 πλέον
1292 2360 1368 2424 ὡς
1415 2360 1547 2424 Θεὸς
1589 2362 1655 2414 ἐκ
1703 2359 1838 2414 Θεοῦ
1862 2373 1876 2389 '

277 2445 427 2502 τοῦτο
458 2448 569 2519 γὰρ
600 2450 876 2520 σημαίνει
906 2449 988 2517 τὸ,
1030 2467 1050 2501 ι
1094 2449 1190 2504 Ἐκ
1229 2451 1339 2505 τῶν
1369 2451 1481 2506 ἄνω
1510 2450 1645 2519 εἰμί.
1693 2467 1714 2504 ι

980 2557 1188 2616 ΑΛΛΟ.

351 2669 407 2724 Ὀ
463 2671 756 2742 μακάριος
818 2670 1218 2744 εὐαγγελιστὴς
1291 2673 1548 2744 Ἰωάννης
1600 2674 1660 2728 τὸ
1718 2672 1876 2745 φύσει

271 2759 466 2834 προσὸν
501 2762 743 2834 ἀξίωμα
791 2763 874 2834 τῷ
913 2761 1032 2834 Υἱῷ
1069 2764 1442 2837 διερμηνεύων
1478 2765 1739 2837 ἀκριϐῶς,
1781 2767 1876 2820 καὶ

265 2853 324 2908 τὸ
369 2853 634 2909 Ἰωάννου
673 2856 885 2928 μέτρον
917 2855 992 2922 ὡς
1031 2859 1242 2912 οἰκέτου
1272 2859 1500 2929 γνησίου
1530 2861 1872 2932 παρατιθεὶς,

259 2943 399 3000 οὕτω
438 2946 619 3018 φησίν
643 2963 658 2976 ·
729 2965 750 2999 ι
828 2946 1078 3015 Ἐγένετο
1131 2947 1416 3020 ἄνθρωπος
1466 2950 1875 3023 ἀπεσταλμένος

262 3036 408 3112 παρὰ
444 3037 617 3107 Θεοῦ,
662 3035 843 3110 ὄνομα
878 3038 1030 3112 αὐτῷ
1079 3039 1366 3114 Ἰωιίιννης⁹
1411 3034 1564 3108 οὗτος
1598 3038 1760 3114 ἦλθεν
1796 3044 1875 3106 εἷς

265 3133 598 3204 μαρτυρίαν,
640 3133 735 3185 ἵνα
782 3135 1111 3205 μαρτυρήσῃ
1144 3135 1272 3205 περὶ
1308 3133 1404 3188 τοῦ
1436 3136 1630 3205 φωτός.
1671 3135 1781 3193 Ἦν
1813 3133 1873 3189 τὺ

263 3224 370 3292 φῶς
405 3222 472 3277 τὸ
515 3223 816 3296 ἀληθινὸν,
857 3223 886 3278 6
919 3224 1144 3294 φωτίζει
1180 3227 1362 3280 πάντα
1394 3226 1679 3298 ἄνθρωπον
1715 3229 1872 3298 ὲρχόο

266 3335 418 3386 μενον
445 3321 533 3382 εἰς
571 3318 674 3372 τὸν
720 3318 952 3389 κόσμον.
1000 3339 1020 3372 ›
1058 3321 1160 3373 Ποῖ
1187 3337 1316 3374 ποτε
1347 3315 1440 3374 οὖν
1475 3321 1582 3391 ἄρα
1610 3320 1876 3392 προκόψει

263 3404 493 3478 Χριστὸς
540 3409 669 3471 τοῖς
722 3407 978 3466 Ἰωάννου
1014 3411 1439 3481 συγκρινόμενος
1493 3409 1747 3481 μέτροις;
1803 3411 1876 3464 ’Ἡ

262 3497 369 3562 πῶς
395 3499 460 3552 οὗ
493 3498 702 3570 μεῖζον
742 3497 834 3554 ἀεὶ
864 3496 926 3553 τὸ
962 3499 1220 3571 φωτίζειν
1255 3501 1395 3565 είδὸς
1428 3502 1522 3554 καὶ
1554 3501 1870 3572 δυνάμενον,

257 3590 347 3644 τοῦ
386 3591 663 3663 δεομένου
698 3591 1061 3661 φωτίζεσθαι,
1097 3593 1193 3647 καὶ
1224 3594 1324 3665 τῆς
1355 3595 1462 3647 ἀπὸ
1494 3594 1588 3647 τοῦ
1617 3595 1874 3668 λαμπρύ-

255 3700 439 3747 verro;
481 3683 802 3756 χρῄζοντος
845 3685 1148 3756 χορηγίας;
1188 3686 1314 3749 Πῶς
1342 3686 1399 3740 δὲ
1442 3686 1564 3757 οὐχὶ
1594 3687 1815 3750 πάντως
1843 3690 1874 3742 6

257 3773 398 3844 πρὸς
428 3773 606 3845 μόνην
655 3773 978 3847 μαρτυρίαν
1015 3776 1393 3847 παραληφθεὶς
1423 3777 1519 3830 καὶ
1547 3777 1706 3833 τοῦτο
1733 3778 1872 3850 ἔχων

256 3864 504 3935 ἀξίωμα,
536 3867 956 3938 παραχωρήσει
991 3867 1053 3922 τὸ
1092 3866 1276 3939 μεῖζον
1308 3869 1396 3923 ἀεὶ
1431 3869 1508 3940 τῷ
1537 3870 1604 3924 δι’
1633 3871 1691 3924 ὃν
1725 3872 1872 3926 ἐστιν

256 3953 546 4028 ἐξαίρετος
566 3975 584 4025 ;

977 4159 1185 4214 ΔΛΛΟ.

339 4269 794 4342 ’Δναλεγόμενός
821 4287 955 4325 ποτε
978 4273 1090 4334 τοῖς
1127 4271 1400 4336 Ἰουδαίοις
1439 4272 1640 4344 ἔφησεν
1676 4275 1704 4330 6
1737 4277 1872 4348 Xpt-

249 4363 389 4426 πός
409 4378 422 4390 ·
460 4381 483 4414 ‹
539 4363 740 4432 Ὑμεῖς
763 4361 1146 4415 ἀπεστάλκατε
1169 4362 1306 4432 πρὸς
1348 4363 1622 4434 Ἰωάννην,
1658 4365 1752 4418 καί⁵
1777 4382 1871 4436 με-

1978 2355 2049 2408 do
2080 2354 2321 2422 futurus,
2354 2357 2447 2410 sed
2483 2370 2698 2427 semper
2732 2357 3003 2427 superior,
3039 2365 3099 2411 ut
3129 2357 3272 2414 Deus
3303 2373 3371 2414 ex
3407 2359 3561 2416 Deo:

1981 2447 2086 2502 hoc
2111 2448 2256 2503 enim
2291 2446 2570 2518 signiﬁcat
2600 2449 2755 2516 illud,
2791 2454 2810 2500 ἆ
2847 2448 2958 2520 Ego
2988 2465 3055 2505 ex
3079 2452 3332 2522 supernis
3357 2467 3502 2508 sum.
3537 2469 3560 2508 ι

2656 2559 2888 2617 ALIUD.

2049 2675 2250 2731 Beatus
2330 2675 2664 2747 evangelista
2747 2676 2988 2735 Joannes
3060 2679 3382 2748 dignitatem
3443 2694 3566 2750 qua:

1977 2767 2116 2822 Filio
2151 2767 2658 2833 naturaiiteriuest,
2713 2779 2903 2838 aperte
2937 2768 3238 2838 explicans,
3293 2769 3452 2839 100
3505 2779 3564 2824 et

1984 2861 2212 2917 Joannis
2242 2861 2606 2916 conditionem
2635 2869 2694 2916 ut
2720 2863 2868 2916 servi
2893 2861 3068 2916 ﬁdelis
3105 2863 3445 2929 describens,
3489 2865 3563 2918 ita

1977 2953 2092 3006 ait:
2136 2972 2154 3005 ι
2190 2951 2322 3006 Erat
2371 2953 2533 3007 homo
2577 2954 2776 3007 missus
2818 2967 2850 3007 a
2884 2954 3015 3019 Deo,
3065 2953 3154 3008 cui
3203 2969 3401 3010 nomen
3448 2965 3568 3011 erat

1975 3039 2220 3098 Joannes
2255 3058 2273 3098 :
2303 3042 2393 3096 hic
2423 3043 2569 3096 venit
2623 3043 2680 3096 in
2741 3043 3111 3097 testimonium
3140 3085 3156 3111 ,
3211 3053 3269 3099 ut
3323 3045 3569 3099 testimo-

1977 3132 2124 3186 nium
2155 3131 2465 3203 perhiberet
2490 3132 2558 3187 de
2587 3130 2814 3195 lumine,
2840 3137 2899 3182 ut
2923 3145 3116 3186 omnes
3139 3130 3430 3186 crederent
3461 3146 3559 3198 per

1979 3225 2176 3295 ipsum.
2222 3225 2353 3279 Erat
2379 3225 2468 3278 lux
2495 3239 2624 3278 vera
2655 3238 2775 3293 qua:
2806 3221 3076 3277 illuminat
3118 3237 3336 3277 omnem
3383 3221 3564 3278 homio

1977 3332 2099 3372 nem
2139 3317 2441 3372 venientem
2485 3315 2540 3370 in
2586 3316 2728 3370 hunc
2776 3316 3040 3370 mundum
3090 3315 3160 3371 '°.
3204 3334 3223 3368 ι
3255 3312 3372 3382 Quo
3403 3325 3566 3385 pacto

1978 3406 2142 3476 igitur
2173 3407 2589 3477 promovebitur
2637 3406 2888 3461 Christus
2923 3403 3119 3460 Joanni
3164 3415 3513 3476 comparatus
3542 3405 3566 3458 ?

1974 3500 2083 3555 Aut
2114 3502 2384 3570 quomodo
2443 3515 2552 3555 non
2609 3513 2826 3568 semper
2883 3498 3062 3568 major
3101 3498 3564 3568 praestantiorque

1976 3596 2085 3652 erit
2124 3595 2216 3666 qui
2263 3595 2570 3650 illuminare
2612 3595 2761 3650 novit
2807 3602 2863 3650 et
2906 3602 3089 3664 potest
3129 3607 3193 3646 eo
3237 3591 3329 3662 qui
3362 3591 3564 3646 illumi—

1977 3689 2200 3744 natione
2231 3688 2482 3760 indiget?
2511 3687 2790 3755 Quomodo
2836 3701 2968 3742 vero
2999 3701 3104 3747 non
3141 3686 3363 3741 omnino
3392 3685 3436 3741 is
3465 3685 3558 3755 qui

1976 3780 2150 3836 solum
2188 3780 2255 3836 ad
2314 3777 2697 3848 testimonium
2749 3777 3145 3847 perhibendum
3182 3785 3426 3846 sumptus
3456 3786 3560 3834 est.

1975 3887 2150 3942 eaque
2204 3872 2321 3927 sola
2369 3872 2633 3944 dignitate
2693 3886 2759 3926 ac
2800 3883 3028 3926 munere
3075 3867 3348 3939 fungitur,
3403 3867 3564 3924 cedat

1973 3980 2130 4021 suam
2187 3963 2566 4020 excellentiam
2625 3963 2742 4018 sive
2807 3961 3172 4032 majoritatem
3223 3960 3296 4015 illi
3340 3968 3564 4029 propter

1975 4071 2136 4126 quem
2181 4055 2389 4110 electus
2419 4055 2541 4108 est?

2649 4161 2883 4220 ALIUD.

2041 4275 2294 4333 Christus
2319 4289 2440 4330 cum
2499 4271 2702 4330 Iudaeis
2753 4274 3068 4338 disserens,
3119 4271 3192 4327 ita
3247 4270 3447 4327 alicubi
3481 4270 3557 4325 in-

1971 4369 2126 4439 quit:
2160 4385 2180 4418 ι
2215 4364 2326 4421 Vos
2378 4365 2605 4420 misistis
2637 4365 2702 4420 ad
2754 4363 3038 4428 Joannem,
3088 4371 3143 4419 et
3182 4363 3271 4418 ille
3312 4363 3560 4420 testimo-

253 4454 601 4528 μαρτύρηκε
633 4456 706 4524 τῇ
740 4452 992 4523 ἀληθείᾳ.
1047 4451 1189 4521 Ἐγὼ
1214 4452 1270 4505 δὲ
1308 4453 1368 4506 οὐ
1405 4455 1554 4525 παρὰ
1580 4454 1868 4526 ἀνθρώπου

1975 4463 2120 4516 nium
2154 4459 2431 4529 perhibuit
2468 4459 2708 4512 veritati.
2737 4457 2852 4527 Ego
2877 4466 3058 4512 autem
3094 4471 3198 4511 non
3236 4456 3304 4512 ab
3334 4454 3555 4512 homine

383 4544 710 4618 μαρτυρίαν
743 4543 1030 4614 λαμϐάνω.
1075 4561 1095 4596 ι
1143 4543 1282 4597 Ἀλλ’
1310 4544 1468 4616 εἴπερ
1501 4547 1616 4600 ἐστὶ
1649 4548 1869 4620 καὶτῆς

1978 4526 2349 4623 testimonium
2378 4550 2589 4618 accipio
2610 4550 2678 4602 “.
2705 4566 2723 4600 ›
2748 4526 2911 4618 Atqui
2935 4563 2978 4602 ει
3005 4549 3310 4602 testimonio
3331 4547 3557 4603 Joannis

269 4639 534 4692 Ἰωάννου
603 4634 921 4707 μαρτυρίας
968 4634 1233 4705 κρείττων
1281 4637 1311 4688 6
1359 4635 1571 4707 Σωτὴρ,
1612 4637 1713 4691 οὐκ
1758 4637 1868 4709 ἄρα

256 4731 397 4793 ἶσος,
427 4727 577 4782 ἀλλὰ
602 4727 812 4798 μείζων
829 4726 919 4780 ἀεὶ
945 4727 1037 4780 καὶ
1057 4725 1498 4798 ἀξιολογώτερος.
1532 4731 1591 4781 'U
1617 4729 1674 4782 δὲ
1695 4729 1868 4794 οὕτως

1972 4643 2222 4711 superior
2250 4651 2334 4695 est
2361 4640 2644 4700 Servatur,
2676 4652 2780 4691 non
2807 4637 2974 4705 igitur
2996 4636 3245 4705 mqualis,
3266 4636 3361 4689 sed
3379 4637 3558 4704 major

1971 4748 2186 4804 semper
2206 4741 2262 4786 et
2284 4731 2517 4798 dignior.
2549 4728 2649 4793 Qui
2683 4740 2811 4780 vero
2845 4727 2918 4780 ita
2958 4740 3018 4778 se
3043 4724 3225 4789 habet,
3258 4737 3367 4793 quo
3393 4737 3553 4794 pacto

257 4821 402 4891 ἔχων
440 4821 544 4872 ποῖ
581 4835 718 4871 ποτε
775 4818 884 4888 ἄρα
930 4816 1287 4888 προϐήσεται,
1322 4818 1356 4888 ἢ
1392 4817 1537 4890 πρὸς
1584 4822 1736 4874 ποῖον
1781 4821 1865 4874 ετι

1975 4824 2401 4895 promovebitur,
2425 4827 2517 4875 aut
2543 4820 2611 4872 ad
2637 4815 2802 4888 quale
2837 4815 3013 4886 majus
3040 4815 3346 4870 evchetur?

262 4911 450 4982 μεῖζον
477 4909 868 4980 ἀναϐήσεται;

968 5019 1176 5074 ΑΛΛΟ.

341 5133 400 5188 Ὃ
452 5131 745 5206 μακάριος
792 5130 1066 5202 Ζαχαρίας
1110 5130 1140 5182 6
1179 5127 1274 5182 τοῦ
1324 5128 1481 5198 ἁγίου
1526 5130 1862 5200 Βαπτιστοῦ,

271 5230 399 5281 κατὰ
432 5227 630 5299 σάρκα
684 5223 890 5296 πατὴρ,
920 5222 1010 5276 ὅτε
1056 5222 1156 5292 τὴν
1195 5221 1336 5293 ὑπὲρ
1378 5221 1544 5276 αὐτοῦ
1587 5223 1863 5294 προσῆγεν

261 5318 626 5394 εὐχαριστίαν
683 5314 804 5381 ταῖς
866 5315 931 5368 ὲκ
1002 5313 1341 5386 προφητείας
1407 5313 1865 5385 ἀναμεμιγμένην

259 5415 491 5482 οωναῖς,
523 5407 954 5480 ἀπεςρθιὲγγετο⁹
985 5426 1004 5458 ι
1039 5407 1154 5460 Καὶ
1194 5406 1282 5473 σὺ,
1314 5406 1548 5469 παιδίον,
1579 5406 1866 5478 προφήτης

259 5505 484 5576 ὑψίστου
531 5500 828 5572 κληθήσῃ·
879 5497 1234 5571 προπορεύσῃ
1275 5497 1384 5568 γὰρ
1431 5497 1538 5570 πρὸ
1569 5498 1863 5570 προσώπου

259 5595 467 5666 Κυρίου
517 5591 819 5665 ἑτοιμάσαι
865 5588 1016 5661 αὐτῷ
1063 5588 1190 5642 λαδν
1251 5587 1780 5659 κατεσκευασμένον.
1839 5606 1858 5639 ι

331 5803 373 5834 δ’
398 5800 566 5857 Joan.
594 5813 720 5868 vni,
740 5797 834 5855 23.

2541 5020 2544 5024 '
2655 5008 2886 5066 ALIUD.

2042 5131 2241 5187 Beatus
2289 5125 2628 5193 Zacharias,
2686 5123 2860 5179 sancti
2927 5119 3184 5191 Baptistae
3245 5117 3539 5174 secundum

1973 5239 2191 5280 carnem
2229 5229 2403 5291 pater,
2433 5233 2556 5274 cum
2581 5218 2881 5288 gratiarum
2926 5213 3191 5267 actionem
3219 5223 3317 5279 pro
3360 5223 3426 5264 eo
3469 5206 3549 5261 of-

1977 5315 2173 5378 ferret,
2229 5310 2494 5382 ejusmodi
2525 5323 2711 5364 vocem
2748 5306 3063 5377 prophetico
3091 5301 3284 5372 spiritu
3335 5300 3548 5372 plenam

1971 5408 2141 5463 edidit
2176 5423 2190 5461 :
2228 5424 2247 5458 ι
2280 5405 2346 5460 Ει
2374 5413 2453 5468 ιιι,
2475 5417 2630 5472 puer,
2658 5397 2920 5470 propheta
2934 5394 3198 5451 Altissimi
3225 5391 3547 5449 vocaberis:

1973 5497 2190 5567 praeibis
2219 5497 2364 5550 enim
2404 5503 2531 5548 ante
2564 5490 2760 5545 faciem
2814 5485 3026 5544 Domini
3063 5485 3130 5542 ad
3167 5486 3468 5555 parandum
3501 5480 3549 5536 ei

1971 5589 2228 5660 populum
2260 5587 2586 5642 instructum
2609 5583 2678 5639 ⁸².
2712 5601 2731 5635 ι
2776 5578 2897 5651 ipse
2941 5579 3107 5636 etiam
3151 5592 3181 5634 a
3223 5575 3424 5634 Judais
3466 5574 3543 5630 in-

913 5795 964 5828 ”
989 5793 1145 5849 Joan.
1190 5809 1230 5860 t,
1259 5795 1314 5850 6-
1334 5793 1388 5851 9.
1464 5794 1508 5827 ⁶¹
1539 5794 1694 5850 Joan.
1723 5808 1774 5860 ν,
1800 5793 1890 5857 55,
1918 5792 2006 5848 34.
2083 5792 2128 5825 ⁸¹
2163 5791 2293 5849 Luc.
2330 5806 2368 5858 ι,
2397 5790 2483 5845 76.
