4106 6418
595 367 694 423 167

1628 357 1684 412 S.
1724 354 2002 411 CYRILLI
2045 352 2517 409 ALEXANDRINI
2556 351 2880 410 ARClllEP.

3741 360 3856 428 ,ιδε

589 483 897 546 terrogatus
925 475 1177 544 quisnam
1209 484 1390 531 esset:
1439 493 1457 526 ι
1510 476 1644 546 Ego,
1677 477 1871 546 inquit,
1905 492 2024 531 sum
2068 490 2165 531 vox

2271 476 2383 530 Καὶ
2417 476 2579 540 αὐτὸς
2615 477 2670 530 δέ
2712 493 2816 531 που
2846 473 2996 547 παρά
3023 473 3132 528 τῶν
3176 474 3444 529 Ἰουδαίων
3478 475 3538 528 τὸ
3572 477 3653 541 τίς
3682 478 3747 533 ἂν
3775 484 3855 553 εἴη

587 570 874 623 clamantis
901 569 952 622 in
978 569 1197 623 deserto
1227 587 1241 622 :
1280 568 1590 636 Prmparate
1618 568 1758 621 viam
1793 567 2012 621 Domini
2047 568 2116 621 ⁵³.
2151 585 2169 619 ι

591 659 763 714 Dicite
796 659 959 728 igitur
989 657 1146 712 nobis
1177 657 1267 726 qui
1293 657 1542 726 imperite
1573 657 1855 713 Christum
1885 658 2177 728 aliquando

594 751 1022 817 promerendum
1097 749 1440 818 opinamini,
1510 759 1566 802 et
1628 748 1856 804 Joannis
1919 751 2174 805 virtutem

588 845 807 896 vixdum
838 844 888 895 in
929 841 1115 895 futuro
1139 841 1339 896 sacculo
1371 853 1777 911 superaturum,
1809 847 2025 912 quando
2050 859 2176 912 pro-

589 935 748 999 pheta
776 934 1035 987 Altissimi
1070 949 1174 986 non
1209 934 1408 989 merito
1439 934 1618 990 minor
1645 937 1858 990 censeri
1888 936 2177 991 debuerit?

587 1025 813 1089 Quando
867 1040 998 1077 vero
1048 1039 1226 1094 praeco
1289 1033 1366 1079 et'
1394 1042 1699 1096 praecursor
1726 1066 1740 1091 ,
1781 1028 1987 1096 quique
2029 1027 2172 1082 servi

583 1115 758 1168 ofﬁcio
789 1115 1052 1184 fungitur,
1095 1115 1322 1184 :equalis
1345 1117 1615 1172 habeatur
1649 1119 1696 1173 ei
1720 1119 1816 1188 qui
1846 1119 2175 1174 naturaliter

591 1207 847 1260 Dominus
905 1207 1022 1275 est?
1077 1207 1249 1274 Quam
1291 1209 1507 1278 quidem
1568 1225 1680 1265 rem
1733 1212 1992 1266 omnibus
2041 1214 2174 1267 satis

587 1297 858 1367 cognitam
890 1312 1012 1352 esse
1051 1299 1311 1353 arbitror.
1341 1301 1621 1365 Quomodo
1646 1301 1813 1369 igitur
1835 1303 1926 1372 qui
1959 1316 2174 1371 semper

589 1389 760 1458 major
794 1387 920 1454 fuit,
963 1398 1264 1458 temporum
1301 1391 1613 1445 evolutione
1651 1392 1771 1448 talis
1797 1393 1906 1461 fiet,
1947 1394 1991 1449 si
2017 1393 2174 1449 Citri-

588 1489 704 1533 stus
762 1489 1020 1548 tanquam
1079 1481 1291 1535 futurus
1331 1482 1508 1551 major
1555 1481 1763 1539 Joanne
1811 1486 2049 1556 Baptista
2103 1490 2172 1541 ita

589 1572 664 1626 ait
719 1589 733 1625 :
793 1589 811 1622 ι
863 1571 1037 1626 Minor
1099 1572 1151 1626 in
1233 1588 1402 1643 regno
1463 1573 1722 1631 caelorum
1805 1580 1982 1650 major
2057 1580 2174 1649 ipso

587 1661 694 1716 erit
729 1661 814 1714 5‘?
853 1680 872 1714 ι

2277 567 2718 638 διερωτώμενοςο
2757 586 2776 618 ι
2827 565 2968 632 Ἐγὼ
2996 565 3146 637 φωνὴ
3183 565 3413 636 βοῶντος
3455 568 3512 618 ἐν
3541 570 3605 638 τῇ
3650 570 3855 640 ἐρήμῳ,

2278 659 2442 728 φησίν
2461 675 2474 688 ο
2541 658 2895 728 Ἑτοιμάσατε
2925 658 3026 727 τὴν
3057 657 3174 710 ὁδὸν
3203 656 3429 728 Κυρίου.
3467 675 3486 708 ι
3522 658 3722 726 Λέγετε
3752 661 3857 712 τοίο

2278 767 2372 802 νυν
2411 751 2542 820 ἡμῖν
2571 751 2620 802 οἱ
2657 750 3065 820 προϐεϐλῆσθαί
3101 767 3232 803 ποτε
3267 749 3358 802 τὸν
3398 752 3634 820 Χριστὸν
3665 753 3755 804 ἐπὶ
3798 751 3858 806 τὸ

2281 841 2464 911 μεῖζον
2511 841 2736 911 ἀμαθῶς
2767 841 3188 904 ὑποπτεύοντες,
3239 841 3334 894 καὶ
3377 841 3439 894 τὸ
3483 842 3725 895 Ἰωάννου
3763 845 3857 912 μέ-

2275 949 2406 1003 τρον
2439 934 2826 1004 ὑπεραλεῖσθαι
2861 935 3014 1004 μόλις
3048 937 3106 988 ἐν
3146 937 3210 1006 τῇ
3259 933 3506 1006 βασιλείᾳ
3545 935 3656 988 τῶν
3693 936 3856 1004 οὐρα-

2275 1027 2402 1088 νῶν,
2451 1025 2582 1078 πότε
2613 1026 2707 1078 τοῦ
2760 1026 3016 1095 Ὑψίστου
3067 1028 3354 1099 προφήτης
3390 1028 3489 1080 οὐκ
3528 1027 3595 1080 ἄν
3627 1028 3856 1082 ἐλάττων

2275 1121 2450 1171 νοοῖτο
2471 1118 2698 1182 δικαίως
2722 1136 2735 1182 ;
2771 1119 2906 1172 Πότε
2930 1119 2988 1172 δέ
3035 1122 3063 1172 6
3087 1119 3263 1192 κήρυξ
3291 1121 3384 1174 καὶ
3413 1121 3717 1192 πρόδρομος
3763 1121 3856 1174 καὶ

2273 1206 2374 1277 τὴν
2401 1207 2586 1279 οἰκέτῃ
2627 1209 2947 1279 πρέπουσαν
2982 1209 3254 1264 διακονίαν
3299 1210 3652 1281 ἀποπληρῶν,
3689 1212 3767 1272 είς
3797 1212 3855 1264 τὸ

2277 1301 2391 1352 ἴσον
2423 1300 2698 1354 ἀναϐαίνει
2731 1301 2927 1374 μέτρον
2958 1302 3034 1372 τῷ
3066 1303 3205 1357 κατά
3233 1302 3394 1370 φύσιν
3428 1301 3650 1373 Κυρίῳ;
3695 1302 3852 1365 Ἀλλ’,

2273 1387 2449 1462 οἶμαι,
2499 1393 2665 1446 πᾶσίν
2705 1394 2853 1447 ἐστιν
2883 1396 2910 1447 6
2955 1395 3111 1463 λόγος
3154 1394 3502 1458 εὐσύνοπτος.
3549 1394 3673 1458 Πῶς
3709 1391 3801 1448 οῦν
3829 1395 3855 1446 6

2277 1484 2480 1556 μείζων
2508 1485 2615 1551 ἀεὶ,
2644 1485 2801 1538 τοῦτο
2823 1485 2974 1538 ἔσται
3010 1486 3149 1540 κατὰ
3174 1487 3416 1558 καιροὺς,
3441 1486 3600 1557 εῖπερ
3632 1486 3709 1551 ὡς
3739 1487 3853 1539 ἐσό-

2277 1595 2440 1648 μενος
2473 1575 2674 1648 μείζων
2732 1578 2976 1631 Ἰωάννου
3021 1578 3276 1650 Χριστὸς,
3321 1598 3342 1631 ι
3405 1579 3465 1631 '0
3511 1579 3851 1651 μικρότερος,

2275 1673 2458 1741 φησὶν,
2505 1672 2564 1725 ἐν
2605 1673 2670 1742 τῇ
2713 1669 2958 1742 βασιλείᾳ
3001 1671 3110 1725 τῶν
3144 1672 3412 1744 οὐρανῶν,
3446 1670 3646 1744 μείζων
3691 1670 3852 1726 αὐτοῦ

2276 1766 2424 1818 ἐστιν
2449 1781 2464 1830 ;
2507 1783 2526 1815 ι

591 1859 690 1918 Ρὶα
734 1863 1484 1955 totiusreﬁtisrexplicatio,
1539 1883 1751 1955 aeneam
1799 1869 1903 1921 sive
1950 1885 2165 1938 scopum

2283 1876 2892 1955 ’Efljj‘natqlsbﬁéﬁ'l‘jc
2932 1876 3217 1955 δᾴου-τοῦ
3251 1878 3604 1955 κεφαίὶιιίου,
3643 1876 3755 1955 τιξν
3787 1875 3853 1929 ἐν

941 1936 1089 1988 ilfius
1122 1935 1250 1988 dicti
1282 1946 1532 1990 accurate
1555 1937 1852 1994 declarans.

655 2045 792 2099 Cum
839 2045 952 2113 jam
1006 2046 1142 2100 satis
1196 2061 1294 2112 pro
1349 2061 1466 2101 meo
1516 2048 1832 2114 intellectu,
1878 2052 2169 2121 proposita:

584 2136 906 2204 quzestionis
930 2136 1198 2190 rationem
1220 2137 1682 2206 investigaverim,
1718 2139 1872 2208 101
1905 2142 2171 2211 singulas-

584 2241 689 2292 que
721 2225 838 2294 ejus
877 2235 1058 2295 partes
1079 2235 1341 2280 accurate
1390 2230 1774 2295 pertractarim
1804 2269 1820 2294 ,
1866 2239 1922 2285 et
1971 2234 2170 2286 adver-

581 2318 855 2371 sariorum
902 2316 1188 2384 Opiniones
1235 2327 1294 2370 ut
1335 2317 1501 2372 falsas
1543 2318 1825 2373 rcfutarim
1853 2360 1868 2386 ,
1921 2333 2170 2390 superest

587 2416 646 2460 ut
711 2421 900 2461 verum
964 2406 1125 2474 hujus
1183 2407 1311 2462 dicti
1359 2424 1579 2464 seusqu
1629 2410 1915 2481 explicem.
1985 2413 2170 2482 Neque

583 2501 730 2554 enim
766 2500 1005 2555 arbitror
1037 2500 1286 2556 sufﬁcere
1311 2542 1325 2564 ,
1376 2512 1436 2556 ut
1467 2515 1560 2558 eos
1593 2505 1683 2572 qui
1735 2504 1874 2558 male
1923 2507 2170 2561 sentiunt

584 2596 911 2663 (statuentes
968 2593 1224 2646 nimirum
1285 2593 1562 2648 Christum
1624 2596 1854 2664 quodam
1923 2605 2169 2668 tempore

586 2683 848 2752 majorem
878 2680 1088 2737 Joanne
1125 2682 1416 2753 futurum),
1446 2685 1908 2754 reprehendamus
1931 2728 1945 2752 ,
1978 2703 2165 2743 verum

580 2771 748 2824 etiam
774 2771 1142 2825 necessarium
1177 2785 1299 2825 esse
1357 2784 1436 2839 ut,
1473 2774 1634 2827 allata
1667 2776 1720 2829 in
1767 2776 2002 2831 medium
2036 2791 2165 2832 vera

581 2863 876 2929 sententia,
905 2863 1240 2932 intelligatur
1290 2879 1396 2920 non
1442 2874 1645 2921 temere
1679 2883 1774 2922 nos
1822 2869 1889 2923 ad
1933 2884 2027 2926 eos
2081 2886 2167 2926 re-

582 2955 998 3024 prehendendos
1056 2954 1375 3009 accessisse.
1452 2956 1565 3025 Age
1613 2956 1774 3026 igitur
1823 2968 1984 3014 totam
2050 2976 2164 3017 rem

582 3046 761 3100 denuo
792 3045 1102 3111 recitemus,
1156 3055 1428 3100 eteorum
1490 3061 1612 3115 qua:
1672 3063 1700 3100 a
1749 3048 1966 3104 Christo
2021 3051 2164 3105 dicta

581 3147 707 3194 sunt
729 3153 948 3193 causam
974 3137 1213 3193 breviter
1247 3147 1592 3194 recensentes
1621 3179 1636 3204 ,
1686 3139 1978 3195 doceamus
2011 3142 2164 3196 audi-

583 3245 768 3298 tores,
830 3233 1086 3302 quisnam
1136 3231 1209 3287 sit
1236 3231 1395 3302 hujus
1452 3233 1581 3288 dicti
1627 3248 1842 3302 scopus.
1898 3222 2161 3300 Quocirca
2193 3229 2234 3287 C

581 3326 729 3395 (nam
760 3326 884 3381 inde
905 3325 1119 3380 initium
1146 3323 1441 3390 faciemus,
1461 3339 1583 3380 cum
1604 3325 1655 3380 in
1683 3342 1906 3382 carcere
1928 3327 2164 3384 Joannes

581 3415 845 3470 miracula
874 3414 1080 3469 Christi
1123 3415 1462 3480 audivisset,
1512 3416 1692 3472 missis
1747 3416 1957 3471 duobus
2000 3417 2164 3472 disci—

581 3505 722 3572 pulis
752 3505 866 3560 suis
909 3505 1049 3560 dixit
1094 3506 1141 3561 ei
1180 3520 1192 3554 :
1231 3524 1252 3558 ι
1295 3505 1374 3560 Tu
1431 3521 1491 3562 es
1538 3508 1630 3577 qui
1687 3517 1945 3562 venturus
1973 3522 2052 3576 es,
2092 3523 2160 3563 an

588 3597 754 3651 alium
792 3599 1214 3667 exspectamus?
1246 3616 1264 3649 ι
1297 3598 1378 3652 Ad
1414 3598 1517 3653 hoc
1554 3599 1803 3655 Christus
1837 3601 2114 3670 respondit
2144 3618 2157 3654 :

585 3709 606 3742 ι
637 3689 838 3745 Euntes
871 3691 1034 3745 dicite
1061 3689 1254 3746 Joanni
1285 3707 1405 3762 qua;
1437 3692 1666 3748 audistis
1691 3700 1746 3747 et
1769 3693 1983 3748 vidistis
2027 3695 2095 3758 ⁵⁵,
2134 3713 2154 3746 ι

575 3791 636 3835 et
668 3782 932 3850 prteclara
971 3782 1228 3836 miracula
1258 3784 1352 3837 abs
1382 3797 1444 3837 se
1487 3782 1633 3837 edita
1662 3793 1968 3839 enumerat.
2025 3785 2160 3840 Cum

582 3887 712 3928 vero
739 3872 985 3942 discipuli
1033 3873 1097 3926 ad
1134 3871 1400 3928 Joannem
1451 3873 1765 3941 rediisseut,
1805 3874 2056 3930 Christus
2085 3877 2160 3931 ita

581 3966 650 4019 ad
698 3965 1083 4020 circumfusam
1137 3964 1449 4021 Judaeorum
1513 3965 1726 4021 turbam
1774 3966 1986 4024 locutus
2029 3979 2157 4024 est:

587 4076 606 4107 ι
647 4057 784 4122 Quid
850 4059 1041 4112 existis
1094 4059 1144 4112 iu
1208 4054 1485 4112 desertum
1539 4058 1721 4114 videre
1754 4098 1770 4126 ,
1835 4061 2159 4115 arundinem

579 4159 744 4204 vento
780 4150 1081 4220 agitatam?
1113 4166 1179 4204 an
1214 4151 1489 4205 hominem
1523 4152 1775 4208 mollibus
1818 4153 2162 4208 vestimentis

579 4241 826 4295 indutum
850 4241 872 4294 ?
896 4258 961 4296 an
991 4243 1347 4311 praphetam?
1394 4253 1543 4297 certe
1586 4243 1710 4298 dico
1741 4245 1893 4299 vobis
1952 4255 2006 4300 et
2040 4246 2161 4315 plus

581 4349 742 4401 quam
786 4334 1131 4402 prophetam.
1172 4335 1270 4389 llic
1310 4335 1454 4388 enim
1508 4344 1589 4389 est
1641 4336 1708 4391 de
1757 4351 1863 4405 quo
1896 4341 2157 4410 scriptum

579 4436 665 4479 est
696 4439 710 4476 :
746 4424 885 4480 Ecce
917 4441 1016 4494 ego
1052 4427 1258 4478 mittam
1292 4425 1539 4494 angelum
1580 4442 1759 4482 meum
1792 4441 1921 4484 ante
1962 4430 2156 4487 faciem

2341 1947 2422 2012 τῷ
2445 1949 2770 2018 θεωρήματι
2800 1949 3039 2002 σκοπὸν
3061 1946 3511 2019 ⁸ίὶ.ττο;νσυμι”οῦοά
3541 1946 3783 2018 γοργῶς.

2357 2062 2762 2134 Ἐξαρκούντως
2789 2064 2891 2135 ἤδη
2919 2063 3060 2117 κατά
3089 2079 3153 2132 γε
3187 2063 3277 2116 τὸν
3313 2063 3580 2134 ἡμέτερον
3602 2061 3732 2115 νοῦν
3764 2062 3850 2115 τὸν

2270 2154 2329 2206 ἐν
2357 2156 2470 2216 τοῖς
2493 2154 2822 2224 προλαϐοῦσι
2851 2154 3241 2224 βασανίσαντες
3261 2153 3438 2222 λόγον,
3465 2153 3560 2207 καὶ
3589 2153 3702 2206 τῶν
3727 2152 3851 2206 Θεω-

2275 2247 2534 2317 ρημάτων
2567 2247 2794 2300 ἕκαστον
2826 2247 2966 2317 μετά
2999 2247 3100 2316 τῆς
3138 2247 3365 2318 δεούσης
3396 2245 3685 2318 ἀκριϐείας
3723 2245 3852 2298 διιευ⁹

2271 2339 2660 2409 κρινησάμενοι
2722 2338 2814 2407 τόν
2845 2355 2900 2390 τε
2941 2337 3052 2390 τῶν
3079 2338 3147 2390 δι’
3189 2337 3435 2400 ἐναντίας
3483 2337 3558 2402 ὡς
3600 2337 3704 2389 οὐκ
3747 2335 3851 2404 ἔχοι

2272 2429 2450 2492 καλῶς
2474 2428 2850 2497 διελέγξαντες
2884 2428 3104 2491 σκοπὸν,
3137 2430 3222 2480 ἐπ’
3245 2427 3383 2482 αὐτά
3417 2427 3481 2498 δὴ
3507 2426 3697 2480 λοιπὸν
3723 2426 3849 2480 ίέναι

2272 2523 2570 2593 προσήκειν
2613 2523 2977 2593 ἐνενοήσαμεν
3017 2520 3088 2574 τά
3120 2521 3179 2585 ἐξ
3216 2519 3469 2591 ἀληθείας
3523 2519 3850 2590 θεωρήματα

2272 2615 2365 2668 καὶ
2418 2614 2517 2684 τὴν
2549 2615 2607 2666 ἐν
2640 2614 2718 2685 τῷ
2771 2613 3119 2684 παροισθέντι
3159 2611 3306 2684 ῥητῷ
3340 2611 3694 2665 διαπτύσσειν
3743 2609 3851 2664 διά·

2270 2720 2439 2757 νοιαν.
2474 2705 2547 2756 Οὐ
2575 2703 2685 2774 γὰρ
2707 2699 2859 2775 οἶμαι
2893 2703 3022 2766 δεῖν,
3055 2703 3130 2766 ὡς
3158 2703 3257 2756 οὐκ
3290 2703 3489 2773 ἄριστα
3516 2699 3723 2764 νοοῦσι,
3763 2700 3851 2769 μό-

2269 2813 2358 2850 νον
2391 2797 2648 2866 ἐπιτιμᾷν
2679 2798 2788 2860 τοῖς
2811 2797 2890 2849 ὅτι
2920 2794 3122 2866 μείζων
3154 2794 3304 2847 ἔσται
3335 2793 3568 2865 Χριστὸς
3603 2793 3848 2847 Ἰωάννου

2269 2889 2411 2941 κατά
2427 2905 2546 2940 τινα
2566 2889 2754 2960 χρόνον
2779 2888 3129 2959 διειληφὸσιν,
3155 2887 3288 2940 ἀλλά
3309 2887 3401 2940 καὶ
3427 2887 3563 2956 αὐτῇ
3585 2887 3649 2955 τῇ
3678 2901 3850 2956 παρα-

2270 2982 2415 3033 θέσει
2457 2980 2567 3034 τῶν
2617 2981 2993 3052 ἀληθεστέρων
3041 2979 3259 3034 ἐννοιῶν
3312 2977 3723 3049 ἀποκρούεσθαι
3778 2974 3849 3046 τῷ

2271 3071 2345 3143 μὴ
2378 3072 2554 3125 δοκεῖν
2606 3073 2666 3124 οὐ
2712 3073 2940 3135 δεόντως
2982 3073 3343 3143 ἐπισκήπτειν
3373 3073 3575 3134 αὐτοῖς.
3609 3070 3749 3141 Φέρε
3789 3067 3848 3138 δὴ

2267 3157 2362 3213 οὖν
2394 3162 2478 3213 ἐπ’
2514 3159 2643 3215 αὐτὸ
2688 3161 2874 3215 λοιπὸν
2910 3161 3078 3232 ἴωμεν
3123 3161 3184 3214 τὸ
3220 3162 3574 3231 ἀνάγνωσμα,
3618 3160 3718 3213 καὶ
3749 3158 3848 3212 τῶν

2269 3249 2576 3320 εἰρημένων
2626 3251 2776 3322 παρά
2829 3249 2924 3304 τοῦ
2964 3251 3217 3323 Σωτῆρος
3271 3252 3428 3322 ήμῶν
3467 3250 3710 3322 Χριστοῦ
3758 3249 3850 3320 τὴν

2268 3342 2448 3395 αἰτίαν
2494 3343 3076 3414 ἀνακεφαλαιούμενοι,
3126 3345 3254 3408 τοὺς
3281 3343 3668 3414 ἀκροωμένους
3714 3343 3851 3396 διδά-

2267 3451 2509 3505 σκωμεν,
2542 3436 2626 3498 τίς
2657 3436 2724 3489 ἂν
2755 3435 2838 3508 εἴη
2871 3436 3056 3490 λοιπον
3078 3436 3106 3488 6
3143 3436 3237 3490 τοῦ
3262 3436 3420 3505 λόγου
3447 3437 3666 3499 σκοπός.
3706 3437 3846 3490 Οὐκ-

2265 3525 2380 3588 οῦν,
2431 3523 2679 3578 ἐντεῦθεν
2728 3524 2838 3594 γὰρ
2884 3524 2984 3596 ήδη
3040 3525 3135 3596 τὴν
3191 3525 3365 3596 ἀρχὴν
3421 3524 3784 3595 ποιησόμεθα,
3822 3527 3848 3576 6

2279 3617 2532 3688 Ἰωάννης
2563 3620 2620 3670 ἐν
2669 3618 2746 3688 τῷ
2792 3618 3150 3690 δεσμωτηρίῳ
3197 3618 3435 3683 ἀκούσας
3468 3619 3533 3672 τὰ
3572 3617 3718 3689 ἔργα.
3757 3615 3845 3670 τοῦ

2265 3708 2537 3778 Χριστοῦ,
2586 3708 2811 3778 πέμψας
2870 3708 2962 3762 δύο
3013 3709 3122 3762 τῶν
3173 3710 3430 3782 μαθητῶν
3487 3710 3651 3763 αὐτοῦ
3699 3707 3848 3763 εἶπεν

2265 3799 2414 3872 αὐτῷ
2433 3814 2446 3828 ⁸
2477 3820 2493 3852 ι
2524 3801 2596 3853 Συ
2621 3798 2669 3853 εἷ
2696 3801 2724 3853 6
2749 3802 3064 3872 ἐρχόμενος,
3092 3802 3123 3874 ἢ
3156 3802 3341 3873 ἓτερον
3371 3803 3799 3874 προσδοκῶμεν;
3825 3820 3842 3854 ι

2265 3891 2410 3963 Πρὸς
2443 3892 2614 3945 ταῦτα
2643 3892 2874 3964 Χριστὸς
2909 3893 3273 3964 ἀπεκρίνατο·
3314 3912 3332 3946 ι
3368 3894 3740 3966 Πορευθέντες
3771 3891 3848 3945 ei.

2266 3999 2406 4036 πατε
2448 3983 2671 4056 Ἰωάννῃ
2713 3983 2750 4037 ἀ
2785 3984 3055 4054 ἠκούσατε
3104 3987 3194 4040 καὶ
3224 3985 3471 4056 βλέπετε,
3533 4005 3552 4036 ι
3605 3987 3704 4040 καὶ
3753 3985 3848 4057 τὴν

2264 4073 2373 4128 τῶν
2416 4075 2659 4146 σημείων
2706 4076 2998 4144 καταλέγει
3050 4078 3472 4149 μεγαλουργίαν.
3528 4079 3750 4151 Ἐπειδὴ
3793 4079 3844 4131 δὲ

2265 4163 2403 4234 πρὸς
2440 4168 2531 4217 τὸν
2581 4153 2851 4236 μακάριον
2893 4168 3204 4240 Βαπτιστὴν
3255 4168 3418 4223 πάλιν
3463 4171 3846 4241 ἀνεκομίζοντο

2265 4260 2314 4310 ot
2343 4258 2600 4329 μαθηταὶ,
2633 4259 2781 4326 λέγει
2811 4259 2944 4332 πρὸς
2974 4262 3071 4332 τὴν
3105 4262 3474 4333 περιεστῶσαν
3502 4243 3714 4333 πληθῦν
3741 4263 3846 4316 τῶν

2261 4349 2540 4404 -Ἰουδαίων
2587 4353 2614 4404 6
2653 4351 2874 4423 Σωτήρ·
2929 4371 2946 4402 ι
2981 4353 3044 4404 Τί
3074 4352 3333 4423 ἐξήλθετε
3362 4356 3442 4417 εἰς
3494 4353 3592 4425 τὴν
3639 4355 3844 4426 ἔρημον

2269 4441 2414 4508 ίδεῖν,
2465 4441 2710 4513 κάλαμον
2762 4443 2866 4495 ὑπὸ
2919 4443 3121 4514 ἀνέμου
3172 4445 3567 4516 σαλευόμενον;
3619 4445 3739 4498 ἀλλ’
3790 4446 3845 4498 ἐν

584 4528 754 4583 tuam,
814 4519 905 4588 qui
965 4521 1292 4588 prmparabit
1343 4521 1482 4575 viam
1545 4531 1688 4575 tuam
1741 4530 1867 4576 ante
1919 4534 1970 4577 te
1999 4522 2062 4576 ⁵⁸.
2135 4542 2153 4575 ι

2270 4533 2532 4602 μαλακοῖς
2559 4534 2791 4604 ἱματίοις
2812 4535 3095 4607 ἄνθρωπον
3115 4537 3520 4608 ήμφιεσμένον;
3547 4536 3681 4591 ἀλλά
3709 4554 3846 4609 προ-

583 4611 784 4666 Deinde
817 4613 966 4666 addit
996 4611 1047 4666 id
1081 4613 1222 4682 quod
1251 4609 1617 4683 interrogatur
1646 4631 1659 4666 :
1696 4632 1714 4665 ι
1748 4615 1918 4670 Amen
1939 4654 1954 4679 ,
2000 4630 2158 4671 amen

579 4705 704 4760 dico
761 4703 936 4769 vobis,
986 4719 1091 4759 non
1137 4705 1376 4760 surrexit
1432 4707 1575 4761 inter
1618 4717 1774 4763 natos
1815 4707 2102 4762 mulierum
2142 4746 2158 4771 ,

580 4796 752 4867 major
784 4795 994 4851 Joanne
1022 4797 1293 4864 Baptista,
1348 4801 1442 4852 sed
1481 4799 1658 4853 minor
1690 4799 1744 4854 in
1785 4813 1951 4869 regno
1992 4803 2160 4854 emto-

579 4905 697 4944 rum
735 4889 904 4957 major
943 4891 1057 4958 ipso
1087 4897 1172 4942 cst
1215 4888 1284 4942 ⁵⁷.
1323 4908 1342 4940 ι
1391 4889 1579 4962 Neque
1609 4890 1696 4946 hic
1750 4890 1913 4946 finem
1959 4891 2158 4947 verbo-

579 4999 695 5036 rum
727 4981 882 5036 fecit.
916 4981 1079 5035 Addit
1108 4981 1252 5036 enim
1291 4982 1475 5036 statim
1515 4998 1530 5037 :
1570 5001 1589 5034 ι
1648 4983 1692 5036 Α
1739 4983 1932 5040 diebus
1975 4995 2154 5039 autem

581 5073 803 5129 Joannis
833 5087 1004 5141 usque
1039 5087 1185 5126 nunc
1208 5087 1431 5141 regnum
1469 5073 1730 5127 cmlorum
1779 5075 1884 5129 vim
1931 5077 2154 5146 patitur,

577 5172 632 5216 et
661 5164 887 5218 violenti
913 5162 1128 5232 rapiunt
1160 5161 1290 5216 illud
1319 5162 1390 5216 ".
1419 5181 1438 5214 ι
1469 5163 1648 5234 Atque
1692 5166 1807 5222 lucc
1830 5168 2050 5238 quidem
2076 5180 2160 5226 est

580 5257 746 5312 totius
775 5257 970 5324 capitis
1001 5269 1234 5310 summa.
1269 5255 1422 5310 Nunc
1450 5272 1580 5312 vero
1611 5270 1823 5329 oportet
1857 5272 1915 5317 ut
1942 5264 2153 5334 singula

579 5356 964 5415 percurrentes
1007 5343 1275 5410 dicamus,
1327 5361 1486 5410 quam
1537 5349 1606 5405 ob
1662 5365 1880 5407 causam
1918 5351 2154 5410 Joannes

576 5435 819 5504 Baptista
855 5437 908 5489 iu
941 5449 1216 5490 carcerem
1248 5437 1528 5507 conjectus
1561 5440 1764 5510 fuerit;
1799 5446 2155 5513 quamobrem

577 5527 742 5579 etiam
797 5541 898 5594 per
933 5524 1227 5595 discipulos
1263 5543 1391 5584 suos
1439 5529 1714 5586 Christum
1766 5534 2150 5604 iuterrogarit,

579 5627 758 5671 utrum
793 5617 905 5687 ipse
931 5621 1151 5677 omnino
1188 5629 1334 5678 esset
1356 5623 1448 5692 qui
1480 5633 1742 5681 venturus
1768 5636 1924 5693 erat;
1958 5627 2155 5683 deinde

652 5769 702 5800 "
723 5769 856 5828 Luc.
891 5789 976 5842 Ill,
1003 5773 1074 5842 4;
1108 5773 1208 5832 lsa.
1237 5793 1325 5848 XL,
1353 5777 1407 5832 3.
1489 5779 1535 5811 ⁸³
1561 5779 1693 5836 Luc.
1726 5795 1822 5848 vn,
1849 5783 1941 5836 98.

2020 5783 2066 5814 "
2091 5781 2281 5838 Matth.
2323 5801 2404 5854 XI,
2437 5787 2490 5854 5,
2522 5786 2574 5839 4.

2267 4625 2479 4695 φήτην;
2508 4625 2616 4678 Ναὶ
2645 4625 2788 4694 λέγω
2821 4628 2950 4698 ὑμῖν
2978 4627 3072 4681 καὶ
3108 4629 3492 4701 περισσότερον
3526 4631 3832 4701 προφήτου.

2266 4708 2434 4778 Οὗτος
2463 4715 2573 4787 γάρ
2612 4716 2725 4770 ἐστι
2755 4719 2882 4789 περ).
2903 4713 2964 4773 οὗ
2995 4719 3306 4791 γέγραπται
3327 4737 3340 4751 ·
3396 4720 3526 4774 Ἰδοὺ
3560 4718 3843 4774 ἀποστελῶ

2263 4806 2354 4859 τὸν
2383 4806 2612 4876 ἄγγελόν
2639 4825 2737 4879 μου
2761 4809 2868 4880 πρὸ
2896 4811 3190 4879 προσώπου
3218 4828 3332 4877 σου,
3361 4812 3420 4875 ὃς
3445 4811 3844 4865 κατασκευάσει

2263 4897 2360 4970 τὴν
2393 4898 2512 4952 ὀδόν
2546 4917 2639 4953 σου
2687 4901 2996 4974 ἔμπροσθέν
3039 4919 3155 4956 σου.
3209 4923 3227 4954 ι
3280 4901 3415 4958 Εἶτα
3467 4905 3604 4977 πρὸς
3634 4906 3844 4968 τούτοις

2264 4992 2398 5063 φησὶ
2432 4990 2790 5063 ζητούμενον
2844 5011 2862 5044 ι
2916 4994 3107 5064 ’Λμὴν,
3161 4994 3310 5065 ἀμὴν
3346 4995 3492 5064 λέγω
3542 4996 3691 5066 ὑμῖν,
3722 4996 3844 5063 ,οὐκ

2263 5084 2560 5154 ἐγήγερται
2609 5086 2666 5137 ἐν
2711 5087 2990 5153 γεννητοῖς
3028 5086 3301 5154 γυναικῶν
3345 5087 3545 5157 μείζων
3596 5088 3842 5141 Ἰωάννου

2261 5173 2356 5226 τοῦ
2397 5174 2700 5229 Βαπτιστοῦ
2721 5193 2734 5205 ·
2776 5176 2805 5227 6
2830 5175 2886 5228 δὲ
2927 5175 3249 5248 μικρότερος
3274 5180 3331 5232 ἐν
3358 5183 3423 5252 τῇ
3455 5180 3700 5251 βασιλεία
3734 5179 3844 5232 τῶν

2259 5266 2528 5339 οὐρανῶν,
2558 5265 2759 5336 μείζων
2790 5267 2952 5321 αὐτοῦ
2988 5270 3125 5323 ἐστι.
3167 5287 3184 5321 ι
3225 5269 3329 5323 Καὶ
3357 5271 3415 5324 οὐ
3447 5272 3607 5341 μέχρι
3635 5270 3842 5326 τούτων

2259 5357 2287 5408 6
2321 5357 2496 5424 λόγος.
2524 5356 2810 5434 οἘπιφέρει
2834 5357 2942 5430 γὰρ
2960 5357 3122 5422 εὐθύς
3141 5377 3154 5390 ο
3187 5376 3206 5410 ι
3252 5359 3382 5412 Ἀπὸ
3406 5360 3463 5413 δὲ
3490 5361 3598 5412 τῶν
3619 5360 3842 5430 ἡμερῶν

2272 5447 2518 5501 Ἰωάννου
2553 5448 2647 5501 τοῦ
2690 5447 2996 5503 Βαπτιστοῦ
3049 5449 3156 5515 ἕως
3190 5450 3314 5522 ἄρτι
3359 5454 3392 5522 ἡ
3441 5450 3687 5522 βασιλεία
3732 5449 3842 5510 τῶν

2259 5538 2503 5608 οὐρανῶν
2541 5539 2806 5610 βιάζεται,
2841 5542 2935 5594 καὶ
2971 5541 3185 5611 βιασταὶ
3217 5543 3554 5614 ἁρπάζουσιν
3589 5543 3780 5612 αὐτήν.
3817 5560 3836 5593 ι

2261 5629 2422 5685 Ὀλον
2453 5633 2510 5685 ἐν
2550 5632 2778 5700 τούτοις,
2811 5632 2885 5697 ὠς
2932 5634 3058 5698 ἔπος
3087 5635 3282 5700 εἰπεῖν,
3314 5635 3376 5688 τιὸ
3418 5636 3713 5705 κεφάλαιον
3742 5632 3842 5703 τὴν

2653 5788 2701 5820 ⁸⁸
2722 5787 2855 5846 Ibid.
2891 5788 3040 5843 7-l0.
3120 5792 3164 5825 ⁸⁷
3198 5791 3330 5848 Ibid.
3361 5795 3443 5851 ll.
3526 5792 3727 5850 "Ibid.
3757 5790 3840 5845 12.
