3996 6408
584 388 686 443 175

1575 375 1632 429 S.
1675 372 1955 429 CYRILU
1996 369 2471 428 ALEXANDRINI
2509 366 2830 428 ARCHIEI’.

3738 364 3830 420 I76

575 493 846 562 declarat,
885 493 1072 548 dicens
1104 491 1170 545 ad
1199 489 1382 545 Jesum
1417 505 1429 542 :
1469 506 1487 539 ι
1520 485 1668 556 Opus
1702 486 1833 542 mihi
1864 494 1950 541 est
1979 495 2038 542 ut
2059 484 2152 540 abs

2263 503 2382 554 γοις
2413 481 2726 558 ἐξαίρετον,
2769 479 2884 536 ἀλλ’
2929 477 3041 545 ἔξει
3072 478 3351 550 τὸιμεῖζον
3384 476 3412 531 ὁ
3437 477 3573 552 πρὸς
3598 480 3693 552 τὴν
3732 485 3832 539 τῶν

579 602 631 645 te
683 585 1033 658 Itaptizer‘“.
1069 581 1440 636 i‘Ecce'enlm
1482 579 1528 635 is
1550 580 1654 649 "-qui
1687 593 1896 632 summa
1929 577 2157 633 virtutis

578 673 1202 749 perfectione‘przeditus
1233 678 1374 734 erat,
1405 667 1844 738 regenerationis
1859 680 1956 736 per
1982 666 2156 736 Spiri-

579 785 690 827 tum
727 769 927 824 donum
957 765 1154 835 poscit,
1182 769 1370 831 utpote
1399 762 1491 830 qui
1521 775 1618 831 per
1660 760 1714 815 id
1759 759 1933 830 major
1975 758 2157 828 seipse

574 860 888 916 efficiendus
917 865 1086 921 esset,
1121 868 1299 923 neque
1326 853 1560 922 amplius
1593 852 1646 906 id
1676 849 1979 915 habiturus,
2014 850 2157 920 quod

572 969 641 1007 ex
671 951 902 1006 muliere
928 955 1092 1002 natus
1125 955 1296 1012 esset,
1320 945 1414 1000 sed
1448 944 1514 997 ad
1549 941 1789 998 divinam
1821 941 2155 996 nobilitatem

575 1043 1014 1099 transformatus.
1053 1037 1223 1108 Cujus
1254 1037 1332 1092 rei
1378 1034 1538 1091 ﬁdem
1573 1033 1835 1090 Servator
1860 1031 2153 1104 ipseofacit,

571 1150 677 1190 non
711 1134 922 1198 dicens,
965 1128 1170 1196 Habes,
1207 1128 1407 1191 amice,
1441 1126 1836 1196 perfectionem
1883 1125 1936 1180 in
1976 1123 2154 1192 bonis,

567 1229 734 1282 etiam
761 1225 898 1281 citra
933 1220 1422 1278 sanctiﬁcationem
1454 1218 1820 1290 baptismatis,
1863 1217 1958 1273 sed
1987 1217 2158 1288 signi-

569 1321 744 1375 ﬁcans
779 1317 997 1388 quidem
1024 1328 1146 1368 eum
1174 1325 1521 1383 summopere
1555 1324 1622 1366 ea
1659 1310 1923 1382 indigere,
1955 1307 2184 1363 donum-

566 1423 750 1466 tamen
785 1409 904 1478 ejus
943 1408 1020 1462 rei
1059 1405 1308 1460 consulto
1331 1404 1400 1458 oin
1446 1402 1592 1458 aliud
1625 1411 1838 1472 tempus
1878 1399 2153 1456 differens.

570 1502 682 1556 lloc
718 1501 862 1556 enim
907 1498 1135 1552 omnino
1168 1495 1424 1551 existimo
1471 1493 1782 1566 signiﬁcare
1816 1491 1984 1548 illud:
2015 1507 2035 1543 ‹
2067 1491 2156 1547 Di-

568 1595 726 1649 mitte
765 1583 927 1648 modo
949 1592 1019 1644 σν.
1054 1609 1073 1643 ι
1123 1589 1278 1658 Quod
1312 1603 1442 1643 vero
1488 1601 1680 1642 rursus
1711 1600 1933 1657 regnum
1984 1584 2154 1641 cmlo-

571 1704 688 1743 rum
707 1696 877 1742 -vocet
908 1687 1108 1742 donum
1143 1683 1383 1754 Spiritus
1417 1680 1618 1747 sancti,
1660 1688 1718 1735 et
1755 1694 1878 1750 qua:
1904 1694 2004 1750 per
2031 1694 2155 1736 eum

569 1779 847 1836 confertur
882 1775 1236 1833 credentibus
1283 1773 1771 1845 regenerationem,
1811 1771 2037 1827 minimo
2067 1786 2156 1826 ne-

2259 574 2506 648 οὐρανῶν
2541 572 2820 645 βασιλείαν
2860 569 3205 642 κεκλημένος
3237 570 3416 648 διάγτὸ
3465 571 3662 643 μηκέτι
3712 591 3834 647 χρη.

2251 669 2514 741 ’ματίζειν
2543 667 2660 722 υἱὸν
2684 666 2964 738 γυναικὸς,
2995 665 3130 719 ἀλλὰ
3151 665 3302 728 θείας
3337 665 3436 736 μὲν
3459 663 3671 734 φύσεως
3694 669 3839 736 γενέ-

2254 761 2387 815 ·σθαι
2433 761 2711 826 κοινωνὸν,
2756 759 2948 814 τέκνον
2987 757 3048 812 δὲ
3094 757 3198 828 ἤδη
3248 756 3532 811 καλεῖσθαι
3565 757 3719 824 Θεοῦ,
3750 765 3838 816 καὶ

2253 853 2309 906 ἐἰ
2345 851 2664 923 μικρότερος
2713 849 2797 920 εἴη
2844 847 2955 902 τῶν
3001 849 3060 901 ὲν
3092 847 3203 913 ἕξει
3239 848 3610 918 τελειοτέρων,
3651 849 3837 921 βρέφος

2255 962 2319 1000 τε
2373 945 2453 997 ἔτι
2510 944 2686 998 νοοῖτο
2736 943 2912 1012 βραχὺ
2966 941 3062 996 καὶ
3111 941 3418 1014 ἁρτιγενές.
3465 941 3588 996 ὀτι
3637 942 3692 996 δὲ
3738 945 3839 998 τῶν

2271 1036 2519 1090 Ἰωάννου
2555 1033 2790 1105 μέτρων,
2841 1033 2874 1103 ἢ
2910 1035 3004 1086 καὶ
3037 1031 3234 1096 παντὸς
3266 1032 3528 1106 γεννητοῦ
3574 1036 3839 1103 γυναικῶν

2259 1129 2294 1198 η
2323 1127 2410 1181 διὰ
2440 1125 2535 1180 τοῦ
2567 1124 2892 1196 Πνεύματος
2929 1125 3286 1197 ἀναγέννησις
3319 1124 3422 1178 οὐκ
3453 1123 3621 1197 ὀλίγῳ
3661 1126 3842 1181 διοίσει

2254 1220 2428 1289 τόπῳ,
2461 1217 2522 1272 οὐ
2551 1216 2786 1288 θύραθεν
2815 1217 2948 1286 ἡμῖν
2974 1217 3005 1268 ὁ
3045 1216 3280 1287 μάρτυς,
3320 1215 3437 1270 ἀλλ’
3461 1215 3625 1290 αὐτὸς
3653 1215 3841 1287 ἀσεϐή-

2260 1329 2412 1366 σεται
2458 1309 2632 1386 λέγων
2672 1308 2810 1380 πρὸς
2853 1309 2945 1361 τὸν
2984 1307 3226 1380 Ἰησοῦν*
3266 1325 3286 1359 ι
3332 1306 3474 1376 Ἐγὼ
3511 1301 3844 1380 χρείανέχω

2258 1404 2363 1458 ὐπὸ
2393 1402 2486 1457 σοῦ
2519 1401 2906 1474 βαπτισθῆναι.
2932 1419 2951 1453 ι
2992 1400 3124 1454 Ἰδοὺ
3160 1401 3290 1472 γὰρ,
3327 1399 3435 1453 ἰδοὺ
3459 1400 3655 1466 ,καίτοι
3681 1401 3740 1454 τὸ
3766 1401 3844 1454 τέ·

2255 1498 2401 1552 λειον
2439 1497 2579 1568 ἔχων
2619 1499 2675 1552 ὲν
2711 1496 2912 1567 ἀρετῇ,
2960 1495 3060 1566 τῆς
3093 1493 3181 1548 διὰ
3229 1491 3323 1547 τοῦ
3359 1492 3677 1565 Πνεύματος
3719 1495 3844 1549 awa-

2257 1590 2565 1661 γεννήσεως
2595 1589 2694 1659 τὴν
2725 1588 2886 1660 χάριν
2922 1590 3083 1652 αἰτεῖ,
3117 1586 3194 1651 ὡς
3236 1589 3316 1651 εἷς
3343 1587 3406 1641 τὸ
3438 1589 3626 1660 μεῖζον
3659 1579 3842 1659 ἢκαθ⁹

2255 1681 2453 1735 ἑαυτὸν
2497 1680 2565 1734 δι’
2611 1681 2784 1750 αὐτῆς
2831 1678 3276 1751 ἀναϐησόμενος,
3325 1679 3421 1734 καὶ
3462 1679 3526 1733 τὸ
3571 1681 3672 1751 μὲν
3714 1675 3842 1734 εἶναι

2257 1773 2518 1845 γεννητὸς
2549 1771 2811 1842 γυναικὸς
2849 1772 2946 1842 οὐχ
2989 1771 3128 1838 ἕξων
3179 1770 3280 1836 ἔτι,
3317 1770 3453 1841 πρὸς
3488 1771 3546 1825 δὲ
3577 1772 3675 1842 τὴν
3704 1771 3842 1825 Θείαν

568 1872 714 1939 g‘otio
750 1870 912 1941 106
935 1870 1316 1924 demonstrare
1362 1880 1678 1937 possumus,
1725 1880 1795 1920 ex
1825 1864 1942 1920 istis
1977 1863 2152 1920 nostri

2257 1867 2540 1935 εὐγένειαν
2581 1864 3090 1937 ἁναμορφούμενος.
3132 1863 3351 1918 Βεὸαιοῖ
3387 1864 3444 1916 δὲ
3480 1863 3717 1935 μάλιστα
3752 1863 3840 1934 τὴν

566 1965 873 2020 Senatoris
897 1961 1082 2018 verbis
1115 1979 1130 2016 :
1168 1979 1188 2014 ι
1217 1961 1262 2015 Α
1298 1960 1489 2015 diebus
1513 1960 1656 2014 enim
1681 1957 1929 2026 Joannis,
1955 1959 2150 2028 inquit,

566 2071 735 2128 usque
768 2056 928 2111 modo
976 2069 1200 2125 regnum
1243 2053 1506 2110 caelorum
1533 2051 1646 2107 vim
1687 2052 1916 2121 patitur,
1958 2061 2012 2107 et
2040 2052 2154 2106 vio-

567 2149 696 2204 lenti
735 2148 1127 2220 rapiunt'illud
1147 2148 1214 2201 ⁸⁸.
1248 2165 1268 2199 ι
1309 2145 1440 2200 Nam
1479 2160 1602 2200 cum
1625 2143 1864 2200 Joannes
1892 2144 2154 2215 prmdica-

566 2249 694 2294 ret:
728 2259 747 2292 ι
778 2239 975 2294 Parate
1021 2240 1162 2294 viam
1213 2237 1452 2304 Domini,
1483 2245 1678 2292 rectas
1723 2236 1892 2292 facite
1930 2237 2152 2292 semitas

562 2331 680 2402 cjus
701 2332 795 2386 “z
835 2350 854 2383 ι
897 2330 1053 2385 multi
1097 2330 1409 2385 auditorum
1449 2343 1478 2382 a
1520 2329 1760 2398 peccatis
1802 2337 1858 2384 et
1907 2329 2152 2399 turpitu-

563 2423 690 2480 dine
727 2423 853 2479 vita:
901 2422 1294 2499 desciscentes,
1349 2436 1546 2492 magno
1593 2421 1771 2478 studio
1813 2429 1868 2476 et
1921 2431 2150 2477 conten-

567 2515 712 2570 tione
741 2514 907 2569 animi
945 2528 1123 2570 mores
1161 2528 1289 2569 suos
1317 2515 1384 2568 ad
1416 2511 1632 2568 virtutis
1657 2527 1904 2568 normam
1937 2527 2154 2581 compo-

564 2615 774 2670 nentes,
805 2604 900 2659 ﬁlii
930 2603 1024 2658 Del
1057 2617 1155 2674 per
1187 2602 1452 2672 Spiritum
1485 2601 1744 2657 declarati
1781 2607 1931 2666 sunt,
1969 2609 2152 2656 mente

564 2696 777 2750 illorum
817 2693 1090 2750 illustrata
1133 2702 1188 2748 et
1220 2706 1319 2763 per
1359 2700 1614 2748 sanctum
1656 2690 1987 2758 baptismum
2021 2703 2152 2758 pur-
2210 2683 2215 2687 ’

560 2797 704 2857 gata.
753 2787 914 2856 Atqui
947 2786 991 2840 si
1034 2785 1102 2840 iis
1133 2785 1224 2855 qui
1269 2783 1608 2841 contrariam
1637 2783 1952 2852 opinionem
1994 2791 2146 2837 tuen-

563 2892 671 2946 tur,
706 2894 813 2934 non
843 2887 992 2934 recte
1040 2881 1218 2948 neque
1261 2875 1472 2931 utiliter
1519 2875 1665 2931 dicta
1705 2874 1821 2930 hac
1854 2875 2146 2931 videntur:

561 2975 794 3027 doceant
834 2985 940 3040 qua
987 2969 1054 3024 de
1100 2984 1262 3024 causa
1293 2968 1459 3032 dicat,
1502 2982 1532 3022 a
1568 2967 1762 3023 diebus
1790 2965 2021 3024 Joannis
2053 2967 2149 3023 Ba-

565 3064 736 3132 ptistae
782 3077 1008 3132 regnum
1057 3060 1323 3117 caelorum
1367 3060 1530 3132 rapi:
1562 3059 1762 3130 quippe
1798 3059 1942 3130 quod
1990 3074 2148 3115 nemo

559 3165 683 3210 ante
725 3169 847 3210 eum
891 3152 1153 3223 rapuerit.
1191 3150 1439 3218 Quonam
1489 3150 1655 3222 igitur
1698 3165 1821 3221 spes
1851 3149 2142 3219 propheta-

2255 1957 2348 2011 ἐπὶ
2392 1957 2569 2028 τούτῳ
2617 1956 2804 2011 πίστιν
2833 1957 2861 2009 ὁ
2889 1957 3104 2027 Σωτήρο
3136 1957 3342 2027 Ἔχεις,
3388 1949 3432 2010 ὦ
3459 1949 3639 2023 οὗτος,
3664 1954 3723 2010 τὸ
3764 1953 3844 2008 τέ-

2247 2050 2398 2104 λειον
2445 2051 2504 2104 ὲν
2536 2048 2786 2118 ἀγαθοῖς,
2819 2047 2921 2102 οὐκ
2965 2046 3158 2112 εἰπὼν,
3207 2047 3302 2101 καὶ
3331 2048 3454 2119 δίχα
3485 2047 3579 2102 τοῦ
3629 2048 3717 2102 διά
3758 2047 3844 2118 βα-

2255 2143 2564 2212 πτίσματος
2617 2138 2930 2211 ἀγιασμού,
2990 2139 3106 2192 ἀλλ’
3131 2141 3208 2203 ὡς
3237 2141 3293 2193 ὲν
3345 2139 3504 2211 χρείᾳ
3538 2139 3641 2208 μὲν
3691 2136 3843 2192 αὐτοῦ

2248 2223 2350 2287 ’καὶ
2389 2232 2510 2285 λίαν
2545 2231 2782 2303 ὐπάρχοι
2817 2217 3091 2286 συννεύων
3124 2232 3219 2286 καὶ
3255 2231 3671 2303 συντιθέμενος,
3708 2214 3842 2286 οἰκο-

2249 2313 2493 2397 νομικῶς
2521 2325 2579 2378 δὲ
2610 2325 2711 2395 τὴν
2745 2309 2907 2396 χάριν
2931 2325 3106 2396 ἑτέρῳ
3133 2307 3420 2394 φυλάττων
3450 2323 3652 2395 καιρῷ.
3683 2323 3844 2378 Τοῦτο

2253 2419 2362 2490 γὰρ
2394 2417 2458 2488 δὴ
2499 2419 2594 2470 καὶ
2630 2417 2836 2488 νομίζω
2867 2417 2948 2484 τὸ,
2977 2435 3010 2494 ,ι
3041 2418 3218 2488 Ἀφες
3252 2416 3399 2488 ἄρτι,
3427 2435 3445 2469 ι
3484 2415 3705 2488 δηλοῦν.
3733 2416 3844 2469 Ὅτι

2252 2514 2310 2567 δὲ
2346 2513 2506 2568 πάλιν
2535 2512 2781 2585 οὐρανῶν
2813 2511 3094 2583 βασιλείαν
3133 2510 3404 2565 ἀποκαλεῖ
3430 2509 3529 2582 τὴν
3563 2509 3664 2564 τοῦ
3711 2509 3844 2562 θείου

2254 2609 2573 2679 Πνεύματος
2602 2607 2768 2673 δόσιν,
2811 2607 2906 2661 καὶ
2933 2607 3034 2678 τὴν
3064 2607 3132 2660 δι’
3157 2605 3322 2661 αὐτοῦ
3357 2608 3469 2670 τοῖς
3501 2604 3842 2659 πιστεύουσιν

2252 2701 2334 2763 είς
2375 2699 2508 2753 Θεὸν
2551 2699 2933 2770 ἁναγέννησιν,
2979 2697 3040 2752 οὐ
3085 2697 3314 2769 μακρῶν
3349 2700 3481 2768 ἡμῖν
3527 2698 3717 2770 δεήσει
3756 2695 3842 2768 πόέ

2251 2807 2382 2855 νων,
2410 2791 2489 2854 είς
2519 2791 2926 2860 ἐναργεστάτην
2955 2789 3253 2856 ἀπόδειξιν,
3284 2789 3398 2843 ἀλλ’
3415 2790 3473 2856 ἐξ
3501 2789 3690 2844 αὐτῶν
3719 2787 3849 2842 elad-

2256 2880 2398 2953 μεθα
2432 2880 2542 2933 τῶν
2586 2880 2680 2934 τοῦ
2728 2881 2984 2953 Σωτῆρος
3019 2880 3313 2952 ῥημάτων·
3352 2899 3371 2932 ι
3423 2880 3550 2934 Ἀπὸ
3602 2882 3719 2952 γάρ
3748 2881 3847 2934 τῶν

2251 2971 2478 3044 ἡμερῶν
2514 2973 2762 3026 Ἰωάννου
2817 2971 2923 3036 ἓως
2957 2973 3113 3043 άρτι,
3165 2973 3352 3041 φησὶν,
3383 2974 3417 3043 ἠ
3461 2971 3717 3042 βασιλεία
3746 2971 3845 3042 τῶν

2249 3062 2498 3134 οὐρανῶν
2531 3062 2800 3134 βιάζεται,
2839 3063 2936 3117 καὶ
2985 3062 3206 3133 βιασταὶ
3235 3062 3574 3133 ἁρπάζουσιν
3606 3063 3798 3132 αὐτήν.
3825 3080 3842 3111 ι

2263 3155 2513 3210 Ἰωάννου
2552 3155 2659 3227 γὰρ
2686 3157 2748 3228 δὴ
2778 3143 2858 3222 τὸ,
2892 3174 2910 3207 ι
2953 3156 3312 3226 Ἑτοιμάσατε
3341 3155 3438 3228 τὴν
3468 3156 3585 3210 ὁδὸν
3616 3155 3844 3228 Κυρίου,

563 3263 681 3304 rum
724 3247 934 3302 abibit?
980 3245 1120 3312 Quid
1157 3253 1343 3300 tantus
1394 3252 1710 3300 sanctorum
1751 3252 1929 3300 cretus
1959 3243 2145 3310 faciet,

2253 3246 2508 3318 βοῶντος,
2540 3247 2757 3313 εὐθείας
2791 3251 2994 3302 ποιεῖτε
3019 3247 3117 3312 τὰς
3146 3246 3368 3320 τρίϐους
3393 3247 3583 3313 αὐτοῦ,
3605 3268 3634 3301 ο
3673 3247 3848 3301 πολλοι

558 3340 606 3394 si
640 3353 809 3410 regno
839 3337 1108 3393 caelorum
1137 3336 1393 3394 exclusus
1427 3337 1550 3393 est?
1592 3351 1714 3393 cum
1748 3345 1878 3392 tunc
1909 3337 2146 3407 primum

559 3430 788 3499 «aperit
831 3429 969 3497 rapi,
1016 3428 1237 3497 quando
1281 3425 1467 3481 multis
1512 3426 1845 3495 temporibus
1877 3422 2149 3494 posterior

561 3507 814 3575 ostensus
857 3507 1087 3574 tandem
1141 3529 1226 3594 est
1277 3517 1539 3584 Joannes,
1585 3517 1830 3574 clamans
1868 3535 1881 3570 :
1917 3533 1936 3568 ι
1971 3513 2149 3570 Pani-

563 3595 786 3666 tentiam
822 3594 989 3681 agite,
1033 3609 1488 3680 appropinquavit
1521 3609 1667 3664 enim
1716 3621 1943 3677 regnum
1981 3603 2148 3660 coelo-

559 3718 678 3756 rmn
699 3703 766 3756 ’°.
800 3721 818 3754 ι
892 3703 1160 3758 (laterum
1209 3700 1378 3757 facile
1435 3701 1714 3757 intellectu
1776 3709 1862 3756 est
1917 3713 2145 3768 regnum

550 3793 822 3880 .ctelorum
853 3792 1279 3872 priscis’etiam
1336 3792 1585 3864 patribus
1637 3802 1889 3862 paratum
1941 3789 2143 3858 fuisse,

559 3895 745 3956 utpote
772 3885 1148 3942 conformibus
1178 3885 1401 3956 imagini
1430 3885 1558 3941 Filii
1595 3886 1702 3950 sui,
1734 3893 1899 3953 atque
1937 3883 2146 3938 idcirco

427 3954 432 3963 A
474 3967 583 4029 ‘ra
620 3954 730 4031 beo
770 3992 835 4033 ac
868 3975 1032 4032 Patre
1069 3954 1432 4048 praecognitis.
1467 3977 1738 4047 Tempore
1765 3989 1894 4030 vero
1921 3972 2146 4030 Joannis

555 4068 832 4140 Baptistae,
891 4081 1056 4139 atque
1113 4071 1182 4126 ab
1231 4085 1297 4125 eo
1331 4080 1601 4140 tempore
1651 4069 1908 4138 deinceps
1943 4066 2144 4122 donum

555 4137 794 4230 Spiritus
843 4137 1046 4228 sancti,
1084 4171 1140 4216 et
1171 4137 1516 4232 regeneratio
1547 4173 1644 4229 per
1675 4137 1924 4214 sanctum
1956 4155 2142 4228 Bapti-

558 4267 761 4318 <mum,
814 4253 916 4307 ﬁde
957 4254 1190 4324 rapitur.
1220 4254 1362 4309 Cum
1396 4253 1580 4322 itaque
1624 4251 1741 4307 haec
1777 4250 2004 4320 quaestio
2030 4249 2140 4318 jam

556 4344 706 4398 omni
745 4359 810 4398 ex
847 4356 1002 4414 parte
1035 4347 1304 4417 explicata
1340 4346 1433 4410 sit,
1467 4345 1601 4399 satis
1626 4350 1851 4413 apparet
1874 4357 2037 4413 quam
2073 4342 2145 4398 sit

558 4440 718 4489 inane
751 4450 814 4490 ac
854 4435 1102 4491 frivolum
1129 4438 1447 4492 existimare
1471 4433 1984 4505 majorem'Christo
2021 4448 2143 4488 csse

551 4527 873 4598 Baptistam.
918 4529 1073 4597 Quod
1107 4545 1228 4584 cum
1266 4532 1338 4584 ita
1376 4531 1469 4595 sit,
1513 4528 1718 4584 corruit
1753 4526 1911 4597 plane
1953 4528 2141 4582 adver-

550 4619 817 4676 sariorum
856 4623 1109 4692 objectio.

2250 3339 2358 3395 τῶν
2383 3341 2770 3416 ἀκροωμένων,
2801 3341 2894 3394 τὸν
2921 3341 2979 3394 ἐν
3010 3341 3310 3414 ἁμαρτίαις
3333 3343 3410 3395 ἔτι
3435 3343 3529 3396 καὶ
3559 3343 3847 3413 ἀσχήμονα

2249 3435 2683 3507 παραιτούμενοι
2721 3436 2857 3506 βίον,
2909 3436 3096 3506 ἐφέσει
3130 3453 3190 3490 τε
3224 3439 3290 3508 τῇ
3343 3436 3481 3508 πρὸς
3529 3437 3588 3490 τὸ
3633 3438 3849 3509 ἄμεινον

2250 3528 2349 3581 σύν
2379 3527 2472 3601 βίᾳ
2505 3529 2600 3581 καὶ
2625 3527 2764 3598 τόνῳ
2794 3528 2885 3582 τὸν
2930 3531 3129 3582 οἰκεῖον
3177 3530 3257 3594 εἰς
3297 3530 3498 3602 ἀρετὴν
3540 3529 3845 3602 άναρυθμί-

2248 3617 2435 3683 ζοντες
2458 3618 2662 3691 τρόπον
2697 3621 2971 3692 ,γεννητοὶ
2999 3619 3135 3674 Θεοῦ
3169 3621 3259 3676 διά
3290 3623 3615 3693 Πνεύματος
3641 3622 3847 3677 ἀνεδεί-

2247 3723 2463 3771 κνυντο,
2494 3709 2903 3780 πεφωτισμένοι
2930 3711 3020 3764 τὸν
3051 3710 3176 3765 νοῦν
3203 3713 3297 3765 καὶ
3328 3713 3572 3784 κεκαθαρ
3583 3713 3737 3785 μένοι
3763 3712 3846 3766 διά

2245 3797 2342 3852 τοῦ
2375 3797 2533 3867 ἁγίου
2563 3799 2963 3872 βαπτίσματος.
2992 3804 3063 3856 Ἢ
3101 3803 3263 3874 εἴπερ
3295 3805 3395 3857 οὐκ
3437 3805 3622 3876 ὀρθῶς
3666 3824 3728 3860 τε
3759 3805 3847 3859 καὶ

2246 3889 2564 3958 ἀναγκαίως
2594 3890 2848 3962 εἰρῆσθαι
2880 3891 2950 3946 τὰ
2982 3892 3211 3947 τοιαῦτα
3249 3893 3399 3947 δοκεῖ
3439 3897 3552 3958 τοῖς
3597 3895 3700 3967 τὴν
3737 3894 3847 3948 ἑτέ-

2249 3998 2352 4054 ραν
2386 3983 2752 4055 πρεσϐεύουσι
2785 3984 2964 4051 δόξαν,
2995 3985 3401 4041 διδασκέτωσαν
3433 3989 3558 4042 δτου
3593 3990 3661 4060 δὴ
3689 3989 3846 4060 χάριν

2245 4074 2310 4128 ὲκ
2338 4074 2448 4128 τῶν
2501 4073 2749 4130 Ἰωάννου
2800 4078 2965 4149 φησὶν
3012 4079 3240 4150 ἡμερῶν
3286 4078 3386 4150 τὴν
3435 4079 3545 4133 τῶν
3597 4080 3845 4153 οὐρανῶν

2247 4164 2525 4235 βασιλείαν
2581 4166 2960 4238 ἁρπάζεσθαι,
2991 4168 3068 4232 ὡς
3115 4168 3329 4232 οὐδενὸς
3375 4171 3482 4243 ἄρα
3523 4171 3638 4242 πρὸ
3680 4167 3843 4225 αὐτοῦ

2243 4257 2344 4328 τὴν
2380 4258 2490 4313 τῶν
2535 4259 2781 4330 οὐρανῶν
2822 4259 3100 4331 βασιλείαν
3151 4261 3518 4333 ἁρπάσαντος.
3565 4263 3673 4316 Ποῖ
3717 4277 3845 4314 ποτε

2245 4345 2340 4403 οὖν
2387 4350 2498 4422 ἄρα
2525 4350 2633 4404 τῶν
2665 4352 2964 4424 προφητῶν
2999 4353 3031 4423 ἡ
3076 4351 3232 4416 ἐλπὶς
3280 4353 3596 4424 οἰχήσεταις
3639 4353 3707 4405 Τί
3733 4351 3790 4404 δὲ
3819 4350 3846 4402 ὁ

2243 4438 2501 4502 τοσοῦτος
2555 4439 2662 4493 τῶν
2713 4441 2886 4508 ἁγίων
2928 4440 3128 4513 πράξει
3175 4441 3356 4513 χορὸς,
3406 4444 3562 4514 εἴπερ
3600 4443 3713 4508 ἔξω
3751 4441 3848 4511 τῆς

2243 4530 2352 4583 τῶν
2400 4531 2647 4602 οὐρανῶν
2693 4531 2972 4602 βασιλείας
3007 4533 3290 4600 κείσεται;
3337 4535 3456 4588 τότε
3504 4535 3569 4606 δὴ
3624 4533 3847 4608 πρῶτον

2172 4607 2217 4660 Ῑ)
2245 4619 2340 4672 τοῦ
2387 4621 2729 4692 ἁρπάζεσθαι
2763 4624 3032 4696 λαϐούσης
3073 4627 3269 4698 ἀρχὴν,
3301 4628 3388 4681 ὅτε
3426 4627 3646 4698 χρόνοις
3676 4607 3848 4680 θύσετε-

552 4719 726 4788 ρήσας
763 4723 1012 4792 μακροῖς,
1079 4718 1364 4789 ἀνεδείχθη
1404 4714 1554 4790 μόλις
1580 4720 1607 4771 ὁ
1671 4715 2005 4786 Βαπτιστὴς,
2047 4735 2063 4767 ι
2117 4716 2465 4781 Μετανοεῖτε,
2495 4717 2666 4788 λέγων
2699 4737 2710 4748 ·
2759 4721 2956 4792 ἧγγικε
3011 4722 3118 4796 γάρ
3159 4727 3190 4796 ὴ
3231 4724 3477 4796 βασιλεία
3518 4723 3632 4778 τῶν
3680 4725 3850 4794 οὐρα-

549 4807 676 4864 νῶν.
717 4830 733 4860 ι
784 4812 920 4866 Ἀλλ’
961 4813 1108 4866 ἔστιν
1156 4813 1507 4876 εὐσύνοπτον,
1547 4809 1622 4872 ὡς
1657 4807 1990 4880 ηὐτρέπιστο
2037 4807 2138 4878 μὲν
2173 4809 2287 4873 τοῖς
2355 4810 2530 4878 ἁγίοις
2564 4811 2624 4864 τὸ
2681 4814 2738 4867 ἐν
2770 4813 3024 4887 βασιλείᾳ
3063 4815 3332 4884 γίνεσθαι,
3365 4818 3459 4870 καὶ
3492 4815 3694 4881 πάλαι,
3752 4817 3848 4869 ἁτε

547 4905 610 4976 δὴ
643 4907 737 4960 καὶ
769 4910 1113 4980 συμμόρφοις
1166 4907 1468 4978 ὑπάρχουσι
1515 4907 1615 4976 τῆς
1666 4906 1873 4968 εἰκόνος
1905 4903 2000 4957 τοῦ
2032 4903 2159 4957 Υἰοῦ
2196 4905 2383 4972 αὐτοῦ,
2424 4909 2519 4960 καὶ
2559 4909 2644 4962 διὰ
2684 4911 2842 4964 τοῦτο
2887 4914 3362 4985 προεγνωσμένοις
3425 4913 3577 4984 παρὰ
3607 4913 3693 4985 τῷ
3727 4911 3848 4984 Θεῴ

545 4999 643 5050 καὶ
673 4999 864 5068 Πατρί.
900 4998 1058 5052 Κατά
1093 4998 1149 5050 δὲ
1185 4998 1274 5051 τὸν
1308 4999 1555 5051 Ἰωάννου
1586 4996 1798 5068 καιρὸν,
1836 4994 1931 5049 καὶ
1954 4994 2140 5049 λοιπὸν
2180 4997 2460 5070 ἐφεξῆς,ὴ
2494 4999 2588 5052 τοῦ
2621 5001 2939 5072 Πνεύματος
2983 5003 3131 5067 δόσις
3175 5006 3270 5058 καὶ
3305 5007 3336 5077 ἠ
3373 5005 3462 5059 διὰ
3528 5005 3626 5058 τοῦ
3683 5006 3850 5073 ἁγίου

549 5090 924 5161 βαπτίσματος
985 5093 1062 5153 είς
1102 5090 1234 5142 Θεὸν
1268 5089 1651 5162 ἀναγέννησις,
1685 5091 1770 5143 διά
1843 5088 2078 5154 πίστεως
2122 5090 2451 5162 ἁρπάζεται.
2523 5093 2870 5164 Πανταχόθεν
2912 5095 3088 5150 τοίνυν
3143 5097 3596 5170 ἀποδεδειγμένου
3650 5098 3849 5168 σαφῶς

548 5184 638 5236 τοῦ
673 5185 1050 5256 θεωρήματος,
1093 5187 1340 5256 περιττὸν
1377 5187 1473 5258 ἤδη
1523 5187 1772 5257 φαίνεται
1801 5187 1862 5240 τὸ
1908 5187 2132 5258 μείζονά
2169 5205 2296 5242 ποτε
2365 5189 2460 5242 τοῦ
2503 5192 2758 5262 Σωτῆρος
2806 5192 3025 5248 ἔσεσθαι
3066 5196 3154 5248 τὸν
3191 5195 3444 5268 Ἰωάννην
3509 5194 3850 5268 ὑπολαμδά-

545 5294 675 5330 νίιν.
724 5278 785 5329 Εἰ
841 5277 896 5330 δὲ
937 5273 1092 5329 τοῦτο
1141 5278 1366 5348 ἀληθὲς,
1419 5279 1657 5335 λελύσθω
1693 5281 1853 5336 πάλιν
1912 5280 2018 5334 τῶν
2053 5281 2119 5336 δι’
2163 5283 2411 5348 ἐναντίας
2444 5285 2754 5357 πρόϐλημα.

623 5452 641 5481 ⁸
675 5454 684 5467 “
714 5450 900 5503 Matth.
936 5468 972 5520 ι,
1003 5452 1088 5508 14.
1169 5452 1210 5482 ⁸⁷
1247 5453 1355 5510 Ibid
1423 5457 1503 5509 lii.

1586 5455 1629 5488 ⁸⁸
1657 5456 1844 5512 Matth.
1876 5472 1952 5521 ιιι,
1991 5459 2075 5512 12.
2155 5459 2201 5489 "
2226 5457 2412 5515 Matth.
2461 5475 2543 5524 ιιι,
2573 5461 2627 5518 5.

2706 5463 2751 5494 "°
2785 5463 2976 5520 Matth.
3013 5480 3083 5532 Iv,
3126 5466 3207 5525 17..
