3996 6408
596 332 667 392 79
1572 332 1632 389 Β.
1672 329 1949 388 CYRILLI
1988 324 2461 385 ALEXANDRINI
2502 328 2825 389 ARCHIEP.

3734 335 3836 395 180

514 504 526 519 ,
557 449 788 509 eititium
811 457 897 505 est
927 458 985 507 et
1014 449 1354 508 extrinsecus
1386 449 1705 516 adveniens,
1746 448 2069 506 naturaliter
2089 447 2138 503 ei

2251 445 2311 501 ὲκ
2356 445 2461 518 τῆς
2510 449 2605 503 τοῦ
2663 447 2883 521 Πατρδς
2932 447 3123 516 οὐσίας
3176 448 3480 524 προελθὼν,
3539 451 3654 524 ζωὴ
3698 451 3835 507 κατὰ

506 546 516 610 ξ
555 541 647 612 qui
682 542 945 611 possidet,
983 541 1164 599 inesse
1199 558 1303 597 non
1344 542 1563 597 dicitur.
1605 540 1747 596 Dicit
1773 555 1902 597 vero
1928 540 2144 598 Filius:

561 652 580 684 ι
617 633 731 703 Ego
762 648 881 689 sum
914 633 1048 689 vita.
1080 653 1099 687 ι
1132 633 1251 690 Non
1284 633 1449 704 igitur
1473 632 1934 704 quemadmodum
1963 648 2065 689 nos
2091 632 2147 689 in

555 723 668 781 Deo
693 726 1054 793 vivificamur,
1084 727 1159 782 ita
1190 729 1357 781 etiam
1385 726 1500 796 ipse
1525 725 1683 792 vivit,
1717 733 1915 792 etest;
1952 725 2048 782 sed
2089 739 2150 782 re

510 861 517 869 .
553 832 684 873 vera
720 821 1045 875 naturaliter
1074 829 1161 876 est
1208 821 1353 892 quod
1387 819 1628 890 seipsum
1674 834 1796 876 esse
1845 819 1998 886 dicit,
2040 820 2147 877 hoc

515 901 638 966 'est
666 913 799 978 vita,
852 921 902 969 et
942 913 1266 969 naturaliter
1313 915 1367 969 in
1413 913 1577 969 Patre
1627 912 1921 980 exsistens,
1971 928 2145 969 unum

552 1016 675 1058 cum
703 1018 769 1060 eo
792 1002 1078 1062 identitate
1104 1006 1377 1071 essentiaa,
1404 1020 1522 1075 qua:
1545 1014 1629 1061 est
1654 1003 1849 1060 deitas.

2246 537 2413 609 φύσιν
2438 540 2581 609 ἐστὶ,
2612 541 2793 597 πάντα
2820 541 3104 613 ζωογονῶν
3123 560 3137 575 ·
3168 544 3230 598 οὐ
3262 544 3406 599 κατὰ
3441 544 3674 616 μετοχὴν
3697 543 3837 617 ζωῆς

2245 629 2689 706 ζωογονούμενος
2730 635 2922 708 ὥσπερ
2950 637 3141 709 ἡμεῖς.
3167 636 3243 692 Ἦ
3268 641 3378 712 γὰρ
3406 635 3473 692 ἂν
3502 637 3605 691 οὐκ
3647 634 3718 690 ἂν
3754 639 3837 710 εἴη

2243 725 2388 779 κατὰ
2432 725 2598 796 φύσιν
2647 727 2784 801 ζωή.
2845 728 2920 783 Τὸ
2968 729 3079 803 γὰρ
3137 730 3463 787 ἐπείσακτον
3512 732 3609 786 καὶ
3644 728 3838 796 ἔξωθεν

2246 823 2675 893 προσπορισθὲν,
2700 824 2803 879 οὐκ
2833 823 2900 879 ἂν
2932 828 3106 879 νοοῖτο
3143 823 3288 880 κατὰ
3321 824 3488 895 φύσιν
3523 825 3728 894 προσὸν
3763 823 3839 897 τῷ

2249 911 2596 983 κεκτημένῳ.
2640 911 2805 982 Λέγει
2834 913 2893 968 δὲ
2921 914 2950 968 ὁ
2978 913 3141 978 Υίόςο
3181 934 3199 967 ι
3240 914 3384 984 Ἐγώ
3428 916 3603 987 είμιή
3652 915 3787 987 ζωή.
3815 933 3834 967 ι

2260 1007 2375 1062 Οὐκ
2411 1005 2558 1076 ἄρα,
2610 1004 2866 1077 καθάπερ
2913 1007 3079 1078 ἡμεῖς
3135 1006 3194 1062 ἐν
3246 1006 3367 1079 Θεῷ
3402 1005 3839 1078 ζωογονούμεθα,

550 1094 747 1151 ταυτὸν
811 1096 879 1169 δὴ
917 1098 1015 1154 καὶ¹
1058 1098 1222 1163 αὐτὸς
1259 1099 1352 1154 τὸν
1389 1097 1591 1172 τρόπον
1627 1097 1694 1171 ζῇ
1734 1099 1828 1155 καὶ
1865 1098 2012 1156 ἔστιν
2032 1118 2047 1134 ο
2079 1101 2194 1158 ἀλλ’
2227 1102 2401 1168 ὅντως
2443 1100 2605 1157 τοῦτο
2634 1099 2776 1156 κατὰ
2816 1099 2980 1171 φύσιν
3019 1100 3282 1174 ὑπάρχων
3319 1103 3459 1174 ὅπερ
3497 1097 3635 1156 εἶναι
3677 1103 3842 1173 φησὶν

552 1189 769 1257 ἑαυτὸν,
810 1192 1092 1262 τουτέστι,
1135 1195 1304 1269 ζωὴν,
1345 1199 1441 1254 καὶ
1484 1199 1560 1256 ῶν
1591 1202 1650 1254 ὲν
1680 1202 1859 1276 Πατρὶ
1907 1206 2175 1274 φυσικῶς,
2204 1206 2264 1260 ἓν
2292 1223 2353 1259 τε
2384 1203 2650 1277 ὑπάρχων
2678 1205 2756 1271 ὡς
2785 1205 2925 1277 πρὸς
2954 1202 3117 1260 αὐτὸν
3146 1201 3236 1258 διὰ
3277 1200 3378 1273 τὴν
3412 1202 3723 1275 ταυτότητα
3748 1203 3841 1275 τῆς

549 1284 760 1354 οὐσίας,
786 1287 911 1359 ἥτις
934 1287 1081 1344 ἐστὶν
1107 1290 1141 1362 ἡ
1170 1290 1384 1363 θεότης.

1236 1382 1468 1442 ALIUD.

932 1470 1022 1528 Ea:
1050 1473 1339 1547 objections
1370 1481 1759 1536 hazreticorum.

620 1585 788 1655 Atqui
824 1588 1067 1660 seipsum
1100 1589 1155 1648 in
1184 1592 1347 1650 Patre
1371 1608 1496 1651 esse
1524 1596 1603 1652 ait
1630 1605 1686 1651 et
1724 1594 1942 1652 Patrem
1980 1596 2033 1652 in
2061 1610 2144 1665 se,

2949 1388 3160 1445 AAAO.

2506 1482 2603 1549 Ὠς
2629 1480 2700 1548 ἐξ
2726 1479 3091 1549 ἀντιθέσεως
3123 1478 3248 1537 τῶν
3278 1480 3609 1552 αἱρετικῶν.

2334 1593 2564 1650 Ἑαυτὸν
2597 1588 2741 1649 εἷναί
2773 1610 2940 1667 φησιν
2980 1595 3041 1650 ὲν
3079 1593 3290 1669 Πατρὶ,
3337 1593 3433 1650 καὶ
3476 1594 3535 1649 δν
3562 1593 3716 1667 αὐτῷ
3756 1593 3845 1649 τὸν

551 1675 679 1747 quia
720 1692 897 1749 neque
928 1695 1114 1738 sermo
1160 1698 1271 1755 quo
1314 1685 1382 1741 ad
1425 1700 1619 1744 omnes
1651 1689 1929 1755 utebatur,
1974 1703 2144 1759 neque

2254 1688 2503 1761 Πατέρα,
2542 1687 2635 1743 διά
2680 1688 2742 1743 τὸ
2784 1689 2926 1761 μήτε
2970 1688 3062 1743 τὸν
3099 1689 3279 1760 λόγον,
3327 1690 3389 1745 ὃν
3421 1691 3663 1744 ἐποιεῖτο
3711 1689 3844 1763 πρὸς

551 1778 716 1835 opera
741 1768 959 1838 propria
987 1769 1159 1840 ipsius
1180 1784 1358 1837 erant,
1378 1776 1475 1832 sed
1496 1774 1674 1833 Patris
1696 1778 1788 1849 qui
1811 1778 2145 1849 ejuscemodi

551 1854 699 1926 loqui
730 1856 979 1928 jubebat,
1001 1861 1208 1934 quique
1240 1860 1556 1922 facultatem
1585 1868 1637 1923 ei
1660 1869 2044 1939 suppeditabat
2076 1870 2145 1927 ad

548 1944 882 2016 eiuscemodi
909 1964 1137 2021 operum
1178 1952 1573 2026 impletionem.

1061 2133 1274 2193 Salutio
1313 2139 1644 2210 objectionis.

619 2222 807 2281 Liceat
847 2239 980 2297 ergo
1010 2242 1112 2299 per
1159 2241 1282 2296 vos,
1325 2232 1593 2300 haeretici,
1640 2235 1807 2291 etiam
1853 2236 2146 2310 unicuique

547 2325 864 2373 sanctorum
896 2316 1207 2389 huiusmodi
1234 2332 1425 2379 vocem
1449 2326 1648 2394 edere;
1673 2328 1941 2399 siquidem
1967 2339 2022 2386 et
2044 2329 2145 2400 ipsi

548 2417 682 2465 sunt
706 2408 1015 2467 divinorum
1042 2415 1334 2471 verborum
1370 2419 1629 2485 ministri,
1662 2430 1716 2476 et
1757 2421 2019 2479 facultate
2052 2426 2146 2481 de-

547 2510 716 2572 super
755 2513 978 2574 accepta
1030 2508 1355 2565 admiranda
1404 2524 1571 2580 opera
1615 2510 1889 2571 fecerunt.
1943 2514 2146 2572 Beatus

544 2592 692 2648 enim
718 2588 886 2651 David
915 2617 930 2652 :
964 2617 984 2650 ‹
1017 2598 1273 2669 Audiam,
1304 2602 1501 2674 inquit,
1533 2606 1663 2676 quid
1695 2606 1948 2679 loquatur
1969 2606 2022 2663 in
2058 2620 2146 2664 me

545 2681 810 2741 Dominus
836 2684 1061 2745 Deus".
1085 2708 1105 2743 ι
1144 2691 1209 2745 Et
1227 2694 1663 2765 sapientissimus
1711 2698 1800 2757 ille
1840 2698 2098 2771 Salomon
2128 2718 2144 2763 :

550 2789 572 2822 α
604 2771 807 2839 Verba,
833 2778 1032 2850 inquit,
1058 2796 1180 2838 mea
1202 2798 1230 2838 a
1250 2782 1364 2840 Deo
1387 2787 1533 2842 dicta
1554 2799 1682 2845 sunt
1705 2791 1772 2847 "".
1809 2810 1826 2844 ι
1863 2788 1929 2849 Ει
1952 2795 2146 2853 beatus

547 2862 727 2922 Moses
749 2866 925 2925 lldeiis
949 2872 1241 2930 verborum
1271 2874 1367 2932 Dei
1392 2878 1644 2937 minister
1664 2882 1786 2951 fuit,
1810 2894 1884 2951 et,
1903 2895 1962 2942 ut
1979 2887 2147 2946 semel

548 2956 750 3023 dicam,
782 2965 1161 3037 unusquisque
1193 2968 1584 3040 prophetarum
1623 2991 1730 3031 non
1762 2980 1997 3049 propriis
2035 2985 2147 3040 suis

548 3050 734 3108 verbis
763 3063 847 3110 est
875 3072 1027 3125 usus,
1055 3061 1150 3115 sed
1181 3061 1298 3118 haec
1336 3078 1553 3136 semper
1581 3066 1635 3123 in
1674 3085 1769 3126 ore
1798 3070 2139 3133 habuerunt:

2251 3068 2587 3136 ἁπαξαπλῶς
2632 3070 2863 3135 ἕκαστος
2905 3070 3015 3125 τῶν
3068 3071 3367 3145 προφητῶν
3422 3075 3483 3129 οὐ
3534 3078 3645 3140 τοῖς
3704 3075 3848 3138 ἰδίοις
3958 3148 3959 3155 γ

554 3161 575 3194 ι
607 3142 731 3201 ﬂare
769 3147 902 3204 dicit
944 3149 1226 3210 Dominus.
1257 3174 1277 3208 ι
1326 3156 1404 3214 Ex
1446 3160 1532 3217 his
1576 3159 1744 3233 igitur
1776 3165 1911 3222 satis
1952 3166 2145 3240 liquet,

549 3235 751 3292 multos
781 3239 949 3295 etiam
981 3242 1119 3300 alios
1150 3259 1461 3306 sermonem
1497 3250 1590 3308 Dei
1629 3235 2063 3330 administrasse,
2093 3271 2149 3318 et

548 3327 812 3385 miracula
843 3333 1103 3405 edidisse,
1142 3338 1402 3397 nimirum
1439 3358 1469 3399 a
1518 3344 1652 3414 Deo,
1695 3357 1757 3404 ut
1799 3349 2001 3408 dictum
2039 3327 2145 3423 est,

550 3417 812 3478 facultate
843 3434 1089 3496 accepta.
1123 3428 1330 3489 idcirco
1355 3443 1411 3490 et
1443 3433 1693 3509 discipuli
1735 3440 2048 3504 Servatoris
2079 3417 2148 3506 ad

547 3518 646 3565 eos
689 3511 783 3581 qni
815 3513 1060 3584 ipsorum
1089 3519 1233 3588 facta
1277 3525 1708 3596 admirabantur,
1739 3534 1958 3595 dicunt:
1989 3560 2008 3593 ι
2033 3539 2147 3599 Viri

548 3599 772 3696 fratres,
798 3607 929 3674 quid
956 3608 1116 3666 nobis
1137 3616 1436 3687 attenditis,
1455 3623 1607 3690 quasi
1625 3627 1843 3696 propria
1869 3628 2071 3689 virtute
2092 3642 2147 3690 et

548 3691 753 3761 pietate
780 3697 833 3752 id
859 3695 1177 3771 efﬁciamus,
1209 3716 1267 3761 ut
1293 3709 1473 3767 claudi
1501 3691 1783 3773 ambulent
1800 3718 1888 3774 τεν
1914 3740 1933 3772 ι
1957 3720 2148 3780 Liceat

549 3784 720 3854 igitur
748 3790 916 3846 etiam
947 3795 1242 3868 unicuique
1277 3802 1474 3859 horum
1510 3805 1604 3862 illo
1633 3808 1847 3868 Domini
1883 3814 2030 3873 dicto
2067 3814 2145 3874 uti

545 3885 605 3931 et
629 3877 816 3938 dicere
843 3901 859 3940 :
895 3900 916 3939 ι
948 3884 1059 3959 Εεο
1093 3889 1145 3946 in
1171 3890 1354 3961 Patre,
1379 3905 1433 3952 et
1459 3895 1621 3954 Pater
1644 3900 1697 3956 in
1728 3917 1849 3972 me;
1883 3923 1902 3958 ι
1934 3920 2059 3962 cum
2090 3916 2147 3965 et

547 3969 627 4037 hi,
661 3980 721 4028 ut
753 3986 914 4034 antea
948 3980 1154 4040 dictum
1188 3995 1294 4053 est,
1337 3987 1537 4048 divinis
1575 3993 1755 4051 verbis
1794 3969 1877 4052 usi
1920 3999 2054 4067 sint,
2089 4009 2145 4057 et

544 4074 871 4166 potestatem
912 4075 1384 4139 edendimiracnla
1420 4100 1448 4139 a
1477 4085 1585 4143 Deo
1603 4091 1937 4160 acceperint.
1963 4094 2144 4166 Atque

543 4157 620 4212 ita
648 4161 782 4216 nihil
813 4165 1076 4223 eximium
1102 4184 1168 4227 ac
1202 4173 1479 4246 singulare
1507 4180 1613 4233 erit
1650 4179 1701 4234 in
1727 4157 1886 4246 Filio,
1914 4184 2009 4241 sed
2037 4157 2143 4243 erit

541 4248 711 4306 veluti
737 4268 878 4312 unus
899 4272 967 4314 ex
988 4260 1197 4329 multis,
1226 4263 1456 4327 frustra.
1485 4277 1545 4322 ut
1567 4283 1814 4340 apparet,
1842 4288 1900 4329 se
1938 4289 2140 4335 vocans

543 4340 765 4411 Filium,
800 4346 849 4403 si
894 4351 1028 4407 nihil
1057 4356 1333 4414 excellens
1367 4359 1416 4415 ei
1462 4359 1626 4417 inest.
1673 4359 1781 4419 Sed
1812 4363 1914 4423 hoc
1945 4367 2141 4424 ahsur-

542 4434 669 4490 dum
696 4447 781 4495 est
805 4446 1136 4502 contrarium
1163 4450 1327 4520 igitur
1350 4454 1573 4510 omnino
1602 4471 1790 4513 verum
1818 4458 1946 4516 erit.

2250 1781 2523 1848 ἅπαντας,
2563 1782 2701 1853 μήτε
2736 1782 2844 1854 μὴν
2876 1781 2947 1836 τά
2973 1781 3114 1856 ἔργα
3145 1784 3256 1839 ἴδια
3295 1784 3465 1841 αὐτοῦ
3503 1778 3680 1839 εἶναι·
3714 1783 3842 1838 ἀλλὰ

2244 1873 2340 1927 τοῦ
2368 1873 2440 1928 τὰ
2469 1871 2700 1928 τοιαῦτα
2735 1872 2920 1928 λαλεῖν
2946 1874 3330 1946 ἐντειλαμένου
3360 1874 3595 1948 Πατρδς,
3626 1875 3727 1930 καὶ
3750 1874 3840 1930 τοῦ

2244 1962 2541 2030 δεδωκότος
2569 1964 2668 2038 τὴν
2706 1963 2938 2039 δύναμιν
2980 1964 3063 2031 εἰς
3093 1965 3194 2040 τὴν
3222 1965 3333 2023 τῶν
3366 1966 3549 2040 ἔργων
3595 1968 3842 2042 συμπλή-

2249 2075 2437 2130 ρωσιν.

2741 2150 2902 2222 Πρὸς
2939 2150 3127 2208 ταῦτα
3154 2154 3357 2222 λύσις.

2316 2240 2530 2298 Οὐκοῦν
2576 2242 2816 2308 ἐξέστω,
2871 2242 2996 2298 καθ’
3050 2240 3236 2316 ὑμᾶς,
3289 2239 3335 2300 ὦ
3386 2245 3699 2321 αἱρετικοὶ,
3757 2246 3846 2301 καὶ⁵

2246 2332 2466 2407 ἑκάστῳ
2498 2331 2608 2387 τῶν
2636 2334 2810 2403 ἁγίων
2837 2333 2936 2407 τὴν
2962 2333 3224 2407 τοιαύτην
3259 2335 3719 2407 ἀποφθέγγεσθαι
3748 2354 3847 2405 φω-

2243 2426 2377 2499 νήνο
2410 2426 2536 2483 ἐπεὶ
2582 2426 2678 2481 καὶ
2720 2426 2877 2481 αὐτοὶ
2914 2425 3077 2481 θείων
3126 2426 3388 2497 γεγόνασι
3424 2428 3695 2501 ῥημάτων
3739 2428 3847 2483 διά-

2244 2534 2416 2583 κονοι,
2455 2517 2638 2572 καὶτὸ
2664 2516 2928 2572 δύνασθαι
2961 2516 3227 2584 λαϐόντες
3252 2518 3482 2586 ἄνωθεν,
3521 2520 3707 2593 εργων
3748 2536 3846 2575 πα·

2248 2609 2486 2682 ραδόξων
2537 2608 2796 2679 γεγόνασι
2849 2609 3093 2683 ποιηταί.
3152 2610 3213 2667 '0
3263 2609 3365 2682 μὲν
3409 2611 3521 2684 γὰρ
3573 2613 3846 2685 μακάριος
3958 2612 3959 2619 η

2245 2700 2445 2768 Δαὸὶδ,
2482 2720 2501 2753 ι
2543 2702 2898 2774 ’Λκούσομαι,
2932 2701 3090 2773 φησὶ,
3117 2702 3171 2755 τί
3201 2702 3429 2774 λαλήσει
3471 2705 3530 2757 ἐν
3572 2705 3703 2774 ἐμοὶ
3743 2702 3849 2756 Κύ-

2250 2809 2365 2863 ριος
2389 2794 2418 2846 ὁ
2448 2791 2603 2859 Θεός.
2632 2810 2652 2845 ι
2705 2788 2758 2847 ’0
2785 2792 2843 2847 δὲ
2879 2792 3194 2864 σοφώτατος
3236 2790 3492 2868 Σολομὼν
3513 2813 3528 2828 ·
3568 2815 3588 2849 r
3619 2798 3684 2850 Οἱ
3732 2796 3847 2869 ἐμοὶ

2245 2880 2393 2953 λόγοι
2440 2884 2688 2956 εἴρηνται
2732 2884 2839 2939 ὑπὸ
2870 2885 3029 2940 Θεοῦ.
3055 2904 3076 2938 ι
3110 2887 3225 2940 Καὶ
3255 2887 3465 2959 Μωσῆς
3498 2891 3529 2942 ὁ
3577 2890 3847 2961 μακάριος

2246 2975 2357 3030 τῶν
2383 2975 2479 3030 τοῦ
2521 2976 2657 3031 Θεοῦ
2687 2977 2950 3049 ῥημάτων
2989 2980 3182 3044 πιστὸς
3211 2980 3406 3050 γέγονε
3448 2981 3725 3049 διάκονος,
3759 2981 3847 3037 καὶ

2252 3163 2519 3234 ἐκέχρητο
2548 3161 2749 3232 λόγοις,
2790 3163 2948 3229 ἀλλὰ,
2985 3183 3004 3216 r
3033 3163 3172 3220 Τάδε
3200 3165 3348 3238 λέγει
3384 3166 3610 3238 Κύριος,
3642 3188 3661 3221 ι
3709 3164 3846 3238 εἶχεν

2248 3255 2343 3309 ἐπὶ
2371 3254 2622 3326 γλώττης
2652 3255 2757 3310 ἀεί.
2788 3257 2946 3310 Ἔστι
2981 3258 3080 3329 μὲν
3117 3252 3211 3313 οῦν
3235 3261 3300 3314 ἐκ
3338 3260 3547 3314 τούτων
3577 3261 3731 3327 ἰδεῖν,
3770 3262 3847 3314 ὅτι

2249 3348 2345 3402 καὶ
2374 3347 2561 3403 πολλοί
2587 3366 2731 3415 τινες
2758 3348 2938 3421 ἕτεροι
2985 3351 3113 3415 τοὺς
3147 3353 3300 3425 παρὰ
3338 3352 3475 3408 Θεοῦ
3519 3354 3847 3427 διακονησά-

2251 3454 2405 3514 μενοι
2432 3443 2713 3514 φαίνονται
2756 3442 2983 3510 λόγους*
3008 3444 3328 3516 εἰργάζοντο
3359 3447 3416 3500 δὲ
3449 3447 3736 3520 παράδοξα
3761 3446 3848 3501 καὶ

2248 3534 2423 3601 αὐτοὶ,
2463 3535 2614 3607 παρὰ
2646 3534 2783 3590 Θεοῦ
2812 3536 2891 3602 δὲ,
2931 3536 3187 3609 καθάπερ
3219 3539 3467 3611 εἴρηται,
3500 3537 3763 3605 λαὸόντες
3790 3538 3846 3592 τὸ

2246 3626 2526 3683 δύνασθαι.
2565 3628 2678 3683 Καὶ
2718 3627 2850 3699 γοῦν
2884 3631 2933 3683 οί
2971 3628 3067 3683 τοῦ
3100 3631 3354 3703 Σωτῆρος
3400 3631 3647 3704 μαθηταὶ
3716 3631 3847 3704 πρὸς

2244 3723 2375 3787 τοὺς
2424 3721 2917 3794 ἀποθαυμάζοντας
2951 3725 3022 3780 τά
3063 3726 3197 3797 παρ’
3240 3723 3419 3779 αὐτῶν
3449 3723 3720 3796 γινόμενα
3764 3723 3847 3777 λέ-

2244 3832 2435 3885 γουσιν
2459 3832 2472 3847 ’
2509 3835 2529 3868 ι
2560 3815 2789 3888 ’Ἄνδρες
2829 3817 3082 3891 ἀδελφοὶ,
3126 3818 3182 3872 τί
3222 3819 3359 3891 ἡμῖν
3417 3815 3727 3890 προσέχετε
3775 3815 3847 3879 ὡς
3957 3798 3959 3823 ἲ

2252 3910 2360 3982 ἰδία
2398 3910 2626 3983 δυνάμει
2675 3910 2770 3966 καὶ
2811 3912 3069 3985 εὐσεϐείᾳ
3109 3909 3564 3983 πεποιηκόσιτοῦ
3602 3926 3846 3983 περιπα-

2247 4005 2360 4057 τεῖν
2405 4002 2501 4057 τὸν
2550 4002 2784 4075 χωλόν.»
2841 4003 3078 4072 Ἐξέστω
3134 4002 3427 4075 τοιγαροῦν
3470 4003 3568 4056 καὶ
3626 4001 3847 4071 ἑκάστῳ

2242 4094 2454 4148 τούτων
2493 4096 2560 4167 τῇ
2595 4095 2692 4149 τοῦ
2723 4094 2934 4169 Κυρίου
2968 4096 3278 4169 κεχρῆσθαι
3309 4092 3594 4167 φωνῇ’καὶ
3632 4094 3844 4162 λέγειν’

2247 4206 2268 4239 ι
2309 4187 2455 4259 Ἐγὼ
2497 4190 2557 4242 ὲν
2585 4188 2663 4261 τῷ
2688 4188 2886 4262 Πατρὶ,
2913 4192 3007 4245 καὶ
3037 4191 3066 4244 ό
3099 4191 3293 4262 Πατὴρ
3324 4190 3381 4243 ὲν
3410 4187 3534 4259 ἐμοί
3552 4203 3566 4217 ·
3599 4205 3617 4240 ι
3654 4184 3846 4256 ἐπειδὴ

2242 4283 2342 4337 καὶ
2380 4280 2583 4348 αὐτῶν,
2633 4281 2889 4355 καθάπερ
2923 4283 3027 4356 ἤδη
3078 4283 3430 4359 προείρηται,
3469 4281 3710 4345 ἕκαστος
3753 4278 3847 4333 καὶ

2240 4373 2421 4445 λόγοις
2446 4374 2723 4448 ἐχρήσατο
2751 4373 2941 4441 θείοις,
2968 4374 3067 4431 καὶ
3093 4374 3355 4447 δυνάμεις
3386 4374 3662 4445 πεποίηκε
3694 4369 3850 4444 παρὰ

2166 4455 2213 4514 D
2238 4464 2375 4521 Θεοῦ
2403 4464 2464 4521 τὸ
2490 4466 2752 4522 δύνασθαι
2781 4466 2986 4524 λαϐών.
3024 4468 3137 4523 Καὶ
3163 4464 3341 4532 οὕτως
3369 4464 3524 4521 οὐδὲν
3561 4462 3847 4535 ἐξαξρετον

545 4530 607 4635 iv
644 4530 949 4635 Υίῷξάλλὰ
982 4537 1135 4595 ἔσται
1173 4545 1270 4598 καὶ
1303 4544 1465 4612 αὐτὸς
1538 4547 1648 4602 τῶν
1683 4550 1903 4608 πάντων
1961 4551 2066 4620 εἷς,
2105 4557 2306 4632 μάτην,
2336 4559 2413 4625 ὡς
2479 4560 2626 4616 ἔοικε
2692 4560 3056 4635 χρηματίζων
3096 4560 3248 4629 Υἱὸς,
3276 4530 3330 4619 εί
3375 4559 3438 4615 τὸ
3469 4530 3728 4631 περιττὸν
3758 4555 3849 4613 οὐ·

539 4620 629 4677 δὲν
653 4623 713 4680 ὲν
741 4622 911 4700 αὐτῷ.
944 4628 1105 4690 Ἀλλᾶ
1132 4632 1290 4689 τοῦτο
1334 4636 1558 4704 ἄτοπον,
1584 4639 1850 4713 κρατήσει
1897 4620 2119 4712 πάντως
2143 4646 2205 4701 τὸ
2238 4620 2447 4722 ἓτερον.

1127 4749 1290 4823 109
1327 4750 1560 4811 ALIUD.

610 4852 669 4910 Si
708 4859 963 4917 onmibus
989 4863 1200 4920 sanctis
1227 4872 1393 4936 atque
1424 4867 1565 4925 adeo
1592 4869 1767 4926 cuivis
1798 4870 1956 4929 alteri
1983 4888 2139 4931 crea-
2192 4900 2203 4910 ι

540 4954 650 5003 tam
672 4961 921 5009 naturam
947 4955 1167 5013 habenti
1191 4957 1441 5015 licuisset
1454 4960 1638 5019 dicere
1660 4981 1675 5019 :
1702 4981 1724 5017 ι
1744 4963 1857 5036 Ego
1873 4965 1926 5021 in
1952 4965 2131 5037 Patre,

539 5048 594 5092 et
624 5038 791 5099 Pater
806 5044 859 5101 in
888 5061 978 5103 me
995 5047 1064 5114 ⁷⁸,
1088 5066 1107 5100 ι
1129 5057 1281 5105 certe
1301 5048 1564 5108 Senator
1584 5052 1691 5111 hoc
1717 5070 1826 5128 non
1851 5056 2130 5129 ignorans,

539 5131 585 5186 si
621 5146 808 5190 verum
838 5145 981 5201 erat,
1005 5137 1275 5195 dixisset:
1309 5139 1421 5212 Ego
1458 5157 1679 5215 quoque
1706 5146 1760 5202 in
1793 5146 1957 5205 Patre
1981 5165 2127 5219 sum,

540 5227 595 5276 ut
620 5220 783 5281 Pater
806 5242 1027 5299 quoque
1044 5228 1104 5285 in
1133 5245 1218 5286 me
1245 5241 1353 5299 est,
1378 5243 1443 5289 ut
1460 5235 1765 5296 declararet
1784 5240 1955 5312 quod,
1984 5243 2132 5300 sicut

2934 4768 3139 4824 AAAU.

2314 4879 2379 4934 Ei
2410 4880 2577 4934 πᾶσιν
2616 4879 2747 4952 ἐξῆν
2778 4881 2892 4945 τοῖς
2935 4879 3116 4949 ἁγίοις
3142 4878 3178 4951 ἢ
3209 4878 3308 4934 καὶ
3334 4877 3474 4944 ὅλως
3516 4877 3693 4951 ἑτέρῳ
3742 4877 3849 4934 τινὶ

2242 4968 2470 5043 κτιστὴν
2516 4968 2697 5042 έχοντι
2749 4969 2851 5042 τὴν
2906 4969 3074 5039 φύσιν
3135 4969 3347 5035 εἰπεῖν,
3385 4987 3405 5023 ι
3445 4968 3592 5039 Ἐγὼ
3646 4970 3711 5024 ὲν
3765 4968 3849 5041 τῷ

2241 5060 2448 5134 [luit-pi,
2490 5064 2587 5120 καὶ
2625 5065 2656 5117 ὁ
2688 5061 2879 5134 Πατὴρ
2916 5063 2977 5116 ὲν
3014 5062 3169 5134 ἐμοὶ,
3199 5080 3220 5113 ι
3256 5058 3413 5117 εἶπεν
3442 5061 3512 5116 ἂν
3552 5064 3582 5116 ὁ
3617 5061 3850 5117 ἐπιστά-

2245 5170 2406 5225 μενος
2453 5137 2613 5209 τοῦτο
2644 5153 2860 5225 Σωτὴρ,
2905 5152 3066 5226 εἴπερ
3091 5148 3163 5226 ἦν
3194 5153 3397 5225 ἀληθές
3418 5170 3432 5185 ·
3463 5152 3639 5223 Κάγὼ
3666 5155 3732 5208 ὲν
3766 5152 3849 5226 τῷ

2237 5245 2433 5319 Πατρὶ,
2466 5248 2564 5301 καὶ
2587 5250 2616 5301 ὁ
2643 5247 2919 5318 nutasse
2951 5248 3010 5301 ὲν
3054 5247 3181 5314 ἐμοί
3221 5248 3404 5302 ἆστινο
3441 5247 3532 5301 ἴνα
3577 5245 3847 5317 φαίνηται

542 5316 702 5373 Pater
725 5318 779 5374 in
799 5318 922 5376 aliis
937 5328 1043 5385 est,
1075 5321 1149 5376 ita
1171 5321 1337 5379 etiam
1363 5325 1419 5381 in
1445 5341 1533 5383 me
1557 5346 1573 5383 :
1597 5338 1653 5385 et
1670 5333 2129 5398 quemadmodum

2251 5316 2524 5405 ῑιδάσκων,
2549 5340 2631 5394 ὅτι
2661 5316 2918 5412 καθάπερ
2943 5341 3001 5395 ιν
3038 5340 3248 5414 ἑτέροις
3276 5342 3449 5405 ἐστὶν,
3482 5340 3625 5394 οὕτω
3783 5339 3845 5392 έν

537 5409 630 5465 alii
677 5409 732 5466 in
765 5409 932 5468 Patre
973 5420 1124 5480 sunt,
1154 5416 1230 5471 ita
1257 5426 1316 5473 et
1352 5430 1473 5490 ego.
1508 5420 1663 5478 Nunc
1695 5438 1827 5481 vero
1854 5427 2127 5483 neminem

537 5501 774 5559 aliorum
820 5504 926 5561 sibi
972 5507 1273 5577 asciscens,
1329 5513 1427 5568 sed
1479 5513 1585 5570 sibi
1637 5515 1738 5571 soli
1791 5517 1899 5574 hoc
1948 5518 2129 5577 inesse

533 5595 740 5662 sciens,
771 5595 901 5666 quia
945 5596 1200 5659 nimiunn
1246 5619 1313 5661 ex
1359 5605 1475 5674 ipsa
1520 5603 1701 5665 Patris
1731 5609 1973 5665 essentia
2018 5618 2127 5677 est,

2231 5429 2391 5501 ὶμοί·
2420 5428 2518 5484 καὶ
2555 5428 2748 5503 ὥσπερ
2793 5430 2945 5486 ἄλλοι
2987 5431 3135 5495 τινες
3181 5433 3240 5488 ἐν
3278 5431 3430 5503 αὐτῷ
3480 5432 3641 5494 εἰσιν,
3691 5428 3846 5483 οὕτω

2236 5519 2412 5589 κάγώ.
2451 5521 2588 5575 Νυνὶ
2614 5521 2674 5575 δὲ
2704 5522 3030 5595 προσλαὸὼν
3063 5522 3257 5579 οὐδένα
3287 5523 3398 5580 τῶν
3421 5522 3621 5585 ἄλλων,
3649 5517 3845 5590 ἑαυτῷ

2233 5609 2293 5666 δὲ
2340 5611 2489 5683 μόνῳ
2531 5612 2736 5685 προσὸν
2780 5613 3150 5701 ἐπιστάμενος
3180 5614 3342 5671 τοῦτο
3413 5613 3503 5669 διὰ
3532 5612 3595 5669 τὺ
3622 5612 3690 5665 ἐκ
3732 5609 3845 5681 τῆς

604 5770 655 5804 "
686 5773 1077 5850 Psalmxxxw,
1102 5782 1154 5839 9.
1234 5786 1277 5816 "
1314 5781 1474 5842 Prov.
1504 5799 1564 5853 ιι,
1605 5786 1648 5838 ι.
1727 5787 1775 5819 ⁷⁸
1814 5787 1928 5842 Act.
1958 5803 2039 5854 lli,
2090 5787 2144 5843 li

2251 5789 2293 5821 7°
2334 5786 2490 5846 Joau.
2532 5805 2638 5856 xn',
2682 5791 2763 5845 ll.
