3996 6478
236 403 317 456 iSl
1675 404 2051 470 THESAURU
2061 412 2120 475 S.

3427 418 3532 474 182

227 516 406 579 οὐσίας
434 512 582 571 εἶναι
614 514 714 572 τοῦ
743 519 984 592 Πατρὺς,
1027 520 1168 593 μετὰ
1195 520 1396 592 πολλῆς
1420 537 1565 588 τινος
1593 519 1695 591 τῆς
1722 523 1836 580 ἐπι-

1960 526 2334 601 :ircumspecte
2359 529 2498 592 dixit
2523 548 2538 588 :
2568 549 2587 586 ι
2609 531 2722 604 Ego
2751 533 2802 589 in
2828 533 3010 602 Patre,
3035 543 3090 590 et
3115 532 3272 590 Pater
3299 533 3480 588 inme.
3505 551 3526 585 ι

229 614 527 681 τηρήσεως,
563 630 585 664 ι
626 612 799 682 Ἐγὼ,
827 615 1016 686 φησὶν,
1045 616 1104 669 ὲν
1137 614 1213 685 τῷ
1243 617 1441 688 Πατρὶ,
1473 615 1618 668 καὶὸ
1646 615 1836 686 Πατὴρ

237 703 289 754 ἒν
325 701 456 771 ἐμοί.
489 721 510 754 ›
558 704 684 757 Οὐκ
737 705 851 776 ἄρα
907 706 1089 760 κοινὸν
1141 706 1253 778 ἔχει
1314 706 1454 778 μετὰ
1513 703 1730 762 πάντων
1776 705 1838 764 τὸ

244 795 449 864 ἀξίωμα,
478 794 609 848 ἀλλ’
637 796 848 861 ἰδιάζον
873 798 970 852 καὶ
1004 799 1283 874 ἐξαίρετον
1310 798 1386 863 ὡς
1429 799 1582 866 Υἱὸς,
1618 797 1711 851 καὶ
1739 796 1840 851 Λό-

241 903 338 953 γος,
367 887 457 938 καὶ
495 886 667 951 Θεός.

237 977 416 1043 MAG,
444 977 772 1036 διδάσκον
799 983 1113 1123 damasng
1147 983 1312 1038 νοεῖν
1338 983 1406 1039 τὸ
1441 982 1842 1054 προκείμενον

991 1073 1066 1123 ητ
1107 1072 1162 1110 r.

991 1072 1162 1126 ητον.

305 1143 359 1197 '0
390 1145 527 1210 Υἱὸς
572 1147 641 1200 ὲν
681 1147 766 1219 τῷ
801 1148 1014 1219 Πατρὶ,
1069 1148 1165 1201 καὶ
1205 1148 1232 1201 6
1267 1147 1454 1220 Πατὴρ
1505 1147 1564 1201 ὲν
1601 1143 1681 1217 τῷ
1726 1144 1842 1216 Υίῷ

233 1234 548 1306 νοηθήσεται
605 1237 761 1292 κατά
813 1238 1009 1292 τοῦτον
1055 1237 1148 1292 τὸν
1193 1238 1414 1310 τρόπον.
1457 1238 1553 1291 Ἐκ
1599 1236 1701 1306 τῆς
1746 1234 1842 1289 τοῦ

233 1326 433 1397 [ἰατρὸς
465 1329 676 1395 οὐσίας
705 1330 990 1402 προῆλθεν
1017 1333 1046 1385 6
1078 1329 1227 1396 Υἱδς,
1255 1331 1316 1383 οὐ
1347 1329 1602 1398 καθάπερ
1631 1327 1699 1382 τὰ
1737 1326 1846 1382 κτί-

227 1435 401 1489 σματα
421 1420 489 1474 ἐκ
511 1422 612 1476 τοῦ
637 1423 718 1494 μὴ
740 1424 900 1486 ὖντος
915 1425 997 1487 είς
1011 1424 1072 1478 τὸ
1093 1417 1232 1476 εἶναι
1260 1420 1566 1493 παρελθὼν,
1585 1421 1617 1492 ἦ
1644 1419 1845 1487 ἔξωθέν

229 1510 378 1565 ποθεν
404 1513 512 1582 τὴν
539 1514 642 1568 τοῦ
673 1511 822 1569 εἶναι
853 1515 1118 1571 σύστασιν
1143 1514 1303 1586 ἔχων,
1328 1513 1443 1567 ἀλλ’
1469 1511 1587 1566 ἐστι
1615 1513 1713 1584 τῆς
1746 1511 1843 1566 τοῦ

234 1607 588 1675 γεννήσαντος
635 1607 837 1670 οὐσίας
881 1607 943 1662 τὸ
983 1609 1138 1662 εδιονο
1191 1606 1379 1680 ὥσπερ
1419 1600 1514 1661 οὖν
1555 1607 1621 1660 ἐκ
1668 1606 1846 1676 φωτός

235 1697 590 1769 ἀπαύγασμα,
621 1699 658 1770 ἣ
695 1701 794 1753 καὶ
837 1701 946 1754 ἀπό
978 1717 1127 1762 τινος
1168 1700 1351 1770 πηγῆς
1390 1697 1632 1754 ἐκϐαίνει
1678 1713 1848 1751 ποτα-

240 1788 346 1856 μός.
373 1791 570 1845 Ἔστιν
593 1787 696 1845 οὖν
719 1793 840 1855 τοῖς
863 1791 1037 1864 ὁρῶσι
1066 1792 1159 1846 τὸν
1188 1791 1340 1856 Υίδν,
1373 1790 1472 1863 τὴν
1501 1789 1598 1844 τοῦ
1630 1790 1847 1860 Πατρδς

1941 616 2059 676 Non
2106 620 2273 691 igitur
2306 638 2651 684 communem
2699 626 2845 684 illam
2897 628 3061 686 habet
3112 643 3234 682 cum
3279 624 3532 681 omnibus

1942 711 2282 782 dignitatem,
2317 717 2411 770 sed
2443 718 2720 788 propriam
2755 719 2860 776 sibi
2906 735 2970 776 ac
3000 719 3329 790 peculiarem
3364 727 3422 773 ιιι
3441 717 3532 772 Fi-

1941 801 2066 870 lius,
2097 816 2152 861 et
2179 805 2435 876 Verbum,
2474 819 2527 865 et
2553 811 2717 869 Deus.

1943 983 2178 1053 ALIUD,
2231 989 2422 1042 docens
2470 1003 2573 1062 quo
2603 987 3009 1062 pactordictu‘m
3049 987 3196 1043 istud
3244 984 3532 1062 prcefatum

2485 1057 2882 1127 intelligendum
2913 1060 3001 1114 sit.

2013 1146 2184 1204 Filius
2218 1149 2273 1204 in
2305 1148 2486 1216 Patre,
2519 1157 2574 1204 et
2600 1147 2764 1205 Pater
2787 1149 2840 1204 in
2873 1149 3012 1206 Filio
3039 1163 3161 1206 esse
3195 1147 3298 1204 hac
3323 1146 3536 1202 ratione

1945 1241 2283 1313 intelligitur.
2313 1241 2482 1298 Filius
2506 1259 2572 1299 ex
2605 1242 2844 1299 essentia
2869 1241 3048 1297 Patris
3086 1239 3377 1311 processit,
3403 1251 3531 1300 non,

1944 1334 2402 1404 quemadmodum
2439 1345 2726 1400 creatum,
2759 1349 2825 1390 ex
2855 1349 2962 1390 non
2993 1347 3117 1390 esse
3155 1332 3224 1386 ad
3259 1344 3379 1385 esse
3423 1339 3534 1383 tra-

1945 1429 2163 1495 ductus,
2206 1437 2303 1482 aut
2340 1428 2681 1484 extrinsecus
2730 1427 3096 1491 substitutus;
3146 1425 3241 1480 sed
3292 1432 3377 1478 est
3417 1422 3537 1492 ipsa

1945 1520 2194 1576 essentiae
2211 1518 2390 1576 Patris
2416 1521 2740 1590 proprietas,
2778 1520 2920 1577 sicut
2937 1535 3003 1575 ex
3027 1519 3234 1573 lumine
3256 1515 3535 1586 splendor,

1945 1617 2038 1664 aut
2062 1625 2130 1664 ex
2159 1609 2343 1679 aliquo
2379 1609 2526 1666 fonte
2571 1609 2768 1665 ﬂumen
2818 1622 3128 1680 promanat.
3175 1606 3329 1662 Licet
3373 1605 3540 1676 igitur

1948 1704 2015 1759 iis
2040 1704 2133 1773 qui
2182 1703 2376 1759 Filium
2409 1704 2614 1771 vident,
2653 1704 2830 1761 Patris
2877 1703 3169 1777 essentiam
3217 1688 3450 1763 intueri,
3485 1704 3542 1752 et

1949 1795 2210 1866 genitoris
2230 1796 2616 1866 proprietatem
2641 1811 2706 1852 ex
2728 1797 2836 1852 hoc
2857 1808 3206 1868 cognoscere.
3227 1791 3364 1860 Quia
3393 1789 3539 1848 enim

239 1880 412 1935 ὠσίαν
436 1883 596 1954 ὂρᾷν,
629 1885 731 1938 καὶ
759 1883 824 1938 τὺ
847 1884 946 1938 τοῦ
973 1886 1338 1956 γεννήσαντος
1365 1883 1498 1938 ῐδιον
1523 1883 1632 1938 ἀπὸ
1659 1881 1850 1936 τούτου

1960 1887 2270 1942 universum
2306 1903 2431 1944 esse
2455 1887 2576 1942 Filii
2600 1903 2665 1943 ex
2695 1887 2932 1943 essentia
2967 1886 3149 1941 Patris
3184 1883 3449 1955 procedit,
3479 1896 3540 1937 ea

243 1975 632 2046 νιεῖν.’οτιπερ
667 1977 866 2048 ἐπειδὴ
895 1975 1123 2048 σύμπαν
1149 1977 1210 2031 τὸ
1228 1971 1369 2031 εἶναι
1386 1977 1479 2031 τοῦ
1506 1975 1638 2030 Υἱοῦ
1663 1977 1727 2029 ὲκ
1751 1975 1851 2043 τῆς

254 2065 339 2118 τοῦ
377 2069 586 2139 Πατρδς
613 2070 809 2134 οὐσίας
852 2070 1127 2141 πρόεισιν,
1156 2069 1331 2135 οὕτως
1358 2070 1510 2123 ἐστὶν
1559 2071 1616 2122 ὲν
1649 2067 1848 2138 Πατρὶ,

259 2158 348 2211 καὶ
381 2161 544 2214 πάλιν
571 2165 631 2216 ὲκ
659 2163 772 2216 τῶν
808 2163 1098 2228 ἐναντίων,
1125 2165 1154 2217 6
1191 2163 1385 2234 Πατήρ
1416 2164 1565 2216 ἐστιν
1607 2163 1664 2216 ὲν
1711 2161 1849 2232 Υἱῷ,

252 2252 542 2324 ὲπειδήξρ
583 2256 724 2326 ὅπερ
756 2257 914 2310 ἐστὶν
945 2255 1110 2320 αὐτὸς
1157 2255 1347 2326 φύσει,
1396 2255 1557 2309 τοῦτο
1600 2254 1695 2308 καὶ¹
1736 2255 1765 2307 6
1793 2253 1852 2319 ἐξ

241 2344 398 2397 αὐτοῦ
427 2346 720 2418 προελθὼν
747 2348 890 2412 Θεὸς
931 2348 1130 2418 Λόγος.
1175 2349 1431 2402 Φαίνεται
1460 2349 1517 2402 δὲ
1565 2348 1660 2402 καὶ
1705 2347 1861 2401 ἐστιν

234 2433 290 2484 ἐν
317 2434 448 2505 Υῐῷ,
479 2434 683 2508 ὥσπερ
709 2432 808 2491 οὖν
846 2437 945 2492 καὶ
971 2439 1030 2490 ὲν
1062 2435 1140 2508 τῷ
1171 2437 1302 2508 παρ’
1329 2435 1497 2491 αὑτοῦ
1533 2436 1851 2508 προελθόντι

236 2526 627 2597 ἁιταυγάσματι
658 2530 690 2583 ὁ
722 2530 916 2600 ἥλιος,
961 2529 1057 2585 καὶ
1102 2530 1166 2583 ὲν
1198 2529 1278 2599 τῷ
1321 2529 1468 2600 λόγῳ
1494 2530 1523 2584 6
1567 2527 1723 2592 νοῦς,
1759 2525 1854 2582 καὶ

240 2618 293 2672 ὲν
325 2619 400 2688 τῷ
426 2621 671 2692 ποταμῷ
713 2623 749 2692 ὴ
781 2621 978 2678 τοῦτον
1006 2620 1385 2687 ἀναόλύζουσα
1433 2621 1609 2691 πηγή.
1641 2619 1714 2674 Τὸ
1744 2618 1855 2689 γὰρ

237 2709 357 2764 ἔδεον
393 2712 490 2782 τῆς
525 2712 626 2768 τοῦ
682 2713 909 2783 Harrpr
955 2714 1145 2778 οὐσίας
1186 2716 1244 2768 ὲν
1278 2713 1396 2784 Υίῷ
1436 2712 1712 2784 κείμενον,
1755 2712 1854 2766 καὶ

227 2802 320 2873 τῆς
359 2804 668 2876 θεότητος,
717 2806 788 2859 ἶν’
842 2806 1018 2870 οὕτως
1073 2806 1236 2870 εἴπω,
1310 2806 1374 2860 τὸ
1421 2801 1562 2870 εἶδος
1617 2805 1854 2859 δεικνύει

227 2898 386 2950 πᾶσιν
408 2899 586 2952 αὑτὸν
617 2901 680 2952 ὲν
709 2899 887 2969 αὐτῷ.
933 2900 1300 2970 Ἐπιτηρῆσαι
1329 2899 1388 2952 δὲ
1416 2897 1524 2969 χρὴ
1557 2896 1652 2951 καὶ
1685 2897 1856 2965 ἀναγ-

226 2991 390 3057 καίως
438 2993 652 3048 εἰδέναι
701 2995 901 3064 ὅτιπερ
941 2993 1004 3046 ού
1072 2995 1174 3064 τῆς
1220 2990 1502 3062 τυχούσης
1537 2991 1857 3060 οἰκονομίας

226 3081 380 3135 ἓνεκα
415 3082 523 3154 τὴν
573 3082 848 3152 τοιαύτην
874 3085 902 3137 6
932 3084 1128 3155 Σωτὴρ
1168 3083 1362 3156 εἴρηκε
1393 3083 1600 3154 φωνήν.
1637 3081 1855 3152 Ἐπειδὴ

227 3174 327 3242 γὰρ
371 3175 479 3244 τὴν
533 3175 864 3245 ταυτότητα
911 3175 1014 3243 τῆς
1057 3175 1276 3244 φύσεως
1309 3174 1378 3245 ἢν
1426 3174 1538 3244 ἔχει
1578 3173 1718 3246 πρὸς
1761 3172 1856 3226 τὸν

1953 1979 2165 2036 ratione
2179 1980 2328 2036 estin
2359 1979 2542 2048 Patre,
2564 1988 2618 2036 et
2640 1995 2671 2035 e
2693 1979 2970 2036 contrario
3006 1976 3171 2034 Pater
3201 1985 3284 2033 est
3306 1976 3358 2030 in
3384 1973 3542 2040 Filio,

1955 2073 2221 2144 siquidem
2263 2072 2316 2128 id
2362 2073 2505 2143 quod
2554 2073 2669 2143 ipse
2721 2082 2806 2128 est
2850 2081 3061 2135 natura,
3107 2071 3214 2126 hoc
3258 2068 3424 2125 etiam
3458 2075 3546 2123 est

1955 2168 2100 2222 Deus
2117 2164 2355 2220 Verbum
2373 2181 2439 2220 ex
2461 2166 2578 2235 ipso
2595 2166 2916 2236 procedens.
2936 2165 3174 2235 Apparet
3196 2170 3376 2216 autem
3393 2164 3547 2215 etest

1953 2258 2009 2313 in
2035 2257 2174 2314 Filio
2205 2259 2658 2329 Quemadmodum
2685 2260 2766 2314 sol
2797 2258 2852 2313 in
2878 2256 3167 2328 splendore
3200 2269 3362 2326 quem
3395 2251 3548 2308 emit-

1958 2350 2026 2406 tit
2053 2363 2119 2404 ex
2141 2364 2222 2414 se,
2253 2361 2308 2406 et
2333 2351 2478 2406 sicut
2506 2366 2659 2406 mens
2679 2350 2733 2405 in
2762 2359 3119 2416 sermone,et
3149 2347 3272 2402 fons
3303 2347 3356 2401 in
3383 2343 3544 2400 ﬂuvio

1955 2442 2046 2512 qui
2075 2457 2144 2498 ex
2171 2457 2231 2497 se
2253 2451 2560 2511 promanat.
2586 2441 2902 2514 Proprietas
2923 2443 3069 2498 enim
3091 2440 3346 2496 essentia;
3368 2439 3547 2494 Patris

1958 2536 2010 2590 in
2055 2535 2195 2592 Filio
2237 2536 2364 2601 sita,
2408 2546 2467 2591 et
2497 2535 2822 2602 divinitatis,
2859 2544 2918 2591 ut
2967 2535 3042 2591 ita
3076 2535 3278 2600 dicam,
3311 2531 3545 2602 species,

1958 2628 2132 2697 ipsum
2153 2629 2204 2687 in
2225 2642 2291 2683 eo
2317 2641 2440 2684 esse
2461 2629 2715 2684 omnibus
2737 2628 2998 2684 ostendit.
3023 2625 3432 2683 Observandum
3451 2638 3550 2676 au-

1957 2728 2065 2775 tem
2083 2729 2188 2784 est,
2206 2727 2258 2774 et
2284 2720 2592 2776 necessario
2619 2721 2926 2787 sciendum,
2952 2735 3061 2774 non
3084 2716 3290 2788 vulgari
3321 2712 3550 2769 consilio

1958 2822 2122 2883 atque
2160 2813 2572 2883 dispensatione
2613 2813 2754 2868 hanc
2787 2826 2978 2867 vocem
3013 2826 3042 2864 a
3091 2809 3384 2865 Servatore
3423 2819 3550 2875 pro-

1955 2905 2119 2964 latam
2154 2905 2344 2962 fuisse.
2377 2904 2512 2961 Cum
2553 2905 2723 2972 enim,
2767 2904 3106 2961 identitatem
3149 2910 3357 2956 natura:
3387 2911 3550 2968 quam

1958 2999 2268 3055 habetcum
2302 2997 2466 3054 Patre
2499 2999 2786 3054 ostemlere
2825 2997 3033 3062 volens,
3083 2993 3263 3051 dixit:
3298 3010 3317 3045 ι
3353 2991 3552 3061 Εεοει

1957 3090 2121 3146 Pater
2154 3106 2321 3145 unum
2354 3106 2569 3155 sumus,
2603 3109 2622 3138 ι
2655 3104 2722 3144 ne
2771 3089 2893 3159 quis
2925 3087 3170 3142 eumdem
3217 3097 3338 3140 esse
3375 3081 3554 3151 suspi-

1963 3193 2180 3240 caretur
2208 3183 2450 3249 Patrem,
2484 3191 2540 3238 et
2562 3181 2781 3249 Filium,
2818 3179 2948 3236 solis
2981 3186 3186 3233 tantum
3220 3173 3550 3235 nominibus,

231 3267 595 3339 γει-νήσαντα,
629 3267 809 3332 δεῖξαι
863 3265 1175 3338 βουληθεὶς,
1225 3260 1380 3320 εἶπεν
1402 3305 1418 3330 ,
1452 3284 1473 3318 t
1514 3265 1658 3331 Ἐγὼ
1700 3264 1795 3317 καὶ
1827 3265 1855 3318 6

1966 3293 2074 3332 non
2104 3277 2380 3348 bypostasi
2416 3276 2469 3330 in
2491 3274 2814 3331 dualitatem
2849 3284 3209 3343 personarum
3244 3266 3551 3322 distinctos:

231 3361 410 3430 Πατὴρ
437 3361 501 3414 ’έν
529 3363 740 3430 ἐσμεν,
764 3381 785 3412 ι
814 3361 903 3415 ἵνα
939 3361 1012 3431 μή
1045 3377 1129 3422 τις
1152 3359 1244 3412 τὸν
1276 3357 1442 3412 αὐτὸν
1470 3353 1608 3410 εἶναι
1638 3355 1858 3427 Πατέρα

232 3451 316 3501 καὶ
345 3451 482 3504 Υἱδν
515 3450 821 3523 ὑπολάϐῃ,
875 3451 1060 3520 μόνοις
1098 3449 1331 3520 ὀνόμασι
1379 3446 1858 3517 διαστελλομένους

232 3541 303 3604 εἰς
328 3542 504 3596 δυάδα
522 3584 537 3608 ,
573 3541 752 3604 ὄντας
783 3540 843 3593 δὲ
872 3542 974 3611 οὐχ
1001 3539 1176 3603 οὕτως
1220 3541 1279 3600 ὲν
1324 3538 1623 3593 ὑποστάσει
1642 3578 1668 3603 ,.
1689 3538 1859 3608 ἀναγ-

231 3631 392 3695 καίως
444 3631 916 3703 ἐπεξηγούμενος
959 3634 1110 3704 ὅπερ·
1137 3631 1352 3702 εἴρηκε,
1379 3631 1475 3684 καὶ
1511 3629 1863 3700 σαφέστερον-

226 3727 334 3787 τοίς
359 3725 766 3796 ἀκροωμένοις
789 3725 924 3778 αὐτὸ
951 3723 1249 3790 καθιστῶν,
1274 3722 1528 3794 ἐπιφέρει
1559 3722 1641 3787 τὺ,
1674 3740 1692 3774 ι
1715 3719 1858 3790 Ἐγὼ

222 3816 281 3868 ὲν
316 3815 398 3886 τῷ
439 3817 666 3888 Πατρὶ,
715 3817 817 3869 καὶ
846 3817 876 3869 6
909 3816 1102 3888 Πατὴρ
1146 3817 1206 3869 έν
1253 3815 1398 3886 ἐμοὶ,
1427 3833 1446 3866 ι
1487 3813 1575 3867 ἵνα
1619 3811 1708 3867 διὰ
1757 3812 1857 3884 μὲν

223 3905 345 3966 τοῦ,
379 3906 581 3960 τοῦτον
606 3910 669 3962 ἐν
701 3908 927 3977 ἐκείνῳ,
959 3909 1215 3962 κάκεῖνον
1234 3910 1292 3961 έν
1327 3905 1502 3976 τούτῳ
1541 3903 1852 3975 φαίνεσθαι,

226 3999 327 4068 τὴν
358 3999 683 4070 ταυτότητα
711 4000 816 4070 τῆς
847 3999 1104 4070 θεότητος
1133 4001 1228 4053 καὶ
1262 4001 1360 4070 τῆς
1391 3998 1580 4062 οὐσίας
1608 3998 1709 4069 τὴν
1740 3997 1856 4050 ἑνό-

224 4109 372 4161 τητα
407 4092 608 4163 δείξῃ·
656 4091 752 4145 διὰ
782 4092 841 4146 δὲ
875 4091 974 4144 τοῦ
1026 4092 1214 4165 ἓτερον
1254 4093 1314 4145 ἐν
1361 4091 1534 4162 ἑτέρῳ
1579 4085 1738 4154 εἶναι,
1779 4090 1856 4160 μὴ

223 4187 284 4238 ἓν
309 4203 366 4237 τι
395 4185 456 4238 ὃν
489 4186 553 4238 ἐν
587 4184 822 4256 ἀριθμῷ
867 4184 1059 4256 νοηΘῇ,
1086 4186 1114 4238 ὃ
1154 4186 1286 4238 ποτε
1340 4185 1439 4255 μὲν
1471 4183 1686 4254 Πατὴρ,
1723 4183 1858 4234 ποτὲ

224 4278 284 4330 δὲ
323 4278 457 4341 Υἱὸς
487 4279 727 4345 λέγεται
746 4293 760 4306 ⁸
791 4277 909 4330 ἀλλ’
951 4277 1125 4341 ὅντως
1147 4276 1436 4345 ὑφεστῶτα
1464 4274 1715 4347 Πατέρα,
1762 4273 1862 4327 καὶ

228 4371 535 4441 ὑφεστῶτα
563 4369 704 4424 Υίὸν
737 4368 1139 4442 ἐναργέστερον
1164 4367 1448 4438 ἀποδείξῃ.

958 4462 1167 4516 ΑΛΛΟ.

314 4556 379 4610 '0
413 4556 622 4627 Πατὴρ
658 4554 758 4608 καὶ
785 4554 818 4608 ό
847 4553 978 4618 Υἱὸς
1006 4552 1066 4606 ἓν
1109 4553 1208 4624 μέν
1234 4554 1343 4608 εἰσι
1377 4553 1520 4607 κατὰ
1549 4550 1733 4622 φύσιν,
1763 4548 1869 4604 δύο

1965 3370 2278 3427 necessario
2325 3368 2640 3438 utiliterque
2659 3365 2949 3436 explicans
2997 3363 3050 3419 id
3088 3361 3231 3432 quod
3275 3358 3443 3425 dixit,
3497 3365 3554 3412 et

1961 3462 2306 3520 manifestius
2349 3459 2692 3515 auditoribus
2733 3457 2960 3521 faciens,
3001 3454 3153 3511 addit
3195 3453 3299 3508 hoc
3338 3470 3352 3505 :
3389 3469 3408 3504 ι
3443 3449 3553 3520 Ego

1961 3555 2014 3610 in
2049 3553 2232 3620 Patre,
2262 3561 2317 3608 et
2367 3550 2530 3606 Pater
2562 3551 2616 3605 in
2671 3564 2790 3617 me;
2827 3567 2847 3600 ι
2878 3559 2937 3602 ιη
2968 3560 3064 3616 per
3106 3544 3230 3610 boc,
3275 3542 3420 3613 quod
3465 3539 3554 3595 hie

1959 3645 2180 3718 quidem
2210 3645 2262 3699 in
2290 3643 2402 3710 illo,
2429 3643 2521 3699 ille
2539 3656 2670 3698 vero
2690 3641 2746 3696 in
2774 3639 2881 3696 hoc
2901 3645 3187 3709 appareat,
3211 3634 3550 3690 identitatem

1961 3737 2178 3794 deitatis
2219 3745 2276 3792 et
2331 3735 2586 3793 essentia:
2643 3733 2909 3789 unitatem
2967 3731 3335 3792 demonstret;
3386 3734 3554 3796 utque

1959 3843 2058 3899 per
2088 3825 2141 3882 id
2174 3826 2318 3897 quod
2348 3825 2487 3881 alter
2525 3823 2580 3880 in
2617 3823 2793 3878 altero
2839 3822 2935 3886 sit,
2973 3836 3080 3876 non
3111 3833 3276 3875 unum
3324 3829 3551 3872 numero

1961 3934 2080 3977 esse
2108 3920 2464 3990 intelligatur,
2517 3916 2663 3988 quod
2705 3913 3001 3985 aliquando
3030 3913 3214 3977 Pater,
3256 3907 3551 3979 aliquando

1961 4013 2133 4070 Filius
2155 4021 2410 4077 vocetur;
2443 4009 2538 4065 sed
2571 4021 2700 4063 vere
2721 4015 2885 4076 atque
2914 4003 3261 4075 bypostatice
3286 4001 3552 4056 exsistere

1959 4111 2208 4174 Patrem,
2243 4120 2372 4161 vere
2432 4104 2598 4158 etiam
2663 4109 2828 4171 atque
2874 4096 3216 4173 bypostatice
3280 4093 3548 4151 exsistere

1962 4200 2159 4254 Filium
2193 4191 2640 4253 manifestissime
2668 4189 2952 4247 ostendat..

2541 4455 2704 4528 uo
2737 4451 2968 4510 anno.

2032 4553 2194 4610 Pater
2213 4562 2268 4610 et
2299 4551 2470 4609 Filius
2502 4565 2670 4605 unum
2699 4547 2923 4620 quidem
2955 4553 3084 4603 sunt
3128 4543 3426 4625 secundum
3461 4556 3557 4598 na-

232 4647 291 4699 δι.
329 4649 391 4701 ὲν
416 4643 678 4717 ἀριθμῷ,
703 4644 804 4714 οὐχ
833 4643 910 4706 ὡς
950 4643 1070 4706 ἑνός
1105 4660 1253 4704 τινος
1286 4643 1367 4707 είς
1392 4642 1486 4696 δύο
1508 4641 1855 4712 καταδιαιρε-

1967 4656 2176 4711 turam,
2207 4645 2317 4703 duo
2356 4657 2488 4700 vero
2533 4656 2796 4709 numero;
2847 4653 3024 4710 neque
3067 4639 3144 4693 ita
3187 4651 3254 4692 ac
3290 4635 3339 4690 si
3389 4649 3555 4690 unum

236 4741 427 4805 θέντος
467 4739 648 4810 μέρη,
687 4737 764 4801 ὼς
803 4731 947 4790 εἶναι
976 4733 1166 4789 λοιπὸν
1196 4737 1296 4807 τῆς
1325 4734 1464 4806 πρὸς
1499 4733 1706 4805 ἄλληλα
1746 4749 1862 4787 κοι-

239 4834 437 4898 νωνίας
479 4849 549 4886 τε
578 4831 682 4885 καὶ
735 4830 976 4900 σχέσεως
1016 4827 1265 4900 ἀμέτοχα
1286 4869 1301 4894 ,
1343 4826 1466 4880 οὔτε
1512 4825 1619 4898 μὴν
1652 4825 1730 4890 ὼς
1766 4824 1862 4880 τοῦ

244 4926 406 4980 αὑτοῦ
447 4926 554 4980 καὶ
585 4923 714 4987 ὲνδς
738 4923 938 4987 διττοϊς
970 4921 1236 4992 ὀνόμασιν
1265 4919 1744 4990 ἀποκαλουμένου,
1771 4916 1861 4972 ἵνα

249 5022 299 5073 ἒν
332 5021 473 5092 μόνῃ
510 5016 872 5090 προσηγορίᾳ
899 5015 1159 5087 φαίνηται
1183 5014 1286 5083 τῆς
1318 5011 1510 5076 δυάδος
1536 5013 1570 5083 ἡ
1603 5009 1860 5082 δύναμις·

254 5114 357 5166 056's
395 5114 477 5178 ὡς
520 5109 624 5164 τοῦ
658 5106 830 5164 αὑτοῦ
877 5107 1010 5164 ποτὲ
1054 5108 1152 5179 μὲν
1195 5104 1432 5176 Πατρὸς,
1468 5103 1599 5157 ποτὲ
1639 5103 1696 5157 δὲ
1729 5099 1863 5156 Υἱοῢ

256 5205 571 5278 λεγομένου,
609 5200 780 5256 τοῦτο
813 5199 920 5272 γὰρ
952 5198 1248 5255 Σαϐελλίου
1273 5197 1336 5252 τὸ
1366 5197 1567 5268 δόγμα,
1607 5195 1724 5249 ἀλλ’
1754 5195 1862 5248 εἰσὶ

254 5299 348 5366 μὲν
371 5295 604 5370 ἀριθμῷ
635 5294 763 5348 δύο·
796 5293 914 5348 ἔστι
947 5291 1058 5362 γὰρ
1083 5292 1112 5345 6
1153 5289 1344 5361 Πατὴρ
1381 5287 1470 5343 ἀεὶ
1499 5287 1716 5359 Πατὴρ,
1739 5286 1863 5340 οὐδέ

417 5393 504 5456 εἰς
561 5387 699 5444 Υίδν
759 5383 1262 5457 μεταποιούμενος’
1302 5382 1396 5436 καὶ
1435 5379 1621 5448 πάλιν,
1667 5383 1695 5434 ὁ
1735 5378 1865 5443 Υἱὸς

243 5486 501 5539 οὐδέποτε
533 5485 620 5546 εἰς
652 5479 886 5551 Πατέρα
924 5475 1417 5550 μεταϐαλλόμενος.
1445 5473 1602 5528 Οὕτω
1630 5473 1686 5528 δὲ
1711 5472 1866 5537 ὄντος

244 5580 335 5634 τοι]
367 5582 736 5652 πράγματος,
765 5574 863 5628 καὶ
893 5572 953 5626 ὲν
981 5569 1134 5625 δυάδι
1163 5569 1424 5640 κειμένου
1475 5566 1571 5621 τοῦ
1605 5563 1866 5636 ἀριθμοῦ,

254 5675 346 5729 μία
374 5672 546 5743 φύσις
590 5667 940 5742 ἀμφοτέροις
976 5663 1074 5717 καὶ
1118 5662 1152 5733 ἡ
1191 5657 1332 5730 αὐτὴ
1372 5657 1593 5728 θεότης,
1630 5656 1870 5720 ἐοικότος

255 5769 335 5821 ἀεὶ
365 5775 462 5822 τοῦ
493 5766 856 5838 γεννήματος
886 5757 968 5829 τῷ
999 5753 1356 5826 γεγεννηκότι
1397 5751 1662 5821 φυσικῶς.
1691 5746 1871 5804 Είκὼν

257 5861 360 5934 γάρ
387 5863 527 5932 ἐστι,
564 5858 665 5915 καὶ
693 5852 1067 5923 ἀπαύγασμα,
1099 5847 1195 5903 καὶ
1219 5844 1617 5934 χαρακτὴρτῆς
1639 5842 1872 5925 ὑποστάέ

1971 4737 2185 4811 aliquod
2209 4738 2262 4793 in
2294 4735 2430 4792 duas
2459 4741 2645 4805 partes
2663 4733 3016 4797 divideretur,
3045 4737 3106 4784 ut
3134 4742 3166 4783 a
3192 4735 3383 4783 mutua
3414 4727 3558 4783 inter

1963 4847 2023 4889 se
2091 4830 2354 4888 societate
2417 4825 2846 4896 habitudineque
2906 4824 3302 4894 sejungantur,
3380 4833 3557 4890 neque

1963 4937 2158 4980 rursus
2187 4923 2260 4977 ita
2292 4928 2352 4977 ut
2381 4933 2548 4976 unum
2585 4925 2753 4987 atque
2796 4916 2940 4973 idem
2984 4914 3199 4970 duobus
3246 4911 3558 4969 nominibus

1964 5025 2211 5083 vocetur,
2244 5022 2303 5069 ut
2327 5014 2380 5069 in
2412 5027 2520 5068 una
2551 5008 2914 5082 appellatione
2940 5006 3222 5063 dualitatis
3256 5005 3433 5060 virtus
3461 5018 3558 5073 ap-

1963 5114 2185 5176 pareat;
2239 5117 2419 5176 neque
2448 5109 2510 5158 ut
2539 5101 2682 5162 idem
2713 5098 3013 5170 aliquando
3039 5095 3222 5162 Pater,
3263 5093 3557 5165 aliquando

1970 5195 2144 5252 Filius
2167 5195 2399 5260 dicetur,
2436 5194 2546 5255 hoc
2571 5192 2716 5252 enim
2767 5189 2987 5250 Sabellii
3017 5189 3208 5260 dogma
3233 5195 3339 5249 est,
3361 5185 3457 5240 sed
3497 5195 3559 5240 ut

1971 5291 2082 5345 sint
2103 5287 2208 5342 duo
2227 5299 2457 5345 numero
2481 5303 2497 5342 :
2520 5299 2646 5340 nam
2678 5281 2839 5342 Pater
2859 5294 3074 5350 seraper
3097 5289 3179 5334 est
3204 5275 3389 5342 Pater,
3423 5292 3562 5331 nun.

1973 5393 2136 5448 quam
2166 5377 2220 5434 in
2250 5375 2443 5438 Filium
2476 5383 2716 5432 mutatus
2746 5391 2760 5430 :
2791 5380 2847 5430 et
2890 5369 3062 5428 Filius
3093 5381 3309 5438 semper
3334 5374 3419 5424 est
3463 5364 3558 5423 Fi-

1973 5472 2098 5536 lius,
2126 5484 2401 5540 nunquam
2433 5467 2488 5524 in
2530 5466 2749 5526 Patrem
2790 5471 3054 5522 mutatus.
3092 5460 3338 5531 Cumque
3380 5459 3456 5516 ita
3500 5474 3562 5515 se

1969 5579 2058 5626 res
2088 5561 2308 5630 habeat,
2335 5569 2392 5617 et
2415 5560 2490 5620 sit
2523 5573 2752 5618 numero
2782 5556 3018 5618 dualitas
3043 5567 3420 5624 personarum,
3451 5566 3559 5606 una

1967 5653 2188 5723 utrique
2227 5661 2315 5708 est
2356 5659 2570 5718 natura,
2602 5651 2902 5719 eademque
2939 5644 3117 5705 deitas
3141 5682 3158 5710 ,
3212 5657 3338 5701 eum
3388 5639 3561 5697 Filius

1968 5758 2187 5816 semper
2223 5744 2292 5799 sit
2335 5741 2532 5799 similis
2560 5741 2609 5796 ei
2653 5739 2744 5810 qui
2800 5737 3127 5794 naturaliter
3183 5750 3306 5790 eum
3349 5726 3555 5802 genuit.

1970 5840 2065 5900 Est
2107 5838 2252 5896 enim
2287 5835 2489 5906 imago,
2529 5841 2584 5892 et
2632 5831 2906 5904 splendor,
2955 5840 3010 5889 et
3064 5830 3349 5890 character
3390 5825 3562 5894 hypo-
