3996 6412
519 378 625 438 183

1508 379 1569 436 S.
1610 379 1886 437 CYRILLI
1923 381 2394 440 ALEXANDRINI
2433 384 2753 444 ARCHIEP.

3682 384 3782 442 184

518 500 728 545 staseos
745 498 995 547 essentne
1017 490 1196 547 Patris
1216 490 1400 547 Filius.
1423 490 1561 546 Nam
1585 493 1685 549 hac
1699 495 1907 551 ratione
1928 511 2091 551 unum

2204 514 2339 563 σεως
2378 499 2482 569 τῆς
2512 502 2609 554 τοῦ
2650 499 2863 572 Πατρὶς
2899 496 3085 559 οὐσίας
3120 496 3146 550 ὁ
3174 493 3321 558 Υἱός.
3355 492 3510 548 Οὕτω
3547 492 3651 566 γὰρ
3688 494 3780 550 ἕνα

516 582 749 637 dicimus
777 598 898 639 esse
932 584 1121 652 Deum,
1167 586 1235 640 ob
1280 584 1619 640 identitatem
1666 596 1875 642 naturae
1917 588 2098 647 Patris

516 688 638 729 cum
665 673 805 730 Filio
832 713 848 742 ,
877 684 931 730 et
963 674 1082 730 Filii
1118 692 1239 730 cum
1267 676 1448 731 Patre.

1192 805 1422 865 ALIUD.

586 898 1047 965 Quemadmodum
1072 913 1229 954 nemo
1252 901 1448 955 dixerit
1470 901 1808 972 splendorem
1834 917 1993 971 quem
2019 903 2100 958 sol

512 1008 581 1046 ex
621 1006 681 1047 se
725 991 942 1055 emittit,
977 990 1121 1046 aliud
1164 1005 1219 1046 et
1258 993 1531 1049 diversum
1572 1004 1763 1049 natura
1809 995 1987 1048 lumen
2033 996 2100 1049 ab

513 1083 606 1138 illo
635 1098 775 1149 esse,
806 1099 982 1154 neque
1019 1086 1435 1155 participatione
1463 1087 1694 1156 quadam
1744 1095 1905 1156 atque
1943 1087 2099 1142 habi-

515 1175 696 1230 tudine
739 1190 810 1232 ex
861 1176 977 1246 ipso
1035 1177 1152 1232 sole
1202 1177 1334 1232 illud
1384 1178 1502 1234 fieri
1533 1161 1822 1249 iudicabit,
1859 1180 1952 1234 sed
2005 1196 2099 1233 na-

514 1267 762 1324 turaliter
786 1283 851 1324 ex
883 1268 1000 1337 ipso
1032 1269 1206 1325 emitti
1232 1286 1248 1336 ;
1292 1278 1348 1325 et
1372 1270 1476 1325 duo
1504 1273 1720 1340 quidem
1751 1270 1953 1325 lumina
1978 1286 2101 1327 esse

514 1359 724 1414 ratione
763 1360 1047 1430 percipiet,
1094 1376 1260 1416 unum
1297 1371 1477 1418 tamen
1520 1371 1711 1417 natura
1761 1381 1775 1418 :
1815 1364 1889 1418 ita
1936 1365 2099 1417 etiam

513 1464 673 1505 nemo
696 1459 844 1505 recte
878 1452 1175 1518 censuerit,
1223 1453 1436 1507 tametsi
1476 1451 1638 1506 Pater
1684 1462 1740 1506 et
1782 1451 1955 1515 Filius
1992 1454 2102 1509 sint

511 1554 740 1595 numero
774 1541 898 1604 duo,
930 1542 1201 1596 diversum
1231 1557 1352 1598 esse
1400 1542 1594 1597 Filium
1629 1556 1660 1596 a
1687 1541 1849 1596 Patre
1889 1542 2102 1600 ratione

512 1633 736 1689 deitatis
771 1644 826 1690 et
860 1634 1157 1690 identitatis
1185 1635 1455 1691 essentiae.
1486 1635 1593 1691 Sed
1621 1636 1765 1689 sicut
1809 1635 1891 1691 sol
1923 1644 2009 1690 est
2042 1635 2098 1689 in

544 1725 802 1792 plendore
839 1740 1000 1794 quem
1037 1741 1104 1779 ex
1145 1739 1206 1780 se
1234 1725 1454 1790 emittit,
1486 1734 1540 1780 et
1572 1724 1823 1794 splendor
1856 1724 1909 1779 in
1932 1724 2046 1779 sole
2068 1740 2099 1779 a

515 1832 622 1888 quo
668 1818 829 1875 exit:
881 1818 955 1873 ita
989 1819 1154 1873 etiam
1202 1818 1364 1873 Pater
1413 1819 1467 1873 in
1521 1818 1682 1885 Filio,
1714 1826 1769 1873 et
1814 1817 1985 1873 Filius
2040 1818 2094 1872 in

514 1906 700 1971 Patre;
730 1921 957 1964 numero
998 1907 1216 1977 quidem
1263 1908 1313 1962 in
1347 1907 1483 1962 duas
1523 1922 1785 1977 personas
1830 1907 2094 1974 distincti,
2128 1888 2169 1945 Β

509 2012 677 2070 atque
722 1999 798 2056 ita
845 2000 1185 2072 bypostatice
1229 1999 1582 2068 exsistentes,
1622 2000 1910 2057 identitate
1964 2016 2098 2059 vero

510 2100 719 2148 natura:
747 2091 806 2149 in
838 2107 1003 2149 uuam
1028 2092 1280 2150 deitatem
1306 2091 1537 2150 redacti.

2203 588 2381 659 φαμὲν
2412 586 2547 643 εἶναι
2576 588 2709 643 Θεὸν
2730 589 2817 643 διὰ
2841 589 2939 660 τὴν
2966 585 3270 654 ταυτότητα
3306 585 3406 655 τῆς
3439 582 3650 654 φύσεως
3675 586 3781 637 Πα-

2086 688 2091 697 ’
2200 680 2326 750 τρὸς
2361 678 2495 747 πρὸς
2518 678 2665 745 Υἱδν,
2695 678 2790 732 καὶ
2819 676 2946 730 Υἱοῦ
2977 674 3114 747 πρὸς
3152 671 3392 743 Πατέρα.

2890 789 3093 843 AAAO.
3416 819 3420 823 -
3500 826 3503 829 -

2273 884 2484 953 Ὥσπερ
2516 884 2575 938 τὸ
2622 884 2685 937 ὲκ
2719 881 2812 936 τοῦ
2859 881 3008 952 ήλιου
3045 878 3395 949 πεμπόμενον
3445 873 3779 944 ἀπαύγασμα

2202 976 2301 1030 οὐκ
2329 976 2393 1030 ἄν
2427 992 2511 1038 τις
2555 961 2699 1027 εἴποι
2731 973 2871 1026 κατὰ
2903 972 3066 1041 φύσιν
3097 970 3284 1041 ἕτερον
3323 963 3461 1020 εἶναι
3491 965 3608 1034 φῶς
3652 965 3780 1036 παρ’

2202 1070 2433 1132 ἐκεῖνον,
2472 1068 2505 1139 ἢ
2549 1066 2692 1121 κατὰ
2727 1065 3022 1137 μετουσίαν
3058 1063 3182 1117 τινὰ
3228 1062 3325 1115 καὶ
3373 1059 3556 1132 σχέσιν
3591 1057 3691 1127 τὴν
3725 1057 3781 1123 ἐξ

2201 1163 2366 1219 αὐτοῦ
2393 1163 2602 1217 τοιοῦτο
2630 1162 2898 1231 γίνεσθαι,
2933 1159 3049 1213 ἀλλ’
3074 1158 3244 1220 ὅντως
3276 1155 3448 1224 «φύσει
3491 1151 3678 1224 προϊὸν
3725 1151 3781 1217 ἐξ

2200 1254 2388 1321 αὐτοῦ,
2416 1255 2512 1308 καὶ
2540 1254 2635 1307 δύο
2659 1253 2757 1325 μὲν
2783 1251 2954 1306 ταῦτα
2977 1249 3133 1320 φῶτα
3160 1246 3279 1302 κατ’
3303 1245 3546 1298 ἐπίνοιαν
3570 1243 3778 1312 ὁρᾶται,

2201 1344 2259 1397 ’ἐν
2282 1343 2339 1398 δέ
2376 1346 2483 1398 εἰσι
2513 1344 2656 1398 κατὰ
2685 1343 2871 1413 φύσιν·
2902 1340 3077 1405 οὕτως
3108 1340 3209 1392 οὐκ
3239 1337 3305 1392 ἄν
3328 1352 3412 1399 τις
3446 1332 3703 1400 εὐλόγως,
3736 1333 3785 1385 ει

2202 1437 2297 1491 καὶ
2337 1439 2416 1501 εἰς
2447 1436 2614 1491 δυάδα
2646 1436 2897 1508 τέμνοιτο
2935 1431 3151 1503 Πατρός
3198 1447 3257 1483 τε
3292 1428 3387 1483 καὶ
3425 1425 3560 1487 Υἱοῦ
3590 1428 3617 1478 ό
3668 1426 3784 1494 ἀρι-

2202 1530 2359 1600 θμὸς,
2387 1528 2573 1601 ἕτερόν
2595 1546 2646 1581 τι
2678 1527 2831 1598 παρὰ
2851 1527 2943 1579 τὸν
2974 1522 3194 1594 Πατέρα
3230 1522 3346 1592 ἐρεῖ
3372 1519 3461 1572 τὸν
3491 1516 3643 1581 Υἱὺν,
3666 1517 3783 1568 ὅσον

2202 1624 2296 1701 εἰς⁴
2318 1621 2416 1693 τὴν
2444 1620 2673 1690 θεότητα
2697 1619 2793 1673 καὶ
2823 1617 2921 1689 τὴν
2951 1616 3254 1684 ταυτότητα
3282 1608 3382 1683 τῆς
3404 1609 3613 1672 οὐσίας,
3878 1626 3885 1631 -
3948 1626 3949 1649 ξ

2201 1715 2392 1784 ὥσπερ
2420 1715 2449 1766 6
2476 1713 2628 1784 ἥλιος
2658 1712 2716 1765 ὲν
2747 1710 2826 1782 τῷ
2859 1706 3254 1777 ἁπαυγάσματι
3280 1706 3396 1757 ἐστι
3424 1701 3503 1773 τῷ
3533 1700 3594 1767 ἐξ
3624 1700 3782 1754 αὐτοῦ

2204 1804 2557 1880 προελθόντι,
2591 1804 2687 1858 καὶ
2720 1802 2781 1856 τδ
2812 1800 3157 1869 ἀπαύγασμα
3191 1799 3250 1850 ὲν
3287 1795 3366 1866 τῷ
3413 1794 3550 1866 ἡλίῳ
3592 1792 3684 1861 ἀφ’
3725 1784 3783 1846 οὗ

2199 1900 2294 1954 καὶ
2319 1898 2562 1969 ἐξῆλθεν,
2599 1895 2772 1959 οὕτως
2810 1894 2928 1947 ἐστὶ
2962 1892 3151 1961 Πατὴρ
3180 1890 3241 1943 ὲν
3271 1888 3408 1959 Υἱῷ,
3440 1886 3536 1940 καὶ
3567 1883 3696 1947 Υἱὸς
3725 1884 3783 1936 ἐν

2201 1987 2397 2059 Πατρὶ,
2433 1984 2650 2059 ἀριθμῷ
2686 1984 2785 2056 μὲν
2819 1983 2899 2047 εἰς
2929 1979 3103 2058 ,δυάδα
3134 1977 3477 2050 τεμνόμενοι,
3500 1974 3606 2028 καὶ
3637 1971 3784 2033 ὅντες

2084 2114 2087 2119 -
2198 2079 2370 2144 οὕτως
2398 2079 2454 2132 ὲν
2483 2062 2797 2147 ὑποστάσει,
2825 2077 2895 2146 τῇ
2929 2072 2988 2127 δὲ
3017 2070 3303 2142 ταυτότητι
3328 2069 3429 2141 τῆς
3467 2066 3684 2138 φύσεως
3707 2064 3784 2129 εἰς

2092 2206 2097 2209 -
2204 2172 2333 2245 μίαν
2358 2170 2714 2243 σφιγγόμενοι
2744 2167 2995 2251 θεότητα.

1189 2294 1417 2352 ALIUD.

583 2383 644 2442 Si
665 2387 788 2457 quis
805 2388 1043 2444 divinam
1065 2387 1405 2460 Scripturam
1422 2398 1680 2445 accurate
1704 2394 2094 2459 perscrutetur,

510 2476 755 2534 inveniet
787 2478 978 2535 iisdem
1010 2480 1322 2536 nominibus
1344 2490 1598 2537 vocatum
1638 2480 1860 2544 Filium,
1901 2480 2098 2549 quibus

508 2580 565 2626 et
594 2567 781 2637 Pater,
820 2582 1048 2643 excepto
1090 2574 1234 2644 quod
1278 2588 1384 2630 non
1434 2575 1649 2630 dicatur
1690 2572 1886 2640 Pater;
1935 2573 2099 2643 idque

509 2661 631 2717 vice
655 2676 815 2718 versa
842 2661 1061 2718 Patrem
1091 2666 1390 2735 comperiet
1423 2666 1618 2721 iisdem
1661 2666 1970 2721 nominibus
2004 2679 2099 2720 vo-

510 2752 625 2808 cari
669 2751 911 2819 Patrem,
958 2754 1156 2823 quibus
1203 2755 1393 2822 Filius,
1454 2771 1519 2813 eo
1556 2765 1781 2824 excepto
1806 2755 1950 2824 quod
1990 2769 2095 2810 non

510 2845 726 2901 dicatur
771 2844 943 2900 Filius
976 2864 990 2901 :
1023 2847 1167 2916 quod
1217 2847 1438 2917 quidem
1494 2847 1795 2902 manifestis
1836 2845 2097 2915 exemplis

509 2935 729 3005 probari
752 2944 949 3006 potest.
970 2935 1330 3006 Omnipotens
1344 2936 1527 3004 Pater,
1548 2939 1747 2994 dicitur
1762 2948 1817 2994 et
1836 2940 1904 2993 de
1925 2937 2093 2993 Filio:

516 3044 537 3077 ε
558 3024 685 3082 Haec
703 3027 836 3083 dicit
855 3029 947 3099 qui
965 3038 1106 3097 erat,
1125 3031 1214 3100 qui
1235 3041 1494 3086 venturus
1510 3040 1614 3098 est,
1634 3031 1976 3101 omnipotens
1990 3031 2056 3086 ⁸ο.
2070 3048 2091 3081 ι

514 3118 775 3200 Dominus
796 3120 992 3189 Pater;
1014 3131 1069 3178 et
1107 3140 1124 3175 ι
1155 3121 1301 3178 Unus
1323 3124 1580 3180 Dominus
1604 3122 1761 3180 .lesus
1787 3124 2089 3181 Christus.»

2476 2330 2485 2335 .
2784 2288 2789 2295 “
2856 2279 3103 2335 ⁷ΑΛΛΟ.Δ
3212 2282 3215 2285 ’

2269 2380 2339 2437 Εἴ
2377 2398 2461 2444 τις
2504 2376 2748 2452 ἀκριϐῶς
2780 2375 3031 2441 ἐξετάσαι
3075 2371 3175 2438 τὴν
3222 2368 3372 2423 θείαν
3408 2364 3656 2438 Γραφὴν,
3698 2360 3787 2441 s6-

2201 2475 2361 2547 ρήσει
2392 2471 2669 2534 τοσούτοις
2718 2468 2977 2538 ὀνόμασιν
3023 2460 3472 2529 ἀποκαλούμενον
3503 2455 3600 2509 τὸν
3641 2452 3785 2547 γιον,

2199 2543 2458 2635 ὅσοισπερ
2479 2561 2545 2617 ἂν
2574 2561 2670 2615 ἴδοι
2701 2558 2796 2613 καὶ
2820 2556 2911 2611 τὸν
2945 2554 3191 2625 Πατέρα,
3226 2552 3349 2622 δίχα
3386 2548 3547 2621 μόνον
3573 2544 3675 2600 τοῦ
3704 2543 3788 2596 λέ-

2198 2654 2393 2727 γεσθαι
2424 2651 2683 2724 Πατέρα”
2707 2650 2801 2705 καὶ
2829 2648 2993 2702 πάλιν
3023 2647 3118 2701 ἐπὶ
3159 2644 3373 2716 Πατρὸς
3401 2641 3498 2713 τὴν
3538 2639 3669 2710 ἴσην
3698 2640 3787 2690 ἀν-

2197 2747 2515 2818 τιστροφὴν,
2544 2742 2818 2806 τοσούτοις
2844 2741 3100 2812 ὀνόμασιν
3127 2735 3572 2805 ἀποκαλούμενον
3606 2729 3783 2794 αὑτὸν,

2198 2840 2341 2901 ὅσοις
2367 2837 2459 2891 καὶ
2482 2838 2510 2888 6
2535 2833 2681 2898 Υἱὸς,
2708 2831 2833 2903 δίχα
2864 2831 3023 2901 μόνον
3050 2826 3144 2882 τοῦ
3175 2824 3428 2895 λέγεσθαι
3461 2821 3608 2877 Υἱόν.
3637 2818 3787 2883 Ἥξει

2197 2928 2255 2982 δὲ
2283 2929 2417 2999 ἡμῖν
2445 2924 2539 2978 καὶ
2567 2923 2634 2977 δι’
2670 2920 2929 2995 ἐναργῶν,
2948 2917 3276 2982 ἀποδείξεων
3302 2917 3331 2969 6
3361 2914 3539 2982 λόγος.
3580 2911 3787 2964 Παντο-

2199 3022 2423 3094 κράτωρ
2445 3021 2473 3072 6
2499 3015 2710 3089 Πατὴρ,
2741 3013 2964 3086 φέρεται
2994 3011 3087 3065 καὶ
3110 3012 3193 3078 ἐφ’
3219 3007 3350 3062 Υῑοῦ
3372 3023 3385 3036 ’
3415 3024 3434 3058 ι
3462 3003 3605 3059 Τάδε
3647 3003 3788 3070 λέγει

2196 3117 2226 3168 ὁ
2261 3110 2349 3185 ἦν,
2378 3114 2407 3165 ό
2435 3110 2761 3182 ἐρχόμενος,
2802 3108 2830 3159 6
2868 3102 3285 3177 παντοκράτωρ.
3316 3119 3333 3151 ι
3370 3097 3574 3169 Κύριος
3612 3097 3645 3149 6
3679 3096 3789 3148 ilot-

509 3188 717 3271 Lumen
754 3212 916 3270 Pater
941 3186 1126 3272 :tdieit
1170 3227 1223 3272 et
1253 3213 1422 3273 Filius
1450 3234 1463 3272 :
1495 3236 1514 3269 ι
1541 3218 1649 3287 Εκο
1678 3231 1797 3275 sum
1827 3217 1915 3272 lux
1946 3234 2099 3273 mun-

2204 3206 2328 3277 τὴρ,
2389 3204 2482 3258 καὶ
2528 3221 2546 3254 t
2582 3197 2676 3265 Εἷς
2722 3198 2928 3270 Κύριος
2980 3194 3187 3267 Ἰησοῦς
3255 3191 3512 3287 Χριστός.
3541 3186 3790 3287 ι-Φῶςό

509 3304 568 3359 di
593 3304 662 3360 ⁸³.
702 3322 723 3357 ι
755 3302 919 3360 Pater
957 3307 1182 3363 remittit
1210 3319 1432 3377 peccata
1463 3324 1478 3364 :
1506 3309 1737 3365 remittit
1780 3320 1835 3365 et
1877 3309 2048 3365 Filius
2079 3327 2091 3362 :

519 3416 538 3447 ι
568 3393 640 3452 Ut
661 3397 849 3453 sciatis
872 3398 1045 3463 enim,
1076 3399 1272 3470 inquit,
1301 3402 1441 3471 quod
1472 3398 1646 3457 Filius
1676 3402 1911 3456 hominis
1935 3402 2098 3456 habet

513 3490 839 3554 potestatem
869 3487 927 3542 in
947 3494 1090 3541 terra
1117 3489 1422 3545 remittendi
1446 3500 1665 3559 peccata
1687 3491 1757 3552 θ’.
1786 3510 1805 3543 ι
1832 3490 2098 3558 Quoniam

516 3577 683 3646 igitur
727 3578 911 3634 omnia
954 3579 1139 3636 insunt
1173 3577 1330 3642 Filio,
1374 3596 1494 3651 qua}
1526 3580 1696 3647 Patri,
1742 3595 1868 3637 vere
1916 3582 2096 3637 dicit:

517 3683 537 3717 ι
575 3665 770 3723 Omnia
799 3683 918 3737 quae
959 3670 1121 3725 habet
1158 3671 1312 3740 ιιι
1340 3670 1519 3735 Pater,
1563 3688 1677 3727 mea
1722 3683 1851 3728 sunt
1879 3672 1943 3727 ⁸³.
1983 3692 2000 3723 ι
2037 3671 2103 3733 Et

514 3773 705 3816 rursus
755 3760 822 3815 ad
862 3758 1079 3818 Patrem
1122 3776 1280 3818 suum
1329 3763 1590 3834 loquens,
1641 3765 1771 3818 dtt-it
1805 3783 1818 3818 :
1857 3783 1876 3816 ‹
1908 3765 2102 3820 Omnia

513 3863 634 3904 mea
661 3857 788 3904 sunt
824 3859 937 3916 tua,
972 3862 1027 3906 et
1056 3860 1144 3907 tua
1172 3863 1299 3908 sunt
1342 3868 1460 3908 mea
1492 3852 1560 3909 ⁸⁸.
1590 3872 1610 3906 ι
1649 3851 1705 3909 Si
1751 3868 1880 3925 ergo
1918 3856 2100 3910 omnia

512 3956 635 4009 quae
686 3939 870 3996 insunt
904 3940 1075 4008 Patri,
1119 3943 1301 3999 insunt
1341 3951 1398 3999 et
1438 3942 1598 4008 Filio,
1645 3953 1702 3999 et
1742 3959 1773 4000 e
1805 3945 2098 4011 contrario,

513 4046 848 4103 quaecunque
876 4033 1059 4089 insunt
1092 4034 1247 4102 Filio,
1273 4036 1462 4091 insunt
1487 4048 1540 4091 ct
1570 4035 1738 4104 Patri,
1770 4052 1874 4097 non
1902 4038 2097 4105 tuenti-

515 4136 603 4178 tur
653 4140 777 4180 cum
821 4124 954 4180 dicit
985 4142 999 4179 :
1037 4143 1056 4176 ‹
1092 4124 1203 4200 Ego
1242 4127 1294 4181 in
1335 4125 1516 4192 Patre,
1557 4136 1612 4183 et
1646 4126 1809 4185 Pater
1840 4129 1893 4183 in
1931 4143 2038 4194 me,
2075 4146 2094 4180 ι

512 4230 636 4270 cum
666 4230 855 4270 eorum
888 4232 1008 4286 qua:
1035 4217 1219 4274 insunt
1252 4219 1510 4275 identitas
1545 4220 1597 4274 in
1631 4220 1893 4275 dualitate
1914 4233 2101 4288 perso-

514 4323 705 4363 narum
735 4309 941 4379 absque
982 4309 1090 4365 ulla
1124 4310 1427 4366 diti‘crentia
1472 4321 1754 4381 appareat.
1791 4312 1943 4379 Quod
1974 4327 2097 4367 cum

511 4415 704 4454 verum
733 4402 956 4457 omnino
987 4402 1089 4467 sit;
1119 4403 1395 4473 proprium
1442 4413 1589 4458 certe
1625 4404 1875 4475 genimcn
1912 4404 2099 4460 Patris

515 4497 603 4546 est
620 4489 794 4546 Filius
824 4505 838 4546 :
866 4506 1044 4561 neque
1068 4493 1214 4547 enim
1237 4492 1471 4569 gestavit
1512 4492 1812 4547 secundum
1845 4502 2095 4549 naturam

2203 3274 2416 3367 Πατὴρ,
2458 3293 2605 3363 λέγει
2641 3292 2737 3346 καὶ
2778 3293 2807 3344 6
2838 3290 2998 3353 Υἱός·
3037 3307 3055 3340 t
3100 3284 3245 3354 Ἐγώ
3292 3285 3408 3353 εἰμι
3439 3280 3500 3334 τδ
3532 3279 3657 3350 φῶς
3701 3274 3788 3367 τοῦ

2201 3366 2429 3457 κόσμου.
2457 3403 2475 3436 ι
2521 3374 2581 3436 Ὀ
2607 3380 2797 3453 Πατὴρ
2836 3379 3061 3450 ἀφίησιν
3104 3374 3418 3446 ἁμαρτίας·
3460 3366 3792 3457 ποιείἐτοῦτο

2201 3479 2297 3533 καὶ
2324 3479 2354 3531 6
2388 3474 2547 3538 Υἱός⁸
2590 3491 2608 3525 t
2641 3474 2759 3527 Ἵνα
2813 3472 2943 3541 γὰρ,
2983 3468 3170 3538 φησὶν,
3211 3465 3386 3535 εἰδῆτε
3419 3464 3501 3516 ὅτι
3543 3457 3794 3526 ἐξουσίαν

2202 3568 2315 3640 ἔχει
2345 3568 2373 3619 6
2399 3567 2527 3629 Υἱὸς
2555 3562 2648 3618 τοῦ
2677 3561 2966 3633 ἀνθρώπου
2998 3559 3092 3613 ἐπὶ
3118 3557 3220 3628 τῆς
3246 3556 3349 3625 γῆς
3375 3553 3592 3623 ἀφιέναι
3630 3551 3796 3621 ἁμαρ·

2201 3662 2343 3724 τὶας,
2378 3678 2396 3711 ι
2441 3655 2662 3727 Ἐπειδὴ
2703 3655 2885 3709 τοίνυν
2919 3653 3097 3706 πάντα
3140 3649 3403 3721 πρόσεστι
3434 3644 3512 3716 τῷ
3540 3643 3664 3715 Υἱῷ
3700 3643 3796 3696 ὅσα

2202 3753 2298 3808 καὶ
2337 3753 2393 3805 ἐν
2417 3749 2494 3821 τῷ
2529 3749 2725 3817 Πατρὶ,
2756 3745 3036 3817 ἀληθεύων
3064 3743 3213 3810 λέγει
3233 3759 3245 3773 ·
3284 3761 3303 3792 ί
3336 3740 3523 3794 Πάντα
3550 3738 3656 3790 ὅσα
3684 3733 3794 3805 ἔχει

2201 3847 2231 3898 6
2260 3843 2479 3915 Πατὴρ,
2528 3841 2639 3912 ἐμά
2678 3842 2812 3893 ἐστι.
2845 3859 2863 3891 ι
2913 3838 3026 3892 Καὶ
3067 3836 3232 3890 πάλιν
3282 3832 3419 3904 πρὸς
3463 3831 3555 3885 τὸν
3600 3825 3794 3884 ἑαυτοῦ

2202 3935 2425 4005 Πατέρα
2451 3934 2579 3998 τοὺς
2619 3932 2812 4000 λόγους
2863 3929 3187 4000 ποιούμενος
3239 3926 3470 3996 φάσκεν
3503 3942 3522 3975 ‹
3555 3924 3601 3975 Τ
3606 3924 3642 3976 ἁ
3690 3918 3795 3990 ὲμέι

2203 4029 2381 4082 πάντα
2414 4026 2484 4080 σά
2513 4028 2647 4090 ἐστι,
2679 4025 2775 4079 καὶ
2804 4024 2873 4077 τὰ
2902 4023 2972 4077 σὰ
3004 4022 3167 4093 ἐμά.»
3201 4022 3261 4073 El
3291 4019 3471 4081 ψίνυν
3498 4017 3601 4069 ὅσα
3633 4014 3795 4085 πρόσ-

2202 4134 2319 4170 εστι
2349 4115 2428 4187 τῷ
2457 4114 2664 4186 Πατρὶ,
2704 4112 2878 4167 ταῦτα
2925 4113 3019 4179 καὶ
3048 4111 3127 4183 *τῷ
3160 4110 3272 4180 Υἱῷ
3292 4126 3306 4141 ·
3352 4110 3448 4162 καὶ
3479 4106 3667 4171 πάλιν,
3698 4106 3795 4158 ὅσα

2204 4207 2463 4280 πρόσεστι
2491 4205 2569 4276 τῷ
2595 4204 2730 4275 Υἱῷ,
2755 4204 2928 4258 ταῦτα
2967 4205 3063 4257 καὶ
3094 4202 3172 4273 τῷ
3206 4203 3402 4271 Ila-cpt,
3440 4202 3501 4254 οὗ
3534 4200 3794 4271 ψεύδεται

2200 4299 2375 4369 λέγων
2394 4313 2410 4328 ⁶
2449 4316 2467 4351 t
2503 4297 2647 4368 Ἐγὼ
2671 4300 2729 4351 ὲν
2748 4297 2827 4367 τῷ
2862 4296 3059 4365 Πατρὶ,
3089 4296 3184 4349 καὶ
3209 4295 3236 4347 6
3266 4294 3455 4364 Πατὴρ
3505 4295 3563 4346 ὲν
3599 4291 3745 4362 ἐμοί’
3772 4307 3790 4340 ›

2198 4394 2298 4464 τῆς
2332 4390 2442 4445 τῶν
2479 4390 2787 4463 προσόντων
2827 4389 3157 4459 ταυτότητος
3201 4388 3258 4440 ὲν
3302 4388 3370 4457 τῇ
3406 4385 3560 4438 δυάδι
3603 4399 3792 4454 φαινο-

2204 4484 2373 4558 μένης
2399 4482 2643 4556 ἀπαραλ)
2655 4482 2859 4544 άκτως.
2894 4479 3112 4553 Ἐπειδὴ
3138 4478 3197 4531 δὲ
3224 4477 3384 4532 τοῦτο
3417 4476 3638 4546 ἀληθὲς,
3668 4476 3798 4529 ἴδιον

514 4595 580 4637 ea
599 4580 721 4654 quae
744 4580 1016 4641 Genitoris
1039 4592 1189 4650 sunt,
1219 4585 1322 4640 nisi
1349 4566 1413 4639 ex
1446 4585 1561 4655 ipso
1584 4593 1695 4645 est:
1719 4599 1895 4654 neque
1916 4586 2099 4642 insunt

2204 4575 2267 4629 ἂν
2296 4574 2382 4645 εἴη
2408 4575 2657 4645 γέννημα
2692 4573 2786 4627 τοῦ
2821 4572 3033 4644 Πατρός
3070 4573 3099 4624 6
3132 4571 3284 4634 Υἱός·
3312 4569 3373 4623 οὐ
3418 4568 3529 4639 γὰρ
3570 4568 3639 4621 ἂν
3671 4564 3796 4635 ἐφό-

514 4671 663 4728 Patri
691 4688 753 4729 ea
781 4688 903 4744 quae
936 4673 1058 4730 Filii
1098 4683 1244 4741 sunt,
1292 4675 1396 4730 nisi
1436 4674 1489 4730 id
1535 4675 1679 4745 quod
1721 4676 1961 4746 genitum
1992 4685 2098 4742 est,

514 4765 794 4836 proprium
819 4765 1071 4823 essentia
1096 4780 1206 4823 sua:
1236 4775 1401 4823 esset.

951 4945 1182 5013 ALIUD,
1213 4963 1308 5016 per
1333 4914 1647 5016 exemplum.

2207 4684 2332 4740 ρεσε
2369 4669 2511 4722 κατὰ
2546 4667 2707 4738 φύσιν
2741 4665 2812 4719 τὰ
2839 4665 2934 4719 τοῦ
2968 4665 3350 4736 γεννήσαντος,
3381 4661 3482 4715 οὑκ
3508 4658 3587 4713 ὣν
3617 4658 3679 4724 ἐξ
3701 4659 3799 4712 αὐ-

2200 4757 2317 4822 τοῦ,
2342 4758 2448 4811 οὐδ’
2469 4754 2536 4812 αὖ
2574 4756 2784 4829 προσῆν
2813 4754 2890 4827 τῷ
2918 4754 3093 4825 Πατρὶ⁵
3120 4753 3192 4807 τὰ
3223 4750 3318 4806 τοῦ
3351 4750 3719 4821 γεννήματος,
3749 4747 3817 4800 διδ

2205 4850 2282 4924 μὴ
2313 4852 2413 4925 τῆς
2446 4850 2633 4915 οὐσίας
2662 4847 2829 4904 αὐτοῦ
2862 4848 2994 4903 ἴδιον
3023 4847 3239 4919 ὑπῆρχε
3269 4845 3331 4899 τὸ
3369 4843 3658 4917 γεννηθέν.

2534 4962 2764 5026 Ἄλλως
2790 4959 2871 5025 ὡς
2898 4957 2968 5024 ἐξ
3005 4957 3473 5041 ὑποδείγματος..

585 5062 1077 5132 Quemadmodum,
1117 5061 1165 5117 si
1200 5060 1324 5130 quis
1369 5061 1661 5132 imaginem
1702 5062 1906 5131 optime
1946 5062 2097 5133 depi-

2274 5070 2487 5144 ’Ὠσπερ
2507 5069 2572 5125 ἂν
2596 5069 2746 5134 εἴτις
2773 5070 2854 5134 εἰς
2880 5070 3064 5124 εἰκόνα
3086 5056 3569 5141 διαγεγραμμένην
3594 5066 3799 5139 ἄριστα

513 5166 658 5212 ctam
687 5156 867 5213 videat
896 5164 1063 5224 atque
1099 5152 1423 5218 admiretur,
1468 5154 1613 5226 regis
1644 5155 1773 5211 item
1802 5154 2010 5211 vultum
2041 5165 2099 5211 et

2205 5161 2412 5232 βλέποι,
2437 5161 2533 5216 καὶ
2559 5159 2941 5232 ἁποθαυμάζοι
2968 5161 3067 5233 μὲν
3088 5160 3149 5214 τὸ
3169 5158 3264 5214 τοῦ
3291 5159 3554 5231 βασιλέως
3581 5159 3794 5230 σχῆμα,

516 5262 857 5318 quaecunque
880 5247 935 5302 in
957 5245 1049 5301 illo
1063 5253 1365 5301 cernuntur
1383 5245 1584 5300 intueri
1602 5246 1657 5301 in
1683 5246 1876 5302 tabella
1901 5248 2094 5317 possit,

2204 5254 2298 5307 καὶ
2342 5255 2553 5323 ὅσαπερ
2597 5255 2656 5307 ὲν
2698 5253 2893 5325 ἐκείνῳ
2936 5251 3217 5322 φαίνεται,
3260 5251 3435 5306 ταῦτα
3476 5252 3572 5305 καὶ
3623 5252 3684 5303 ὲν
3723 5245 3794 5313 τῇ

517 5338 791 5409 cupiditas
825 5337 975 5392 illum
1020 5335 1261 5392 incessat
1308 5351 1490 5407 regem
1535 5337 1707 5407 ipsum
1748 5339 2008 5393 videndi:
2040 5349 2099 5393 at

2204 5351 2388 5418 γραςρῇ
2433 5345 2730 5415 δυνάμενός
2760 5362 2822 5399 τε
2865 5345 2961 5399 καὶ
3001 5344 3143 5417 ἔχων
3169 5347 3327 5417 όρᾷν,
3371 5347 3453 5408 εἰς
3495 5342 3797 5413 ἐπιθυμίαν

520 5430 712 5486 tabella
740 5431 935 5485 merito
959 5428 1035 5483 illi
1074 5428 1257 5485 dicere
1283 5434 1457 5500 possit
1486 5446 1502 5484 :
1534 5429 1731 5486 Vidisti
1773 5445 1879 5493 me.
1916 5430 2095 5485 vidisti

2204 5431 2346 5484 ἔλθοι
2383 5431 2478 5485 τοῦ
2529 5433 2625 5485 καὶ
2663 5433 2826 5486 αὐτὸν
2860 5435 2990 5488 ἰδεῖν
3031 5435 3124 5489 τὸν
3163 5433 3417 5505 βασιλέα’
3448 5433 3590 5488 εἴποι
3640 5432 3689 5486 δ’
3729 5430 3798 5484 ἂν

491 5534 573 5601 εοι
619 5536 844 5590 regem;
871 5529 929 5577 et
970 5535 1235 5577 rursum:
1273 5521 1388 5593 Ego
1431 5531 1486 5577 et
1533 5538 1625 5577 rex
1673 5538 1840 5577 unum
1883 5537 2093 5587 sumus,

2204 5524 2428 5586 εἰκότως
2455 5522 2594 5595 πρὸς
2629 5523 2791 5579 αὑτὸν
2816 5524 2849 5595 ἡ
2877 5526 3063 5595 γραφή
3084 5541 3098 5554 ·
3143 5524 3202 5579 '0
3237 5525 3499 5601 ἑωρακὼς
3531 5522 3657 5593 ἐμὲ,
3691 5518 3798 5573 Etit-

490 5595 780 5712 jquantum
804 5612 870 5667 ad
892 5612 1187 5683 perfectam
1209 5613 1618 5670 similitudinem
1642 5614 1867 5679 attinet;
1896 5623 1948 5668 et
1975 5628 2035 5668 ru
2046 5629 2096 5667 r-

2206 5632 2342 5687 ρακε
2387 5616 2477 5671 τὸν
2506 5616 2749 5687 βασιλέα,
2783 5619 2878 5670 καὶ
2924 5618 3087 5671 πάλιν
3106 5635 3120 5649 ·
3165 5595 3327 5687 Ἐγὼή
3351 5618 3445 5672 καὶ
3474 5620 3503 5672 6
3532 5613 3791 5689 βασιλεὺς

599 5791 648 5826 ⁸ο
677 5792 846 5864 Apoc.
880 5810 951 5863 tv,
980 5794 1035 5851 9.
1107 5793 1154 5827 ⁶¹
1188 5792 1342 5852 Joan.
1368 5809 1487 5863 vttt,
1516 5793 1601 5849 l2.
1682 5793 1726 5827 ”
1760 5793 1890 5850 Luc.
1924 5808 1973 5859 v,
2006 5793 2098 5851 ‘24.
2176 5796 2221 5827 ⁸³
2248 5792 2407 5855 Joan.
2442 5814 2549 5863 avt,
2592 5799 2673 5856 l3.
2751 5802 2796 5836 ”
2828 5799 2979 5860 Joan.
3016 5819 3151 5872 xvtt,
3188 5804 3272 5860 ιο.
