3996 6412
507 335 612 389 187

1509 334 1565 389 S.
1609 334 1874 391 CYRILLI
1917 331 2390 390 ALEXANDRINF
2423 332 2734 390 ARCHIL‘P.

3667 335 3761 394 188

495 453 735 511 habeant
783 450 928 525 quod
978 466 1008 508 a
1058 453 1290 511 naturali
1351 451 1678 524 proprietate
1731 467 1826 509 eos
1883 452 2068 523 sejun-

2196 467 2299 522 τητι
2329 452 2428 522 τῆς
2472 450 2663 514 οὐσίας
2693 448 2865 502 ὄντων
2903 446 2995 502 καὶ
3025 447 3176 506 οὐδὲν
3209 446 3438 519 ἑχόντων
3470 447 3500 501 ὃ
3532 448 3629 520 τῆς
3665 468 3764 520 φυ-

495 554 608 614 gat.

1173 657 1404 720 ALIUD.

675 772 874 843 Dogma
906 772 1065 830 veluti
1095 790 1161 828 es:
1185 775 1475 844 objectioue
1507 775 1895 831 hwreticorum.

464 874 474 914 ί
568 885 750 949 Pater,
783 887 1050 956 inquiunt,
1094 895 1177 942 est
1231 887 1282 942 in
1309 886 1468 953 Filio,
1512 897 1567 944 et
1597 887 1772 944 Filius
1800 890 1853 944 in
1892 889 2076 954 Patre,

449 976 452 980 ’
495 977 790 1030 secundum
845 977 1111 1031 habitum.
1145 976 1276 1032 Cum
1306 978 1448 1032 enim
1482 979 1627 1033 nullo
1656 982 1816 1034 modo
1869 981 2080 1035 dissen-

497 1066 635 1119 tiant
663 1067 717 1120 in
746 1065 987 1134 judiciis,
1027 1067 1109 1123 vel
1141 1069 1584 1138 cogitationibus,
1620 1071 1716 1126 sed
1748 1085 2080 1140 quaecunque

495 1156 609 1210 vult
635 1155 818 1225 Pater,
854 1173 915 1212 ea
947 1159 1058 1213 vult
1090 1169 1145 1215 et
1171 1157 1365 1228 Filius,
1391 1171 1446 1216 et
1473 1162 1716 1218 vicissim
1743 1177 2079 1233 quaecunque

493 1249 611 1306 vult
631 1251 819 1319 Filius,
839 1253 953 1307 vult
977 1264 1032 1308 et
1063 1253 1244 1319 Pater,
1263 1261 1318 1309 et
1343 1269 1642 1310 consensus
1671 1256 1887 1326 quidem
1915 1265 2080 1324 atque

496 1343 756 1400 identitas
787 1346 1124 1401 voluntatum
1161 1347 1214 1400 in
1242 1348 1322 1401 eis
1349 1345 1802 1416 deprehenditur,
1829 1357 1990 1420 atque
2016 1363 2080 1405 ea

496 1436 706 1492 ratione
729 1435 892 1492 Pater
919 1447 1001 1493 est
1029 1439 1082 1492 in
1112 1437 1272 1504 Filio,
1302 1446 1357 1493 et
1385 1437 1555 1494 Filius
1588 1439 1640 1494 in
1668 1437 1850 1494 Patre.

993 1627 1203 1683 Salutio
1253 1628 1583 1697 objectionis.

473 1723 487 1736 ”
565 1738 776 1797 Licebit
803 1740 965 1808 igitur
987 1741 1148 1798 etiam
1179 1741 1407 1813 angelis,
1441 1747 1534 1794 aut
1567 1738 1687 1794 aliis
1715 1737 2085 1793 rationalibus

494 1833 878 1900 petestatibus,
913 1833 978 1888 de
1008 1833 1201 1902 quibus
1250 1833 1536 1887 Psalmista
1568 1832 1644 1886 ait
1671 1849 1687 1888 :
1723 1850 1742 1887 ι
1775 1831 2085 1887 Benedicite

495 1923 814 1988 Dominum,
846 1939 1037 1980 omnes
1057 1923 1232 1995 angeli
1263 1925 1402 1995 ejus,
1428 1924 1660 1980 ministri
1685 1923 1800 1992 ejus
1822 1923 2084 1983 facientes

493 1998 827 2069 voluntatem
893 2015 1010 2084 ejus
1057 2017 1124 2081 ⁸⁸,
1175 2036 1194 2070 ι
1250 2015 1557 2072 Servatoris
1630 2016 1750 2086 ipsa
1799 2031 1934 2071 voce
1984 2016 2080 2085 uti,

495 2105 800 2176 singuliqne
825 2122 1014 2162 eorum
1049 2109 1235 2164 dicere
1286 2116 1580 2177 poterunt:
1614 2127 1632 2160 ι
1665 2108 1776 2178 Ego
1807 2108 1860 2162 in
1894 2107 2078 2174 Patre,

497 2207 552 2253 et
587 2198 749 2253 Pater
774 2198 827 2252 in
857 2213 962 2254 me.
988 2219 1006 2251 ι
1027 2229 1096 2243 --
1121 2219 1138 2250 ‹
1167 2199 1267 2266 Qui
1293 2199 1425 2253 vidit
1448 2199 1708 2264 tne,vidit
1729 2209 1782 2254 et
1808 2199 2078 2254 Patrem.»

495 2290 706 2345 Nemini
732 2291 876 2345 enim
901 2291 1121 2344 dubium
1137 2301 1239 2355 est,
1257 2291 1385 2362 quin
1411 2293 1591 2346 omnia
1617 2307 1738 2362 qua:
1762 2293 1872 2345 vult
1894 2291 2080 2358 Pater,

495 2383 666 2439 velint
711 2383 873 2438 etiam
920 2383 1108 2454 Angeli
1159 2393 1214 2439 et
1259 2384 1605 2454 Arcbangeli,
1652 2393 1706 2439 et
1754 2384 1978 2450 Throni,
2031 2393 2086 2439 et

497 2473 926 2540 nominationes,
963 2483 1018 2529 et
1053 2473 1391 2540 Potestates;
1441 2490 1613 2545 neque
1651 2476 1945 2547 quidquam
1988 2477 2084 2532 ho-

497 2582 614 2619 rum
637 2566 888 2620 dissentit
917 2582 946 2620 a
969 2566 1244 2622 voluntate
1273 2567 1388 2621 Dei.
1416 2567 1600 2637 Neque
1625 2569 1770 2622 enim
1803 2577 2086 2624 manerent

496 2657 550 2709 in
602 2673 700 2713 suo
736 2661 944 2724 ordine,
984 2659 1088 2714 nisi
1135 2660 1279 2715 hunc
1333 2675 1557 2730 scopum
1619 2661 1720 2715 sibi
1777 2663 2082 2729 popositum

497 2749 760 2804 haberent
776 2751 953 2820 113.
979 2751 1112 2805 Nam
1133 2752 1178 2805 is
1196 2754 1286 2820 qui
1304 2752 1448 2806 aliud
1468 2768 1626 2821 quam
1648 2752 1737 2808 Dei
1755 2755 2083 2810 voluntatem

495 2841 790 2908 qnmrebat.
817 2843 1024 2896 audivit
1047 2861 1060 2896 :
1083 2841 1234 2896 Nunc
1259 2850 1434 2895 autem
1463 2845 1528 2896 ad
1545 2843 1746 2898 inferos
1768 2844 2082 2912 descendes,

495 2944 544 2986 et
617 2933 684 2986 ad
737 2932 1084 2988 fundamenta
1138 2942 1318 2992 terrae.
1373 2935 1429 2989 Si
1479 2951 1609 3006 ergo
1661 2938 2086 3008 unumquodque

471 3039 685 3078 -eorum
717 3039 836 3092 qua:
877 3025 1022 3080 dicta
1060 3036 1204 3093 sunt,
1239 3028 1354 3080 vult
1392 3043 1729 3098 quacunque
1779 3029 1918 3085 Deus
1946 3030 2080 3096 vult,

498 3114 823 3184 ﬁrmumque
851 3117 902 3170 in
935 3132 998 3171 eo
1042 3126 1244 3184 manet,
1292 3133 1557 3188 suamque
1599 3121 1920 3190 dignitatem
1955 3121 2081 3176 reti-

2184 543 2342 613 σικῆς
2374 543 2634 615 ἰδιότητος
2660 541 2956 615 ἀποτέμνει
2982 540 3076 598 τὸν
3105 540 3312 611 ἕτερον.

2873 655 3077 712 ΑΛΛΟ.

2263 769 2482 838 Δόγμα,
2515 767 2597 839 ὡς
2621 766 2690 832 ἐξ
2721 765 3077 834 ἀντιθέσεως
3104 763 3223 820 τῶν
3252 762 3686 834 χριστομάχων.

2261 883 2322 936 '0
2352 881 2562 954 Πατὴρ,
2598 880 2783 951 φασιν,
2812 883 2870 934 ὲν
2911 879 2991 951 τῷ
3027 879 3164 950 Υἱῷ,
3193 879 3288 934 καὶ
3324 878 3354 931 6
3383 877 3511 941 Υἱός
3543 879 3686 931 ἐστιν
3714 881 3768 933 ὲν

2179 974 2258 1045 τῷ
2292 976 2501 1050 Πατρὶ,
2547 974 2690 1028 κατὰ
2723 973 2841 1028 τόδε
2875 973 2938 1027 τδ
2985 974 3197 1043 σχῆμα.
3235 969 3457 1041 Ἐπειδὴ
3503 968 3611 1040 γὰρ
3653 973 3771 1022 κατ’

2180 1067 2370 1121 οὐδένα
2415 1067 2618 1138 τρόπον
2653 1065 3014 1135 διαφωνοῦσιν
3060 1066 3120 1118 ὲν
3158 1067 3271 1127 τοῖς
3317 1063 3605 1132 κρίμασιν,
3645 1061 3678 1132 ἢ
3715 1063 3770 1115 ἐν

2179 1159 2295 1222 τοῖς
2336 1157 2625 1229 νοήμασιν,
2660 1157 2777 1211 ἀλλ’
2804 1155 2948 1226 ἅπερ
2979 1155 3044 1210 ἂν
3075 1157 3105 1210 6
3139 1154 3328 1226 Πατὴρ
3369 1151 3649 1223 βούληται,
3680 1151 3772 1206 καὶ

2181 1249 2210 1302 6
2250 1248 2380 1312 Υἱὸς
2425 1248 2632 1312 ταῦτα,
2670 1247 2766 1302 καὶ
2805 1248 2968 1302 πάλιν
3002 1245 3147 1318 ἅπερ
3182 1244 3250 1300 ἂν
3275 1247 3304 1299 6
3341 1245 3470 1307 Υίδς
3508 1245 3768 1316 ἐθελήσῃ,

2181 1338 2357 1393 ταῦτα
2399 1340 2495 1394 καὶ
2519 1341 2548 1392 6
2582 1339 2795 1411 Πατὴρ,
2836 1339 2930 1396 καὶ
2961 1339 3250 1410 συμφωνία
3279 1355 3364 1402 τις
3392 1338 3488 1391 καὶ
3514 1337 3776 1408 ταυτότης

2185 1429 2507 1500 Θελημάτων
2550 1431 2646 1485 καὶ⁹
2688 1428 2916 1502 γνώμης
2967 1432 3024 1486 ὲν
3080 1430 3266 1493 αὐτοῖς
3312 1429 3590 1500 φαίνεται,
3641 1429 3776 1484 κατὰ

2183 1519 2342 1576 τοῦτο
2371 1521 2563 1594 Πατὴρ
2591 1525 2649 1577 ἐν
2677 1522 2815 1593 Υἱῷ,
2844 1522 2940 1576 καὶ
2969 1522 3100 1586 Υἱός
3132 1523 3280 1576 ἐστιν
3305 1522 3364 1576 ὲν
3393 1521 3589 1594 Πατρί.

2685 1632 2842 1702 Πρὸς
2874 1632 3052 1686 τοῦτο
3083 1632 3288 1697 λύσις.

2268 1741 2504 1817 Ἀρόὗν
2540 1745 2756 1812 ἐξέσται
2792 1745 2887 1800 καὶ
2926 1744 3242 1816 ἀγγέλοιςῆ
3285 1744 3381 1799 καὶ
3415 1743 3607 1808 ἄλλαις
3636 1743 3778 1812 λογι-

2191 1841 2315 1901 καῖς
2338 1839 2622 1909 δυνάμεσι,
2655 1840 2785 1910 περὶ
2807 1831 2884 1892 ὧν
2907 1840 2966 1893 ἐν
2997 1838 3250 1909 Ψαλμοῖς
3278 1839 3496 1909 εἴρηται
3516 1854 3529 1866 ·
3573 1857 3592 1888 ‹
3622 1835 3779 1890 Εὐλο-

2190 1931 2335 1998 γεῖτε
2353 1929 2442 1983 τὸν
2463 1929 2688 2000 Κύριον,
2717 1929 2916 1996 πάντες
2940 1930 2990 1982 οἱ
3017 1931 3234 1999 ἄγγελοι
3262 1927 3450 1993 αὐτοῦ,
3478 1925 3782 1999 λειτουργοὶ

2191 2020 2356 2076 αὐτοῦ
2401 2019 2684 2088 ποιοῦντες
2729 2024 2791 2076 τὸ
2823 2022 3038 2094 θέλημα
3085 2019 3274 2088 αὑτοῦ,
3307 2039 3324 2072 ι
3377 2022 3497 2084 ταῖς
3529 2020 3626 2076 τοῦ
3672 2019 3780 2072 Σω-

2190 2114 2355 2184 τῆρος
2383 2113 2685 2185 κεχρῆσθαι
2720 2117 2943 2184 φωναῖς,
2966 2113 3038 2177 ὡς
3071 2112 3302 2166 ἕκαστον
3336 2113 3510 2167 εἰπεῖν
3532 2129 3544 2142 ·
3587 2129 3608 2163 ‹
3649 2109 3782 2180 Ἐγὼ

2169 2203 2249 2266 ,ὲν
2278 2203 2356 2275 τῷ
2385 2204 2580 2274 Πατρὶ,
2623 2205 2718 2259 καὶ
2751 2207 2780 2258 ὁ
2814 2197 3006 2276 Πατὴρ
3050 2205 3109 2257 ὲν
3151 2203 3311 2274 ἐμοὶ,
3337 2221 3357 2255 ι
3404 2203 3500 2258 καὶ
3535 2221 3554 2252 ι
3614 2203 3654 2254 Ο
3685 2201 3783 2254 ἑω-

2193 2295 2379 2366 ρακὼς
2411 2297 2543 2367 ἐμὲ,
2576 2295 2792 2369 ἑώρακε
2825 2296 2917 2350 τὸν
2945 2295 3185 2366 Πατέρα.
3210 2313 3229 2348 ι
3280 2294 3475 2348 Καίτοι
3516 2293 3681 2347 παντί
3711 2309 3786 2363 τῳ

2191 2386 2367 2457 δῆλον,
2406 2388 2488 2442 ὄτι
2518 2389 2700 2442 πάντα
2725 2390 2825 2443 ὅσα
2862 2388 3114 2459 βούλεται
3146 2386 3310 2453 Θεὸς,
3353 2386 3527 2440 ταῦτα
3572 2387 3786 2448 πάντως

2190 2479 2286 2530 καὶ
2312 2479 2568 2548 Ἀγγελοι
2597 2478 2899 2550 βούλονται,
2927 2480 3022 2534 καὶ
3051 2481 3107 2532 Ἀ
3119 2480 3429 2550 ρχάγγελοι,
3459 2479 3552 2533 καὶ
3577 2478 3784 2548 Θρόνοι,

2191 2567 2287 2620 καὶ
2335 2569 2707 2639 κυριότητες,
2754 2571 2850 2624 καὶ
2889 2570 3196 2636 Ἑξουσίαι,
3249 2569 3342 2623 καὶ
3391 2568 3600 2623 τούτων
3645 2566 3788 2622 οὐδὲν

2191 2658 2496 2728 διαφωνοῦν
2537 2661 2856 2731 εὑρίσκεται
2904 2661 3044 2732 πρὸς
3075 2660 3174 2731 τὴν
3213 2661 3364 2715 θείαν
3407 2660 3687 2731 βούλησιν.
3717 2657 3786 2711 Οὐ

2191 2748 2302 2820 γὰρ
2333 2748 2399 2803 ἂν
2432 2749 2646 2819 ἔμεινεν
2673 2752 2731 2802 ἐν
2757 2753 2823 2821 τῇ
2851 2750 3029 2820 οἰκείᾳ
3062 2750 3235 2816 τάξει,
3274 2750 3349 2820 μὴ
3380 2748 3568 2801 τοῦτον
3603 2746 3790 2817 ἔχοντα

2191 2841 2283 2894 τὸν
2313 2841 2535 2894 σκοπόν.
2574 2841 2632 2894 '0
2671 2841 2780 2911 γὰρ
2809 2841 3000 2912 ἔτερόν
3038 2859 3092 2895 τι
3126 2839 3278 2910 παρὰ
3315 2839 3376 2892 τὸ
3402 2838 3496 2892 τοῦ
3525 2836 3668 2892 Θεοῦ
3709 2835 3791 2888 θέ-

2192 2933 2340 3003 λημα
2369 2934 2628 3003 ζητήσας,
2662 2933 2892 3002 ἢκουσε·
2925 2931 3041 2987 Νῦν
3076 2932 3134 2986 δὲ
3179 2933 3258 2995 είς
3302 2929 3435 3002 ᾇδην
3466 2929 3787 3000 καταϐήσῃ,

2191 3023 2288 3076 καὶ
2315 3026 2396 3087 εἰς
2421 3023 2491 3077 τὰ
2524 3023 2753 3093 θεμέλια
2780 3025 2881 3094 τῆς
2922 3025 3046 3094 γῆς.
3091 3023 3154 3080 Εἰ
3195 3021 3376 3077 τοίνυν
3417 3021 3657 3075 ἕκαστον
3688 3019 3791 3071 τῶν

2191 3116 2496 3185 εἰρημένων
2521 3115 2666 3169 ϐέλει
2701 3116 2800 3186 μὲν
2825 3117 2925 3169 ὅσα
2959 3115 3209 3186 βούλεται
3238 3114 3392 3179 Θεὺς,
3420 3114 3630 3182 ἕστηκε
3657 3112 3701 3165 δ’
3736 3112 3790 3163 ὲν

497 3216 612 3274 net,
650 3208 907 3278 nullaque
951 3210 1168 3264 ratione
1201 3209 1286 3264 his
1319 3209 1442 3264 Filii
1474 3212 1656 3267 verbis
1681 3223 1940 3279 utuntur;
1973 3227 2078 3267 non

2196 3205 2384 3276 τούτῳ,
2416 3206 2511 3260 καὶ
2560 3205 2724 3270 σώζει
2769 3206 2870 3275 τὴν
2917 3206 3129 3261 οἰκείαν
3173 3205 3370 3276 ἀρχὴν,
3412 3204 3507 3258 καὶ
3553 3199 3790 3274 οὐδαμοῦ

497 3314 796 3356 consensus
833 3301 1163 3368 animorum,
1205 3303 1567 3374 identilasth
1609 3305 1948 3360 voluntatum
1991 3307 2082 3360 de-

497 3391 672 3447 clarat
710 3391 907 3447 Filium
939 3395 990 3448 in
1016 3393 1176 3451 Patre
1204 3412 1346 3462 esse,
1380 3407 1436 3451 et
1467 3395 1682 3454 Patrem
1709 3399 1762 3452 in
1795 3398 1951 3458 Filio.
1987 3397 2083 3454 sed

496 3483 805 3537 omnimodo
836 3486 1084 3540 essentia:
1114 3486 1433 3552 similitudo,
1467 3497 1521 3543 et
1550 3487 1810 3543 naturalis
1839 3489 2087 3558 proprie-

502 3575 630 3628 tatis
672 3573 949 3632 identilas.

1176 3781 1408 3838 ALIUD.

568 3891 703 3949 Cum
737 3893 1019 3949 immotum
1068 3903 1122 3951 et
1157 3899 1540 3952 inconcussum
1568 3903 1772 3951 statum
1827 3895 2087 3962 habeant,

499 4000 768 4055 suumque
796 3987 1160 4056 principatum
1197 3998 1416 4043 servent
1445 3988 1644 4058 angeli,
1666 3999 1827 4058 atque
1853 3989 2090 4042 areban-

505 4078 634 4148 geli,
671 4078 900 4149 aliaeque
931 4079 1016 4134 his
1061 4080 1372 4149 superiores
1421 4081 1715 4135 rationales
1769 4087 2088 4150 potestates,

502 4168 848 4223 manifestum
881 4183 1013 4224 sane
1048 4179 1131 4225 est
1156 4185 1249 4225 eos
1276 4171 1692 4225 voluntati'Dei
1747 4186 2089 4240 nequaquam

501 4272 820 4328 repugnare,
851 4261 944 4314 sed
971 4261 1234 4317 creatoris
1261 4260 1492 4330 imperio
1528 4276 1591 4315 ac
1625 4260 1834 4330 legibus
1883 4276 2091 4316 morem

500 4365 710 4418 gerere,
745 4366 1007 4421 suamque
1024 4352 1354 4406 voluntatem
1389 4355 1454 4406 ad
1500 4353 1739 4406 divinant
1764 4367 2083 4423 aggregare,

502 4451 562 4495 ut
589 4441 771 4498 omnia
799 4451 854 4499 et
880 4444 1049 4499 velint
1093 4455 1149 4501 et
1177 4445 1380 4500 faciant
1406 4461 1530 4514 quae
1574 4445 1648 4498 illi
1684 4445 1916 4514 placent.
1938 4446 2092 4513 Quod

501 4549 627 4589 cum
664 4535 737 4590 ita
773 4535 865 4603 sit,
892 4550 1067 4606 neque
1097 4537 1236 4593 ullus
1280 4537 1503 4593 omnino
1561 4536 1852 4603 inllcietur,
1897 4553 2090 4608 quam-

2184 3297 2438 3366 φαίνεται
2481 3299 2604 3362 ταῖς
2648 3296 2744 3351 τοῦ
2801 3295 2931 3352 Υἰοΰ
2982 3297 3326 3368 κεχρημένον
3384 3297 3594 3365 φωναῖς
3621 3335 3636 3362 ,
3678 3292 3794 3362 οὐχὶ

2185 3391 2477 3459 συμφωνία
2507 3390 2609 3460 τῆς
2650 3389 2898 3459 γνώμης,
2927 3387 3137 3443 οὐδὲτὸ
3181 3387 3472 3458 βούλεσθαι
3513 3385 3580 3439 τὰ
3629 3381 3791 3449 αὐτὰ,

2183 3480 2421 3534 δεικνύει
2448 3481 2538 3535 τὸν
2572 3481 2698 3534 Υίὸν
2735 3482 2794 3533 ἐν
2830 3479 3005 3550 Πατρὶ
3034 3479 3128 3534 καὶ
3156 3480 3247 3534 τὸν
3275 3479 3499 3550 Πατέρα
3533 3478 3702 3532 πάλιν
3738 3476 3802 3527 ἐν

2187 3572 2322 3642 Υίῷ,
2351 3573 2522 3646 ἀλλ’ἢ
2553 3573 2648 3642 τῆς
2690 3572 2876 3634 οὐσίας
2921 3570 3346 3640 ἀπαράλλακτος
3379 3570 3668 3643 ὁμοιότης,
3701 3565 3793 3621 καὶ

2188 3665 2222 3736 ἡ
2250 3665 2512 3735 ταυτότης
2541 3665 2644 3734 τῆς
2680 3664 2823 3718 κατὰ
2852 3663 3014 3732 φύσιν
3053 3663 3340 3731 ἰδιότητος.

2875 3777 3080 3832 ΔΛΛο.

2274 3891 2492 3963 Ἐπειδὴ
2552 3891 2807 3963 μένουσιν
2855 3890 3156 3963 ἁκλόνητον
3195 3889 3416 3962 ἔχοντες
3453 3889 3555 3963 τὴν
3602 3891 3794 3946 στάσιν

2191 3984 2286 4039 καὶ
2337 3983 2605 4048 σώζοντες
2657 3985 2757 4054 τὴν
2811 3985 3020 4040 οἰκείαν
3071 3983 3247 4056 ἀρχὴν
3301 3984 3557 4054 Ἀγγελοί
3596 4003 3656 4040 τε
3702 3981 3796 4038 καὶ

2205 4077 2586 4150 ’Δρχάγγελοι,
2621 4078 2716 4132 καὶ
2749 4079 2804 4132 ai
2847 4076 3054 4132 τούτων
3087 4076 3347 4148 ἀνωτέρω
3379 4076 3600 4144 λογικαὶ
3635 4076 3794 4130 δυνά-

2196 4185 2339 4239 μεις,
2369 4167 2637 4239 πρόδηλον
2716 4163 2984 4235 δήπουθεν
3025 4165 3101 4230 ὡς
3149 4165 3212 4219 οὐ
3253 4165 3612 4229 στασιάζουσι
3654 4163 3793 4218 κατὰ

2191 4260 2301 4315 τῶν
2336 4259 2432 4314 τοῦ
2465 4258 2602 4314 Θεοῦ
2635 4258 2987 4331 Θελημάτων,
3023 4258 3138 4312 ἀλλ’
3184 4257 3395 4312 εἴκουσι
3425 4274 3485 4310 τε
3521 4259 3620 4312 καὶ
3660 4257 3792 4310 ὑπο-

2190 4354 2484 4408 τάσσονται
2513 4353 2627 4414 τοῖς
2657 4351 2752 4406 τοῦ
2795 4350 3160 4421 πεποιηκότος
3191 4350 3400 4420 νόμοις,
3434 4350 3531 4403 καὶ
3562 4348 3796 4421 σύμφω-

2194 4462 2284 4499 νον
2318 4443 2507 4515 ἒχουει
2538 4441 2674 4512 πρὸς
2709 4441 2842 4495 Θεὸν
2866 4441 2965 4514 τὴν
2997 4439 3247 4512 γνώμην,
3277 4439 3352 4504 ὡς
3391 4441 3570 4496 πάντα
3607 4439 3795 4512 βούλε-

2200 4536 2325 4590 σθαί
2360 4553 2420 4590 τε
2443 4536 2538 4590 καὶ
2566 4537 2742 4590 ποιεῖν
2771 4535 2982 4607 ὅσαπερ
3019 4532 3167 4604 αὑτῷ
3202 4533 3368 4588 δοκεῖ.
3410 4532 3568 4587 Οὕτω
3614 4532 3796 4586 τοίνυν

501 4627 689 4682 obrem
721 4628 865 4683 solus
891 4628 1060 4683 Filius
1095 4628 1500 4699 Unigenitus,et
1525 4627 1756 4685 Verbum
1785 4646 1847 4684 ac
1875 4631 2085 4698 sapien-

2197 4628 2417 4698 ἔχοντος
2448 4627 2629 4692 τοῦδε,
2669 4628 2766 4684 καὶ
2810 4626 3346 4698 συνομολογουμένου
3395 4627 3550 4699 παρὰ
3602 4628 3795 4690 πᾶσιν,

503 4718 579 4773 tia
604 4720 726 4774 est?
766 4719 1068 4790 Oportebat
1105 4723 1250 4776 enim
1275 4722 1538 4792 profecto,
1576 4723 1621 4778 si
1685 4723 1753 4777 ob
1785 4722 1836 4776 id
1890 4723 2090 4776 dicitur

505 4807 850 4880 Unigenitus,
873 4821 927 4866 et
952 4813 1243 4882 sapientia,
1299 4823 1354 4871 et
1411 4813 1670 4879 Verbum,
1725 4815 1853 4885 quia
1909 4816 2090 4871 omnia

501 4917 627 4971 quae
657 4903 772 4956 vult
810 4903 995 4968 Pater,
1025 4906 1139 4959 vult
1172 4917 1225 4962 et
1255 4906 1390 4976 ipse,
1425 4907 1662 4976 reliquas
1711 4907 1873 4962 etiam
1920 4907 2091 4962 ratio-

505 4995 659 5051 nales
689 5005 974 5052 creaturas
1029 4998 1168 5054 idem
1223 5014 1364 5064 esse,
1428 4999 1727 5070 iisdemque
1787 5000 2093 5056 nominibus

505 5086 624 5141 illas
664 5087 946 5157 appellari,
987 5089 1185 5159 quibus
1217 5089 1397 5146 Filius.
1433 5091 1490 5146 Si
1539 5107 1667 5146 vero
1706 5092 1848 5148 nulla
1886 5108 1953 5147 ex
2002 5093 2090 5160 iis,

505 5188 598 5234 aut
619 5179 1039 5251 Unigenitusest
1065 5180 1256 5247 Filius,
1284 5192 1376 5236 aut
1397 5183 1652 5249 Verbum,
1680 5200 1852 5254 neque
1883 5185 2091 5255 sapien-

508 5270 603 5334 tia,
635 5285 812 5338 ncque
861 5270 1065 5334 lumen,
1125 5287 1302 5342 neque
1366 5274 1640 5344 splendor,
1693 5291 1866 5345 neque
1897 5276 2087 5345 forma,

509 5376 687 5428 neque
741 5361 920 5428 imago
983 5361 1202 5431 Patris,
1267 5367 1632 5426 necessarium
1693 5368 1852 5439 plane
1901 5378 1984 5422 est
2035 5380 2093 5424 ut

509 5451 1026 5516 sentiamus,Filium
1057 5471 1160 5512 non
1183 5472 1301 5515 eam
1324 5459 1392 5514 ob
1422 5477 1638 5516 causam
1671 5461 1870 5518 dixisse
1902 5477 1915 5514 :
1951 5463 2092 5533 «Ego

511 5540 565 5597 in
593 5541 774 5605 Patre,
804 5543 1040 5602 etPater
1070 5549 1121 5604 in
1146 5566 1262 5621 me;
1295 5572 1314 5606 ι
1355 5564 1408 5610 et
1430 5570 1642 5611 rursum
1675 5573 1688 5610 :
1729 5573 1746 5608 ι
1773 5554 1881 5626 Ego
1910 5565 1963 5611 et
1992 5554 2092 5610 Pa»

584 5718 630 5753 ⁶²
655 5717 796 5778 Psal.
827 5737 946 5791 cm,
978 5725 1066 5782 εει).

2194 4723 2316 4776 ὅτου
2351 4721 2414 4793 δὴ
2456 4723 2616 4793 χάριν
2669 4721 2828 4792 μόνος
2873 4724 2902 4774 6
2941 4721 3068 4783 Υἱὸς
3106 4721 3444 4789 Μονογενὴς,
3486 4721 3584 4778 καὶ
3619 4720 3796 4787 Λόγος

2197 4814 2293 4868 καὶ
2333 4813 2497 4882 σοφία
2526 4813 2706 4878 ἐστίνς
2742 4813 2889 4869 Ἔδει
2928 4814 3056 4886 γὰρ,
3106 4815 3265 4886 εἴπερ
3293 4813 3463 4877 ὅντως
3507 4813 3570 4865 τὸ
3615 4812 3798 4864 θέλειν

2197 4908 2298 4962 ὅσα
2346 4908 2442 4961 καὶ
2486 4909 2513 4960 6
2564 4907 2753 4982 Πατὴρ
2809 4907 3091 4979 βούλεται,
3162 4910 3444 4978 Μονογενῆ
3504 4904 3798 4960 καλεῖσθαι

2200 5001 2368 5065 ποιεῖ,
2401 5001 2496 5053 καὶ
2527 5000 2738 5069 σοφίαν,
2781 4999 2874 5052 καὶ
2907 5001 3097 5069 Λόγον,
3127 5001 3222 5053 καὶ
3264 5002 3376 5065 τοῖς
3423 4999 3608 5062 ἄλλοις
3641 4997 3797 5066 λογι-

2202 5093 2320 5158 κοῖς
2350 5092 2613 5164 κτίσμασι
2641 5089 2814 5145 ταῦτα
2845 5091 3135 5162 ὑπάρχειν,
3165 5091 3261 5145 καὶ
3289 5091 3565 5154 τοσούτοις
3591 5090 3798 5161 ὀνόμαο

2201 5201 2286 5239 σιν
2319 5183 2714 5239 ἀποκαλεῖσθαι
2744 5184 2837 5237 καὶ
2863 5185 3024 5249 αὐτὰ,
3057 5186 3320 5256 ὅσοισπερ
3368 5183 3436 5238 ἂν
3467 5183 3558 5236 καὶ
3581 5185 3609 5236 6
3638 5183 3795 5248 Υἱός.

2198 5276 2260 5330 Εἰ
2291 5275 2349 5328 δὲ
2383 5275 2588 5328 τούτων
2617 5273 2791 5339 οὐδὲν,
2819 5273 2941 5328 οὔτε
2971 5277 3286 5347 Μονογενής
3319 5276 3466 5328 ἐστιν
3487 5273 3640 5340 Υἱὸς,
3664 5271 3796 5326 οὔτε

2196 5369 2389 5437 Λόγος,
2410 5367 2533 5421 οὔτε
2574 5367 2755 5436 σοφία,
2779 5366 2904 5421 οὔτε
2937 5367 3074 5438 φῶς,
3109 5367 3233 5421 οὔτε
3266 5367 3630 5438 ἀπαύγασμα.
3664 5365 3796 5419 οὔτε

2203 5461 2407 5534 μορφὴ,
2455 5459 2579 5533 οὔτε
2627 5459 2790 5513 εἰκὼν
2825 5459 2920 5513 τοῦ
2973 5460 3206 5531 Πατρδς,
3245 5461 3543 5529 ἀναγκαῖον
3585 5458 3796 5512 εἰδέναι

2201 5553 2409 5626 λοιπὸν,
2440 5554 2632 5627 ὅτιπερ
2665 5553 2724 5608 οὐ
2756 5551 2813 5607 τὸ
2864 5552 3149 5626 βούλεσθαι
3181 5553 3248 5608 τὰ
3289 5553 3427 5608 αὐτὰ
3475 5552 3550 5626 τῷ
3582 5550 3794 5621 Πατρὶ,
