3996 6418
336 356 447 411 189

1791 352 2056 410 THE‘SAU
2071 353 2226 409 RUS.

3521 362 3624 419 190

333 473 460 528 οὐδὲ
507 470 572 524 τὸ
610 467 746 539 μίαν
781 467 927 538 ἔχειν
973 467 1111 536 πρὸς
1155 466 1320 520 αὐτδν
1362 467 1464 538 τὴν
1503 467 1728 540 γνώμην
1768 485 1944 540 παρα-

2055 480 2128 525 ter
2152 486 2314 524 unum
2340 486 2528 528 sumus
2555 491 2566 526 :
2594 493 2612 526 ι
2639 474 2763 543 quia
2793 476 2978 532 eadem
3011 474 3122 531 vult
3145 491 3262 546 qum
3287 475 3622 542 Pater,eam-

340 562 605 627 σκευάζει
640 561 826 627 λέγειν
859 558 950 612 τὸν
988 558 1153 611 Υἱόν’
1193 578 1211 610 ι
1252 558 1391 626 Ἐγὼ
1423 561 1479 611 ὲν
1507 559 1585 629 τῷ
1617 561 1809 631 Πατρὶ,
1850 559 1944 612 καὶ

345 660 373 708 ὁ
397 655 594 724 Πατὴρ
627 655 693 709 ἐν
728 653 878 722 ἐμοὶ,
918 671 936 703 ι
981 653 1078 705 καὶ
1105 652 1301 706 πάλιν·
1341 671 1359 704 ι
1408 651 1548 720 Ἐγὼ
1570 653 1664 704 καὶ
1700 655 1727 705 6
1755 651 1945 722 Πατὴρ

347 750 401 798 ἓν
432 749 603 815 ἐσμεν
625 759 640 772 ·
686 764 704 795 ι
743 743 863 797 ἀλλ’
892 744 994 808 ὅτι,
1019 745 1119 812 τῆς
1145 743 1236 796 τοῦ
1266 745 1479 815 Πατρός
1509 744 1698 806 οὐσίας
1726 744 1946 814 γνήσιον

345 839 613 908 ὑπάρχων
644 837 924 906 γέννημα,
961 836 1119 906 φέρει
1149 835 1249 904 μὲν
1277 836 1332 887 ὲν
1367 833 1543 904 ἑαυτῷ
1574 834 1665 886 τὸν
1703 834 1944 906 Πατέρα,

338 930 595 997 σαίνεται
629 928 694 981 δὲ
742 928 840 981 καὶ
888 927 1055 988 αὐτὸς
1103 927 1161 978 ἐν
1195 925 1390 996 Πατρί.
1427 924 1670 995 Κρατοίη
1715 923 1758 977 δ’
1799 923 1866 977 ἂν
1918 924 1946 976 6

337 1019 500 1081 αὐτὸς
528 1012 698 1082 οὗτος
729 1019 894 1086 λόγος
932 1018 1029 1071 καὶ
1074 1017 1166 1069 ἐπ’
1209 1013 1512 1086 ἀνθρώπων
1547 1015 1738 1082 ἁγίων,
1768 1007 1848 1078 οἷς
1886 1011 1946 1066 τὸ

335 1109 666 1163 ἀκολουθεῖν
715 1112 834 1172 τοῖς
878 1108 1051 1172 θείοις
1097 1108 1368 1178 θελήμασι
1427 1108 1648 1170 σκοπὸς,
1697 1105 1793 1160 καὶ
1845 1105 1946 1158 οὐκ

333 1203 484 1254 εστιν
512 1203 738 1254 εἰπεῖν·
775 1220 795 1254 ι
848 1200 993 1268 Ἐγὼ
1044 1202 1105 1253 ὲν
1140 1199 1221 1270 τῷ
1253 1199 1449 1271 Πατρὶ,
1487 1199 1583 1254 καὶ
1609 1200 1638 1253 ὁ
1672 1196 1860 1270 Πατὴρ
1888 1198 1947 1252 ὲν

332 1292 480 1363 ἐμοί.
510 1310 533 1345 ι

1051 1401 1256 1458 AAAO.

585 1514 685 1580 Ὠς
721 1513 793 1580 ἐξ
827 1514 1193 1580 ἀντιθέσεως
1230 1513 1349 1567 τῶν
1376 1511 1711 1582 αἱρετικῶν.

408 1651 477 1704 Εἰ
506 1649 572 1703 τὺ
610 1649 930 1712 καλεῖσθαι,
970 1649 1158 1718 φασὶν,
1192 1649 1319 1703 Υἱὺν
1348 1650 1445 1703 καὶ
1484 1649 1668 1702 εῑκόνα
1695 1647 1790 1702 τοῦ
1832 1649 1946 1702 Πα-

343 1745 491 1815 τρὺς.
535 1743 635 1796 ἕνα
668 1742 827 1813 αὐτῷ
853 1743 1000 1796 κατὰ
1029 1741 1195 1811 φύσιν
1223 1743 1517 1812 ἐργάζεται
1548 1741 1642 1794 τὸν
1683 1741 1946 1804 τοιούτοις

2047 562 2277 632 demque
2309 563 2621 619 habetcum
2675 565 2832 622 Patre
2888 568 3052 622 animi
3115 569 3473 630 sententiam;
3526 568 3621 623 sed

2044 653 2194 721 quia,
2231 665 2353 707 eum
2381 655 2451 708 sit
2474 669 2658 709 verum
2689 670 2752 710 ac
2791 657 3083 726 genuinum
3119 657 3367 712 essentia:
3445 657 3621 712 Patris

1989 757 1995 766 '
2045 759 2286 814 germen,
2326 745 2511 814 ipsein
2539 746 2826 801 sePatrem
2846 758 3040 818 gestat,
3099 749 3321 818 ipseque
3377 749 3619 803 vicissim

2048 835 2098 888 in
2135 834 2296 891 Patre
2335 837 2594 890 cernitur.
2632 836 2801 893 Porro
2832 839 3019 894 eadem
3053 854 3266 908 quoque
3305 840 3441 893 ratio
3467 839 3614 892 obti-

2047 935 2168 982 neat
2197 927 2250 982 in
2285 929 2490 985 sanctis
2520 929 2846 992 hominibus,
2867 947 3096 1000 quorum
3123 945 3319 998 scopus
3341 941 3498 998 atque
3531 930 3618 982 iu-

2045 1019 2293 1074 stitutum
2324 1034 2445 1076 cum
2467 1020 2540 1076 sit
2572 1021 2766 1077 divina:
2793 1022 3054 1078 voluntati
3084 1022 3324 1088 obedire,
3373 1023 3439 1074 de
3485 1021 3622 1089 seip-

2044 1114 2122 1168 εἰς
2157 1120 2334 1168 tamen
2367 1113 2552 1170 dicere
2579 1128 2686 1169 non
2718 1120 2946 1184 possunt
2974 1127 2991 1166 :
3028 1131 3047 1164 ι
3075 1112 3190 1183 Ego
3233 1112 3286 1168 in
3352 1111 3530 1175 Patre,
3567 1121 3623 1165 et

2044 1203 2207 1262 Pater
2234 1205 2288 1261 in
2319 1219 2423 1261 me.
2457 1222 2481 1259 ι

2728 1401 2959 1458 ALIUD.
2987 1359 2990 1362 ’

2425 1511 2510 1568 Ex
2532 1513 2818 1584 objectione
2861 1513 3245 1568 Iucreticorum.

2119 1645 2212 1715 Si,’
2235 1649 2500 1720 inquiunt,
2530 1649 2656 1720 quia
2682 1657 2904 1703 vocatur
2926 1647 3096 1701 Filius
3126 1655 3180 1700 et
3217 1645 3394 1715 imago
3423 1641 3622 1704 Patris,

2049 1758 2216 1798 unum
2242 1757 2363 1799 cum
2391 1741 2507 1813 ipso
2538 1741 2860 1797 naturaliter
2887 1739 3016 1794 facit
3044 1755 3168 1794 eum
3201 1739 3290 1808 qui
3327 1737 3623 1804 ejuscemo—

347 1837 606 1905 ὀνόμασιν
659 1832 1208 1904 ἀποσεμνυνόμενον,
1255 1832 1309 1885 τί
1375 1831 1611 1885 κωλύσει
1662 1832 1757 1884 καὶ
1799 1831 1947 1901 ἡμᾶς

2055 1836 2101 1888 di
2139 1835 2448 1890 nominibus
2472 1834 2762 1903 insignitus
2805 1841 2911 1893 est.
2935 1831 3067 1902 quid
3103 1829 3373 1886 obstiterit
3413 1827 3626 1897 quomi-

359 1927 673 1999 ἀνθρώπους
725 1927 911 1993 ὄντας,
963 1925 1268 1996 ἐπειδήπερ
1317 1925 1410 1980 καὶ
1459 1925 1566 1978 υἱοὶ
1609 1923 1946 1994 κεκλήμεθα,

366 2022 460 2072 καὶ
491 2021 604 2072 κατ’
643 2017 830 2072 εἰκόνα
863 2017 1177 2088 γεγόναμεν
1207 2015 1362 2084 Θεοῦ,
1399 2014 1618 2087 ὁμοίους
1656 2011 1795 2070 εἶναι
1828 2017 1948 2071 κατ’

369 2110 553 2164 οὖσίαν
581 2108 718 2178 αὐτῷ
737 2127 751 2174 ;

847 2243 1010 2314 Πρὸς
1039 2243 1218 2300 τοῦτο
1247 2243 1448 2310 λύσις.

426 2357 572 2410 Ἀλλ’
601 2357 740 2428 ἡμῖν
791 2356 915 2428 μὲν,
953 2350 998 2410 ὦ
1034 2357 1323 2426 βέλτιστοι,
1353 2354 1493 2409 κατὰ
1534 2355 1695 2427 χάριν
1720 2371 1734 2385 '
1768 2352 1845 2426 τῷ
1889 2355 1948 2410 δὲ

346 2449 476 2501 Θεοῦ
511 2449 683 2519 Λόγῳ
715 2449 866 2503 κατὰ
894 2447 1057 2517 φύσιν
1087 2447 1244 2501 τοῦτο
1267 2448 1525 2518 ὑπάρχει.
1557 2447 1667 2501 Καὶ
1699 2448 1826 2518 περὶ
1852 2446 1948 2516 μὲν

349 2539 549 2594 ἐκείνου
589 2539 822 2606 λέγεται
845 2554 860 2569 ο
898 2557 918 2590 ι
956 2537 1054 2602 Τίς
1087 2537 1270 2609 ὅμοιός
1302 2553 1384 2590 σοι
1413 2538 1470 2589 ἐν
1499 2535 1660 2599 θεοῖς,
1693 2535 1896 2606 Κύριε;
1925 2554 1942 2586 ι

345 2631 413 2693 ὡς
437 2632 535 2683 οὐκ
559 2631 905 2683 ἐπείσακτον
940 2624 1178 2699 ἔχοντος,
1199 2629 1333 2682 ἀλλὰ
1365 2629 1593 2696 φυσικὸν
1616 2629 1677 2683 τὺ
1709 2629 1945 2698 ἀξίωμα.

341 2722 473 2794 Περὶ
515 2723 573 2776 δὲ
609 2721 814 2793 ἡμῶν·
858 2740 876 2773 ι
941 2721 1085 2789 Ἐγὼ
1127 2717 1291 2774 εἴπαο
1333 2721 1456 2775 Θεοί
1501 2722 1645 2784 ἐστε,
1697 2721 1791 2774 καὶ
1831 2721 1949 2774 Υἱοὶ

346 2817 618 2885 Ὑψίστου
649 2814 883 2878 πάντες.
925 2831 944 2866 ι
991 2813 1184 2883 Ὑμεῖς
1214 2813 1271 2866 δὲ
1306 2813 1370 2884 δὴ
1402 2813 1477 2876 ὼς
1507 2813 1781 2886 ἄνθρωποι
1811 2813 1949 2865 ἀπο-

336 2910 641 2978 θνήσκετε,
673 2907 776 2959 καὶ
806 2905 884 2968 ὡς
913 2900 995 2968 εἷς
1027 2905 1134 2959 τῶν
1179 2905 1454 2975 ἀρχόντων
1489 2904 1739 2960 πίπτετε.
1784 2904 1872 2966 Ὠς
1900 2904 1947 2955 εξ

340 3001 420 3072 μὴ
463 3003 659 3054 πᾶσαν
683 2996 1061 3068 ποιησαίμεθα
1091 2996 1326 3069 σπουδὴν
1359 2997 1440 3063 είς
1479 2996 1537 3051 τὸ
1568 2994 1950 3070 παραιτεῖσθαι

332 3095 395 3147 τὸ
423 3093 662 3163 φαῦλον,
700 3091 898 3162 ῥαδίως
935 3091 996 3156 ἐξ
1027 3085 1102 3143 ὧν
1134 3091 1435 3162 εἰλήφαμεν
1468 3092 1763 3144 ἀποπεσεῖν
1799 3090 1950 3144 δυνά·

2053 1941 2154 1981 nus
2197 1924 2360 1980 etiam
2417 1940 2517 1979 nos
2552 1924 2801 1978 homines
2831 1923 2920 1992 qui
2958 1922 3050 1976 ﬁlii
3085 1935 3339 1975 vocamur
3361 1919 3427 1983 ⁸³,
3451 1927 3505 1972 et
3558 1919 3625 1971 ad

2051 2017 2338 2087 imaginem
2367 2014 2460 2071 Dei
2493 2015 2626 2072 facti
2642 2029 2850 2081 sumus,
2876 2013 3080 2069 similes
3108 2012 3158 2067 ei
3200 2010 3499 2068 secundum
3531 2023 3614 2062 es.

2051 2109 2283 2166 sentiam
2307 2107 2516 2164 simus?

2510 2242 2720 2298 Salutio
2761 2239 3100 2312 objectionic.

2117 2359 2188 2416 At
2215 2359 2391 2424 nobis,
2417 2359 2615 2422 oboni,
2650 2371 2748 2429 per
2766 2355 2998 2426 gratiam
3033 2370 3047 2406 :
3079 2349 3257 2408 Verbo
3303 2337 3482 2403 autem
3532 2346 3624 2400 Det

2051 2455 2101 2508 id
2131 2453 2450 2508 naturaliter
2513 2453 2674 2507 inest.
2749 2451 2827 2504 Ac
2869 2450 2937 2504 de
3000 2446 3091 2500 illo
3141 2445 3356 2512 quidem
3387 2441 3623 2496 dicitur:

2056 2563 2075 2596 ‹
2109 2545 2240 2611 Quis
2261 2545 2454 2600 similis
2493 2543 2583 2598 tibi
2621 2544 2673 2596 in
2699 2542 2822 2604 diis,
2845 2537 3177 2595 Domine"?
3234 2555 3253 2588 ι
3295 2534 3494 2603 quique
3535 2532 3627 2601 qui

2051 2651 2156 2689 non
2187 2635 2440 2696 aScititia.
2477 2632 2570 2687 sed
2605 2632 2832 2685 naturali
2882 2629 3146 2698 dignitate
3215 2624 3474 2694 prmditus
3536 2621 3626 2674 sit.

2055 2726 2213 2798 114
2232 2725 2306 2780 De
2338 2725 2492 2781 nobis
2521 2739 2648 2778 vero
2675 2739 2689 2776 :
2740 2740 2758 2774 ι
2803 2723 2912 2793 Ego
2942 2720 3049 2774 dixi
3082 2737 3096 2774 :
3151 2717 3230 2771 Dii
3273 2716 3424 2778 estis,
3456 2723 3509 2770 et
3535 2711 3626 2765 lilii

2050 2819 2257 2876 Excelsi
2285 2831 2493 2873 omnes.
2535 2815 2640 2870 Vos
2681 2823 2859 2868 autem
2891 2814 3030 2868 sicut
3071 2809 3320 2865 homines
3349 2804 3628 2860 moriemi-

2050 2911 2128 2973 ni,
2165 2918 2220 2963 et
2251 2909 2390 2963 sicut
2421 2921 2559 2961 unus
2597 2903 2904 2974 principum
2940 2901 3144 2956 cadetis
3169 2900 3235 2953 ⁸⁸.
3270 2918 3288 2951 ›
3331 2896 3443 2952 Nisi
3485 2897 3630 2951 enim

2051 3015 2260 3058 summo
2281 2999 2459 3055 studio
2481 2997 2670 3054 vitium
2701 2995 2990 3070 fugiamus,
3023 2992 3180 3050 facile
3210 2991 3274 3049 iis
3297 3003 3418 3063 qua:
3468 3002 3630 3046 acce-

2052 3093 2578 3164 pimusexcidennts.
2643 3091 2966 3159 Accepimus
3015 3097 3192 3141 autem
3255 3083 3506 3153 gratiam,
3572 3088 3633 3134 ut

338 3183 506 3255 μεθα.
565 3182 902 3251 Είλήφαμεν
943 3181 1001 3234 δὲ
1053 3182 1198 3235 κατὰ
1246 3181 1406 3251 χάριν
1434 3181 1494 3234 τὸ
1540 3181 1819 3236 καλεῖσθαι
1852 3183 1947 3234 καὶ

2055 3202 2308 3242 vocemur
2339 3185 2430 3238 lilii
2455 3191 2509 3236 et
2540 3183 2610 3238 dii
2640 3200 2654 3237 :
2713 3196 2833 3251 quae
2864 3180 3079 3249 quidem
3115 3176 3436 3231 naturaliter
3496 3173 3632 3227 Filio

336 3275 446 3326 τίοὶ
476 3274 577 3326 καὶ
605 3273 746 3333 θεοὶ,
774 3271 810 3325 ἃ
835 3272 898 3342 δὴ
924 3273 1173 3340 φυσικῶς
1199 3273 1458 3343 πρόσεστι
1494 3272 1571 3342 τῷ
1600 3272 1734 3342 Υἱῷ.
1769 3273 1947 3326 Είκὼν

337 3365 394 3417 δὲ
427 3365 602 3417 πάλιν
644 3363 1066 3434 χρηματίζομεν
1105 3363 1262 3427 Θεοῦ,
1305 3364 1606 3434 ἐπειδήπερ
1633 3363 1734 3433 τὴν
1762 3363 1950 3433 ἀληθι-

340 3457 435 3528 νὴν
472 3455 669 3508 εἰκόνα
702 3456 794 3508 τὸν
823 3455 996 3524 Λόγον
1023 3454 1189 3508 αὑτοῦ
1228 3455 1553 3526 ἐδεξάμεθα,
1593 3455 1689 3508 καὶ
1729 3454 1948 3525 ᾤκησεν

338 3551 397 3601 ὲν
426 3550 591 3617 ἡμῖν,
625 3547 658 3617 ἢ
711 3548 810 3600 καὶ
848 3548 908 3599 ὲν
935 3546 1270 3610 τελευταίοις
1310 3548 1525 3617 καιροῖς
1559 3545 1948 3618 ἑνηνθρώπησε

336 3641 425 3695 διὰ
453 3641 559 3712 τὴν
590 3639 881 3710 ἡμετέραν
912 3638 1210 3710 σωτηρίαν.
1240 3639 1416 3710 Πολλὴ
1445 3655 1528 3701 τις
1555 3633 1650 3691 οὖν
1691 3639 1786 3691 καὶ
1813 3637 1950 3709 ἄμε-

336 3750 470 3801 τρος
507 3735 544 3803 ἡ
597 3730 862 3802 διαφορὰ,
915 3731 1124 3802 μεταξύ
1163 3747 1222 3784 τε
1267 3731 1424 3801 ἡμῶν
1472 3730 1581 3784 τῶν
1613 3730 1756 3783 κατὰ
1787 3729 1948 3800 χάριν

341 3823 716 3894 κεκλημένων
761 3822 924 3886 υἱῶν,
976 3823 1075 3875 καὶ
1116 3821 1211 3875 τοῦ
1259 3821 1402 3876 κατὰ
1443 3821 1607 3891 φύσιν
1658 3821 1810 3884 ὄντος
1853 3822 1950 3874 καὶ

341 3915 650 3986 ἀληθινῶς.
684 3913 798 3968 Καὶ
839 3913 1080 3983 φλυαρία
1116 3913 1314 3983 μᾶλλον
1343 3913 1500 3984 ὑμῶν
1542 3915 1576 3984 ἡ
1611 3912 1875 3984 πρότασις
1907 3911 1940 3982 ἢ

340 4007 526 4076 νόημα
558 4005 843 4077 χρήσιμον
869 4003 1160 4058 δέδεικται.

1048 4117 1254 4170 ΔΛΛΟ.

415 4233 481 4284 Εἰ
503 4231 720 4302 ταύτης
748 4230 914 4286 ’ἑνεκα
941 4233 1036 4284 καὶ
1068 4232 1236 4302 μόνης
1265 4233 1365 4301 τῆς
1393 4229 1572 4293 αἰτίας
1600 4228 1784 4300 ὅμοιον
1813 4221 1947 4280 εἶναι

341 4324 422 4390 τῷ
455 4323 643 4394 Πατρί
690 4339 829 4392 φατε
875 4322 969 4376 τὸν
1021 4322 1172 4386 Υἱὺν,
1223 4315 1268 4375 ὦ
1317 4321 1696 4393 χριστομάχοι,
1754 4319 1836 4372 ὅτι
1884 4317 1948 4388 δὴ

344 4415 509 4468 πάνθ’
545 4416 654 4468 ὅσα
684 4413 936 4485 βούλεται
973 4413 1000 4465 ό
1034 4413 1244 4485 Πατὴρ,
1274 4411 1446 4466 ταῦτα
1491 4411 1585 4464 καὶ
1628 4410 1812 4474 αὐτὸς,
1849 4409 1950 4462 οὐκ

2057 3278 2558 3335 iasunt.Vocamur
2577 3285 2754 3332 autem
2794 3276 2956 3331 etiam
2980 3275 3157 3344 imago
3192 3271 3308 3338 Dei,
3366 3268 3632 3337 siquidem

2055 3387 2236 3426 veram
2260 3371 2545 3440 imaginem
2569 3369 2804 3426 Verbum
2837 3368 3005 3439 ipsius
3031 3365 3451 3435 suscepimus.et
3485 3359 3631 3416 babi-

2058 3462 2193 3515 tavit
2225 3460 2278 3515 in
2328 3458 2564 3527 nobis”,
2593 3467 2647 3514 et
2679 3458 2885 3513 ultimis
2939 3455 3270 3526 temporibus
3339 3453 3515 3506 factus
3552 3457 3632 3504 est

2059 3555 2220 3608 homo
2260 3562 2482 3622 propter
2523 3561 2761 3608 nostram
2807 3550 3058 3606 salutem.
3109 3548 3297 3618 Magna
3344 3546 3508 3616 igitur
3552 3551 3631 3595 at-

2057 3660 2160 3713 que
2207 3646 2467 3700 immensa
2521 3651 2605 3700 est
2657 3641 2959 3699 diﬂ'erentia
3014 3641 3154 3696 inter
3206 3653 3303 3695 nos
3359 3651 3456 3706 per
3505 3648 3631 3704 gra-

2059 3734 2187 3788 tiam
2221 3744 2442 3791 vocatos
2486 3733 2647 3798 ﬁlios,
2689 3741 2744 3788 et
2766 3747 2889 3788 eum
2921 3730 3010 3801 qui
3043 3743 3168 3784 vere
3205 3743 3269 3783 ac
3313 3725 3632 3781 naturaliter

2056 3832 2141 3878 est
2172 3823 2358 3879 Filius.
2391 3821 2602 3880 Frivola
2633 3822 2798 3892 igitur
2818 3831 2982 3894 atque
3005 3818 3186 3877 inanis
3211 3817 3370 3889 plane
3409 3823 3494 3874 est
3552 3827 3643 3868 ve-

2057 3925 2168 3971 stra
2200 3915 2454 3984 objectio.

2727 4109 2955 4166 ALIUD.

2129 4227 2185 4282 Si
2218 4241 2336 4281 eam
2366 4233 2419 4281 et
2450 4224 2664 4293 quidem
2691 4223 2859 4279 solam
2882 4222 2952 4279 ob
2978 4235 3218 4287 causam,
3264 4232 3381 4284 vos,
3429 4216 3630 4274 Christi

2058 4322 2269 4386 hostes,
2301 4321 2492 4377 Filium
2519 4320 2666 4376 Patri
2700 4318 2934 4376 similem
2957 4331 3078 4374 esse
3109 4315 3309 4376 dicitis,
3353 4313 3480 4384 quia
3513 4328 3625 4368 om-

2057 4415 2146 4471 nia
2170 4431 2291 4485 qua:
2315 4414 2428 4468 vult
2460 4414 2643 4481 Pater,
2673 4413 2859 4468 vultet
2889 4411 3026 4482 ipse,
3053 4425 3157 4465 non
3191 4409 3297 4463 erit
3346 4417 3453 4462 tam
3488 4406 3636 4462 Patri

339 4507 503 4562 ἔσται
537 4506 623 4578 τῷ
670 4507 853 4578 Πατρὶ
882 4507 1084 4579 μᾶλλον
1123 4503 1480 4577 προσεοικὼς,
1520 4502 1659 4557 ἀλλὰ
1695 4502 1808 4564 τοῖς
1855 4500 1947 4553 τοῦ

2057 4507 2270 4572 similis,
2295 4522 2459 4578 quam
2520 4505 2784 4561 voluntati
2841 4503 3043 4559 Patris.
3101 4501 3167 4556 Et
3215 4501 3378 4556 Pater
3419 4499 3632 4569 quidem

341 4602 568 4672 Πατρὶς
623 4599 922 4670 θελήμασι.
976 4599 1088 4653 Καὶ
1139 4601 1168 4652 6
1218 4600 1315 4670 μὲν
1363 4596 1574 4669 Πατὴρ,
1623 4595 1746 4650 καθ’
1783 4594 1948 4664 ὑμᾶς,

339 4693 580 4762 ὀνόματι
616 4691 778 4762 μόνον
807 4690 966 4745 τοῦτό
996 4693 1141 4744 ἐστιν
1161 4708 1173 4720 ·
1199 4692 1226 4744 6
1245 4690 1301 4743 δὲ
1337 4690 1478 4752 Υἱὸς,
1507 4687 1631 4741 οὔτε
1660 4687 1794 4754 υἱὸς,
1825 4685 1950 4740 οὗτε

342 4783 787 4855 ἀπαράλλακτος
814 4781 910 4835 τοῦ
960 4784 1321 4853 γεννήσαντος
1360 4780 1542 4844 εἰκὼν,
1592 4779 1728 4833 ἀλλὰ
1774 4777 1950 4849 μόνων

338 4876 453 4930 τῶν
488 4874 825 4946 θελημόιτων
848 4875 1015 4930 αὑτοῦ
1049 4875 1314 4946 μιμητής.
1361 4872 1514 4926 Ἐπεὶ
1540 4870 1636 4926 καὶ
1678 4873 1705 4925 ὁ
1735 4869 1950 4933 Παῦλος

343 4969 608 5040 μιμητὴς
645 4967 910 5038 ὑπάρχων
933 4967 1026 5022 τοῦ
1050 4966 1290 5038 Χριστοῦ
1313 4967 1408 5020 καὶ
1433 4963 1770 5038 προσεοικὼς
1801 4961 1950 5034 αὐτῷ

341 5061 489 5113 κατά
513 5075 575 5111 τε
604 5058 671 5110 τὸ
704 5057 992 5129 βούλεσθαι
1026 5058 1185 5112 πάνθ’
1218 5061 1318 5112 ὅσα
1347 5057 1442 5111 καὶ
1479 5057 1642 5120 αὐτὸς
1672 5055 1943 5119 ἐϐούλετο,

266 5197 274 5205 .
344 5154 436 5205 καὶ
468 5151 627 5205 κατὰ
655 5150 749 5204 τὸν
779 5151 878 5220 τῆς
904 5151 1254 5214 διδασκαλίας
1282 5151 1458 5220 λόγον.
1495 5149 1606 5221 ἔχει
1640 5149 1736 5219 μὲν
1764 5148 1948 5201 εἰκόνα

343 5245 450 5297 τῶν
506 5243 843 5313 θελημάτων
884 5242 1074 5307 αὐτοῦ,
1124 5244 1227 5296 οὐκ
1271 5243 1386 5296 ἔστι
1433 5242 1490 5294 δὲ
1538 5241 1681 5295 κατὰ
1716 5239 1876 5309 φύσιν
1921 5241 1950 5292 6

340 5336 514 5400 αὐτὸς
564 5336 648 5407 τῷ
682 5334 800 5406 1⁸ίῴ
840 5334 935 5388 τοῦ
983 5335 1141 5390 Θεοῦ.
1183 5336 1247 5388 Εἰ
1283 5335 1341 5388 δὲ
1387 5333 1545 5387 τοῦτο
1582 5333 1782 5387 ἄτοπον
1812 5329 1946 5402 ὁμοῦ

342 5430 442 5482 καὶ
474 5427 706 5491 ἀσεϐὲς,
747 5427 964 5497 ἀνάγκη
996 5427 1185 5496 φέρειν
1215 5424 1313 5496 τὴν
1351 5423 1643 5495 ὁμοιότητα
1677 5421 1818 5476 κατὰ
1848 5422 1945 5492 p.6-

247 5563 258 5580 ε
342 5537 443 5585 νης
497 5519 603 5588 τῆς
650 5518 847 5582 οὐσίας
892 5517 989 5570 καὶ
1019 5519 1147 5580 τοὺς
1184 5519 1285 5587 τῆς
1325 5515 1541 5585 φύσεως
1567 5512 1944 5585 χαρακτῆρας.

340 5611 508 5666 οὕτω
550 5611 664 5682 γὰρ
698 5611 874 5673 ὄντως
918 5608 1282 5679 ἀληθέστερον
1326 5605 1492 5661 εἰκὼν
1533 5605 1627 5660 τοῦ
1677 5603 1889 5675 Πατρὸς
1917 5603 1948 5655 6

2044 4602 2200 4670 juxta
2231 4615 2346 4666 vos,
2382 4600 2603 4655 nomine
2632 4597 2806 4654 solum
2839 4598 2944 4652 hoc
2975 4604 3080 4659 est,
3117 4593 3288 4649 Filius
3312 4600 3494 4646 autem
3541 4604 3632 4643 ne-

2048 4708 2153 4764 que
2177 4693 2338 4755 illius,
2376 4705 2551 4759 neque
2567 4689 2873 4746 omnimoda
2902 4685 3082 4742 Patris
3118 4685 3314 4752 imago,
3340 4682 3432 4735 sed
3461 4679 3633 4734 solum

2046 4783 2343 4840 voluntatis
2369 4781 2486 4852 ejus
2516 4782 2776 4835 imitator.
2802 4777 3082 4847 Siquidem
3112 4784 3169 4829 et
3218 4773 3417 4828 Paulus
3455 4771 3634 4825 imita-

2049 4886 2134 4934 tor
2183 4877 2452 4932 exsistcns
2513 4873 2712 4929 Christi
2755 4871 2824 4939 ⁸¹,
2884 4879 2940 4926 et
3017 4867 3210 4923 similis
3310 4865 3360 4920 ei
3421 4864 3476 4919 in
3569 4876 3633 4916 eo

2047 4972 2190 5045 quod
2240 4970 2400 5026 vellet
2431 4968 2610 5024 omnia
2663 4980 2784 5036 quae
2847 4965 2984 5034 ipse,
3035 4970 3090 5018 ct
3127 4960 3332 5016 ratione
3353 4956 3631 5021 doctrinm,

2054 5063 2217 5118 habet
2245 5061 2462 5132 quidem
2496 5057 2788 5128 imaginem
2819 5055 2989 5127 ipsius
3029 5049 3343 5111 voluntatis,
3391 5062 3500 5101 non
3551 5053 3631 5100 est

2055 5163 2234 5207 autem
2265 5149 2584 5206 naturaliter
2614 5149 2754 5204 idem
2783 5162 2904 5202 cum
2935 5144 3071 5200 Filio
3089 5141 3205 5195 Dei.
3231 5137 3383 5205 Quod
3403 5152 3525 5193 cum
3560 5137 3631 5190 ita

2055 5246 2144 5309 sit,
2164 5243 2456 5297 absurdum
2492 5239 2723 5295 simulet
2779 5236 3004 5306 impium
3031 5240 3134 5295 est,
3163 5231 3214 5284 in
3253 5228 3358 5282 alia
3414 5241 3474 5280 re
3503 5240 3629 5279 con-

2052 5335 2276 5388 stituere
2302 5331 2708 5388 similitudinem
2750 5327 2873 5382 Filii
2897 5339 3020 5380 cum
3060 5323 3241 5383 Patre,
3269 5326 3631 5389 praeterquam

2054 5426 2108 5480 in
2151 5425 2265 5481 sola
2291 5423 2548 5487 essentia,
2609 5429 2665 5476 ct
2711 5420 2763 5473 in
2819 5412 3230 5473 characteribus
3269 5418 3494 5463 natum.
3556 5403 3630 5459 ita

2051 5515 2194 5570 enim
2214 5513 2460 5586 profecto
2476 5513 2658 5568 verius
2683 5510 2860 5578 imago
2881 5505 3060 5561 Patris
3091 5502 3261 5558 Filius
3293 5515 3414 5556 esse
3441 5507 3631 5554 osten~

2053 5607 2220 5675 ditur,
2252 5607 2385 5662 adeo
2411 5614 2470 5661 ut
2499 5604 2681 5660 dicere
2709 5600 2914 5673 possit:
2958 5616 2978 5650 ι
3015 5597 3128 5667 Ego
3152 5597 3205 5651 in
3239 5593 3422 5657 Patre,
3447 5586 3629 5645 ctPa-

427 5794 475 5824 ⁸³
508 5792 656 5849 Paul.
681 5806 879 5857 uxxr,
912 5791 964 5844 6.
1045 5789 1090 5821 ’ὀ
1127 5787 1267 5844 Psal.
1299 5803 1495 5852 cxxxs',
1526 5785 1578 5839 6.
1657 5786 1701 5818 ⁸³
1727 5781 1868 5840 Psal.
1903 5797 2088 5849 LXXXI,
2115 5782 2167 5838 8.
2249 5783 2292 5812 κ
2331 5779 2484 5836 Joan.
2517 5794 2550 5844 l,
2591 5777 2671 5833 lxi.
2751 5777 2796 5807 ⁸⁷
2826 5777 2847 5830 l
2880 5773 3006 5830 Cor.
3040 5789 3114 5840 tv,
3151 5770 3234 5826 16.
