3996 6422
506 374 601 432 191

1529 374 1585 429 S.
1627 371 1898 429 (ZYRILLI
1939 370 2406 429 ALEXANDRINI
2450 372 2776 430 ARCHIEP.

3653 378 3749 434 l9?

504 503 590 547 ter
620 492 814 561 inme;
844 512 864 547 ι
898 500 953 550 et
985 495 1200 550 ruistnn)
1239 511 1251 548 :
1289 511 1307 545 ι
1342 494 1442 562 Qui
1493 494 1628 549 vidit
1685 510 1792 560 me,
1845 492 1979 547 vidit
2023 499 2067 546 el

2183 491 2310 556 Υίὸς
2325 492 2794 564 άναδειχθήσεται,
2815 491 2890 557 ὡς
2920 493 3013 547 καὶ
3026 492 3285 547 δύνασθαι
3308 491 3522 561 λέγειν·
3557 510 3577 543 r
3614 493 3747 559 Ἐγὼ

500 583 737 640 Patrem.
774 602 794 637 ι

918 798 1149 869 ALIUD,
1188 801 1342 856 modo
1388 800 1723 870 explicativo.

453 910 456 914 “
571 909 647 965 Ita
687 920 770 965 est
801 927 961 966 unum
1001 912 1165 970 Pater
1179 924 1234 970 et
1265 914 1452 980 Filius,
1477 930 1651 985 eaque
1675 914 1887 971 ratione
1917 916 2075 972 simi-

500 1001 566 1058 lis
585 1004 684 1073 ipsi
700 1014 805 1067 est,
827 1006 1279 1073 quemadmodum
1298 1007 1349 1060 in
1379 1007 1533 1061 nobis
1550 1006 1717 1061 Filius
1741 1007 1952 1062 ratione
1982 1021 2075 1063 es-

497 1090 681 1145 sentiae
692 1090 887 1147 similis
902 1106 1023 1147 esse
1034 1092 1185 1148 Patri
1207 1093 1604 1165 intelligitur-get
1623 1088 2074 1164 quemadmodum

494 1179 753 1248 splendor
764 1196 830 1236 ex
854 1184 1537 1253 solcprocedens.ldcirco,
1558 1200 1680 1241 cum
1703 1186 1775 1241 ita
1797 1199 1858 1241 se
1873 1185 2076 1243 habeat

495 1274 665 1330 Filius
703 1275 768 1330 ad
796 1275 1312 1348 Patrem,operanto
1344 1278 1480 1334 Filio
1507 1289 1767 1349 operatur
1784 1287 1836 1335 et
1867 1278 2071 1337 Pater:

492 1380 667 1436 eoque
685 1383 897 1423 rursum
953 1370 1018 1423 ad
1042 1379 1261 1427 sanctos
1283 1372 1536 1425 veniente
1560 1371 1709 1425 venit
1740 1370 1908 1426 etiam
1965 1372 2075 1427 Pa-

494 1466 600 1525 ter,
636 1460 777 1515 sicut
847 1461 963 1531 ipse
1004 1463 1119 1517 ait:
1151 1482 1170 1515 ι
1237 1461 1556 1529 Veuiemus,
1597 1477 1696 1534 ego
1719 1471 1772 1518 et
1802 1463 1985 1529 Pater,
2019 1473 2075 1520 et

496 1551 826 1611 mansionem
855 1554 996 1624 apud
1024 1556 1197 1626 ipsum
1238 1554 1496 1611 faciemus
1520 1557 1586 1612 ⁸⁸.
1636 1574 1656 1609 ι
1683 1554 1877 1612 Omnia
1898 1556 2073 1631 enim,

493 1650 554 1697 ut
575 1644 734 1699 modo
759 1645 961 1725 dictum
994 1655 1099 1711 est,
1131 1661 1161 1700 a
1206 1644 1369 1702 Patre
1397 1662 1494 1718 per
1552 1646 1745 1702 Filium
1778 1647 1910 1703 ﬁunt
1937 1666 1951 1703 :
1993 1650 2075 1703 id-

492 1737 641 1791 circo
672 1739 716 1793 si
748 1726 944 1809 quibus
971 1755 1204 1810 unquam
1224 1740 1426 1795 sanctis
1447 1730 1617 1812 gratia
1648 1742 1769 1795 data
1793 1751 1895 1808 est,
1952 1757 2075 1801 eam

494 1827 655 1885 Pater
684 1846 779 1900 per
809 1829 1002 1887 Filium
1031 1814 1257 1903 largitus
1284 1831 1453 1888 fuisse
1489 1830 1645 1903 115
1683 1833 1942 1890 cernitur.
1962 1832 2070 1889 Cu-

2177 583 2236 636 ἐν
2264 581 2344 654 τῷ
2372 584 2565 654 Πατρὶ.
2588 584 2682 638 καὶ
2713 585 2740 638 ό
2769 583 2957 656 Πατὴρ
2982 584 3039 638 ἐν
3073 584 3219 653 ἐμοὶ,
3255 604 3272 636 ι
3301 583 3395 638 καὶ
3418 582 3605 639 πάλιν·
3636 602 3655 635 ι
3692 586 3747 638 ’0

2178 671 2438 745 ἑωρακὼς
2468 673 2592 744 ἐμὲ,
2630 671 2840 744 ἑώρακε
2872 672 2965 726 τὸν
2998 671 3240 745 Πατέρα.
3289 691 3307 723 ι

2408 826 2411 829 λ
2514 806 2716 872 ΔΛΛΟ,
2755 808 2957 877 τρόπῳ
2989 794 3414 878 διητῄματικῷ.
3503 776 3509 787 ι

2248 917 2434 986 Οὕτως
2475 918 2535 974 ’ἐν
2581 921 2721 975 εἰσιν
2763 922 2792 973 6
2842 921 3033 993 Πατὴρ
3081 921 3176 975 καὶ
3215 922 3245 975 6
3288 919 3439 984 Υἱὸς,
3482 919 3577 974 καὶ
3613 920 3750 975 κατὰ

2176 1010 2327 1065 τόνδε
2378 1011 2470 1065 τὸν
2510 1010 2713 1082 τρόπον
2753 1011 3002 1083 ἐμφερής
3049 1011 3199 1065 ἐστιν
3246 1010 3414 1082 αὐτῷ,
3445 1009 3522 1075 ὡς
3556 1010 3621 1065 ἂν
3666 1011 3747 1080 ἐφ’

2176 1102 2334 1173 ἡμῶν
2372 1102 2592 1174 νοηθείη
2623 1102 2737 1167 υίὸς
2768 1102 2903 1175 πρὸς
2928 1102 3021 1157 τὸν
3052 1102 3246 1158 ἐαυτοῦ
3274 1103 3485 1175 πατέρα
3524 1103 3664 1158 κατά
3685 1120 3748 1171 γε

2174 1192 2267 1246 τὸν
2311 1192 2409 1263 τῆς
2454 1191 2642 1256 οὐσίας
2674 1191 2851 1261 λόγον,
2886 1191 2980 1245 καὶ
3007 1190 3084 1257 ὡς
3127 1191 3194 1247 ἂν
3227 1191 3327 1246 ῐδοι
3354 1209 3441 1255 τις
3485 1193 3621 1263 πρὸς
3659 1191 3748 1246 τὸν
3788 1203 3805 1224 ‘

2175 1280 2325 1351 ἥλιον
2354 1280 2415 1334 τὸ
2450 1280 2509 1348 ἐξ
2538 1281 2703 1335 αὑτοῦ
2725 1282 2914 1353 προῖὺν
2943 1282 3305 1353 ἀπαύγασμα.
3338 1282 3437 1337 Διὰ
3461 1282 3569 1355 γὰρ
3600 1282 3748 1336 τοῦτο

2176 1373 2269 1427 καὶ
2293 1371 2381 1427 διὰ
2399 1372 2457 1425 τὺ
2486 1372 2662 1438 οὕτως
2683 1373 2828 1445 ἔχειν
2855 1374 2947 1428 τὸν
2974 1373 3100 1428 Υίὸν
3130 1374 3268 1446 πρὸς
3295 1373 3387 1428 τὸν
3416 1372 3611 1427 ἐαυτοῦ
3644 1374 3751 1427 Πα-

2174 1462 2332 1537 τέρα,
2367 1462 2739 1539 ἐργαζομένου
2777 1462 2873 1519 τοῦ
2927 1462 3084 1526 Υίοῦ,
3123 1465 3153 1517 ό
3207 1463 3399 1536 Πατὴρ
3442 1459 3748 1534 ἐργάζεται,

2174 1555 2271 1610 καὶ
2303 1540 2443 1627 πρός
2468 1557 2595 1619 τοὺς
2625 1555 2815 1624 ἁγίους
2845 1555 3143 1628 ἐρχομένου
3180 1554 3344 1609 πάλιν
3372 1554 3559 1623 αὑτοῦ,
3589 1555 3619 1608 ό
3644 1555 3753 1608 lla-

2173 1648 2279 1718 τήρ
2309 1647 2458 1701 ἐστιν
2500 1648 2529 1701 ό
2573 1647 2888 1719 ἐρχόμενος,
2923 1645 2999 1710 ὡς
3027 1645 3193 1711 αὐτὸς
3221 1645 3421 1716 ἔφησεν
3442 1663 3455 1677 ·
3498 1663 3519 1699 ι
3580 1644 3753 1699 Ἐλευ-

2178 1737 2405 1807 σόμεθα,
2449 1736 2560 1807 ἐγὼ
2608 1739 2704 1791 xa‘t
2744 1738 2774 1791 6
2819 1738 3030 1810 Πατὴρ,
3075 1737 3170 1791 καὶ
3208 1727 3377 1809 μονήν
3433 1739 3564 1809 παρ’
3610 1734 3752 1807 αὐτῷ

2178 1830 2499 1901 ποιήσομεν.
2540 1846 2559 1881 ι
2598 1829 2783 1885 Πάντα
2818 1830 2950 1900 γὰρ,
2996 1829 3248 1901 καθάπερ
3276 1830 3375 1901 ήδη
3405 1829 3750 1901 προείρηται,

485 1919 576 1988 jus
639 1924 716 1977 rei
763 1921 963 1979 Paulus
1016 1926 1165 1979 testis
1212 1931 1317 1989 est,
1377 1922 1445 1978 ad
1476 1925 1738 1993 quosdam
1769 1923 2063 1980 scribens:

2170 1921 2322 1993 παρὰ
2361 1924 2576 1995 Πατρός
2614 1922 2682 1976 δι’
2717 1922 2849 1977 Υἱοῦ
2895 1923 3176 1993 γίγνεταιο
3227 1922 3322 1976 καί
3363 1920 3495 1991 γοῦν
3543 1921 3751 1977 εἴποτέ

495 2031 515 2061 ς
561 1996 745 2068 Gratia
778 2011 932 2070 vobis
948 2015 1009 2071 ἐι
1042 2030 1146 2085 pax
1172 2029 1203 2070 a
1226 2015 1336 2072 Deo
1387 2016 1550 2071 Patre
1598 2026 1653 2072 et
1682 2014 1911 2072 Domino
1942 2015 2070 2073 Jesu

487 2100 703 2158 Christo
728 2102 796 2157 ⁸’.
840 2123 860 2156 ›
900 2105 968 2160 Et
994 2106 1109 2176 ipse
1134 2120 1352 2161 rursum
1380 2105 1507 2161 alibi
1538 2124 1553 2161 :
1598 2122 1617 2158 ι
1648 2105 1768 2176 Ipse
1797 2106 1960 2163 Pater
2015 2118 2074 2166 et

487 2191 631 2250 Deus
650 2203 837 2251 noster
857 2206 913 2252 et
937 2195 1198 2254 Dominus
1223 2208 1409 2254 noster
1434 2197 1592 2255 Jesus
1607 2198 1856 2256 Christus
1875 2200 2074 2272 dirigat

487 2287 630 2341 viam
659 2297 902 2344 nostram
927 2289 992 2343 ad
1032 2303 1128 2345 vos
1176 2289 1246 2346 ’°.
1284 2308 1304 2343 ι
1343 2289 1414 2346 At
1462 2291 1507 2347 si
1543 2308 1649 2348 non
1697 2301 1841 2349 esset
1888 2294 2069 2351 unitas

486 2378 665 2435 Patris
692 2395 819 2435 cum
850 2380 1280 2462 FilioLdixi‘sset
1323 2381 1588 2453 profecto,
1650 2382 1900 2455 Dirigaut
1923 2385 2064 2440 viam

485 2479 754 2536 nostram,
788 2481 846 2527 ut
879 2474 1012 2529 duos
1046 2464 1431 2541 significaret...
1475 2475 1631 2533 Nunc
1656 2470 1787 2535 vero
1842 2478 1896 2533 id
1958 2496 2065 2535 non

483 2564 660 2619 facit:
712 2566 973 2621 unitatem
1057 2576 1238 2622 autem
1308 2565 1488 2624 Patris
1515 2578 1569 2623 et
1625 2569 1746 2626 Filii
1774 2569 2062 2626 manifeste

484 2658 806 2720 observans,
863 2658 1217 2729 singulariter
1271 2660 1431 2726 dixit,
1485 2661 1709 2732 dirigat,
1757 2677 1862 2717 non
1903 2663 2064 2739 quasi

481 2749 733 2804 seorsim.
761 2748 942 2823 Pater,
972 2758 1028 2806 et
1077 2752 1306 2808 seorsim
1363 2751 1536 2810 Filius
1578 2755 1883 2826 suppeditet
1939 2771 2067 2827 gra-

483 2840 636 2905 tiam,
684 2840 781 2896 sed
843 2850 1097 2915 tanquam
1134 2841 1330 2921 ,Pater
1401 2859 1499 2914 per
1576 2846 1772 2902 Filium
1838 2848 1891 2903 in
1940 2848 2066 2918 Spi-

483 2930 591 2985 ritu
633 2941 825 2989 sancto
850 2947 916 2988 ex
941 2948 1046 2988 una
1065 2934 1265 2990 deitate
1288 2928 1770 2995 donasuasanctis
1790 2939 2061 2996 conierat.

2173 2028 2318 2067 τισιν
2345 2012 2522 2083 ἁγίοις
2547 2013 2759 2071 δέδοται.
2785 2015 2967 2086 χάρις,
3005 2012 3229 2085 ταύτην
3250 2016 3279 2068 6
3306 2013 3494 2086 Πατὴρ
3529 2013 3598 2068 δι’
3624 2010 3748 2068 Υίοῦ

2172 2107 2489 2178 χορηγήσας
2516 2106 2787 2176 φαίνεται.
2824 2108 2935 2161 Καὶ
2964 2107 3177 2179 μάρτυς
3214 2107 3243 2160 6
3287 2105 3500 2171 Παῦλος
3527 2106 3748 2177 γράφων

2171 2201 2308 2273 πρός
2333 2216 2518 2265 τινας*
2551 2218 2569 2253 t
2603 2198 2780 2271 Χάρις
2808 2200 2938 2270 ὑμῖν
2967 2199 3063 2254 καὶ
3100 2200 3289 2271 εἰρήνη
3322 2197 3431 2253 ἀπὸ
3461 2197 3603 2253 Θεοῦ
3641 2200 3750 2255 Πα-

2170 2295 2300 2364 τρὸς
2340 2294 2436 2348 καὶ
2472 2292 2680 2365 Κυρίου
2731 2292 2905 2366 Ἰησοῦ
2950 2291 3209 2363 Χριστοῦ.
3258 2311 3278 2345 ι
3320 2292 3490 2347 Πάλιν
3526 2294 3557 2347 6
3598 2291 3750 2356 αὐτὸς

2170 2386 2377 2457 ἑτέροις
2408 2384 2772 2465 ἐπιστέλλωνσ
2817 2401 2836 2437 t
2877 2384 3050 2449 Αὐτὸς
3086 2383 3143 2439 δὲ
3186 2386 3215 2439 6
3251 2383 3442 2457 Πατὴρ
3488 2386 3590 2439 καὶ
3624 2384 3749 2449 Θεὸς

2154 2481 2344 2561 ,ήμῶνν
2377 2480 2470 2535 καὶ
2495 2482 2524 2535 ὁ
2553 2478 2759 2551 Κύριος
2782 2477 2940 2551 ἡμῶν
2982 2477 3193 2550 Ἰησοῦς
3222 2475 3748 2553 Χριστὺςκατευθό-

2166 2592 2256 2629 ναι
2285 2574 2385 2645 τὴν
2418 2573 2536 2628 ὁδὸν
2562 2573 2718 2646 ἡμῶν
2756 2573 2892 2646 πρὸς
2918 2574 3082 2645 ὑμᾶς.
3132 2591 3154 2624 ι
3211 2571 3349 2626 Ἀλλ’
3381 2574 3429 2626 εί
3467 2573 3545 2644 μή
3579 2589 3657 2637 τις
3685 2567 3748 2642 ἦν

2169 2668 2356 2739 ἑνότης
2387 2666 2565 2738 Πατρὶ
2595 2666 2731 2736 πρὸς
2756 2664 2907 2731 Υἱὸν,
2935 2659 3087 2719 εἶπεν
3117 2663 3204 2731 ἂν,
3230 2663 3630 2718 Κατευθῦνοιεν
3657 2661 3747 2733 τὴν

2168 2760 2288 2814 όδὸν
2312 2758 2488 2830 ήμῶν,
2510 2758 2599 2812 ἴνα
2616 2758 2741 2821 τοὺς
2762 2757 2855 2812 δύο
2880 2757 3118 2829 σημάνῃ.
3143 2758 3280 2812 Νυνὶ
3308 2756 3365 2811 δὲ
3385 2755 3550 2811 τοῦτο
3578 2756 3671 2827 μὲν
3690 2754 3746 2808 οὗ

2170 2854 2350 2907 ποιεῖ·
2381 2850 2481 2923 τὴν
2514 2850 2570 2903 δὲ
2598 2849 2949 2925 ἑνότητα-τοῦ
2982 2848 3207 2927 Πατρός
3240 2851 3333 2919 καὶ
3361 2849 3455 2903 τοῦ
3490 2847 3626 2903 Υίοῦ
3657 2863 3748 2917 τη-

2139 2996 2147 3004 ,
2173 2936 2355 3016 ρήσας
2378 2941 2592 3012 σαφῶς,
2624 2942 2685 2996 τὸ
2713 2941 3072 3000 κατευθύναι
3110 2942 3355 2995 τέθεικεν
3394 2941 3625 3005 ἐνικῶςο
3657 2939 3746 3009 οὔχ

478 3020 558 3084 ὡς
607 3022 713 3095 ίδίᾳ
762 3024 862 3095 μὲν
905 3024 1000 3078 τοῦ
1041 3026 1277 3096 Πατρὸς,
1317 3028 1425 3101 ίδίᾳ
1468 3029 1525 3083 δέ
1572 3031 1937 3103 χορηγοῦντος
1964 3034 2059 3087 τοῦ
2102 3034 2256 3101 Υίοῦ,
2326 3034 2443 3090 ἀλλ’
2472 3035 2549 3100 ὡς
2612 3034 2825 3106 Πατρδς
2856 3034 2925 3088 δι’
2957 3033 3086 3088 Υίοῦ
3116 3034 3174 3086 ἐν
3200 3033 3343 3105 ἁγίῳ
3380 3032 3661 3105 Πνεῦματι
3688 3032 3749 3084 ἐκ

478 3113 579 3188 τῆς
619 3117 749 3190 μιᾶς
778 3117 1031 3190 θεότητος
1061 3121 1430 3191 πεμπομένων
1460 3123 1569 3177 τῶν
1597 3126 1954 3197 χαρισμάτων
1984 3128 2064 3192 είς
2102 3130 2227 3194 τοὺς
2265 3128 2476 3200 ἁγίους.
3014 3199 3019 3200 γ
3803 3124 3814 3134 ’

1142 3235 1374 3292 ALIUD.
1417 3262 1461 3277 ··
1560 3274 1581 3281 η
1756 3257 1789 3295 '/

2680 3214 2751 3233 ”
2819 3213 3187 3297 ἈΛΑο.”

554 3349 611 3405 Si
652 3360 935 3420 separatus
983 3358 1129 3404 esset
1183 3348 1483 3405 secundum
1556 3359 1805 3407 naturam
1861 3354 1931 3408 ab
1984 3367 2066 3408 es-

2239 3355 2303 3407 Ei
2324 3353 2627 3426 κεχώριστο
2655 3353 2797 3409 κατά
2828 3353 2992 3424 φύσιν
3017 3354 3115 3423 τῆς
3147 3352 3241 3407 τοῦ
3267 3350 3479 3424 Πατρὸς
3508 3354 3697 3419 οὐσίας
3718 3354 3747 3408 6

480 3442 656 3497 scutis
683 3441 864 3497 Patris
910 3439 1100 3507 Filius,
1123 3450 1178 3495 et
1211 3441 1313 3497 nisi
1372 3442 1516 3497 inter
1557 3456 1653 3498 eos
1685 3444 2064 3512 inseparabilis

480 3536 725 3603 quaedam
758 3534 938 3589 unitas
968 3533 1355 3598 intercederet;
1374 3534 1550 3605 qualis
1573 3545 1656 3589 est
1697 3537 1841 3590 inter
1877 3535 2062 3606 splen-

480 3628 665 3682 dorem
688 3635 741 3680 et
757 3625 948 3693 solem,
982 3624 1248 3681 suiliccret
1279 3624 1453 3683 solum
1480 3624 1697 3681 Patrem
1725 3627 1929 3682 sanctis
1967 3627 2065 3683 do-

483 3734 549 3774 na
574 3717 841 3781 conferre,
879 3731 982 3772 non
1006 3718 1244 3773 admisso
1274 3719 1435 3773 simul
1452 3718 1519 3773 ad
1550 3719 1651 3774 hoc
1672 3719 1832 3774 Filio.
1857 3720 1990 3775 Nam
2015 3721 2063 3777 si

479 3812 675 3865 creata:
701 3816 904 3863 natura:
926 3817 1030 3875 est,
1051 3818 1104 3863 et
1131 3808 1405 3863 diversum
1424 3808 1552 3879 quid
1593 3823 1624 3863 a
1654 3808 1785 3876 Deo,
1804 3825 1965 3879 quam
1990 3812 2061 3867 ob

478 3915 697 3957 causam
731 3915 852 3955 cum
886 3900 1028 3955 nulla
1056 3913 1119 3953 ex
1156 3899 1406 3955 omnibus
1431 3901 1696 3957 creaturis
1750 3900 1861 3958 Deo
1905 3917 2059 3959 com-

478 3992 721 4049 municet
744 3992 809 4046 ad
839 3992 1143 4047 divinorum
1170 3991 1435 4073 donorum
1489 3992 1853 4063 largitionem,
1912 3995 2061 4052 solus

477 4083 593 4152 ipse
617 4080 1164 4138 admittatur2Nemo
1184 4082 1330 4137 enim
1385 4082 1524 4140 ferat
1589 4085 1823 4157 aliquem
1873 4085 2061 4142 dicen-

478 4185 585 4229 tem
613 4189 627 4227 :
661 4174 763 4230 Det
797 4174 890 4230 tibi
923 4175 1210 4245 petitiones
1237 4176 1421 4247 cordis
1449 4176 1525 4231 tui
1597 4175 1742 4233 Deus
1795 4176 1957 4232 Pater
2002 4184 2059 4231 et

475 4266 725 4335 angelus;
771 4267 865 4321 sed
896 4281 1072 4337 neque
1100 4266 1146 4322 si
1183 4267 1312 4337 quid
1338 4268 1512 4338 majus
1569 4267 1762 4337 angelo
1785 4268 2052 4324 nominet.

2167 3445 2315 3512 Υἱὸς,
2349 3447 2445 3501 καὶ
2482 3448 2532 3499 εί
2578 3446 2654 3517 μή
2681 3462 2765 3510 τις
2790 3445 2978 3515 ἑνότης
3015 3441 3337 3506 άδιάστατος
3364 3438 3433 3514 ἦν
3471 3445 3537 3498 ἐν
3572 3445 3747 3507 αὐτοῖς

2161 3538 2355 3590 όποίαν
2400 3536 2513 3608 ἔχει
2542 3536 2623 3590 τὸν
2650 3535 2998 3606 ἀπαύγασμα
3016 3534 3287 3606 ,πρὸςκτὺν
3315 3535 3487 3606 ἥλιον,
3532 3536 3745 3607 ἐξήρκει

2124 3652 2133 3655 -
2162 3628 2256 3682 καὶ
2286 3627 2571 3699 μόνον.τδν
2607 3626 2830 3699 Πατέρα
2855 3629 2968 3691 τοῖς
3010 3627 3507 3709 άγίοιςέπιδιδόναι
3564 3629 3629 3682 τὰ
3652 3644 3746 3699 χιι⁴

2164 3717 2430 3790 ρίσματα,
2465 3719 2541 3789 μὴ
2579 3717 3256 3790 συμπαραλαμϐανομένου
3280 3706 3428 3790 ’πρὸς
3470 3719 3639 3789 τοῦτο
3662 3717 3750 3772 xa't

2161 3808 2257 3863 τοῦ
2289 3809 2443 3865 Υἱοῦ.
2471 3810 2534 3863 Ei
2561 3807 2670 3878 γὰρ
2699 3809 2928 3881 κτιστῆς
2954 3812 3103 3864 ἐστιν
3129 3810 3338 3876 οὐσίας,
3363 3811 3458 3864 καὶ
3484 3809 3679 3882 ἔτερόν
3699 3825 3749 3862 τι

2162 3900 2314 3970 παρὰ
2339 3898 2431 3952 τὸν
2461 3898 2616 3963 Θεὸν,
2641 3901 2794 3953 ποῖον
2826 3897 2940 3969 ἔχει
2966 3898 3124 3970 λόγον
3160 3900 3375 3964 οὐδενὸς
3415 3900 3533 3955 τῶν
3577 3900 3746 3957 ἄλλων

2161 3990 2480 4060 κτισμάτων
2512 3989 2993 4054 ἐπικοινωνοῦντος
3019 3989 3139 4061 Θεῷ
3166 3990 3303 4061 πρὸς
3341 3989 3437 4062 τὴν
3465 3989 3613 4045 δόσιν
3637 3988 3741 4043 τῶν

2161 4078 2323 4134 θείων
2364 4079 2744 4151 χαρισμάτων,
2780 4079 2938 4157 μόνον
2979 4079 3142 4134 αὑτὸν
3177 4068 3735 4149 παραλαμϐάνεσθαις

2160 4170 2235 4224 Οὐ
2281 4169 2389 4242 γὰρ
2435 4170 2689 4237 ἀνέξεταί
2739 4187 2823 4234 τις
2861 4160 3109 4239 λέγοντός
3153 4187 3334 4233 τινοςο
3381 4169 3509 4242 Δοίη
3565 4186 3644 4249 σοι
3674 4168 3737 4222 τά

2158 4263 2439 4334 αἰτήματά
2474 4280 2567 4316 σου
2597 4263 2732 4327 Θεὸς
2771 4263 2932 4333 τυχὸν
2964 4263 2992 4315 6
3026 4252 3215 4335 Πατὴρ
3265 4262 3370 4331 καὶ,
3399 4264 3428 4316 ό
3474 4262 3735 4332 ἄγγελος·

426 4406 429 4413 .
478 4358 589 4414 Soli
619 4359 765 4413 cnim
815 4357 924 4413 Deo
958 4358 1212 4414 convenit
1238 4359 1364 4425 hoc,
1396 4359 1548 4415 dare.
1581 4357 1639 4413 Si
1664 4374 1795 4416 vero
1827 4360 1919 4415 dat
1947 4376 2053 4417 non

2170 4354 2274 4409 Ξιλλ’
2301 4354 2423 4408 οὐδὲ
2451 4354 2504 4410 εῐ
2522 4372 2575 4408 τι
2601 4354 2787 4424 μεῖζον
2814 4354 3133 4424 ὀνομάσειεν
3163 4353 3419 4423 ἀγγέλου.
3447 4355 3614 4425 Μόνῳ
3634 4351 3737 4423 γὰρ

474 4448 737 4506 ουηιίιιιιι
759 4465 821 4506 ex
858 4449 1146 4518 creaturis,
1181 4450 1278 4504 sed
1336 4463 1459 4504 cum
1500 4450 1616 4506 solo
1672 4449 1812 4505 Filio
1856 4461 1911 4507 et
1959 4467 2057 4521 per

2170 4446 2216 4500 :6
2245 4445 2446 4501 διδόναι
2477 4446 2676 4518 πρέπει
2708 4446 2846 4518 Θεῷ.
2895 4448 2958 4500 Ei
2984 4446 3040 4500 δὲ
3067 4445 3305 4512 δίδωσιν,
3334 4448 3397 4500 οὐ
3430 4448 3574 4516 μετά
3600 4460 3739 4507 τινος

473 4542 667 4598 Filium
716 4543 767 4598 in
818 4542 1022 4613 Spiritu
1058 4551 1271 4610 sancto,
1330 4541 1679 4597 manifestum
1738 4544 1873 4599 satis
1926 4544 2053 4600 hinc

2170 4539 2343 4611 ἑτέρου
2369 4538 2477 4593 τῶν
2508 4539 2847 4609 κτισμάτων,
2880 4538 3016 4593 ἀλλὰ
3059 4539 3205 4610 μόνῳ
3236 4539 3334 4592 σὺν
3378 4537 3493 4609 Υἱῷ
3537 4537 3631 4593 καὶ
3670 4535 3736 4589 δι’

428 4658 429 4661 η
473 4634 643 4691 fuerit
675 4636 825 4690 illum
850 4634 1184 4699 naturaliter
1221 4650 1285 4690 ex
1323 4635 1560 4691 essentia
1590 4633 1775 4690 Patris
1805 4637 2048 4705 genitum

2170 4633 2286 4687 Υίοῦ
2316 4634 2375 4687 ἐν
2406 4632 2545 4704 άγίῳ
2574 4631 2877 4703 Πνεύματι,
2919 4630 3077 4702 δῆλον
3107 4628 3359 4684 ἐντεῦθεν
3406 4629 3473 4683 ἂν
3512 4628 3600 4698 εἴη
3647 4626 3736 4681 καὶ

471 4740 614 4793 esse,
634 4726 962 4797 Patremque
1015 4727 1068 4781 iu
1097 4742 1157 4782 se
1209 4727 1765 4801 habere:ipsumque
1806 4728 2046 4784 vicissim

2170 4722 2320 4777 παντί
2356 4739 2432 4794 τῳ
2459 4721 2757 4793 γνώριμον,
2786 4722 2981 4793 ὅτιπερ
3021 4720 3122 4791 τῆς
3167 4722 3357 4784 οὐσίας
3398 4719 3494 4773 τοῦ
3527 4717 3737 4787 Πατρδς

469 4816 820 4873 exsistentem
852 4816 907 4871 in
930 4815 1090 4871 Patre
1110 4816 1294 4887 omnia
1316 4814 1531 4893 emcere
1555 4825 1717 4885 atque
1748 4817 2049 4887 operari,et

2170 4816 2285 4870 ἴδιόν
2326 4816 2444 4869 ἐστι
2484 4813 2754 4886 γέννημα,
2787 4814 2882 4868 καὶ
2911 4814 3001 4869 τὸν
3030 4814 3251 4885 Πατέρα
3280 4812 3418 4884 ἔχων
3449 4813 3509 4867 ἐν
3538 4807 3733 4879 ἐαυτῷ,

470 4910 609 4967 dona
641 4910 846 4965 sanctis
875 4907 1146 4965 conferre.
1171 4908 1324 4976 Quod
1350 4915 1405 4963 et
1443 4907 1650 4983 Paulus
1684 4917 1913 4965 testatur
1969 4910 2051 4966 di-

2170 4904 2318 4969 ιὺτός
2346 4921 2408 4957 τε
2431 4903 2632 4976 ὁμοίως
2657 4904 2920 4976 ὑπάρχων
2946 4904 3004 4958 ἐν
3026 4902 3106 4975 τῷ
3130 4903 3342 4975 .Πατρὶ,
3375 4900 3553 4956 πάντα
3588 4902 3736 4969 ἐνερ-

472 5016 600 5057 ceus
632 5018 647 5055 :
687 5020 706 5055 ι
730 4999 947 5056 Gratias
971 4999 1202 5070 agoDeo
1229 5014 1348 5056 meo
1388 5015 1601 5071 semper
1630 5001 1696 5058 de
1724 5003 1873 5060 vobis
1905 5018 2034 5075 pro-

2170 5001 2241 5069 rei
2268 5000 2363 5053 καὶ
2400 4998 2696 5071 ἐργάζεται
2737 4997 2832 5051 καὶ
2874 4998 3102 5069 χορηγεῖ
3127 4997 3239 5060 τοῖς
3276 4994 3449 5064 ἁγίοις
3492 4991 3595 5056 τὰς
3630 4991 3733 5045 δω-

471 5099 591 5158 pter
612 5089 839 5159 gratiam
871 5087 965 5145 Dei
1014 5102 1135 5158 quae
1180 5087 1302 5143 data
1369 5088 1522 5147 vobis
1577 5092 1632 5148 in
1682 5092 1903 5150 Christo
1955 5091 2049 5149 Je-

2170 5091 2304 5155 aeac.
2352 5090 2463 5145 Καὶ
2514 5091 2724 5163 μάρτυς
2767 5089 2798 5142 ό
2839 5087 3296 5159 Παῦλοςιλέγωνο
3342 5106 3362 5139 ι
3408 5079 3735 5156 Εὑχαριστῶ

422 5214 431 5219 -
465 5195 529 5236 tiu
556 5182 623 5237 ".
657 5199 679 5235 ι
2151 5178 2230 5251 τῷ
2257 5178 2375 5251 Θεῷ
2425 5196 2528 5251 μου
2573 5179 2805 5234 πάντοτε
2851 5178 2981 5250 περὶ
3011 5177 3167 5250 ὑμῶν
3208 5177 3302 5231 ἐπὶ
3327 5178 3393 5249 τῇ
3423 5177 3609 5248 χάριτι
3638 5170 3732 5227 τοῦ

1279 5302 1284 5315 υ
1976 5340 1986 5347 Δ
2152 5267 2286 5323 Θεοῦ
2319 5270 2386 5340 τῇ
2411 5267 2628 5340 δοθείσῃ
2657 5268 2785 5340 ὑμῖν
2818 5267 2878 5321 ἐν
2904 5265 3128 5339 Χριστῷ
3172 5264 3371 5335 Ἰησοῦ.
3420 5284 3441 5317 ι
3556 5338 3565 5347 .

395 5381 412 5445 1
584 5402 589 5409 ε
1010 5392 1013 5397 ·
1154 5380 1385 5439 Αιηπλ
1732 5424 1737 5427 .
2104 5434 2117 5443 ,
2352 5432 2409 5439 ,,
2670 5424 2675 5429 .
2728 5442 2733 5447 λ
2829 5377 3036 5432 ΔΛΔΟ.
3193 5432 3200 5438 ,
3450 5360 3453 5361 ί

2386 5493 2482 5561 Ὠς
2507 5492 2577 5558 ἐξ
2607 5492 2965 5559 ἀντιθέσεως
3001 5482 3122 5546 τῶν
3160 5482 3487 5561 αἱρετικῶν.

2219 5607 2513 5691 Είρὴκατε,
2540 5607 2693 5677 φασὶ,
2727 5607 2893 5681 μηδὲν
2921 5607 3031 5662 τῶν
3076 5603 3390 5679 κτισμάτων
3431 5611 3722 5671 συμπαραο

848 5489 933 5546 Ex
967 5492 1253 5560 objections
1283 5496 1670 5556 hereticorum.

544 5604 784 5674 Dixistis,
809 5607 979 5675 aiunt,
1009 5609 1207 5666 nullam
1244 5622 1615 5667 creaturarum
1647 5611 1756 5669 Deo
1788 5627 2033 5668 commu-

540 5776 584 5807 ⁸⁸
618 5782 771 5840 Joan.
807 5802 913 5855 λιν,
946 5789 1037 5848 25.
1116 5791 1158 5824 ¹¹⁹
1194 5790 1350 5848 Rom.
1382 5809 1421 5856 ι,
1450 5792 1498 5847 7.
1576 5791 1623 5824 ’⁸
1657 5790 1672 5845 l
1707 5789 1867 5847 Thes.
1912 5808 1993 5855 Ill,
2039 5792 2061 5846 i

2202 5788 2617 5858 "lCunt,4.
