3996 6408
321 434 347 487 1
360 433 432 490 93

1776 411 2221 468 TilESAURUS.

324 546 724 619 λαμϐάνεσθαι
752 543 836 615 τῷ
872 541 996 614 Θεῷ
1032 542 1091 595 ἐν
1123 541 1244 604 ταῖς
1276 537 1387 592 τῶν
1432 533 1794 608 χαρισμάτων
1835 533 1955 585 ἑπι-

2071 531 2268 594 nicare,
2299 528 2352 583 in
2389 527 2656 584 donorum
2683 525 3178 599 largitionibus.At
3225 526 3352 597 quid
3395 528 3648 582 statuetis

332 640 532 693 δόσεσι.
570 638 641 691 Τί
683 632 784 692 οὖν
811 637 922 706 ἄρα
948 634 1209 705 ποιήσετε
1247 631 1340 685 τὸν
1371 628 1715 700 πατριάρχην
1757 623 1951 679 Ἰακὼϐ

339 733 698 803 εὑρίσκοντες
729 732 792 783 ὲν
820 730 940 792 ταῖς
986 725 1162 789 θείαις
1197 724 1445 795 Γραφαῖς
1489 721 1616 784 τοὺς
1649 717 1710 784 ἐξ
1751 717 1952 788 Ἰωσὴφ

337 821 670 892 εὐλογοῦντα
715 821 812 875 τόν
857 836 919 872 τε
976 815 1223 888 Ἐφραῒμ
1268 812 1515 886 δηλονότι
1563 811 1659 865 καὶ
1699 809 1791 864 τὸν
1833 809 1954 863 Μα-

333 916 527 984 νασσῆ,
572 915 675 967 καὶ
711 913 986 982 ).έγοντα’
1037 928 1056 962 t
1116 908 1174 962 '0
1226 907 1362 969 Θεὸς
1412 905 1442 956 6
1490 903 1714 976 τρέφων
1767 918 1836 973 με
1888 902 1953 954 ἐκ

328 1008 588 1078 νεότητός
632 1024 744 1077 μου
784 1005 895 1069 ἕως
929 1005 1028 1074 τῆς
1071 1000 1287 1072 ἡμέρας
1333 997 1562 1068 ταύτης,
1607 996 1700 1049 καὶ
1729 996 1757 1047 6
1788 994 1956 1062 ἄγγε-

326 1098 416 1162 λος
444 1100 476 1152 ὁ
519 1097 804 1171 ῥυόμενος
847 1113 915 1166 με
966 1097 1032 1148 ἐκ
1065 1094 1284 1148 πάντων
1315 1089 1423 1144 τῶν
1462 1087 1652 1143 κακῶν
1700 1103 1824 1158 μου,
1864 1085 1956 1138 εὐ·-

326 1192 564 1262 λογήσαι
605 1192 682 1244 τά
723 1189 919 1243 παιδία
950 1185 1166 1252 ταῦτας
1199 1203 1219 1237 ι
1273 1184 1427 1249 Ἰδοὺ,
1465 1182 1650 1253 φησὶν,
1681 1178 1955 1250 ὀνομάσας

325 1285 486 1350 Θεὸν,
525 1284 904 1357 προστέθεικε
935 1281 1034 1335 καὶ
1065 1279 1158 1334 τὸν
1190 1277 1441 1348 ἄγγελον,
1473 1276 1551 1339 ὼς
1580 1273 1824 1342 εὐλογεῖν
1857 1271 1954 1326 σὺν

328 1377 486 1446 αὐτῷ
523 1377 864 1435 δυνάμενον.
1023 1390 1028 1402 “
1097 1379 1100 1382 ’
1577 1378 1584 1383 ’

834 1493 994 1564 Πρὸς
1040 1492 1229 1548 ταῦτα
1261 1491 1464 1557 λύσις.

401 1616 466 1668 Εἰ
495 1609 857 1682 προφητικὸν
899 1608 1232 1681 ἐνυπάρχειν
1265 1609 1484 1680 πνεῦμα
1517 1605 1595 1678 τῷ
1619 1605 1688 1660 τά
1727 1604 1955 1660 τοιαῦτα

334 1707 547 1775 λέγοντι
579 1699 1014 1773 ἐνομολογοῦσιν
1042 1701 1091 1754 οἱ
1122 1701 1510 1772 χριστομάχοι,
1542 1699 1636 1754 καὶ
1663 1698 1954 1752 πιστεύου-

343 1815 426 1851 σιν
457 1799 632 1856 ὅντως
660 1794 825 1860 ἅγιον
870 1791 1045 1864 ἄνδρα
1083 1791 1419 1863 γεγενῆσθαι
1449 1791 1541 1846 τὸν
1583 1790 1800 1856 Ἰακὼϐ,
1830 1791 1954 1844 ὅτου

2055 621 2122 676 de
2147 619 2458 692 patriarcha
2489 619 2679 684 Jacoh,
2705 635 2827 674 cum
2864 621 2918 676 in
2957 621 3133 676 sacris
3169 619 3469 689 Scripturis
3500 618 3649 672 inve-

2054 713 2217 768 nietis
2238 729 2361 768 eum
2384 713 2614 782 posteris
2637 711 2836 781 Joseph
2866 714 3356 780 benedicentem,et
3385 711 3646 781 Ephraim

2055 815 2110 860 et
2142 805 2396 869 Manassi,
2427 815 2480 860 et
2503 806 2772 860 dicentem
2810 821 2822 858 :
2853 794 2874 857 ι
2912 805 3053 859 Deus
3113 805 3204 874 qui
3267 821 3355 859 me
3406 805 3579 857 nutrit
3617 818 3647 853 a

2051 897 2337 968 juventute
2377 909 2494 950 mea
2519 911 2691 966 usque
2722 897 2789 950 ad
2823 898 2968 952 lmnc
2985 897 3150 958 diem,
3177 905 3230 951 et
3271 894 3498 966 angelus
3555 883 3648 963 qui

2057 987 2253 1042 liberat
2285 1000 2371 1040 me
2401 1001 2467 1042 ex
2486 976 2741 1043 omnibus
2773 989 2928 1044 malis
2949 988 3104 1054 meis,
3147 985 3437 1042 benedicat
3466 985 3652 1054 pueris

2056 1079 2177 1135 istis
2208 1079 2276 1134 θ’.
2313 1098 2333 1132 ι
2367 1078 2530 1143 Ecce,
2576 1079 2850 1150 inquiunt,
2917 1095 3038 1136 cum
3091 1079 3425 1134 nominasset
3491 1077 3654 1147 116

2059 1170 2469 1241 Deum,adjecit
2498 1171 2660 1227 etiam
2693 1171 2964 1242 angelum,
3005 1179 3189 1241 utpote
3252 1169 3345 1240 qui
3385 1183 3487 1222 una
3525 1183 3649 1222 cum

2057 1261 2178 1333 ipso
2216 1263 2540 1319 benedicere
2580 1275 2782 1334 posset.
3440 1283 3445 1290 ·
3616 1271 3622 1284 ·

2566 1475 2777 1532 Salutio
2807 1475 2868 1531 ob
2868 1473 3145 1546 jectiom‘s.

2130 1595 2189 1651 Si
2221 1595 2405 1651 hostes
2428 1591 2632 1648 Christi
2660 1591 2900 1647 fatentur
2937 1588 3257 1661 prophetico
3283 1587 3479 1656 spiritu
3503 1585 3654 1641 aliia-

2060 1697 2174 1744 tum
2202 1687 2372 1744 fuisse
2390 1685 2582 1752 Iacob,
2614 1701 2736 1742 cum
2770 1682 3034 1754 ejusmodi
3068 1681 3296 1765 diceret,
3330 1693 3507 1751 neque
3557 1678 3655 1733 dii-

2060 1781 2286 1836 iitentur
2317 1779 2465 1834 illum
2496 1792 2688 1834 revera
2723 1786 2976 1832 sanctum
3015 1775 3195 1829 virum
3227 1773 3420 1838 fuisse,
3454 1785 3652 1842 quam-

344 1887 411 1956 ei»,
450 1886 610 1955 χάριν
649 1879 936 1952 τοσαύτην
979 1880 1130 1952 αὐτῷ
1172 1883 1543 1954 περιτιθέντες
1581 1881 1810 1954 πλάνην,
1851 1881 1955 1934 οὐκ

2071 1873 2244 1929 abrem
2263 1862 2358 1927 eos
2398 1879 2608 1926 tantum
2636 1858 2883 1924 errorem
2907 1868 2956 1922 ei
2985 1865 3263 1921 ascribere
3294 1880 3404 1919 non
3457 1864 3650 1934 pudet,

356 1974 694 2045 αὶτχύνονται
728 1975 811 2036 ὼς
843 1972 1083 2042 ἄγγελον
1120 1974 1414 2028 συνάπτειν
1445 1973 1522 2043 τῷ
1553 1974 1770 2028 πάντων
1813 1971 1955 2044 Θεῷ,

364 2066 458 2118 καὶ
484 2065 737 2120 δύνασθαι
773 2066 1133 2136 συνευλογεῖν
1157 2064 1234 2136 τῷ
1262 2065 1586 2137 πεποιηκότι
1615 2066 1677 2118 τὸ
1701 2065 1766 2118 δι’
1789 2062 1957 2119 αὐτοῦ

361 2160 646 2230 γενόμενον
674 2159 970 2231 νομίζειν;
1021 2158 1086 2212 Ei
1132 2158 1189 2212 δὲ
1226 2158 1386 2211 τοῦτο
1421 2157 1642 2222 ἄτοπον,
1680 2157 1957 2211 ἀκουέτωο

355 2268 450 2305 σαν
485 2253 580 2306 καὶ
603 2253 753 2323 ,παρ’
783 2251 980 2323 ἡμῶν.
1029 2252 1094 2304 Εἰ
1146 2249 1246 2321 μὲν
1275 2250 1430 2319 ἅγιον
1465 2249 1637 2314 ὅντως
1672 2249 1960 2304 πιστεύετε

343 2343 678 2415 γεγενῆσθαι
740 2344 839 2398 τὸν
905 2341 1139 2408 Ἰακὼϐ,
1208 2340 1490 2395 παύσασθε
1548 2341 1962 2413 δυσφημοῦντες

337 2435 500 2488 αὐτόν
523 2455 537 2467 ·
575 2433 801 2505 ζητεῖτε
831 2434 891 2488 δὲ
927 2433 1132 2506 μᾶλλον
1159 2432 1267 2485 τῶν
1294 2431 1602 2502 εἰρημένων
1634 2429 1764 2502 παρ’
1793 2428 1958 2484 αὐτοῦ

343 2527 436 2598 τὴν
460 2526 647 2598 ἁληθῆ
679 2526 952 2581 διάνοιαν.
986 2528 1050 2580 Εἰ
1073 2525 1132 2579 δὲ
1160 2525 1261 2579 οὐκ
1288 2521 1357 2597 ἦν
1381 2523 1558 2593 ἅγιος,
1581 2522 1720 2595 πρὸς
1753 2523 1809 2576 δὲ
1846 2526 1962 2588 τοῖς

341 2620 518 2682 ἄλλοις
568 2619 762 2676 ἅπασι
814 2619 912 2674 καὶ
968 2618 1130 2672 τοῦτο
1179 2618 1361 2688 λέγειν
1401 2617 1659 2688 τολμᾶτε,
1720 2618 1774 2671 τί
1826 2617 1962 2690 πρὸς

335 2711 692 2784 ἀνατροπὴν,
711 2712 792 2776 ὡς
812 2711 1020 2780 οἴεσθε,
1037 2711 1149 2768 τῶν
1170 2710 1448 2766 τοσούτων
1479 2709 1576 2765 καὶ
1599 2709 1959 2781 τηλικούτων,

333 2806 534 2879 ἀνδρὸς
575 2807 684 2878 οὐχ
729 2805 892 2876 ἁγίου
928 2805 1127 2877 φέρετε
1173 2805 1392 2877 φωνήν;
1439 2803 1815 2876 Παρελθόντες
1853 2821 1963 2857 τοι·

329 2898 548 2970 γαροῦν
605 2899 714 2963 τὰς
773 2899 932 2969 ὑμῶν
969 2896 1236 2970 ἀμαθίας,
1274 2893 1691 2969 ἑρμηνεύσομεν
1734 2895 1856 2950 καθ’
1903 2895 1964 2952 ὃν

325 2992 416 3044 δεῖ
461 2991 700 3064 τρόπον
733 2990 836 3044 τοῦ
887 2990 1236 3064 πατριάρχου
1289 2991 1417 3054 τοὺς
1464 2989 1680 3060 λόγους.
1734 2989 1823 3053 Ὠς
1855 2989 1964 3059 γὰρ

328 3082 480 3155 ἀνὴρ
514 3083 683 3152 ἇγιος
711 3082 812 3136 καὶ
845 3081 1127 3153 Πνεύματι
1151 3081 1282 3151 θείῳ
1319 3080 1454 3152 πρὸς
1487 3080 1587 3153 τὴν
1620 3080 1826 3151 γνῶσιν
1855 3078 1964 3133 τῶν

327 3177 432 3247 τῆς
467 3175 774 3238 εὐσεϐείας
825 3175 1118 3246 δογμάτων
1163 3166 1706 3245 παιδαγωγούμενος,
1748 3172 1965 3246 πρῶτον

2065 1973 2299 2036 quantus
2343 1974 2448 2030 est,
2469 1962 2718 2034 angelum
2756 1961 2868 2015 Deo
2903 1959 3069 2014 totius
3122 1957 3361 2013 universi
3424 1955 3653 2024 conjun-

2065 2074 2192 2130 gere
2218 2067 2272 2112 et
2296 2067 2488 2128 putare
2519 2065 2830 2112 creaturam
2869 2052 3031 2108 simul
3055 2067 3174 2105 cum
3205 2065 3268 2105 eo
3289 2065 3319 2104 a
3347 2065 3452 2119 quo
3472 2057 3656 2103 creata

2063 2160 2146 2205 est
2175 2150 2499 2206 benedicere
2527 2146 2728 2218 posse?
2767 2145 2824 2201 Si
2861 2160 2990 2200 vero
3038 2144 3142 2200 hoc
3201 2143 3499 2220 absurdum
3551 2143 3655 2207 est,

2065 2242 2290 2297 audiant
2336 2256 2366 2295 a
2412 2239 2590 2298 nobis.
2632 2237 2690 2294 Si
2723 2245 2968 2292 sanctum
2997 2231 3222 2290 omnino
3255 2231 3422 2288 fuisse
3478 2233 3656 2286 virum

2063 2333 2232 2390 Iacob
2259 2344 2574 2404 persuasum
2601 2315 2836 2394 habetis,
2871 2327 3103 2382 desinite
3150 2324 3421 2394 ejusmodi
3465 2333 3658 2380 contu-

2047 2423 2226 2480 ‘melia
2256 2438 2379 2477 eum
2403 2435 2634 2478 onerare
2667 2439 2682 2476 :
2719 2427 2775 2473 at
2808 2418 2988 2488 potius
3034 2431 3221 2472 eorum
3253 2430 3375 2486 qua:
3397 2414 3535 2469 dixit
3558 2427 3656 2468 ve-

2065 2530 2182 2570 ram
2222 2513 2548 2569 sentcntiam
2580 2509 2925 2580 investigate.
2954 2507 3012 2563 Si
3038 2516 3218 2563 autem
3269 2517 3491 2563 sanctus
3550 2505 3656 2562 non

2066 2607 2190 2672 fuit,
2236 2616 2290 2662 et
2312 2614 2512 2676 praeter
2535 2605 2639 2658 alia
2674 2604 2780 2658 hoc
2804 2602 2990 2679 etiam
3015 2601 3198 2656 dicere
3257 2583 3492 2664 audetis,
3557 2614 3660 2654 cur

2068 2701 2135 2754 ad
2168 2697 2567 2755 subvertendas
2598 2710 2686 2752 res
2710 2694 2846 2749 tanti
2873 2693 3140 2749 momenti
3193 2693 3528 2749 auctoritate
3552 2692 3656 2746 viri

2067 2775 2655 2847 nonsancti’utimini?
2703 2787 2974 2842 Caeterum
3031 2802 3132 2842 nos
3189 2786 3411 2842 omissis
3459 2784 3660 2840 vestris

2067 2882 2460 2948 deliramentis,
2493 2880 2820 2952 patriarchae
2849 2878 3012 2934 verba
3042 2863 3315 2950 quomodo
3349 2871 3659 2949 intelligen-

2067 2976 2134 3030 da
2156 2975 2289 3039 sint,
2317 2973 2738 3046 explicabimus.
2771 2971 2908 3027 Nam
2945 2981 3007 3028 ut
3038 2973 3122 3046 vir
3143 2979 3365 3026 sanctus
3393 2979 3447 3025 et
3476 2985 3505 3024 a
3537 2968 3662 3039 Spi-

2071 3068 2176 3124 ritu
2202 3068 2387 3124 divino
2422 3068 2489 3123 ad
2518 3066 2764 3122 notitiam
2803 3059 3117 3134 dogmatuin
3159 3062 3382 3134 pietatis
3435 3062 3657 3138 ductus,

2067 3163 2305 3233 primum
2329 3160 2550 3230 quidem
2574 3159 2712 3234 dixit
2753 3175 2766 3211 :
2807 3157 2954 3213 Deus
2985 3157 3076 3234 qui
3109 3156 3288 3210 nutrit
3310 3145 3396 3210 me
3419 3154 3656 3223 ajuven‘

335 3244 441 3338 μὲν
505 3269 764 3341 ἔφησεν·
823 3269 884 3324 '0
929 3244 1061 3333 Θεὸς
1111 3269 1140 3323 6
1182 3267 1404 3339 τρέφων
1478 3244 1546 3339 με
1593 3269 1660 3322 ἐκ
1715 3244 1963 3338 νεότητός

2073 3260 2186 3308 tute
2245 3250 2698 3316 mea,b'enedicat
2731 3247 2913 3318 pueris
2944 3247 3117 3302 hisce.
3167 3245 3374 3300 Deinde
3421 3246 3539 3300 ait:
3598 3244 3665 3298 Et

337 3380 467 3432 μου,
508 3363 823 3434 εὐλογήσαι
854 3361 924 3416 τὰ
963 3360 1156 3415 παιδία
1185 3360 1380 3415 ταῦτα.
1412 3356 1548 3414 Εἶτά
1589 3377 1723 3432 φησι
1751 3376 1763 3390 ’
1796 3359 1908 3414 Καὶ
1935 3360 1964 3413 6

338 3456 580 3524 ἄγγελος
621 3457 653 3509 ὁ
685 3454 960 3536 ρυόμεὶνός
991 3471 1060 3527 με
1097 3456 1162 3508 ὲκ
1191 3454 1413 3510 πάντων
1446 3453 1561 3534 ,τῶν
1603 3453 1796 3508 κακῶν
1823 3470 1926 3526 μου
1939 3451 1960 3484 ὀ

337 3550 428 3602 ἵνα
454 3550 549 3604 διὰ
578 3549 685 3621 μὲν
699 3548 800 3603 τοῦ
820 3530 1029 3618 λέγειν,
1059 3549 1120 3601 '0
1137 3547 1290 3615 Θεὸς,
1311 3530 1552 3620 σημαίνῃ
1582 3547 1675 3602 τὸν
1700 3548 1918 3620 Πατέρα
1943 3563 1958 3578 ⁸

339 3641 430 3695 διὰ
463 3642 529 3696 δὲ
555 3641 658 3694 τοῦ
701 3640 917 3710 λέγειν,
978 3640 1037 3694 '0
1061 3639 1316 3709 ἄγγελος,
1350 3639 1442 3693 τὸν
1481 3637 1542 3704 ἐξ
1567 3639 1736 3694 αὐτοῦ
1758 3639 1958 3710 Λόγον.

343 3733 506 3806 ’ῌδει
547 3733 666 3806 γὰρ
721 3733 807 3787 ὅτι
853 3731 1103 3787 καλεῖται
1155 3731 1217 3785 τὸ
1264 3731 1439 3803 ὄνομα
1491 3731 1682 3798 αὐτοῦ,
1721 3732 1967 3803 μεγάλης

344 3826 555 3897 βουλῆς
591 3825 891 3896 ’Δγ-ίελος.
929 3826 1054 3879 Ὅτι
1091 3823 1149 3877 δὲ
1175 3824 1267 3877 τὸν
1307 3823 1437 3878 Υίὸν
1468 3823 1658 3878 ἐνθάδε
1689 3825 1845 3895 φησὶ,
1872 3825 1967 3878 καὶ

343 3922 411 3974 οὐ
440 3919 703 3975 τοιοῦτον
732 3917 994 3989 ἄγγελον,
1021 3917 1205 3971 ὁποῖον
1239 3918 1273 3988 ἡ
1305 3915 1776 3988 συνήθειαδίδωσι
1801 3919 1965 3986 νοεῖν,

346 4013 614 4067 ἐντεῦθεν
636 4010 797 4065 ἔσται
818 4009 1158 4081 καταφανές.
1181 4007 1438 4081 Εἰρηκὼς
1459 4007 1590 4079 γὰρ,
1623 4009 1683 4061 '0
1709 4008 1965 4078 ἄγγελος,

343 4105 450 4176 οὐχ
489 4105 687 4175 ἵστησι
729 4103 898 4176 μέχρι
945 4101 1142 4156 τούτου
1181 4100 1274 4156 τὸν
1323 4099 1502 4170 λόγον,
1554 4098 1693 4154 ἀλλὰ
1733 4100 1970 4172 προστέ-

346 4203 577 4256 θεικεν·
623 4219 645 4254 ι
704 4203 768 4255 '0
819 4201 1087 4274 ρυόμενός
1138 4220 1207 4274 με
1254 4205 1320 4258 ὲκ
1364 4203 1584 4256 πάντων
1627 4201 1736 4254 τῶν
1781 4201 1970 4257 κακῶν

349 4311 482 4367 μου.
515 4313 539 4348 ι
571 4295 811 4367 ’Ἰδωμεν
840 4295 1024 4350 τοίνυν
1059 4298 1125 4350 ὲκ
1158 4296 1268 4352 τῶν
1299 4295 1467 4370 αὐτοῦ
1503 4295 1786 4367 ῥημάτων,
1818 4297 1866 4348 εί
1896 4297 1971 4367 μὴ

347 4390 380 4440 6
412 4387 556 4451 Θεὸς
582 4383 656 4460 ἦν
682 4389 712 4442 6
747 4389 1016 4461 ῥυόμενος
1051 4389 1238 4459 αὐτὸν,
1273 4389 1412 4444 ἀλλά
1457 4407 1542 4454 τις
1585 4387 1696 4442 τῶν
1725 4386 1970 4459 γενητῶν

347 4484 636 4551 ἀγγέλων.
835 4525 848 4534 .
1288 4510 1290 4512 τ
1643 4511 1646 4513 λ
1911 4492 1938 4537 ,·

2069 3341 2294 3413 angelus
2322 3341 2415 3412 qui
2449 3340 2648 3396 liberat
2680 3354 2767 3395 me
2803 3338 2870 3393 ab
2889 3337 3143 3393 omnibus
3195 3336 3353 3392 malis
3383 3335 3556 3405 meis,
3606 3345 3666 3390 ut

2069 3452 2194 3493 cum
2221 3436 2468 3492 nominat
2490 3430 2681 3500 Deum,
2714 3423 2990 3503 intelligat'
3019 3431 3243 3486 Patrem
3277 3447 3290 3484 :
3325 3419 3450 3485 cum
3492 3443 3664 3500 ange-

2069 3530 2180 3587 lum
2206 3573 2221 3599 ,
2275 3527 2512 3588 Verbum
2535 3545 2602 3586 ex
2650 3527 2815 3585 Patre
2859 3512 3150 3600 signiticet".
3198 3541 3204 3546 '
3241 3527 3459 3582 Sciebat
3491 3512 3663 3580 ἐιιίιιι

2070 3625 2253 3680 vocari
2285 3637 2483 3678 nomen
2510 3621 2647 3692 ejus,
2667 3621 2848 3691 magni
2890 3619 3106 3676 consilii
3138 3616 3458 3690 Angelus”.
3512 3615 3666 3683 Quod

2069 3729 2200 3772 vero
2223 3713 2388 3770 Jacob
2421 3713 2494 3768 ibi
2510 3710 3049 3790 Filium_sigtiiﬂcare
3067 3709 3319 3776 voluerit,
3351 3722 3457 3762 non
3485 3715 3664 3762 autem

2073 3805 2233 3862 talem
2260 3792 2536 3877 angelum,
2562 3805 2781 3872 qualem
2811 3803 3154 3858 consuetudo
3183 3809 3268 3855 est
3317 3814 3516 3855 vocare
3571 3813 3669 3852 an-

2053 3900 2435 3972 .gelum,inde
2463 3896 2814 3952 manifestum
2859 3904 2965 3951 est.
3012 3894 3146 3948 Cum
3204 3893 3372 3958 enim,
3420 3891 3666 3961 angelus,

2071 3991 2230 4057 dixit,
2265 4005 2374 4046 non
2408 3987 2555 4043 sistit
2583 3987 2637 4041 in
2664 3999 2729 4040 eo
2754 3998 3088 4062 sermonem,
3120 3981 3215 4035 sed
3277 3978 3468 4034 addit:
3508 3994 3527 4028 ι
3564 3977 3666 4044 Qui

2074 4087 2275 4144 liberat
2305 4097 2396 4138 me
2417 4097 2486 4136 ex
2527 4079 2803 4140 omnibus
2867 4075 3026 4129 malis
3075 4072 3231 4128 meis.
3301 4090 3321 4123 ι
3377 4069 3670 4147 Videamus

2057 4178 2260 4246 .itaque
2284 4187 2352 4229 ex
2374 4170 2555 4241 ipsius
2582 4167 2788 4234 verbis,
2823 4181 2892 4238 an
2947 4178 3054 4218 non
3107 4163 3178 4217 sit
3214 4161 3358 4228 Deus
3403 4160 3495 4231 qui
3543 4175 3666 4214 eum

2061 4271 2360 4326 .liberatex
2391 4263 2646 4323 omnibus
2670 4260 2828 4317 malis
2874 4258 3013 4326 suis,
3043 4257 3139 4314 sed
3171 4254 3374 4327 aliquis
3401 4268 3468 4309 ex
3499 4267 3669 4323 ange-

2058 4365 2144 4420 lis
2171 4362 2398 4419 creatis.

366 4595 718 4677 ’Δπᾴδειξις
758 4596 1028 4677 ςφεξῆςι
1055 4597 1166 4677 ὅτι.
1192 4595 1339 4661 Θεὸς
1372 4591 1460 4677 ἥνί
1493 4599 1527 4650 ὀ
1566 4597 1880 4677 ρυᾴρενος
1905 4592 1963 4647 ἐκ

2083 4575 3379 4677 Dem°"8"'a'tér-_-l’.c:'31f.$593!?”
3437 4571 3672 4677 ρεπεατ-

425 4668 688 4722 πάντων
713 4665 836 4722 τῶν·
871 4665 1076 4722 κακῶν·
1106 4669 1215 4722 τὸν
1242 4666 1626 4740 πατριάρχην
1667 4665 1898 4722 Ἰακώϐ.

425 4784 676 4852 Λέγεται
728 4781 994 4838 παλαῖσαι
1047 4783 1182 4856 πρὸς
1235 4783 1327 4836 τὸν
1369 4780 1718 4854 πατριάρχην
1776 4778 1972 4834 Ἰακὼϐ

349 4877 616 4946 ἄγγελος,
675 4877 773 4929 καὶ
817 4875 978 4930 τοῦτο
1031 4877 1211 4930 κεῖται
1263 4875 1416 4947 παρὰ
1465 4877 1532 4946 τῇ
1577 4873 1699 4944 θείᾳ
1753 4873 1969 4944 Γραφῇ.

364 4967 535 5022 Ἀλλὰ
577 4967 799 5040 συσχὼν
846 4968 1011 5022 αὐτὸν
1053 4970 1080 5022 ὀ
1118 4968 1272 5036 ἅγιος
1308 4966 1580 5036 ἔφασκεψ
1624 4986 1641 5018 ι
1688 4967 1764 5018 Οὐ
1807 4967 1881 5036 μή
1915 4981 1973 5017 σε

351 5061 493 5126 ἀνῶ,
541 5060 645 5113 ἐὰν
686 5059 761 5130 μή
813 5078 880 5132 με
913 5060 1240 5132 εὐλογήσης.
1279 5079 1297 5112 ι
1337 5055 1446 5113 ἾΙν
1491 5058 1548 5112 δὲ
1575 5050 1731 5122 οὗτος
1765 5058 1793 5110 ὁ
1817 5059 1970 5120 Θεὸς.

355 5151 540 5205 Λύτοῦ
593 5167 658 5203 τε
705 5151 801 5204 τοῦ
843 5150 1187 5223 πατριάρχου
1229 5151 1457 5222 φέρεται
1498 5151 1648 5222 φωνή
1672 5167 1684 5180 ·
1748 5168 1766 5200 ι
1821 5144 1975 5202 Εἶδον

353 5244 493 5298 Θεὸν
533 5241 840 5313 πρόσωπον
891 5241 1030 5312 πρὸς
1068 5241 1383 5312 πρόσωπον.
1442 5259 1461 5292 ι
1513 5237 1716 5293 Τοῦτον
1767 5237 1858 5291 τὸν
1899 5238 1976 5300 ῶς

351 5336 601 5418 ἄγγελον
648 5331 800 5404 αὐτῷ
877 5332 1113 5404 ὀφθέντα
1182 5332 1488 5406 παρεκάλει
1544 5331 1658 5394 τοῖς
1725 5328 1972 5397 ἐκγόνοις

355 5426 530 5479 ἐπιπέ
543 5425 690 5495 μψαι
723 5423 822 5494 τὴν
860 5422 1134 5492 εὐλογίαν.

808 5549 1013 5613 ΑΛΛΟ,
1054 5547 1122 5601 ἐκ
1167 5546 1283 5600 τῶν
1329 5545 1550 5600 αὐτῶν.

437 5667 628 5737 ⁵⁵Ωτρθη
675 5665 757 5735 τῷ
797 5663 1118 5734 πατριάρχῃ
1163 5661 1369 5732 Κύριος
1405 5663 1432 5714 6
1466 5658 1621 5722 Θεὸς,
1665 5658 1739 5721 ὼς
1774 5655 1978 5727 γέγρα·
2049 5656 2052 5658 Ὺ

359 5774 521 5820 πται,
558 5758 654 5811 καὶ
687 5752 846 5809 εἶπεν
881 5753 1066 5822 αὐτῷ*
1111 5772 1128 5804 ι
1188 5753 1320 5806 Ἰδοὺ
1355 5752 1466 5820 ἐγὼ
1508 5750 1646 5822 μετὰ
1697 5749 1813 5813 σοῦ,
1856 5748 1978 5801 δια-

2399 4661 2550 4714 rham
2579 4651 2750 4709 Jacob
2773 4646 2844 4706 ἐπ
2867 4650 3108 4704 omnibus
3130 4646 3304 4700 malis.

2149 4775 2391 4848 Angelus
2429 4772 2665 4826 Iuctatus
2693 4777 2813 4820 esse
2842 4761 3043 4816 dicitur
3075 4770 3196 4811 eum
3225 4753 3539 4825 patriarcha
3576 4750 3670 4806 Ja-

2079 4871 2202 4936 cob,
2227 4869 2390 4938 idque
2421 4862 2600 4918 divina
2622 4857 2908 4926 Scriptura
2939 4859 3192 4906 testatur.
3220 4849 3292 4903 At
3317 4856 3544 4903 sanctus
3592 4861 3668 4899 re-

2082 4963 2260 5017 tinens
2284 4937 2432 5022 cum,
2459 4954 2632 5008 dixit:
2662 4969 2680 5003 ι
2718 4947 2836 5005 Non
2866 4944 3135 5000 dimittam
3173 4951 3240 5006 te,
3271 4939 3374 4995 nisi
3406 4937 3538 4992 mihi
3578 4938 3674 4992 be-

2081 5051 2305 5108 nedicas
2325 5050 2392 5103 ⁹⁵.
2428 5067 2446 5100 ι
2506 5046 2638 5099 Erat
2671 5050 2851 5096 autem
2892 5041 2938 5095 is
2957 5039 3116 5093 Deus.
3153 5033 3308 5101 Quod
3365 5039 3421 5085 et
3499 5028 3670 5098 ipsius

2082 5141 2410 5212 patriarchae
2433 5139 2596 5193 verba
2619 5134 2913 5192 ostendunt
2937 5129 3169 5185 dicentis
3198 5143 3211 5178 :
3239 5123 3363 5179 Vidi
3397 5121 3564 5175 Deum
3593 5121 3672 5174 ia-

2083 5236 2166 5291 cie
2200 5235 2267 5288 ad
2292 5232 2490 5286 faciem
2524 5229 2592 5282 ”.
2627 5246 2646 5280 ι
2681 5229 2838 5282 Hunc
2881 5225 3066 5293 itaque
3094 5219 3186 5289 qui
3225 5224 3284 5272 ut
3316 5212 3540 5285 angelus
3568 5212 3670 5283 ipsi

2087 5329 2237 5384 visus
2257 5336 2366 5392 est,
2393 5332 2550 5395 rogat
2579 5329 2638 5378 ut
2662 5321 2845 5394 pueris
2862 5315 3166 5374 benedicat.

2626 5524 2859 5591 ALIUD,
2879 5539 2943 5577 ex
2971 5520 3176 5575 iisdem.

2159 5648 2325 5704 Visus
2341 5655 2423 5702 est
2456 5645 2786 5716 patriarcha:
2821 5641 3085 5698 Dominus
3120 5637 3282 5701 Deus,
3310 5641 3368 5689 ut
3409 5629 3671 5700 scriptum

2085 5753 2192 5807 est,
2228 5751 2284 5798 et
2311 5740 2452 5795 dixit
2484 5739 2571 5792 ci:
2609 5757 2627 5789 ι
2669 5737 2806 5792 Ecce
2835 5750 2935 5805 ego
2973 5733 3130 5804 117
3170 5741 3345 5805 tecum
3401 5738 3544 5790 sum,
3577 5735 3672 5776 cu-

437 5939 484 5970 ”
521 5934 662 5992 Gen.
695 5950 884 6003 XLVIII,
929 5934 1014 5988 16.
1097 5931 1142 5964 ⁹³
1185 5930 1289 5988 lsa.
1327 5945 1398 5999 ix,
1436 5929 1468 5984 6
1503 5941 1612 5984 sec.
1657 5925 1822 5981 LXX.
1900 5925 1943 5958 ³⁸·

2071 5939 2115 5978 n.
2154 5937 2326 5990 xuii,
2363 5917 2558 5975 Qi-‘lti.
2638 5916 2682 5950 ⁹⁵
2719 5914 2854 5970 Ibid.
2884 5915 2973 5969 50.

3544 408 3648 464 ιθι
3741 447 3751 474 _.
