3996 6412
199 397 302 457 197
1666 405 1818 461 THE!

1928 408 2111 467 IRUS.
3418 426 3521 484 198

200 516 326 590 ἡμῖν
353 516 414 570 ἓν
442 507 590 570 ὦσιν
611 531 627 546 ⁸
663 515 764 570 ἵνα
787 516 818 570 6
856 516 1068 589 κῦσμος
1111 513 1380 593 πιστεΰσῃ
1412 515 1497 576 δτι
1541 519 1605 575 σύ
1641 540 1707 594 με
1733 525 1818 578 ἀπε

1944 531 2078 583 riam
2102 545 2265 599 quam
2297 531 2493 587 dedisti
2520 532 2652 588 mihi
2680 533 2802 589 dedi
2848 537 3026 604 cis,ut
3052 537 3161 594 sint
3191 554 3358 594 unum
3383 543 3525 598 sicut

208 614 468 677 ἑπειλας.
511 608 704 700 ἰςάγὼ
742 614 851 684 τὴν
883 614 1046 681 δόξαν
1079 615 1146 688 ἣν
1194 617 1433 683 δέδωκάς
1482 634 1593 691 μοι,
1631 620 1818 676 δέδωκε

1943 627 1995 675 et
2021 637 2119 677 nos
2147 640 2309 676 unum
2341 641 2547 680 sumus.
2581 626 2692 696 Ego
2717 627 2770 681 in
2821 629 2972 698 ipsis,
3022 640 3077 686 et
3120 641 3173 686 tu
3210 629 3264 686 in
3312 650 3428 700 me;
3468 646 3526 690 ut

215 705 400 769 αὺτοῖς,
418 705 510 757 ἵνα
541 696 692 758 ὦσιν
727 704 793 758 ἓν
811 705 999 771 καθὼς
1017 709 1178 779 ἡμεῖς
1193 709 1272 764 ἓν.
1304 705 1446 780 Ἐγὼ
1469 713 1526 766 ὲν
1542 714 1726 778 αὐτοῖς
1742 713 1818 768 κα¹

1940 713 2050 768 sint
2085 713 2312 784 perfecti
2347 715 2400 769 in
2426 733 2590 770 unum
2618 735 2632 784 ;
2687 727 2745 771 ut
2775 696 3063 789 cognoscat
3097 723 3331 779 mundus
3383 696 3525 795 quod

217 802 274 850 ait
291 796 500 866 ἐνέμοὶ,
524 795 624 850 ἵνα.
659 789 775 850 ὦσι
803 798 1224 870 τετελειωμένοι
1257 803 1340 866 εἰς
1361 799 1419 857 ἐν
1439 820 1452 834 °
1481 803 1567 858 ἴνα
1589 805 1818 879 γινώσκ]

1941 813 1994 859 tu
2030 821 2112 859 me
2143 806 2340 861 misisti
2374 808 2415 860 ⁷.
2457 827 2476 860 ι
2505 805 2966 873 Quemadmodum
3025 811 3190 883 igitur
3263 831 3362 870 nos
3431 818 3521 886 qui

209 889 235 940 6
276 888 470 958 κόςμος
510 889 605 941 ὅτι
641 888 712 942 σύ
766 907 839 961 με
890 891 1264 958 ἀπέσταλκας.
1308 913 1326 946 ι
1367 895 1581 950 Οὐκοῦν
1642 893 1818 969 ὥσπεε

1936 891 2186 950 homines
2215 911 2422 964 sumus,
2449 896 2502 951 in
2534 895 2697 952 Patre
2724 915 2910 955 sumus
2942 917 2957 955 :
3008 903 3082 957 ita
3134 904 3300 959 etiam
3352 906 3522 962 Filius

203 979 470 1050 ἅνθρωποι
502 981 617 1052 τὴν
676 981 856 1051 φύσιν
883 982 1044 1046 ὅντες
1073 985 1233 1055 ἡμεῖς
1263 989 1322 1041 ὲν
1362 987 1441 1059 τῷ
1469 989 1646 1061 Πατρὶ
1687 990 1818 1060 τινὰ

1935 995 2102 1040 unum
2130 995 2213 1042 est
2238 1001 2359 1043 cum
2389 987 2567 1046 Patre.
2604 988 2670 1043 Et
2703 991 2970 1060 vicissim,
2997 992 3160 1049 Pater
3189 998 3303 1065 ipse
3346 997 3416 1051 ita
3441 1008 3523 1054 est

203 1070 353 1140 μεθα,
387 1069 539 1124 οὕτω
574 1073 684 1125 καὶ
715 1072 888 1138 αὐτὸς
929 1076 958 1127 6
989 1075 1119 1140 Υἱὸς
1163 1073 1222 1131 ἓν
1261 1079 1378 1132 ἐστι
1413 1079 1551 1151 πρὸς
1592 1081 1682 1135 τὸν
1721 1082 1818 1135 Πα-

1933 1089 2103 1133 unum
2146 1094 2267 1134 cum
2300 1077 2458 1145 Filio,
2485 1081 2622 1135 sicut
2649 1089 2700 1137 et
2730 1083 3034 1139 nobiscum.
3067 1084 3133 1140 Et
3166 1092 3519 1157 quemadmo-

197 1161 341 1230 τέρα.
373 1161 488 1214 Καὶ
534 1161 720 1224 αὐτὸς
766 1162 824 1216 δὲ
862 1164 1030 1216 πάλιν
1075 1167 1105 1218 ὁ
1147 1164 1362 1239 Πατὴρ,
1399 1168 1574 1232 οὕτως
1610 1169 1669 1224 ἓν
1712 1171 1818 1226 ἐστι

1933 1175 2058 1224 dum
2083 1171 2226 1225 nulla
2260 1173 2397 1228 ratio
2429 1175 2592 1244 cogit,
2619 1184 2678 1228 ut
2709 1189 2808 1229 nos
2835 1177 3130 1232 secundum
3160 1189 3410 1234 naturam
3442 1183 3520 1236 si-

195 1254 323 1322 πρὸς
354 1254 450 1308 τὸν
478 1253 649 1319 Υξὸν,
679 1253 950 1328 καθάπερ
981 1259 1079 1311 καὶ
1112 1257 1249 1329 πρὸς
1281 1260 1452 1331 ἡμᾶς.
1497 1261 1608 1315 Καὶ
1638 1259 1818 1336 ὥσπερ

1932 1260 2090 1316 miles
2159 1263 2330 1320 simus
2399 1264 2585 1332 Patri,
2659 1266 2751 1336 qui
2815 1283 2982 1322 unum
3039 1285 3163 1324 cum
3216 1270 3334 1342 ipso
3402 1271 3517 1328 ﬁeri

189 1346 360 1409 οὐδεὶς
382 1343 714 1414 ἀναγκάζει
750 1347 917 1417 λόγος
942 1347 1166 1419 ὁμοίους
1196 1353 1344 1422 ἡμᾶς
1373 1347 1513 1407 εἶναι
1551 1355 1693 1408 κατὰ
1725 1355 1818 1425 φύ-

1930 1353 2162 1409 dicimur
2196 1371 2209 1408 :
2269 1357 2342 1411 ita
2367 1374 2472 1412 non
2502 1373 2728 1429 prorsus
2767 1375 2988 1417 necesse
3048 1370 3132 1418 est
3163 1373 3223 1418 ut
3251 1361 3421 1420 Filius
3446 1365 3518 1421 sit

195 1455 274 1492 σιν
301 1438 380 1507 τῷ
407 1439 627 1510 Πατρὶ,
663 1439 753 1493 ὄτι
789 1439 856 1510 δὴ
887 1439 984 1493 καὶ
1015 1441 1153 1512 πρὸς
1182 1442 1345 1497 αὑτὸν
1371 1443 1429 1497 ἓν
1458 1443 1706 1513 γίνεσθαι
1738 1447 1818 1500 λε-

1928 1459 1995 1502 cx
2029 1449 2261 1504 essentia
2295 1449 2494 1515 Patris,
2533 1451 2788 1521 quoniam
2840 1451 2956 1506 ait:
2995 1469 3014 1505 ι
3053 1449 3166 1524 Ego
3226 1455 3280 1509 itt
3333 1454 3514 1523 Patre,

200 1530 419 1600 τόμεθα,
446 1531 638 1596 οὕτως
662 1532 772 1585 οὐχ
798 1533 1020 1604 ἀνάγκη
1047 1535 1196 1588 πᾶσα
1224 1534 1403 1604 λέγειν
1423 1536 1488 1590 ὲκ
1507 1537 1610 1608 τῆς
1636 1538 1818 1604 οὐσίας

1928 1547 1983 1594 et
2007 1539 2246 1612 Peterin
2272 1555 2381 1596 me.
2427 1560 2445 1594 ι
2474 1541 2632 1610 Nam,
2674 1553 2734 1598 ut
2760 1539 2888 1598 ante
2910 1544 3173 1611 diximus,
3202 1547 3277 1601 ita
3325 1555 3408 1602 est
3459 1551 3512 1602 in

199 1619 326 1676 εἶναι
354 1622 453 1676 τοῦ
491 1624 728 1695 Πατρὸς
761 1625 859 1678 τὸν
896 1625 1046 1687 Υἱὸν,
1069 1626 1369 1699 ἐπειδήπερ
1388 1628 1552 1699 φησίν
1573 1644 1586 1658 ·
1622 1647 1638 1682 t
1680 1629 1822 1700 Ἐγὼ

199 1716 254 1768 ἒν
387 1717 599 1787 Ila-:91,
639 1716 744 1770 καὶ
769 1718 801 1770 6
832 1718 1029 1790 Πατὴρ
1063 1719 1124 1772 ὲν
1149 1718 1292 1789 ἐμοί.
1332 1737 1354 1773 ι
1401 1722 1490 1786 Ὠς
1519 1720 1629 1796 γὰρ
1673 1739 1823 1795 προ-

198 1809 445 1873 ὶαϐὀντες
481 1811 833 1882 εἰρήκαμεν,
891 1811 1069 1875 οὕτως
1113 1811 1264 1866 ἐστὶν
1310 1814 1368 1867 ἐν
1419 1813 1618 1887 Πατρὶ,
1677 1815 1822 1870 καθά

1925 1627 2107 1701 Patre,
2127 1634 2272 1691 sicut
2292 1642 2346 1688 et
2361 1635 2605 1690 nos.Aut
2639 1646 2768 1707 ergo
2795 1653 3020 1694 necesse
3057 1649 3140 1694 est
3165 1638 3320 1694 fateri
3350 1641 3514 1696 etiam

1926 1740 2028 1780 nos
2053 1741 2121 1780 ex
2164 1725 2402 1782 essentia
2427 1725 2608 1782 Patris
2629 1741 2770 1797 esse,
2794 1729 2918 1798 quia
2945 1746 3110 1784 unum
3143 1730 3272 1785 facti
3323 1745 3513 1786 sumus

1926 1829 2049 1873 cum
2084 1815 2213 1885 Deo,
2236 1826 2328 1871 aut
2351 1817 2395 1872 si
2423 1818 2671 1873 homines
2712 1835 2999 1876 manemus
3059 1823 3274 1877 etiamsi
3339 1836 3509 1878 unum

205 1901 498 1972 καὶήμεῖς.
531 1903 610 1956 Ἦ
647 1901 845 1958 τοίνυν
887 1903 984 1958 καὶ
1022 1904 1174 1975 ἡμᾶς
1207 1902 1505 1959 ἀκόλουθον
1542 1906 1818 1978 ὁμολογεῖν

1929 1908 2121 1962 liamus
2145 1921 2268 1962 cum
2296 1907 2429 1971 Deo,
2470 1919 2682 1976 mquum
2721 1917 2822 1975 est,
2851 1920 2911 1965 ut
2936 1909 3075 1966 idem
3115 1913 3181 1967 de
3223 1911 3361 1968 Filio
3383 1927 3515 1969 cen-

213 1995 279 2046 ὲκ
307 1995 405 2064 τῆς
437 1994 621 2059 obuia;
651 1990 808 2050 εἶναι
855 1995 955 2049 τοῦ
995 1995 1232 2068 Πατρὸς,
1264 1997 1352 2051 διὰ
1390 1997 1452 2051 τὸ
1483 1997 1542 2052 ἓν
1569 1997 1818 2067 γίνεσθαι

219 2089 352 2158 πρὸς
382 2087 536 2152 θεὸν,
583 2087 613 2159 ἦ
665 2089 719 2141 εἰ
771 2088 1015 2160 μένομεν
1065 2087 1365 2161 ἄνθρωποι,
1404 2088 1507 2143 κᾶν
1547 2089 1605 2143 ἓν
1648 2089 1818 2158 γενώ-

217 2179 350 2248 μεθα
379 2178 510 2251 πρὸς
537 2180 628 2234 τὸν
685 2181 944 2251 Πατέρα,
975 2181 1185 2236 δίκαιον
1220 2182 1316 2237 καὶ
1345 2185 1430 2253 ἐφ’
1485 2180 1615 2238 Υἱοῢ
1658 2184 1818 2239 τοῦτο

1926 1995 2530 2056 seamuleanetenim
2591 2001 2643 2054 in
2692 2017 2787 2057 sua
2853 2011 3065 2071 natura,
3119 2020 3226 2058 non
3272 2006 3515 2060 sublatus

1927 2093 1980 2148 in
2005 2091 2296 2147 essentiam
2331 2088 2535 2160 Patris,
2562 2093 2778 2150 tametsi
2823 2109 2988 2149 unum
3037 2111 3162 2150 cum
3229 2096 3345 2166 ipso
3394 2109 3516 2152 esse

1926 2184 2160 2239 dicatur.

204 2279 428 2346 φρονεῖν.
484 2277 661 2330 Μένει
721 2279 839 2349 γὰρ
886 2277 982 2330 ἐπὶ
1028 2279 1128 2348 τῆς
1183 2278 1376 2333 ἑαυτοῦ
1429 2281 1667 2350 φύσεως,
1713 2282 1814 2335 οὐκ
1887 2277 2198 2334 ἀναϐαἱνων
2265 2278 2346 2342 εἰς
2393 2277 2493 2350 τὴν
2523 2277 2618 2331 τοῦ
2661 2275 2876 2352 Harpe;
2927 2279 3138 2346 οὐσίαν,
3191 2279 3296 2335 κᾶν
3329 2281 3406 2344 ὡς
3454 2279 3514 2334 ἓν

193 2369 452 2442 ὑπάρχειν
485 2371 736 2442 λέγηται
774 2370 923 2444 πρὸς
954 2369 1142 2426 αὐτόν.

766 2483 969 2553 Λύσις
996 2485 1243 2555 ἐφεξῆς.

263 2592 436 2648 Ταῦτα
488 2597 596 2649 καὶ
653 2597 688 2650 ὁ
739 2595 860 2650 τῶν
894 2599 1288 2670 χριστομάκων
1332 2598 1519 2672 πατὴρ
1567 2601 1665 2654 καὶ

193 2683 444 2756 φλυαρίας
480 2685 686 2741 αὐτῶν
721 2687 968 2758 χορηγὸς
1001 2688 1253 2754 διάϐολος
1297 2690 1540 2762 εἰρηκὼς
1573 2692 1775 2763 ἤκουσε
1795 2707 1811 2724 ·

191 2795 210 2826 ι
241 2777 350 2830 Νῦν
378 2778 438 2832 δὲ
472 2780 563 2842 εἰς
593 2777 746 2850 ᾅδην
775 2779 1070 2853 καταϐήσῃ
1107 2783 1198 2836 καὶ
1237 2785 1320 2847 εἰς
1351 2784 1421 2838 τά
1455 2784 1682 2856 Θεμὲλια
1711 2785 1814 2856 τῆς

185 2868 298 2937 γῆς.
339 2887 358 2920 ι
406 2869 499 2934 Ὧς
536 2870 659 2942 γάρ
697 2871 1044 2944 τετόλμηκεν
1080 2875 1256 2928 εἰπεῖν
1288 2876 1495 2940 ἐκεῖνος
1517 2893 1529 2906 ·
1561 2895 1582 2929 ι
1658 2877 1815 2931 Ἀναι-

187 2957 417 3030 δήσομαι
459 2960 669 3013 ἐπάνω
701 2960 821 3013 τῶν
849 2961 1114 3029 νεφελῶν,
1143 2965 1239 3017 καὶ
1268 2963 1468 3035 ἔσομαι
1514 2965 1702 3036 ὅμοιος
1731 2965 1811 3036 τῷ

2437 2476 2649 2534 Salutio
2684 2480 3014 2547 objectionis.

1987 2591 2111 2648 llaec
2141 2592 2256 2660 ipsa
2282 2591 2533 2648 diabolus
2563 2594 2762 2660 etiam,
2800 2595 3040 2649 hostium
3101 2595 3299 2650 Christi
3332 2605 3510 2667 pater,

1913 2695 1967 2740 et
1998 2685 2215 2739 illorum
2282 2686 2613 2753 nugacitatis
2671 2687 3086 2756 antesignanus,
3142 2686 3305 2752 dixit,
3351 2699 3513 2760 atque

1911 2773 2052 2838 ideo,
2081 2773 2283 2828 audivit
2308 2792 2322 2828 :
2356 2793 2375 2826 ι
2406 2773 2562 2828 Nunc
2583 2775 2648 2829 ad
2679 2774 2884 2831 inferos
2914 2778 3208 2832 descettdes
3235 2779 3356 2832 etin
3383 2777 3511 2833 fun-

1921 2863 2175 2920 damenta
2205 2873 2386 2920 terra).
2413 2883 2433 2916 ι
2463 2866 2934 2932 Quemadmodum
2955 2867 3208 2923 enimille
3231 2883 3396 2923 ausus
3427 2880 3513 2925 est

1919 2955 2100 3012 dicere
2135 2975 2148 3011 :
2188 2975 2208 3008 ι
2229 2956 2536 3012 Asceudam
2573 2973 2736 3026 super
2762 2960 2956 3024 nubes,
2985 2969 3040 3014 et
3069 2975 3164 3016 ero
3193 2963 3390 3018 similis
3413 2962 3510 3017 Al-

199 3049 466 3121 Ὑιιίστῳ-
498 3071 520 3104 ι
561 3051 664 3106 τὸν
697 3052 873 3106 αὐτὸν
897 3052 962 3125 δὴ
993 3053 1199 3125 τρόπον
1225 3055 1318 3109 καὶ
1342 3048 1511 3122 οὗτοι.
1548 3056 1683 3109 πολὺ
1708 3056 1811 3127 τῆς

1928 3048 2130 3102 Lissimo
2157 3049 2178 3080 '
2209 3064 2223 3101 :
2253 3067 2271 3099 ι
2293 3050 2483 3103 eadem
2545 3048 2756 3104 ratione
2815 3050 2980 3105 etiam
3025 3051 3113 3106 isti
3143 3051 3390 3108 humanae
3413 3069 3512 3108 ua~

192 3143 489 3213 Mva
541 3144 786 3213 φύσεως
838 3145 967 3208 τοὺς
1010 3145 1170 3218 ὄρους
1219 3146 1674 3218 ὑπερϐαινόμενοι
1721 3148 1817 3201 καὶ

190 3237 279 3306 τῆς
317 3238 514 3301 οὐσίας
567 3237 894 3302 ἀναϐάντες
925 3238 988 3291 τὸ
1033 3237 1254 3310 μέτρον,
1289 3240 1350 3292 οὐ
1391 3239 1684 3309 φοϐοῦνται
1729 3240 1818 3294 λέ-

193 3346 397 3394 τοντες·
461 3329 762 3400 Ἑσόμεῧα
811 3330 992 3401 ὅμοιοι
1026 3325 1103 3402 τῷ
1152 3329 1414 3402 Ὑψίστου.
1465 3331 1680 3403 Ὥσπερ
1722 3327 1817 3386 οὖν

195 3420 434 3492 ἀληθεύει
481 3425 514 3476 6
565 3421 674 3476 τοῦ
707 3421 852 3475 Θεοῦ
882 3422 1057 3491 Λόγος
1093 3421 1254 3493 βοῶν,
1281 3423 1364 3476 ὅτι
1403 3441 1421 3475 ι
1475 3421 1618 3492 Ἐγὼ
1649 3424 1744 3476 καὶ
1788 3423 1817 3476 6

192 3514 368 3588 Πατὴρ
404 3518 468 3570 ’ἐν
501 3518 717 3586 ἐσμεν,
756 3529 776 3568 ›
809 3514 898 3569 διὰ
928 3515 990 3568 τὸ
1016 3515 1117 3586 τῆς
1148 3516 1342 3580 οὐσίας
1369 3513 1812 3588 ἀπαράλλακτον,

187 3606 324 3660 οὕτω
370 3609 476 3662 καὶ
513 3610 573 3662 οἱ
625 3609 999 3678 χριστομάχοι
1042 3608 1250 3662 εἴποιεν
1299 3607 1366 3663 ἂν
1421 3608 1815 3678 ἀληθεύοντεςο

202 3701 398 3771 Ἡμεῖς
421 3703 524 3756 καὶ
552 3702 586 3752 ὀ
606 3700 801 3771 πατὴρ
835 3699 995 3770 ἡμῶν
1026 3701 1056 3754 6
1080 3699 1326 3764 διάϐολος
1355 3699 1416 3754 ’ἐν
1438 3701 1626 3771 ἐσμεν,
1643 3700 1730 3756 διὰ
1751 3700 1816 3755 τὸ

181 3793 285 3863 τῆς
313 3794 556 3866 γνώμης
591 3793 1046 3864 ἀπαράλλακτον.
1082 3794 1178 3856 Εἰς
1199 3792 1356 3847 τοῦτο
1381 3794 1438 3848 δὲ
1467 3794 1566 3866 ἤδη
1605 3796 1816 3866 μωρίας

184 3885 515 3939 induo-actu
541 3886 626 3948 ὡς
658 3883 878 3938 οἴεσθαι
910 3885 1056 3939 κατὰ
1091 3885 1254 3956 χάριν
1279 3884 1508 3956 ἔχοντας
1543 3885 1606 3940 τὺ
1629 3885 1816 3940 καλεῖ-

185 3978 313 4031 σθαι
343 3977 534 4043 θεοὺς,
567 3977 799 4049 ὁμοίους
839 3973 980 4032 εἶναι
1007 3975 1270 4032 δύνασθαι
1315 3977 1459 4034 κατὰ
1507 3979 1608 4050 τὴν
1652 3980 1817 4048 φύσιν

181 4069 282 4122 τοῦ
319 4069 423 4139 τὴν
463 4069 640 4140 χάριν
689 4068 1106 4133 ὲπιδεδωκότος.
1158 4069 1268 4123 Καὶ
1305 4070 1415 4123 υἱοὶ
1462 4069 1817 4141 κεκλημένοι,

185 4161 315 4214 καθ’
343 4163 666 4232 ὁμοιότητα
696 4161 792 4216 τοῦ
823 4162 966 4217 κατὰ
997 4161 1160 4231 φύσιν
1192 4161 1349 4226 Υἱοῦ,
1397 4163 1546 4227 ἴσους
1588 4163 1816 4227 ἑαυτοὺς

188 4251 334 4308 εἶναι
389 4253 732 4307 πιστεύουσι
781 4253 878 4307 τοῦ
919 4252 1058 4324 πρὸς
1099 4254 1376 4310 υἱοθεσίαν
1424 4254 1812 4325 ἀναγαγόντος.

191 4349 287 4400 καὶ
316 4349 382 4401 τὲ
411 4348 557 4401 ἰδιον
603 4346 777 4401 αὑτοῦ
819 4349 964 4401 κατὰ
998 4346 1162 4418 φύσιν
1196 4347 1437 4419 ἀξίωμα,
1481 4346 1626 4400 κατὰ
1653 4348 1815 4420 χάριν

189 4443 382 4506 citrei;
411 4440 717 4504 ἐπιθέντος
741 4439 833 4495 διὰ
877 4440 1084 4512 πολλὴν
1119 4440 1555 4512 φιλανθρωπίαν.

482 4552 822 4619 Ἄντιθεσις
849 4553 932 4620 ὡς
959 4552 1029 4607 ἐκ
1059 4552 1180 4608 τῶν
1213 4551 1545 4623 αἱρετικῶν.

265 4663 394 4718 Κᾶν
437 4663 611 4735 λέγῃ,
669 4665 856 4734 φασιν,
895 4667 924 4718 6
973 4665 1126 4732 Υἱὸς,
1169 4663 1312 4734 Ἐγὼ
1356 4665 1451 4719 καὶ
1479 4667 1508 4719 6
1545 4663 1735 4737 Πατὴρ
1763 4663 1820 4717 ἓν

1923 3146 2055 3192 tura:
2078 3137 2282 3193 limites
2301 3137 2460 3208 longe
2495 3139 2884 3204 transilientes,
2921 3150 2976 3194 et
3035 3141 3362 3196 substantia:
3397 3158 3511 3198 suae

1919 3227 2196 3282 modulum
2255 3228 2730 3293 transcendentes,
2783 3242 2890 3284 non
2966 3239 3225 3284 verentur
3277 3232 3505 3287 dicere:

1918 3315 2137 3373 Erimus
2165 3319 2376 3376 similes
2398 3320 2704 3377 Altissimo.
2755 3319 2911 3377 Sicut
2967 3321 3134 3391 igitur
3195 3335 3328 3378 vere
3382 3324 3514 3378 dicit

1924 3411 2157 3467 Verbum
2178 3411 2292 3480 Dei,
2319 3413 2562 3469 clamans
2587 3431 2603 3466 ε
2645 3413 2787 3484 «Ego
2809 3421 2864 3469 et
2886 3411 3050 3470 Pater
3067 3431 3232 3470 unum
3262 3432 3505 3478 sumus.»

1917 3513 2140 3574 propter
2170 3504 2508 3560 identitatem
2536 3507 2788 3562 essentia:
2813 3525 2831 3561 -:
2862 3506 2937 3561 ita
2960 3507 3123 3562 etiam
3143 3509 3325 3565 hostes
3351 3509 3513 3565 Chri-

1919 3596 1988 3650 sti
2007 3595 2191 3650 dicant
2224 3609 2384 3650 vere:
2418 3592 2528 3652 Nos
2555 3605 2609 3651 et
2635 3607 2792 3666 pater
2807 3605 2997 3652 noster
3024 3595 3270 3654 diabolus
3341 3614 3508 3652 unum

1917 3703 2126 3755 sumus,
2155 3699 2379 3760 propter
2411 3689 2753 3743 voluntatum
2779 3690 3213 3746 similitudinem.
3242 3690 3340 3753 ,ΕΟ
3363 3692 3508 3746 enim

1913 3781 2028 3852 jam
2053 3780 2341 3836 dementiae
2395 3788 2681 3848 venerunt,
2714 3789 2773 3836 ut
2837 3797 2958 3837 cum
3006 3799 3103 3851 per
3141 3783 3372 3851 gratiam
3457 3783 3510 3838 id

1917 3872 2202 3927 consecuti
2227 3872 2338 3926 sint
2373 3879 2433 3925 ut
2462 3872 2535 3926 dii
2577 3878 2857 3934 vocentur,
2907 3872 3219 3925 existiment
3263 3886 3322 3926 se
3355 3872 3510 3926 Stmi-

1917 3960 2000 4016 les
2025 3975 2147 4016 esse
2179 3975 2340 4031 posse
2365 3961 2664 4015 secundum
2690 3971 2942 4014 naturam
2971 3961 3020 4015 ei
3047 3961 3137 4030 qui
3199 3961 3329 4030 ipsis
3363 3961 3507 4015 illam

1917 4055 2148 4124 gratiam
2173 4053 2398 4122 largitus
2436 4058 2540 4107 est.
2571 4051 2813 4120 Cumque
2835 4059 3102 4106 vocentur
3124 4049 3240 4114 ﬁlii,
3269 4049 3333 4105 ad
3357 4047 3510 4106 simi-

1917 4144 2200 4200 litudinem
2247 4142 2366 4212 ejus
2410 4142 2504 4212 qui
2541 4139 2868 4196 naturaliter
2931 4151 3016 4197 est
3042 4140 3232 4208 Filius,
3269 4143 3507 4212 mquales

1917 4251 1978 4293 se
2005 4242 2199 4306 putant
2231 4235 2279 4290 ei
2313 4235 2402 4304 qui
2440 4249 2536 4290 eos
2565 4233 2864 4304 adoptavit,
2893 4233 3054 4305 119
3079 4233 3281 4305 quique
3327 4235 3507 4304 digni-

1921 4338 2085 4384 tatem
2119 4343 2240 4399 quae
2267 4327 2372 4384 sibi
2405 4326 2727 4383 naturaliter
2754 4328 2976 4396 propria
3002 4336 3107 4393 est,
3143 4342 3238 4397 per
3278 4325 3507 4398 gratiam

1850 4433 1894 4489 Ι)
1924 4437 2023 4495 pro
2051 4422 2251 4493 ingenti
2290 4437 2388 4478 sua
2424 4419 2758 4490 benignitate
2785 4418 2865 4473 eis
2893 4418 3182 4476 concessit.

2377 4533 2617 4604 Objectio
2661 4533 3051 4588 hereticorum.

2001 4650 2268 4718 Tametsi,
2326 4649 2604 4720 inquiunt,
2657 4647 2829 4704 Filius
2874 4648 3020 4702 dicat
3051 4665 3065 4700 :
3094 4645 3208 4715 Ego
3253 4651 3310 4698 et
3345 4643 3513 4700 Pater

1926 4760 2095 4800 unum
2127 4759 2340 4809 sumus,
2371 4757 2481 4798 non
2513 4750 2696 4796 tamen
2721 4739 2828 4794 erit
2860 4737 3102 4806 ejusdem
3134 4750 3356 4805 prorsus
3385 4749 3508 4790 cum

1926 4845 1993 4891 eo
2017 4837 2295 4899 essentia,
2317 4832 2588 4902 siquidem
2626 4837 2680 4882 et
2707 4843 2805 4883 nos
2835 4842 2958 4882 cum
2993 4834 3187 4880 natura
3213 4825 3387 4881 ﬁmus
3413 4825 3509 4879 lto-

1927 4927 2128 4991 mines,
2162 4939 2328 4980 unum
2369 4937 2492 4979 cum
2541 4918 2657 4976 Deo
2701 4917 3003 4974 efﬁcimur:
3043 4915 3204 4985 cujus
3241 4916 3317 4971 rei
3354 4915 3511 4971 testis

1926 5029 2012 5076 est
2048 5019 2164 5089 ipse
2186 5016 2361 5072 Filius
2396 5015 2586 5071 dicens
2617 5033 2630 5069 :
2670 5029 2690 5064 ι
2730 5011 2885 5076 Volo,
2928 5009 3116 5074 Pater,
3150 5008 3376 5063 utsicut
3409 5020 3510 5076 ego

1927 5121 1983 5168 ct
2039 5126 2098 5167 tu
2147 5125 2317 5166 unum
2363 5121 2577 5172 sumus,
2628 5105 2708 5161 ita
2758 5115 2818 5161 et
2871 5105 2979 5175 ipsi
3036 5103 3092 5157 in
3150 5101 3311 5156 uobis
3345 5115 3510 5155 unum

1927 5205 2042 5260 sint
2063 5206 2132 5259 “.
2163 5222 2182 5255 ι

201 4754 390 4826 ἱσμεν,
425 4756 497 4808 οὐ
531 4755 759 4818 πάντως
789 4757 940 4810 ἔσται
967 4755 1070 4826 τῆς
1099 4755 1276 4826 αὐτῆς
1300 4754 1489 4819 οὐσίας
1517 4753 1596 4826 τῷ
1625 4756 1822 4827 Πατρϊ,

203 4850 321 4903 ἐπεὶ
366 4849 471 4904 καὶ
511 4849 687 4920 ἡμεῖς
720 4848 1003 4921 ἄνθρωποι
1053 4849 1200 4904 κατὰ
1240 4847 1405 4921 φύσιν
1440 4849 1613 4913 ὄντες,
1650 4848 1708 4902 ἓν
1748 4847 1824 4912 ὡς

209 4941 338 5011 τερος
369 4943 471 4995 τὸν
501 4919 644 4994 Θεὸν
674 4919 975 5011 γινόμεθα·
1012 4941 1107 4994 καὶ
1139 4919 1353 5011 μάρτυς
1396 4939 1558 5004 αὐτὸς
1594 4939 1768 5009 λέγων
1797 4935 1826 4991 ὁ

212 5031 328 5097 Υἱός
356 5051 370 5063 ’
412 5053 434 5084 ι
499 5031 690 5094 Θέλω,
738 5031 946 5100 Πάτερ,
999 5031 1086 5086 ἵνα
1139 5031 1330 5103 ὥσπερ
1366 5027 1479 5100 ἐγὼ
1520 5031 1616 5084 καὶ
1656 5031 1721 5084 σὺ
1767 5031 1826 5084 ἓν

219 5125 389 5196 ἐσμεν,
420 5123 582 5178 οὕτω
619 5121 718 5176 καὶ
758 5122 914 5176 αὐτοὶ
942 5122 1002 5177 ὲν
1033 5125 1166 5194 ἡμῖν
1202 5122 1260 5178 ἒν
1294 5113 1448 5177 ὧοτιν.

2420 5292 2634 5349 Salutio
2673 5267 3002 5361 objectionis.

2003 5406 2066 5463 Si
2105 5401 2270 5461 Pater
2303 5411 2358 5460 et
2394 5403 2569 5459 Filius
2611 5403 2683 5457 ita
2726 5408 2853 5456 sunt
2905 5410 3093 5460 unum,
3137 5395 3278 5451 sicut
3323 5403 3379 5451 et
3414 5406 3514 5450 nos

1933 5513 2057 5554 cum
2094 5496 2282 5564 Patre,
2333 5505 2385 5551 et
2422 5494 2588 5550 Pater
2630 5489 2913 5547 nobiscum
2951 5505 2966 5544 :
2998 5486 3149 5542 nulla
3203 5487 3369 5556 igitur
3407 5485 3514 5541 erit

1931 5588 2239 5647 differentia
2267 5590 2415 5644 inter
2439 5587 2531 5644 Dei
2573 5585 2808 5641 Verbum
2841 5591 2894 5639 et
2925 5596 3023 5637 nos
3045 5598 3060 5648 ;
3085 5583 3179 5637 sed
3214 5582 3320 5636 erit
3355 5588 3514 5634 natu-

1931 5681 2122 5737 raliter
2160 5681 2302 5736 idem
2343 5679 2647 5745 nobiscum,
2677 5684 2730 5731 et
2767 5683 3011 5746 tempore
3037 5680 3247 5728 tantum
3278 5669 3508 5733 dill'eret,

718 5300 878 5369 Πρὸς
915 5299 1094 5355 τοῦτο
1127 5301 1333 5367 λύσις.

276 5421 339 5472 Εἰ
367 5419 557 5481 οὕτως
598 5415 745 5468 εἰσιν
777 5414 806 5465 6
851 5412 1046 5485 Πατὴρ
1098 5415 1195 5467 καὶ
1235 5415 1264 5467 6
1311 5412 1443 5476 Υἱὸς
1484 5409 1565 5476 ἓν,
1602 5409 1678 5474 ὡς
1730 5407 1827 5462 καὶ

213 5514 367 5583 lipsi;
409 5512 559 5582 πρὸς
609 5508 704 5562 τὸν
745 5507 991 5577 Πατέρα,
1043 5507 1140 5560 καὶ
1173 5509 1201 5560 6
1251 5505 1442 5577 Πατὴρ
1479 5503 1615 5574 πρὸς
1655 5501 1825 5573 ἡμᾶς,

210 5604 357 5656 οὐδὲν
391 5599 511 5673 ἄρα
541 5600 609 5652 τὸ
642 5596 852 5670 μεταξῦ
881 5597 976 5651 τοῦ
1008 5597 1144 5651 Θεοῦ
1172 5597 1345 5666 Λόγου
1375 5595 1471 5650 καὶ
1499 5591 1678 5666 ἡμῶν,
1710 5593 1826 5646 ἀλλ’

215 5695 363 5749 ἔσται
405 5693 560 5749 κατά
597 5691 767 5762 φύσιν
797 5692 934 5762 ἡμῖν
962 5693 991 5744 6
1022 5691 1204 5758 αὐτὸς,
1226 5689 1414 5743 διοίσει
1454 5684 1510 5742 δὲ
1545 5687 1709 5759 μόνον
1747 5683 1824 5757 τῷ

301 5868 320 5899 ⁷
345 5874 504 5933 Joan.
543 5889 686 5944 xm,
723 5869 922 5928 220-22.
1006 5871 1025 5903 ⁸
1055 5867 1158 5925 ls-.t.
1193 5884 1300 5934 xw,
1337 5866 1421 5923 19.
1506 5864 1527 5898 ⁹
1552 5865 1684 5922 Ibid.
1719 5863 1802 5919 l4.

1963 5859 2116 5916 Joan.
2147 5874 2280 5926 nu,
2312 5857 2394 5914 9.4.
