3996 6412
173 376 256 426 261
1645 375 2096 431 ΤΙΙΕὸλΗὶιξὸ.

3389 391 3493 442 ῢῌ

170 496 279 551 κατ’
307 494 504 548 οὐσίαν
557 495 616 546 oi
669 495 843 549 αὐτοὶ
892 497 1025 568 πρὸς
1073 497 1346 562 mea»,
1391 498 1517 550 ὅταν
1560 497 1618 549 ἓν
1669 497 1781 568 πρὸ⁴

1913 512 2036 548 runt
2089 496 2219 560 Deo,
2273 497 2487 565 quando
2531 514 2694 551 ttnum
2737 515 2860 553 cum
2905 502 3019 571 ipso
3072 503 3185 555 ficri
3233 505 3486 560 dicimur.

171 586 322 640 αὐτον
353 585 624 654 γίνεσθαι
654 585 985 659 λεγώμεθα.
1031 588 1170 644 Ἀλλ’
1192 589 1381 659 ῶσπερ
1411 589 1570 653 αὐτὸς
1602 589 1660 642 ἓν
1683 591 1798 642 ἐστι

187 677 327 746 θύσει
360 675 499 746 πρὸς
527 675 636 728 τὸν
679 676 896 730 ἑαυτοῦ
923 677 1118 746 Λόγον,
1155 678 1296 730 οὓτω
1317 678 1412 732 καὶ
1444 679 1605 749 ἡμεῖς
1631 677 1690 730 ἓν
1725 679 1801 740 ὼς

192 768 308 836 πρὶς
332 766 602 836 ἀλλήλους
635 767 928 837 γινόμεθα
962 771 1027 838 τῇ
1056 786 1116 821 τε
1161 767 1378 840 γνώμῃ,
1421 769 1514 822 καὶ
1551 769 1798 838 ὁμονοίᾳ,

191 861 268 912 καὶ
301 859 369 929 τῷ
396 859 548 911 κατὰ
583 859 820 928 μηδένα
859 861 1062 928 τρόπον
1100 860 1416 925 στασιάζειν
1461 859 1596 929 πρὸς
1636 858 1801 928 ἀλλή-

188 951 307 1008 λους,
341 945 452 998 ἀλλ’
487 946 576 998 ἑνὶ
623 947 833 1018 δεσμῷ
865 949 967 1016 τῆς
1004 949 1162 1017 ἁγίας
1209 949 1431 1019 ἀγάπης
1479 947 1669 1018 ὥσπερ
1721 950 1799 1012 εἰς

187 1037 460 1107 ιαντότητα
496 1054 571 1090 ςτε
580 1040 870 1108 ρισφίγγε
881 1039 1027 1094 σθαι.

892 1154 1102 1209 ΑΛΛΟ.

243 1263 391 1328 ’Ἐθος
438 1265 523 1334 τῷ
576 1266 819 1336 Σωτῆρι
860 1267 1086 1339 Χριστῷ
1138 1267 1205 1320 τά
1242 1267 1382 1321 κατᾶ
1436 1269 1598 1338 φύσιν
1647 1268 1798 1338 αὐτῷ

173 1356 432 1424 προσόντα
482 1356 673 1424 ἀγαθὰ
738 1359 1057 1429 προφέρειν
1104 1360 1212 1423 ἀεὶ,
1270 1361 1365 1414 καὶ
1435 1359 1645 1424 τούτοις
1707 1361 1798 1426 ἑξ-

176 1448 476 1516 οιιοιοὶσθαι
532 1450 828 1516 κελεύειν,
885 1452 960 1514 ὡς
997 1453 1131 1522 πρὸς
1170 1452 1268 1525 τὴν
1291 1453 1442 1507 θείαν
1493 1456 1640 1524 ἡμεῖς
1667 1455 1796 1508 ἀνα-

185 1542 412 1595 πλάττων
442 1543 656 1608 εἰκόνα,
693 1543 832 1596 καθ’
879 1544 948 1614 ἦν
982 1546 1076 1598 καὶ
1111 1545 1478 1616 πεποιήμεθα.
1515 1547 1642 1599 Ὅτε
1667 1547 1796 1616 γοῦν

185 1633 373 1702 arma;
397 1635 494 1686 καὶ
534 1637 697 1705 ἡμᾶς
724 1635 957 1700 διδάξαι
992 1636 1264 1706 βούλεται,
1300 1638 1484 1706 λέγει·
1518 1658 1534 1689 ι
1575 1637 1795 1692 Μάθετε

184 1725 266 1777 ἀπ’
297 1725 424 1795 ἐμοῦ
457 1727 539 1780 ὅτι
579 1728 778 1797 πρᾶός
804 1731 953 1800 είμι,
988 1729 1084 1782 καὶ
1112 1730 1370 1794 ταπεινὸς
1403 1733 1467 1802 τῇ
1511 1731 1726 1801 καρδίᾳ.
1772 1751 1790 1784 ι

1905 586 2011 641 Sed
2045 587 2505 656 quemadmodum
2536 589 2650 659 ipse
2674 601 2756 643 est
2796 607 2963 644 unum
3009 605 3198 648 natum
3231 612 3350 650 cum
3393 615 3492 651 suo

1909 676 2087 732 Verbo
2113 718 2129 741 ,
2176 677 2247 730 ita
2287 689 2340 734 et
2370 695 2466 734 nos
2499 680 2642 734 inter
2664 697 2762 734 nos
2788 698 2950 736 uuttm
2986 685 3252 740 t-ﬂicimur
3296 692 3492 744 mentis

1903 779 2066 839 atque
2099 769 2394 825 voluntatis
2422 786 2690 828 consensu
2723 784 2886 844 atque
2929 779 3241 841 concordia,
3269 784 3488 848 qumdo

1905 862 2053 916 nullo
2085 863 2228 916 inter
2258 877 2354 916 nos
2399 863 2771 931 dissentimus,
2811 868 2903 921 sed
2941 884 3047 922 uno
3076 881 3275 926 snnctre
3303 873 3486 928 chari—

1908 953 2038 1006 tatis
2079 953 2298 1006 vinculo
2329 951 2492 1007 veluti
2533 954 2585 1007 in
2644 955 2982 1011 idcntitatem
3024 961 3313 1026 quantdam
3350 975 3483 1015 coa-

1903 1043 2176 1098 lcscitntts.

2575 1157 2808 1213 ALIUD.

1972 1270 2226 1324 Christus
2284 1268 2545 1325 Set‘vator
2591 1280 2772 1325 noster
2822 1272 2959 1326 bona
2999 1289 3118 1343 quae
3163 1276 3488 1331 naturaliter

1903 1365 2004 1418 sibi
2038 1364 2218 1418 insunt
2247 1364 2403 1418 uoltis
2436 1378 2740 1432 proponere
2772 1366 2936 1426 solet,
2967 1374 3022 1418 et
3042 1366 3106 1419 ad
3141 1379 3330 1419 eorum
3366 1368 3488 1422 imi-

1903 1456 2157 1508 tationem
2192 1455 2712 1524 similitttdineutque
2740 1471 2838 1510 nos
2869 1457 3097 1522 hortari,
3154 1457 3221 1510 ad
3246 1458 3483 1513 divinam

1902 1546 2194 1616 imaginem
2241 1548 2308 1600 ad
2355 1563 2519 1615 quam
2573 1546 2699 1602 facti
2761 1562 2952 1602 sumus
2995 1563 3057 1602 ea
3106 1550 3318 1602 ratione
3346 1565 3484 1618 quo-

1900 1639 2190 1693 dammodo
2227 1654 2324 1693 nos
2355 1639 2681 1693 reformans.
2727 1639 2954 1704 Quando
2989 1655 3089 1694 nos
3124 1650 3181 1693 ut
3219 1643 3378 1695 mites
3409 1643 3484 1694 si-

1901 1747 2020 1785 tuus
2047 1733 2318 1795 hortatur,
2342 1732 2470 1786 dicit
2498 1748 2511 1785 :
2541 1751 2559 1782 ι
2597 1731 2802 1786 Discite
2828 1746 2857 1784 a
2889 1745 2974 1784 me
3002 1731 3128 1800 quia
3167 1732 3317 1786 mitis
3362 1746 3482 1786 sum

187 1816 286 1869 Καὶ
308 1819 403 1887 οὐχ
438 1819 567 1871 ὅταν
620 1819 686 1885 ἐξ
725 1819 913 1873 αὑτοῦ
951 1820 1218 1891 μαθόντες
1262 1821 1549 1892 γενώμεθα
1604 1823 1781 1894 πρᾶοι.

1899 1831 1953 1876 ιι
1995 1823 2217 1876 humilis
2243 1825 2406 1876 corde
2438 1824 2503 1878 “.
2544 1842 2562 1874 ι
2591 1821 2702 1878 Nec
2741 1831 2922 1876 tamen
2971 1837 3092 1876 cum
3142 1824 3318 1892 ipsunt
3363 1824 3484 1878 imi-

193 1912 391 1975 πάντως
415 1912 840 1982 ὲξομοιοὺμεθα
873 1914 1022 1966 κατὰ
1063 1915 1225 1984 φύσιν
1253 1915 1420 1984 αὐτῷ,
1463 1915 1601 1968 ἀλλὰ
1631 1915 1792 1985 μόνον

198 2007 331 2058 κατα
359 2007 534 2078 τὸτῆς
567 2009 906 2080 πραότητος
960 2011 1166 2080 σχῆμα.
1221 2009 1431 2062 Οὐκοῦν
1481 2010 1610 2062 ὅταν
1659 2008 1792 2080 λέγῃ

203 2098 322 2166 περὶ
345 2097 512 2167 ἡμῶν,
550 2117 568 2149 ι
604 2099 734 2151 Ἵνα
767 2091 914 2151 ὦσιν
936 2099 1016 2162 ἓν,
1052 2097 1236 2162 καθὼς
1265 2101 1428 2170 ἡμεῖς
1454 2099 1511 2151 ’ἐν
1543 2100 1730 2168 ἐσμεν,
1767 2118 1786 2150 ι

197 2191 253 2253 ἐξ
271 2191 452 2244 ἑαυτοῦ
473 2191 653 2244 λαϐὼν
686 2193 755 2245 τὸ
788 2192 1175 2263 παράδειγμα,
1208 2193 1267 2244 οὐ
1298 2193 1514 2256 πάντως
1541 2192 1628 2244 ἵνα
1649 2191 1792 2246 κατὰ

188 2283 335 2349 φύσιν
363 2283 518 2346 ἒνὼς
552 2283 702 2353 πρὶς
754 2283 854 2336 τὸν
900 2283 1035 2338 Θεὸν
1085 2283 1370 2354 γενώμεθα
1404 2281 1562 2336 τοῦτὸ
1605 2301 1787 2354 φησιν,

333 2375 416 2428 ἵνα
466 2375 678 2444 ῶσπερ
729 2375 990 2444 φυσικῶς
1021 2375 1080 2428 ἓν
1128 2376 1277 2428 ἐστιν
1322 2375 1483 2439 αὐτὸς
1529 2376 1666 2446 πρὸς
1699 2376 1790 2428 τὸν

181 2465 401 2537 Πατέρα,
431 2466 592 2520 οὕτω
635 2467 741 2520 καὶ
779 2467 948 2537 ἡμεῖς
991 2469 1058 2538 τῇ
1093 2467 1365 2538 ὀμοψυχίᾳ
1411 2469 1505 2522 καὶ
1543 2468 1610 2521 τά
1649 2467 1789 2522 αὐτὰ

183 2560 374 2623 ςρονείν
404 2560 485 2621 είς
519 2558 814 2628 ἀλλήλους
843 2558 902 2611 ἓν
925 2559 1236 2628 γενώμεθα,
1264 2558 1361 2629 τὴν
1392 2559 1630 2629 φυσικὴν
1658 2577 1791 2613 ταυ-

177 2649 356 2718 τότειῖτιι⁵
382 2650 477 2703 τοῦ
515 2651 758 2722 Πατρὸς
798 2650 938 2722 πρὸς
967 2651 1063 2704 τὸν
1103 2651 1232 2703 Υἱὸν
1260 2651 1448 2704 εἰκόνα
1479 2649 1788 2722 λαμϐάνονο

170 2759 252 2805 τες
279 2743 369 2815 τῆς
397 2745 763 2798 ἀδιαστάτου
815 2746 1044 2814 γνώμης
1064 2761 1077 2774 ο
1114 2743 1304 2816 ὥσπερ
1335 2744 1394 2798 ἓν
1428 2746 1576 2816 ἡμᾶς
1627 2746 1787 2817 σῶμα

168 2837 253 2888 καὶ
301 2837 428 2906 μίαν
483 2836 689 2908 ψυχὴν
746 2836 1062 2905 δυναμένης
1119 2834 1427 2892 ἀποτελεῖν.
1475 2835 1633 2889 οὕτω
1680 2837 1788 2908 γὰρ

169 2929 282 2997 περὶ
306 2927 413 2980 τῶν
441 2928 892 2982 πιστευσάντων
911 2926 1340 2996 γέγραπται,ὅτι
1371 2944 1388 2975 ι
1417 2925 1522 2980 Τοῦ
1553 2925 1788 2997 πλήθους

171 3019 260 3071 τῶν
289 3021 736 3073 πιστευσάντων
777 3014 848 3088 ἦν
947 3017 1148 3089 καρδία
1174 3017 1267 3070 καὶ
1303 3017 1451 3090 ψυχὴ
1486 3017 1604 3089 μία.
1655 3037 1674 3069 ι

890 3219 1098 3273 ΔΛΛΟ.

227 3334 299 3386 Τὰ
345 3335 530 3404 φύσει
589 3332 878 3403 προσόντα
918 3333 1064 3385 τισὶν
1097 3331 1286 3404 ὥσπερ
1333 3331 1542 3394 εἰκόνες
1577 3331 1785 3402 ἀμετά-

174 3424 330 3494 ϐὶητοι
361 3428 642 3494 γίνονται
679 3428 799 3488 τοῖς
840 3425 978 3497 πρὸς
1017 3425 1156 3478 αὐτὰ
1189 3426 1290 3496 τὴν
1331 3425 1542 3478 οἰκείαν
1588 3424 1782 3496 προαί-

174 3532 297 3584 ρεσιν
323 3519 724 3571 διαπλάττειν
756 3516 1136 3587 βουλομένοις·
1169 3517 1350 3569 ὁποῖόν
1379 3519 1497 3569 ἐστι
1521 3517 1600 3581 τὸ,
1643 3537 1661 3568 ι
1696 3518 1784 3570 Γίο

168 3609 299 3662 νεσθε
344 3611 439 3673 ὡς
471 3610 524 3662 οἱ
560 3610 750 3678 ὄφεις,
787 3610 883 3663 καὶ
914 3609 988 3673 ὼς
1029 3611 1084 3661 αἱ
1118 3608 1462 3681 περιστεραί.
1507 3627 1525 3659 ι
1572 3609 1782 3664 Οὐκοῦν

161 3701 325 3755 είκὸνα
353 3701 503 3754 τι.νᾶ
535 3700 920 3772 ὑπογραμμὸν
951 3700 1048 3770 τῆς
1075 3698 1399 3769 ὀφειλούσης
1426 3699 1484 3752 ὲν
1511 3700 1644 3770 ἡμῖν
1668 3700 1784 3754 ἑνό-

151 3806 302 3863 τητος
353 3793 638 3861 γίνεσθαι
693 3793 1123 3862 προαιρετικῶς,
1173 3789 1446 3861 προτείνει
1485 3792 1580 3844 καὶ
1628 3791 1722 3845 νῦν
1755 3795 1783 3847 ὀ

153 3884 293 3950 Υἱὸς,
324 3887 404 3958 ἦν
441 3884 568 3955 ἔχει
608 3883 751 3955 πρὸς
779 3883 872 3937 τὸν
915 3884 1138 3954 Πατέρα
1173 3883 1410 3956 φυσικὴν
1451 3886 1778 3957 ταυτότητά.

150 3973 314 4030 ⁶Οταν
346 3972 458 4030 οὖν
494 3976 636 4045 λέγῃ
669 3975 802 4046 περὶ
835 3974 1025 4045 ἡμῶν·
1063 3995 1079 4026 ι
1116 3975 1237 4029 Ἵνα
1259 3976 1354 4029 καὶ
1385 3976 1537 4029 αὐτοὶ
1568 3975 1626 4029 ἓν
1653 3970 1778 4042 ὦσι,

147 4069 326 4134 καθὼς
376 4070 488 4122 καὶ
539 4070 714 4138 ἡμεῖς
761 4068 818 4120 ἓν
864 4069 1057 4139 ἐσμεν,
1112 4087 1130 4119 ι
1185 4068 1283 4139 οὐχ
1330 4069 1417 4122 ἵνα
1465 4070 1564 4139 τὴν
1618 4068 1781 4137 φύσιν

150 4163 377 4231 agn;
413 4162 527 4231 τὴν
566 4160 807 4225 ἑαυτῶν,
839 4161 921 4223 είς
968 4160 1067 4232 τὴν
1096 4158 1192 4213 τοῦ
1226 4158 1354 4213 Υἱοῦ
1399 4158 1781 4231 μεταποιηθῶ-

155 4273 263 4321 μέν,
311 4255 496 4307 τοῦτό
528 4269 705 4323 φησιν
741 4253 1032 4323 (ἀδύνατον
1060 4252 1215 4324 γὰρ),
1248 4253 1367 4306 ἀλλ’
1397 4254 1484 4306 ἵνα
1524 4251 1780 4324 καθάπερ

152 4345 242 4415 ἥδη
282 4345 670 4416 προείρηται,
699 4341 862 4395 τοῦτο
890 4341 1037 4396 κατὰ
1064 4342 1291 4414 γνώμην
1323 4343 1400 4407 ὡς
1442 4341 1580 4412 πρὸς
1617 4342 1781 4413 ἀλλή-

149 4435 266 4500 λους
299 4435 617 4505 γενώμεθα
646 4434 788 4505 ὅπερ
815 4435 936 4487 ἐστὶ
971 4433 1112 4488 κατὰ
1137 4433 1300 4503 φύσιν
1322 4433 1482 4498 αὐτὸς
1516 4433 1655 4505 πρὸς
1687 4434 1778 4487 τὸν

1899 1919 1994 1970 tati
2030 1917 2189 1970 mites
2221 1917 2346 1970 facti
2385 1916 2678 1980 fuerimus,
2709 1929 2936 1984 prorsus
2966 1916 3015 1969 ei
3051 1916 3260 1970 similes
3288 1931 3484 1970 secun-

1896 2012 2021 2063 dum
2053 2019 2304 2062 naturam
2341 2009 2587 2073 erimus;
2622 2009 2716 2062 sed
2763 2007 2882 2061 solo
2923 2007 3358 2069 mansuetudinis
3386 2008 3484 2062 ha-

1898 2101 2035 2153 bitu.
2068 2098 2336 2166 Quocirca
2366 2113 2488 2152 cum
2509 2099 2581 2151 de
2613 2097 2770 2152 nobis
2797 2097 2962 2164 dicat,
2992 2116 3009 2149 ι
3050 2097 3120 2153 Ut
3149 2098 3260 2152 sint
3288 2115 3481 2162 unum,

1894 2194 2037 2246 sicut
2061 2206 2158 2246 nos
2192 2207 2355 2245 unutn
2393 2205 2582 2245 sumus
2607 2190 2675 2254 η,
2711 2209 2731 2242 ι
2766 2192 2832 2244 ab
2855 2191 3034 2260 seipso
3063 2201 3282 2260 sumpto
3298 2204 3482 2246 exem-

1897 2287 2005 2356 plo,
2047 2301 2152 2340 non
2185 2295 2244 2338 ιιι
2275 2299 2498 2356 prorsus
2521 2299 2684 2338 unum
2734 2293 2929 2338 natura
2963 2299 3086 2339 cum
3140 2282 3246 2336 Deo
3279 2283 3482 2338 eﬂicia-

1895 2393 2040 2441 mur,
2071 2378 2173 2431 ltoc
2197 2377 2294 2443 ait,
2330 2377 2426 2432 sed
2463 2376 2917 2446 quemadmodum
2967 2376 3082 2446 ipse
3114 2391 3277 2429 unum
3324 2384 3482 2430 natu—

1896 2473 2087 2526 raliter
2117 2471 2274 2542 121
2305 2481 2389 2526 est
2427 2486 2549 2526 cum
2582 2469 2766 2532 Patre,
2805 2470 2874 2524 ita
2920 2471 3084 2523 etiam
3121 2485 3218 2523 nos
3247 2484 3480 2524 t'OilSCII-

1891 2565 2047 2618 sione
2077 2564 2382 2616 animorum
2424 2569 2478 2615 ct
2507 2559 2844 2612 voluntatum
2877 2573 3041 2610 unum
3076 2557 3290 2621 ﬁamus,
3323 2565 3477 2609 natu-

1893 2657 2060 2712 ralem
2089 2655 2426 2710 identilatem
2447 2651 2620 2706 Patris
2644 2667 2766 2706 cum
2803 2649 2963 2713 Filio,
3002 2649 3291 2718 imaginem
3317 2657 3480 2718 atque

1891 2749 2174 2818 exemplar
2225 2747 2382 2801 nobis
2439 2752 2824 2814 proponentes,
2871 2741 3152 2797 ludivulsaa
3188 2741 3332 2796 inter
3380 2756 3478 2795 nos

1890 2843 2222 2904 concordia,
2273 2854 2392 2908 qua:
2426 2853 2525 2892 nos
2560 2837 2722 2892 veluti
2755 2851 2918 2890 unum
2955 2849 3152 2904 corpus
3202 2849 3479 2904 unumque

1893 2937 2134 2989 auimttm
2163 2932 2380 2986 edicere
2419 2931 2611 2986 valeat.
2646 2931 2722 2984 Ita
2755 2928 2902 2984 enim
2934 2927 3002 2982 de
3046 2928 3113 2980 iis
3157 2928 3246 2996 qui
3298 2926 3478 2979 credi-

1889 3029 2087 3082 derunt.
2136 3027 2400 3093 scriptum
2451 3033 2586 3078 est:
2640 3041 2657 3072 ι
2699 3019 3064 3075 Multitudinis
3131 3021 3469 3075 credentium

1889 3128 2005 3172 ctat
2036 3133 2131 3171 cor
2155 3131 2342 3178 unum,
2373 3120 2425 3168 et
2451 3112 2632 3166 anima
2671 3126 2775 3164 una
2818 3111 2882 3164 ¹⁸.
2919 3128 2937 3160 ι

2565 3219 2794 3276 ALIUD.

1959 3339 2091 3406 Quae
2127 3337 2456 3392 naturaliter
2485 3333 2758 3402 aliquibus
2809 3333 3013 3398 insunt,
3065 3333 3226 3386 vcluti
3284 3332 3476 3404 imagi-

1890 3450 1986 3487 nes
2015 3433 2260 3501 qttardam
2301 3427 2666 3483 immutabiles
2699 3438 2823 3481 sunt
2856 3425 2922 3480 iis
2951 3423 3042 3496 qtti
3085 3425 3151 3479 ad
3189 3441 3252 3478 ea
3287 3424 3474 3479 volui.-

1889 3536 2052 3578 tatem
2105 3538 2257 3575 suam
2311 3519 2656 3576 conformare
2709 3518 2940 3571 volunt:
2997 3517 3156 3586 quale.
3204 3527 3284 3570 est
3328 3519 3470 3571 hoc:

1903 3635 1921 3668 ι
1967 3617 2154 3670 Estote
2185 3615 2325 3668 sicut
2368 3621 2670 3682 serpentes,
2707 3620 2761 3664 et
2787 3609 2927 3663 sicut
2954 3608 3300 3665 columbae”.
3341 3629 3358 3660 ι
3384 3607 3474 3662 Fi-

1886 3708 1992 3762 litts
2024 3707 2211 3776 itaque
2240 3705 2582 3760 idctttitatem
2614 3700 2920 3756 naturalem
2948 3714 3111 3770 quam
3141 3718 3262 3755 cum
3314 3701 3474 3754 l'atre

1887 3799 2070 3863 habet,
2105 3797 2270 3852 veluti
2303 3795 2584 3866 exemplar
2612 3791 2883 3862 quoddam
2917 3793 2984 3845 ad
3023 3792 3343 3846 imitandum
3377 3808 3474 3845 no.-

1886 3891 1969 3946 ltis
2017 3891 2292 3962 proponit,
2346 3889 2414 3942 ad
2458 3887 2601 3956 quod
2635 3895 2875 3939 mutuam
2907 3885 3049 3937 inter
3088 3899 3186 3937 nos
3228 3883 3472 3935 arctissio

1886 3997 2137 4049 tuamque
2193 3980 2532 4032 voluntatum
2593 3977 2853 4028 unitatem
2907 3972 3274 4026 cﬂormemus.
3335 3972 3468 4025 Cum

1886 4089 2014 4144 ergo
2043 4074 2108 4127 de
2141 4071 2298 4124 nobis
2344 4068 2512 4122 dicit:
2550 4084 2569 4116 ι
2603 4065 2677 4121 Ut
2705 4075 2760 4119 et
2789 4065 2890 4133 ipsi
2919 4080 3084 4118 unum
3123 4066 3252 4126 sint,
3281 4080 3472 4131 qttcttto

1884 4164 2175 4218 admodum
2233 4171 2288 4214 et
2337 4173 2435 4213 nos
2481 4172 2650 4211 uuutn
2692 4171 2902 4220 sumus,
2944 4173 2963 4207 ι
2999 4169 3105 4209 non
3145 4163 3203 4208 ut
3259 4154 3467 4220 abjecta

1883 4265 2076 4310 natura
2109 4261 2294 4306 nostra
2331 4250 2383 4305 iu
2427 4248 2549 4304 Filii
2596 4257 2844 4302 naturam
2882 4255 3327 4311 transmntetmtr,
3369 4247 3469 4302 hoc

1881 4346 2016 4402 dicit
2049 4343 2188 4416 (ﬁeri
2220 4343 2366 4396 enim
2401 4358 2507 4396 non
2543 4339 2769 4412 potest),
2803 4342 2917 4406 sed,
2945 4347 3005 4395 ut
3036 4340 3237 4395 dictum
3269 4351 3374 4402 est.
3405 4339 3468 4394 il-

1882 4439 1974 4493 lud
2010 4438 2156 4491 inter
2187 4449 2286 4490 nos
2333 4434 2639 4488 animorum
2668 4434 3025 4488 consensione
3070 4432 3282 4498 ﬁamus,
3327 4435 3466 4500 quod

149 4527 378 4599 Πατέρα
397 4543 414 4558 ⁸
452 4524 516 4578 ἐν
544 4525 776 4598 δηλαδή.
823 4526 887 4579 Ei
916 4526 973 4580 δὲ
1006 4526 1106 4580 οὐκ
1149 4526 1298 4580 ἔστιν
1327 4525 1490 4582 εἰκὼν
1517 4528 1611 4580 καὶ
1637 4528 1770 4582 ὑπό-

1893 4534 2000 4598 ipse
2046 4523 2372 4581 naturaliter
2408 4531 2492 4578 est
2531 4537 2652 4576 cunt
2693 4519 2874 4584 Patre.
2917 4537 3080 4574 ttutnu
3125 4519 3359 4574 scilicet.
3409 4517 3466 4571 Si

146 4619 352 4690 δειγμα
386 4621 451 4672 τὸ
488 4619 816 4689 λεγόμενον,
849 4618 988 4673 ἀλλὰ
1030 4619 1247 4683 πάντως
1281 4621 1518 4692 φυσικὴν
1552 4620 1771 4675 ἔσεσθαί

151 4726 273 4765 τινα
305 4710 638 4783 μεταδολὴν
673 4709 845 4762 οἴεταί
872 4726 977 4773 τις,
1011 4709 1205 4764 ἑαυτὸν
1247 4709 1496 4778 ἐξαπατᾷ
1540 4707 1602 4761 τὸ
1635 4709 1770 4779 ἅλη-

157 4803 242 4866 ίιὶς
273 4806 373 4875 οὐχ
394 4802 574 4875 ὁρῶν.
629 4801 692 4854 Εἰ
719 4801 829 4872 γὰρ
857 4801 1109 4854 ἐϐούλετο
1140 4799 1394 4870 γενέσθαι
1439 4799 1580 4853 κατὰ
1609 4798 1770 4868 φύσιν

164 4897 297 4964 ἡμᾶς
339 4900 370 4950 ό
426 4895 570 4958 Υἱὸς
629 4894 770 4968 ὅπερ
811 4895 958 4948 ἐστὶν
992 4894 1155 4957 αὐτὸς
1204 4895 1342 4966 πρὸς
1399 4893 1490 4946 τὸν
1527 4893 1768 4962 Πατέρα.

170 4989 314 5058 ἐχρῆν
339 4989 534 5043 εἰπεῖν
562 5001 578 5016 ·
631 4984 748 5038 Ἵνα
787 4983 1078 5056 δὴ,ὦσπερ
1124 4983 1236 5053 ἐγὼ
1260 4984 1397 5056 πρὸς
1433 4982 1514 5046 σὲ,
1564 4983 1766 5052 Πάτερ,

173 5073 230 5125 ἰν
260 5079 375 5146 εἰμι,
409 5079 570 5134 οὕτω
610 5077 709 5130 καὶ
739 5076 914 5129 αὐτοί.
948 5077 1088 5128 Νυνὶ
1129 5076 1184 5128 δὲ
1226 5075 1385 5128 τοῦτο
1417 5073 1516 5144 μὲν
1544 5074 1644 5127 οὐκ
1685 5074 1768 5126 εἰ.

174 5171 396 5245 πέλει,τῷ
445 5172 510 5226 δὲ
565 5171 928 5247 πληθυντικῷ
983 5172 1335 5242 χρησάμενος
1377 5168 1616 5241 ἀριθμῷ,
1674 5169 1766 5222 καὶ

169 5262 346 5332 ὶέγωνσ
392 5285 411 5318 ι
458 5265 592 5317 Ἵνα
641 5258 835 5328 ῶσπερ
873 5263 984 5328 ἐγὼ
1027 5263 1120 5316 καὶ
1169 5264 1234 5316 σὺ
1282 5262 1341 5315 ἓν
1393 5265 1581 5332 ἐσμεν,
1623 5260 1766 5313 οὕτω

162 5360 247 5410 καὶ
270 5362 423 5415 αὐτοὶ
465 5361 531 5412 ἐν
562 5358 706 5429 ἡμῖν
744 5352 805 5405 ἓν
849 5345 975 5414 ὦσι,
1018 5374 1035 5403 ι
1075 5354 1317 5408 διδάσκει
1354 5354 1541 5423 σαφῶς
1578 5354 1768 5425 ὅτιπερ

159 5452 250 5504 οὐκ
277 5457 348 5518 si;
383 5452 493 5524 τὴν
537 5450 647 5520 τῆς
683 5445 941 5513 θεότητος
971 5443 1134 5512 φύσιν
1168 5444 1603 5516 μεταποιηθῆναι
1644 5443 1765 5514 βού-

160 5541 290 5597 λεται
323 5547 457 5608 τοὺς
514 5545 603 5606 εἰς
647 5539 819 5594 αὑτὸν
864 5537 1220 5600 πιστεύοντας
1269 5537 1554 5602 (ἀπίθανον
1609 5538 1762 5607 γάρ),

161 5635 257 5686 ἀλλ’
283 5637 477 5691 εἰκόνα
508 5635 616 5705 τῆς
658 5630 806 5685 κατὰ
848 5629 1173 5700 προαίρεσιν
1211 5630 1461 5701 ἑνότητός
1493 5629 1761 5692 λαὸόντας

217 5815 258 5844 ¹⁴
291 5816 483 5870 Matth.
526 5831 605 5874 τι,
647 5811 738 5864 9.9.
827 5809 864 5837 ¹’
899 5808 1056 5862 Joan.
1087 5825 1212 5869 xui,
1249 5811 1325 5862 lt.

470 5911 759 5968 Ρλτιιοι.
811 5901 931 5960 Gn.
986 5901 1230 5966 LXXV,

1407 5817 1447 5846 "
1491 5813 1605 5865 Act.
1639 5828 1708 5872 tv,
1743 5810 1835 5862 3'3.

1877 4635 2009 4673 vero
2040 4619 2089 4672 id
2127 4616 2272 4687 quod
2303 4614 2502 4670 dicitur
2529 4628 2634 4667 non
2663 4620 2746 4666 est
2773 4614 2948 4682 imago
2973 4621 3138 4679 atque
3161 4609 3461 4678 exeuiplar.

1877 4714 1970 4768 Sed
2014 4710 2242 4765 omnin
2293 4705 2598 4762 naturalem
2638 4705 2873 4773 aliquam
2909 4703 3342 4756 immutationem
3381 4699 3464 4754 fu-

1882 4815 2056 4858 turam
2088 4799 2440 4870 imaginatur,
2472 4798 2713 4864 seipsum
2747 4794 2948 4862 decipit
2979 4807 3164 4847 verum
3206 4807 3311 4846 non
3344 4807 3464 4846 cer-

1878 4911 2032 4952 nens.
2071 4894 2205 4947 Nam
2231 4893 2276 4946 si
2309 4891 2482 4945 Filius
2520 4888 2782 4942 voluisset
2827 4899 2925 4940 nos
2965 4885 3264 4938 secundum
3307 4892 3465 4937 natu-

1879 5005 1992 5042 ram
2028 4987 2142 5041 ﬁeri
2171 4986 2222 5039 id
2252 4983 2394 5053 quod
2427 4981 2542 5051 ipse
2569 4990 2654 5033 est
2685 4995 2807 5032 cum
2850 4976 3030 5039 Patre,
3065 4975 3294 5031 dixisset
3323 4989 3462 5044 pro-

1875 5080 2062 5134 fecto:
2100 5076 2197 5142 Ut,
2246 5072 2699 5144 quemadmodmn
2754 5079 2930 5126 tecum
2973 5082 3074 5138 ego
3110 5083 3274 5121 unum
3316 5082 3459 5130 sum,

1877 5171 1948 5225 ita
1981 5181 2034 5225 ct
2061 5170 2181 5238 ipsi.
2218 5166 2369 5220 Nunc
2399 5180 2527 5219 vero
2562 5180 2667 5218 non
2705 5163 2776 5215 ita
2814 5162 2970 5225 dicit,
3013 5159 3104 5214 sed
3135 5157 3327 5228 plurali
3361 5173 3458 5210 tnt-

1874 5280 2024 5318 tnet'o
2057 5271 2237 5323 utens,
2261 5267 2317 5314 et
2347 5259 2534 5313 dicens
2561 5275 2574 5311 :
2606 5275 2624 5305 ι
2655 5254 2748 5317 Ut,
2782 5251 3235 5324 quemadmodum
3275 5264 3373 5318 ago
3405 5259 3460 5302 et

1881 5365 1933 5408 tu
1971 5368 2136 5407 unum
2166 5367 2374 5410 sumus.
2414 5350 2486 5404 ita
2531 5357 2583 5402 et
2619 5347 2720 5418 ipsi
2764 5347 2816 5400 in
2852 5345 3010 5399 nobis
3044 5356 3209 5396 unum
3255 5341 3386 5405 sint,
3433 5358 3453 5391 ι

1875 5446 2036 5497 ducet
2079 5452 2289 5510 aperte,
2320 5454 2426 5494 nou
2469 5438 2570 5491 Itoc
2607 5435 2744 5490 velle
2793 5447 2876 5498 se,
2910 5442 2964 5486 ut
3002 5429 3090 5497 qui
3121 5427 3460 5482 crediderint.

1875 5538 1924 5589 itt
1951 5553 2073 5591 eum
2104 5540 2537 5589 trausmutentur
2561 5529 2612 5583 in
2643 5533 2894 5580 naturam
2917 5521 3136 5578 deitatis
3160 5519 3289 5591 (hoc
3314 5522 3458 5575 enim

1873 5629 1989 5684 ticri
2029 5645 2133 5682 non
2165 5625 2384 5698 potest),
2411 5622 2507 5680 sed
2539 5631 2596 5675 ut
2617 5626 2980 5691 proponentcs
3005 5613 3160 5670 nobis
3181 5613 3460 5680 exemplar

1921 5810 1959 5840 ‘9
1995 5807 2189 5860 Matth.
2238 5803 2406 5870 x,16.

3084 5887 3120 5954 Ἰ
