3996 6408
515 354 621 416 237

1034 477 1242 532 Salutio
1276 475 1608 544 objeclianis.

590 600 648 654 Si
693 596 898 653 nullum
932 606 1077 651 esset
1121 593 1418 648 discrimen:
1460 593 1602 644 inter
1639 588 1806 642 Deum
1844 601 1897 642 et
1933 588 2110 641 limiti-

517 707 639 755 ncs,
668 692 921 757 exigatur
952 702 1006 740 ιιι
1040 685 1226 757 gignat
1263 684 1335 737 ita
1361 693 1419 737 ut
1451 682 1637 736 homo.
1666 682 1720 737 Si
1755 697 1885 736 vero
1915 680 2111 734 eximia

517 792 605 837 est
648 782 742 836 Dei
776 790 994 843 natura,
1032 779 1137 831 erit
1171 778 1336 829 etiam
1383 775 1452 829 ab
1492 775 1748 829 humanis
1793 773 2001 842 legibus
2043 770 2113 824 li-

529 878 680 929 bera.
709 871 895 940 Neque
925 858 1071 923 enim
1106 876 1167 921 ut
1199 868 1362 920 immo
1389 866 1573 935 genuit
1596 864 1771 926 Deus,
1797 875 1850 916 ιιι
1876 863 2037 916 etiam
2071 862 2116 916 is

521 968 611 1038 qui
670 966 884 1035 genitus
946 970 1051 1023 est,
1101 969 1310 1013 natum
1368 967 1566 1012 nostrae
1618 956 1985 1010 conditionem
2031 971 2118 1009 se-

522 1073 719 1128 quens,
745 1057 951 1125 gignat,
994 1053 1090 1107 sed
1136 1050 1322 1104 divino
1366 1058 1529 1117 atque
1571 1046 1829 1101 ineli‘abili
1862 1048 2019 1100 modo
2049 1062 2113 1102 ex

521 1148 684 1202 Patre
720 1145 937 1215 genitus
963 1151 1074 1196 est.
1117 1139 1178 1195 Si
1238 1150 1420 1195 autem
1453 1153 1677 1195 necesse
1714 1147 1798 1192 est
1836 1148 1895 1192 ιιι
1934 1138 1980 1192 is
2021 1137 2114 1207 qui

522 1241 708 1310 genuit
734 1239 945 1309 gignat,
973 1246 1198 1304 propter
1226 1231 1531 1286 naturalem
1566 1240 1808 1285 nostram
1834 1238 2120 1284 consuetu-

523 1335 734 1396 dinem,
787 1338 840 1383 et
878 1344 940 1382 ea
998 1341 1119 1395 qua:
1161 1324 1380 1379 deilalis
1412 1323 1629 1394 propria
1675 1332 1823 1386 sunt,
1867 1319 2120 1376 humanis

526 1424 738 1492 legibus
787 1420 1031 1489 subjecta
1096 1427 1259 1483 Stltll,
1316 1415 1445 1487 quid
1495 1414 1768 1471 obstiterit
1824 1413 2118 1485 quominus

532 1515 678 1569 l'atri
710 1514 879 1568 etiam
914 1521 1125 1582 patrem
1155 1509 1601 1564 constituamus?
1632 1508 1711 1562 Ita
1742 1509 1888 1563 enim
1932 1516 2116 1562 nostra

524 1606 863 1662 consuetudo
886 1604 1013 1659 l'crt.
1041 1604 1111 1658 At
1149 1618 1278 1657 vero
1303 1601 1350 1657 si
1378 1600 1543 1657 Pater
1564 1616 1629 1657 ex
1671 1600 1824 1657 nullo
1852 1600 2121 1672 principio

532 1710 639 1762 νει,
683 1709 1008 1765 nostrasque
1057 1695 1205 1765 leges
1251 1703 1306 1748 et
1338 1707 1545 1748 morem
1592 1692 1752 1760 longe
1779 1698 2026 1762 superat.
2061 1699 2120 1746 ιιι

526 1792 690 1857 Deus,
734 1789 879 1843 mtlla
938 1787 1078 1842 ratio
1105 1794 1261 1857 coget
1296 1783 1493 1840 Filium
1541 1784 1786 1854 gignere.
1820 1781 1941 1838 Erit
1967 1783 2115 1838 enim

527 1885 632 1938 hoc
660 1888 816 1952 pacto
841 1878 988 1934 Patri
1015 1877 1232 1942 similis,
1261 1885 1321 1930 ιιι
1345 1875 1492 1931 omni
1514 1874 1839 1930 necessitate
1868 1873 2115 1943 superior

521 1977 813 2040 exsistens,
857 1981 913 2027 ut
957 1970 1120 2025 Deus.

1202 2083 1436 2142 ALIUD.

594 2205 768 2260 Nemo
808 2203 1006 2259 mentis
1050 2216 1274 2270 compos
1327 2200 1569 2265 dixerit,
1603 2199 1924 2257 dissimilem
1967 2198 2116 2256 Patri

526 2300 725 2355 Filium
765 2297 962 2362 videri,
990 2311 1112 2350 eam
1137 2299 1210 2351 ob
1230 2311 1477 2359 causam,
1506 2296 1652 2366 quod
1682 2295 1796 2365 ipse
1817 2295 1983 2350 etiam
2011 2310 2118 2349 non

524 2392 737 2462 genuit,
781 2404 958 2457 neque
1010 2388 1104 2442 lilii
1152 2398 1309 2457 pater
1346 2385 1525 2443 lactus
1562 2387 1653 2442 sit.
1701 2387 1817 2447 lino
1863 2402 1989 2443 vero
2024 2401 2122 2458 per

529 2489 632 2540 huc
658 2484 841 2554 potius
863 2480 1240 2536 admirabilem
1268 2480 1562 2549 quamdam
1587 2489 1641 2534 et
1666 2478 2117 2549 perfectissimam

526 2584 715 2631 u-ruet
772 2572 955 2629 Patris
1005 2573 1058 2626 in
1110 2572 1247 2628 Filio
1289 2572 1603 2642 imaginem.
1651 2570 2120 2638 Quemadmodum

525 2671 671 2725 enim
699 2667 864 2721 Pater
894 2664 1218 2720 mutationis
1255 2663 1708 2732 alteratiouisque
1741 2676 1939 2731 expers
1972 2677 2120 2716 sem-

527 2778 625 2832 per
654 2768 840 2814 manet
877 2755 1068 2818 Pater.
1101 2770 1279 2825 neque
1322 2756 1376 2807 in
1420 2753 1618 2809 Filium
1675 2761 2117 2808 transuiutatur:

528 2855 602 2908 ita
654 2851 892 2906 Verbum
939 2862 1007 2902 ex
1060 2847 1180 2915 ipso
1216 2844 1399 2900 .Filius
1444 2847 1763 2916 procedens.
1824 2855 2009 2900 manet
2068 2844 2120 2899 id

529 2948 674 3016 quod
705 2952 812 3007 est,
844 2940 1026 2995 Patris
1065 2939 1565 2994 inunutabilitatem
1593 2939 1757 2992 etiam
1796 2952 1890 3007 per
1931 2938 2035 2993 boc
2065 2938 2119 2993 in

529 3054 653 3096 sese
700 3035 1018 3093 ostendens.
1081 3031 1292 3087 Similis
1351 3030 1518 3102 igitur
1559 3029 1714 3100 juxta
1769 3030 1869 3085 boc
1905 3044 2123 3101 quoque

529 3148 612 3195 cst
637 3135 809 3192 Patri.

536 3267 1093 3346 125‘1nurrogalio
1131 3266 1847 3346 Δι’ἰιιιιοηιῃηι-,ιρενῇᾳιιαρμ
1908 3272 1962 3316 ut
2022 3262 2123 3346 ipsi

598 3333 809 3414 ξιῆάεηι
838 3333 1051 3409 putant,
1083 3339 1360 3391 ostendunt
1389 3333 1595 3389 Filium
1619 3333 1779 3391 Petri
1810 3336 2127 3404 ianualcm

594 3430 728 3469 ειη.

605 3551 800 3616 Filius,
834 3547 1110 3618 inquiunt,
1159 3553 1254 3600 aut
1303 3553 1386 3599 est
1430 3541 1585 3599 liberi
1619 3541 1853 3608 arbitrii,
1887 3550 1982 3597 aut
2018 3557 2126 3597 non

526 3655 638 3703 est.
654 3643 715 3700 Si
733 3653 836 3710 est,
866 3651 1017 3699 certe
1038 3640 1306 3696 electione
1330 3636 1626 3692 voluntatis
1644 3636 1818 3690 bonus
1834 3643 1937 3689 est.
1971 3633 2125 3701 Quod

535 3753 665 3793 vero
693 3736 963 3791 electione
994 3743 1048 3789 et
1087 3746 1194 3786 non
1230 3739 1421 3785 natura
1470 3729 1615 3783 circa
1650 3727 1858 3798 aliquid
1883 3736 2122 3793 tenetur,

535 3839 713 3901 potest
741 3829 903 3884 etiam
936 3826 989 3881 in
1018 3825 1123 3880 alia
1161 3821 1444 3879 immutari
1478 3841 1491 3877 :
1524 3832 1580 3877 et
1629 3822 1681 3876 in
1709 3836 1872 3891 quam
1919 3830 2127 3892 partem

534 3923 825 3979 electionis
856 3922 1088 3989 impetus
1124 3918 1354 3985 feratur,
1385 3916 1495 3971 illic
1519 3914 1745 3971 omnino
1776 3914 1881 3970 erit
1908 3916 1957 3970 id
1983 3915 2128 3986 quod

531 4015 803 4074 electione
833 4012 1272 4069 administratur.
1311 4007 1369 4063 Id
1398 4018 1579 4064 autem
1607 4008 1838 4063 mutatio
1869 4017 1926 4063 et
1949 4006 2131 4078 passio

533 4119 639 4168 est.
669 4105 775 4175 Qui
814 4119 946 4163 vero
996 4102 1281 4160 mutationi
1325 4110 1381 4158 et
1423 4100 1665 4173 passioni
1709 4100 1978 4157 obnoxius
2022 4110 2128 4167 est,

533 4215 775 4271 quonam
805 4208 968 4269 pacto
998 4195 1072 4253 sit
1099 4193 1220 4265 ejus
1241 4193 1333 4265 qui
1354 4192 1711 4251 immutabilis
1734 4203 1790 4249 et
1813 4191 2131 4265 impatibilis

536 4301 620 4349 est
651 4293 830 4363 imago
849 4300 899 4347 et
933 4287 1273 4345 similitudo?
1302 4285 1398 4342 Sin
1426 4296 1609 4342 autem
1642 4285 1997 4343 immutabilis
2019 4294 2127 4351 est.

539 4400 715 4454 neque
747 4385 800 4437 iu
832 4382 977 4438 aliud
1000 4379 1131 4435 ferri
1166 4385 1370 4451 potest,
1403 4379 1495 4434 sed
1523 4378 1580 4434 id
1612 4378 1756 4449 quod
1786 4387 1871 4435 est
1915 4393 2132 4451 semper

539 4485 748 4536 manet.
780 4482 934 4530 certe
965 4481 1024 4527 ut
1056 4471 1192 4541 lapis
1221 4469 1305 4524 vel
1357 4468 1564 4539 lignum
1597 4482 1811 4538 semper
1854 4471 1909 4525 in
1950 4469 2130 4541 seipso

1517 354 1576 408 β.
1618 348 1895 405 εγιιιιιι
1935 347 2408 404 ALEXANDRINI
2452 348 2770 406 ARCIIIEP.

3698 351 3810 409 208

2711 473 2863 541 Πρὸς
2898 471 3072 525 τοῦτο
3112 472 3312 537 λύσις.

2286 590 2349 641 Εἰ
2372 588 2437 641 τὸ
2488 586 2862 659 παραλλάττον
2904 586 3055 639 οὐδὲν
3096 587 3152 638 ὲν
3198 581 3318 656 Θεῷ
3355 586 3447 639 καὶ
3476 585 3817 657 ἀνθρώποις,

2215 679 2554 734 ἀπαιτείσθω
2585 679 2645 733 τὸ
2669 681 2863 749 γεννᾷν
2894 679 2986 732 καὶ
3007 677 3183 742 οὕτως
3218 678 3291 741 ὡς
3321 677 3629 750 ἅνθρωπος.
3665 680 3729 732 Et
3758 680 3819 733 δὲ

2215 772 2491 839 ἐξαίρετος
2516 774 2549 843 ἠ
2576 771 2713 825 Θεοῦ
2763 770 2945 840 φύσις,
2978 770 3129 824 ἔσται
3174 772 3390 834 πάντως
3422 770 3515 824 καὶ
3540 770 3641 839 τῆς
3685 771 3819 825 καθ’

2216 868 2365 937 ἡμᾶς
2389 866 2634 938 ἀνάγκης
2664 865 2944 935 ἐλευθέρα.
2983 866 3059 919 Οὐ
3089 865 3200 936 γὰρ
3234 865 3310 928 ὡς
3339 864 3626 936 ἄνθρωπος
3652 866 3820 935 ἐγέν-

2218 977 2349 1031 νησε
2397 959 2550 1022 Θεὸς,
2586 959 2675 1012 ἴνα
2723 958 2820 1012 καὶ
2846 957 2882 1010 6
2926 958 3135 1028 τεχθεὶς
3174 960 3294 1021 ταῖς
3340 960 3599 1027 φυσικαῖς
3652 957 3820 1029 ἡμῶν

2224 1053 2491 1123 ἑπόμενος
2519 1049 2864 1115 ἀκολουθίαις
2892 1050 3049 1125 τέκῃ,
3089 1049 3224 1103 ἀλλά
3254 1049 3406 1104 θείαν
3432 1051 3555 1104 τινὰ
3585 1049 3680 1103 καὶ
3712 1051 3823 1120 ἄῤ-

2220 1147 2385 1216 ρητον
2430 1147 2496 1199 ἐκ
2542 1145 2758 1217 Πατρὸς
2795 1145 2908 1215 ἔχει
2936 1145 3036 1216 τὴν
3063 1144 3337 1216 γέννησιν.
3378 1143 3450 1196 Εἰ
3488 1142 3545 1195 δὲ
3591 1144 3820 1212 ἀνάγκη

2217 1236 2310 1291 τὸν
2348 1236 2684 1309 γεννηθέντα
2723 1237 2921 1308 γεννᾷν
2959 1236 3047 1290 διὰ
3088 1236 3188 1307 τὴν
3231 1236 3363 1306 παρ’
3394 1234 3524 1304 ἡμῖν
3573 1235 3823 1305 φυσικὴν

2220 1327 2534 1398 συνήθειαν,
2563 1326 2662 1381 καὶ
2698 1329 2809 1391 τοῖς
2852 1327 2953 1397 τῆς
2997 1324 3411 1399 ἀνθρωπότητος
3452 1324 3640 1394 νόμοις
3679 1326 3824 1378 ύπο-

2218 1419 2408 1473 πίπτει
2436 1419 2507 1473 τὰ
2534 1419 2635 1490 τῆς
2682 1418 2934 1490 θεότητος
2979 1417 3117 1472 ἴδια·
3166 1418 3220 1472 τί
3252 1418 3314 1472 τὸ
3352 1416 3560 1471 κωλύον
3595 1417 3822 1488 πατέρα

2217 1512 2404 1566 δοῦναι
2452 1511 2531 1583 τῷ
2582 1513 2795 1584 Πατρί;
2836 1512 2993 1566 Οὕτω
3035 1512 3145 1585 γὰρ
3178 1514 3227 1566 οἱ
3275 1512 3405 1584 παρ’
3441 1514 3593 1584 ἡμῖν.
3641 1512 3705 1565 ΕΞ
3750 1510 3821 1564 δὲ

2219 1602 2369 1659 ἐστιν
2411 1604 2514 1657 οὐκ
2563 1603 2628 1658 εκ
2668 1620 2819 1668 τινος
2867 1603 3045 1676 ἀρχῆς
3081 1606 3111 1658 6
3159 1604 3373 1675 Πατὴρ,
3408 1601 3503 1657 καὶ
3546 1601 3647 1673 τὴν
3685 1599 3823 1655 καθ’

2217 1697 2370 1770 ἡμᾶς
2392 1696 2683 1751 ἀναϐαίνει
2711 1695 3004 1768 συνήθειαν
3034 1696 3111 1761 ὡς
3136 1696 3288 1763 Θεὸς,
3311 1695 3483 1761 οὐδεὶς
3511 1693 3823 1764 ἀναγκάσει
3844 1704 3851 1705 ⁷

2221 1788 2380 1858 λόγος
2408 1789 2613 1844 τίκτειν
2640 1790 2734 1845 τὸν
2759 1790 2906 1845 Υίόν.
2947 1790 3141 1844 Ἔσται
3166 1789 3279 1862 γὰρ
3298 1788 3406 1845 ικαὶ
3435 1786 3579 1843 οὕτω
3610 1787 3824 1859 μᾶλλον

2222 1882 2301 1953 τῷ
2329 1883 2508 1955 Πατρὶ
2545 1884 2949 1957 παραπλήσιος,
2979 1882 3096 1938 ἄνω
3133 1884 3316 1952 πάσης
3342 1882 3590 1951 ἀνάγκης
3631 1879 3825 1950 ύπάρι

2219 1993 2351 2046 χων,
2388 1974 2464 2039 ὡς
2498 1975 2650 2041 Θεός.

2909 2092 3117 2147 ΑΛΛΟ.

2292 2205 2407 2258 Οὐκ
2456 2203 2522 2258 ἄν
2557 2221 2639 2268 τις
2669 2204 2815 2257 εἴποι
2844 2203 2972 2258 νοῦν
3013 2204 3173 2275 ἔχων,
3216 2205 3472 2275 ἀνόμοιον
3517 2201 3820 2273 φαίνεσθαι

2218 2297 2298 2370 τῷ
2354 2297 2532 2371 Πατρὶ
2563 2296 2655 2351 τὸν
2690 2296 2839 2360 Υίδν,
2892 2297 3017 2349 ἐπεὶ
3065 2296 3140 2368 μὴ
3191 2297 3288 2350 καὶ
3334 2291 3496 2359 αὐτὸς
3526 2295 3821 2365 ἐγέννησε,

2224 2391 2358 2463 μηδὲ
2390 2390 2508 2445 υἱοῦ
2529 2390 2722 2460 γέγονε
2746 2390 2951 2462 πατήρ.
2995 2388 3161 2442 Ἃ).λά
3192 2388 3395 2460 μᾶλλον
3420 2388 3515 2442 καὶ
3538 2386 3629 2441 διὰ
3653 2385 3825 2440 τοῦτο

2221 2485 2545 2555 θαυμαστήν
2572 2499 2696 2537 τινα
2714 2483 2807 2536 καὶ¹
2830 2480 3238 2554 ἀκριϐεστάτην
3261 2481 3451 2550 ὄψεται
3475 2478 3568 2533 τοῦ
3596 2478 3825 2550 Πατρδς

2221 2579 2279 2631 ὲν
2306 2576 2423 2647 Υίῷ
2451 2575 2549 2647 τὴν
2574 2575 2781 2629 εἰκόνα.
2811 2575 3023 2647 Ὠσπερ
3045 2573 3155 2644 γὰρ
3181 2575 3210 2627 6
3239 2571 3430 2643 Πατὴρ
3456 2570 3731 2641 ἀτρεπτός
3758 2586 3823 2623 τε

2222 2672 2317 2725 καὶ
2357 2670 2717 2732 ἀναλλοίωτος
2745 2668 2845 2734 ὢν,
2881 2668 2971 2722 ἀεὶ
3007 2668 3158 2739 μένει
3191 2666 3401 2737 Πατὴρ,
3444 2665 3540 2719 καὶ
3570 2666 3653 2728 εἰς
3684 2663 3826 2717 Υίδν

2221 2765 2282 2818 ού
2316 2762 2735 2834 μεταϐάλλεται,
2773 2760 2950 2824 οὕτως
2973 2762 3002 2814 6
3036 2758 3096 2825 ἐξ
3122 2758 3289 2813 αὐτοῦ
3319 2758 3491 2826 Λόγος
3524 2754 3654 2818 Υἱὸς
3684 2771 3825 2826 προ-

2224 2856 2417 2922 ελθὼν,
2459 2856 2611 2927 μένει
2642 2853 2790 2908 τοῦθ’
2823 2854 2962 2924 ὅπερ
3004 2852 3145 2916 ἐστὶ,
3177 2850 3274 2904 τοῦ
3316 2849 3533 2922 [ἰατρὸς
3560 2846 3620 2900 τὸ
3654 2846 3828 2901 ἀναλ-

2223 2952 2445 3006 λοίωτον
2476 2952 2573 3005 καὶ
2603 2950 2693 3004 διά
2721 2949 2917 3004 τούτου
2960 2948 3224 3003 ὓεικνύων
3256 2950 3315 3003 ὲν
3352 2945 3554 3019 ἑαυτῷ.
3592 2946 3829 3016 "Optato:

2222 3041 2318 3102 οὖν
2350 3047 2445 3101 καὶ
2478 3045 2619 3100 κατά
2654 3046 2813 3100 τοῦτο
2843 3043 3043 3115 Πατρί.

2244 3272 2558 3343 Ἐιώτησις
2587 3271 2918 3340 Ἀρειανῶν,
2942 3270 3018 3343 δς
3038 3266 3130 3340 ἧς,
3148 3270 3228 3343 ὡς
3242 3262 3832 3343 οἷρντίιι,γδεικνύου-

2492 3357 2597 3398 σιν
2623 3338 2909 3413 ἀνόμοιον
2938 3340 3019 3408 τῷ
3045 3338 3226 3412 Harp!
3255 3340 3365 3395 τὸν
3406 3338 3560 3394 rm.

2303 3549 2656 3616 Δύτεξούσιος
2677 3590 2691 3614 ,
2725 3548 2911 3620 φασιν,
2945 3545 3093 3601 ἐστὶν
3124 3547 3152 3600 6
3180 3544 3331 3609 Υἱὸς,
3370 3544 3528 3615 ἢούκ
3559 3543 3651 3597 ἐστ
3678 3561 3728 3596 ν.
3765 3544 3837 3598 Ei

2234 3645 2333 3716 μὲν
2357 3641 2451 3698 οὖν
2479 3640 2828 3708 αὑτεξούσιός
2857 3641 2995 3709 ἐστι,
3024 3638 3347 3712 προαιρέσει
3378 3637 3611 3708 φαίνοιτ’
3648 3637 3718 3690 ἂν
3749 3641 3837 3690 εἰ-

2230 3737 2406 3800 κότως
2447 3734 2631 3799 καλός.
2664 3734 2738 3788 Τὸ
2757 3733 2814 3788 δὲ
2840 3732 3161 3805 προαιρέσει
3194 3725 3287 3785 καὶ
3316 3731 3375 3783 οὺ
3407 3729 3566 3801 φύσει
3600 3729 3733 3800 περί
3777 3747 3838 3782 τι,

2231 3830 2640 3903 κρατούμενον,
2675 3826 2882 3881 δύναιτ’
2916 3826 2982 3882 ἂν
3013 3827 3099 3897 ἐφ’
3142 3825 3309 3897 ἕτερα
3360 3822 3831 3896 μεταὸἀλλεσθαι,

2231 3922 2328 3977 καὶ
2359 3922 2444 3992 ἐφ’
2478 3923 2617 3993 ὅπερ
2656 3920 2722 3975 ἂν
2762 3922 2797 3993 ἡ
2839 3922 2937 3991 τῆς
2989 3918 3366 3992 προαιρέσεως
3395 3916 3607 3987 γένοιτο
3642 3915 3829 3987 ῥοπὴ,

2232 4017 2351 4071 ἐκεῖ
2377 4015 2594 4079 πάντως
2613 4014 2771 4069 ἔσται
2792 4014 2854 4068 τὸ
2879 4012 3201 4085 προαιρέσει
3229 4010 3832 4083 διοικούμενον.Τροπὴ

2229 4108 2288 4162 δὲ
2332 4106 2492 4162 τοῦτο
2537 4108 2631 4161 καὶ
2682 4106 2874 4170 πάθος.
2937 4107 2994 4161 '0
3041 4106 3100 4161 δὲ
3136 4104 3346 4178 τροπὴν
3390 4101 3678 4174 ὑπομένων
3734 4103 3835 4155 καὶ

2232 4198 2430 4266 πάθος,
2463 4201 2584 4263 πῶς
2614 4199 2681 4254 ἂν
2705 4200 2789 4271 εἴη
2819 4198 2915 4253 τοῦ
2943 4199 3219 4270 ἀτρέπτου
3257 4197 3352 4251 καὶ
3384 4193 3632 4257 ἀπαθοῦς
3659 4192 3833 4247 εἰκὼν

2233 4294 2328 4348 καὶ
2347 4292 2642 4366 όμοιότης;
2672 4292 2735 4346 Ei
2762 4291 2821 4346 δὲ
2851 4289 3124 4363 ἀτρεπτός
3147 4291 3331 4354 ἔστιν,
3349 4289 3432 4352 εἰς
3459 4286 3612 4341 οὐδὲν
3635 4285 3834 4357 ἕτερον

2231 4384 2642 4457 παρενεχθῆναι
2680 4382 3005 4454 δυνάμενος,
3041 4380 3157 4434 ἀλλ’
3189 4381 3329 4451 ὅπερ
3354 4378 3472 4431 ἐστὶ
3506 4375 3684 4448 μένων
3717 4376 3833 4435 ἀεὶ,

2229 4476 2308 4543 ὡς
2332 4476 2480 4541 λίθος
2507 4478 2619 4549 ἄρα
2650 4475 2685 4547 ἢ
2710 4475 2869 4544 ξύλον
2895 4475 3130 4548 ἔστηκεν
3158 4474 3245 4545 ἐφ’
3270 4471 3451 4544 ἑαυτῷ
3482 4468 3701 4542 φυσικῷ
3720 4487 3836 4525 τινι

537 4567 808 4634 subsistit,
855 4564 1086 4621 naturali
1126 4563 1362 4632 quodam
1413 4569 1470 4617 et
1514 4559 1870 4616 indissolubili
1911 4561 2122 4617 vinculo

2232 4567 2329 4622 καὶ
2362 4569 2626 4640 ἀρῤήκτῳ
2669 4566 2855 4639 δεσμῷ
2875 4608 2890 4632 ,
2922 4568 3003 4632 είς
3028 4564 3175 4619 τοῦθ’
3205 4564 3343 4636 ὅπερ
3369 4561 3487 4617 ἐστὶ
3517 4560 3839 4635 κρατούμε-

534 4661 603 4717 ad
626 4661 678 4716 id
704 4658 848 4731 quod
877 4665 961 4713 est
985 4654 1292 4717 devinctus,
1327 4652 1745 4721 libertatemque
1777 4650 1987 4706 arbitrii
2019 4665 2128 4707 non

537 4748 720 4808 habet.

1044 4858 1256 4915 Salutio
1299 4857 1627 4924 obiectionis.

607 4979 837 5052 Oportet
867 4992 1001 5034 sane
1043 4974 1179 5030 adeo
1209 4972 1410 5040 ineptis
1448 4970 1971 5043 interrogationibus
1995 4988 2131 5044 quas

536 5079 846 5146 pr0ponuut
894 5069 949 5124 in
1001 5068 1315 5122 universum
1361 5078 1469 5119 non
1506 5064 1855 5134 respondere.
1901 5063 2131 5134 Quando

537 5167 683 5223 enim
735 5161 1020 5233 responsio
1065 5158 1427 5229 undeqnaque
1458 5174 1579 5215 cum
1623 5155 1960 5227 blasphemia
1996 5174 2127 5215 con-

530 5258 724 5327 juncta
760 5264 865 5319 est,
916 5251 1191 5307 silentium
1239 5261 1500 5319 priestare
1526 5250 1699 5306 satius
1733 5260 1839 5307 est.
1891 5249 1949 5305 Si
1983 5253 2127 5307 enim

538 5349 794 5403 libertate
812 5340 1025 5398 arbitrii
1050 5341 1330 5412 praeditum
1346 5356 1469 5397 esse
1493 5341 1692 5398 Filium
1716 5341 1917 5408 dicam,
1948 5344 2128 5399 statim

537 5441 703 5494 etiam
736 5436 965 5493 mutatio
1015 5434 1171 5489 liberi
1218 5434 1430 5490 arbitrii
1467 5436 1633 5492 simul
1680 5436 1975 5494 inducitur.
2021 5438 2131 5495 Au-

540 5546 736 5586 nexnm
762 5538 848 5585 est
868 5528 1012 5583 enim
1045 5527 1281 5582 libertati
1310 5529 1523 5584 arbitrii
1554 5529 1909 5587 mutationem
1947 5532 2127 5588 susci-

539 5637 689 5691 pere,
750 5622 964 5675 tametsi
1034 5637 1154 5676 eam
1216 5622 1524 5691 passionem
1587 5621 1835 5679 voluntas
1888 5624 2129 5679 nondum

537 5712 786 5768 subierit.
822 5709 920 5767 Sin
953 5727 1083 5766 vero
1117 5712 1220 5769 hoe
1246 5713 1617 5784 praetermisso
1651 5713 1883 5770 alterum
1912 5716 2126 5784 dixero,

538 5806 794 5862 nimirum
844 5805 1238 5863 immutabilem
1282 5820 1406 5863 csse
1451 5803 1674 5875 Filium,
1729 5807 1916 5866 statim
1972 5810 2129 5868 nobis

2235 4676 2347 4726 νος,
2375 4661 2471 4713 καὶ
2499 4659 2561 4714 τὸ
2590 4658 2939 4725 αὐτεξούσιον
2970 4658 3069 4712 οὐκ
3093 4656 3251 4729 ἔχων.

2733 4859 2890 4928 Πρός
2919 4858 3109 4913 ταῦτα
3138 4859 3340 4926 λύσις.

2310 4976 2457 5030 Ἔδει
2489 4976 2587 5046 μὲν
2619 4976 2738 5041 ταῖς
2770 4974 2946 5038 οὓτως
2976 4973 3323 5036 ἀπαιδεύτως
3353 4970 3836 5041 προσφερομένας,

2234 5071 2541 5143 ἐρωτήσεσι
2569 5068 2816 5141 μηδόλως
2844 5066 3263 5139 ἀποκρίνεσθαι.
3289 5066 3457 5119 Ἕνοα
3489 5064 3599 5133 γὰρ
3624 5064 3658 5133 ἡ
3687 5062 3834 5115 ἀπό-

2235 5181 2420 5238 κρισις
2461 5161 2740 5233 πανταχοῦ
2775 5162 2837 5215 τὸ
2869 5160 3156 5230 δύσφημον
3180 5160 3319 5230 ἔχει,
3355 5161 3474 5212 ἐκεῖ
3498 5156 3770 5225 κρείττων
3796 5156 3837 5224 ἡ

2237 5254 2553 5326 σιωπή.“Δν
2595 5252 2695 5324 μὲν
2729 5251 2839 5325 γὰρ
2865 5250 3220 5316 αὐτεξούσιον
3248 5249 3388 5301 εἴπω
3418 5246 3508 5300 τὸν
3534 5244 3687 5307 Υἱὸν,
3732 5246 3837 5299 εύ-

2236 5348 2333 5411 θὺς
2372 5349 2405 5419 ἡ
2452 5346 2554 5417 τῆς
2588 5344 3073 5415 αὑτεξουσιότητος
3106 5341 3490 5411 συνεισάγεται
3526 5340 3830 5411 μεταϐολή.

2247 5438 2563 5495 Ἀκολουθεῖ
2592 5439 2702 5511 γὰρ
2730 5437 2809 5510 τῷ
2831 5435 3169 5507 αύτεξουσίῳ
3186 5436 3248 5490 τὸ
3274 5433 3626 5505 ἐπιδέχεσθαι
3657 5450 3831 5505 μεταο

2235 5533 2422 5604 σολὴν,
2468 5533 2517 5586 εί
2557 5530 2653 5585 καὶ
2699 5531 2867 5603 μήπω
2905 5527 3173 5591 πεπονθὸς
3216 5526 3303 5597 εἴη
3342 5524 3502 5579 τοῦτο
3528 5524 3617 5579 διὰ
3651 5524 3715 5579 τὸ
3752 5522 3832 5594 μὴ

2235 5625 2494 5697 ἐθελῆσαι
2521 5622 2737 5679 παθεῖν.
2783 5624 2909 5677 Ἐὰν
2930 5621 2990 5676 δὲ
3023 5619 3184 5675 τοῦτο
3224 5621 3404 5689 ἀφεὶς,
3438 5618 3502 5672 τὸ
3525 5618 3715 5689 ἕτερον
3746 5616 3830 5669 εἴ·

2236 5735 2345 5784 πω,
2369 5716 2673 5781 τουτέστιν,
2698 5717 3004 5787 Ἀτρεπτος
3035 5716 3064 5768 6
3093 5713 3265 5783 Λόγος
3297 5711 3471 5777 ἐστὶν,
3499 5709 3663 5773 εὐθὺς
3694 5708 3831 5780 ἡμῖν

2236 5809 2333 5865 τοῦ
2364 5809 2522 5877 ξύλου
2572 5808 2673 5882 τὴν
2703 5807 2994 5881 ἀκινησίαν
3039 5805 3440 5880 προτείνοντες,
3491 5804 3589 5857 οὐκ
3636 5800 3832 5856 αἰσθά-
