3996 6416
540 424 640 479 ΞΗ

1544 426 1603 482 S.
1641 427 1919 483 CYRILLI
1961 429 2433 486 ALEXANDRINI
2474 432 2792 491 ARCIIIEP.

3716 431 3828 486 912

541 549 824 602 vobiscum
879 563 1021 614 sum,
1075 558 1129 604 et
1178 563 1284 603 non
1335 548 1636 617 cognovisti
1687 564 1793 615 mc,
1848 548 2128 622 Philippe?

2241 553 2419 625 χρόνῳ
2445 552 2567 625 μεθ’
2591 554 2745 623 ὑμῶν
2772 556 2907 624 είμι,
2935 555 3030 608 καὶ
3048 556 3152 609 οὐκ
3174 552 3422 625 ἔγνωκάς
3447 569 3540 624 με,
3561 550 3828 619 Φίλιππος

541 636 644 702 Qui
682 637 815 691 vidit
846 653 931 692 me
987 638 1119 693 vidit
1149 650 1201 694 et
1232 639 1444 694 Patrem
1477 641 1541 692 ⁸⁹.
1578 660 1597 693 ι
1639 640 1696 695 Si
1732 658 1863 713 ergo
1899 643 2136 710 cognitio

545 721 667 782 Filii
700 736 784 782 est
822 729 1059 798 cognitio
1103 728 1300 793 Patris,
1345 732 1714 787 necessarium
1766 733 1923 802 plane
1964 743 2047 788 est
2080 745 2137 788 ut

546 818 710 873 talem
739 821 1023 877 credamus
1050 836 1172 878 esse
1205 822 1420 890 Filium,
1449 824 1627 893 qualis
1652 836 1738 880 est
1771 825 1953 881 Pater.
1981 827 2133 893 Quod

545 911 590 965 si
619 912 691 966 ita
725 921 829 978 est,
856 912 1209 969 immutabilis
1234 926 1412 970 autem
1443 915 1622 979 Pater.
1655 919 1759 972 crit
1789 918 1891 973 hoc
1913 920 2136 973 omnino

545 1010 600 1056 et
630 1001 819 1057 Filius.
851 1001 928 1058 Ita
961 1005 1107 1059 enim
1143 1007 1199 1060 in
1225 1007 1343 1078 ipso
1372 1009 1719 1078 cognoscitur
1744 1020 1798 1064 ct
1825 1021 2067 1080 apparet.

553 1200 871 1277 Tesliutonia
904 1221 1071 1259 sacra‘
1100 1205 1446 1277 Scriptum,
1486 1208 1624 1277 quod
1671 1208 2012 1262 immutabilis
2065 1208 2131 1260 sit

694 1270 871 1329 Filius
921 1288 967 1328 ει
998 1291 1062 1328 ca:
1089 1276 1155 1329 iis
1181 1270 1515 1347 syllogismus
1542 1280 1721 1331 eodem
1749 1280 2032 1346 pertinens.

625 1455 826 1509 Paulus
854 1456 972 1511 ait:
1010 1475 1029 1507 ι
1060 1455 1221 1511 Jesus
1265 1455 1513 1511 Christus
1555 1456 1670 1511 heri
1702 1466 1757 1510 et
1803 1455 1980 1519 hodie,
2022 1455 2135 1525 ipse

554 1566 775 1621 quoque
811 1553 863 1605 in
893 1552 1093 1606 sarcula
1130 1552 1197 1605 ".
1239 1570 1257 1603 ι
1300 1550 1586 1605 Psalmista
1623 1569 1637 1604 :
1679 1569 1696 1601 ι
1736 1548 1816 1603 Τιι
1848 1550 1917 1603 ab
1953 1549 2129 1613 initio,

550 1639 800 1707 Domine,
839 1652 1039 1697 terram
1073 1641 1332 1707 fundasti,
1364 1650 1417 1695 et
1444 1656 1604 1711 opera
1632 1655 1887 1709 manuum
1916 1647 2130 1693 tuarum

548 1747 677 1789 sunt
728 1736 886 1800 coeli;
942 1735 1041 1804 ipsi
1091 1735 1363 1803 peribunt,
1412 1745 1465 1788 tu
1508 1741 1685 1786 autem
1737 1745 2022 1800 permaues
2078 1739 2133 1783 ct

550 1841 742 1881 omnes
796 1828 950 1894 quasi
1005 1826 1389 1879 vestimentum
1444 1831 1824 1889 vctcrascent;
1888 1829 1945 1874 et
1991 1819 2128 1874 sicut

548 1917 885 1986 opertorium
920 1915 1154 1970 mntahis
1206 1930 1301 1969 eos
1354 1923 1410 1969 et
1460 1912 1835 1977 mutabuntur,
1882 1910 2041 1980 127
2074 1920 2128 1965 tu
2164 1902 2205 1957 Β

546 2020 726 2062 autem
759 2009 897 2061 idem
938 2008 1051 2076 ipse
1083 2022 1144 2062 es
1167 2016 1221 2060 et
1263 2007 1390 2060 anni
1443 2007 1515 2059 tni
1572 2021 1677 2060 non
1718 2003 1973 2060 deﬁcient
2001 2003 2066 2054 ³⁸.
2103 2020 2122 2053 ι

545 2102 811 2156 Servator
836 2101 954 2171 ipse
984 2100 1048 2155 de
1082 2116 1176 2155 se:
1213 2119 1231 2151 ι
1273 2098 1467 2154 Videte
1498 2114 1604 2166 me,
1639 2097 1819 2153 videte
1873 2097 2000 2166 quia
2027 2110 2128 2165 ego

542 2201 766 2257 sum,et
812 2210 918 2248 non
959 2204 1139 2248 mutor
1167 2192 1211 2224 ³³
1246 2211 1260 2247 :
1305 2211 1323 2245 ι
1354 2193 1419 2246 Ει
1464 2189 1732 2246 Jeremias
1777 2203 1794 2245 :
1841 2207 1859 2240 ι
1902 2188 2039 2256 Quia
2074 2197 2127 2241 ttt

545 2285 793 2339 insidens
841 2284 1120 2348 Steculunt,
1177 2291 1233 2336 et
1262 2297 1361 2337 nos
1394 2282 1683 2352 perdentes
1709 2277 1966 2334 sarculum
1997 2277 2063 2329 ³³.
2103 2295 2122 2327 ι

546 2377 662 2430 Illic
701 2376 847 2433 enim
885 2375 1235 2431 stabilitatem
1303 2383 1468 2443 atque
1505 2362 2002 2427 imnmtabilitatem
2045 2369 2127 2423 di-

546 2468 685 2523 vina:
722 2476 949 2533 natura,
987 2467 1241 2536 quodth
1268 2479 1488 2535 semper
1514 2465 1704 2519 eodem
1750 2463 1912 2518 modo
1938 2477 1995 2516 se
2033 2461 2128 2515 ha-

544 2561 670 2615 heat
698 2558 1015 2629 signiﬁcans
1041 2561 1327 2630 propheta,
1358 2558 1491 2613 dicit
1534 2574 1549 2610 :
1580 2576 1598 2609 ι
1634 2553 1713 2610 Tu
1753 2555 1993 2610 insidens
2024 2569 2127 2607 sa:-

544 2650 768 2716 culum;
804 2669 824 2703 ι
852 2659 1230 2706 creaturarum
1267 2663 1394 2703 vero
1418 2648 1473 2703 in
1497 2645 1647 2702 omni
1674 2657 1916 2716 tempore
1944 2652 2126 2698 muta-

548 2743 754 2799 tionem
791 2741 1127 2813 signilicans,
1166 2740 1331 2794 inl‘ert
1365 2756 1379 2795 :
1417 2756 1437 2790 ι
1465 2735 1577 2793 Nos
1613 2748 1796 2793 autem
1842 2736 2128 2806 perdentes

541 2833 825 2890 cmonium.
863 2851 883 2885 ι
923 2833 981 2888 Si
1017 2846 1148 2903 ergo
1170 2846 1327 2885 sacra
1375 2828 1658 2900 Scriptura
1710 2828 1977 2885 creaturis
2008 2837 2126 2879 tan-

544 2937 659 2983 tum
683 2926 1065 2992 mutationem,
1086 2923 1464 2983 alterationem
1478 2934 1533 2978 et
1551 2922 1830 2977 interitum
1859 2916 2127 2988 agnoscit,

543 3026 600 3072 et
624 3016 695 3073 ab
731 3016 926 3072 horum
960 3015 1226 3071 societate
1253 3011 1452 3068 Filium
1484 3011 1699 3075 eximit,
1733 3010 1921 3067 dicens
1945 3025 1963 3062 :
1999 3026 2018 3059 ι
2047 3007 2126 3061 Τιι

541 3117 724 3163 autem
755 3106 899 3163 idem
933 3106 1050 3178 ipse
1083 3120 1144 3161 es
1174 3122 1189 3159 :
1224 3124 1245 3158 ι
1281 3118 1387 3158 non
1423 3102 1588 3175 igitur
1615 3101 1889 3158 mutabilis
1920 3109 2130 3155 natura:

540 3212 645 3261 est.
660 3202 845 3274 Neque
875 3202 1021 3257 enim
1049 3198 1192 3255 idem
1219 3198 1314 3262 sit,
1343 3198 1387 3254 si
1424 3199 1477 3254 in
1502 3197 1650 3252 aliud
1667 3195 1941 3268 quidpiam
1964 3207 2127 3264 quam

539 3307 626 3353 εει
650 3295 847 3352 mutari
878 3304 1086 3367 posset.

1232 3492 1487 3551 ALIUD.”

616 3609 675 3666 Si
706 3614 1007 3666 secundum
1032 3618 1284 3665 naturam
1308 3603 1669 3663 immutabilis
1697 3617 1803 3658 non
1824 3612 1906 3657 est
1939 3601 2130 3669 Filius,

542 3703 642 3759 sed
671 3704 926 3758 accidens
952 3703 1002 3758 ei
1035 3710 1141 3766 est,
1173 3711 1237 3757 ut
1265 3702 1338 3757 sit
1371 3699 1427 3755 id
1456 3696 1601 3768 quod
1634 3707 1742 3761 est,
1772 3692 2132 3749 adscititiam-

542 3811 653 3864 que
680 3795 847 3851 habet
877 3809 1000 3850 cum
1049 3793 1214 3850 Patre
1248 3790 1663 3848 similitudinem
1701 3805 1713 3841 ε
1754 3785 1934 3854 aliquo
1968 3784 2132 3855 igitur

545 3900 789 3957 tempore
817 3885 986 3941 fuerit
1009 3885 1226 3956 quidem
1267 3881 1459 3945 Filius,
1499 3877 1596 3934 sed
1633 3874 1916 3933 dissimilis
1943 3872 2132 3930 Patri?

539 3983 612 4034 At
635 3979 908 4050 quomodo
934 3978 1106 4034 Filius
1137 3974 1349 4033 censeri
1381 3980 1586 4045 posset,
1625 3985 1786 4040 quem
1820 3984 1926 4023 non
1973 3976 2130 4022 natu-

541 4072 672 4128 ralis
714 4070 1013 4127 similitudo
1041 4085 1164 4125 eum
1193 4082 1316 4124 esse
1355 4062 1641 4121 declarat?
1669 4062 1777 4116 Aut
1822 4076 1928 4130 qtto
1970 4073 2131 4130 pacto

540 4165 698 4220 ﬁrma
733 4180 800 4221 ac
829 4163 1044 4219 stabilis
1079 4160 1363 4217 beatitudo
1396 4159 1450 4213 in
1488 4156 1580 4212 illo
1625 4154 1752 4220 erit,
1781 4152 1874 4224 qui
1914 4168 2011 4223 per
2037 4169 2130 4208 ac-

539 4259 728 4314 cidens
750 4272 869 4313 eam
904 4255 1113 4311 habet?
1150 4254 1287 4308 Nam
1322 4252 1367 4307 si
1400 4251 1477 4306 illi
1513 4246 1735 4315 accidit,
1761 4252 1937 4318 potest
1962 4245 2128 4300 etiam

540 4363 651 4403 non
691 4347 962 4404 accidere.
1009 4344 1066 4400 Si
1116 4360 1244 4400 vero
1295 4358 1454 4399 sacra
1501 4340 1785 4410 Scriptura
1823 4336 2020 4394 Filium
2075 4336 2127 4391 in

542 4441 823 4496 identitate
847 4453 1068 4494 manere
1098 4437 1255 4501 dicit,
1289 4435 1470 4491 omnia
1505 4449 1625 4503 qua:
1663 4430 1967 4486 divinitatis
2001 4447 2127 4503 pro-

535 4531 657 4601 pria
688 4540 836 4596 sunt,
865 4527 1186 4585 naturaliter
1215 4527 1272 4581 in
1311 4526 1431 4595 ipso
1461 4522 1736 4578 exsistunt
1767 4540 1781 4576 :
1816 4520 1992 4577 aliena
2028 4538 2126 4577 au-

2252 646 2310 699 '0
2341 644 2602 717 ἑωρακὼς
2656 646 2756 714 ἐμὲ
2797 645 3013 717 ἑώρακε
3037 646 3131 702 τὸν
3159 646 3400 718 Πατέρα.
3432 664 3452 696 ι
3483 646 3546 698 Εἰ
3570 643 3756 698 τοίνυν
3789 644 3827 713 ἡ

2239 738 2370 810 περὶ
2418 737 2513 791 τοῦ
2559 738 2689 792 Υίοῦ
2737 738 2972 804 γνῶσις,
3022 739 3224 808 γνῶσίς
3276 740 3395 791 ἐστι
3442 735 3538 790 τοῦ
3586 736 3829 807 Πατρδς,

2238 831 2452 901 ἀνάγκη
2497 833 2645 884 πᾶσα
2686 830 2926 884 τοιοῦτον
2986 827 3125 885 εἶναι
3188 829 3470 885 πιστεύειν
3515 828 3610 883 τὸν
3664 828 3829 888 Υίδν.

2239 925 2420 990 ὁποῖός
2461 926 2608 978 ἐστιν
2646 928 2675 978 6
2711 926 2921 996 Πατήρ.
2969 926 3033 978 Ei
3070 925 3128 979 δὲ
3174 924 3354 989 τοῦτο,
3398 924 3671 995 ἄτρεπτος
3696 920 3757 975 δὲ
3798 922 3833 973 6

2240 1016 2447 1088 Πατὴρ,
2494 1015 2646 1069 ἔσται
2687 1015 2847 1069 τοῦτο
2892 1016 3112 1081 πάντως
3145 1018 3241 1071 καὶ
3277 1017 3308 1069 6
3336 1015 3486 1079 Υἱός.
3525 1012 3684 1069 Οὕτω
3712 1012 3834 1085 γὰρ

2240 1107 2306 1161 ἂν
2328 1108 2389 1160 ἐν
2416 1105 2565 1177 αύτῷ
2586 1107 2857 1180 γνωσθείη
2886 1109 2981 1162 καὶ
3004 1109 3270 1178 φαίνοιτο.

2236 1222 2563 1293 Μαρτυρίαι
2588 1221 2705 1293 dng
2730 1222 2841 1291 τῆς
2870 1221 3136 1293 Γραφῆς,
3160 1223 3250 1277 ὅτι
3273 1223 3568 1293 ἄτρεπτος
3599 1223 3633 1275 ό
3658 1219 3830 1293 Υἱὸς,

2306 1291 2405 1345 καὶ
2431 1292 2501 1357 ἐξ
2537 1289 2739 1346 αὐτῶν
2764 1289 3185 1363 συλλογισμὸς
3215 1295 3304 1360 είς
3342 1289 3518 1346 τοῦτο
3552 1289 3834 1359 περιτρέο

2306 1376 2457 1414 πων.

2317 1476 2376 1529 '0
2420 1475 2630 1540 Παῦλος
2665 1475 2842 1546 λέγει·
2877 1496 2897 1531 ι
2937 1477 3147 1549 Ἰησοῦς
3175 1477 3413 1551 Χριστὸς
3449 1476 3576 1548 χθὲς
3604 1473 3703 1529 καὶ
3730 1475 3837 1545 σή-

2239 1584 2424 1639 μερον,
2458 1569 2487 1622 6
2512 1568 2676 1634 αὐτὸς
2716 1572 2812 1624 καὶ
2844 1573 2925 1635 εἰς
2952 1572 3081 1635 τοὺς
3109 1570 3338 1634 αἰῶνας.
3366 1588 3385 1621 ι
3411 1570 3469 1622 ὐ
3490 1566 3831 1638 Ψαλμψδὸξ⁶

2242 1678 2259 1710 ι
2298 1659 2371 1711 Σὺ
2405 1659 2723 1731 καταρχὰς,
2775 1661 2947 1733 Κύριε
2967 1702 2982 1725 ,
3014 1662 3116 1733 τὴν
3144 1663 3249 1731 γῆν
3280 1660 3653 1732 ἐθεμελίωσας
3673 1696 3690 1721 ,
3721 1655 3835 1711 καὶ

2233 1749 2370 1821 ἔργα
2409 1750 2516 1806 τῶν
2546 1752 2748 1824 χειρῶν
2782 1752 2876 1807 σού
2920 1755 3058 1807 είσιν
3089 1754 3139 1806 οί
3189 1751 3409 1822 ούρανοί
3432 1766 3446 1779 ⁸
3478 1750 3635 1804 αὐτοὶ
3677 1750 3835 1802 ἀπο-

2232 1843 2472 1908 λοῦνται,
2523 1846 2588 1898 σὺ
2631 1844 2687 1898 δὲ
2733 1844 3044 1915 διαμένεις·
3090 1843 3187 1897 καὶ
3239 1843 3437 1905 πάντες
3489 1841 3565 1905 ὡς
3603 1840 3836 1911 ἱμάτιον

2235 1935 2740 2007 παλαιωθήσονται·
2756 1935 2850 1988 καὶ
2873 1930 3009 1988 ῶσεῖ
3030 1933 3376 2005 περιϐόλαιον
3396 1931 3590 1996 ἑλίξεις
3619 1928 3835 1993 αὐτοὺς

2235 2027 2329 2080 καὶ
2365 2025 2789 2098 ἀλλαγήσονται,
2826 2026 2891 2080 σὺ
2917 2026 2976 2080 δὲ
3003 2026 3033 2078 6
3062 2027 3226 2088 αὐτὸς
3253 2023 3334 2088 εἴ,
3369 2024 3464 2078 καὶ
3498 2024 3568 2079 τὰ
3591 2022 3691 2093 ἔτη
3725 2039 3834 2076 σου

2233 2118 2335 2172 οὐκ
2377 2117 2739 2188 ἐκλείψουσιν.
2775 2136 2794 2170 ι
2845 2119 2904 2171 '0
2934 2117 3123 2189 Σωτὴρ
3155 2119 3287 2188 περὶ
3328 2115 3557 2171 ἑαυτοῦο
3599 2133 3618 2166 ι
3649 2113 3837 2167 ἰδετᾶ

2238 2225 2326 2279 με,
2357 2209 2496 2263 ἴδετε
2526 2209 2608 2263 ὅτι
2636 2207 2749 2278 ἐγώ
2772 2210 2912 2279 είμι,
2944 2209 3040 2262 καὶ
3058 2209 3160 2262 οὐκ
3194 2207 3518 2277 ἡλλοίωμαι.
3562 2225 3581 2258 ι
3602 2206 3663 2260 '0
3715 2205 3837 2259 Ἱε-

2236 2302 2467 2374 ρεμίαςσ
2504 2302 2663 2355 ι”Οτι
2694 2303 2759 2356 σὺ
2789 2301 3104 2373 καθήμενος
3147 2300 3240 2355 τὸν
3286 2299 3479 2366 αἰῶνα,
3524 2300 3620 2352 καὶ
3658 2299 3840 2369 ἡμεῖς

2233 2392 2597 2464 ἀπολλύμενοι
2616 2394 2706 2448 τὸν
2737 2393 2932 2449 αἰῶνα.
2963 2413 2981 2444 ι
3000 2391 3269 2447 Ἐνταῦθα
3296 2392 3406 2464 γάρ
3441 2391 3503 2445 τὸ
3533 2389 3838 2462 ἱδρυμένον

2235 2485 2329 2538 καὶ
2355 2484 2714 2555 ἀμετάθετον,
2744 2485 2840 2539 καὶ
2862 2484 2951 2539 ἀεὶ
2973 2483 3241 2548 ὡσαύτως
3262 2485 3386 2555 ἔχον
3413 2483 3516 2553 τῆς
3545 2481 3699 2546 θείας
3724 2482 3840 2551 φύ-

2235 2593 2374 2640 σεως
2419 2578 2448 2630 6
2477 2578 2764 2648 προφήτης
2811 2576 3093 2647 σημαίνων
3126 2576 3298 2647 φησί·
3349 2594 3368 2626 ι
3403 2576 3476 2628 Σὺ
3508 2572 3837 2645 καθήμενος

2234 2666 2324 2720 τὸν
2364 2665 2569 2720 αίῶνα·
2610 2687 2629 2719 ι
2671 2667 2772 2737 τὴν
2828 2666 2886 2720 δὲ
2926 2667 2985 2720 ὲν
3027 2667 3193 2720 παντὶ
3234 2666 3413 2737 χρόνῳ
3438 2664 3547 2719 τῶν
3572 2664 3835 2737 γενητῶν

2238 2757 2542 2828 μεταϐολὴν
2612 2756 3013 2828 ἐξηγούμενος,
3080 2756 3369 2827 ὲπιφέρει’
3421 2774 3440 2807 ι
3478 2755 3592 2808 Καὶ
3658 2756 3836 2825 ἡμεῖς

2235 2842 2603 2914 ἀπολλύμενοι
2631 2843 2724 2899 τὸν
2752 2844 2945 2900 αίῶνα.
2982 2863 3000 2897 ι
3032 2845 3095 2898 El
3129 2846 3309 2899 τοίνυν
3343 2845 3437 2898 ἐπὶ
3470 2843 3571 2916 μὲν
3596 2843 3706 2897 τῶν
3736 2861 3839 2914 γε·

2235 2934 2413 3007 νητῶν
2446 2936 2679 3007 τροπὴν,
2726 2937 2822 2991 καὶ
2863 2936 3170 3003 ἀλλοίωσιν,
3220 2937 3316 2991 καὶ
3363 2937 3681 3000 ἀπώλειαν,
3731 2938 3836 2993 καὶ

2234 3026 2537 3098 ἐξαλλαγὴν
2570 3028 2603 3100 ἡ
2648 3026 2769 3084 θεία
2811 3028 3047 3095 λέγουσα
3092 3027 3305 3101 Γραιρὴ,
3334 3029 3437 3100 τῆς
3471 3030 3611 3100 πρὸς
3648 3028 3837 3085 ταῦτα

2234 3119 2520 3183 κοινωνίας
2554 3119 2841 3193 ὑπεξαιρετ
2884 3119 2977 3174 τὸν
3019 3119 3169 3186 Υίδν,
3207 3139 3226 3171 ι
3258 3121 3330 3175 Σὺ
3360 3119 3419 3175 δὲ
3444 3121 3471 3173 ὁ
3495 3119 3659 3183 αὐτὸς
3689 3115 3768 3186 εἴ,
3808 3141 3829 3172 ι

2234 3208 2500 3280 λέγουσα,
2528 3210 2626 3264 οὐκ
2653 3209 2762 3281 ἄρα
2817 3212 3062 3284 τρεπτῆς
3091 3211 3305 3284 φύσεώς
3338 3214 3507 3268 ἐστιν.
3545 3212 3684 3266 Οὐδὲ
3713 3215 3836 3286 γάρ

2233 3298 2299 3355 ἃν
2327 3303 2355 3355 6
2382 3303 2546 3366 αὐτὸς
2578 3302 2665 3375 εἴη
2690 3342 2705 3366 ,
2751 3302 2838 3374 ἐφ’
2869 3303 3055 3378 ἕτερόν
3090 3323 3140 3359 τι
3174 3306 3303 3377 παρ’
3328 3307 3468 3377 ὅπερ
3508 3304 3626 3359 ἐστὶ
3659 3322 3837 3377 μετας

2230 3393 2531 3468 τρέπεσθαι
2559 3393 2878 3466 δυνάμενος.

2914 3513 3123 3565 ΔΛΛΟ.

2302 3622 2365 3673 Εἰ
2398 3620 2540 3674 κατὰ
2570 3619 2732 3689 φύσιν
2761 3620 2862 3674 ούκ
2891 3620 3041 3676 ἐστιν
3070 3621 3338 3692 ἄτρεπτος
3369 3622 3399 3675 6
3432 3619 3583 3685 Υίδς,
3617 3621 3833 3695 συνέϐη

2227 3708 2288 3764 δὲ
2329 3711 2481 3783 αύτῷ
2509 3711 2572 3765 τὸ
2606 3707 2748 3767 εἶναι
2791 3710 2954 3765 τοῦτο
2997 3712 3140 3782 ὅπερ
3187 3711 3325 3779 ἐστὶ,
3368 3711 3463 3765 καὶ
3522 3711 3837 3784 ἐπίκτητον

2231 3804 2344 3875 ἔχει
2375 3804 2473 3876 τὴν
2504 3804 2640 3876 πρὸς
2666 3804 2759 3857 τὸν
2795 3803 3017 3874 Πατέρα
3041 3802 3359 3875 ὁμοιότητα,
3388 3797 3458 3873 ἦν
3488 3802 3600 3873 ἄρα
3623 3805 3835 3875 χρόνος

2229 3896 2319 3950 ὅτε
2344 3890 2413 3967 ἦν
2454 3895 2553 3967 μὲν
2578 3898 2607 3950 6
2634 3895 2786 3962 Υίδς,
2821 3895 3076 3966 ἀνόμοιος
3105 3894 3163 3948 δὲ
3191 3892 3271 3966 τῷ
3295 3893 3471 3963 Πατρί
3494 3910 3510 3960 ;
3558 3895 3678 3948 Καὶ
3709 3894 3844 3958 πῶς

2230 3990 2360 4055 Υἱὸς
2391 3989 2472 4045 ἔτι
2499 3989 2824 4061 νοηθήσεται
2850 3991 2880 4044 6
2912 3989 2989 4061 μὴ
3017 3990 3084 4042 ὲκ
3122 3987 3226 4059 τῆς
3256 3986 3400 4043 κατά
3438 3985 3607 4057 φύσιν
3642 3986 3838 4057 ὁμοιό-

2228 4099 2391 4154 τητος
2437 4081 2922 4154 μαρτυρούμενοςς
2955 4082 3025 4134 Ἢ
3057 4080 3185 4145 πῶς
3201 4082 3258 4136 ἒν
3283 4079 3488 4152 βεϐαίῳ
3511 4082 3614 4151 τῆς
3640 4097 3836 4151 μακα-

2231 4176 2476 4248 ριότητος
2507 4176 2786 4246 στήσεται,
2814 4177 2843 4228 6
2867 4172 3313 4245 ἐπισυμϐεϐηκὸς
3350 4171 3512 4227 τοῦτο
3538 4172 3717 4244 ἔχων;
3759 4173 3833 4226 El

2229 4269 2337 4341 γὰρ
2366 4267 2589 4339 συνέϐη,
2613 4267 2710 4322 καὶ
2738 4265 3126 4336 ἀποσυμϐἦναι
3152 4263 3312 4318 τοῦτο
3335 4264 3647 4335 δυνήσεται.
3678 4263 3744 4316 Et
3766 4262 3832 4317 δὲ

2230 4364 2290 4416 ἐν
2319 4359 2609 4433 ταυτότητι
2658 4360 2846 4425 μένειν
2880 4356 2971 4411 τὸν
2997 4356 3129 4410 re»
3175 4358 3208 4427 ἡ
3258 4356 3379 4411 θεία
3410 4355 3564 4424 λέγει
3600 4354 3832 4424 Γραφὴ,

2229 4454 2408 4506 πάντα
2441 4452 2498 4503 ὲν
2544 4449 2694 4520 αὐτῷ
2728 4447 2869 4503 κατὰ
2922 4446 3085 4518 φύσιν
3127 4446 3248 4504 ἔστι
3296 4444 3368 4500 τά
3413 4445 3513 4516 τῆς
3562 4443 3836 4513 θεότητος

2232 4542 2370 4607 ἴδια,
2402 4541 2682 4613 ἀλλότριον
2718 4541 2776 4595 δὲ
2806 4541 3015 4613 ταύτης
3058 4542 3092 4613 ὴ
3141 4538 3355 4613 τροπὴ,
3401 4538 3679 4611 ἄτρεπτος
3715 4537 3836 4606 ἄρα

541 4633 649 4678 ιειιι
680 4635 767 4680 εει
794 4638 823 4676 a
852 4621 1060 4677 deitate
1092 4617 1351 4683 mutatio;
1388 4615 1711 4672 mutationis
1740 4614 1925 4685 itaque
1954 4623 2006 4668 et
2045 4614 2125 4668 al-

2241 4633 2347 4688 ἐστὶ
2380 4632 2475 4687 καὶ
2507 4610 2886 4699 ἀναλλοίωτος.

538 4715 825 4771 teratiouis
848 4726 1043 4784 expers
1075 4719 1177 4765 est.

1207 4822 1439 4882 ALIUD.

609 4944 663 4997 ld
696 4943 840 5013 quod
872 4943 1071 4998 mutari
1106 4950 1164 4997 et
1197 4940 1418 4996 alterari
1456 4946 1636 5008 potest
1692 4952 1800 4994 non
1831 4937 2029 4992 dixerit
2058 4937 2124 4992 de

534 5034 717 5103 seipso
748 5053 763 5089 :
800 5051 819 5083 ι
859 5032 971 5104 Ego
1014 5047 1135 5086 sum
1168 5031 1392 5086 veritas.
1425 5049 1445 5083 ι
1486 5029 1618 5084 Nam
1650 5031 1794 5100 quod
1842 5024 2001 5083 modo
2041 5028 2123 5084 sic

533 5137 641 5193 est,
670 5126 828 5181 modo
851 5140 957 5180 non
986 5132 1093 5190 est,
1122 5123 1478 5192 repugnantia
1506 5121 1607 5176 sibi
1639 5122 1740 5191 ipsi
1768 5121 1921 5178 dicit.
1951 5120 2121 5176 Filius

532 5227 716 5270 autem
740 5214 809 5270 de
838 5215 1021 5284 seipso
1041 5211 1177 5268 dicit
1206 5230 1219 5266 :
1254 5232 1273 5264 ι
1302 5211 1414 5283 Ego
1441 5228 1559 5268 sum
1596 5214 1815 5268 veritas.
1850 5232 1868 5265 ι
1897 5210 2012 5266 Νοιι
2039 5223 2124 5267 est

536 5306 703 5376 igitur
730 5321 797 5361 ex
836 5306 902 5361 iis
925 5320 1048 5375 qua:
1072 5313 1352 5360 mutantur
1377 5314 1540 5375 atque
1565 5304 1892 5370 alterantnr,
1924 5305 2018 5360 sed
2048 5305 2122 5359 si-

533 5398 681 5453 milis
713 5396 884 5461 Patri,
918 5397 1244 5452 mutationis
1276 5407 1331 5452 et
1363 5396 1701 5453 alterationis
1725 5413 1941 5466 expers.

1029 5596 1258 5665 ALIUD,
1289 5598 1623 5667 explicatius.

485 5768 491 5791 λ
607 5710 859 5768 Haeretici
912 5721 1177 5769 conantes
1223 5711 1518 5769 ostendere
1569 5711 1769 5767 Filium
1814 5726 1880 5766 ex
1926 5726 2115 5765 eorum

2912 4814 3115 4868 ΑΛΛΟ.

2303 4928 2377 4982 Τὸ
2395 4930 2732 5002 τρεπόμενον
2762 4929 2858 4983 καὶ
2884 4927 3244 5000 ἀλλοιωθῆναι
3268 4926 3591 4998 δυνάμενον,
3621 4929 3727 4982 οὐκ
3757 4928 3836 4982 ἄν

2229 5019 2379 5090 λέγοι
2414 5021 2545 5093 περὶ
2567 5019 2794 5076 Eant-06'
2828 5039 2846 5071 ι
2884 5018 3027 5088 Ἐγώ
3059 5020 3176 5091 είμι
3210 5022 3243 5092 ή
3281 5016 3531 5092 ἀλήθεια.
3567 5040 3589 5072 δ
3620 5021 3685 5074 El
3710 5022 3835 5091 γὰρ

2228 5114 2360 5167 ποτὲ
2416 5114 2516 5185 μὲν
2566 5114 2685 5168 τόδε
2728 5113 2911 5178 ἐστὶν,
2951 5112 3083 5166 ποτὶ
3126 5109 3183 5165 δὲ
3228 5112 3329 5165 οὐκ
3376 5110 3515 5176 ἔστι,
3557 5110 3833 5182 ψεύδεται.

2226 5206 2365 5278 πρὸς
2391 5206 2607 5260 ἑαυτόν.
2663 5205 2723 5259 '0
2763 5204 2820 5259 δὲ
2845 5205 2973 5268 Υἱὸς
3000 5205 3131 5275 περὶ
3161 5203 3358 5258 ἑαυτοῦ
3395 5203 3572 5272 λέγει·
3615 5223 3635 5255 ι
3675 5202 3834 5275 Ἐγὼ

2224 5298 2341 5367 εἰμι
2372 5297 2405 5367 ﬂ
2438 5294 2686 5365 ἀλήθεια.
2723 5313 2741 5346 ι
2766 5295 2882 5347 Οὐκ
2910 5291 3019 5366 ἄρα
3045 5292 3158 5345 τῶν
3184 5289 3663 5363 άλλοιουμὲνων,ῆ
3693 5309 3829 5365 τρε-

2224 5387 2479 5458 πομένων
2513 5385 2684 5452 ἐστὶν,
2728 5385 2844 5439 ἀλλ’
2877 5386 3066 5455 ὅμοιος
3105 5381 3185 5453 τῷ
3213 5380 3410 5454 Πατρὶ,
3457 5381 3739 5453 ἄτρεπτος
3762 5402 3827 5441 τε

2224 5480 2317 5534 καὶ
2347 5478 2706 5541 ἀναλλοίωτος
2730 5475 2825 5532 ῶν.

2666 5591 2873 5655 ΛΛΛΟ,
2912 5587 3372 5660 διηγηματικῶς.

2299 5709 2438 5764 Ἕνα
2478 5708 2585 5762 τῶν
2626 5703 3025 5776 ἀλλοιουμένων
3066 5700 3463 5766 σπουδάζοντες
3504 5700 3683 5767 δεῖξαι
3726 5699 3833 5758 τὸν

594 5869 637 5899 ”
668 5870 824 5929 Joan.
866 5888 975 5939 xtv,
1005 5874 1058 5939 8,
1092 5871 1147 5927 9.
1203 5872 1247 5905 '°
1275 5871 1441 5928 Hebr.
1475 5886 1597 5937 xm,
1624 5870 1679 5927 8.
1735 5871 1778 5902 ³¹
1810 5868 1952 5926 Psal.
1984 5871 2128 5936 (ιι,2(

2241 5900 2262 5923 ι.
2309 5869 2350 5901 ³²
2383 5868 2513 5925 Luc.
2546 5883 2695 5934 xxiv,
2718 5867 2818 5935 59;
2856 5864 3083 5921 Mulach.
3114 5878 3196 5929 ιιι,
3225 5859 3278 5917 6.
3322 5861 3365 5894 ³³
3391 5861 3602 5918 Rarnch
3639 5878 3729 5934 ιιι,
3758 5861 3815 5921 3.
