3996 6426
487 409 590 464 219

1003 531 1108 584 ALI
1123 531 1231 596 Ui),
1264 534 1315 585 in
1343 533 1588 599 iiiipsmn.

563 641 620 696 Si
654 643 815 697 veluti
852 636 1476 714 mercedemquamdam
1522 648 1758 710 virtutis,
1819 649 1902 702 vel
1971 651 2070 704 liu-

492 735 830 803 niiliationis,
854 747 945 790 aut
984 738 1305 794 obedientiic
1359 749 1711 794 consecutum
1771 750 1916 795 esset
1949 740 2077 796 Ver-

491 831 616 881 bum
647 827 738 883 Dei
767 829 908 898 quod
936 831 1005 883 sit
1036 828 1204 885 Filius
1227 872 1241 895 ,
1285 847 1522 901 quonam
1556 833 1716 887 modo
1744 833 1910 888 etiam
1946 845 2073 889 ante

492 918 883 975 humiliationis
912 928 1151 987 tempora
1174 922 1412 976 nonnulli
1435 934 1802 991 cognoverunt
1830 923 2070 979 Pali-em?

489 1023 609 1062 cum
645 1007 812 1065 Filius
836 1011 980 1066 dicat
1009 1013 1097 1067 ’⁵τέ
1142 1033 1159 1065 ι
1206 1011 1378 1068 Nemo
1421 1015 1699 1084 cognoscit
1725 1015 1937 1069 Patrem
1969 1016 2071 1071 nisi

493 1097 677 1165 Filius,
696 1111 748 1155 et
766 1102 850 1156 cui
883 1100 1049 1159 Filius
1079 1104 1417 1160 revelaverit.
1440 1124 1458 1157 ι
1479 1104 1593 1161 Non
1613 1108 1910 1162 exsistcnte
1926 1108 2068 1161 enim

491 1187 625 1245 Filio
658 1191 749 1260 qni
785 1193 1011 1259 revelat,
1039 1211 1146 1264 quo
1181 1206 1340 1266 pacto
1365 1195 1525 1251 Pater
1560 1199 1627 1253 ab
1661 1197 1842 1268 aliquo
1873 1214 2073 1270 cegun-

489 1283 703 1335 scatur?
729 1284 784 1337 Si
823 1301 950 1340 vero
978 1286 1138 1341 Pater
1162 1304 1378 1358 semper
1431 1292 1800 1360 cognoscitur,
1855 1307 2070 1360 Semper

489 1373 673 1441 itaque
705 1377 868 1430 etiam
927 1381 1138 1433 exstitit
1185 1379 1376 1443 Filius.
1439 1383 1612 1451 ipsum
1651 1384 1914 1437 rein-laus.
1947 1384 2064 1438 Non

488 1465 656 1534 igitur
678 1483 742 1522 ex
777 1471 1076 1526 mutatione
1108 1472 1286 1542 aliqua
1336 1475 1419 1528 vel
1455 1474 1762 1542 adiectione
1809 1492 2072 1532 consecu-

490 1566 575 1610 tus
604 1569 678 1613 est
720 1561 770 1613 id
795 1565 936 1630 quod
976 1574 1078 1630 eat,
1099 1567 1193 1622 sed
1222 1581 1437 1636 semper
1463 1569 1561 1622 hoc
1593 1570 1734 1635 quod
1763 1579 1845 1624 est
1904 1571 2073 1623 exsti-

489 1646 554 1702 tit
606 1654 950 1720 naturaliter,
999 1654 1142 1710 Patri
1186 1674 1304 1722 suo,
1363 1660 1563 1713 nullius
1616 1661 1689 1713 rei
1750 1662 2068 1731 indigentia,

489 1743 822 1807 perfectione
858 1756 1025 1817 atque
1060 1749 1496 1806 immutabilitate
1545 1753 1738 1808 similis
1781 1757 2066 1812 exsisteus.

1517 414 1577 470 S.
1616 413 1888 470 CYRILLI
1934 413 2402 471 ALEXAMliilNI
2446 421 2760 478 AiiCi'l’lEP.

3660 439 3765 494 922‘).

2641 543 2862 609 amo,
2908 548 2995 611 εἰς
3035 549 3098 600 τὸ
3125 518 3308 602 ἀύτό.

2253 653 2314 704 Εἰ
2354 654 2606 727 καθάπερ
2642 658 2763 711 τινὰ
2799 659 2992 728 μισθὸν
3027 659 3231 732 ἀρετῆς
3261 662 3292 733 ἢ
3323 667 3695 734 ταπεινώσεως
3726 673 3756 740 ἦ

2179 744 2424 814 ὑπακοῆς
2456 743 2568 815 ἔχει
2599 747 2657 800 τὸ
2695 741 2831 801 εἶναι
2865 746 2993 814 Υἱὸς
3040 752 3068 804 ὁ
3102 750 3196 804 τοῦ
3237 751 3370 806 Θεοῦ
3407 754 3596 824 Λόγος,
3627 775 3767 815 κατα.

2178 837 2300 891 τίνα
2337 838 2538 909 τρόπον
2585 839 2690 911 πρὸ
2729 841 2837 894 τῶν
2871 843 2970 912 τῆς
3001 843 3386 908 ταπεινώσεως
3433 849 3634 917 χρόνων
3666 852 3754 904 ὲπ-

2176 931 2473 998 εγίνωσκόν
2518 949 2664 996 τινες
2709 934 2799 988 τὸν
2845 936 3100 1006 Πατέρα;
3156 937 3407 1006 λέγοντος
3451 939 3544 993 τοῦ
3590 942 3714 996 Υἱοῦ
3741 962 3768 977 ’-

2184 1043 2201 1074 ι
2235 1023 2422 1088 Οὐδεὶς
2446 1025 2801 1094 ἐπιγινώσκει
2823 1028 2912 1081 τὸν
2935 1027 3176 1100 Πατέρα,
3205 1033 3253 1082 εί
3286 1030 3360 1101 μὴ
3377 1033 3404 1084 ό
3430 1031 3574 1097 Υἱὸς,
3603 1037 3691 1088 καὶ
3713 1030 3754 1104 ᾧ

2177 1115 2242 1170 ἂν
2261 1116 2385 1180 rei;
2403 1117 2749 1191 ἀποκαλύψῃ.
2768 1137 2785 1170 ›
2814 1119 2904 1191 Μὴ
2940 1120 3092 1183 ὄντος
3123 1120 3231 1192 γάρ
3257 1124 3378 1175 κατ’
3405 1123 3642 1189 ἐκείνους
3668 1128 3755 1180 τοῦ

2175 1207 2656 1272 ἀποκαλύποντος
2678 1209 2828 1275 Υίοῦ,
2857 1210 2972 1274 πῶς
2989 1212 3356 1284 ἐπιγνωσθείη
3394 1214 3546 1285 παρά
3574 1233 3710 1280 τινος
3731 1223 3766 1273 ό,

2176 1299 2397 1370 Πατήρ,
2432 1300 2560 1353 είδέ
2592 1301 2681 1354 ἀεὶ
2711 1301 2900 1374 Πατὴρ
2930 1303 3280 1374 γνωρίζεται,
3314 1300 3381 1376 ἦν
3410 1305 3519 1376 ἀρα
3545 1309 3638 1361 καὶ
3676 1311 3756 1362 ἀεὶ

2171 1395 2200 1445 ό
2225 1391 2622 1446 ἀποκαλύπτων
2645 1394 2792 1456 Υίός.
2822 1395 3028 1447 Ούκοῦν
3050 1396 3150 1449 οὐκ
3177 1398 3239 1449 ἐκ
3269 1396 3573 1467 μεταϐολῆς
3600 1415 3753 1463 τινος,

2175 1486 2293 1539 ούδέ
2323 1486 2382 1538 ἐν
2417 1485 2734 1557 προσθήκης
2780 1486 2935 1557 μέρει
2965 1488 3214 1556 φαίνεται
3245 1487 3425 1543 λαϐὼν
3452 1490 3598 1544 τοῦθ’
3628 1492 3754 1560 ὅπερ

2174 1580 2356 1645 ἐστὶν,
2392 1579 2508 1632 ἀλλ’
2552 1573 2622 1649 ἦν
2666 1579 2752 1632 ἀεὶ
2801 1577 2958 1632 τοῦτο
3003 1579 3248 1648 φυσικῶς
3275 1621 3290 1645 ,
3335 1582 3520 1652 ὅμοιος
3559 1580 3632 1635 ὢν
3672 1584 3756 1636 καὶ

2175 1669 2316 1722 κατὰ
2353 1669 2412 1722 τὸ
2444 1668 2742 1741 ἀπροσδεές
2769 1685 2825 1722 τε
2859 1672 2952 1723 καὶ
2998 1669 3206 1724 τέλειον
3249 1672 3342 1725 καὶ
3389 1672 3659 1743 ἄτρεπτον
3685 1672 3758 1744 τῷ

2176 1759 2372 1832 [Ιατρίι.

483 1848 718 1917 ALIUD,
751 1857 1024 1938 declarans
1054 1859 1255 1946 Filium
1295 1880 1403 1917 esse
1433 1882 1499 1918 ea:
1523 1869 1749 1946 essentia
1791 1867 1993 1946 Patris,
2023 1887 2059 1924 et

2178 1874 2380 1946 ΑΛΛΟ,
2417 1876 2718 1943 σημαῖνον
2764 1874 2852 1928 ὅτι
2882 1873 2949 1946 ἐκ
2992 1873 3102 1946 τῆς
3136 1875 3352 1941 οὐσίας
3394 1875 3502 1946 τοῦ
3541 1879 3758 1946 Πατρός

555 1939 658 2004 non
691 1928 1026 2004 fatrinsecus
1073 1937 1406 2004 productum,
1465 1940 1908 2004 quemadmodum
1972 1928 2068 1994 ito-

553 2002 656 2076 :tes
683 1993 889 2050 Christi
927 1993 1129 2076 colunt.
1153 2003 1223 2076 Et
1238 1993 1490 2076 quoniam
1516 2008 1834 2062 extrinsecus
1869 1993 2068 2076 produ-

555 2073 672 2116 ctus
703 2079 927 2135 nonest,
968 2071 1156 2127 similis
1181 2073 1264 2128 illi
1299 2086 1396 2129 est.
1435 2077 1812 2146 Argumentum
1847 2071 2063 2136 literati-

551 2150 753 2189 corum.

556 2250 718 2316 Quid,
741 2252 1014 2323 inquiunt,
1046 2267 1130 2312 est
1165 2263 1512 2329 praestantius
1547 2264 1602 2320 in
1629 2264 1771 2320 Deo?
1819 2267 1925 2322 Aut
1959 2285 2066 2339 quo

480 2347 640 2408 pacto
670 2345 900 2399 nouerit
934 2350 1108 2404 nostri
1135 2351 1350 2418 similis,
1394 2354 1439 2409 si
1474 2355 1636 2410 etiam
1689 2358 1802 2426 ipse
1849 2376 1912 2415 ex
1967 2376 2063 2415 sua

479 2433 784 2490 substantia
819 2439 1234 2509 gignitFilium,
1271 2445 1496 2514 perinde
1523 2457 1688 2518 atque
1735 2450 1871 2504 nos?
1927 2453 2063 2508 Cum

479 2540 609 2580 vero
638 2539 847 2584 tantum
886 2533 1179 2590 humanam
1216 2547 1466 2593 naturam
1515 2541 1763 2609 excedat,
1801 2556 2062 2615 quantum

478 2634 780 2689 creaturas,
821 2643 1164 2700 nequaquam
1193 2647 1290 2688 nos
1330 2634 1654 2702 imitabitur,
1705 2654 1881 2708 neque
1921 2641 2062 2697 sicut

478 2714 677 2786 aliquis
705 2728 949 2774 nostrum
985 2737 1049 2776 ex
1081 2727 1316 2780 essentia
1368 2743 1466 2780 sua
1523 2729 1785 2798 producet
1839 2730 2059 2800 Filium,

477 2806 572 2860 sed
603 2809 948 2868 extrinsecus
969 2815 1288 2871 constituet.
1319 2817 1470 2884 Quod
1501 2821 1545 2874 si
1580 2821 1651 2874 ita
1677 2833 1782 2890 est,
1815 2823 2060 2878 dissimi-

478 2897 544 2951 lis
570 2909 720 2954 certe
745 2902 871 2957 erit.

974 3015 1182 3072 Salutio
1231 3019 1560 3090 objectiouis.

548 3121 782 3179 Dixerim
807 3128 1056 3196 equidem
1081 3133 1276 3190 merito
1311 3135 1429 3190 istis
1460 3137 1707 3195 hostibus
1730 3141 1931 3196 Christi
1968 3161 1982 3199 :
2013 3146 2057 3200 si

2245 1945 2476 2015 tauro
2514 1947 2668 2012 Υἱὸς,
2702 1947 2797 1998 καὶ
2833 1945 2943 1998 οὐκ
2982 1945 3225 2011 ἔξωθεν,
3268 1945 3538 2014 καθάπερ
3565 1949 3617 2000 oi
3643 1945 3759 2015 χριο

2246 2014 2537 2097 ςτομᾴίοι
2570 2018 2782 2097 φασίνς
2803 2015 3040 2097 Ἐστειδῂ
3068 2015 3271 2097 δὲόὺκ
3297 2015 3542 2097 ἔξωθεν,
3568 2014 3758 2087 ὅμοιος

2245 2083 2376 2153 ἄρα.
2411 2083 2706 2154 Πρότὶισις
2743 2087 2824 2151 ὡς
2853 2086 2920 2139 ἐκ
2951 2083 3070 2139 τῶν
3097 2085 3431 2156 αιτρετικῶν.

2244 2262 2355 2317 Καὶ
2385 2263 2435 2317 τί
2459 2263 2520 2317 τὸ
2546 2264 2726 2328 πλέον,
2765 2263 2948 2333 φασὶν,
2978 2265 3036 2318 ἐν
3058 2262 3213 2335 Θεῷ;
3247 2263 3371 2328 Πῶς
3405 2263 3462 2318 δέ
3493 2265 3593 2318 οὐκ
3619 2264 3762 2317 ἔσται

2175 2352 2294 2408 καθ’
2323 2357 2492 2425 ἡμᾶς,
2523 2359 2570 2409 εί
2619 2356 2716 2409 καὶ
2763 2355 2923 2420 αὐτὸς
2969 2360 3034 2410 ἐκ
3075 2356 3175 2426 τῆς
3216 2356 3411 2421 οὐσίας
3445 2356 3545 2426 τῆς
3577 2355 3762 2409 ἐαυτοῦ

2173 2450 2346 2502 τίκτει
2391 2448 2484 2502 τὸν
2514 2447 2666 2511 Υίὸν,
2693 2448 2884 2518 ὥσπερ
2915 2447 3010 2502 καὶ
3041 2448 3238 2518 ἡμεῐς;
3279 2443 3514 2518 Ἐπειδὴ
3560 2446 3618 2501 δὲ
3661 2446 3781 2499 ἀνω-

2172 2542 2270 2612 τῆς
2317 2540 2665 2612 ἀνθρωπείας
2721 2541 2936 2610 φύσεως
2985 2537 3238 2593 τοσοῦτόν
3282 2541 3464 2604 ἐστιν,
3500 2539 3636 2593 ὅσον.
3666 2537 3782 2593 τῶν,

2172 2631 2415 2705 γενητῶν
2458 2633 2754 2704 ὑπερέχει,
2805 2632 2867 2685 ού
2914 2633 2980 2686 τὰ
3029 2632 3186 2704 ήμῶν
3241 2633 3591 2705 μιμήσεταιο
3657 2632 3775 2687 οὗδέ

2171 2727 2360 2799 ὥσπερ
2389 2745 2472 2790 τις
2499 2725 2608 2779 τῶν
2640 2725 2763 2780 καθ’
2792 2727 2941 2798 ἡμᾶς
2970 2726 3031 2779 ἐκ
3073 2728 3174 2797 τῆς
3205 2727 3404 2791 οὐσίας
3437 2727 3538 2798 τῆς
3582 2725 3766 2780 ἑαυτοῦ

2173 2819 2437 2891 προϐαλεῖ
2455 2819 2546 2873 τὸν
2564 2820 2712 2886 Υίὸν,
2731 2817 2845 2873 ἀλλ’
2861 2819 3058 2886 ἔξωθεν
3083 2820 3406 2893 ὑποστήσει.
3432 2820 3491 2874 Εί
3515 2820 3571 2876 δὲ
3594 2818 3765 2882 τοῦτο,

2171 2913 2264 2964 καὶ
2287 2911 2539 2984 ἀνόμοιος
2565 2910 2690 2983 ἄρα.

2659 3022 2813 3092 Πρὸς
2856 3022 3043 3078 ταῦτα
3079 3024 3284 3090 λύσις.

2254 3134 2518 3207 Ἐροίμηνη
2543 3134 2608 3189 ἂν
2622 3135 2849 3199 δικαίως
2863 3136 2992 3199 τοὺς
3016 3137 3448 3206 χριστομάχους,
3484 3137 3536 3190 εί
3565 3136 3758 3190 παντά-

473 3216 528 3270 in
555 3218 866 3273 universum
895 3220 1038 3278 Deus
1063 3238 1280 3282 omnem
1311 3229 1721 3287 similitudinem
1777 3236 2057 3290 nobiseum

2176 3245 2301 3281 πασι
2347 3228 2449 3299 τήν
2503 3227 2641 3299 πρὸς
2689 3229 2840 3298 ἡμᾶς
2886 3227 3146 3298 ὁμοίωσιν
3193 3233 3558 3300 παραιτεῖται
3619 3228 3766 3292 Θεὸς,

475 3308 703 3376 respuit,
729 3309 876 3365 nulla
897 3313 1061 3368 etiam
1086 3317 1297 3372 ratione
1319 3332 1439 3388 quae
1476 3322 1678 3376 homini
1730 3328 2061 3382 conveniunt

472 3403 726 3470 gestabit.
758 3401 814 3458 Si
851 3406 996 3460 enim
1028 3406 1208 3464 dicent
1229 3412 1467 3466 divinam
1503 3418 1793 3472 essentiam
1815 3435 1918 3473 non
1943 3434 2061 3473 om-

475 3492 601 3546 nino
625 3507 654 3545 a
685 3503 873 3548 nostra
900 3497 1207 3567 discedere,
1248 3501 1427 3558 inanis
1490 3505 1705 3561 illorum
1763 3511 2061 3578 propositio

471 3595 592 3634 esse
616 3581 1069 3653 deprehendetur,
1129 3605 1356 3662 quaeque
1399 3595 1729 3652 confessioni
1778 3599 1880 3667 ipsi
1917 3599 2060 3654 refu-

475 3672 731 3728 tationem
765 3677 1107 3746 conjunctain
1162 3683 1381 3741 habeat.
1425 3686 1482 3741 Si
1515 3701 1698 3742 autem
1737 3690 1791 3744 in
1825 3692 1892 3746 iis
1939 3708 2060 3762 quae

475 3764 632 3820 nobis
667 3767 938 3837 objiciunt
1000 3771 1249 3842 imperite
1299 3779 1765 3850 pertinaciterque
1827 3783 2055 3851 haerent,

471 3857 654 3912 dicant
683 3861 860 3927 nobis,
889 3877 1030 3920 anne
1059 3865 1221 3920 homo
1237 3870 1541 3926 substantia
1580 3873 1671 3936 sit,
1710 3889 1809 3930 cur
1827 3891 1934 3930 non
1961 3892 2057 3932 ne-

469 3958 598 4018 gant
627 3949 785 4021 132
813 3953 978 4008 Deum
1016 3957 1376 4014 substantiam
1403 3961 1558 4016 esse?
1578 3962 1646 4018 Et
1698 3981 1888 4022 rursus
1931 3984 2054 4022 cum

473 4043 635 4096 homo
673 4046 955 4102 rationalis
976 4048 1070 4115 sit,
1103 4050 1312 4106 faciant
1342 4052 1414 4108 illi
1448 4053 1616 4110 Deum
1649 4058 2044 4127 irrationalein,

469 4139 527 4182 ut
552 4129 791 4187 humana
829 4149 1067 4206 respuat.
1131 4137 1188 4192 Si
1225 4156 1350 4196 vero
1400 4157 1522 4197 cum
1576 4160 1674 4200 nos
1714 4146 1833 4201 haec
1860 4147 2052 4212 simus,

470 4221 609 4278 Deus
641 4225 806 4280 etiam
843 4227 945 4282 hoc
984 4237 1066 4283 est
1099 4244 1115 4281 :
1157 4247 1262 4285 non
1309 4233 1416 4287 erit
1466 4235 1678 4292 alienus
1714 4252 1744 4291 a
1784 4238 2055 4308 gignendo

2162 3321 2256 3373 καὶ
2310 3322 2430 3374 κατ’
2464 3320 2657 3373 οὐδένα
2703 3320 2904 3391 τρόπον
2958 3319 3029 3373 τὰ
3079 3319 3360 3393 ἀνθρώπῳ
3423 3321 3767 3392 προσήκοντα

2162 3410 2406 3482 φορέσει.
2429 3409 2491 3463 Ei
2529 3411 2628 3482 μέν
2656 3409 2767 3481 γὰρ
2794 3411 2978 3482 ἐροῦσι
3016 3411 3091 3483 μὴ
3125 3411 3300 3482 πάντη
3336 3412 3453 3466 τῶν
3487 3413 3768 3484 ἡμετέρων

2160 3503 2463 3572 ἀποφοιτᾷν
2493 3500 2592 3573 τὴν
2624 3500 2775 3556 θείαν
2804 3503 3014 3571 οὐσίαν,
3063 3503 3230 3568 ἐωλος
3270 3505 3466 3570 αὐτοῖς
3501 3507 3534 3576 ή
3566 3505 3766 3576 πρότα-

2162 3611 2246 3658 σις
2277 3594 2667 3666 εὑρεθήσεται,
2698 3589 2854 3650 λύσιν
2879 3593 3080 3666 ἔχουσα
3107 3597 3207 3669 τήν
3232 3597 3422 3651 αὐτῶν
3457 3595 3781 3668 ὁμολογίανι

2160 3685 2223 3741 Εί
2259 3686 2315 3740 δέ
2347 3687 2702 3758 ἐπιμένουσιν
2745 3685 2978 3758 ἀμαθῶς
3006 3682 3086 3750 οἷς
3121 3687 3516 3760 προτείνουσιν
3562 3686 3772 3742 ἐνιστάε-

2162 3796 2336 3850 μενοι,
2368 3778 2678 3850 λεγέτωσαν
2709 3781 2862 3851 ἡμῖν,
2887 3781 2936 3832 εί
2970 3779 3045 3850 μὴ
3076 3781 3102 3833 ὁ
3125 3779 3427 3850 ἄνθρωπος
3449 3781 3615 3836 οὐσία
3638 3780 3749 3834 ἐστί
3760 3798 3771 3834 .'

2159 3872 2267 3926 Καὶ
2293 3872 2456 3927 πάλιν
2484 3872 2782 3945 ἐπειδήπερ
2807 3872 3023 3942 λογικὸς
3053 3876 3082 3928 ό
3115 3873 3436 3946 ἄνθρωπος,
3476 3875 3623 3928 ἔστω
3643 3873 3772 3934 Θεὸς

2157 3968 2278 4021 κατ’
2309 3964 2553 4029 ἐκείνους
2581 3965 2796 4034 ἀλογος,
2822 3966 2911 4020 ἵνα
2941 3967 3280 4038 παραιτῆται
3317 3967 3392 4021 τὰ
3420 3966 3779 4040 ἀνθρώπιναι,

2158 4056 2219 4112 Ei
2243 4056 2300 4112 δὲ
2322 4057 2380 4113 ἐν
2402 4058 2614 4122 τούτοις
2643 4058 2812 4112 ὄντων
2845 4055 3022 4131 ὴμῶν,
3044 4061 3100 4113 ἐν
3127 4059 3314 4124 αὐτοῖς
3340 4061 3466 4114 ἐστι
3497 4060 3595 4114 καὶ
3619 4058 3767 4122 Θεὸς,

2154 4151 2217 4204 οὐ
2246 4150 2647 4223 παραιτήσεται
2681 4151 2878 4222 γεννᾷν
2905 4145 2964 4215 ἐξ
2995 4149 3191 4205 ἐαυτοῦ
3225 4150 3319 4204 τὸν
3359 4152 3523 4218 Υίὺν,
3551 4151 3780 4220 ἐπειδή-α

2157 4259 2262 4314 περ
2296 4237 2438 4294 οὕτω
2472 4242 2736 4312 τίκτομεν
2780 4241 3123 4312 ήμεῖς.”Εδει
3159 4241 3269 4314 γὰρ
3318 4243 3538 4314 μᾶλλον
3570 4243 3781 4298 ἐννοεῖν.

465 4329 530 4366 ex
553 4327 611 4368 se
642 4313 861 4381 Filium,
921 4319 1188 4389 siquidem
1251 4323 1321 4376 ita
1351 4339 1447 4380 nos
1473 4327 1766 4394 gignimus.
1828 4331 1897 4383 At
1921 4347 2053 4386 vero

2176 4313 2238 4385 iri.
2285 4331 2427 4385 κατά
2479 4328 2716 4402 μίμησιν
2765 4329 2867 4402 τῆς
2905 4328 3058 4394 θείας
3084 4313 3390 4400 φύσεωςίοί
3424 4330 3558 4384 κατ’
3589 4328 3774 4383 εἰκόνα

466 4408 648 4474 petitis
675 4409 1082 4481 intelligendum
1113 4425 1232 4468 erat
1258 4416 1401 4483 quod
1439 4419 1530 4485 qui
1566 4417 1633 4473 ad
1691 4420 2050 4479 imitationem

466 4498 661 4554 divina:
690 4511 896 4558 natura:
919 4504 1073 4573 juxta
1103 4504 1391 4574 imaginem
1413 4507 1556 4563 illius
1585 4507 1714 4564 facti
1733 4513 2052 4576 sumus,lioc

2152 4422 2439 4492 γεγονότες
2473 4421 2665 4492 αὐτῆς,
2692 4421 2969 4476 καὶτοῦτο
3003 4422 3143 4494 μετά
3187 4419 3296 4475 τῶν
3347 4422 3538 4479 ἄλλων
3574 4419 3775 4492 κεκτήο

2157 4513 2552 4586 μεθα.Ἑπειδὴ
2584 4513 2642 4568 δέ
2674 4513 2895 4568 τέτοκεν
2925 4513 2986 4579 ἐξ
3014 4512 3210 4568 ἐαυτοῦ
3240 4513 3335 4569 τὸν
3359 4515 3523 4582 Υίὸν,
3559 4514 3657 4569 καὶ
3679 4511 3781 4566 οὐκ·

464 4590 626 4645 iitiain
652 4606 850 4663 praeter
884 4597 988 4650 alia
1021 4599 1300 4654 consecuti
1326 4617 1539 4656 sumus.
1573 4601 1711 4659 Cum
1739 4616 1923 4662 autem
1950 4625 2042 4680 ge-

2176 4605 2353 4674 ,ξωθεν
2391 4605 2761 4677 ὑπεστήσατο,
2798 4606 3015 4678 ἀνάγκη
3051 4603 3235 4661 δοῦναι
3263 4605 3330 4661 τὸ
3366 4609 3569 4681 ὅμοιον
3605 4603 3774 4676 αὐτῷ.

465 4685 643 4741 iinerit
674 4702 740 4742 ex
808 4704 868 4746 se
922 4688 1142 4759 Filium,
1205 4705 1261 4750 et
1295 4710 1404 4752 non
1445 4699 1789 4755 extrinsecus
1842 4715 1966 4757 eum
2009 4704 2376 4770 constituerit,
2439 4702 2809 4758 necessarium
2855 4701 3015 4774 plane
3075 4711 3132 4756 ut
3190 4702 3344 4758 illum
3403 4704 3654 4760 similem
3725 4701 3773 4754 ei

464 4780 889 4840 constituamus.

1147 4905 1380 4964 ALIUD.

825 4988 911 5046 Ea:
939 4994 1230 5064 objectionc
1258 5001 1651 5058 Itwreticorum.

530 5123 600 5177 At
635 5139 750 5194 nos,
781 5126 1055 5200 inquiunt,
1091 5132 1255 5188 veluti
1294 5139 1520 5194 materia
1549 5143 1783 5211 quadam
1844 5158 1963 5213 quae
2016 5161 2043 5199 a

2843 4907 2980 4960 ΑΛΛ
2989 4910 3030 4961 Ο
3039 4950 3051 4962 .

2325 5025 2421 5089 Ὠς
2456 5022 2526 5087 ἐξ
2565 5021 2928 5090 ἀντιθέσεως
2965 5021 3084 5077 τῶν
3121 5028 3596 5098 χριστομάχων.

2237 5158 2450 5232 Ἡμεῖς,
2480 5160 2665 5231 φασὶν,
2700 5156 2892 5232 ῶσπερ
2926 5159 3025 5234 ὕλῃ
3050 5163 3157 5216 τινὶ
3185 5165 3308 5226 ταῖς
3340 5165 3411 5219 ἐκ
3440 5167 3550 5238 τῆς
3589 5183 3780 5238 σωμα-

2148 5249 2308 5323 τικῆς
2338 5252 2554 5322 φύσεως
2581 5250 2872 5323 χορηγίαις
2908 5253 3386 5324 ἀποκεχρημένοι,
3413 5258 3690 5329 τίκτομεν
3721 5255 3778 5323 ἐξ

2149 5339 2357 5399 ἑαυτῶν
2377 5345 2444 5398 τὰ
2470 5344 2814 5415 γεννήματα·
2851 5345 2952 5398 κᾶν
2972 5361 3024 5397 τι
3046 5345 3156 5400 τῶν
3175 5345 3386 5411 ἔξωθεν
3420 5352 3780 5404 κατασκευά-

462 5226 721 5283 ciirporea
757 5229 949 5275 natura
1011 5227 1388 5292 suppeditatur
1439 5238 1672 5297 utentes,
1720 5235 1922 5304 prolem
1977 5253 2041 5293 ex

463 5307 621 5364 nobis
676 5311 986 5382 gignimus;
1033 5321 1488 5385 quemadmodum
1566 5329 1780 5394 quando
1842 5330 2044 5400 aliquid

459 5409 616 5455 extra
645 5417 741 5456 nos
776 5415 1093 5462 construere
1124 5409 1390 5480 volumus,
1427 5429 1650 5487 accepta
1708 5423 1932 5476 materia
1993 5423 2042 5478 id

464 5490 712 5546 facimus.
748 5493 889 5549 Deus
913 5511 1038 5553 vero
1066 5515 1186 5554 cum
1225 5503 1293 5557 sit
1321 5504 1479 5574 plane
1510 5509 1880 5580 incorporeus,
1921 5515 2041 5568 nul-

466 5582 571 5636 lam
607 5598 673 5637 ex
699 5600 760 5641 se
788 5592 1031 5648 materiae
1059 5593 1386 5651 allluentiam
1418 5600 1578 5654 habet
1628 5611 1682 5656 ut
1744 5605 1923 5676 gignat
1958 5605 2047 5660 Fi»

461 5671 592 5726 lium
633 5691 646 5726 :
697 5678 792 5732 sed
827 5694 892 5734 ex
931 5683 1102 5741 nihilo
1128 5697 1298 5746 creat.
1329 5689 1594 5747 Omnibus
1625 5695 1806 5765 itaque
1835 5699 1900 5754 iis
1928 5715 2047 5766 uiue

469 5776 670 5819 nostra!
697 5776 1106 5834 consuetudinis
1159 5792 1282 5836 sunt
1318 5783 1552 5852 rejectis,
1585 5803 1688 5842 non
1724 5804 1786 5844 ex
1836 5806 1892 5844 Sc
1923 5807 2046 5860 pro-

535 5883 596 5914 ⁸⁷⁶
626 5886 814 5945 Matth.
850 5909 922 5963 xv,
949 5893 1037 5949 27.

2150 5439 2264 5503 ζειν
2317 5435 2692 5506 ἐθελήσωμεν,
2749 5435 2883 5508 ὓλην
2936 5433 3196 5503 λαϐόντες
3254 5440 3430 5494 τοῦτο
3478 5442 3774 5512 ποιοῦμεν.

2149 5529 2282 5592 Θεὸς
2325 5527 2382 5580 δέ
2435 5525 2715 5591 παντελῶς
2749 5528 3040 5600 ἀσώματος
3069 5529 3165 5591 ὢν,
3201 5531 3343 5602 ὕλης
3379 5535 3490 5603 μέν
3525 5554 3678 5601 τινος
3722 5535 3780 5599 ἐξ

2150 5618 2346 5674 ἐαυτοῦ
2396 5619 2663 5691 χορηγίαν
2713 5621 2813 5675 οὐκ
2865 5621 3000 5693 ἔχει,
3033 5621 3123 5676 ἴνα
3164 5621 3301 5692 τέκῃ
3350 5625 3453 5678 τὸν
3490 5626 3648 5692 Tim,
3684 5626 3778 5698 δη·

2162 5713 2412 5782 μιουργεῖ
2452 5710 2506 5763 δὲ
2557 5708 2618 5774 ἐξ
2664 5712 2765 5764 οὐκ
2797 5711 2986 5765 όντων.
3016 5708 3226 5765 Οὐκοῦν
3266 5711 3469 5769 πάντα
3523 5717 3596 5769 τὰ
3644 5702 3765 5769 καθ’

2159 5805 2304 5873 ἡμᾶς
2333 5801 2785 5873 παραιτούμενος,
2827 5801 2949 5856 οὔτε
2992 5804 3048 5871 ἐξ
3095 5802 3296 5859 ἑαυτοῦ
3333 5809 3651 5880 προϐάλλει
3687 5808 3776 5862 τὸ)
