3996 6410
276 343 385 398 225

1737 333 1954 389 TIIESA
1969 336 2002 390 ι·
2016 334 2174 390 R‘US.

3492 333 3599 388 9:26

275 458 552 527 τασκευή.
572 456 678 520 Τίς
713 454 825 526 γὰρ
861 455 968 509 τῶν
1003 452 1064 508 εὖ
1097 452 1440 524 φρονούντων
1465 453 1569 505 οὐκ
1591 450 1656 505 ἂν
1681 451 1908 514 εἰκότως

2033 463 2163 506 ἐειε
2197 453 2437 506 sentiens
2471 467 2578 506 non
2611 449 2930 519 ingemiscat
2959 463 3022 504 ac
3051 447 3250 512 doleat,
3280 461 3372 502 eos
3405 445 3455 500 in
3483 457 3601 500 tan-

281 549 703 615 ὲπιστυγνάσαι
739 550 856 610 τοῖς
897 549 980 609 εἰς
1013 545 1282 615 τοσαύτην
1312 543 1734 614 ὲμπεπτωκόσιν
1761 545 1906 612 ἀμα-

289 642 436 702 θίανς
479 639 590 700 Τίς
625 638 687 690 δὲ
719 639 783 690 ού
817 637 1094 708 θρηνήσαι
1119 637 1246 698 τοὺς
1275 637 1354 698 εἰς
1384 634 1654 704 τοσαύτην
1688 632 1907 703 ὀλισθή-

298 747 485 792 εαντας
519 729 835 793 ἀδουλίανς
875 728 938 782 Ei
966 728 1078 796 γὰρ
1108 727 1361 796 ἀνόμοιός
1390 728 1507 780 ὲστι
1532 728 1651 779 κατ’
1672 725 1862 778 οὐσίαν
1883 725 1909 775 ὁ

297 819 411 880 Υἱὸς
440 819 524 888 τῷ
558 819 772 888 Ila-:91,
804 819 990 887 ὅμοιος
1015 817 1073 870 δὲ
1108 817 1252 870 κατὰ
1279 817 1341 869 τὸ
1369 811 1531 880 εῐδος,
1563 815 1781 886 πρῶτον
1811 814 1910 883 μὲν

293 917 503 984 ἀνάγκη
536 914 734 982 λέγειν
769 915 838 966 ἐκ
871 911 1146 982 διαφόρων
1173 911 1497 979 συγκεῖσθαι
1527 910 1618 964 τὸν
1646 909 1792 972 Υἱὸν,
1819 908 1912 960 καὶ

289 1005 464 1068 τοῦτο,
500 1005 775 1074 ἀλλήλοις
814 1003 952 1056 πολὺ
986 1003 1306 1073 μαχομένων
1341 1003 1437 1054 καὶ
1465 1001 1722 1064 ἐναντίως
1757 1000 1878 1070 ὲχόν
1901 1030 1912 1039 -

290 1115 412 1159 των,
439 1095 542 1148 τοῦ
595 1095 822 1165 ὁμοίου,
853 1098 1020 1166 φημὶ,
1055 1095 1152 1148 καὶ
1189 1093 1282 1146 τοῦ
1319 1093 1604 1163 ἀνομοίουο
1640 1092 1784 1161 ἆπερ
1815 1091 1912 1143 ἀλ-

291 1189 469 1258 λήλοις
499 1187 638 1240 καθ’
668 1186 734 1240 ’ἐν
767 1205 822 1240 τι
858 1188 920 1240 τὸ
955 1186 1318 1256 ὑποκείμενον
1343 1183 1555 1254 ἄμικτά
1582 1182 1641 1236 τέ
1674 1185 1789 1234 ἐστι
1819 1181 1914 1234 καὶ

291 1281 613 1352 ἀσύμϐατα.
640 1282 760 1334 Καὶ
787 1282 839 1332 εἰ
871 1280 1015 1333 κατά
1039 1297 1090 1332 τι
1121 1276 1481 1350 προσεοικὼς,
1522 1277 1620 1346 ούχ
1645 1275 1762 1336 ὅλος
1795 1272 1914 1325 ἐστὶ

293 1375 429 1441 φῶς,
459 1373 582 1428 ἀλλ’
616 1374 751 1426 οὐδὲ
797 1374 923 1436 ὅλος
953 1372 1205 1443 ἀλήθεια,
1241 1371 1364 1425 οὐδὲ
1413 1370 1570 1439 φύσει
1601 1368 1751 1430 θεός.
1781 1363 1914 1420 Εἶτα

449 1467 638 1536 τούτῳ
667 1467 772 1519 καὶ
798 1469 882 1528 εἰς
906 1466 1071 1518 αὑτὸν
1093 1464 1416 1534 διαϐήσεται
1434 1462 1526 1516 τὸν
1548 1460 1914 1531 γεγεννηκότα

299 1558 392 1625 τῆς
437 1557 774 1625 δυσφημίας
825 1555 888 1607 τὸ
928 1554 1319 1626 βάρος.Ἔσται
1350 1553 1460 1623 γὰρ
1492 1553 1624 1622 ἡμῖν
1664 1551 1916 1613 σύνθετος

301 1648 392 1702 καὶ
427 1648 593 1710 αὐτὸς
628 1650 661 1700 ό
687 1645 890 1717 Πατὴρ
926 1647 990 1699 ἐκ
1019 1662 1077 1699 τε
1104 1644 1294 1708 οὐσίας
1320 1645 1415 1697 καὶ
1438 1647 1730 1714 νοήματος,
1757 1643 1916 1713 εἴπερ

303 1740 440 1793 κατὰ
471 1740 570 1810 μὲν
598 1738 698 1791 τὸν
723 1739 826 1808 τῆς
855 1737 1046 1800 οὐσίας
1067 1737 1227 1804 λόγον
1254 1736 1509 1806 ἀνόμοιός
1531 1736 1648 1788 ἐστι
1677 1734 1756 1806 τῷ
1777 1733 1913 1803 Υἱῷ,

309 1836 479 1902 ὅμοιος
516 1833 574 1884 δὲ
612 1829 767 1883 κατὰ
794 1831 898 1900 τὴν
931 1829 1164 1884 ἔννοιαν.
1202 1828 1324 1892 Πῶς
1355 1824 1448 1882 οὖν
1480 1831 1508 1880 ό
1537 1827 1727 1898 Πατὴρ
1760 1827 1915 1896 εὑρε-

2033 1817 2300 1872 Jissimilis
2330 1817 2380 1872 ei
2407 1827 2492 1872 est
2525 1816 2691 1871 Filius
2730 1833 2744 1880 ;

317 1927 526 1995 θήσεται
560 1923 673 1976 τῶν
727 1923 956 1976 πάντων
1005 1921 1175 1992 ἀρχὴ,
1208 1919 1462 1984 σύνθετος
1505 1919 1579 1973 ὢν
1625 1919 1746 1972 καθ’
1772 1919 1916 1988 ὑμᾶς

327 2019 416 2070 καὶ
461 2018 556 2084 οὐχ
600 2013 860 2080 ἁπλοῦς;
899 2014 1096 2068 Καίτοι
1127 2013 1227 2083 τῆς
1269 2012 1444 2084 ἀρχῆς
1492 2012 1643 2066 οὐδὲν
1680 2027 1913 2082 προεπι-

331 2109 547 2162 νοεῑσθαι
592 2107 854 2160 δύναται.
892 2106 1138 2178 Μηδενὸς
1186 2105 1244 2159 δὲ
1288 2104 1789 2178 προεπινοουμὲνου
1818 2104 1916 2174 τῆς

323 2202 499 2271 ἀρχῆς,
533 2199 850 2270 οὐδαμόθεν
889 2199 1029 2270 αὐτῇ
1061 2198 1121 2251 τὸ
1155 2197 1408 2251 σύνθετον
1456 2197 1913 2267 προσγενήσεται.

331 2293 576 2364 Ἐπείπερ
602 2294 675 2346 τὰ
707 2291 949 2345 σύνθετα
981 2290 1202 2354 σύνοδός
1225 2307 1312 2355 τις
1339 2290 1446 2344 τῶν
1467 2289 1653 2343 ἁπλῶν
1685 2289 1916 2361 ἐργάζε-

309 2401 410 2436 ται.
454 2383 820 2454 Πανταχόθεν
849 2382 1141 2454 τοιγαροῦν
1178 2381 1464 2452 όρωμένης
1492 2380 1590 2450 τῆς
1616 2381 1673 2432 ὲν
1705 2378 1916 2442 τούτοις

306 2479 557 2541 ἀτοπίας,
593 2475 916 2546 σαθροτάτη
968 2476 1066 2545 μὲν
1109 2474 1264 2527 ἔσται
1312 2475 1426 2535 τοῖς
1464 2470 1915 2542 χριστομάχοιςή

313 2571 598 2640 πρότασις.
620 2566 1043 2639 ’Δναιρεθείσής
1071 2566 1127 2619 δὲ
1155 2565 1254 2635 τῆς
1277 2566 1332 2617 ὲν
1351 2563 1562 2626 τούτοις
1582 2561 1914 2632 δυσφημίας,

303 2665 481 2732 ὅμοιος
515 2662 681 2716 ἔσται
723 2660 849 2714 κατ’
871 2659 1060 2712 οὐσίαν
1086 2659 1114 2710 ό
1140 2657 1268 2720 Υἱὸς
1294 2655 1373 2726 τῷ
1396 2654 1592 2726 Πατρὶ,
1621 2651 1917 2721 οὐδαμόθεν

303 2757 397 2826 τῇς
433 2757 580 2828 πρὸς
617 2755 793 2809 αὐτὸν
825 2753 1064 2823 φυσικῆς
1095 2749 1415 2822 ὁμοιότητος
1441 2745 1826 2817 ἐξωθούμενος.

1018 3035 1223 3088 ΔΛΛΟ.

2020 555 2124 598 tam
2155 545 2482 600 dementiam
2507 543 2836 600 devenisse?
2859 541 2992 607 Quis
3023 557 3127 596 non
3163 541 3488 593 lamentetur
3507 555 3600 595 eos

2018 637 2070 690 in
2125 647 2329 690 tantam
2368 637 2565 704 ingenii
2603 634 2887 702 caliginem
2927 633 3228 688 cecidisse?
3255 629 3388 684 Nam
3423 631 3465 684 si
3508 630 3600 684 Fi-

2018 729 2122 782 lius
2142 729 2420 782 dissimilis
2453 737 2536 782 est
2565 728 2864 781 secuudum
2886 725 3180 780 essentiam
3244 724 3410 788 Patri,
3447 723 3601 776 simi-

2019 820 2082 873 lis
2102 836 2230 874 vero
2259 820 2557 874 secundum
2592 819 2824 874 formam
2857 836 2869 871 :
2901 821 3133 887 primmu
3157 818 3375 887 quidem
3410 831 3602 871 neeras-

2017 911 2222 963 sarium
2249 920 2349 972 est,
2387 920 2443 963 ut
2477 911 2721 964 dicamus
2747 908 2942 963 Filium
2979 923 3041 962 es
3076 909 3307 962 diversis
3365 923 3595 976 compo-

2017 1000 2182 1054 sitmn
2245 1015 2398 1064 esse,
2459 1012 2620 1069 atque
2673 1000 2740 1053 iis
2791 1000 3006 1067 quidem
3061 998 3288 1052 nmlttun
3353 999 3493 1053 inter
3543 1014 3605 1052 se

2019 1092 2400 1160 pugnantibus,
2435 1099 2489 1143 et
2525 1089 2838 1155 contrariis,
2877 1089 3042 1144 simili
3075 1089 3330 1142 nimirum
3381 1098 3438 1144 et
3489 1090 3602 1143 dis-

2019 1179 2216 1245 simili;
2253 1195 2373 1249 quze
2394 1181 2611 1252 quidem
2649 1181 2789 1234 inter
2826 1195 2883 1234 se
2917 1183 2968 1234 iu
2998 1181 3186 1234 eodem
3221 1181 3468 1247 subjecto
3505 1182 3605 1233 mi-

2019 1271 2159 1325 sceri
2223 1273 2490 1340 simulque
2512 1272 2768 1339 congredi
2795 1288 2901 1326 non
2939 1282 3186 1342 possunt.
3214 1273 3276 1326 Et
3304 1274 3353 1328 si
3423 1273 3602 1343 aliqua

2025 1374 2232 1417 tantum
2260 1380 2326 1417 ex
2369 1374 2522 1434 parte
2553 1375 2636 1418 est
2663 1364 2880 1430 similis,
2945 1380 3048 1419 non
3129 1375 3278 1420 totus
3340 1366 3442 1419 erit
3485 1365 3603 1426 lus,

2022 1469 2202 1523 neque
2228 1463 2369 1507 totus
2396 1455 2618 1518 veritas,
2663 1465 2838 1523 neque
2865 1467 3058 1508 natura
3095 1456 3252 1510 Deus.
3315 1454 3604 1524 Propterea

2025 1547 2375 1616 blasphemia!
2407 1548 2564 1615 hujus
2596 1548 2912 1618 magnitudo
2928 1549 2995 1601 ad
3027 1546 3245 1602 Patrem
3280 1549 3442 1602 etiam
3477 1563 3603 1618 per-

2027 1638 2217 1708 tiuget.
2249 1638 2598 1708 Compositus
2625 1639 2769 1691 enim
2809 1638 2918 1692 erit
2969 1639 3130 1692 etiam
3190 1639 3304 1708 ipse
3349 1638 3507 1693 Pater
3537 1653 3605 1693 ex

2025 1729 2264 1784 essentia
2295 1738 2349 1783 et
2373 1729 2744 1798 cogitatione:
2777 1729 3042 1797 siquidem
3093 1729 3348 1784 essentia:
3398 1730 3607 1783 ratione

2811 1817 3002 1871 similis
3059 1833 3186 1874 vero
3249 1819 3602 1890 cogitatione.

2017 1909 2138 1977 Quo
2197 1920 2356 1977 pacto
2415 1910 2580 1978 igitur
2628 1907 2792 1963 Pater
2835 1909 3148 1964 censebitur
3194 1925 3317 1966 esse
3363 1911 3606 1966 omnium

2016 2000 2363 2070 priucipimn,
2386 2015 2506 2054 cum
2526 2000 2597 2055 sit
2626 2001 2959 2070 compositus
2982 2002 3281 2060 secundum
3309 2017 3402 2057 vos
3425 2014 3478 2056 et
3503 2019 3606 2058 non

2017 2093 2272 2164 simplex?
2301 2092 2464 2162 Atqui
2497 2095 2765 2162 principio
2798 2094 3099 2164 nihilprius
3139 2093 3363 2165 intelligi
3399 2105 3601 2164 potest.

2017 2187 2150 2242 Cum
2179 2203 2310 2243 vero
2333 2187 2463 2242 nihil
2489 2188 2639 2256 prius
2670 2187 2827 2259 135
2854 2188 3126 2259 principio
3152 2189 3374 2258 intelligi
3415 2190 3608 2258 possit,

2017 2277 2161 2332 nulla
2191 2288 2340 2332 certe
2375 2279 2590 2332 ratione
2616 2279 2953 2347 compositus
3010 2277 3115 2332 dici
3170 2286 3369 2347 potest.
3417 2274 3607 2347 Siqui-

2017 2368 2140 2423 dem
2169 2383 2493 2438 cougressus
2522 2370 2741 2437 quidam
2768 2368 3094 2437 simplicium
3121 2367 3606 2438 compositumeﬂio

2019 2461 2112 2514 cit.
2145 2459 2280 2514 Cmn
2313 2462 2497 2528 itaque
2523 2460 2751 2514 istorum
2781 2460 3094 2514 absurditas
3137 2462 3283 2516 omni
3341 2475 3406 2514 ex
3461 2471 3612 2530 parte

2020 2565 2142 2604 sese
2177 2552 2391 2620 prodat,
2426 2550 2722 2604 [tedissima
2759 2565 2892 2604 sane
2945 2549 3147 2606 Christi
3187 2552 3422 2606 hostium
3483 2567 3608 2622 pro-

2020 2643 2217 2711 positio
2235 2642 2508 2696 censenda
2539 2649 2644 2696 est.
2683 2641 2926 2696 Sublatis
2959 2658 3088 2697 vero
3148 2644 3300 2697 hisee
3353 2644 3608 2712 blasphe-

2021 2736 2165 2799 miis,
2195 2735 2391 2789 similis
2421 2735 2528 2789 erit
2556 2735 2854 2789 secundum
2891 2735 3190 2790 essentiam
3235 2732 3402 2788 Filius
3437 2733 3609 2798 Patri,

2026 2828 2171 2882 nulla
2205 2829 2460 2883 rationea
2492 2827 2722 2882 naturali
2751 2842 2874 2882 eum
2899 2827 3016 2899 ipso
3037 2827 3396 2882 similitudine
3424 2825 3612 2880 exclu-

2022 2937 2134 2978 SUS.

2698 3033 2931 3091 ALIUD.

365 3159 434 3212 εξ
474 3156 559 3228 μὴ
606 3155 735 3208 κατ’
765 3151 958 3206 οὐσίαν
991 3151 1174 3221 ὅμοιός
1218 3151 1366 3202 ἐστιν
1401 3150 1428 3201 ὁ
1457 3147 1582 3210 Υἱὸς
1617 3146 1694 3216 τῷ
1722 3146 1919 3216 Πατρὶ,

2105 3150 2160 3205 Si
2204 3151 2241 3206 F
2248 3153 2366 3206 ilius
2407 3166 2511 3206 non
2553 3158 2637 3206 est
2687 3149 2986 3204 secundum
3045 3150 3339 3204 essentiam
3412 3151 3610 3205 similis

308 3250 478 3320 μόνης
511 3246 575 3300 δὲ
605 3244 712 3314 τῆς
743 3242 955 3308 ἑννοίας
991 3242 1158 3296 αὐτοῦ
1192 3241 1481 3314 χαρακτὴρ
1504 3239 1690 3312 ὥσπερ
1720 3257 1802 3302 τις
1827 3240 1922 3292 καὶ

303 3340 495 3403 εἰκὼν,
533 3336 758 3391 τελείαν
808 3335 955 3406 ἔχειν
986 3334 1122 3406 πρὸς
1157 3333 1320 3388 αὑτὸν
1348 3331 1644 3402 ὁμοιότητα
1672 3331 1734 3383 οὐ
1759 3330 1922 3383 δύνα-

303 3450 394 3485 ται
417 3447 430 3460 ·
474 3429 678 3499 ἐπειδὴ
704 3427 801 3482 καὶ
826 3427 990 3498 ἡμεῖς
1019 3424 1139 3478 κατ’
1171 3424 1356 3478 εἰκόνα
1385 3422 1672 3491 γεγονότες
1699 3420 1794 3475 τοῦ
1812 3425 1921 3491 Δη-

307 3523 608 3595 μιο·.›ργοῦ,
641 3521 768 3574 τότε
811 3519 1052 3592 μάλιστα
1092 3516 1252 3571 τοῦτο
1297 3513 1601 3586 φαινόμεθα
1635 3513 1921 3579 σώζοντες,

302 3619 397 3670 ὅτε
429 3615 540 3686 τῆς
577 3613 862 3682 θειότητος
906 3607 1074 3663 αὑτοῦ
1125 3607 1344 3678 μέτοχοι
1382 3605 1657 3676 γινόμενοι
1699 3603 1788 3657 διὰ
1828 3602 1923 3656 τού

303 3707 660 3770 ὲνοτκοῦντος
705 3707 841 3776 ἡμῖν
874 3701 1034 3772 ἁγίου
1065 3699 1405 3770 Πνεύματος,
1443 3699 1580 3770 πρὸς
1627 3697 1726 3769 τὴν
1773 3697 1925 3751 θείαν

310 3798 694 3873 μορφούμεθα
736 3797 922 3867 φύσιν.
950 3794 1062 3848 Καὶ
1103 3792 1236 3857 γοῦν
1264 3793 1315 3844 οἰ
1349 3791 1518 3863 μήπω
1563 3790 1925 3860 μετασχόντες

308 3890 507 3953 αὑτοῦ,
535 3889 700 3943 οὔπω
728 3887 1047 3959 σύμμορφοι
1075 3883 1450 3954 καθεστήκασι
1481 3881 1582 3951 τῆς
1603 3881 1810 3944 εἰκόνος
1830 3880 1924 3934 τοῦ

313 3984 452 4037 Υἱοῦ
485 3981 681 4036 αὑτοῦ.
714 3979 778 4034 Εἰ
812 3979 993 4033 τοίνυν
1039 3976 1246 4047 φυσικὴ
1285 3975 1382 4046 μὲν
1411 3974 1669 4045 ὁμοιότης
1700 3973 1929 4042 οὐδεμία

311 4075 414 4129 τοῦ
444 4073 667 4144 Πατρὺς
694 4073 753 4124 ὲν
780 4069 918 4142 Υἱῷ,
953 4068 1107 4139 μόνοι
1124 4067 1182 4121 δὲ
1209 4066 1308 4137 τῆς
1339 4065 1547 4129 ἐννοίας
1571 4067 1621 4118 οἱ
1647 4063 1929 4136 χαρακτῆ-

317 4183 417 4236 ρες
466 4162 853 4233 ὲμφαίνονται,
884 4160 984 4230 οὐχ
1028 4157 1140 4223 ἕξει
1190 4157 1252 4210 τὸ
1301 4157 1524 4220 τελείως
1555 4157 1760 4227 ὅμοιον,
1793 4156 1929 4226 ὅπερ

318 4255 442 4307 ἐστὶ
475 4253 574 4306 καὶ
604 4252 789 4322 μόνον,
814 4252 1018 4304 ἐννοεῖν
1048 4247 1334 4302 ἀπίθανον.
1370 4245 1497 4310 Πῶς
1529 4248 1639 4317 γάρ
1663 4250 1812 4300 ἐστιν
1842 4246 1931 4298 ῐσα

321 4346 477 4416 Θεῷ;
512 4345 580 4400 Εἰ
614 4345 673 4398 δὲ
699 4343 862 4396 τοῦτο
909 4341 1133 4404 ἄτοπον,
1163 4340 1433 4411 κρατήσει
1463 4339 1572 4409 ἄρα
1617 4339 1678 4391 τὸ
1721 4338 1927 4409 ἓτερον,

323 4441 466 4508 ὅπερ
496 4439 621 4491 ἐστὶ
656 4438 753 4491 καὶ
787 4434 1188 4506 ἀληθέστερον·
1228 4433 1310 4486 ὄτι
1342 4432 1442 4502 τῆς
1469 4429 1562 4484 τοῦ
1589 4431 1804 4502 Πατρὸς
1841 4429 1933 4482 οὐ·

2029 3245 2200 3311 Patri,
2225 3247 2318 3299 sed
2369 3254 2579 3300 tantum
2636 3243 2932 3297 character
2964 3240 3184 3310 quidam
3217 3251 3381 3309 atque
3439 3240 3614 3310 imago

2028 3339 2196 3409 ipsius
2217 3336 2584 3406 cogitationis,
2622 3333 2918 3405 perfectam
2969 3349 3090 3387 cum
3149 3332 3268 3402 ipso
3301 3332 3615 3387 similitudi-

2030 3446 2152 3484 nem
2183 3430 2384 3484 habere
2417 3444 2519 3482 non
2545 3435 2754 3498 potest;
2815 3425 3081 3495 siquidem
3173 3425 3337 3480 etiam
3398 3441 3495 3479 nos
3547 3427 3615 3478 ad

2029 3522 2316 3590 imaginem
2349 3520 2626 3576 Creatoris
2663 3519 2811 3585 facti,
2844 3529 2970 3573 tunc
3021 3518 3258 3573 maxime
3307 3535 3426 3572 eam
3488 3535 3618 3572 ron-

2028 3628 2247 3670 servare
2273 3613 2570 3675 cernimur,
2601 3612 2819 3681 quando
2841 3611 3145 3664 divinitatis
3176 3625 3291 3663 sua:
3326 3610 3616 3681 participes

2027 3705 2228 3770 ell'eeti,
2267 3705 2550 3760 habitante
2579 3705 2632 3758 iu
2667 3704 2823 3758 nobis
2850 3705 3058 3772 Spiritu
3108 3714 3301 3758 sancto
3343 3706 3408 3758 ad
3469 3704 3612 3756 divi-

2030 3813 2155 3852 nam
2181 3807 2428 3851 naturam
2452 3794 2825 3851 eﬂ‘ormamur.
2859 3794 3067 3850 Idcirco
3089 3797 3180 3866 qui
3227 3796 3465 3850 nendum
3497 3794 3617 3861 ejus

2031 3889 2324 3958 participes
2377 3895 2503 3942 sunt
2545 3885 2757 3958 eirecti,
2825 3889 3061 3941 nondmn
3118 3886 3429 3941 conformes
3476 3885 3605 3940 facti

2040 3957 2168 4033 sunt
2198 3977 2418 4046 imagini
2450 3974 2572 4030 Filii
2612 3957 2802 4044 ips'ius.
2825 3975 2881 4028 Si
2909 3991 3040 4044 ergo
3069 3974 3211 4028 nulla
3241 3983 3323 4029 est
3358 3974 3617 4027 naturalis

2032 4068 2329 4127 similitudo
2374 4067 2554 4122 Patris
2608 4067 2660 4121 in
2720 4065 2880 4129 Filio,
2934 4067 3030 4120 sed
3081 4065 3212 4119 nudi
3269 4067 3619 4137 cogitationis

2033 4164 2377 4218 characteres
2416 4161 2467 4214 in
2506 4160 2624 4228 ipso
2689 4166 2975 4228 apparent,
3037 4168 3186 4212 certe
3254 4158 3448 4212 similis
3509 4175 3615 4213 non

2041 4256 2151 4310 erit
2179 4295 2190 4317 ,
2223 4253 2365 4322 quod
2396 4251 2474 4306 vel
2504 4251 2615 4306 sola
2645 4251 2970 4322 cogitatione
2997 4249 3289 4304 absurdum
3314 4259 3417 4306 est.
3472 4249 3619 4316 Quo-

2036 4349 2193 4401 modo
2211 4361 2340 4416 ergo
2370 4361 2475 4400 non
2511 4345 2754 4412 rapinam
2784 4345 3082 4398 arbitratus
3103 4352 3187 4398 est
3215 4359 3335 4398 esse
3360 4358 3618 4414 sea'qua-

2036 4440 2140 4494 lem
2171 4439 2280 4492 Deo
2313 4437 2401 4492 '°?
2425 4438 2493 4492 At
2524 4439 2568 4492 si
2591 4438 2692 4492 hoc
2715 4437 3008 4491 absurdum
3037 4445 3142 4504 est,
3179 4440 3411 4493 alterum
3454 4437 3623 4506 igitur

328 4527 452 4590 σίας
487 4525 626 4580 αὐτὸ
657 4525 722 4595 δὴ
749 4525 811 4578 τὸ
845 4523 978 4577 ἴδιον
1023 4523 1286 4595 ὑπάρχων
1315 4525 1343 4576 ὁ
1372 4521 1523 4588 Υἰδς,
1551 4522 1736 4592 ὅμοιος
1779 4520 1919 4574 ἔσται

2040 4531 2166 4586 illud
2197 4532 2485 4584 tenendum
2515 4539 2619 4594 est,
2667 4530 2810 4599 quod
2851 4537 2905 4583 et
2927 4529 3140 4584 veritati
3191 4539 3618 4583 consentanemu

326 4619 426 4673 καὶ
455 4619 582 4671 κατ’
609 4616 802 4671 οὐσίαν
833 4615 1005 4687 αὐτῷ.

341 4920 682 5003 Ἀπόιῖειξις
711 4919 1156 5003 (αὐτῆς-θείας
1191 4919 1460 5003 ι’,ραςρῇςΞ
1480 4919 1774 5003 ὅτιπεριέκ
1795 4939 1931 5003 μεζ-

402 4991 564 5062 οχῆς
604 4990 716 5059 τῆς
749 4990 897 5060 πρὸς
928 4990 993 5044 τὸ
1026 4991 1208 5055 θεῖον,
1246 4993 1374 5044 κατ’
1408 4991 1613 5047 εἰκόνα
1639 4991 1753 5058 τὴν
1789 4992 1940 5060 πρὸς

402 5063 604 5117 αὑτὸν
629 5063 1033 5123 ιιορςρούμεθα.
1071 5063 1153 5114 Οὐ
1184 5062 1294 5123 γὰρ
1326 5060 1619 5123 ἐξήρκεσε
1649 5059 1724 5123 τῇ
1750 5064 1939 5118 αὑτοῦ

402 5077 604 5117 auter
628 5077 1033 5131 μορφουμευα.
1071 5077 1153 5114 υυ
1184 5078 1294 5130 γαρ
1326 5077 1619 5129 εζηργεσε
1649 5079 1723 5129 τῃ
1750 5077 1936 5118 αυτου

403 5133 732 5200 ἀνθρώπου
781 5129 1152 5200 κατασκευῇ,
1193 5131 1345 5199 πρὸς
1376 5132 1442 5184 τὸ
1476 5133 1796 5200 φαίνεσθαι
1837 5134 1936 5187 καὶ

429 5203 694 5258 ἐνέσθαι
723 5203 930 5255 εἰκόνα
959 5201 1064 5255 τοῦ
1098 5201 1520 5269 πεποιηκότος,
1547 5203 1612 5254 τὸ
1643 5203 1711 5255 ἐν
1721 5203 1938 5271 μόναις

521 5276 702 5337 οιάις,
740 5273 847 5325 τὸν
882 5272 1016 5340 περὶ
1047 5271 1237 5325 αὐτοῦ
1275 5271 1509 5326 κεῖσθαι
1547 5273 1756 5341 λόγον.

405 5413 575 5482 Λέγει
604 5427 711 5463 που
746 5407 957 5470 Παῦλος
981 5425 994 5438 ·
1026 5406 1089 5460 Εἰ
1117 5405 1174 5460 δέ
1211 5423 1296 5470 τις
1326 5405 1546 5477 πνεῦμα
1571 5407 1811 5479 Χριστοῦ
1838 5411 1944 5466 οὐκ

340 5508 473 5579 εχει,
503 5500 664 5567 οὗτος
703 5503 805 5555 ούκ
843 5501 992 5554 ἐστιν
1021 5499 1368 5554 αὑτοῦ.Ἀλλ’
1404 5500 1560 5571 εἰπερ
1593 5498 1816 5570 ἐξήρκει
1848 5503 1942 5554 καὶ

340 5599 466 5670 δίχα
495 5601 593 5668 τῆς
629 5595 726 5648 ’τοῦ
763 5592 1078 5661 Πνεύματος
1114 5592 1348 5662 μετοχῆς
1379 5593 1498 5645 κατ’
1532 5593 1718 5646 εἰκόνα
1756 5594 1941 5663 φαίνε-

413 5781 722 5853 "Philipp.
762 5795 821 5842 tt,
859 5778 914 5832 6.
992 5776 1034 5807 ⁶¹
1068 5775 1225 5830 Rom.
1269 5789 1388 5842 \‘ttl,
1418 5773 1472 5829 9.

2037 4634 2141 4687 est,
2181 4625 2323 4693 quod
2353 4621 2524 4676 Filius
2573 4639 2696 4676 cum
2753 4622 2823 4676 sit
2865 4623 2978 4691 ipsa
3036 4621 3340 4690 proprietas
3367 4621 3620 4674 essentize

2040 4716 2240 4781 Patris,
2265 4714 2456 4770 sitniiis
2486 4714 2650 4768 etiam
2680 4713 2729 4768 ei
2765 4713 2986 4768 omnino
3010 4712 3082 4766 sit
3104 4713 3399 4765 secundum
3436 4727 3623 4765 εεηειι-

2043 4809 2190 4862 tiam.

2051 4934 2443 4990 Demonstratio
2483 4950 2548 4989 ex
2576 4949 2729 4988 sacra
2765 4931 3063 4999 Scriptura,
3103 4933 3242 5004 quod
3287 4949 3380 5001 per
3402 4935 3622 4999 partici-

2117 5005 2702 5075 pationemdivinilaﬂs
2735 5006 2803 5056 ad
2855 5005 3132 5075 imaginem
3202 5005 3368 5071 ipsius
3424 5004 3622 5074 forme-

2117 5073 2256 5131 mur.
2288 5074 2470 5144 Neque
2501 5080 2639 5129 enim
2678 5075 2808 5128 satis
2837 5073 2936 5142 fuit
2961 5076 3029 5125 ml
3053 5075 3108 5126 id
3159 5084 3213 5126 ut
3259 5073 3443 5126 videre.
3459 5091 3522 5126 ur
3571 5085 3625 5128 et

2116 5145 2264 5213 ﬁeret
2311 5146 2466 5200 homo
2493 5146 2665 5214 imago
2683 5147 2970 5208 creatoris,
3003 5144 3171 5196 solans
3198 5144 3262 5196 de
3296 5145 3409 5212 ipso
3434 5145 3486 5198 in
3532 5146 3622 5199 in-

2121 5217 2322 5270 tellecto
2356 5218 2723 5285 cogitationem
2750 5215 2998 5284 exprimi.

2115 5417 2320 5472 Paulus
2351 5417 2550 5472 alicubi
2597 5418 2768 5488 inquit
2797 5435 2814 5472 :
2853 5437 2871 5469 ι
2911 5415 2967 5471 Si
2996 5415 3118 5481 quis
3145 5414 3395 5483 spiritum
3419 5415 3628 5471 Christi

2044 5522 2152 5562 non
2187 5508 2370 5577 habet,
2403 5508 2492 5564 hic
2521 5509 2691 5578 ipsius
2723 5526 2827 5563 non
2853 5517 2937 5564 est
2981 5506 3048 5560 “.
3095 5524 3114 5558 ι
3141 5507 3206 5560 At
3235 5505 3278 5561 si
3305 5507 3468 5563 etiam
3501 5505 3628 5562 abs-

2046 5615 2152 5671 que
2183 5601 2602 5671 participatione
2664 5599 2921 5671 Spiritus,
2974 5599 3136 5654 homo
3190 5597 3256 5653 ad
3334 5597 3630 5668 itus-ginem
