3996 6412
392 317 498 374 227

1436 321 1492 376 S.
1535 321 1809 376 (ZYBILH
1851 321 2322 382 ALEXANDBINI
2365 327 2689 386 ARCHIEP.

3584 343 3692 396 228

394 430 488 486 Dei
523 430 703 488 factus
751 447 874 487 esse
920 432 1092 489 videri
1155 433 1442 503 potuisset,
1505 449 1695 489 omnes
1747 450 1953 489 esscmu

2061 489 2063 496 λ
2097 437 2219 492 σθαι
2246 439 2381 494 Θεοῦ
2413 441 2504 495 τὸν
2533 443 2838 515 ἄνθρωπον,
2874 447 3074 513 πάντες
3115 449 3180 503 ἂν
3229 445 3372 520 ἦμεν
3425 451 3684 524 Χριστοῦ,

390 521 616 588 Christi,
659 523 872 580 etiamsi
923 522 1158 592 Spiritus
1215 523 1389 579 sancti
1452 524 1746 593 participes
1797 523 1978 580 effecti

392 631 497 669 non
527 630 795 670 essemus.
825 614 1026 670 Beatus
1074 615 1236 669 etiam
1315 612 1553 668 Joannes
1613 614 1810 671 alicubi
1859 617 1979 670 ait:

394 725 413 755 ι
451 705 554 773 Qui
614 707 866 764 mandata
898 705 1016 773 ejus
1045 714 1237 758 servat
1297 705 1350 757 in
1384 705 1501 773 ipso
1535 716 1739 772 manet,
1771 717 1825 760 et
1867 706 1983 776 ipse

390 795 441 848 in
473 812 556 850 eo.
589 799 654 850 lit
682 799 733 850 in
766 797 865 850 hoc
887 795 1273 863 cognoscimus
1303 793 1446 862 quod
1508 795 1628 862 ipse
1664 806 1848 852 manet
1926 797 1980 850 in

390 888 576 954 nobis,
627 903 690 942 ex
725 887 930 955 Spiritu
962 902 1120 956 quem
1153 886 1304 940 dedit
1357 887 1514 941 nohis
1555 888 1622 942 ".
1666 907 1685 940 ι
1715 888 1978 955 Quocirca

386 979 430 1032 si
466 977 808 1033 observnntia
844 980 1224 1032 mandatorum
1261 992 1382 1048 quae
1415 977 1572 1033 nobis
1631 979 1805 1043 dedit,
1853 980 1979 1048 Spi-

389 1073 527 1124 ritus
573 1071 1050 1140 participationem
1103 1071 1262 1126 nobis
1330 1071 1636 1138 conciliat;
1675 1087 1796 1124 cum
1847 1087 1977 1127 vero

399 1161 640 1230 Spiritus
663 1163 956 1232 participes
979 1161 1156 1216 effecti
1211 1178 1400 1216 smnus
1443 1162 1510 1228 ⁸³,
1571 1164 1637 1216 ad
1685 1162 1975 1232 imaginem

379 1253 668 1309 Creatoris
717 1255 936 1309 formati
991 1270 1227 1309 sunuts:
1266 1254 1618 1309 manifestum
1675 1255 1842 1326 igitur
1871 1266 1976 1323 est,

380 1347 796 1401 similitudinem
825 1362 948 1400 cum
972 1348 1081 1402 Deo
1115 1347 1363 1401 obtinere
1397 1363 1499 1402 non
1524 1361 1683 1416 posse
1723 1363 1848 1402 eum
1881 1350 1972 1418 qui

378 1450 589 1494 natum
617 1439 788 1508 ipsius
821 1438 1009 1507 aliquo
1042 1439 1202 1493 modo
1221 1439 1496 1509 particeps
1523 1454 1629 1492 non
1669 1438 1852 1496 fuerit.
1911 1440 1977 1495 Et

377 1548 566 1587 rursus
590 1533 855 1588 Serrator
907 1548 1184 1586 renovans
1254 1534 1526 1588 hominem
1571 1535 1636 1587 ad
1683 1533 1971 1603 imaginem

375 1641 536 1693 quam
582 1624 916 1694 perdiderat,
976 1623 1268 1680 insumat/it
1330 1625 1490 1696 136
1536 1626 1840 1696 discipulis,
1892 1627 1974 1682 di-

2091 532 2183 583 καὶ
2228 533 2548 604 Πνεύματος
2597 536 2749 602 ὅντες
2797 539 3076 611 ἀμέτοχοι.
3107 542 3246 612 Φησί
3295 560 3400 596 που
3444 543 3609 599 πάλιν
3660 549 3685 599 ί.

2092 625 2362 697 μακάριος
2406 627 2660 702 Ἰωάννης
2683 648 2696 660 ·
2739 651 2756 683 ι
2780 633 2837 686 '0
2868 634 3051 705 τηρῶν
3091 636 3192 700 τὰς
3234 636 3459 700 ἐντολὰς
3493 637 3684 701 αὑτοῦ,

2087 717 2144 767 ὲν
2196 718 2345 790 αὐτῷ
2397 720 2570 790 μένει.
2606 723 2700 775 καὶ
2749 723 2913 789 αὐτὸς
2959 727 3019 778 ὲν
3065 727 3236 796 αὐτῷ.
3269 728 3381 782 Καὶ
3410 728 3470 781 ὲν
3503 728 3684 796 τούτῳ

2086 805 2428 880 γινώσκομεν
2457 812 2539 864 ὅτι
2572 813 2725 882 μένει
2761 816 2819 868 ὲν
2848 817 2982 886 ἡμῖν
3015 819 3079 870 ὲκ
3113 817 3207 870 τοῦ
3248 818 3570 888 Πνεύματος
3621 815 3683 872 οὗ

2085 902 2286 956 ἔδωκεν
2317 905 2470 976 ἡμῖν.
2502 926 2520 957 ›
2551 906 2762 960 Οὐκοῦν
2804 909 2852 961 εί
2898 910 2956 962 τὸ
2989 909 3280 978 φυλάττειν
3302 911 3403 983 τὴν
3433 911 3682 966 δοθεῖσαν

2088 994 2309 1066 ἐντολὴν
2337 996 2596 1066 πρόξενον
2627 999 2758 1068 ἡμῖν
2786 997 2885 1069 τῆς
2911 997 3007 1053 τοῦ
3036 1000 3355 1072 Πνεύματος
3387 1001 3680 1072 μετουσίας

2085 1087 2426 1157 εὑρίσκεται,
2480 1088 2698 1160 μέτοχοι
2747 1089 2805 1142 δὲ
2854 1092 3140 1160 γεγονότες
3184 1091 3280 1146 τοῦ
3330 1093 3674 1164 Πνεύματος,

2083 1180 2222 1250 πρὸς
2248 1180 2348 1251 τὴν
2375 1179 2470 1233 τοῦ
2508 1181 2872 1251 πεποιηκότος
2901 1184 3088 1238 εἰκόνα
3129 1183 3510 1255 μορφούμεθα,
3543 1185 3680 1254 πρὸ·

2078 1271 2238 1340 δηλον
2284 1272 2553 1344 δήπουθεν
2599 1275 2682 1327 δτι
2728 1274 2829 1346 τὴν
2877 1275 3015 1347 πρὸς
3045 1275 3178 1329 Θεὸν
3223 1276 3483 1347 ὁμοίωσιν
3525 1275 3677 1348 ἔχειν

2077 1364 2342 1418 ἀδύνατον
2386 1365 2478 1418 τὸν
2518 1365 2594 1437 μὴ
2628 1366 2928 1436 μετέχοντα
2955 1385 3078 1436 πως
3104 1369 3203 1438 τῆς
3231 1367 3395 1421 αὐτοῦ
3431 1367 3669 1436 φύσεως.

2077 1458 2190 1512 Καὶ
2225 1458 2391 1512 πάλιν
2419 1458 2660 1512 ἀνανεῶν
2691 1460 2770 1522 είς
2806 1459 2868 1512 τὸ
2896 1461 3018 1513 κατ’
3049 1462 3236 1514 εἰκόνα
3259 1461 3351 1514 τὸν
3379 1461 3672 1533 ἄνθρωπον

2076 1551 2104 1602 ό
2131 1551 2343 1622 Σωτὴρ,
2376 1551 2678 1622 ἐνεφύσησε
2711 1554 2822 1617 τοῖς
2855 1552 3127 1624 μαθηταῖς
3157 1554 3334 1623 λέγων
3357 1573 3370 1585 ·
3411 1573 3429 1608 ι
3457 1554 3668 1608 Λάϐετε

2076 1641 2304 1711 Πνεῦμα
2335 1641 2510 1711 ἅγιον.
2535 1642 2750 1713 ·›”Οπερ
2777 1637 2870 1696 οὖν
2891 1644 2924 1712 ἡ
2956 1643 3316 1714 ἀνακαίνησις
3349 1643 3484 1713 ἔχει,
3505 1643 3670 1697 τοῦτο

375 1733 545 1772 cens:
581 1736 598 1768 ι
630 1719 874 1790 Accipite
906 1719 1168 1788 Spiritum
1229 1730 1475 1774 sanctum
1509 1720 1579 1774 “.
1629 1739 1646 1771 ι
1697 1721 1752 1776 Id
1809 1721 1953 1792 igitm

2079 1733 2381 1806 κεκτῆσθαι
2446 1735 2662 1798 πάντως
2717 1735 2814 1788 καὶ
2858 1735 2958 1807 τὴν
3005 1737 3338 1807 ἀρχαιότητα
3397 1739 3667 1808 προσήκει

373 1812 518 1876 quod
554 1811 670 1864 huic
698 1813 978 1866 renovatio
1041 1819 1207 1880 atque
1270 1813 1600 1868 instauratio
1631 1813 1818 1879 habet,
1866 1817 1953 1870 hor

2071 1829 2233 1881 νοεῖν.
2268 1825 2478 1880 Οὐκοῦν
2506 1827 2787 1881 τελείωσιν
2821 1827 3199 1900 ὲξεικονισμοῦ
3228 1829 3366 1901 πρὸς
3390 1829 3487 1902 τὴν
3510 1829 3664 1884 θείαν

373 1900 540 1954 etiam
575 1902 808 1970 primum
840 1902 1080 1956 hominis
1109 1912 1313 1957 statum
1347 1904 1604 1960 habuisse
1636 1907 1962 1961 credendum

370 2000 479 2047 est.
519 1991 586 2048 Ut
644 1993 807 2063 igitur
848 1996 1024 2064 imago
1055 1994 1140 2048 illa
1168 1997 1417 2050 essentia?
1446 1997 1643 2052 divina:
1676 1998 1966 2068 perfectior

371 2085 461 2148 sit,
491 2085 730 2153 Spiritus
754 2086 1100 2156 participatio
1127 2087 1331 2142 homini
1366 2089 1582 2156 tribuit,
1621 2106 1728 2144 non
1755 2090 1960 2160 simpli-

369 2177 508 2229 citer
537 2176 589 2228 in
618 2177 953 2244 cogitatione
984 2191 1049 2230 ac
1080 2187 1260 2232 mente
1297 2178 1390 2233 Dei
1423 2178 1713 2234 formatum
1741 2194 1860 2234 esse
1887 2189 1966 2232 ta-

371 2269 471 2320 lem
499 2269 675 2336 qualis
702 2268 822 2336 ipse
849 2278 952 2322 est.
990 2267 1046 2322 Si
1074 2284 1206 2324 vero
1268 2279 1494 2339 accepto
1546 2270 1753 2338 Spiritu
1838 2270 1960 2326 Filii

367 2359 596 2414 formant
643 2359 734 2414 Dei
793 2361 1128 2429 accipimus,
1183 2364 1456 2430 quomodo
1520 2363 1626 2418 erit
1681 2365 1960 2434 inaequalis

367 2451 516 2506 Patri
547 2452 740 2518 Filius,
764 2452 879 2522 qui,
914 2463 974 2507 ut
1026 2452 1100 2507 illi
1137 2454 1560 2523 conformemur,
1601 2457 1767 2512 etiam
1804 2458 1958 2512 nobis

365 2558 463 2612 per
483 2545 724 2614 seipsum
755 2545 968 2602 donat?

789 2662 1031 2733 Objectio
1057 2663 1505 2722 adversariorum.

431 2775 990 2840 incnmmnnicahilis,
1046 2777 1218 2844 aiunt,
1289 2787 1374 2833 est
1419 2777 1602 2846 Pater,
1655 2796 1830 2851 neque
1859 2800 1956 2854 per

362 2868 603 2935 seipsum
635 2883 663 2919 a
701 2869 858 2923 nobis
887 2871 1201 2939 participari
1233 2883 1432 2942 putcst,
1463 2877 1532 2929 ob
1580 2892 1848 2934 summam
1891 2882 1955 2935 il-

364 2960 468 3011 lam
501 2959 902 3027 cxeellentiam,
937 2973 1100 3031 atque
1119 2965 1472 3020 eminentiam
1527 2969 1766 3037 deitatis,
1830 2989 1951 3041 qua:

2067 1920 2306 1990 ούσίανὴ
2335 1919 2429 1972 τοῦ
2458 1919 2774 1990 Πνεύματος
2805 1921 3006 1992 μετοχὴ
3036 1921 3115 1992 τῷ
3140 1921 3414 1992 ἀνθρώπῳ
3439 1924 3662 1994 χαρίζεο

2065 2011 2177 2078 ται,
2208 2013 2305 2082 οὐχ
2337 2011 2523 2076 ἁπλῶς
2554 2012 2615 2066 τὸ
2646 2014 2706 2066 ἑν
2738 2012 2929 2084 μόναις
2969 2014 3202 2078 ἐννοίαις
3243 2013 3378 2067 Θεοῦ
3427 2013 3659 2070 διαπλα-

2067 2105 2259 2177 σθῆναι
2286 2104 2529 2159 τοιοῦτον
2551 2106 2734 2169 ὁποῖός
2763 2107 2909 2159 ἐστιν
2948 2106 3130 2170 αὐτός.
3161 2107 3220 2160 Ei
3247 2105 3302 2159 δὲ
3337 2107 3398 2161 τὸ
3432 2107 3659 2176 Πνεῦμα

2063 2194 2156 2247 τοῦ
2196 2194 2327 2248 Υιοῦ
2358 2195 2733 2266 λαμϐάνοντες
2783 2196 2920 2267 πρὸς
2951 2197 3084 2249 Θεὸν
3127 2197 3505 2270 μορφούμεθα,
3541 2197 3658 2264 πῶς

2063 2286 2319 2356 ἀνόμοιος
2369 2286 2523 2341 ἔσται
2572 2287 2652 2356 τῷ
2695 2288 2873 2358 Πατρὶ
2906 2290 2935 2340 ό
2969 2287 3096 2353 Υἱὸς
3134 2291 3162 2344 ό
3202 2289 3265 2342 τὸ
3315 2289 3654 2361 μορφοῦσθαι

2063 2379 2200 2449 πρὸς
2235 2380 2444 2433 ἐκεῖνον
2475 2379 2567 2433 καὶ
2593 2382 2725 2450 ἡμῖν
2749 2380 2816 2433 δι’
2841 2382 3035 2436 ἑαυτοῦ
3064 2382 3438 2455 δωρούμενοςς

2274 2677 2574 2748 Πρότασις
2611 2678 2692 2744 ὡς
2731 2678 2798 2732 ἐκ
2841 2677 2958 2732 τῶν
2995 2678 3070 2731 δι’
3099 2679 3400 2745 ἐναντίας.

2142 2791 2548 2864 Ἀκοινὼνητος,
2573 2793 2727 2861 φασὶ,
2753 2793 2845 2846 καὶ
2874 2793 2936 2846 ού
2965 2791 3228 2863 μεθεκτὸς
3255 2793 3385 2864 ἡμῖν
3407 2791 3433 2845 ό
3457 2791 3652 2863 Πατὴρ

2056 2885 2123 2938 δι’
2153 2885 2369 2952 ἑαυτοῦ,
2397 2885 2486 2939 διὰ
2518 2884 2616 2956 τὴν
2651 2885 2956 2956 ὑπερϐολὴν
2987 2885 3082 2938 καὶ
3108 2885 3209 2956 τὴν
3242 2887 3417 2956 ἄκραν
3459 2883 3651 2954 ὥσπερ

2057 2977 2152 3032 καὶ
2196 2976 2480 3048 ἀχώρητον
2531 2980 2596 3047 τῇ
2644 2976 2962 3048 ἀνθρωπεία
3027 2977 3186 3046 φύσει
3236 2978 3335 3046 τῆς
3392 2975 3650 3044 θεότητος

360 3049 430 3103 ab
460 3049 694 3103 humana
744 3059 935 3106 natura
966 3055 1168 3124 percipi
1223 3071 1330 3111 non
1389 3069 1586 3127 potest.
1643 3059 1953 3135 Percipilur

2061 3068 2380 3141 μετάληψιν.
2399 3069 2674 3139 Χωρεῖται
2701 3069 2757 3122 δὲ
2801 3068 2895 3122 καὶ
2928 3070 2986 3121 ὲν
3017 3069 3147 3139 ήμῖν
3171 3067 3378 3136 γίνεται
3400 3067 3467 3119 δι’
3494 3066 3646 3131 rio-3,

359 3151 560 3207 autent,
585 3152 636 3195 et
668 3141 720 3196 in
755 3145 908 3198 nohis
942 3154 1026 3199 est
1082 3161 1179 3214 per
1240 3145 1458 3213 Filium,
1517 3151 1772 3208 nimirum
1806 3132 1950 3210 itau-

2061 3132 2127 3224 iii;
2169 3132 2556 3223 δι”έλάττονος
2603 3158 2827 3230 δηλαδή.
2867 3159 2992 3223 Πῶς
3038 3132 3134 3212 οὖν
3172 3132 3358 3228 ῦμοιος
3385 3157 3537 3212 ἔσται
3569 3157 3651 3227 τῷ

358 3247 520 3299 quam
545 3248 639 3302 per
663 3234 953 3290 minorem.
982 3236 1268 3303 Quomodo
1296 3239 1458 3310 igitur
1487 3243 1682 3297 similis
1717 3245 1821 3299 erit
1844 3245 1949 3300 Pa-

361 3325 454 3388 tri,
479 3339 600 3377 cum
637 3340 666 3378 a
699 3326 853 3380 nobis
877 3329 1080 3398 percipi
1107 3331 1277 3399 possit
1296 3329 1487 3396 Filius,
1513 3332 1675 3388 Pater
1697 3351 1826 3391 vero
1847 3338 1950 3392 mi-

359 3415 542 3469 nime?

702 3527 785 3581 Ad
815 3528 926 3584 haec
959 3533 1215 3601 exceptio,
1248 3535 1352 3589 sive
1373 3536 1586 3594 solutio.

429 3635 770 3695 Temulentis
802 3641 1011 3698 similes
1040 3644 1226 3701 hostes
1260 3647 1374 3714 Dei,
1403 3659 1463 3704 ut
1498 3662 1740 3727 apparet,
1798 3655 1948 3727 igno-

359 3739 476 3782 rant
499 3730 624 3797 quid
653 3731 857 3799 dicant,
884 3745 978 3789 aut
1005 3736 1070 3791 de
1092 3739 1288 3806 quibus
1318 3743 1666 3799 contendant.
1693 3743 1748 3800 Si
1777 3749 1945 3817 enim,

359 3828 418 3872 ut
462 3835 558 3875 vos
598 3822 800 3887 dicitis,
831 3826 1013 3879 omnia
1043 3839 1171 3882 sunt
1205 3845 1397 3901 magna
1426 3841 1481 3887 et
1508 3839 1946 3904 supernatnralia

361 3911 414 3964 in
445 3909 628 3978 Patre,
657 3930 886 3971 necesse
921 3929 1003 3972 est
1044 3929 1104 3974 ιιι
1150 3921 1394 3989 ejusdem
1427 3940 1642 3996 quoque
1678 3931 1948 3986 conditio-

361 4003 446 4056 nis
477 4020 599 4060 esse
623 4005 892 4063 fateamur
930 4011 1230 4068 bonitatem
1260 4031 1382 4084 qtae
1414 4018 1464 4072 in
1501 4021 1618 4089 ipso
1664 4033 1766 4078 est.
1825 4023 1946 4088 Ouo

364 4108 521 4162 pacto
557 4098 720 4169 igitur
754 4101 797 4154 is
825 4103 916 4172 qui
946 4120 1157 4162 summe
1219 4108 1392 4167 honus
1431 4121 1515 4166 est
1575 4115 1778 4185 percipi
1838 4132 1942 4171 non

355 4192 553 4255 peterit
585 4193 651 4245 ah
679 4193 746 4247 iis
781 4197 872 4266 qui
901 4196 1147 4252 bonitate
1184 4201 1462 4273 indigent?
1487 4203 1593 4258 Ant
1637 4221 1744 4275 quo
1786 4219 1944 4276 pacto

357 4281 410 4334 in
448 4283 756 4339 universum
786 4287 957 4343 bonus
987 4294 1290 4348 censendus
1333 4295 1427 4363 sit,
1473 4297 1564 4365 qui
1619 4298 1940 4355 excellentia

358 4375 591 4440 quadam
617 4388 895 4434 creaturas
928 4394 1218 4452 superante
1249 4402 1439 4442 omnes
1463 4403 1491 4439 a
1525 4388 1606 4442 sui
1645 4391 1938 4461 participa-

2054 3253 2251 3324 Πατρὶ,
2281 3252 2526 3324 χωρητδς
2552 3249 2628 3304 ὢν
2652 3252 2710 3304 ὲν
2726 3253 2858 3323 ἡμῖν
2877 3254 2989 3314 τοῖς
3010 3252 3217 3305 ἐκεῖνον
3239 3251 3299 3304 ού
3327 3248 3651 3320 δυναμένοις

2053 3361 2286 3415 χωρειν;

2241 3547 2395 3617 Πρὸς
2432 3546 2610 3601 τοῦτο
2647 3544 3041 3614 ἀνθυποφορὰ
3078 3543 3210 3613 ἦτοι
3247 3543 3450 3608 λύσις.

2122 3663 2400 3718 Μεθύουσι
2446 3661 2609 3715 πάλιν
2661 3663 2782 3724 ταῖς
2835 3657 3116 3722 ἁϐουλίαις
3149 3658 3199 3710 οἱ
3241 3655 3522 3727 θεομάχοι,
3562 3653 3643 3725 μὴ

2049 3756 2274 3819 εἰδότες,
2305 3755 2378 3818 ὡς
2415 3754 2689 3823 φαίνεται,
2729 3753 2864 3822 μήτε
2891 3751 2926 3805 ἃ
2952 3751 3191 3819 λέγουσι,
3223 3749 3364 3820 μήτε
3395 3749 3526 3818 περὶ
3555 3745 3644 3798 τί-

2049 3864 2155 3901 νων
2201 3845 2660 3900 διαϐεϐαιοῦνται.
2713 3845 2774 3897 Εἰ
2808 3843 2937 3916 γὰρ,
2967 3842 3220 3914 καθάπερ
3264 3841 3420 3912 ὑμεῖς
3475 3855 3639 3908 φατε,

2047 3939 2226 3993 πάντα
2263 3937 2479 4009 μεγάλα
2509 3935 2604 3990 καὶ
2638 3935 2893 4006 ὑπερφυῆ
2919 3936 2987 3988 τὰ
3012 3935 3070 3988 ὲν
3093 3933 3170 4004 τῷ
3201 3932 3396 4003 Πατρὶ,
3421 3930 3637 4000 ἀνάγκη

2045 4030 2229 4085 δοῦναι
2273 4030 2530 4093 τοιαύτην
2560 4027 2657 4082 καὶ
2683 4027 2780 4098 τὴν
2811 4029 3225 4098 ἐνυπάρχουσαν
3253 4023 3402 4093 αὐτῷ
3433 4023 3640 4092 ἀγαθό-

2044 4143 2200 4197 τητα.
2234 4123 2359 4186 Πῶς
2388 4118 2480 4176 οὖν
2522 4124 2550 4176 ὁ
2591 4124 2671 4184 εἰς
2705 4120 2874 4192 ἄκρον
2901 4120 3128 4190 ἀγαθὸς.
3163 4118 3448 4190 ἀχώρητος
3481 4117 3636 4170 ἔσται

2043 4219 2156 4280 τοῖς
2199 4213 2536 4283 ἀγαθότητος
2580 4211 2891 4283 δεομένοις;
2925 4212 3049 4274 Πῶς
3097 4211 3154 4264 δὲ
3204 4209 3340 4274 ὅλως
3372 4210 3577 4278 ἀγαθὸς
3607 4214 3636 4264 ό

2040 4309 2162 4370 ταῖς
2197 4307 2338 4377 ὑπὲρ
2360 4305 2460 4374 τὴν
2484 4305 2661 4358 κτίσιν
2686 4305 2789 4356 ὑπε
2801 4303 3015 4372 ρϐολαῖς
3039 4302 3347 4356 ἀποκλείων
3376 4302 3550 4358 ἅπασι
3571 4301 3635 4356 τὸ

2047 4401 2340 4473 μετασχεῖν
2369 4397 2536 4452 αὑτοῦ
2562 4415 2577 4463 ;
2605 4397 2727 4468 Χρὴ
2756 4397 2864 4468 γὰρ
2893 4395 3182 4469 δήπουθεν,
3223 4396 3252 4450 ὃ
3280 4395 3343 4466 δὴ
3367 4396 3459 4450 καὶ
3492 4397 3632 4466 ἁλη-

355 4465 500 4519 tione
529 4467 822 4523 exi-ludat?
861 4469 1267 4542 Oportetenim,
1288 4479 1431 4548 quod
1455 4480 1799 4534 verissimum
1821 4498 1940 4538 esse

2061 4493 2134 4557 l‘e;
2166 4493 2225 4546 ὃν
2253 4489 2630 4562 (petiverat,th
2655 4489 2802 4555 ἅπαξ
2825 4487 3049 4557 ἀγαθὸν,
3063 4488 3435 4558 ἀναλογοῦσαν
3462 4487 3632 4543 αὐτοῦ

356 4556 800 4630 deprehenditur,
832 4580 953 4618 eum
994 4569 1082 4635 qni
1116 4570 1338 4623 omnino
1369 4569 1542 4624 bonus
1592 4581 1698 4636 est,
1727 4571 1936 4627 bonita-

355 4653 462 4699 tem
497 4662 649 4702 suam
681 4653 930 4708 omnibus
969 4671 1294 4727 proponere,
1344 4657 1666 4728 facilemque
1729 4661 1940 4715 fruitio-

356 4757 477 4795 nem
510 4743 574 4798 iis
601 4747 690 4812 qui
721 4748 838 4816 ejus
868 4751 1133 4821 indigent,
1163 4752 1454 4821 explicare.
1513 4754 1666 4819 Quod
1719 4755 1934 4824 quidem

352 4831 470 4900 ipse
494 4831 675 4890 facere
717 4841 981 4905 cernitur,
1009 4857 1132 4894 eum
1166 4857 1225 4896 se
1258 4843 1307 4895 in
1361 4843 1517 4897 nobis
1565 4845 1933 4900 habitatorum

347 4930 514 4992 atque
540 4929 939 4984 ambulaturum
971 4933 1258 5000 promittit,
1293 4943 1348 4988 et
1383 4934 1522 4988 ﬁlios
1579 4951 1707 4991 suos
1753 4938 1935 4992 decla-

344 5026 456 5070 rat.
488 5018 638 5073 Vana
675 5025 860 5091 itaque
924 5035 1008 5078 est
1063 5025 1350 5094 impiorum
1383 5029 1700 5097 propositio.
1749 5027 1934 5100 Neque

343 5109 490 5161 enim
530 5126 624 5178 per
652 5115 1028 5169 excellentiam
1065 5131 1218 5170 suam
1269 5127 1322 5171 et
1356 5129 1561 5175 naturae
1581 5122 1930 5178 eminentiam

345 5203 414 5254 ad
435 5203 768 5260 ferocitatem
805 5207 978 5277 vergit
1008 5222 1023 5259 :
1052 5209 1145 5263 sed
1173 5211 1379 5279 potius,
1426 5220 1607 5269 tantus
1652 5231 1774 5269 cum
1835 5217 1926 5280 sit,

341 5308 616 5346 minimam
645 5297 1028 5364 benignitatem
1059 5315 1168 5368 prtr
1194 5317 1254 5357 se
1278 5303 1402 5357 fert.
1434 5301 1508 5356 Ex
1533 5307 1784 5362 oumibus
1804 5323 1930 5362 vero

340 5398 466 5450 qua:
505 5386 552 5438 ei
584 5387 766 5440 insunt
789 5389 1154 5457 pulcherrima
1188 5407 1274 5449 res
1298 5405 1382 5449 est
1413 5397 1627 5451 bonitas
1651 5400 1790 5468 ejus,
1811 5416 1930 5468 quze

340 5489 443 5544 per
467 5475 683 5544 Filium,
707 5489 763 5534 ut
787 5482 860 5534 ait
905 5481 1209 5555 Scriptura,
1247 5490 1297 5541 in
1334 5490 1508 5543 malos
1532 5489 1686 5560 juxta
1729 5507 1794 5546 ac
1837 5493 1930 5546 bo-

340 5580 446 5622 nes
468 5579 758 5624 commeat:
786 5571 1096 5644 nullumque
1119 5577 1339 5632 utnnino
1359 5592 1386 5630 a
1409 5577 1491 5632 sui
1513 5578 1928 5647 participatione

412 5753 461 5785 ⁸³
491 5752 686 5813 lJoan.
721 5759 912 5827 nt,9.i.
991 5761 1035 5791 ⁸³
1061 5762 1222 5818 liehr.
1257 5778 1329 5831 rt,
1355 5763 1406 5817 4.
1481 5763 1526 5794 ³³
1549 5759 1704 5814 Juan.
1737 5775 1828 5823 xx,
1860 5761 1948 5814 22.

2043 4589 2154 4649 τοῖς
2180 4585 2315 4636 πᾶσι
2332 4582 2614 4653 προθεῖναι
2641 4583 2740 4651 τὴν
2765 4580 3098 4652 ἀγαθότητα,
3118 4581 3212 4635 καὶ
3231 4582 3310 4644 είς
3329 4579 3633 4633 ἀπόλαυσιν

2043 4673 2154 4731 τοῖς
2183 4669 2353 4738 αὐτῆς
2381 4668 2654 4739 δεομένοις
2693 4669 2919 4738 ἑτοίμην
2949 4669 3234 4733 ἐξαπλοῦν.
3256 4669 3392 4721 Ἀλλ’
3414 4671 3513 4739 ἤδη
3536 4670 3632 4722 καὶ

2043 4760 2201 4814 τοῦτο
2237 4761 2408 4814 ποιῶν
2443 4760 2712 4829 φαίνεται,
2746 4759 2815 4814 δι’
2847 4753 2923 4813 ὧν
2958 4760 3053 4814 καὶ
3082 4761 3382 4831 ὲνοικήσειν
3416 4762 3472 4812 ἐν
3496 4762 3631 4830 ἡμῖν

2043 4851 2437 4920 ἐπαγγέλλεται
2487 4851 2581 4904 καὶ
2629 4853 3127 4924 ἐμπεριπατήσειν,
3157 4854 3249 4906 καὶ
3301 4853 3446 4915 υἱοὺς
3494 4852 3632 4904 ἀπο-

2040 4943 2298 4996 δεικνύει.
2327 4942 2537 4996 Ούκθῦν
2571 4942 2738 5008 ἕωλος
2764 4948 2876 5008 τοῖς
2903 4944 3085 5008 ἀθέοις
3113 4946 3145 5015 η
3181 4944 3462 5015 πρότασις.
3495 4943 3629 4996 Φαε-

2042 5050 2192 5086 νεται
2238 5033 2348 5103 γὰρ
2397 5034 2460 5088 ού
2505 5034 2572 5087 δι’
2605 5035 2911 5106 ὑπερϐολὴν
2963 5035 3058 5088 καὶ
3109 5035 3498 5106 μεγαλοφυταν,
3545 5037 3629 5096 εἰς

2038 5122 2340 5192 ἀγριότητα
2380 5122 2514 5186 Θεὸς
2566 5123 2909 5177 ἀποκλίνωνο
2945 5124 3079 5178 ἀλλὰ
3130 5125 3330 5195 μᾶλλον
3374 5123 3627 5186 τοσοῦτος

2038 5214 2297 5284 ὑπάρχων
2323 5216 2403 5277 εἰς
2422 5214 2739 5286 ἡμερότητα
2766 5215 2876 5287 ὅσῳ
2909 5216 3120 5285 μεγάλα
3157 5216 3224 5270 τὰ
3249 5212 3539 5270 αύτοῦ.⁷Ων
3565 5216 3626 5268 ἓν

2031 5307 2094 5371 δὴ
2125 5307 2184 5359 τὸ
2213 5306 2496 5361 κάλλιστόν
2517 5309 2665 5361 ὲστιν
2693 5309 2726 5378 ἠ
2750 5308 3044 5380 ἀγαθότης,
3071 5309 3346 5379 φθάνουσα
3375 5309 3443 5362 δι’
3465 5309 3620 5372 Υίοῦ,

2033 5397 2178 5452 καθά
2207 5415 2375 5469 φησιν
2404 5399 2588 5465 αὐτὸς,
2617 5400 2710 5453 ἔπι
2745 5400 3014 5470 πονηρούς
3041 5418 3099 5453 τε
3132 5401 3224 5455 καὶ
3245 5400 3503 5468 ἀγαθοὺς,
3529 5400 3624 5454 καὶ

2035 5490 2224 5559 μηδενὶ
2249 5491 2310 5544 τὸ
2340 5491 2605 5564 παράπαν
2629 5492 2996 5546 ἀποκλείουσα
3028 5494 3089 5546 τὺ
3111 5495 3402 5564 μετασχεῖν
3424 5492 3619 5558 αὐτῆς.

2032 5583 2249 5654 Μετοχὴ
2299 5583 2355 5636 δὲ
2400 5583 2612 5654 Πατρδς
2655 5583 2722 5640 δι’
2751 5583 2878 5638 Υἱοῦ
2915 5587 2969 5638 ἐν
3002 5583 3281 5656 Πνεύματι
3327 5583 3530 5656 κυρίως
3560 5597 3620 5634 τε
