3996 6418
275 355 380 410 ,π
1727 343 2181 404 TllESAU-RUS.
3494 355 3604 411 250

279 477 371 528 καὶ
408 469 760 544 πρεπόντως
809 467 876 521 ἀν
937 470 1170 534 γένοιτο.
1212 463 1426 536 ’Ὠσπερ
1471 460 1564 520 οὖν
1617 467 1711 521 καὶ
1760 465 1911 536 ἡλίου

2036 465 2278 523 :xcludit.
2307 465 2488 524 Patris
2516 477 2698 524 autem
2747 468 3094 539 participatio
3136 484 3228 539 per
3280 468 3477 524 Filium
3546 473 3599 528 in

287 562 600 636 μετέχομεν
652 558 746 612 διὰ
794 556 898 626 τῆς
939 555 1000 620 ἐξ
1036 551 1204 608 αὑτοῦ
1246 554 1574 627 τικτομένης
1615 553 1813 623 αὐγῆς.
1842 553 1902 606 οὺ

2036 558 2220 626 spiritu
2251 561 2468 629 proprie
2494 571 2546 615 et
2565 561 2956 616 convenienter
2991 560 3070 614 lit.
3132 560 3598 628 Quemadmodum

291 657 402 726 δίχα
427 650 792 721 θερμότητος
818 649 854 719 ἦ
885 646 987 718 τῆς
1020 645 1118 700 τοῦ
1148 645 1290 700 Πνεύ
1301 663 1471 718 ματος
1508 647 1794 719 ἐνεργείας
1822 648 1904 700 εί-

2036 649 2181 718 gitur
2203 657 2258 704 et
2307 651 2440 705 solis
2465 651 2758 722 participes
2813 651 3084 706 elIicimur
3133 667 3230 721 per
3257 653 3600 721 splendorem

298 745 414 799 κόνα
441 741 873 812 φέρει.¹’οσπερ
899 733 996 792 οὖν
1038 736 1118 809 τῷ
1146 737 1281 808 ἡλίῳ
1307 737 1407 790 οὐκ
1445 737 1510 792 ἀν
1540 755 1624 803 τις
1649 737 1903 808 ἀνόμοιον

2036 757 2172 810 luem
2204 757 2267 797 ex
2298 758 2357 798 se
2385 745 2578 815 gignit,
2611 760 2714 798 non
2783 745 2917 798 citra
2977 747 3216 801 calorem
3264 747 3352 815 qui
3425 747 3602 815 imago

295 834 420 891 εἶναι
455 834 620 901 λέγοι
661 833 729 886 τὸ
775 831 838 896 ἐξ
885 829 1054 883 αὐτοῦ
1106 830 1458 904 πεμπόμενον
1504 829 1621 899 φῶς
1653 829 1771 900 ἦτοι
1804 828 1903 900 τὴν

2036 835 2255 902 μιαξιιοηι
2289 845 2374 889 est
2407 837 2740 904 operationis
2770 838 3006 908 Spiritus
3037 856 3049 892 :
3089 853 3247 893 nemo
3281 854 3407 892 vero
3447 839 3601 892 dixe-

295 927 628 997 θερμότητα,
649 923 747 978 διὰ
771 923 834 976 τὺ
863 921 1002 992 μετά
1029 921 1236 976 τούτων
1258 915 1401 976 εἶναι
1428 920 1711 993 μεθεκτὸν,
1729 920 1902 984 οὕτως

2036 925 2088 978 ’ἰι
2111 924 2290 978 lumen
2331 923 2446 980 sive
2492 925 2823 981 caliditatcm
2891 943 3013 998 qua:
3054 944 3120 982 ex
3171 927 3287 982 sole
3331 929 3604 982 emittitur

291 1020 432 1072 οὐδὲν
457 1016 786 1084 ἀναγκάσει
820 1014 914 1066 τὸν
939 1013 1068 1066 Υἱὸν
1095 1013 1351 1083 ἀνόμοιον
1377 1009 1516 1066 εἶναι
1541 1011 1620 1083 τῷ
1648 1012 1827 1083 Πατρὶ
1847 1010 1910 1064 τὸ

2036 1015 2334 1070 lissintilcm
2365 1015 2463 1070 soli
2492 1032 2631 1081 esse,
2672 1019 2828 1088 137
2855 1020 2977 1088 quia
3008 1034 3130 1074 cum
3163 1018 3248 1072 his
3305 1020 3383 1072 sol
3433 1019 3603 1086 parti-

285 1111 353 1162 δι’
379 1106 550 1162 αὑτοῦ
601 1105 947 1177 μετέχεσθαι
981 1105 1074 1156 τὸν
1114 1102 1355 1175 Πατέρα.
1388 1101 1606 1158 Μᾶλλον
1635 1102 1692 1156 δὲ
1725 1103 1910 1173 ὅμοιον

2038 1107 2278 1177 -ipatttr:
2316 1107 2388 1162 ita
2437 1107 2569 1162 nihil
2610 1118 2693 1162 est
2745 1111 2886 1178 quod
2942 1121 3099 1179 cogat
3131 1111 3248 1164 ideo
3283 1107 3601 1162 dissimilem

291 1203 411 1254 οντα
443 1200 594 1253 κατὰ
625 1198 819 1252 πάντα
859 1194 1300 1250 δεικνύει.”οπου
1343 1194 1454 1266 γάρ
1482 1193 1614 1248 Υἱοῦ
1657 1194 1911 1265 μετέχον-

2036 1201 2122 1252 Iici
2147 1197 2340 1253 Filium
2368 1215 2396 1253 a
2431 1199 2610 1265 Patre,
2641 1201 2763 1270 quia
2799 1215 2894 1270 per
2919 1202 3093 1270 ipsum
3151 1200 3329 1253 Patris
3373 1200 3601 1269 partici-

291 1310 397 1354 τες,
434 1293 537 1362 τῆς
563 1289 667 1342 τοῦ
701 1288 928 1360 Πατρὸς
960 1285 1252 1358 μετουσίας
1279 1287 1381 1340 οὐκ
1409 1285 1773 1357 ἐστερήμεθα,
1794 1284 1909 1348 πῶς

2036 1303 2108 1343 tes
2128 1287 2412 1344 efﬁcimur.
2443 1289 2554 1345 lmo
2583 1306 2711 1346 vero
2762 1291 2863 1345 hoc
2907 1307 3081 1360 lpStllIl
3146 1290 3374 1344 similem
3412 1291 3459 1342 ci
3507 1305 3603 1358 per

287 1383 386 1435 οὐκ
409 1380 568 1435 ἔσται
604 1379 890 1449 ταυτότης
923 1377 1114 1440 οὐσίας
1139 1377 1356 1448 Πατρὺς
1400 1376 1497 1430 καὶ
1528 1374 1698 1441 Υἱοῦ;
1733 1376 1907 1430 Ὅπου

2036 1380 2196 1433 nunia
2221 1395 2343 1436 esse
2383 1380 2560 1450 ipsum
2592 1381 2852 1436 ostendit.
2881 1379 3018 1435 Cum
3047 1379 3192 1436 enim
3216 1379 3338 1434 Filii
3382 1382 3604 1449 partici-

293 1473 348 1527 δὲ
375 1473 569 1536 οὐσίας
601 1471 906 1542 ταυτότης,
945 1471 1100 1524 ποῖον
1125 1468 1236 1535 ἕξει
1257 1468 1426 1522 τόπον
1469 1469 1502 1540 ή
1547 1467 1905 1539 ἀνομοιότης;

2036 1485 2110 1526 »οε
2137 1471 2338 1538 cﬂ'ecti,
2360 1472 2536 1529 Patris
2561 1473 3054 1531 communicatione
3104 1487 3208 1526 non
3286 1473 3566 1543 privamur
3585 1514 3601 1537 ,

301 1565 622 1634 Λεγέτωσαν
651 1566 703 1617 οί
749 1561 1139 1634 χριστομάχοι.

2036 1577 2122 1630 luo
2150 1575 2442 1632 pactonou
2483 1565 2556 1621 sit
2615 1566 2803 1621 eadem
2859 1565 3092 1620 essentia
3116 1564 3294 1619 Patris
3339 1577 3394 1619 et
3445 1561 3608 1617 Filii?

305 1662 396 1718 tibi
432 1677 563 1716 vero
630 1671 722 1715 est
763 1659 1025 1714 ideotitas
1085 1656 1356 1722 essentia,
1384 1671 1546 1728 quem
1583 1656 1762 1712 locum
1808 1657 2030 1714 habebit
2087 1659 2501 1717 dissimilitudo?
2539 1662 2921 1734 Respondeant
2950 1662 3106 1716 nobis
3162 1662 3347 1716 hostes
3369 1661 3600 1717 Christi.

553 1825 906 1890 Ἀντίθεσις
949 1823 1032 1889 ὡς
1065 1821 1134 1876 ἐκ
1179 1820 1297 1876 τῶν
1325 1819 1658 1892 αἰρετικῶν.

2487 1823 2728 1894 Objectio
2754 1823 3141 1877 Iurretz'corttm.

385 1983 488 2036 Καὶ
516 1981 632 2045 πῶς
663 1979 736 2034 ἂν
763 1978 880 2050 εἴη,
916 1977 1073 2048 φασὶ,
1104 1975 1245 2031 κατά
1269 1976 1360 2030 τὸν
1391 1975 1493 2046 τῆς
1531 1975 1721 2039 οὐσίας
1752 1975 1909 2044 λόγον

2089 1981 2284 2048 Atquo
2341 1989 2520 2048 pacto,
2567 1980 2739 2042 aiunt,
2771 1977 2844 2032 sit
2886 1977 3078 2032 similis
3115 1976 3261 2032 Patri
3305 1976 3478 2032 Filius
3519 1993 3604 2031 ra-

331 2076 496 2144 ὂμοιος
524 2073 599 2142 τῷ
643 2070 832 2141 Πατρὶ
886 2072 915 2123 6
961 2069 1111 2132 Υίὸς,
1142 2070 1200 2132 ὃς
1252 2086 1314 2139 γε
1364 2067 1618 2122 τοσοῦτον
1673 2067 1911 2121 ἐλάττων

330 2166 574 2235 φαίνεται,
604 2163 681 2228 ὡς
710 2162 858 2235 μηδὲ
881 2163 1015 2235 ὸρᾷν
1053 2159 1251 2228 αὐτόν;
1285 2161 1395 2214 Καὶ
1432 2159 1593 2212 τοῦτο
1620 2157 1728 2232 γὰρ
1751 2158 1912 2220 αὑτός

320 2275 414 2312 που
431 2256 708 2329 διαμαρτύ
720 2272 883 2330 ρεταδ
909 2254 1107 2324 λέγων’
1136 2272 1154 2304 ι
1173 2252 1307 2307 Θεὸν
1346 2252 1524 2315 οὐδεὶς
1555 2250 1767 2323 ἑώρακε
1800 2249 1915 2304 πώ-

311 2367 454 2405 ποτεο
488 2353 517 2405 6
541 2348 858 2422 μονογενὴς
887 2345 1043 2412 Θεὸς,
1072 2345 1101 2396 6
1129 2343 1205 2398 ὣν
1228 2346 1308 2408 είς
1347 2344 1437 2396 τὸν
1457 2343 1657 2396 κόλπον
1681 2342 1774 2396 τοῦ
1799 2343 1913 2396 Πα-

311 2444 458 2512 τρὸς,
510 2443 736 2504 ἐκεῖνος
786 2438 1120 2507 ἐξηγήσατο.
1157 2453 1175 2486 ι
1238 2435 1302 2488 Εί
1357 2434 1538 2486 τοίνυν
1601 2432 1914 2504 ἀθεώρητον

313 2537 413 2598 τοῖς
432 2534 570 2587 πᾶσι
601 2531 702 2585 τδν
724 2529 952 2600 Πατέρα
986 2526 1152 2598 φησιν
1185 2525 1213 2577 6
1245 2525 1396 2589 Υἱὸς,
1446 2525 1505 2578 ὲν
1533 2523 1587 2576 δὲ
1618 2525 1731 2587 τοῖς
1777 2525 1914 2576 πᾶσι

314 2625 397 2678 καὶ
426 2624 618 2688 αὐτὸς,
674 2621 800 2684 πῶς
854 2619 920 2674 ἂν
978 2618 1067 2688 εἴη
1119 2616 1261 2672 κατὰ
1289 2616 1388 2688 τὴν
1444 2615 1630 2668 οὑσῖαν
1678 2615 1917 2686 ὃμοιοςό

2024 2069 2168 2124 tiooe
2191 2071 2461 2135 essentite,
2487 2071 2576 2141 qui
2611 2079 2760 2123 tauto
2793 2071 2969 2122 minor
2999 2083 3118 2123 esse
3152 2069 3416 2129 cernitur,
3454 2078 3512 2122 ut
3538 2085 3607 2124 ne

2023 2159 2203 2213 videat
2237 2159 2452 2229 quidem
2483 2159 2698 2228 ipsum?
2721 2159 2874 2224 Quod
2902 2157 3116 2226 quidem
3149 2157 3261 2226 ipse
3282 2156 3406 2211 alibi
3437 2166 3605 2212 testa-

2025 2259 2130 2316 tur,
2163 2251 2414 2320 inqttiens
2447 2269 2458 2304 :
2503 2269 2520 2302 ι
2563 2250 2729 2304 Dcnm
2765 2264 2923 2304 nemo
2953 2249 3082 2302 vidit
3103 2263 3338 2317 unquam
3372 2265 3385 2300 :
3421 2248 3608 2318 unige-

2023 2345 2170 2399 nitus
2194 2343 2364 2398 Filius
2399 2343 2514 2412 Dei,
2545 2345 2639 2414 qui
2682 2353 2768 2398 est
2819 2343 2872 2397 itt
2936 2343 3055 2396 sinu
3095 2340 3290 2405 Patris,
3319 2340 3408 2394 ille
3436 2354 3606 2406 expo-

2022 2437 2131 2491 suit
2151 2436 2218 2491 ⁸⁸.
2252 2455 2270 2488 ι
2309 2437 2364 2491 Si
2395 2452 2523 2508 ergo
2554 2435 2723 2490 Filius
2751 2435 2965 2489 Patrem
2993 2434 3248 2486 omnibus
3283 2430 3605 2484 invisibilcm

2023 2543 2145 2583 esse
2180 2529 2330 2592 dicit,
2381 2538 2437 2582 et
2502 2527 2900 2598 signiﬁcatione
2949 2526 3195 2580 omnium
3259 2522 3376 2590 ipse
3440 2523 3605 2576 etiam

2024 2620 2524 2690 comprehenditur,
2554 2618 2824 2688 quomodo
2850 2617 2920 2672 sit
2947 2616 3142 2670 similis
3187 2612 3490 2667 secundum
3524 2625 3610 2664 es-

304 2717 556 2770 τοσοῦτον
588 2711 920 2785 ἡττώμενος
941 2729 956 2778 ;

2036 2713 2280 2778 sentiam,
2315 2713 2405 2782 qui
2438 2721 2588 2766 tanto
2625 2709 2854 2765 inferior
2878 2709 3004 2763 cst?

819 2846 980 2917 Πρὸς
1000 2845 1178 2901 τοῦτο
1215 2845 1418 2910 λύσις.

2533 2847 2746 2903 Salutio
2783 2846 3112 2915 objectionir.

370 2966 481 3018 Καὶ
511 2961 641 3026 πῶς
674 2960 781 3014 οὐκ
804 2959 1067 3029 ἄντικρυς
1090 2955 1229 3026 αὐτῇ
1259 2953 1558 3024 μαχόμενοι
1600 2953 1666 3023 τῇ
1691 2950 1920 3023 ἀληθείᾳ

2099 2966 2169 3020 At
2193 2978 2322 3019 vero
2379 2963 2651 3034 quomodo
2684 2976 2791 3016 non
2842 2967 3029 3029 aperte
3059 2971 3152 3012 vos
3199 2969 3322 3010 cum
3355 2951 3610 3008 omnibus

304 3055 596 3128 φανεῖσθε,
637 3051 740 3108 καὶ
767 3051 976 3113 πάσαις
1020 3046 1157 3119 ὁμοῦ
1192 3048 1312 3109 ταῖς
1347 3044 1523 3108 θείαις
1558 3044 1804 3114 Γραφαῖς
1827 3044 1920 3097 ἀνο

2036 3057 2329 3128 Scripturis
2355 3054 2527 3109 sacris
2557 3063 2612 3109 et
2670 3053 2898 3107 veritate
2957 3062 3199 3118 pugnare
3254 3044 3613 3107 censeamini,

304 3151 690 3210 τιπίπτοντες,
723 3143 862 3216 μηδὲ
886 3140 1038 3212 αὐτῷ
1058 3139 1314 3208 λέγοντες
1335 3135 1566 3208 ὁρᾶσθαι
1595 3134 1672 3206 τῷ
1695 3136 1808 3207 Υἱῷ
1829 3135 1920 3189 τὸν

2036 3149 2119 3220 qui
2149 3163 2217 3203 ne
2245 3149 2312 3201 ab
2333 3146 2450 3217 ipso
2475 3145 2692 3215 quidem
2711 3143 2852 3197 Filio
2875 3143 3047 3196 risum
3076 3155 3198 3195 esse
3225 3137 3446 3194 Patrem
3475 3151 3606 3192 con~

305 3243 553 3312 Πατέρα.
572 3233 896 3308 κεκρύφθαι
932 3229 1113 3302 δὲτὴν
1132 3229 1228 3317 τοῦ
1251 3225 1590 3298 Μονογενοῦς
1622 3229 1920 3298 αὐτοπρόσ-

2036 3240 2273 3306 tenditis,
2306 3249 2361 3294 et
2416 3252 2602 3294 coram
2628 3235 2869 3291 intuendi
2897 3233 3072 3288 Patris
3126 3230 3435 3286 facultatem
3473 3227 3614 3286 Uni--

303 3348 452 3386 ωπον
499 3330 641 3382 θέαν
667 3346 683 3394 ;
708 3325 886 3380 καίτοι
917 3326 1014 3378 καὶ
1041 3320 1209 3378 αὐτοῦ
1245 3321 1543 3394 διαρρήδην
1576 3317 1808 3388 βοῶντος
1830 3320 1920 3390 οὐχ

2036 3332 2213 3402 genito
2250 3330 2522 3392 adimitis,
2563 3341 2685 3383 cum
2721 3326 2836 3396 ipse
2863 3332 3050 3393 aperte
3084 3321 3302 3386 clamet,
3341 3322 3482 3390 quod
3523 3334 3613 3374 ue~

311 3431 390 3482 ότι
411 3428 513 3481 τὸν
528 3423 767 3495 Πατέρα
787 3420 1003 3494 ἐώρακέ
1025 3437 1134 3486 τις,
1161 3421 1210 3472 εί
1230 3417 1349 3490 μὴὸ
1371 3416 1447 3469 ῶν
1472 3417 1627 3487 παρὰ
1649 3415 1743 3469 τοῦ
1764 3415 1920 3481 Θεοῦ,

2036 3440 2119 3478 mo
2152 3419 2582 3475 videritPatrcm
2617 3418 2718 3472 nisi
2756 3417 2846 3486 qui
2879 3432 2944 3470 ex
2991 3415 3102 3468 Deo
3173 3423 3276 3476 est,
3310 3414 3424 3480 ipse
3477 3411 3616 3466 vidit

305 3517 460 3583 οὗτος
482 3517 711 3590 ἑώρακε
741 3515 836 3569 τὸν
858 3512 1105 3584 Πατέρα.
1136 3509 1263 3574 Πῶς
1291 3509 1348 3562 δὲ
1383 3510 1433 3562 εί
1473 3511 1550 3580 μὴ
1573 3508 1920 3578 κατάληπτός

2036 3511 2289 3568 Patrem?
2311 3511 2590 3577 Quomodo
2620 3519 2798 3564 autem
2828 3508 2928 3562 nisi
2959 3523 2986 3559 a
3013 3505 3151 3560 Filio
3205 3504 3408 3574 percipi
3437 3513 3615 3572 potest

307 3619 458 3669 ἑστιν
477 3616 511 3668 6
542 3610 746 3680 Πατὴρ
777 3607 859 3677 τῷ
888 3604 1028 3676 Υίῷ,
1060 3601 1158 3658 καὶ
1190 3604 1322 3673 ἡμῖν
1371 3599 1535 3654 αὑτὸν
1563 3598 1920 3664 ἐπιδεικνύει,

2036 3605 2211 3669 Pater,
2245 3603 2398 3659 nobis
2417 3603 2579 3658 etiam
2627 3601 2803 3672 ipsum
2858 3598 3116 3663 ostendit,
3158 3597 3389 3651 dicens:
3427 3613 3446 3646 ι
3511 3594 3614 3660 Qui

303 3709 512 3776 λέγων’
579 3723 601 3758 ι
649 3704 709 3756 '0
733 3697 1000 3772 ἑωρακὼς
1045 3694 1168 3766 ἐμὲ,
1216 3693 1432 3764 ἑώρακε
1481 3693 1574 3747 τὸν
1609 3691 1866 3763 Πατέρα;
1902 3709 1920 3742 ι

2036 3697 2165 3752 tidit
2197 3710 2304 3760 me,
2337 3693 2474 3749 vidit
2500 3702 2554 3748 et
2569 3691 2784 3747 Patrem
2817 3691 2910 3746 ⁸⁸2
2943 3709 2962 3743 ι
2989 3689 3270 3758 Quomodo
3296 3687 3459 3743 etiam
3494 3685 3614 3754 Spi-

307 3799 442 3862 Πῶς
473 3797 534 3850 δὲ
558 3794 622 3848 τὸ
658 3789 895 3859 Πνεῦμα
923 3783 1090 3840 αὑτοῦ
1140 3782 1322 3836 πάντα
1373 3779 1667 3834 ἐπίσταται
1722 3780 1818 3833 καὶ
1858 3777 1920 3831 τὰ

2036 3791 2168 3844 ritus
2195 3789 2314 3857 ejus
2335 3786 2516 3842 omnia
2553 3785 2722 3849 novit,
2775 3785 2940 3839 etiam
2995 3783 3176 3836 abdita
3202 3780 3316 3843 Dei,
3347 3779 3614 3848 sicutspi-

312 3889 458 3960 βάθη
493 3886 596 3940 τοῦ
626 3882 789 3946 Θεοῦ,
819 3877 1076 3948 καθάπερ
1105 3875 1199 3929 καὶ
1223 3873 1284 3928 τὸ
1335 3871 1554 3942 πνεῦμα
1593 3869 1687 3924 τοῦ
1721 3869 1920 3940 ἀνθρώ-

2036 3881 2172 3936 ritus
2202 3878 2439 3934 hominis
2464 3893 2582 3945 qua;
2617 3876 2673 3930 iu
2701 3877 2816 3945 ipso
2856 3872 3088 3929 sunt"?
3115 3871 3399 3938 Quomodo
3427 3885 3616 3924 rursus

310 4001 420 4037 που
447 3982 522 4035 τά
557 3982 616 4032 ὲν
650 3974 802 4045 αὖτῷ
822 3991 838 4040 ;
862 3971 988 4034 Πῶς
1009 3969 1066 4024 δὲ
1096 3967 1261 4022 πάλιν
1314 3968 1364 4020 οί
1413 3966 1532 4019 κατ’
1561 3963 1790 4036 οὐρανὸν
1823 3963 1920 4032 ἀγα

2036 3971 2210 4040 :tngeli
2246 3969 2499 4023 caelestes
2517 3977 2772 4035 tanquam
2810 3965 3002 4018 faciem
3035 3962 3154 4032 ejus
3180 3960 3614 4027 contemplantes

311 4075 466 4144 γελοι
493 4073 574 4137 ὡς
596 4071 663 4124 τὸ
695 4066 892 4121 τούτου
927 4062 1220 4134 πρόσωπον
1252 4054 1583 4126 θεωροῦντες
1617 4052 1920 4122 ἀνεγράφη-

2036 4058 2290 4128 descripti
2326 4064 2474 4120 sunt,
2507 4055 2550 4109 si
2589 4068 2656 4107 ne
2697 4052 2836 4106 Filio
2865 4052 3082 4119 quidem
3122 4051 3225 4104 hoc
3253 4048 3614 4102 conceditur?

315 4138 447 4228 σαν,
474 4165 526 4216 εί
571 4158 712 4232 μηδὲ
737 4155 820 4227 τῷ
848 4153 966 4223 Υἱῷ
999 4149 1162 4205 τοῦτο
1184 4147 1444 4218 ὑπάρχει,
1502 4144 1622 4199 καθ’
1649 4144 1830 4214 huic;
1857 4143 1920 4196 Ἢ

2036 4153 2141 4205 Aut
2172 4147 2445 4218 quomodo
2481 4145 2791 4205 mentiatur,
2825 4142 3049 4196 dicens:
3095 4159 3113 4191 ‹
3145 4138 3302 4194 Sicut
3330 4140 3615 4208 cognoscit

313 4255 441 4319 πῶς
475 4231 580 4307 οὐκ
619 4246 936 4320 ἀληθεύσει,
973 4242 1168 4310 λέγων·
1203 4257 1222 4292 ι
1260 4236 1458 4300 Καθὼς
1505 4233 1766 4304 γινώσκει
1803 4251 1869 4305 με
1901 4235 1920 4286 ἦ

2036 4258 2120 4297 me
2153 4241 2406 4300 Pater,ct
2431 4252 2530 4308 ego
2556 4250 2825 4306 cognosco
2862 4233 3078 4288 Patrem
3101 4231 3190 4284 ⁸⁸2
3226 4249 3244 4283 ι
3280 4231 3344 4285 Et
3371 4245 3560 4284 rursus
3595 4248 3608 4283 :

315 4347 544 4417 Πατὴρ,
569 4341 732 4410 κάγὼ
773 4337 1032 4409 γινώσκω
1081 4333 1174 4388 τὸν
1227 4331 1479 4402 Πατέρα;
1520 4348 1538 4380 ι
1577 4328 1689 4382 Καὶ
1731 4327 1920 4382 πάλινε

2037 4355 2057 4388 ι
2088 4334 2258 4390 Nemo
2280 4331 2562 4402 cOguoscit
2597 4329 2792 4384 Filium
2826 4327 2928 4382 nisi
2949 4326 3128 4391 Pater,
3158 4340 3260 4381 nec
3284 4322 3500 4378 Patrem
3529 4323 3613 4378 ul-

324 4456 344 4488 c
380 4415 580 4495 Οὐδεὶς
612 4428 976 4499 ἐπιγινώσκει
1006 4423 1098 4478 τὸν
1129 4421 1280 4486 Υίὸν,
1317 4422 1367 4474 εί
1405 4420 1480 4490 μὴ
1508 4420 1536 4471 6
1570 4417 1783 4489 Πατὴρ,
1809 4418 1920 4472 οὐδὲ

2036 4429 2115 4482 Ius
2141 4425 2420 4497 cognoscit
2453 4424 2553 4478 nisi
2587 4421 2780 4484 Filius,
2810 4431 2866 4475 et
2891 4419 2976 4474 cui
3007 4418 3240 4473 voluerit
3267 4415 3436 4471 Filius
3460 4431 3614 4469 rere-

319 4528 416 4581 τδν
445 4525 678 4595 Πατέρα
714 4537 801 4583 τις
855 4513 1235 4585 ἐπιγινώσκει,
1287 4514 1338 4566 ει
1375 4511 1450 4582 μὴ
1503 4512 1531 4564 6
1581 4509 1727 4575 Υἱὸς,
1761 4509 1853 4562 καὶ
1886 4503 1920 4577 ᾧ

2036 4522 2149 4576 lare
2168 4519 2259 4573 ὀἳ
2291 4537 2310 4570 ι
2344 4517 2445 4584 Qui
2473 4532 2601 4585 ergo
2632 4531 2738 4568 nou
2769 4513 2943 4568 solum
2982 4512 3153 4576 novit,
3181 4525 3365 4564 verum
3445 4508 3615 4561 etiam

322 4620 422 4675 ὲάν
451 4615 720 4689 βούληται
766 4613 796 4665 6
845 4608 976 4671 Υἱὸς
1032 4603 1421 4673 ἀποκαλύψαις
1460 4622 1479 4653 ›
1538 4603 1596 4656 '0
1624 4601 1802 4656 τοίνυν
1855 4601 1920 4673 μὴ

2037 4613 2158 4668 aliis
2183 4610 2425 4666 revelare
2452 4607 2668 4662 Patrent
2705 4613 2902 4674 potest,
2962 4603 3233 4672 quomodo
3287 4599 3460 4669 ipsum
3508 4614 3614 4653 non

326 4712 493 4784 μόνον
527 4704 707 4769 εἰδὼς,
733 4701 873 4757 ἀλλὰ
898 4699 996 4754 καὶ
1026 4695 1434 4752 ἀποκαλύπτειν
1461 4693 1668 4766 ἑτέροις
1687 4694 1776 4748 τὸν
1813 4695 1924 4748 Πα-

321 4781 462 4875 τέρα
492 4799 818 4868 δυνάμενος,
850 4791 968 4855 πῶς
1006 4789 1166 4844 αὐτὸν
1195 4788 1296 4857 οὐχ
1323 4787 1426 4858 όρᾷ
1450 4802 1465 4852 ;
1490 4785 1613 4851 Πῶς
1633 4785 1690 4840 δὲ
1729 4785 1830 4840 οὑκ
1848 4781 1926 4840 οἷ-

321 4897 412 4950 δεν
447 4895 477 4947 ὁ
500 4891 563 4958 ἐξ
589 4885 667 4944 ὧν
689 4891 839 4942 ἔστιν
865 4881 1027 4946 αὐτὸς
1045 4879 1202 4944 εἰδὼς
1229 4879 1322 4935 τὸν
1352 4878 1592 4950 Πατέρα,
1630 4878 1724 4932 καὶ
1751 4876 1924 4947 λέγων

323 4988 466 5062 πρὸς
491 4985 682 5041 αὐτόν·
740 4983 868 5036 «Τά
919 4982 1030 5054 sua
1088 4980 1267 5035 πάντα
1302 4978 1373 5032 σά
1429 4978 1567 5044 ἐστι,
1599 4977 1696 5031 καὶ⁵
1741 4977 1811 5032 τά
1859 4977 1926 5030 σὰ

325 5079 475 5150 ἐμάς
514 5095 535 5128 ι
578 5077 795 5148 Ὠσπερ
821 5070 936 5140 οὖν,
969 5075 1130 5145 εἴπερ
1163 5068 1232 5145 ἦν
1252 5070 1564 5144 ἀθεώρητος
1601 5069 1771 5140 αὐτῷ,
1801 5068 1925 5122 καθ’

326 5173 499 5244 ὑμᾶς,
533 5171 564 5223 6
592 5169 809 5240 Πατὴρ,
843 5169 944 5222 οὐκ
971 5165 1038 5221 ἂν
1065 5163 1134 5239 ἦν
1164 5164 1312 5236 αὑτῷ
1340 5164 1462 5219 κατ’
1502 5165 1690 5217 οὐσίαν
1719 5164 1925 5234 ὅμοιος,

326 5264 506 5328 οὕτως
532 5262 833 5331 ἐπειδήπερ
854 5261 956 5332 ὁρᾷ
975 5261 1070 5314 καὶ
1098 5257 1361 5329 γινώσκει
1393 5257 1482 5310 τὸν
1508 5256 1748 5326 Πατέρα,
1775 5255 1927 5309 ἔσται

329 5356 554 5418 πάντως
585 5351 739 5424 αὐτῷ
768 5352 913 5407 κατά
947 5351 1125 5406 πάντα
1181 5347 1544 5419 προσεοικὼς,
1583 5348 1676 5401 καὶ
1703 5345 1924 5417 διαψεύ-

332 5463 485 5500 σεται
515 5445 685 5500 πάλιν
719 5446 820 5512 τῆς
853 5443 985 5515 παρ’
1015 5441 1169 5515 ὑμῶν
1194 5439 1560 5509 συκοφαντίας
1583 5441 1610 5492 6
1641 5438 1816 5506 λόγος.

560 5555 973 5625 Ἁνθυποφορὰ
1011 5555 1091 5622 ώς
1128 5555 1196 5608 ἐκ
1234 5553 1353 5609 τῶν
1386 5549 1711 5620 αἱρετικῶν.

402 5670 562 5724 Κατά
588 5667 774 5733 τοῦτο,
811 5666 970 5736 φασὶ,
999 5666 1158 5720 μόνον
1189 5665 1376 5736 ὅμοιον
1398 5658 1540 5718 εἶναι
1571 5661 1816 5731 δώσομεν
1838 5658 1928 5712 τὸν

2043 4702 2229 4759 videt?
2255 4702 2362 4756 Aut
2384 4697 2658 4770 quomodo
2697 4710 2802 4750 non
2833 4693 3085 4763 cognovit
3144 4691 3234 4758 qtti
3273 4704 3340 4744 ex
3373 4702 3482 4756 quo
3534 4696 3618 4741 est

2041 4795 2157 4865 ipse
2211 4791 2366 4848 novit
2418 4789 2675 4851 Patrem,
2736 4784 2939 4854 quique
2999 4782 3066 4834 ad
3121 4779 3340 4834 Patrem
3426 4777 3554 4833 dicit
3598 4796 3612 4832 :

2049 4906 2068 4938 ι
2105 4886 2297 4942 Omnia
2333 4897 2451 4937 mea
2488 4891 2576 4935 tua
2601 4887 2750 4942 sunt,
2783 4886 2832 4932 et
2871 4887 2960 4928 tua
3016 4889 3132 4927 mea
3164 4872 3253 4926 ὀἳ
3287 4890 3307 4922 ι
3341 4869 3614 4938 Quemad-

2037 4979 2252 5032 modum
2297 4973 2482 5041 igitur,
2511 4969 2557 5024 si
2585 4983 2616 5023 tt
2639 4965 2780 5023 Filio
2809 4963 2979 5020 videri
3016 4978 3124 5019 non
3165 4967 3368 5032 posset,
3426 4969 3484 5011 ut
3513 4973 3612 5012 vos

2033 5065 2354 5138 opinamini,
2381 5061 2575 5120 similis
2605 5059 2858 5116 essentia:
2892 5071 3014 5111 cum
3060 5069 3125 5109 eo
3155 5069 3260 5107 non
3315 5057 3456 5104 esset
3485 5066 3500 5104 :
3543 5048 3616 5102 ita

2036 5175 2160 5216 cum
2189 5159 2367 5212 videat
2389 5165 2444 5212 et
2475 5161 2767 5223 cognoscat
2802 5149 3042 5210 Patrem,
3063 5143 3263 5201 similis
3309 5141 3470 5195 etiam
3521 5155 3619 5210 per

2035 5251 2219 5307 omnia
2253 5250 2329 5303 illi
2368 5248 2549 5313 fuerit,
2585 5244 3110 5308 ntcntlacissituaque
3135 5238 3236 5292 erit
3277 5244 3459 5289 vestra
3518 5248 3609 5288 cao

2037 5344 2261 5396 ltttnnia.

2253 5537 2415 5608 138
2451 5534 2686 5604 Objectio
2717 5530 2974 5600 replicans
3016 5525 3402 5582 hereticorum.

2109 5650 2186 5706 Eo
2205 5659 2412 5705 tantum
2449 5646 2631 5712 modo,
2662 5651 2932 5714 tnqutunt,
2969 5638 3201 5696 similem
3249 5650 3372 5693 esse
3421 5631 3616 5687 Filium

405 5816 449 5846 "
480 5812 643 5869 Joan.
686 5828 724 5878 t,
763 5812 850 5866 18.
929 5809 1150 5865 "Joan.
1191 5825 1301 5876 κεν,
1332 5809 1386 5864 9.
1461 5808 1548 5862 "l
1584 5811 1708 5862 Cor.
1742 5823 1802 5872 tt,
1846 5802 1934 5858 ll.
2013 5797 2057 5830 ⁸⁸
2081 5793 2237 5849 Joan.
2273 5809 2326 5858 κ,
2367 5793 2445 5845 l5.
2525 5791 2568 5822 "
2598 5788 2788 5842 Matth.
2832 5803 2908 5854 XI,
2947 5786 3038 5840 27.
3118 5785 3162 5816 ⁸⁸
3187 5781 3341 5838 Joan.
3368 5775 3608 5840 xrn,l0.
