3996 6418
369 353 461 408 2'51
1405 346 1462 402 S.
1506 346 1780 401 CYlilLlJ
1818 342 2289 399 ALEXANDRINI
2338 343 2656 399 AllClilEi‘.

3541 346 3652 399 93?.

368 463 511 518 νειμ-ἰ
537 461 915 524 concedimus,
952 470 1226 530 quatenus
1252 458 1458 512 affatim
1492 460 1663 528 ipsius
1685 458 1956 528 partireps

2067 460 2192 512 Υἱον
2222 459 2299 530 τῷ
2336 460 2534 531 "arpi,
2560 459 2697 512 καθὸ
2742 457 3014 522 πλουσίως
3046 458 3210 513 αὐτοῦ
3260 459 3571 531 μετεσχηκὸ
3593 479 3640 530 ς,

368 554 591 611 rtl'ectus
625 564 709 610 est
746 552 1152 623 quodaminodo
1196 561 1249 605 et
1337 552 1605 606 formatus
1632 550 1701 605 ad
1754 552 1952 621 ipsum.

368 646 834 714 Quemadmodum
860 655 917 701 et
952 659 1072 706 nos,
1106 651 1371 711 quantum
1400 642 1660 711 possibile
1715 652 1800 697 est
1853 644 1957 697 bo-

370 741 630 804 tuittibus,
663 740 861 793 divina:
888 749 1095 790 naturae
1117 734 1407 805 participes
1422 733 1621 799 ell'ecti,
1652 739 1793 790 sicut
1816 736 1955 790 scri-

370 845 518 903 ptum
548 844 629 886 est
661 830 726 894 ⁸¹,
771 829 1063 899 imaginem
1096 827 1336 882 cmlestis
1364 827 1677 897 accepimus
1709 829 1778 893 ",
1813 839 1868 884 et
1890 829 1957 883 ad

368 926 583 980 divinos
608 922 1010 993 quodammodo
1048 921 1397 976 characteres
1432 918 1760 976 formantur.

894 1139 1107 1195 .‘Lolutio
1134 1136 1459 1206 objeclionis.

436 1274 507 1328 At
537 1272 812 1343 quisnam,
856 1272 1112 1339 obsecro,
1146 1273 1238 1343 qui
1270 1288 1458 1326 sacras
1516 1270 1828 1340 Scripturas
1884 1271 1961 1327 lc-

366 1370 529 1438 gerit,
555 1376 760 1422 lautam
799 1377 1041 1420 vestram
1102 1366 1475 1435 nugacitatem
1532 1363 1710 1418 ferat?
1767 1365 1957 1418 Divina

365 1461 509 1513 enim
537 1457 745 1529 Scripta
777 1459 1074 1526 pradicant
1111 1474 1215 1512 non
1253 1474 1380 1513 esse
1414 1468 1662 1513 recentcr
1712 1464 1876 1513 Deum
1905 1459 1956 1513 itt

368 1553 557 1616 nobis;
594 1567 691 1606 vos
727 1558 907 1604 autem
939 1550 1005 1604 iis
1037 1551 1128 1619 qui
1165 1568 1195 1605 e
1225 1550 1434 1621 Spiritu
1467 1551 1763 1621 loquuntur
1791 1561 1960 1605 teme-

375 1645 519 1696 rarie
544 1643 909 1707 oblite-tantes,
943 1652 1218 1697 recentem
1243 1643 1422 1708 nobis,
1452 1654 1636 1712 alque,
1681 1652 1739 1696 ut
1772 1643 1845 1696 ita
1872 1642 1957 1697 (ιι-

367 1750 510 1799 ram,
548 1750 718 1805 nuper
742 1735 939 1789 factum
1002 1735 1169 1789 Deum
1233 1736 1390 1791 nobis
1441 1745 1809 1806 proponentes
1845 1751 1953 1792 non

2058 552 2358 622 πεποίηται
2384 552 2586 621 τρόπον
2616 551 2738 604 τινα
2784 552 2881 603 καὶ
2912 550 3272 622 μεμόρφωται
3300 552 3435 621 πρὸς
3463 553 3652 607 αὐτόν.

2059 643 2273 714 ’Ὠσπερ
2294 639 2388 697 οὖν
2422 644 2516 695 καὶ
2539 644 2723 714 ἡμεῖς,
2757 642 2899 695 κατα
2933 642 2996 695 τὸ
3048 643 3273 712 ἐφικτὸν
3303 643 3620 716 ἀνθρώποις
3641 686 3655 708 ,

2058 736 2308 789 κοινωνοὶ
2348 736 2448 806 τῆς
2507 734 2659 798 θείας
2713 734 2997 804 γενόμενοι
3048 734 3299 804 φύσεως,
3341 734 3523 800 καθὼς
3562 739 3655 807 γέ-

2059 842 2322 896 γραπται,
2355 828 2454 897 τὴν
2510 826 2696 880 είκόνα
2744 824 2841 878 τοῦ
2891 826 3217 898 ἐπουρανίου
3262 826 3653 898 λαμϐάνομεν,

2059 913 2324 985 καὶπρὸς
2383 916 2508 978 τοὺς
2550 913 2731 978 θείους
2771 913 2967 986 ὥσπερ
3011 918 3373 989 χαρακτῆρας
3409 918 3653 990 μορφοῦ-

2061 1005 2223 1076 μεθα.

2555 1143 2714 1211 Πρὸς
2737 1144 2922 1200 ταῦτα
2942 1116 3150 1213 λύσιος

2131 1274 2241 1326 Καὶ
2259 1272 2345 1337 τίς
2375 1273 2462 1340 ἂν,
2490 1276 2611 1330 εἰπέ
2642 1293 2755 1346 μοι,
2782 1277 2891 1331 τῶν
2948 1279 3047 1343 τὰς
3073 1279 3225 1344 θείας
3258 1280 3649 1351 ἀνεγνωκότων

2058 1366 2306 1437 Γραφὰς,
2338 1368 2435 1438 τῆς
2483 1369 2755 1440 τοσαύτης
2816 1369 2972 1441 ὑμῶν
3014 1371 3285 1444 φλυαρίας
3318 1374 3649 1445 ἁνὰσχοιτος

2060 1457 2124 1508 Oi
2161 1456 2260 1527 μὲν
2288 1457 2399 1529 γὰρ
2445 1457 2579 1512 (idat.
2618 1460 2952 1531 κηρύττουσι
2987 1460 3139 1530 λόγοι
3197 1464 3510 1536 πρόσφατον
3547 1468 3651 1524 οὐκ

2059 1550 2202 1604 εἶναι
2231 1549 2364 1605 Θεὸν
2395 1551 2453 1605 ὲν
2482 1553 2636 1623 ἡμῖν,
2666 1553 2828 1623 ὑμεῖς
2850 1554 2908 1608 δὲ
2946 1556 3059 1618 τοῖς
3083 1556 3194 1610 ἀπὸ
3220 1556 3314 1610 τοῦ
3333 1557 3652 1631 Πνεύματος

2058 1642 2412 1714 λαλουμένοις
2447 1643 2839 1716 ῥιψοκινδύνως
2877 1646 3299 1712 ἀντιτείνοντες,
3336 1650 3652 1721 πρόσφατον

2058 1734 2214 1805 ἡμῖν,
2252 1733 2347 1786 καὶ
2376 1733 2442 1786 ἵν’
2481 1732 2656 1797 οὕτως
2693 1733 2958 1805 εἴπωμεν,
3008 1735 3269 1810 ἀρτιγενῆ
3301 1734 3435 1790 Θεὸν
3467 1738 3654 1805 εἰσφέ-

366 1828 710 1880 erubescitis.
733 1824 886 1892 Quod
917 1826 1061 1880 enim
1091 1828 1592 1883 communicatione
1645 1838 1701 1883 et
1734 1827 1957 1897 partici-

2066 1841 2249 1897 ροντες
2274 1825 2366 1880 τὸν
2397 1825 2528 1879 Υίδν
2555 1827 2656 1880 οὐκ
2676 1826 3023 1897 αίσχύνεσθε.
3052 1828 3128 1881 Τὸ
3176 1827 3285 1900 γὰρ
3319 1829 3384 1882 ὲκ
3416 1830 3653 1900 μετοχῆς

368 1918 588 1986 patione
611 1918 849 1985 deitatis,
869 1918 941 1973 ad
975 1918 1117 1971 illam
1144 1918 1545 1987 quodammodo
1578 1918 1852 1990 eliiugitur
1877 1929 1959 1975 at-

366 2027 475 2080 que
496 2009 786 2073 fortnatur,
823 2010 1182 2065 adventiliunt
1199 2020 1363 2081 atque
1377 2012 1699 2081 acquisitum
1720 2011 1884 2067 habet
1905 2011 1959 2067 id

377 2107 526 2171 quod
562 2104 614 2158 ei
653 2117 749 2170 per
766 2103 1241 2173 participationem
1294 2104 1454 2159 inest.
1504 2105 1660 2172 Quod
1706 2120 1833 2161 vero
1861 2105 1961 2159 ali-

365 2193 494 2261 quid
526 2193 764 2262 accepit,
799 2207 1022 2248 necesse
1039 2202 1121 2246 est
1151 2193 1331 2258 fateri,
1357 2210 1424 2249 ex
1455 2208 1521 2249 eo
1544 2194 1686 2263 quod
1713 2195 1780 2250 ab
1806 2196 1960 2249 initio

366 2300 472 2337 non
501 2285 571 2338 ita
603 2293 744 2348 eral,
778 2285 842 2337 ad
873 2283 1017 2338 aliud
1055 2282 1331 2350 quidpiam
1359 2282 1669 2338 transferri.
1704 2283 1821 2339 Hoc
1853 2300 1956 2338 att-

366 2387 475 2431 tem
506 2375 763 2432 accidens
786 2383 890 2431 est.
924 2374 1285 2444 Atquomodo
1316 2391 1422 2429 non
1453 2376 1522 2430 sit
1549 2376 1763 2431 facilius
1793 2376 1957 2430 amit-

367 2477 480 2521 tere
509 2467 559 2521 id
588 2468 732 2536 quod
760 2467 884 2536 quis
934 2466 1187 2536 accepit?
1216 2466 1349 2521 Nam
1392 2469 1535 2537 quod
1595 2469 1784 2523 datum
1847 2477 1955 2533 est,

365 2560 530 2613 adiuti
564 2559 729 2613 etiam
764 2570 939 2628 potest
967 2576 982 2613 ε
1010 2568 1065 2613 et
1094 2559 1239 2628 quod
1273 2560 1599 2630 acquisitnm
1644 2568 1746 2625 est,
1781 2569 1961 2632 potest

365 2668 582 2721 quoque
617 2653 815 2705 amitti.
855 2652 962 2705 Aut
989 2652 1157 2721 igitur
1180 2652 1366 2707 dicant
1416 2650 1612 2707 Filium
1653 2668 1815 2721 posse
1859 2669 1957 2710 ex-

365 2746 548 2799 cidere
572 2759 639 2799 ex
675 2760 741 2798 eo
773 2745 916 2814 quod
949 2744 1020 2798 sit
1045 2743 1208 2808 Deus,
1249 2755 1303 2798 et
1331 2744 1612 2812 Dominus,
1643 2754 1699 2799 et
1746 2741 1954 2801 Filius:

365 2848 460 2891 aut
484 2838 528 2890 si
555 2839 605 2890 id
631 2837 814 2891 dicere
844 2843 1126 2902 verentur,
1166 2837 1461 2905 potiusque
1489 2835 1807 2892 fatebuntur
1833 2836 1958 2894 Filii

366 2928 619 2982 essentia:
642 2927 848 2981 nullam
884 2927 1167 2983 felicitatis
1208 2929 1648 2986 immutationem
1711 2932 1961 2987 accidere

367 3041 547 3096 posse,
576 3027 850 3093 deponant
876 3026 1043 3081 etiam
1078 3025 1228 3080 illam
1251 3027 1561 3097 opinionem
1584 3029 1729 3097 quod
1749 3043 1812 3083 ex
1832 3042 1960 3096 par-

2064 1914 2161 1969 καὶ
2201 1914 2562 1986 μεταλήψεως
2602 1915 2701 1987 τῆς
2739 1918 2871 1988 περὶ
2904 1916 2965 1971 τὸ
2998 1916 3143 1971 θεῖον
3192 1918 3269 1983 ὡς
3308 1918 3447 1990 πρὸς
3486 1920 3653 1974 αὐτὸν

2061 2006 2433 2078 πεποιημένον
2469 2024 2530 2060 τε
2560 2006 2655 2061 καὶ
2713 2010 3171 2080 μεμορφωμένον,
3208 2008 3506 2080 ἐπίκτητον
3536 2011 3652 2082 ἔχει

2061 2100 2157 2152 καὶ
2187 2100 2557 2170 προσγεγονὸς
2607 2097 2755 2153 τοῦθ’
2792 2100 2929 2172 ὅπερ
2968 2100 3035 2155 ἂν
3078 2099 3227 2172 αύτῷ
3262 2100 3351 2154 διὰ
3379 2101 3478 2172 τῆς
3524 2119 3656 2173 μετ-

2058 2193 2190 2263 οχῆς
2223 2190 2545 2263 ὲνυπάρξαι.
2575 2191 2647 2245 Τὸ
2684 2191 2741 2245 δέ
2770 2210 2824 2246 τι
2861 2191 3249 2264 προσειληφὸς,
3283 2194 3496 2266 ἀνάγκη
3533 2211 3655 2248 συνο

2061 2282 2368 2354 ομολογεῖν,
2402 2285 2465 2336 ἐκ
2497 2282 2592 2336 τοῦ
2635 2283 2710 2355 μὴ
2748 2284 2923 2349 οὕτως
2954 2283 3169 2355 ἔχοντος
3202 2284 3261 2350 ἐξ
3299 2286 3473 2359 ἀρχῆς
3497 2326 3511 2349 ,
3569 2289 3651 2352 είς

2062 2376 2251 2448 ἕτερόν
2304 2392 2359 2429 τι
2392 2379 2756 2450 μεταχωρεῖν.
2792 2377 2963 2431 Τοῦτο
3000 2377 3056 2432 δέ
3095 2378 3211 2431 ἐστι
3278 2378 3648 2450 συμϐεϐηκός.

2061 2467 2170 2521 Καὶ
2201 2466 2319 2531 πῶς
2349 2468 2410 2520 ού
2444 2467 2631 2540 ῥᾴδιον
2689 2467 3007 2537 ἀποϐαλεῖν,
3036 2471 3174 2541 ὅπερ
3200 2471 3263 2524 ἄν
3294 2486 3377 2534 τις
3412 2470 3652 2542 προσλά-

2061 2559 2185 2625 ϐοι;
2244 2560 2318 2614 Τὸ
2364 2559 2472 2630 γὰρ
2513 2561 2651 2625 ὅλως
2705 2562 2880 2629 δοτὺν,
2933 2562 3029 2615 καὶ
3080 2561 3403 2633 ἀφαιρετόν·
3443 2564 3539 2619 καὶ
3589 2564 3652 2618 τὸ

2059 2652 2375 2724 ἐπίκτητον,
2433 2653 2588 2707 ἔσται
2625 2654 2827 2726 δηλαδὴ
2857 2654 2952 2709 καὶ
2984 2652 3310 2725 ἀπόϐλητον.
3354 2655 3424 2710 Ἦ
3471 2656 3654 2711 τοίνυν

2057 2743 2369 2814 λεγέτωσαν
2401 2745 2663 2801 δύνασθαι
2697 2747 3062 2817 μεταπίπτειν
3092 2748 3182 2801 τὸν
3216 2747 3345 2801 Υἱὸν
3379 2748 3443 2801 εκ
3464 2767 3522 2803 τε
3553 2749 3651 2803 τοῦ

2059 2831 2201 2890 εἶναι.
2231 2836 2389 2903 Θεὸν,
2425 2838 2519 2891 καὶ
2554 2837 2780 2910 Κύριον,
2835 2838 2934 2891 καὶ⁸
2978 2837 3126 2891 Υίόψ
3155 2838 3188 2910 ἢ
3224 2839 3273 2891 εἰ
3325 2838 3485 2892 τοῦτο
3512 2841 3655 2894 ἁπο-

2060 2929 2427 3001 ναρκήσουσιν
2465 2931 2676 2994 εἰπεῖν,
2748 2930 3171 3001 συγχωρήσουσι
3226 2929 3285 2983 δὲ
3340 2930 3541 3002 μᾶλλον
3594 2930 3655 2982 ἐν

2060 3020 2388 3091 ἀδιαπτώτῳ
2421 3021 2786 3092 μακαριότητι
2816 3020 2908 3075 τοῦ
2942 3020 3071 3077 Υἱοῦ
3124 3021 3222 3092 τὴν
3270 3020 3463 3075 οὐσίαν
3493 3022 3656 3075 ἑστα-

367 3119 683 3186 ticipatione
722 3116 899 3172 Patris
954 3118 1026 3174 sit
1079 3117 1501 3174 conformatus:
1555 3130 1611 3173 et
1656 3118 1957 3174 naturalem

2065 3131 2174 3176 ναι,
2203 3111 2681 3184 παραιτείσθωσαν
2711 3113 2885 3167 καὶτὸ
2914 3114 2981 3166 ὲκ
3013 3113 3246 3185 μετοχῆς
3271 3113 3371 3183 τῆς
3397 3113 3533 3185 πρὸς
3561 3113 3653 3166 τὸν

366 3182 530 3281 atque
546 3209 894 3265 esseutialetn
925 3211 1349 3266 similitudinem
1379 3208 1556 3267 Verbo
1580 3212 1725 3282 quod
1766 3221 1831 3265 ex
1862 3226 1953 3266 cs-

2065 3182 2714 3278 [Ιατέραῗμεμορςρῶσθαι
2762 3182 3024 3277 νομίζειν
3058 3182 3257 3261 αὐτόν*
3313 3182 3550 3276 φυσικὴν
3594 3205 3657 3259 δὲ

366 3303 537 3356 sentiat
577 3301 759 3356 Patris
786 3304 1075 3372 processit,
1106 3303 1374 3357 tribuant.

1045 3524 1274 3582 ALlUD.

436 3662 540 3729 Qui
574 3661 997 3731 participatione
1026 3663 1425 3720 Sanctificantis
1459 3665 1549 3721 Dei
1582 3667 1651 3722 ad
1683 3666 1953 3722 sanctita—

368 3763 480 3807 tt—m
505 3752 677 3805 vocati
709 3764 854 3815 sunt,
880 3754 1178 3808 sobrietate
1218 3755 1267 3807 id
1303 3757 1447 3824 quod
1478 3756 1613 3825 ipsis
1645 3757 1834 3810 datum
1869 3767 1952 3810 est

368 3846 419 3899 in
457 3860 581 3898 sese
607 3853 971 3912 conservant;
1011 3847 1302 3917 participes
1351 3863 1481 3903 Vero
1515 3849 1653 3903 alios
1685 3850 1952 3903 sanctita-

369 3937 436 3989 tis
474 3952 595 4004 quu:
622 3938 752 4006 ipsis
785 3938 953 3992 indita
976 3945 1082 4004 est,
1136 3940 1358 3996 edicere
1402 3950 1699 4011 nequeunt.
1786 3939 1957 3995 Nemo

367 4028 511 4081 enim
542 4028 857 4081 mortalium
886 4030 978 4098 qui
1018 4026 1283 4097 Spiritum
1317 4047 1381 4085 ex
1408 4032 1839 4102 participatione
1860 4048 1954 4085 ac—

368 4122 534 4187 cepit,
566 4118 689 4173 aliis
723 4119 873 4173 illum
902 4123 1253 4191 suppeditare
1302 4134 1502 4193 potest,
1565 4126 1834 4196 siquidem
1902 4130 1959 4179 et

368 4211 482 4276 ipse
506 4212 716 4281 accepit
762 4228 790 4265 a
823 4212 969 4278 Deo;
1011 4214 1111 4269 soli
1163 4224 1342 4270 autem
1404 4217 1507 4271 ltoc
1544 4218 1800 4272 convenit
1831 4231 1958 4272 san-

368 4302 577 4357 ctitatis
610 4304 767 4369 fonti,
810 4305 1162 4361 sanctitatem
1198 4307 1264 4361 iis
1298 4309 1495 4375 quibus
1543 4309 1776 4364 voluerit
1826 4323 1958 4364 con-

370 4398 532 4451 ferre.
556 4396 824 4463 Quocirca
857 4399 1034 4469 angeli
1069 4399 1233 4454 etiam
1258 4399 1512 4455 cmiestes
1538 4400 1712 4455 sancti
1741 4401 1957 4469 quidem

368 4498 517 4553 sunt,
547 4502 602 4542 et
628 4490 1033 4557 communione,
1066 4499 1123 4544 et
1154 4489 1575 4560 participatione
1630 4493 1806 4546 sancti
1841 4492 1956 4558 Dei,

2066 3300 2267 3371 μᾶλλον
2287 3302 2381 3354 καὶ
2411 3302 2645 3373 ούσιώδη
2681 3301 2782 3372 τὴν
2813 3302 3076 3372 ὁμοίωσιν
3103 3298 3540 3363 ἁποσωζέτωσαν
3574 3297 3657 3369 τῷ

2064 3396 2129 3448 ὲκ
2153 3394 2249 3463 τῆς
2286 3394 2476 3458 οὐσίας
2500 3395 2593 3448 τοῦ
2632 3394 2845 3469 Πατρὸς
2882 3392 3204 3463 προελθόντι
3233 3392 3410 3463 Λόγῳ.

2767 3529 2858 3583 ΔΛ
2866 3529 2974 3584 AD.

2135 3667 2217 3723 Τὰ
2250 3671 2313 3724 ὲκ
2346 3669 2579 3741 μετοχῆς
2600 3669 2692 3722 τοῦ
2725 3668 2972 3737 ἁγιάζειν
2992 3670 3298 3739 πεφυκότος
3329 3672 3466 3727 Θεοῦ
3515 3671 3661 3744 πρὸς

2064 3761 2334 3831 ἁγιασμόν
2367 3762 2701 3833 κεκλῃμένα,
2727 3761 2891 3827 σώζει
2927 3763 3024 3834 μὲν
3058 3762 3145 3817 διὰ
3180 3763 3395 3834 νήψεως
3428 3766 3487 3819 ὲν
3524 3766 3661 3819 ἐαυ-

2062 3854 2176 3918 τοίς
2202 3854 2263 3907 τὸ
2293 3853 2466 3917 δοθὲν,
2499 3854 2685 3926 ἕτερον
2713 3854 2771 3908 δὲ
2810 3855 3133 3925 μεταδοῦναι
3191 3856 3291 3926 τῆς
3339 3856 3663 3927 ἐντεοείσης

2063 3948 2248 4010 αὐτοῖς
2277 3947 2586 4017 ἁγιότητος,
2615 3946 2677 4000 οὐ
2706 3946 2950 4002 δύναται.
2993 3947 3183 4011 Οὐδεὶς
3207 3948 3316 4019 γὰρ
3348 3946 3660 4019 ἀνθρώπων

2064 4038 2129 4092 ὲκ
2162 4039 2402 4110 μετοχῆς
2433 4039 2494 4092 τὸ
2529 4038 2755 4111 Πνεῦμα
2784 4039 2986 4103 λαϐὼν,
3017 4042 3191 4111 ἑτέρῳ
3232 4041 3390 4095 τοῦτο
3410 4041 3662 4112 χορηγή-

2065 4147 2148 4184 σει
2174 4129 2418 4194 πὼποτε,
2456 4131 2581 4184 ἐπεὶ
2622 4131 2720 4186 καὶ
2743 4132 2907 4196 αὐτὸς
2945 4132 3271 4203 κεκόμισται
3299 4133 3450 4203 παρὰ
3476 4131 3614 4187 θεοῦ
3637 4151 3653 4163 -

2067 4223 2207 4295 μόνῃ
2239 4222 2296 4275 δὲ
2326 4223 2560 4293 ἁρμόσει
2579 4226 2646 4294 τῇ
2681 4223 2778 4294 τῆς
2821 4224 3106 4293 ἁγιότητος
3161 4228 3337 4298 πηγῇ,
3395 4228 3658 4297 χορηγεῖν

2065 4313 2126 4379 ἐξ
2153 4316 2354 4387 ἑαυτῆς
2375 4309 2458 4379 οἷς
2481 4314 2548 4369 ἂν
2574 4314 2833 4387 βούληται
2862 4317 2954 4370 τὸν
2978 4318 3271 4389 ἁγιασμόν.
3306 4318 3416 4372 Καὶ
3447 4317 3579 4388 γοῦν
3603 4320 3658 4371 0i

2068 4408 2187 4462 κατ’
2222 4406 2452 4479 οὐρανὸν
2483 4406 2637 4472 ὄντες
2668 4407 2912 4477 ἄγγελοι,
2947 4408 3094 4478 ἅγιοι
3139 4410 3241 4481 μέν
3265 4410 3403 4463 εἰσιν
3434 4412 3498 4464 ὲκ
3522 4427 3660 4481 μετ-

2065 4499 2199 4571 οχῆς
2234 4501 2329 4554 καὶ
2354 4500 2714 4571 μεταλήψεως
2750 4501 2850 4573 τῆς
2884 4501 2980 4556 τοῦ
3014 4503 3169 4572 ἁγίου
3203 4502 3361 4558 Θεοῦο
3389 4504 3661 4573 ἁγιότητα.

368 4582 718 4635 sanctitatem
753 4596 881 4636 vero
914 4581 1165 4636 conferre
1191 4581 1502 4637 [nominibus
1538 4598 1814 4653 nunquam
1855 4585 1955 4640 visi

2065 4590 2121 4642 δὲ
2176 4589 2468 4653 δεδωκότες
2537 4588 2848 4661 ἀνθρώποις
2919 4593 2979 4647 ού
3047 4592 3345 4664 φανοῦνται
3408 4593 3655 4646 πώποτε.

367 4682 516 4727 sunt.
553 4670 826 4727 Similiter
860 4681 914 4726 et
939 4670 1102 4743 139
1124 4671 1296 4728 Moses
1324 4674 1669 4744 septuaginta
1725 4676 1960 4731 seniori-

370 4763 471 4816 bus
509 4764 816 4833 praepositis
844 4764 918 4820 ob
966 4764 1335 4819 inevitabilem
1395 4766 1774 4823 necessitatem
1833 4783 1966 4824 cou-

376 4855 728 4922 gregationis,
765 4869 870 4907 non
898 4854 1045 4909 dedit
1067 4854 1188 4923 ipse
1214 4853 1474 4925 Spiritum
1503 4860 1631 4911 :scd
1673 4859 1815 4914 Deus
1840 4862 1961 4917 abs-

2077 4680 2314 4752 Ὁμοίως
2348 4682 2443 4735 καὶ
2468 4682 2499 4733 ό
2548 4682 2817 4754 μακάριος
2840 4684 3045 4756 Μωσῆς
3066 4684 3482 4757 προϐληθέντων
3510 4685 3659 4739 ἑϐδο-

2070 4773 2318 4843 μήκοντα
2350 4773 2738 4847 πρεσϐυτέρων
2769 4775 2859 4832 διὰ
2890 4778 2991 4841 τὰς
3016 4779 3427 4851 ἀπαραιτήτους
3459 4777 3656 4849 χρείας

2064 4865 2164 4935 τῆς
2194 4867 2540 4937 συναγωγῆς,
2575 4868 2677 4922 οὒκ
2723 4867 2889 4933 αὐτὸς
2917 4869 3090 4923 ἐδίδου
3133 4870 3193 4923 τὺ
3242 4868 3483 4940 Πνεῦμα,
3515 4868 3657 4922 ἁλλὰ

395 4946 540 5009 tulit,
593 4956 648 4999 ut
674 4948 938 5014 scriptum
960 4954 1046 4999 est
1078 4945 1145 5011 ⁸³,
1173 4948 1241 5000 ab
1270 4949 1446 5017 coqui
1476 4950 1527 5003 in
1555 4950 1703 5016 Most:
1732 4964 1877 5015 erat,
1911 4966 1957 5009 et

2065 4957 2199 5022 Θεὸς
2227 4960 2513 5031 ἀφῃρεῖτο,
2564 4959 2708 5015 καθὰ
2763 4961 3101 5033 γέγραπται,
3141 4962 3249 5016 ἀπὸ
3272 4962 3368 5016 τοῦ
3400 4964 3548 5026 ὄντος
3595 4964 3656 5015 ὲν

383 5036 589 5091 indidit
610 5052 732 5091 eum
765 5037 974 5091 electis.
1005 5038 1274 5104 Quoeirra
1301 5041 1391 5109 qui
1438 5057 1504 5095 ex
1548 5044 1961 5115 participatione

373 5133 550 5183 sancti
575 5139 721 5194 sunt,
747 5129 921 5200 gratia
942 5143 1061 5196 quae
1090 5129 1222 5198 ipsis
1252 5131 1374 5184 data
1427 5143 1513 5189 est
1564 5136 1665 5189 frui
1709 5148 1954 5205 possunt,

373 5220 493 5273 aliis
518 5222 734 5289 quidem
766 5219 954 5290 largiri
986 5222 1130 5273 nulla
1167 5224 1377 5279 ratione
1402 5239 1654 5295 possunt.
1688 5228 1808 5286 Filii
1869 5248 1959 5286 au-

373 5309 771 5381 temlongealia
798 5310 1032 5364 ratioest
1058 5327 1071 5363 :
1102 5326 1226 5365 nam
1266 5313 1380 5382 ipse
1423 5327 1482 5369 ut
1510 5320 1817 5376 sanctitatis
1838 5320 1958 5375 l‘ous

372 5402 670 5474 discipulos
703 5403 1088 5470 sanctiﬁcavit,
1108 5406 1332 5460 dicens:
1365 5424 1385 5458 ι
1417 5411 1661 5481 Arripite
1693 5412 1955 5482 Spiritum

371 5499 715 5555 sanctum“.
746 5501 1020 5573 tldipsum
1075 5518 1239 5575 porro
1291 5505 1448 5560 Pater
1496 5506 1659 5561 etiam
1697 5517 1959 5578 prtestare

373 5589 671 5650 invenitur.
741 5592 845 5659 Qui
914 5609 1045 5652 vero
1113 5599 1359 5652 eamdem
1438 5611 1563 5653 cum
1628 5596 1790 5653 Patre
1862 5601 1959 5654 Ita-

2066 5051 2236 5120 αὐτῷ,
2274 5052 2368 5104 καὶ
2418 5053 2648 5108 ἐνετίθει
2681 5056 2792 5119 τοῖς
2839 5054 3402 5128 προκεχειρισμένως.
3440 5054 3654 5108 Οὐκοῦν

2061 5146 2174 5207 τοίς
2216 5146 2280 5197 ὲκ
2321 5146 2557 5217 μετοχῆς
2611 5147 2810 5216 ἁγίοις,
2862 5150 3053 5220 φορεῖν
3105 5147 3206 5219 μὲν
3232 5148 3410 5215 ἔξεστι
3434 5147 3534 5219 τὴν
3565 5146 3656 5201 δ’)⁴

2062 5235 2248 5289 θεῖσαν
2273 5238 2382 5290 ἀπὸ
2401 5238 2538 5292 Θεοῦ
2574 5241 2756 5309 χάριν·
2780 5240 2984 5294 διδόναι
3021 5239 3080 5294 δὲ
3105 5241 3336 5311 ἑτέροις,
3375 5239 3653 5310 οὐδαμῶς.

2072 5324 2133 5377 ὐ
2170 5328 2228 5381 δὲ
2258 5327 2409 5394 Υἱὸς,
2438 5329 2537 5400 οὐχ
2560 5328 2756 5395 οὕτως·
2788 5331 2866 5395 ὡς
2895 5330 3005 5402 γὰρ
3043 5330 3333 5402 ἁγιότητος
3387 5330 3654 5402 ὑπάρχων

2062 5418 2215 5489 πηγὴ
2247 5418 2372 5482 τοὺς
2400 5419 2653 5491 μαθητὰς
2674 5421 2914 5490 ἁγιάζει.
2932 5421 3125 5489 λέγων’
3151 5441 3171 5473 ι
3200 5421 3409 5476 Λάϐετε
3428 5420 3659 5491 Πνεῦμα

2063 5508 2240 5576 ἅγιον.
2276 5529 2296 5561 ι
2343 5510 2516 5565 Τοῦτο
2545 5511 2604 5566 δὲ
2665 5513 2837 5567 ποιῶν
2892 5513 2988 5567 καὶ
3017 5514 3046 5565 ό
3080 5512 3266 5584 Πατὴρ
3319 5512 3589 5582 φαίνεται·
3627 5515 3657 5566 ό

2061 5600 2115 5654 δὲ
2151 5601 2250 5670 τὴν
2281 5602 2404 5673 ἴσην
2430 5604 2573 5675 ἔχων
2628 5605 2708 5675 τῷ
2761 5608 2937 5678 Πατρὶ
2990 5605 3132 5660 κατὰ
3157 5607 3255 5678 τὴν
3285 5604 3379 5660 τοῦ
3406 5605 3657 5675 ἀγάζειν

333 5808 342 5851 ,
439 5765 489 5797 ⁴’
515 5762 729 5824 ltPelr.
764 5782 804 5834 ι,
840 5769 892 5823 4.
970 5768 1049 5823 ⁸Ἰ
1079 5770 1205 5827 Cor.
1230 5784 1321 5835 sv,
1354 5773 1441 5828 49.
1522 5771 1743 5830 “Nam.
1781 5792 1857 5841 ει,
1886 5775 1956 5830 25

2081 5777 2236 5836 Joan.
2271 5797 2361 5849 xx,
2387 5779 2478 5837 22.

401 5904 411 5910 ι
432 5904 487 5914 δ.
