3996 6414
498 409 606 464 255

1530 389 1586 442 S.
1629 380 1900 442 CYRILLI
1938 377 2409 436 ALEXANDHINI
2450 377 2767 465 ARCHIEP.

3652 374 3761 429 9'56

497 534 670 590 stunt,
702 538 805 578 non
842 527 1022 575 autem
1064 516 1143 570 iis
1198 525 1319 582 qua:
1380 523 1485 562 non
1573 505 1840 560 exsistunt
1908 502 2078 571 magis

2199 501 2239 552 ὠ
2267 502 2378 561 τοῖς
2412 500 2484 569 μὴ
2519 495 2637 552 οὖσι
2665 495 2914 566 δέχεσθαί
2969 513 3019 548 τι
3057 494 3523 565 πρεπωδέστερον,
3563 492 3766 561 συνθη-

496 617 787 672 conveniat
814 611 1014 680 aliquid
1044 606 1316 674 accipere,
1342 615 1440 655 nos
1480 599 1646 652 etiam
1699 596 2068 652 concedimus.

498 707 766 764 Caeterum
793 703 920 757 illud
946 713 1088 754 nunc
1107 707 1330 750 necesse
1351 701 1438 746 est
1455 690 1658 755 dicere,
1683 687 1826 757 quod
1854 687 1906 741 id
1933 687 2076 755 quod

498 798 695 867 accipit
721 794 922 863 aliquid
968 791 1034 845 ab
1057 788 1186 853 alio,
1240 797 1500 855 tanquam
1529 797 1635 837 non
1669 779 1878 835 habens
1928 778 2075 833 acci-

497 895 595 962 pit.
619 891 676 947 Si
705 904 832 956 ergo
851 887 1015 941 Pater
1052 881 1274 952 quidem
1334 880 1499 933 habet
1551 879 1676 940 hoc,
1725 883 1785 929 ut
1855 873 1926 928 sit
1969 874 2077 927 vita

498 981 790 1038 secundum
843 976 1164 1037 essentiam,
1203 971 1300 1027 dat
1350 985 1481 1025 vero
1521 967 1571 1022 id
1603 966 1764 1027 Filio,
1823 966 2079 1018 nimirum

496 1085 556 1128 ut
589 1089 694 1127 non
718 1069 936 1125 habenti
966 1083 979 1119 :
1014 1081 1122 1137 quo
1155 1073 1312 1134 pacto
1330 1062 1496 1132 igitur
1523 1061 1629 1115 erit
1664 1057 1874 1113 ratione
1898 1071 2082 1112 essen-

497 1167 586 1220 tiae
611 1162 809 1218 similis
833 1161 905 1224 ei,
935 1160 1002 1215 ab
1030 1175 1094 1214 eo
1122 1154 1395 1225 accipiens
1413 1152 1565 1223 quod
1591 1152 1820 1222 ipsemet
1850 1164 1957 1206 non
1981 1149 2078 1202 ha-

498 1255 622 1310 bet?

1016 1359 1223 1415 Salutio
1251 1354 1582 1427 objectiom’s.

563 1475 886 1548 lnquirenda
908 1483 992 1529 est
1017 1482 1273 1529 accurate
1303 1470 1436 1525 dicti
1479 1469 1651 1538 ipsius
1678 1467 1754 1522 de‘
1807 1479 1915 1534 quo
1968 1463 2083 1532 agi-

500 1589 640 1638 mus,
671 1587 704 1626 o
737 1569 887 1634 boni,
914 1568 1207 1630 sententia,
1235 1580 1300 1620 ac
1335 1574 1447 1618 tum
1476 1559 1706 1618 rationis
1729 1558 1838 1613 vim
1876 1555 2086 1611 videbi—

499 1681 641 1720 mus.
678 1666 720 1716 A
745 1661 903 1716 nobis
931 1659 1080 1713 enim
1111 1665 1302 1712 contra
1327 1653 1581 1709 audietis.
1617 1650 1674 1706 Si
1699 1650 1778 1704 sic
1808 1648 1974 1702 habet
2005 1647 2085 1700 vi-

503 1765 610 1809 tam
645 1752 814 1806 Filius
862 1746 1315 1819 quemadmodum
1359 1754 1414 1798 et
1483 1742 1666 1807 Pater,
1724 1737 1836 1794 hoc
1865 1747 1970 1802 est,
2033 1738 2085 1790 in

505 1850 703 1917 seipso,
736 1862 834 1916 per
865 1845 1008 1914 quod
1042 1841 1385 1913 signiﬁcatur
1413 1835 1799 1898 essentialiter,
1839 1834 1968 1903 quid
1997 1835 2088 1888 ob-

505 1941 671 1995 stabit
699 1937 989 2008 quominus
1020 1947 1141 2003 quae
1169 1930 1422 1988 similiter
1460 1944 1520 1984 se
1567 1930 1790 1990 habent,
1843 1926 2083 1994 eiusdem

507 2046 722 2101 quoque
751 2029 862 2084 sint
887 2024 1243 2083 substantiae?
1272 2023 1330 2078 Si
1358 2023 1504 2078 enim
1530 2022 1694 2076 Pater
1727 2020 1891 2074 habet
1917 2018 2085 2072 vitam

502 2124 554 2176 in
602 2122 800 2192 seipso,
829 2129 883 2174 et
903 2118 1075 2174 Filius
1108 2116 1345 2172 vicissim
1377 2114 1545 2168 vitam
1583 2112 1636 2166 in
1671 2112 1851 2182 seipso
1903 2109 2085 2176 habet,

412 2219 416 2222 ’
504 2230 609 2268 non
640 2228 739 2282 per
771 2211 1153 2281 adiectionem,
1188 2217 1245 2261 ut
1275 2222 1372 2262 vos
1403 2203 1726 2272 opinamini,
1795 2201 1900 2256 crit
1921 2202 2086 2256 etiam

502 2304 652 2360 Patri
681 2305 980 2358 secundum
1008 2299 1305 2353 essentiam
1343 2295 1592 2364 mqualis,
1627 2295 1720 2362 qui
1745 2293 1933 2348 eodem
1968 2305 2087 2346 mo-

506 2399 573 2453 do
615 2397 783 2451 vitam
810 2394 973 2448 habet
997 2401 1158 2460 atque
1196 2385 1306 2453 ille,
1337 2400 1517 2443 etnon
1551 2382 1731 2439 aliter.

1214 2522 1450 2579 ALIUD.

574 2645 632 2700 Si
662 2641 828 2697 Filius
866 2647 1075 2696 nonest
1112 2636 1222 2692 vita
1259 2633 1558 2691 secundum
1611 2639 1884 2695 naturam,
1927 2626 2082 2699 141

507 2753 616 2808 quo
649 2744 808 2804 pacto
840 2746 968 2785 vere
997 2730 1128 2784 dicit
1163 2747 1177 2782 :
1211 2746 1232 2780 ‹
1269 2727 1372 2794 Qui
1392 2724 1564 2781 credit
1617 2723 1668 2776 in
1695 2735 1801 2786 me,
1828 2720 1991 2774 habet
2014 2719 2090 2772 vi-

509 2843 616 2887 tam
642 2840 899 2884 aeternam
927 2825 1012 2877 6"?
1066 2841 1085 2873 ι
1148 2820 1214 2874 Ει
1240 2831 1428 2872 rursus
1449 2834 1474 2879 ε,
1516 2834 1533 2866 ‹
1573 2813 1712 2869 Oves
1753 2825 1886 2866 mea:
1903 2823 2090 2864 vocem

479 2936 686 2982 meam
723 2918 948 2974 audiunt
977 2914 1052 2980 “;
1089 2931 1106 2965 ι
1145 2921 1199 2968 et
1233 2928 1247 2966 :
1288 2929 1306 2962 ι
1336 2909 1444 2980 Ego
1471 2909 1537 2963 do
1569 2905 1699 2975 ipsis
1743 2904 1906 2958 vitam
1935 2909 2091 2955 aeter-

512 3027 668 3077 nam;
703 3027 723 3061 ι
757 3018 810 3063 et
843 3019 1032 3061 rursus
1079 3024 1091 3058 :
1134 3021 1152 3053 ι
1194 3001 1296 3068 Qui
1329 2999 1502 3054 credit
1536 2998 1588 3052 in
1621 3009 1728 3059 me,
1766 3007 1873 3048 non
1906 2999 2092 3062 gusta—

514 3106 592 3160 bit
623 3073 853 3157 mortem
887 3099 938 3151 in
971 3106 1234 3150 aeternum
1258 3092 1328 3144 “.
1369 3108 1386 3141 ι
1416 3087 1714 3158 Oportebat
1751 3083 1895 3138 enim
1947 3081 2096 3136 dice-
2136 3073 2140 3078 ’

513 3212 605 3252 re:
634 3194 735 3261 Qui
773 3189 945 3246 credit
971 3188 1023 3241 in
1053 3199 1162 3248 me,
1197 3181 1429 3251 accipiet
1491 3179 1680 3242 vitam,
1731 3187 1893 3244 quam
1948 3171 2094 3226 dedit

513 3289 642 3344 mihi
679 3285 856 3338 Pater.
893 3281 1060 3334 Item:
1087 3275 1222 3330 Eum
1254 3273 1346 3343 qui
1394 3268 1690 3326 crediderit
1720 3267 1771 3320 in
1821 3278 1928 3331 me,
1984 3275 2090 3317 non

512 3379 655 3434 sinet
691 3376 850 3429 Pater
881 3379 1101 3442 gustare
1135 3377 1385 3421 mortem.
1420 3362 1477 3417 Si
1509 3375 1640 3416 vero
1671 3359 1722 3414 id
1756 3373 1864 3412 non
1894 3355 2095 3410 dixisse

511 3471 776 3529 cernitur,
811 3466 905 3520 sed
939 3460 1204 3534 promittit
1267 3471 1328 3513 se
1391 3456 1647 3511 daturum
1709 3451 1777 3506 iis
1823 3449 1915 3519 qui
1968 3461 2093 3503 cre-

513 3565 645 3616 dunt
673 3560 726 3613 in
746 3559 920 3627 ipsum
957 3554 1122 3607 vitam
1155 3564 1277 3619 quae
1306 3546 1630 3604 naturaliter
1655 3552 1710 3598 et
1728 3538 2096 3596 essentialiter

515 3654 620 3708 sibi
663 3637 764 3720 ipsi
800 3650 962 3711 inest,
1027 3642 1300 3714 quomodo
1330 3637 1556 3707 intelligi
1592 3642 1768 3705 potest
1795 3630 1990 3685 Filium
2020 3629 2099 3682 vi¢

516 3758 624 3801 tam
679 3758 786 3799 non
845 3740 1132 3795 habentem
1187 3748 1305 3791 eam
1353 3747 1382 3786 a
1427 3731 1589 3785 Patre
1621 3723 1932 3796 accepisse?
1986 3720 2099 3776 Hoc

513 3839 658 3893 enim
699 3835 889 3906 quavis
913 3827 1244 3901 blasphemia
1272 3823 1492 3896 gravius
1526 3828 1630 3876 est.
1666 3817 1797 3882 Sed,
1847 3824 1906 3869 ut
1939 3813 2099 3868 modo

514 3932 713 3987 dictum
740 3915 1151 3996 est,procedens
1173 3935 1239 3975 ex
1261 3918 1446 3982 Patre,
1465 3912 1644 3970 omnia
1671 3924 1788 3980 quae
1816 3907 1959 3963 illius
1975 3912 2102 3968 sunt

514 4023 673 4080 simul
694 4020 986 4077 secundum
1016 4025 1270 4072 naturam
1293 4023 1477 4065 secum
1503 4006 1659 4062 all‘ert
1678 4046 1691 4070 ,
1726 4010 1781 4058 et
1798 4015 1862 4056 ea
1893 3999 2101 4054 ratione

513 4130 617 4185 qua
695 4111 926 4181 accepit,
986 4109 1188 4163 dicitur
1248 4098 1504 4172 splendor
1559 4106 1616 4153 et
1676 4095 1854 4164 imago
1909 4091 2097 4161 ipsius.

519 4184 694 4262 Unum
728 4209 908 4258 autem
971 4212 1158 4256 eorum
1211 4208 1334 4264 qua:
1394 4190 1544 4246 Patri
1602 4190 1787 4244 insunt
1813 4184 1975 4240 etiam
2017 4189 2102 4237 est

512 4293 644 4352 Vita.

1201 4485 1431 4540 ALIUD.

2181 591 2386 662 σόμεθα
2413 592 2507 644 καὶ
2532 591 2704 643 αὐτοί.
2755 589 2894 641 Ἀλλ’
2925 590 3102 641 ἐκεῖνο
3117 587 3213 641 νῦν
3243 588 3538 654 ἀναγκαῖον
3568 588 3766 647 εἰπεῖν,

2178 685 2260 736 ὅτι
2289 683 2349 736 τὸ
2372 682 2732 753 δεχόμενον-τι
2758 681 2910 750 ποιρά
2936 697 3100 744 τινος,
3159 679 3234 742 ὼς
3263 681 3363 732 οὑκ
3395 678 3515 748 ἕχον
3546 677 3769 747 λαμϐά-

2176 794 2281 830 νει.
2310 777 2370 828 Εἰ
2403 776 2585 828 τοίνυν
2612 774 2726 844 ἔχει
2757 773 2865 843 μὲν,
2893 775 2921 826 6
2952 774 3141 844 Πατὴρ
3179 772 3239 825 τὸ
3299 767 3440 825 εἶναι
3494 771 3606 841 ζωὴ
3645 771 3772 823 κατ’

2180 869 2390 930 οὐσίαν,
2420 867 2603 920 δίδωσι
2632 866 2688 919 δὲ
2722 864 2881 918 τοῦτο
2906 865 2983 935 τῷ
3013 864 3127 935 Υἱῷ
3161 865 3238 928 ὡς
3271 864 3370 918 οὐκ
3397 865 3574 935 ἔχοντι
3606 864 3775 932 δηλα-

2181 960 2266 1030 δὴ,
2295 959 2413 1021 πῶς
2441 956 2533 1012 οὖν
2563 959 2716 1011 ἔσται
2745 959 2865 1010 κατ’
2893 957 3078 1010 οὐσίαν
3109 958 3291 1028 ὅμοιος
3324 955 3471 1027 αύτῷ
3511 956 3641 1024 παρ’
3675 957 3775 1008 αὑ-

2183 1049 2276 1102 τοῦ
2317 1050 2608 1120 δεχόμενος
2639 1051 2776 1120 ὅπερ
2801 1050 2965 1114 αὐτὸς
2991 1052 3090 1104 οὐκ
3123 1050 3272 1120 ἕχει;

2685 1334 2841 1401 Πρὸς
2868 1332 3042 1387 τοῦτο
3069 1335 3268 1401 λύσις.

2271 1445 2616 1513 Ἐξεταστέον
2649 1444 2914 1516 ἀκριϐῶς,
2964 1439 3010 1497 ὦ
3047 1445 3333 1515 βέλτιστοι,
3358 1445 3452 1499 τοῦ
3483 1447 3784 1516 προτεθέν-

2186 1556 2278 1600 τος
2316 1540 2481 1610 ῥητοῦ
2503 1540 2604 1611 τὴν
2626 1538 2887 1600 διάνοιαν,
2915 1538 3011 1590 καὶ
3041 1538 3162 1591 τότε
3189 1537 3284 1591 τοῦ
3315 1538 3473 1607 λόγου
3495 1539 3593 1609 τὴν
3617 1539 3785 1592 δύνα-

2192 1648 2286 1698 μιν
2307 1629 2574 1701 ὀψόμεθα.
2613 1628 3037 1682 Ἀντακούσεσθε
3083 1627 3192 1698 γὰρ
3233 1627 3363 1698 παρ’
3402 1627 3580 1698 ἡμῶν,
3608 1631 3657 1680 εἰ
3681 1627 3782 1680 οὖ-

2189 1739 2298 1785 τως
2327 1722 2442 1793 ἔχει
2475 1722 2576 1792 τὴν
2596 1720 2740 1790 ζωὴν
2770 1721 2799 1772 6
2823 1721 2948 1783 Υἱὸς
2977 1719 3168 1790 ὥσπερ
3191 1720 3286 1773 καὶ
3317 1721 3346 1772 6
3375 1719 3605 1789 ’Πατὴρ,
3646 1735 3782 1771 του-

2191 1813 2392 1877 τέστιν,
2427 1814 2484 1866 έν
2507 1811 2704 1882 ἐαυτῷ,
2741 1811 2807 1863 δι’
2842 1803 2903 1863 οὗ
2933 1809 2994 1863 τὸ
3022 1809 3296 1874 οὒσιωδῶς
3333 1811 3660 1882 σημαίνεται
3681 1813 3785 1876 ,τί

2118 1882 2159 1937 Β
2189 1903 2425 1956 κωλύσει
2456 1900 2523 1956 τὰ
2553 1901 2758 1972 ὁμοίως
2790 1902 3003 1971 ἔχοντα,
3029 1901 3130 1969 τῆς
3163 1901 3333 1972 αὐτῆς
3355 1898 3493 1955 εἶναι
3550 1903 3647 1955 καὶ
3684 1903 3785 1954 οὑ-

2192 1995 2346 2060 σίας;
2385 1995 2447 2076 lﬁi
2503 1994 2610 2065 γὰρ
2667 1995 2696 2045 6
2753 1994 2944 2065 Πατὴρ
2976 1994 3088 2063 ἔχει
3129 1994 3229 2063 τὴν
3285 1994 3430 2064 ζωὴν
3463 1996 3521 2046 ἐν
3575 1993 3784 2063 ἐαυτῷ,

2189 2085 2303 2155 ἔχει
2335 2086 2391 2138 δὲ
2424 2086 2585 2140 πάλιν
2617 2085 2788 2156 αὐτὴν
2813 2087 2841 2139 6
2876 2085 3004 2150 Υἱὸς
3032 2085 3090 2139 ἐν
3120 2085 3318 2156 ἐαυτῷ,
3358 2086 3460 2138 οὐκ
3497 2085 3554 2138 ἐν
3603 2102 3784 2157 προσ-

2191 2177 2366 2248 θήκης
2398 2177 2576 2248 μέρει,
2605 2177 2858 2249 καθάπερ
2886 2177 3044 2248 ὑμεῖς
3075 2195 3231 2247 φατε,
3265 2177 3417 2230 ἔσται
3448 2178 3542 2230 καὶ
3560 2177 3638 2248 τῷ
3662 2179 3786 2230 Πα-

2190 2269 2278 2337 τρὶ
2335 2266 2458 2320 κατ’
2511 2269 2700 2320 οὐσίαν
2754 2270 2900 2332 ἴσος,
2945 2270 2973 2320 6
3018 2267 3281 2331 ὡσαύτως
3327 2267 3465 2339 ἔχων
3497 2269 3595 2339 τὴν
3633 2267 3789 2339 ζωὴν

2191 2359 2383 2430 ἐκείνῳ
2406 2399 2420 2424 ,
2453 2358 2548 2413 καὶ
2586 2360 2684 2430 οὐχ
2717 2360 2939 2431 ἑτέρως.

2882 2490 3083 2547 ΑΛΛΟ.

2263 2605 2325 2659 Εἰ
2359 2618 2432 2676 μη
2464 2604 2575 2675 ζωὴ
2607 2604 2745 2656 κατὰ
2794 2603 2956 2673 φύσιν
2996 2604 3144 2656 ἐστὶν
3173 2605 3202 2656 6
3227 2603 3375 2669 Υἱὸς,
3435 2603 3551 2667 πῶς
3574 2604 3789 2675 ἐπαλη-

2193 2695 2372 2748 θεύσει
2400 2695 2596 2763 λέγων·
2638 2715 2656 2746 ι
2695 2695 2751 2748 '0
2783 2694 3055 2748 πιστεύων
3094 2696 3174 2758 εἱς
3197 2696 3318 2766 ἐμὲ,
3341 2694 3452 2765 ἔχει
3476 2695 3621 2765 ζωὴν
3644 2695 3789 2749 αἰώ-

2192 2804 2338 2850 νιονς
2366 2806 2384 2837 ι
2421 2786 2528 2838 Ka't
2555 2785 2734 2839 πάλιν·
2772 2804 2788 2836 ι
2833 2786 2916 2839 Τὰ
2945 2786 3196 2858 πρόϐατα
3244 2787 3312 2839 τὰ
3356 2787 3466 2856 ἐμὰ
3513 2786 3615 2856 τῆς
3642 2788 3790 2857 ἐμῆς

2191 2874 2379 2928 ἀκούει
2393 2874 2596 2944 φωνῆς.
2611 2891 2733 2925 ›-‹
2745 2873 2916 2942 Κάγὼ
2932 2874 3124 2945 δίδωμι
3141 2876 3322 2941 αὐτοῖς
3344 2875 3487 2946 ζωὴν
3504 2874 3747 2929 αἰώνιον.
3766 2896 3787 2927 ι

2193 2966 2302 3019 Καϊ
2332 2966 2517 3021 πάλιν·
2550 2986 2569 3018 ‹
2621 2968 2680 3020 '0
2711 2965 2982 3020 πιστεύων
3015 2967 3096 3030 εἰς
3129 2967 3232 3037 ἐμὲ
3301 2967 3362 3019 ού
3404 2969 3478 3039 μὴ
3517 2967 3790 3037 γεύσηται

2193 3057 2427 3112 θανάτου
2449 3060 2528 3122 εἰς
2561 3057 2655 3111 τὸν
2686 3058 2880 3112 αἰῶνα.
2917 3077 2936 3108 ι
2981 3057 3127 3112 Ἔδει
3184 3058 3293 3130 γὰρ
3339 3059 3554 3127 λέγειν·
3599 3061 3660 3112 '0
3690 3077 3790 3113 πι.

2196 3150 2401 3204 στεύων
2431 3153 2511 3213 εἰς
2563 3150 2662 3220 ἐμὲ
2698 3150 2926 3221 λήψεται
2955 3152 3085 3220 παρ’
3125 3151 3260 3222 ἐμοῦ
3293 3150 3455 3222 ζωὴν,
3482 3151 3549 3221 ἣν
3578 3150 3790 3204 δέδωκέ

2119 3234 2162 3293 C
2199 3260 2290 3313 μοι
2323 3245 2351 3295 6
2377 3243 2590 3314 Πατήρ.
2624 3244 2732 3296 Καὶ
2783 3243 2966 3296 πάλιν·
3030 3241 3136 3297 Τὸν
3196 3243 3280 3306 εἰς
3321 3243 3421 3313 ἐμὲ
3460 3242 3791 3297 πιστεύοντα

2195 3334 2255 3386 οὐ
2283 3332 2632 3402 συγχωρήσει
2661 3332 2691 3383 6
2723 3331 2913 3403 Πατὴρ
2965 3329 3266 3399 γεύσασθαι
3320 3329 3572 3384 θανάτου.
3631 3329 3695 3382 Εἰ
3729 3331 3792 3383 δὲ

2196 3431 2358 3485 τοῦτο
2393 3431 2493 3501 μὲν
2522 3428 2760 3500 εἰρηκὼς
2781 3430 2841 3482 οὐ
2874 3429 3256 3499 φαένεται,-ὡς
3287 3427 3343 3480 δὲ
3375 3427 3533 3496 φύσει
3554 3426 3794 3498 προσοῢο

2201 3541 2300 3578 σαν
2322 3523 2502 3594 ἑαυτῷ
2545 3522 2646 3596 τὴν
2677 3522 2843 3593 ζωὴν,
2890 3522 2984 3576 καὶ
3017 3522 3095 3586 ὡς
3131 3519 3406 3585 οὐσιωδῶς
3431 3519 3794 3590 ὑπάρχουσαν

2201 3617 2257 3667 ὲν
2283 3614 2480 3684 ἐαυτῷ,
2512 3613 2707 3666 δώσειν
2754 3615 2867 3676 τοῖς
2915 3613 2996 3677 εἰς
3023 3612 3189 3667 αὑτὸν
3241 3611 3587 3664 πιστεύουσιν
3611 3611 3795 3678 ἐπαγ-

2201 3707 2469 3775 γέλλεται,
2503 3704 2621 3769 πῶς
2656 3704 2930 3774 ἐνδέχεται
2978 3707 3120 3757 νοεῖν
3168 3704 3269 3757 οὐκ
3314 3702 3505 3773 ἔχοντα
3529 3703 3619 3757 τὸν
3653 3703 3793 3756 Υἱὸν

2202 3802 2483 3872 εἰληφέναι
2511 3800 2717 3871 ταύτην
2733 3799 2883 3870 παρὰ
2907 3797 3002 3852 τοῦ
3034 3797 3282 3868 Πατρός;
3317 3796 3428 3850 Καὶ
3467 3795 3575 3868 γὰρ
3608 3796 3676 3850 ἂν
3697 3798 3791 3867 εἴη

2203 3894 2383 3964 πάσης
2411 3892 2668 3946 ἐπέκεινα
2698 3891 3010 3962 δυσφημίας
3059 3889 3219 3944 τοῦτό
3272 3906 3358 3958 γε.
3401 3889 3566 3952 Ἀλλ’,
3595 3887 3794 3960 ὥσπερ

2201 3989 2302 4059 ἤδη
2344 3986 2685 4058 προείρηται,
2709 3985 2987 4057 προελθὼν
3018 3985 3080 4037 ὲκ
3122 3984 3355 4056 Πατρὸς,
3392 3983 3566 4038 πάντα
3586 3981 3656 4036 τὰ
3683 3983 3794 4036 αὐ-

2201 4079 2296 4134 τοῦ
2330 4078 2656 4148 κατὰφύσιν
2717 4078 3004 4147 ἐπάγεται,
3060 4075 3156 4130 καὶ
3203 4075 3281 4139 ὡς
3321 4073 3579 4147 εἰληφὼς,
3643 4075 3794 4128 κατὰ

2201 4170 2360 4225 τοῦτο
2393 4171 2614 4236 νοεῖται,
2665 4169 2760 4222 καὶ
2815 4165 3155 4238 ἀπαύγασμα
3189 4166 3283 4221 καὶ
3322 4165 3486 4221 εἰκὼν
3524 4167 3792 4238 ὑπάρχων

2203 4264 2391 4320 αὐτοῦ.
2457 4265 2553 4318 Ἓν
2605 4263 2661 4315 δὲ
2713 4261 2822 4315 τῶν
2877 4261 3187 4333 προσόντων
3243 4259 3321 4316 τῶ
3367 4260 3540 4327 Πατρὶ
3605 4262 3702 4313 καὶ
3756 4262 3793 4331 ή

2199 4360 2339 4432 ζωή.

2895 4471 3102 4525 ΑΔΛΟ.

591 4605 648 4661 Si
683 4603 850 4658 Filius
881 4603 974 4659 Dei
1001 4617 1107 4659 non
1143 4607 1230 4654 est
1256 4595 1579 4651 naturaliter
1597 4594 1728 4661 vita,
1773 4595 1868 4649 sed
1895 4603 2092 4650 tantum

2273 4589 2336 4641 El
2372 4587 2446 4658 μὴ
2475 4585 2588 4656 ζωὴ
2608 4585 2748 4639 κατὰ
2781 4584 2941 4653 φύσιν
2967 4583 3116 4637 ἐστὶν
3142 4585 3170 4636 6
3196 4581 3326 4645 Υἱὸς
3345 4580 3438 4634 τοῦ
3466 4577 3628 4644 Θεοῦ,
3653 4577 3794 4632 ἀλλὰ

513 4698 639 4750 vita:
670 4695 961 4765 particeps,
991 4686 1450 4762 quemadmodum
1500 4688 1690 4742 hostes
1740 4683 1943 4740 ChriSti
1983 4686 2099 4755 opi-

515 4801 750 4853 nantur,
783 4787 926 4840 aliud
987 4782 1263 4853 quidpiam
1320 4787 1404 4832 est
1456 4777 1752 4831 secundum
1805 4777 2096 4832 essentiam

513 4896 675 4951 quam
707 4878 836 4934 illud
869 4875 1014 4947 quod
1039 4875 1193 4928 abeo
1219 4868 1598 4940 participatur.
1679 4867 1959 4936 Quomodo
1999 4869 2100 4939 igi-

515 4973 734 5042 turipse
781 4972 834 5024 in
898 4969 1132 5024 medium
1199 4963 1405 5033 prodit,
1459 4961 1614 5016 nobis
1647 4962 1882 5017 dicens:
1922 4979 1942 5013 ι
1989 4962 2100 5031 Ego

514 5079 632 5118 sum
665 5061 818 5131 panis
853 5058 945 5128 qui
981 5059 1047 5113 de
1074 5055 1213 5112 coelo
1235 5051 1512 5108 descendi.
1544 5050 1600 5106 Si
1653 5051 1776 5121 quis
1799 5052 2100 5108 comederit

514 5171 580 5209 ex
606 5156 711 5208 hoc
737 5165 897 5220 pane,
928 5149 1073 5202 vivet
1104 5147 1156 5200 in
1190 5155 1450 5198 aeternum
1483 5142 1565 5195 7°?
1586 5161 1605 5192 ι
1642 5140 2099 5212 Oportebatenim

515 5247 594 5299 sic
626 5243 805 5313 potius
832 5241 1031 5303 dicere,
1068 5237 1112 5291 si
1151 5235 1309 5290 modo
1329 5234 1442 5304 ipse
1474 5249 1582 5288 non
1625 5238 1768 5288 erat'
1797 5232 2097 5287 secundum

515 5348 768 5390 naturam
805 5333 913 5384 vita
946 5329 1061 5396 ipsa
1088 5342 1101 5381 :
1128 5328 1186 5381 lu
1214 5341 1298 5381 mc
1325 5335 1406 5380 est
1447 5326 1604 5396 panis
1633 5325 1726 5393 qui
1756 5323 1824 5387 de
1848 5321 1986 5376 coelo
2011 5321 2106 5374 de-

427 5497 434 5503 .
516 5423 764 5487 scendit;
794 5427 868 5484 et,
899 5417 955 5473 Si
985 5420 1108 5489 quis
1130 5418 1426 5473 comederit
1475 5433 1542 5472 ex
1575 5431 1714 5486 pane
1771 5415 1863 5483 qui
1911 5414 1964 5468 in
2020 5428 2104 5467 me

516 5525 623 5577 est,
655 5513 798 5566 vivet
833 5511 886 5565 iu
916 5521 1197 5565 aeternum.
1229 5511 1297 5564 At
1325 5524 1454 5564 vero
1476 5523 1599 5563 cum
1629 5507 1780 5570 dicit,
1829 5505 1940 5575 Ego
1960 5519 2102 5566 sum,

518 5608 755 5674 seipsum
781 5605 1040 5674 designat,
1079 5619 1182 5659 non
1245 5609 1426 5656 autem
1485 5599 1688 5670 aliquid
1739 5613 1928 5653 eorum
1982 5612 2104 5667 qua:

1623 5777 1667 5809 ⁸⁹
1690 5775 1847 5831 Joan.
1875 5791 1990 5842 vm,
2027 5775 2115 5830 5'2.

593 5781 809 5838 "Joan.
847 5799 918 5848 vr,
945 5782 1033 5836 47.
1109 5780 1328 5836 "Joau.
1367 5794 1422 5844 x,
1457 5778 1545 5831 27.

2205 4681 2350 4750 ζωῆς
2387 4677 2630 4749 μέτοχος,
2661 4676 2913 4748 καθάπερ
2940 4677 2989 4728 οἱ
3028 4673 3386 4746 χριστομάχοι
3433 4671 3627 4741 φασὶν,
3671 4671 3796 4723 ἓτε-

2209 4772 2298 4842 ρόν
2329 4770 2382 4823 τε
2409 4773 2522 4822 ἐστι
2545 4769 2665 4822 κατ’
2694 4768 2882 4822 οὐσίαν
2935 4766 3098 4830 αὐτὸς
3149 4765 3299 4836 παρὰ
3336 4763 3398 4816 τὸ
3430 4761 3797 4834 μετεχόμενον

2208 4863 2298 4915 ὑπ’
2336 4860 2520 4915 αὐτοῦ.
2553 4861 2676 4923 Πῶς
2715 4855 2808 4913 οὖν
2849 4862 2982 4930 ἡμῖν
3035 4857 3197 4921 αὐτὸς
3251 4858 3331 4920 εἰς
3369 4857 3531 4927 μέσον
3571 4855 3798 4925 ἔρχεται

2207 4954 2412 5021 λέγων·
2453 4970 2471 5004 ι
2517 4949 2659 5019 Ἐγώ
2692 4952 2807 5019 εἰμι
2832 4951 2860 5001 6
2897 4949 3060 5016 ἄρτος
3106 4949 3134 4999 6
3186 4949 3249 5000 ὲκ
3282 4945 3376 4999 τοῦ
3416 4943 3643 5014 οὐρανοῦ
3692 4961 3800 4995 κα-

2206 5045 2398 5108 ταϐάς,
2434 5045 2557 5098 Ἐάν
2588 5061 2672 5107 τις
2699 5042 2867 5113 φάγῃ
2903 5044 2968 5094 ὲκ
2993 5040 3184 5094 τούτου
3225 5037 3318 5092 τοῦ
3348 5039 3533 5108 ἄρτου,
3565 5036 3799 5105 ζήσεται

2207 5137 2287 5197 εἰς
2317 5134 2406 5190 τὸν
2443 5134 2646 5198 αἰῶνα;
2682 5151 2699 5183 ι
2743 5133 2892 5184 Ἔδει
2923 5131 3030 5202 γὰρ
3063 5128 3236 5191 οὕτως
3281 5129 3474 5189 εἰπεῖν,
3509 5125 3666 5193 εἴπερ
3697 5124 3802 5175 οὐκ

2206 5222 2273 5298 ἦν
2308 5227 2450 5280 κατὰ
2485 5226 2647 5295 φύσιν
2673 5223 2834 5286 αὐτὸς
2891 5223 2926 5292 ἡ
2969 5221 3102 5292 ζωή·
3138 5220 3226 5271 Ἐν
3254 5219 3377 5286 ἐμοὶ
3405 5219 3432 5268 6
3473 5217 3634 5286 ἄρτος
3673 5215 3703 5265 6
3732 5215 3798 5263 ἐκ

2203 5318 2297 5372 τοῦ
2319 5317 2552 5389 οὐρανοῦ
2577 5314 2840 5377 καταϐάς.
2871 5315 3002 5376 Καὶ,
3047 5311 3170 5365 Ἐάν
3208 5327 3290 5372 τις
3315 5309 3465 5380 φάγῃ
3490 5310 3551 5360 ὲκ
3579 5305 3672 5356 τοῦ
3697 5305 3796 5373 ἄρ·
3894 5297 3899 5300 ’

2203 5428 2296 5464 του
2323 5410 2420 5463 τοῦ
2446 5412 2502 5462 ἐν
2532 5409 2676 5478 ἐμοὶ,
2715 5407 2940 5477 ζήσεται
2971 5407 3052 5468 εἰς
3097 5403 3188 5455 τὸν
3216 5401 3408 5455 αἰῶνα.
3458 5396 3597 5451 Νυνὶ
3623 5396 3680 5448 δὲ
3705 5395 3800 5446 λέ-

2205 5521 2316 5573 γων
2346 5504 2428 5568 τὸ,
2471 5503 2614 5570 Ἐγώ
2645 5502 2780 5572 εἰμι,
2817 5497 3008 5552 ἑαυτὸν
3033 5495 3231 5567 ὁρίζει,
3253 5493 3346 5546 καὶ
3371 5490 3470 5560 οὐχ
3502 5489 3559 5541 ἓν
3600 5504 3654 5540 τι
3686 5488 3799 5539 τῶν

2209 5594 2653 5665 προσγεγονότων
2686 5593 2804 5662 ἤτοι
2838 5589 3149 5660 προσόντων
3189 5583 3359 5656 αὐτῷ.
3397 5583 3460 5636 Εἰ
3489 5579 3666 5635 τοίνυν
3702 5579 3781 5630 at)

2195 5775 2240 5806 7°
2269 5773 2426 5830 Joan.
2467 5787 2541 5839 νι,
2575 5771 2663 5826 5i.
