3996 6482
532 410 639 466 239

1540 408 1594 462 S.
1639 407 1911 462 CYRILLI
1948 407 2417 464 ALEXANDRINI
2457 411 2757 466 ARCIIIISP

3701 407 3806 468 NO

536 530 858 588 naturaliter
894 530 1053 592 Deus,
1080 542 1208 596 ergo
1243 539 1433 580 recens
1459 541 1522 580 ac
1561 541 1731 582 novus
1749 527 1946 596 aliquis
1977 543 2111 598 quo-

2228 529 2344 582 9£6v
2379 529 2631 584 ἐκϐάλλει
2660 529 2749 582 τὸν
2777 529 2924 591 Υἱὸν,
2971 515 3281 598 πρόσφατος
3309 526 3420 596 ἄρα
3458 525 3551 580 καὶ
3571 525 3688 591 νέος
3722 545 3806 592 τις
3871 582 3873 584 ,

533 619 823 674 datnmodo
851 627 1046 688 praeter
1075 631 1198 669 eum
1228 616 1319 683 qui
1361 616 1429 669 ab
1465 615 1623 668 initio
1673 628 1724 670 et
1789 618 2116 674 naturaliter

531 721 672 774 erat,
699 711 1002 764 inducetur.
1037 708 1193 775 Atqui
1230 707 1330 760 hoc
1363 707 1658 762 absurdum
1691 719 1794 764 est.
1851 710 1968 766 Non
2013 711 2114 781 igi-

535 811 621 857 tur
643 803 865 866 idcirco,
894 801 1021 869 quia
1053 798 1214 852 Pater
1260 800 1464 854 dicitur
1497 800 1702 857 habere
1725 802 2113 859 immortalita-

533 905 661 961 tem,
689 892 855 947 Filius
888 891 1294 945 contrariorum
1344 905 1516 960 capax
1577 893 1712 960 erit,
1766 895 1883 959 sed,
1945 895 2112 950 veluti

531 984 958 1042 concurrentein
995 981 1190 1036 Filium
1229 983 1548 1039 naturaliter
1577 993 1799 1054 paterna
1867 987 2112 1056 proprie-

528 1086 661 1140 tate,
694 1077 744 1130 id
777 1075 950 1146 ipsum
979 1074 1348 1130 essentialiter
1372 1090 1492 1131 esse
1514 1077 1828 1133 censebitur
1859 1079 2001 1148 quod
2029 1087 2113 1134 est

527 1171 574 1222 is
588 1170 677 1237 qui
707 1169 878 1238 ipsum
904 1169 1108 1237 genuit.

1225 1276 1455 1332 ALIUD.

601 1393 766 1449 Multa
809 1394 1062 1448 dicuntur
1112 1393 1290 1448 inesse
1340 1391 1485 1446 Patri
1521 1392 1776 1461 praeclara
1831 1409 1896 1449 ac
1946 1395 2110 1450 veluti

527 1485 845 1555 peculiaria.
892 1486 962 1537 At
999 1499 1124 1538 vero
1151 1485 1194 1538 si
1218 1483 1386 1538 Filius
1417 1483 1482 1540 iis
1528 1498 1718 1539 carere
1770 1484 1998 1551 dicatur,
2057 1495 2112 1540 et

527 1577 730 1632 Paulus
776 1576 972 1630 alicubi
1044 1576 1171 1629 dicit
1203 1592 1219 1632 :
1257 1575 1630 1642 (Immortali,
1677 1575 1956 1643 invisibili,
2010 1579 2110 1634 soli

528 1670 760 1741 sapienti
791 1671 896 1724 Deo
925 1671 1008 1734 7';
1048 1687 1065 1720 ι
1097 1666 1269 1722 Filius
1324 1681 1454 1736 ergo
1485 1681 1657 1738 neque
1691 1669 1796 1723 erit
1825 1669 2109 1724 immorta-

527 1765 617 1829 lis,
646 1778 815 1833 neque
843 1763 1154 1828 invisibilis,
1193 1775 1370 1832 neque
1396 1758 1811 1829 sapiens,juxta
1868 1772 2107 1816 vestram

2215 620 2406 691 ὥσπερ
2436 619 2894 690 ὲπεισαχθήσεται
2949 620 3098 689 παρὰ
3139 619 3231 671 τὸν
3259 618 3389 671 ὅντα
3419 617 3480 682 ἐξ
3504 619 3678 688 ἀρχῆς
3709 619 3806 672 καὶ

2215 713 2357 767 κατὰ
2380 714 2563 782 φύσιν.
2615 713 2774 766 Ἀλλὰ
2815 709 2975 765 τοῦτο
3016 709 3233 765 ἄτοπον.
3291 709 3500 764 Οὐκοῦν
3536 710 3598 763 ού
3628 710 3716 763 διὰ
3746 711 3808 763 τδ

2199 806 2468 876 λέγεσθαι
2510 807 2670 876 μόνον
2723 803 3023 860 ἀθανασίαν
3051 803 3197 875 ἔχειν
3253 803 3347 857 τὸν
3398 803 3640 874 Πατέρα,
3693 803 3809 856 τῶν

2215 896 2482 951 ἐναντίων
2511 896 2664 950 ἔσται
2688 897 2934 958 δεκτικὸς
2979 897 3008 948 6
3044 895 3193 959 Υἱὸς,
3249 895 3363 948 ἀλλ’
3392 893 3468 959 ὡς
3501 894 3808 965 τρεχούσης

2215 990 2296 1052 εἰς
2327 989 2390 1042 τὸ
2433 988 2681 1059 γέννημα
2737 987 2984 1058 φυσικῶς
3025 987 3127 1058 τῆς
3158 987 3455 1056 ’πατρικῆς
3505 986 3804 1056 ἰδιότητος,

2213 1083 2372 1137 τοῦτο
2409 1085 2504 1138 καὶ
2536 1083 2698 1145 αὐτὸς
2746 1085 3007 1154 ὑπάρχων
3056 1084 3176 1136 κατ’
3202 1082 3391 1134 οὐσίαν
3440 1081 3806 1151 νοηθήσεται,

2214 1179 2351 1249 ὅπερ
2372 1177 2437 1232 ἂν
2459 1178 2546 1250 εἴη
2573 1177 2668 1231 καὶ
2693 1180 2720 1231 6
2746 1178 3013 1248 γεννήσας
3037 1177 3217 1230 αὐτόν.

2914 1289 3117 1343 ΑΛΛΟ.

2285 1401 2464 1457 Πολλὰ
2485 1403 2766 1474 προσεῖναι
2793 1401 3009 1470 λέγεται
3033 1401 3114 1472 τῷ
3132 1401 3305 1473 Πατρὶ
3329 1399 3811 1470 πλεονεκτήματα.

2227 1495 2366 1549 Ἀλλ’
2399 1497 2446 1549 εἰ
2475 1493 2680 1548 τούτων
2713 1493 2864 1546 ἔσται
2921 1492 3126 1564 γυμνὸς
3166 1494 3195 1546 6
3223 1492 3371 1556 Υἱὸς,
3426 1491 3574 1560 λέγει
3603 1491 3658 1544 δέ
3699 1509 3812 1544 που

2215 1587 2452 1654 Παῦλος,
2496 1605 2515 1639 ι
2561 1585 2876 1658 Ἀφθάρτῳ,
2923 1585 3162 1656 ἀοράτῳ,
3202 1584 3348 1654 μόνῳ
3381 1583 3532 1654 σοφῷ
3578 1582 3733 1653 Θεῷ,
3785 1601 3806 1632 ι

2213 1681 2325 1735 οὒτ’
2349 1680 2649 1752 ἄφθαρτος,
2684 1679 2808 1732 οὔτε
2832 1679 3083 1749 ἀόρατος,
3113 1676 3237 1731 οὔτε
3274 1677 3437 1745 σοφὴς
3462 1677 3639 1742 ἔσται,
3677 1675 3812 1728 καθ’

2217 1775 2381 1845 ὑμᾶς.
2429 1772 2567 1826 Ἀλλ’
2603 1772 2716 1843 εχει
2738 1773 2838 1842 τὴν
2870 1770 3128 1845 ἀσέϐειαν
3155 1770 3394 1841 ᾶμετρόν
3417 1787 3538 1823 τινα
3565 1769 3625 1822 τὸ
3660 1768 3815 1822 οὕτω

527 1854 858 1924 opinionem.
895 1853 1056 1922 Atqui
1094 1856 1198 1908 hoc
1239 1852 1322 1906 vel
1373 1852 1698 1922 cogitatione
1741 1852 1852 1906 sola
1887 1853 2112 1923 impium

2228 1868 2376 1920 νοεῖν.
2401 1865 2526 1928 Πῶς
2551 1865 2658 1936 γὰρ
2684 1863 2837 1918 ἔσται
2865 1863 3104 1935 φθαρτὸς
3125 1865 3152 1917 6
3177 1861 3278 1933 τῆς
3307 1861 3614 1933 ἀφθαρσίας
3638 1876 3816 1932 χορη-

525 1947 682 2001 valde
716 1955 818 2000 est.
847 1945 1129 2011 Quomodo
1165 1945 1324 2018 143
1353 1946 1500 2000 enim
1548 1947 1653 2000 erit
1715 1945 2105 2015 corruptibilis,

525 2047 716 2091 auctor
751 2037 864 2105 ipse
890 2047 943 2091 et
969 2037 1191 2108 largitor
1225 2037 1679 2106 incorruptionis?
1705 2038 1811 2091 Aut
1836 2038 2108 2106 quomodo

525 2140 716 2184 natura
745 2129 837 2183 Dei
872 2129 1045 2185 oculis
1080 2129 1228 2184 cerni
1271 2129 1477 2198 possit?
1499 2129 1607 2182 Aut
1643 2143 1750 2198 quo
1781 2138 1938 2197 pacto
1975 2126 2108 2182 insi-

525 2220 761 2292 pientem
796 2220 1136 2274 censebimus
1184 2217 1404 2285 Filium,
1466 2221 1532 2274 de
1556 2233 1665 2288 quo
1707 2219 1972 2288 scriptum
2000 2228 2104 2282 est,

527 2312 668 2379 quod
697 2311 768 2366 sit
794 2330 812 2363 ι
843 2312 1078 2380 potentia
1097 2323 1152 2367 et
1183 2312 1448 2381 sapientia
1479 2309 1572 2365 Dei
1599 2305 1722 2362 7‘?»
1759 2309 2107 2365 Restatenim

489 2473 492 2478 _
530 2405 733 2469 dicere,
769 2403 1092 2472 sapientiam
1138 2404 1228 2456 Dei
1273 2403 1613 2472 insipientem
1660 2401 1776 2456 sive
1829 2401 2109 2472 sapientia:

526 2505 806 2565 expertem
836 2510 977 2550 esse.
1015 2493 1185 2550 Filius
1225 2495 1407 2564 itaque
1431 2495 1784 2550 nihilominus
1813 2495 1915 2549 erit
1951 2503 2105 2547 natu-

528 2588 713 2640 raliter
740 2587 932 2642 cadem
960 2602 1080 2656 qua:
1109 2586 1293 2649 Pater,
1328 2587 1539 2641 tametsi
1563 2585 1910 2642 nonnulla'de
1927 2601 1993 2640 eo
2020 2602 2107 2640 so-

528 2680 636 2732 lum
663 2679 1040 2747 praedicentur.
1068 2677 1260 2733 Omnia
1279 2678 1424 2733 enim
1458 2693 1578 2748 qua:
1603 2677 1747 2732 Patri
1775 2678 1981 2742 insunt,
2007 2694 2106 2730 na—

529 2768 777 2822 turaliter
803 2784 867 2823 ac
893 2771 1202 2825 necessario
1230 2771 1280 2824 in
1307 2768 1723 2839 Verbum,quod
1753 2784 1816 2824 ex
1839 2770 1954 2839 ipso
1987 2785 2111 2838 pro-

528 2856 692 2920 cedit,
721 2865 1026 2911 transeunt.

1205 2945 1436 3005 ALIUD.

594 3059 649 3114 Si
681 3057 844 3114 Pater
872 3069 956 3114 est
987 3059 1310 3116 naturaliter
1341 3060 1475 3127 vita,
1507 3063 1960 3132 quemadmodum
2021 3079 2106 3118 re-
2183 3041 2188 3045 l

527 3164 653 3204 vera
683 3159 786 3214 est,
815 3150 976 3205 habet
1009 3151 1233 3205 omnino
1254 3151 1356 3208 hoc
1378 3152 1541 3208 etiam
1573 3151 1760 3209 Filius.
1790 3153 1928 3210 Vere
1957 3156 2102 3212 enim

2214 1961 2309 2028 γός
2335 1961 2446 2025 ;."H
2483 1959 2600 2023 πῶς
2618 1959 2945 2030 όραθήσεται
2975 1955 3112 2010 Θεοῦ
3136 1955 3296 2024 φύσις
3319 1970 3334 2018 ;
3363 1953 3434 2006 Ἦ
3456 1953 3572 2016 πῶς
3601 1952 3813 2019 ἄσοφον

2215 2047 2356 2106 εἶναι
2384 2049 2678 2122 νομιοῦμεν
2697 2049 2788 2103 τὸν
2820 2049 2973 2115 Υἱὸν,
3005 2048 3136 2119 περὶ
3169 2043 3230 2102 οὗ
3280 2047 3592 2117 γέγραπται
3619 2045 3700 2098 ὅτι
3738 2043 3815 2114 δὴ

2221 2162 2240 2196 ι
2279 2142 2412 2196 Θεοῦ
2435 2143 2665 2214 δύναμις
2711 2143 2808 2196 καὶ
2857 2141 2994 2195 Θεοῦ
3051 2141 3212 2210 σοφία
3248 2139 3422 2206 ἑστίη
3465 2155 3483 2190 ι
3520 2138 3664 2208 Ὥρα
3692 2136 3813 2207 γὰρ

2215 2235 2393 2304 λέγειν
2414 2237 2614 2305 ἄσοφον
2641 2230 2900 2305 εἶναιτὴν
2929 2233 3121 2304 σοφίαν
3147 2233 3240 2286 τοῦ
3275 2231 3433 2286 Θεοῦ.
3463 2229 3673 2283 Οὐκοῦν
3701 2230 3817 2282 οὐκ

2215 2329 2581 2399 ἀποστερήσει
2611 2326 2701 2380 τὸν
2731 2326 2859 2380 Υἰὸν
2890 2327 2950 2380 τὸ
2977 2322 3118 2379 εἶναι
3152 2323 3326 2378 ταῦτα
3360 2320 3626 2392 φυσικῶς,
3656 2319 3817 2390 ειπερ

2217 2417 2283 2472 ἂν
2312 2418 2524 2486 λέγοιτο
2544 2417 2636 2470 καὶ
2667 2419 2695 2471 6
2717 2417 2924 2487 Πατὴρ,
2951 2416 3002 2468 εἰ
3032 2415 3124 2468 καὶ
3173 2414 3262 2465 ἐπ’
3283 2409 3448 2466 αὐτοῦ
3483 2411 3642 2480 μόνον
3676 2408 3815 2462 τάτ-

2215 2527 2380 2564 τοιτο.
2402 2509 2602 2565 Φθάσει
2632 2511 2740 2580 γὰρ
2772 2509 2933 2564 πάλιν
2956 2509 3049 2560 ἐπὶ
3085 2506 3176 2560 τὸν
3198 2505 3258 2571 ἐξ
3283 2504 3449 2560 αὐτοῦ
3472 2501 3816 2575 προελθόντα

2215 2604 2407 2672 Λόγον,
2433 2603 2609 2656 πάντα
2647 2602 2715 2655 τὰ
2765 2600 2916 2672 αὐτῷ
2975 2599 3245 2670 προσόντα
3305 2596 3549 2667 φυσικῶς
3605 2612 3666 2648 τε
3710 2597 3817 2648 καὶ

2215 2696 2556 2763 ἀναγκαίως.

2901 2958 3103 3010 ΛΑΛΟ.

2287 3079 2349 3130 Εἰ
2371 3073 2486 3145 ζωὴ
2519 3074 2660 3126 κατὰ
2687 3071 2850 3142 φύσιν
2876 3070 3024 3123 ἐστὶν
3053 3071 3082 3122 6
3109 3068 3320 3140 Πατὴρ,
3352 3066 3544 3140 ὥσπερ
3577 3063 3674 3122 οὖν
3712 3069 3812 3122 καὶ

2219 3171 2384 3233 ἐστιν,
2414 3169 2525 3238 ἔχει
2559 3166 2776 3226 πάντως
2805 3161 2962 3215 τοῦτο
2999 3161 3092 3214 καὶ
3137 3161 3166 3213 6
3197 3159 3342 3223 Υἱός.
3382 3157 3660 3227 Ἀληθεύει
3697 3160 3815 3230 γὰρ

528 3243 657 3298 dicit
707 3256 831 3297 cum
892 3243 967 3297 ait
1000 3256 1014 3295 :
1046 3261 1064 3295 ι
1123 3239 1320 3299 Omnia
1373 3261 1489 3316 quae
1543 3245 1706 3302 habet
1770 3246 1954 3314 Pater,
1991 3262 2108 3302 mea

2228 3231 2387 3334 λέγων
2412 3279 2424 3292 ·
2443 3231 2490 3312 ῆι
2519 3260 2703 3313 Πάντα
2731 3259 2830 3311 ὃσα
2857 3255 2968 3326 ἔχει
3002 3257 3030 3307 6
3053 3253 3261 3324 Πατὴρ,
3299 3250 3410 3323 ὲμόι
3435 3254 3604 3305 ἐστιν.
3640 3271 3658 3303 ι

525 3335 740 3390 sunt".
779 3353 799 3387 ι

879 3427 1127 3493 .ALIUD,
1159 3427 1294 3481 idem
1324 3445 1389 3484 ex
1420 3435 1707 3491 contrario.

592 3543 652 3597 Si
687 3541 848 3597 Pater
875 3552 958 3597 est
986 3543 1093 3597 vita
1125 3544 1652 3612 naturaliter,Filius
1669 3564 1800 3604 vero
1831 3550 2108 3616 nonitem,

535 3651 642 3705 quo
673 3643 832 3704 pacto
857 3650 985 3689 vere
1007 3635 1171 3690 dicit:
1197 3655 1215 3687 ι
1240 3634 1434 3692 Omnia
1469 3655 1588 3707 qua:
1614 3641 1777 3695 habet
1807 3640 1967 3698 Pater
1993 3658 2108 3698 mea

532 3727 700 3782 sunt?
739 3745 758 3778 ι
792 3725 953 3796 Atqui
981 3742 1088 3782 non
1125 3728 1384 3782 mentitur
1412 3729 1634 3785 veritas.
1675 3730 1770 3786 Est
1835 3733 1998 3804 igitur
2029 3751 2114 3791 re-

529 3832 655 3872 vera
691 3817 1015 3873 naturaliter
1046 3818 1154 3874 vita
1186 3817 1379 3888 Filius,
1426 3822 1886 3890 quemadmodum
1927 3837 1984 3882 et
2003 3826 2110 3881 Pa-

528 3919 628 3964 ter.

1167 4024 1320 4081 Idem
1343 4027 1515 4082 aliter.

602 4138 660 4193 Si
694 4137 858 4194 Pater
891 4147 976 4193 est
1005 4138 1332 4194 naturaliter
1350 4141 1480 4208 vita,
1528 4140 1701 4199 Filius
1746 4155 1925 4200 autem
2004 4162 2108 4201 non

530 4231 684 4297 item,
717 4232 812 4286 sed
874 4231 1238 4287 accessoriam
1281 4241 1446 4301 atque
1483 4234 1775 4290 ascititiam
1818 4237 1982 4290 vitam
2013 4239 2111 4292 ba-

526 4322 641 4389 bet,
670 4337 776 4392 quo
803 4331 962 4392 pacto
997 4337 1120 4379 vere
1171 4323 1239 4378 ad
1261 4309 1476 4378 Patrem
1503 4325 1634 4379 dicit
1661 4344 1674 4379 :
1715 4345 1734 4376 ι
1779 4324 1972 4383 Omnia
1995 4344 2112 4384 inea

529 4425 622 4469 tua
652 4425 800 4483 sunt,
830 4425 991 4471 ettua
1009 4431 1130 4471 mea
1152 4415 1239 4470 ἐἳ
1273 4435 1294 4468 ι
1321 4417 1428 4471 Aut
1449 4417 1598 4472 enim
1632 4417 1798 4474 habet
1851 4421 2114 4476 naturali-

2485 3422 2688 3482 AAAO,
2723 3417 2789 3471 τὸ
2821 3415 2968 3470 αὐτὸ
2994 3413 3061 3468 ἐκ
3089 3413 3196 3468 τοῦ
3234 3412 3534 3466 ἐναντίου.

2285 3539 2348 3591 Εἰ
2376 3536 2490 3607 ζωὴ
2524 3534 2666 3589 κατὰ
2701 3533 2863 3602 φύσιν
2907 3531 3055 3584 ἐστὶν
3084 3532 3113 3583 6
3147 3529 3359 3600 Πατὴρ,
3394 3528 3422 3579 6
3445 3526 3501 3579 δὲ
3533 3525 3662 3589 Υἱὸς
3711 3526 3819 3596 οὐχ

2213 3630 2409 3693 οὕτως,
2439 3628 2556 3690 πῶς
2601 3624 2895 3694 ἀληθεύσει
2943 3623 3154 3691 λέγων·
3191 3640 3210 3673 ι
3242 3620 3429 3674 Πάντα
3476 3619 3577 3671 ὅσα
3625 3616 3747 3688 ἔχει
3789 3623 3823 3672 6

2216 3722 2433 3792 Πατὴρ,
2475 3718 2587 3789 ἐμά
2615 3719 2806 3782 conv;
2843 3734 2860 3766 ›
2906 3715 3046 3767 Ἀλλ’
3072 3714 3172 3766 οὐκ
3213 3711 3278 3766 ἂν
3315 3710 3577 3780 ψεύσαιτο
3609 3709 3643 3780 ἡ
3673 3709 3820 3780 ἀλή-

2214 3813 2356 3878 θεια,
2393 3811 2548 3863 ἔσται
2581 3808 2823 3879 δηλονότι
2857 3805 2973 3877 ζωὴ
3005 3804 3146 3858 κατὰ
3173 3803 3335 3874 φύσιν
3374 3805 3403 3856 6
3431 3801 3581 3868 Υἱὸς,
3618 3800 3818 3872 ῶσπερ

2215 3905 2308 3958 καὶ
2333 3905 2362 3956 6
2383 3902 2594 3972 Πατήρ.

2740 4013 2976 4078 ’Ἄλλως
3015 4011 3082 4105 τε)
3110 4007 3280 4066 αὐτό.

2286 4129 2348 4181 Εἰ
2376 4126 2493 4199 ζωὴ
2517 4125 2660 4180 κατὰ
2700 4124 2862 4196 φύσιν
2901 4125 3050 4179 ἐστὶν
3076 4125 3106 4178 6
3138 4123 3352 4194 Πατὴρ,
3379 4125 3406 4176 6
3437 4122 3494 4176 δὲ
3535 4121 3664 4185 Υἱὸς
3709 4122 3816 4191 οὐχ

2213 4220 2408 4286 οὕτως,
2462 4221 2577 4275 ἀλλ’
2631 4223 2958 4276 ἐπείσακτον
3005 4220 3118 4293 ἔχει
3173 4220 3234 4274 τὺ
3267 4215 3406 4272 εἶναι
3460 4215 3641 4282 τοῦτο,
3687 4215 3817 4278 πῶς
3913 4253 3916 4255 μ

2212 4314 2506 4386 ἀληθεύσει
2537 4315 2712 4385 λέγων
2753 4315 2891 4386 πρὸς
2931 4313 3021 4368 τὸν
3065 4313 3306 4384 Πατέρα,
3347 4312 3431 4364 ὅτι
3465 4329 3485 4357 σ
3521 4309 3708 4362 Πάντα
3741 4309 3819 4361 τὰ

2215 4410 2325 4482 ἐμὰ
2353 4410 2424 4463 σά
2454 4410 2593 4475 ἐστι,
2629 4408 2812 4462 καὶτὰ
2835 4407 2902 4461 σὰ
2936 4405 3081 4478 ἐμάς
3121 4425 3140 4457 ι
3173 4405 3244 4458 Ἥ
3272 4403 3380 4475 γὰρ
3408 4400 3519 4469 ἕξει
3548 4401 3694 4454 κατὰ
3719 4399 3822 4469 φύ-

533 4519 616 4565 ter
638 4507 778 4578 quod
799 4508 870 4562 sit
900 4509 1011 4562 vita
1063 4507 1229 4562 etiam
1286 4509 1403 4576 ipse
1442 4528 1456 4564 :
1495 4511 1638 4577 quod
1673 4510 1891 4579 quidem
1932 4514 2111 4570 Patria

2228 4519 2302 4555 τιν
2337 4501 2400 4554 τὸ
2421 4495 2562 4555 εἶναι
2591 4499 2706 4571 ζωὴ
2743 4501 2839 4554 καὶ
2867 4497 3051 4563 αὐτὸς,
3100 4498 3239 4569 ὅπερ
3267 4499 3384 4549 ἐστι
3425 4492 3519 4547 τοῦ
3567 4493 3817 4563 Πατρός.

528 4610 612 4654 est
633 4576 775 4668 {aut
803 4599 848 4653 si
883 4613 988 4654 non
1017 4600 1142 4666 hoc,
1182 4599 1276 4655 sed
1320 4613 1442 4670 qua
1467 4576 1566 4654 sua
1599 4576 1725 4655 sunt
1753 4599 1930 4659 Patris
1959 4613 2107 4668 sunt,

2228 4593 2287 4644 'H
2319 4592 2369 4644 si
2399 4590 2474 4662 μὴ
2499 4590 2676 4658 τοῦτο,
2713 4589 2811 4644 τοῦ
2861 4590 2918 4643 δὲ
2956 4589 3170 4660 Πατρός
3209 4590 3326 4641 ἐστι
3353 4600 3420 4641 τα
3464 4585 3659 4648 αὑτοῦ,
3685 4586 3822 4637 ἐπεὶ

530 4707 652 4746 cum
680 4706 788 4746 non
817 4692 889 4746 sit
915 4689 1236 4745 naturaliter
1255 4691 1363 4744 vita
1390 4687 1586 4754 Filius,
1619 4703 1687 4746 ne
1707 4689 1866 4745 Pater
1889 4693 2109 4761 quidem

2228 4682 2296 4752 μὴ
2325 4681 2466 4735 κατὰ
2497 4681 2659 4752 φύσιν
2691 4683 2808 4735 ἐστὶ
2841 4680 2953 4752 ζωὴ
2975 4681 3004 4734 6
3033 4680 3182 4747 Υἱὸς,
3219 4680 3318 4734 οὐκ
3346 4679 3495 4732 ἔσται
3521 4677 3688 4731 τοῦτο
3713 4678 3818 4731 καὶ

531 4783 852 4838 naturaliter
882 4782 988 4836 vita
1059 4781 1164 4836 erit
1193 4797 1206 4834 :
1240 4780 1387 4850 quod
1453 4791 1538 4836 est
1586 4781 1903 4837 absurdum.
1951 4781 2112 4839 Pater

2228 4773 2482 4845 5Πατήρ.
2538 4773 2700 4827 Ἀλλὰ
2743 4772 2906 4826 τοῦτο
2951 4773 3174 4827 ἄτοπον.
3207 4771 3370 4824 Φύσει
3403 4771 3511 4841 γὰρ
3544 4771 3571 4822 6
3613 4769 3820 4840 Πατὴρ

529 4876 672 4929 enim
705 4873 1028 4928 naturaliter
1068 4879 1153 4927 est
1199 4873 1355 4926 vita:
1402 4874 1506 4926 crit
1562 4883 1740 4927 autem
1794 4874 1894 4929 hoc
1936 4875 2110 4944 ipsum

2228 4864 2355 4935 ζωὴ,
2403 4863 2556 4919 ἔσται
2593 4863 2750 4918 τοῦτο
2795 4865 2888 4919 καὶ
2917 4864 2946 4917 6
2984 4863 3132 4929 Υἱὸς,
3166 4864 3255 4919 ἵνα
3291 4862 3366 4934 μὴ
3399 4861 3668 4932 ψεύδηται
3713 4863 3828 4931 τὴν

529 4967 721 5030 Filius,
754 4979 821 5021 ne
844 4978 873 5020 a
895 4961 1247 5019 similitudine
1279 4974 1401 5018 cum
1428 4961 1588 5018 Patre
1625 4966 1858 5020 recedat.

1210 5077 1436 5134 ALIUD.

602 5193 663 5249 Si
711 5193 883 5248 Filius
939 5200 1026 5246 est
1068 5190 1410 5246 omnimodas
1455 5193 1718 5261 planeque
1796 5194 2140 5273 indill'erens'

530 5284 819 5340 character
860 5282 1215 5349 bypostaseos
1243 5277 1444 5344 Patris,
1462 5281 1786 5336 naturamer
1813 5281 1978 5336 etiam
2007 5283 2109 5338 hoc

529 5373 930 5440 habebit,quod
953 5371 1025 5425 sit
1056 5371 1188 5437 vita,
1224 5385 1291 5426 ne
1316 5371 1638 5427 obliteretur
1682 5387 1744 5426 ac
1781 5373 2108 5442 dep-lavetur

530 5465 817 5520 character
842 5461 1040 5517 Patris.

1213 5575 1443 5632 ALIUD.

598 5664 851 5722 Christus
876 5667 1076 5723 alicubi
1102 5669 1170 5724 ad
1209 5671 1502 5740 discipulos
1531 5685 1662 5728 suos
1695 5671 1769 5726 ita
1803 5672 1878 5726 ait
1907 5692 1918 5725 :
1949 5690 1968 5721 ι
2005 5671 2107 5736 Qui

599 5823 646 5857 "
671 5823 689 5876 I
713 5824 948 5880 Timoth.
984 5840 1022 5892 I,
1053 5826 1137 5884 l7.

2219 4958 2498 5030 ὁμοίωσιν.

2914 5069 3114 5124 ΑΛΛΟ.

2290 5187 2356 5241 Εἰ
2399 5183 2688 5256 χαρακτὴρ
2718 5184 3137 5255 ἀπαράλλακτος
3185 5179 3281 5251 τῆς
3309 5177 3404 5232 τοῦ
3436 5175 3651 5246 Πατρδς
3676 5175 3827 5228 ὐπο-

2220 5279 2465 5342 στάσεώς
2489 5279 2640 5331 ἐστιν
2663 5279 2692 5330 6
2723 5273 2872 5340 Υἱὸς,
2901 5276 3120 5346 φορέσει
3164 5265 3410 5343 φυσικῶς
3444 5269 3536 5323 καὶ
3562 5269 3624 5320 τὸ
3672 5261 3826 5319 εἷναι

2218 5371 2354 5442 ζωὴ,
2412 5372 2500 5424 ἵνα
2559 5370 2635 5439 μὴ
2691 5368 3183 5440 παραχαράττηται
3229 5362 3323 5418 τοῦ
3378 5361 3591 5431 Πατρός
3634 5361 3665 5412 6
3713 5375 3826 5427 χαι-

2220 5464 2428 5534 ρακτήρ

2910 5575 3118 5628 ΔΛΛΟ.

2289 5668 2425 5740 Φησε
2444 5685 2546 5721 που
2574 5665 2810 5739 Χριστὸς
2831 5665 2968 5738 πρὸς
2983 5667 3112 5730 τοὺς
3138 5661 3334 5718 ἑαυτοῦ
3365 5656 3615 5732 μαθητάς
3641 5677 3657 5691 ·
3691 5674 3711 5709 ‹
3750 5653 3828 5709 '0

1235 5826 1321 5880 "l
1357 5826 1480 5882 Cor.
1522 5845 1557 5893 ι,
1585 5827 1674 5879 2t.
1754 5827 1800 5858 ⁷⁷
1826 5825 1981 5884 Joan.
2019 5841 2132 5892 xw,
2177 5825 2260 5880 15.
2343 5824 2570 5880 "Joan.
2606 5839 2740 5889 xm,
2779 5824 2866 5880 10.
