3996 6430
194 364 287 420 2M
1650 372 2087 432 TIIESAURUS.
3393 393 3499 450 242

195 483 452 554 ἑωρακὼς
480 485 618 553 ἐμὲ,
642 487 870 558 ἑώρακε
893 489 985 542 τὸν
1017 491 1257 561 Πατέρα.
1298 510 1316 544 ι
1347 492 1408 546 El
1436 491 1615 547 τοίνυν
1648 496 1676 546 6
1703 496 1808 548 Πα-

1922 498 2056 552 vidit
2090 514 2195 563 mc,
2239 501 2371 555 vidit
2408 511 2462 555 et
2492 501 2704 558 Patrem
2730 505 2796 560 ".
2847 527 2862 556 ι
2908 507 2963 561 Si
3009 508 3169 578 igitur
3231 511 3390 566 Pa’ter
3444 516 3494 568 in

194 576 292 645 τὴρ
309 577 366 628 ὲν
395 575 517 644 Υίῷ
541 576 816 644 φαίνεται
848 579 964 650 ζωὴ
986 581 1128 638 κατά
1160 581 1320 651 φύσιν
1353 583 1635 654 ὑπάρχων,
1660 583 1808 637 ἔσται

1918 589 2054 644 Filio
2072 601 2295 660 apparet
2314 592 2418 646 vita
2447 594 2766 652 naturaliter
2781 575 3072 664 (assistens,
3088 602 3184 654 crit
3211 602 3309 658 hoc
3332 603 3494 659 etiam

203 669 346 722 τοῦτο
373 670 471 722 καὶ
504 671 537 722 6
577 670 743 736 Υἱὸς,
779 673 869 726 ἵνα
901 675 978 744 μὴ
1009 675 1274 746 ψεύδηται
1304 679 1402 749 τὴν
1425 678 1704 748 ὁμοίωσιν.

1923 680 2110 750 Filius,
2147 696 2214 738 ne
2241 682 2372 740 falsa
2402 685 2472 740 sit
2495 687 2809 744 similitudo.

211 786 400 848 suo,
440 783 521 838 ἐκ
594 783 726 838 τῶν
782 788 988 842 αὐτῶν
1031 789 1129 871 6ιρ
1172 791 1282 859 τῆς
1324 792 1412 857 εὶς
1439 793 1668 847 ἄτοπον
1706 792 1813 847 ἀπ-

901 877 1162 930 αγωγης.

163 1005 170 1010 .
264 967 390 1037 (nisi
411 985 524 1022 που
553 969 817 1040 Χριστός
841 987 854 1000 ·
891 990 910 1024 ι
952 974 1010 1026 '0
1043 975 1306 1047 ἑωρακὼς
1329 979 1451 1048 ἐμὲ,
1487 978 1701 1050 ἑώρακε
1723 979 1814 1033 τὸν

206 1063 427 1133 Πατέρα.
477 1082 498 1114 ι
537 1064 607 1117 Εἰ
651 1066 850 1120 τοίνυν
893 1070 1219 1125 ἐπείσακτον
1244 1073 1359 1143 ἤτοι
1386 1075 1529 1129 κατὰ
1557 1077 1814 1148 μετοχὴν,

208 1154 290 1208 ut
309 1155 408 1208 οὐκ
441 1155 734 1220 οὐσιῶδες
773 1156 893 1228 ἔχει
918 1158 978 1213 τὺ
1015 1158 1156 1214 εἶναι
1181 1161 1316 1233 ζωὴ,
1349 1164 1502 1218 ἔσται
1530 1165 1688 1220 τοῦτο
1721 1168 1817 1220 καὶ

203 1248 230 1299 6
258 1246 459 1317 Πατήρ.
488 1246 705 1316 Φυγὼν
735 1248 794 1301 δὲ
825 1249 921 1302 τοῦ
951 1250 1113 1320 λόγου
1133 1253 1231 1324 τὴν
1267 1255 1519 1321 ἀτοπίαν,
1558 1257 1617 1323 ἐξ
1649 1257 1816 1325 ἀνάγ-

202 1354 294 1405 κης
337 1337 731 1409 ὁμολογήσεις
780 1341 845 1395 τὸ
889 1341 1110 1413 ἕτερον’
1145 1344 1258 1415 ζωὴ
1302 1345 1410 1416 γὰρ
1466 1347 1608 1401 κατά
1652 1347 1814 1418 φύσιν

202 1430 228 1481 ὁ
255 1429 391 1492 “6;.

1986 795 2218 862 ALIUD,
2242 815 2308 854 ea:
2333 799 2518 856 iisdem
2547 819 2663 858 cum
2703 805 3000 861 reductioue
3019 809 3087 861 ml
3112 810 3420 866 absurdum.

1985 976 2236 1034 Christus
2261 978 2462 1036 alicubi
2494 982 2704 1052 inquit:
2747 1003 2767 1035 ι
2801 983 2902 1051 Qui
2954 988 3082 1041 vidit
3118 1004 3221 1055 me,
3257 992 3387 1045 vidit
3440 1003 3496 1048 et

1915 1064 2152 1122 Patrem.
2182 1085 2205 1122 ι
2241 1067 2298 1122 Si
2350 1084 2482 1138 ergo
2509 1072 2873 1126 accessorium
2909 1072 3009 1128 hoc
3071 1074 3147 1129 illi
3212 1087 3312 1140 est,
3378 1078 3496 1134 sive

1917 1173 2013 1228 per
2035 1159 2526 1228 participationem,
2579 1169 2634 1216 et
2689 1177 2794 1218 non
2836 1165 3145 1231 essentiale,
3197 1172 3342 1238 quod
3425 1170 3496 1224 sit

1917 1251 2046 1316 vita,
2091 1253 2196 1306 erit
2223 1253 2325 1308 hoc
2354 1253 2516 1308 etiam
2547 1253 2728 1310 Pater.
2763 1254 2928 1323 Cujus
2954 1257 3082 1312 dicti
3102 1259 3490 1315 absurditatem

1917 1341 2149 1414 fugiens,
2179 1346 2488 1401 necessario
2526 1345 2782 1402 fateberis
2807 1349 3136 1402 contrarium
3165 1368 3178 1404 :
3205 1351 3313 1405 vita
3347 1352 3492 1406 enim

1917 1444 1998 1490 est
2024 1436 2345 1492 naturaliter
2374 1437 2568 1493 Filius.

910 1550 1114 1606 AAAO.
2588 1550 2818 1608 ALIUD.

272 1660 329 1712 Εί
355 1659 448 1712 τοῦ
491 1661 728 1732 Πατρὸς
773 1663 878 1734 τὴν
911 1663 1104 1719 οὐσίαν
1145 1665 1174 1718 6
1206 1666 1334 1730 Υίὸς
1378 1668 1808 1740 ἀπαραλλάκτως

1987 1662 2046 1717 Si
2073 1661 2244 1718 Filius
2269 1663 2447 1719 Patris
2471 1663 2764 1720 essentiam
2791 1663 3100 1720 omnimodo
3135 1662 3296 1735 144
3341 1663 3494 1718 simi—

211 1751 629 1822 χαρακτηρίζειν
671 1751 930 1820 λέγεται,
965 1753 1084 1808 ἔστι
1117 1756 1174 1809 δὲ
1210 1757 1272 1810 οὐ
1307 1759 1450 1812 κατά
1483 1759 1808 1832 φύσινζωὴ,

1918 1754 2140 1812 litudine
2173 1756 2480 1826 exprimere
2517 1756 2735 1824 dicitur,
2760 1765 2953 1826 estque
2981 1756 3094 1826 ipse
3127 1772 3232 1810 non
3269 1765 3490 1810 natura-

215 1841 317 1895 ἀλλ’
345 1842 401 1894 ὲν
425 1843 762 1914 προσθήκης
794 1845 958 1916 μέρει
1009 1847 1167 1900 τοῦτο
1197 1848 1486 1920 λαμϐάνει,
1527 1851 1687 1906 τοῦτο
1720 1854 1808 1907 καὶ

1918 1847 2041 1903 liter
2067 1847 2198 1912 vita,
2225 1848 2319 1903 sed
2349 1862 2446 1918 per
2474 1847 2833 1918 adjectionem
2869 1848 2997 1902 illud
3053 1847 3270 1917 accipit,
3330 1848 3493 1901 Pater

221 1935 249 1985 δ
285 1935 464 2005 Πατὴρ
494 1936 863 2006 νοηθήσεται.
902 1937 978 1992 Τὸ
1005 1938 1064 1992 δὲ
1094 1941 1152 1992 ὲν
1179 1940 1388 2008 τούτοις
1415 1943 1638 2010 ἄτοπον,
1670 1963 1808 2017 παρ-

1918 1954 2134 2011 quoque
2163 1941 2266 1996 hoc
2289 1954 2413 1998 esse
2445 1939 2778 1997 censebitur.
2829 1939 2944 2002 Hoc
2993 1955 3123 1996 vero
3175 1940 3492 2006 absurdum,

229 2027 439 2083 εισοὶσει
462 2027 522 2080 τδ
546 2027 819 2092 ἐναντίον,
846 2029 989 2100 ὅπερ
1017 2031 1134 2084 ἐστὶ
1158 2033 1252 2089 καὶ
1289 2033 1510 2104 ἀληθές.

1918 2029 2412 2102 necessariojnfert
2443 2029 2776 2086 contrarium
2798 2067 2812 2094 ,
2845 2029 2986 2099 quod
3017 2037 3071 2085 et
3093 2045 3279 2084 verum
3319 2037 3425 2084 est.

891 2142 1099 2196 AAAO.
2614 2141 2848 2198 ALIUD.

289 2248 363 2302 Τὰ
385 2251 672 2322 ἑτερογενῆ
702 2269 770 2306 τε
797 2255 896 2309 καὶ
924 2256 1190 2328 ἑτεροφυῆ
1211 2259 1309 2329 τὴν
1343 2261 1513 2333 αὐτὴν
1533 2263 1808 2335 ἐνέργειαν

1985 2256 2118 2325 Quae
2146 2256 2345 2316 diversi
2375 2265 2501 2313 sunt
2531 2257 2749 2328 generis
2771 2265 2828 2312 et
2866 2265 3096 2322 natum,
3156 2270 3315 2314 nemo
3343 2271 3495 2312 com-

210 2338 362 2409 ἕχειν,
390 2342 486 2395 οὐκ
515 2343 588 2396 ἄν
620 2361 713 2408 τις
749 2344 869 2416 δῴη
905 2348 1218 2417 σωφρονῶν.
1251 2351 1387 2406 Οὐδὲ
1412 2353 1522 2425 γὰρ
1561 2355 1630 2410 ἂν
1658 2355 1808 2412 ὕδατι

1918 2365 2010 2421 pos
2041 2350 2240 2408 mentis
2261 2350 2508 2406 eamdem
2523 2349 2897 2420 operationem
2949 2349 3152 2408 habere
3185 2349 3363 2415 dicet;
3403 2364 3496 2404 ue-

207 2431 385 2504 πῦρὲν
430 2452 485 2488 τι
527 2436 632 2490 καὶ
671 2437 883 2491 ταυτὸν
925 2439 1299 2511 ὲνεργήσειεν,
1329 2443 1448 2498 ἀλλ’
1485 2446 1676 2517 ὥσπερ
1707 2449 1808 2502 ἀπ-

1918 2459 2020 2514 que
2038 2444 2182 2499 enim
2240 2443 2380 2513 ignis
2418 2451 2475 2498 et
2512 2457 2650 2513 aqua
2677 2442 2818 2499 idem
2880 2443 3148 2500 «alliciant:
3180 2445 3275 2499 sed
3306 2458 3496 2512 quem-

214 2527 610 2598 εσχοινισμένον
672 2529 870 2600 ἔχουσι
895 2533 996 2602 τῆς
1022 2532 1213 2598 οὐσίας
1253 2535 1376 2606 ἢτοι
1404 2537 1505 2608 τῆς
1524 2541 1808 2611 ποιότητος

1918 2532 2204 2589 admodum
2255 2533 2524 2589 diversam
2581 2532 2781 2588 habent
2815 2535 3067 2594 essentia
3089 2534 3206 2588 sive
3257 2532 3492 2600 qualita-

212 2617 296 2671 τὸν
321 2618 487 2687 λόγον,
524 2622 688 2676 οὕτω
725 2625 826 2678 καὶ
855 2623 1118 2698 διάφορον
1145 2627 1490 2684 ἀποδώσουσι
1517 2632 1617 2703 τὴν
1659 2633 1808 2705 ἐνέρ-

1918 2624 1985 2680 tis
2014 2625 2304 2689 rationem,
2333 2625 2406 2678 ita
2423 2623 2586 2683 etiam
2621 2622 2889 2678 diversam
2917 2623 3293 2692 operationem
3309 2623 3493 2679 edent.
3555 2697 3562 2706 δ

207 2725 364 2776 rcta-1.
389 2711 455 2765 BZ
490 2711 694 2766 τοίνυν
736 2713 888 2781 ζωῆς
923 2714 1077 2778 ὄντος
1098 2716 1240 2772 κατά
1267 2719 1432 2787 φύσιν
1447 2720 1543 2775 τοῦ
1572 2722 1807 2792 Πατρὸς,

1918 2713 1971 2772 Si
1992 2729 2124 2785 ergo
2143 2729 2267 2770 cum
2299 2711 2462 2769 Pater
2481 2713 2556 2770 sit
2578 2713 2900 2770 naturaliter
2931 2713 3065 2778 vita,
3107 2712 3279 2768 Filius
3315 2713 3368 2766 id
3403 2727 3497 2766 na-

198 2801 289 2854 οῠκ
318 2803 430 2857 ἔστι
481 2803 661 2858 τοῦτο
697 2805 827 2858 κατ’
851 2806 1044 2861 οὐσίαν
1072 2807 1100 2859 6
1134 2808 1282 2873 Υἱὸς,
1314 2809 1504 2882 ὥσπερ
1541 2815 1656 2877 τοῖς
1686 2831 1808 2885 χρι-

1918 2806 2166 2862 turaliter
2209 2820 2314 2862 non
2367 2813 2472 2872 est,
2541 2804 2996 2875 quemadmodum
3055 2806 3240 2860 hostes
3293 2804 3496 2859 Christi

199 2893 482 2963 στομάχοις
511 2893 697 2958 δοκεῖ,
725 2895 846 2958 πῶς
864 2895 964 2966 τὴν
990 2897 1159 2969 αὐτὴν
1184 2899 1464 2970 ἐνέργειαν
1489 2903 1709 2974 φορέσει
1732 2903 1808 2974 τῷ

1918 2899 2224 2969 opinantur,
2243 2911 2349 2967 quo
2361 2904 2522 2966 pacto
2535 2899 2781 2952 eamdem
2804 2912 2925 2953 cum
2949 2896 3020 2951 Pa
3029 2906 3111 2952 tre
3127 2912 3226 2968 ope
3235 2897 3498 2950 rationem

200 2982 395 3054 Πατρίς
423 2987 579 3057 Φησὶ
603 2987 723 3057 γάρ
761 3005 866 3040 που
900 2989 1159 3060 Χριστὸς,
1206 2991 1289 3044 ὅτι
1320 2991 1532 3065 ’Ὥσπερ
1565 2996 1593 3048 ὁ
1620 2995 1808 3072 Πατὴρ

1918 2990 2173 3048 habebit?
2211 2989 2392 3060 lnquit
2435 2988 2580 3044 enim
2627 2988 2828 3043 alicubi
2868 2987 3123 3044 Christus
3161 2989 3308 3058 quod
3337 2985 3497 3042 «Sic-

202 3075 282 3139 υῦς
311 3077 458 3132 θέλει
500 3079 799 3144 ζωοποιεῖ,
831 3079 978 3134 οὕτω
1014 3080 1107 3134 καὶ
1133 3083 1162 3136 6
1196 3082 1324 3147 Υἱὸς
1366 3084 1461 3148 οὓς
1485 3084 1629 3140 θέλει
1669 3086 1808 3147 ζωο-

1918 3093 1974 3140 ut
2023 3083 2190 3138 Pater
2206 3097 2344 3152 quos
2373 3081 2485 3138 vult
2508 3081 2766 3146 viviﬁcat,
2793 3080 2866 3134 ita
2901 3089 2956 3134 et
2980 3080 3150 3135 Filius
3190 3094 3327 3149 quos
3383 3080 3498 3135 vult

210 3171 343 3222 ποιεῖ.
366 3171 448 3224 Οὐ
504 3170 628 3241 γὰρ
645 3171 713 3241 δή
742 3188 847 3225 που
870 3171 1254 3236 ζωοποιεῖσθαι
1277 3175 1376 3245 μὲν
1396 3177 1602 3248 ἑτέρως
1621 3179 1808 3250 ἐροῦσι

1918 3174 2150 3230 viviﬁcat
2172 3174 2240 3229 ⁸ο.
2268 3192 2286 3225 ι
2310 3173 2495 3243 Neque
2512 3173 2656 3230 enim
2676 3170 2940 3226 viviﬁcari
2959 3171 3217 3229 dicuntur
3232 3181 3499 3241 quotquot

207 3261 310 3323 τοὺς
337 3263 455 3316 ὅσοι
500 3264 670 3334 παρὰ
698 3265 799 3316 τοῦ
843 3265 1056 3336 Πατρὺς
1084 3265 1245 3320 τοῦτο
1273 3267 1635 3339 λαμϐάνουσι,
1670 3271 1808 3335 Cmo-

1918 3280 1942 3319 a
1962 3263 2073 3320 Deo
2101 3265 2204 3319 hoc
2225 3263 2502 3334 accipiunt
2533 3280 2548 3318 :
2589 3261 2749 3318 aliter
2774 3274 2902 3316 vero
2924 3260 3016 3330 qui
3048 3277 3077 3315 a
3112 3260 3250 3316 Filio
3281 3261 3384 3316 hoc
3407 3275 3498 3316 ac-

212 3356 457 3410 ποιεῖσθαι
501 3356 568 3409 δὲ
645 3356 817 3412 πάλιν
859 3359 982 3412 καθ’
1015 3359 1202 3433 ἕτερον
1240 3362 1444 3432 τρόπον
1472 3364 1600 3428 τοὺς
1657 3366 1808 3436 πα.ρά

1918 3356 2139 3427 cipiunt.
2167 3355 2302 3410 Nam
2323 3357 2513 3418 eadem
2551 3356 2763 3412 ratione
2791 3356 2930 3412 dixit
2962 3356 3180 3412 Patrem
3211 3354 3493 3412 viviﬁcare

215 3444 289 3497 τοῦ
319 3448 442 3501 1·ίοῦ
498 3448 680 3502 τοῦτο
718 3449 1067 3520 δεχομένους.
1119 3452 1276 3507 Οὕτω
1324 3453 1435 3525 γὰρ
1461 3453 1631 3527 ἔφησε
1677 3456 1808 3521 ζωο-

1918 3463 2016 3519 qua
2048 3448 2287 3504 vivillcat
2334 3447 2526 3513 Filius,
2563 3447 2850 3504 declarans
2895 3462 2955 3505 se
2995 3449 3140 3504 omni
3222 3461 3287 3502 ex
3343 3456 3499 3518 parte

219 3541 356 3590 ποιεῖν
376 3539 475 3592 τὸν
517 3539 783 3611 Πατέρα,
813 3539 890 3606 ὡς
925 3542 990 3596 ἂν
1016 3543 1409 3615 ζωοποιήσειεν
1431 3548 1460 3600 ὁ
1485 3547 1634 3612 Υίὺς,
1665 3565 1808 3603 παν-

1918 3542 2156 3597 eamdem
2191 3555 2317 3598 cum
2339 3539 2502 3596 Patre
2522 3541 2894 3611 operationem
2951 3541 3176 3597 habere.
3224 3541 3495 3608 Quocirca

212 3630 349 3699 ταχοῦ
377 3631 488 3703 τὴν
549 3632 734 3703 αὐτὴν
765 3632 1050 3704 ἐνέργειαν
1073 3633 1264 3706 ἔχοντα
1292 3635 1370 3707 τῷ
1411 3637 1589 3709 Πατρὶ
1616 3638 1808 3694 ἑαυτὸν

1918 3649 2016 3690 non
2039 3632 2322 3698 dissimilis
2339 3641 2472 3689 esta
2511 3632 2710 3699 Patre;
2752 3633 2848 3689 sed
2871 3633 3122 3690 sicutille
3174 3633 3496 3689 naturaliter

198 3723 533 3795 ὁρέόμενος.
580 3722 802 3784 Οὐκοῦν
834 3723 934 3778 οὐκ
964 3725 1215 3797 ἀνόμοιος
1248 3726 1398 3782 ἔσται
1433 3729 1570 3800 πρὸς
1604 3731 1696 3785 τὸν
1716 3748 1808 3800 γε·

1918 3728 2021 3783 vita
2045 3727 2242 3784 dicitur
2267 3734 2444 3795 etest,
2480 3727 2557 3782 ita
2579 3736 2634 3784 et
2664 3726 2855 3784 Filius.

194 3813 521 3883 γεννηκότα·
576 3812 702 3867 ἀλλ’
744 3812 936 3885 ὥσπερ
975 3814 1182 3880 ἐκεῖνος
1223 3816 1383 3886 φύσει
1432 3817 1547 3890 ζωὴ
1587 3818 1807 3890 λέγεται

193 3905 279 3957 καί
308 3904 494 3971 ἔστιν,
529 3903 686 3958 οὕτω
716 3902 814 3957 καὶ
841 3905 871 3959 6
900 3905 1053 3970 Υἱός.

908 4019 1115 4073 ΔΛΛΟ.

2557 4013 2786 4072 ALIUD.

250 4127 316 4182 Et
341 4129 459 4199 τὴν
489 4127 769 4198 ἀλήθειαν
795 4130 917 4192 ταῖς
969 4129 1218 4184 Ἰωάννου
1248 4134 1453 4200 φωναῖς
1479 4131 1808 4205 ἐπιψηφιού-

1983 4131 2039 4185 Si
2077 4129 2301 4186 Joannis
2333 4127 2514 4184 verbis
2553 4124 2715 4181 ﬁdem
2755 4125 3098 4194 adhibemus,
3131 4126 3494 4183 concedcmus

191 4219 349 4288 μεϐα,
385 4220 581 4274 πάντα
630 4217 881 4287 δώσομεν
915 4217 1246 4290 ἐργάζεσθαι
1289 4221 1358 4275 δι’
1404 4220 1531 4276 Υίοῦ
1569 4225 1664 4278 τὸν
1697 4225 1808 4278 Πα-

1918 4226 2126 4282 Patrem
2155 4222 2336 4278 omnia
2369 4220 2586 4290 operari
2613 4234 2709 4290 per
2743 4219 2940 4276 Filium
2970 4219 3037 4272 ⁸¹.
3076 4218 3231 4285 Quod
3274 4220 3491 4288 quidem

189 4311 332 4382 τέρα.
378 4311 452 4363 Εἰ
487 4310 552 4362 δὲ
580 4309 768 4374 τοῦτο,
804 4308 864 4362 ἓν
895 4309 953 4363 δὲ
981 4309 1091 4363 τῶν
1121 4310 1300 4382 ἔργων
1336 4312 1430 4366 τοῦ
1465 4313 1676 4384 [ἰατρὸς
1712 4315 1807 4368 καὶ

1918 4316 1956 4372 si
1995 4327 2184 4370 verum
2213 4321 2299 4370 est
2323 4351 2338 4377 ,
2379 4325 2547 4374 unum
2591 4324 2720 4366 vero
2759 4325 2828 4366 ex
2879 4309 3135 4380 operibus
3171 4308 3351 4366 Patris
3412 4321 3495 4368 est

188 4399 244 4452 τὸ
269 4400 582 4464 ζωοποιεῖν
609 4414 791 4464 τινας,
821 4397 976 4453 ἔσται
1003 4399 1118 4470 ζωὴ
1157 4400 1300 4454 κατά
1325 4399 1486 4471 φύσιν
1511 4401 1541 4455 ὁ
1569 4401 1716 4470 Υἱὸς,
1739 4402 1806 4457 δι’

1918 4403 2198 4462 nonnullos
2220 4403 2524 4470 viviﬁcare,
2565 4409 2712 4460 certe
2739 4403 3064 4460 naturaliter
3099 4403 3206 4461 vita
3250 4405 3355 4460 erit
3404 4403 3495 4460 Fi-

187 4488 246 4546 οὗ
275 4493 351 4545 τὰ
389 4491 589 4544 πάντα
643 4488 922 4554 ζωοποιεῖ,
957 4491 1046 4544 ἵνα
1085 4489 1162 4561 μὴ
1189 4492 1343 4556 νόθος
1397 4493 1624 4564 μεσίτης
1660 4511 1804 4567 παρε-

1918 4497 2036 4563 lius,
2065 4509 2163 4566 per
2187 4509 2348 4566 quem
2372 4495 2558 4550 omnia
2579 4494 2844 4559 viviﬁcat,
2877 4488 2946 4550 n'e
2982 4496 3202 4564 spurius
3219 4497 3494 4553 mediator

189 4583 588 4654 εισαγὸμενος,
634 4580 907 4654 ἀμέτοχον
925 4581 1073 4655 δείξῃ
1112 4581 1248 4636 Θεοῦ
1292 4583 1354 4638 τὸ
1385 4586 1453 4657 τῇ
1477 4585 1616 4657 πρὸς
1637 4586 1803 4643 αὐτὸν

1918 4587 2255 4644 introductus
2291 4601 2489 4657 expers
2512 4586 2959 4657 participationis
3015 4586 3108 4641 Dei
3133 4587 3385 4660 ostendat
3440 4587 3493 4642 id

193 4676 378 4746 σχέσει
405 4673 888 4744 ζωοποιούμενον.

1918 4681 2054 4752 [ιιιοὰ
2079 4689 2326 4750 respectu
2351 4677 2522 4748 ipsius
2550 4675 2884 4736 viviﬁcatum
2923 4685 3026 4731 est.

909 4791 1113 4846 ΑΛΛΟ.

2583 4790 2818 4849 ALIUD.

261 4906 327 4962 Et
356 4906 608 4978 μεσίτης
639 4903 780 4958 Θεοῦ
808 4904 905 4960 καὶ
946 4905 1252 4978 ἀνθρώπων
1280 4908 1431 4962 ἐστὶν
1463 4911 1492 4962 6
1524 4909 1672 4976 Υἱὸς,
1695 4910 1806 4964 ὦσε

1977 4910 2042 4980 ,δι
2073 4907 2244 4972 Filius
2275 4907 2544 4964 mediator
2589 4914 2674 4962 est
2714 4904 2809 4962 Dei
2866 4914 2922 4961 et
2977 4905 3259 4962 hominum
3281 4905 3351 4974 ⁸⁸,
3399 4907 3492 4976 qui

205 5014 302 5069 np
331 5001 415 5064 εἰς
464 4997 711 5068 ἑνότητα
744 4998 981 5068 φυσικὴν
1025 4998 1316 5052 συνάπτων
1334 4999 1403 5054 τὰ
1437 4998 1600 5072 ἄκρα·
1630 5003 1804 5072 ἀναγ-

1918 5011 2156 5057 extrema
2184 4999 2351 5056 veluti
2381 4999 2434 5056 in
2467 4997 2729 5054 unitatem
2763 4997 3035 5069 copulavit
3064 5016 3078 5054 :
3111 4998 3480 5054 necessarium

215 5091 347 5141 ιιιὶον
389 5090 588 5142 εἰπεῖν
623 5088 730 5153 ὅτι,
785 5085 978 5160 ὥσπερ
1007 5088 1320 5160 ἀνθρώποις
1359 5091 1606 5164 συνήφθη
1639 5109 1800 5162 φυσι-

1918 5103 1994 5150 est
2025 5102 2104 5158 ut,
2131 5091 2587 5162 quemadmodum
2613 5090 2926 5148 hominibus
2967 5090 3291 5146 naturaliter
3317 5105 3488 5158 copu-

219 5179 314 5243 κῶς
343 5181 653 5252 ἄνθρωπος
687 5180 948 5249 γεγονὼς,
979 5180 1122 5235 οὕτω
1151 5182 1245 5237 καὶ
1284 5183 1382 5253 τῆς
1407 5182 1560 5246 θείας
1587 5183 1802 5252 φύσεως

213 5272 429 5344 ἢρτηται
452 5272 599 5335 Θεὸς
624 5272 767 5326 κατά
800 5271 964 5341 φύσιν
989 5273 1272 5345 ὑπάρχων.
1302 5275 1365 5328 Ei
1391 5275 1450 5328 δὲ
1475 5275 1652 5339 τοῦτο,
1677 5277 1801 5330 ἐπεὶ

204 5367 316 5417 κατ’
343 5365 547 5419 οὐσίαν
583 5364 681 5416 καὶ
717 5363 818 5416 οὐκ
847 5363 1046 5429 ἔξωθεν
1075 5364 1190 5436 ἔχει
1220 5365 1283 5418 τὸ
1313 5361 1455 5419 εἶναι
1488 5367 1602 5437 ζωὴ
1631 5368 1660 5420 ὁ
1686 5369 1800 5420 Πα-

201 5459 318 5531 τὴρ,
342 5461 508 5514 ἔσται
537 5457 788 5522 τοιοῦτος
816 5458 911 5512 καὶ
947 5461 976 5512 ὁ
1009 5459 1282 5531 προσεχὴς
1303 5458 1452 5529 αὐτῷ
1491 5460 1586 5514 καὶ
1610 5459 1667 5526 ἐξ
1700 5459 1799 5512 αὐ·-

198 5551 290 5605 τοῦ
316 5553 466 5606 κατά
489 5551 661 5621 φύσιν
690 5550 838 5613 Υἱός.

1907 5185 2048 5247 tatus
2073 5193 2178 5249 est,
2205 5198 2328 5240 cum
2361 5184 2538 5240 factus
2584 5192 2670 5240 est
2712 5184 2894 5252 homo,
2953 5184 3028 5240 ita
3079 5184 3246 5240 etiam
3295 5184 3492 5240 divinze

1909 5284 2120 5331 natura:
2149 5275 2332 5332 unitus
2351 5275 2443 5343 sit,
2476 5275 2620 5338 Deus
2654 5289 2780 5332 vere
2841 5276 3133 5332 exsistens.
3191 5274 3250 5330 Si
3306 5285 3488 5330 autem

1906 5369 2010 5424 hoc
2042 5381 2226 5421 verum
2258 5376 2364 5433 est,
2391 5381 2517 5423 cum
2584 5367 2954 5424 essentialiter
2979 5379 3034 5422 et
3086 5381 3192 5422 non
3217 5367 3490 5423 extrinse-

1905 5472 2002 5513 cus
2033 5458 2084 5512 id
2111 5459 2311 5514 habeat
2340 5457 2504 5514 Pater
2533 5461 2677 5528 quod
2701 5458 2775 5515 sit
2801 5459 2912 5515 vita
2944 5473 2961 5512 :
3009 5458 3115 5514 erit
3141 5457 3306 5514 etiam
3370 5473 3490 5513 om-

1907 5547 2034 5602 nino
2063 5547 2186 5601 talis
2209 5547 2302 5618 qui
2348 5549 2397 5604 ei
2437 5547 2760 5618 conjunctus
2797 5556 2902 5617 est,
2931 5557 2985 5606 et
3030 5548 3354 5606 naturaliter
3419 5563 3501 5606 ex,

1907 5639 2024 5710 ipso
2056 5647 2140 5693 est
2165 5637 2357 5695 Filius.

276 5793 494 5850 “Ioui.
536 5810 646 5858 xiv,
681 5794 735 5850 9.
815 5794 860 5826 ⁸ο
884 5791 1042 5849 Joan.
1080 5809 1132 5862 v,
1164 5792 1252 5849 2t.
1332 5793 1371 5824 ⁸⁸
1403 5789 1556 5848 Juau.
1597 5807 1677 5861 ιιι,
1709 5791 1794 5847 35.

1944 5793 1962 5847 ι
1993 5793 2237 5851 Tintotli.
2282 5811 2344 5862 ιι,
2381 5796 2433 5852 5.
