3996 6474
517 393 621 462 843

1182 503 1414 559 ALIUD.
1485 504 1492 511 ’

582 622 880 693 Scripturae
908 622 1111 694 passim
1142 620 1335 676 Filium
1392 628 1591 676 vocant
1641 617 1963 685 Veritatem,
2035 630 2091 675 et

513 730 629 784 Ipse
658 715 855 771 alicubi
885 717 952 771 de
979 715 1159 784 seipse
1192 713 1301 768 ait:
1338 731 1360 766 ι
1393 712 1507 780 Ege
1563 726 1683 768 sum
1744 710 2027 767 veritas”.
2060 729 2082 763 ι

516 804 572 858 Si
600 820 729 875 ergo
761 804 946 859 ﬁetitia
987 804 1180 875 inipso
1200 805 1311 859 vita
1332 813 1437 868 est,
1474 819 1580 860 non
1611 812 1795 859 autem
1820 804 2088 860 essentia-

516 896 640 952 liter
667 910 732 951 ac
765 911 909 964 vere,
938 911 1046 966 quo
1074 904 1235 965 pacto
1264 881 1386 951 non.
1403 896 1698 952 mentietur
1723 895 1915 951 dicens
1944 895 2090 963 seip-

510 998 632 1039 sum
660 998 782 1040 esse
813 986 1095 1040 veritatem
1115 986 1142 1039 ἲ
1170 983 1334 1054 Atqui
1398 1001 1505 1041 non
1533 984 1833 1040 mentitur:
1864 984 2087 1053 impium

507 1076 650 1130 enim
670 1075 772 1130 hoc
801 1076 887 1132 vel
914 1077 1029 1132 sola
1061 1078 1397 1149 cogitatione
1431 1076 1597 1133 fuerit
1630 1094 1644 1130 :
1678 1076 1880 1134 veritas
1906 1084 2089 1133 autem

506 1174 607 1221 est.
633 1164 773 1223 Vere
807 1167 973 1238 igitur
999 1167 1109 1225 vita
1140 1176 1246 1225 est.

1086 1369 1245 1444 145
1280 1368 1511 1427 ALIUD.

573 1481 631 1536 Si
665 1482 855 1537 notitia
893 1482 1075 1539 Patris
1099 1484 1338 1541 vivificat
1392 1500 1488 1542 eos
1525 1485 1617 1556 qui
1654 1483 1798 1540 illam
1854 1487 2075 1551 habent,

505 1575 743 1632 vivillcat
770 1590 899 1631 vero
928 1574 1178 1631 similiter
1202 1576 1366 1631 etiam
1397 1575 1587 1632 notitia
1649 1574 1770 1630 Filii
1806 1595 1819 1631 :
1855 1591 1962 1646 quo
1989 1593 2085 1647 pa-

504 1676 593 1721 cto
616 1682 723 1723 non
755 1665 919 1722 luerit
944 1666 1270 1722 naturaliter
1291 1666 1456 1732 idem,
1475 1667 1569 1737 qui
1622 1665 1802 1725 Patris
1833 1669 2083 1740 proprie-

1543 389 1602 446 S.
1642 388 1919 445 CYRILL]
1956 384 2428 443 ALEXANDRINI
2462 383 2782 442 ARCHIEP.

2117 509 2166 568 Α.

3668 386 3778 443 3H

2878 520 3083 575 ΛΑΜ».
3582 504 3585 507 “

2263 639 2546 713 Πανταχοῦ
2576 641 2668 693 τὸν
2701 638 2826 693 Υίὸν
2855 638 2913 692 αί
2942 635 3083 691 θεῖαι
3104 634 3322 706 Γραφα¹ι
3338 634 3598 689 καλοῦσιν
3627 632 3789 703 ’Λλήο

2192 731 2366 796 θειαν,
2388 722 2485 785 διαὶ
2516 729 2679 792 αὐτὸς
2707 728 2762 781 δὲ
2792 727 2920 800 περὶ
2942 724 3138 780 ἑαυτοῦ
3159 724 3318 779 τοῦτό
3345 741 3510 796 φησιν
3529 741 3544 756 ’
3570 744 3590 777 ι
3635 724 3781 792 Ἐγὼ

2192 822 2328 892 είμι,
2355 821 2549 890 λέγων,
2587 821 2621 891 ἡ
2648 817 2895 891 ἀλήθεια.
2939 836 2959 869 ι
2998 817 3063 871 Ei
3099 815 3280 871 τοίνυν
3306 815 3695 887 διεψευσμένον
3714 816 3785 868 ἐν

2189 912 2340 985 αὐτῷ
2370 913 2432 966 τὸ
2464 912 2566 984 τῆς
2613 909 2762 982 ζωῆς
2790 911 3042 983 πρᾶγμα,
3081 910 3179 963 καὶ
3205 908 3307 963 οὐκ
3348 908 3625 975 οὐσιῶδες,
3650 908 3780 962 οὐδὲ

2190 1003 2466 1075 ἀληθινὸν,
2502 1004 2620 1066 πῶς
2649 1004 2710 1057 οὐ
2745 1003 3008 1073 ψεύσεται
3053 1001 3230 1071 λέγων
3272 1001 3468 1054 ἑαυτὸν
3512 997 3781 1071 εἶναιτὴν

2189 1094 2479 1166 ἁλήθειαν;
2527 1094 2689 1149 Ἀλλὰ
2728 1095 2836 1166 μὴν
2863 1092 2926 1147 οὐ
2966 1092 3223 1163 ψεύδεται
3247 1109 3261 1123 ·
3292 1092 3454 1145 τοῦτο
3501 1093 3610 1163 γὰρ
3644 1092 3782 1145 ἀσε-

2190 1185 2283 1250 ϐὲς
2327 1185 2422 1240 καὶ
2461 1184 2624 1257 μόνον
2675 1186 2909 1240 ἐννοεῖν⁹
2942 1181 3173 1251 ἀλήθεια
3216 1180 3275 1235 δέ
3319 1183 3489 1239 ἐστιν.
3522 1182 3634 1235 Οὐκ
3661 1181 3780 1252 ἄρα

2188 1277 2573 1349 διεψευσμένον
2610 1276 2722 1348 ἔχει
2751 1276 2814 1329 τὸ
2853 1270 2996 1329 εἶναι
3025 1274 3164 1345 ζωή.

2874 1385 3076 1439 ΑΛΛΟ.

2256 1500 2320 1555 Ei
2352 1500 2605 1566 ζωοποιεῖ
2629 1498 2725 1553 τοῦ
2753 1497 2966 1568 Harpe;
2992 1499 3026 1569 ὴ
3050 1498 3249 1565 γνῶσις
3270 1497 3397 1559 τοὺς
3425 1495 3647 1566 ἔχοντας
3676 1493 3783 1547 αὐαι-

2184 1593 2304 1664 τὴν,
2352 1593 2609 1659 ζωοποιεῖ
2647 1592 2705 1647 δὲ
2743 1591 2947 1663 ὁμοίως
2980 1590 3077 1645 καὶ
3115 1592 3150 1660 ἡ
3195 1587 3290 1643 τοῦ
3328 1587 3482 1653 Υἱοῢ,
3524 1585 3644 1650 πῶς
3671 1586 3787 1646 οὐκ,

2183 1684 2337 1737 ἔσται
2373 1682 2494 1736 κατ’
2521 1682 2712 1735 οὐσίαν
2731 1681 2761 1734 6
2783 1680 2967 1743 αὐτὸς,
2995 1680 3025 1732 6
3059 1681 3179 1742 ταῖς
3202 1677 3300 1732 τοῦ
3326 1676 3542 1749 Ila-cpe;
3579 1676 3782 1747 ἰδιότη-

505 1767 641 1813 tates
666 1757 803 1815 adeo
830 1757 1161 1816 excellentes
1188 1758 1351 1815 habet
1377 1758 1430 1815 in
1454 1771 1514 1815 se
1583 1769 1746 1832 atque
1793 1761 1912 1830 ipse
1977 1760 2078 1817 Pa-

2189 1791 2269 1829 σιν
2300 1773 2444 1828 οὕτω
2480 1770 2820 1843 διαπρέπων,
2850 1768 2927 1833 ὡς
2958 1768 3027 1822 ἂν
3066 1768 3117 1822 si
3151 1767 3246 1822 καὶ
3291 1765 3452 1831 αὐτὸς
3482 1769 3511 1820 6
3543 1754 3782 1838 Πατήρ;

504 1858 584 1905 ιει·
600 1850 624 1904 ?

674 1963 906 2032 ALIUD,
944 1982 1037 2037 per
1070 1966 1429 2023 reductionem
1491 1968 1563 2023 ad
1588 1969 1900 2027 absurdum.

575 2095 596 2129 α
625 2076 1091 2145 Quemadmodum
1122 2078 1322 2147 Pater,
1356 2079 1534 2151 inquit
1580 2081 1884 2154 Scriptura,
1919 2082 2086 2142 habet

501 2169 666 2226 vitam
701 2170 754 2225 in
784 2170 988 2241 seipse,
1023 2171 1101 2226 ita
1130 2179 1188 2227 et
1222 2170 1361 2227 Filio
1398 2172 1548 2229 dedit
1582 2172 1783 2229 habere
1836 2174 2002 2230 vitam
2028 2179 2083 2233 in

506 2259 707 2330 seipse.
750 2277 768 2312 ι
805 2258 909 2316 llic
949 2260 1042 2330 qui
1093 2268 1241 2316 recte
1285 2259 1489 2318 sentire
1538 2261 1767 2329 nolunt,
1807 2277 2083 2320 summum

504 2348 856 2421 blasphemia:
884 2349 1185 2422 periculum
1224 2351 1529 2407 incurrunt.
1559 2351 1692 2408 Nam
1723 2353 1769 2410 si
1798 2352 1962 2409 Pater
2001 2354 2085 2411 di-

505 2444 649 2499 citur
681 2444 885 2500 habere
922 2442 977 2498 in
1013 2442 1194 2514 seipse
1216 2443 1407 2511 vitam,
1440 2443 1713 2501 diversum
1778 2445 1907 2517 quid
1934 2455 2021 2503 est
2050 2461 2081 2500 a

500 2537 611 2594 vita
640 2552 762 2608 qua:
804 2537 858 2592 in
907 2552 967 2595 se
1019 2546 1126 2596 est.
1196 2537 1253 2593 Si
1309 2544 1489 2594 autem
1553 2539 1656 2596 hoc
1710 2539 2081 2611 duplicitatem

502 2631 788 2700 quamdam
822 2639 880 2687 et
909 2630 1356 2700 compositionem
1410 2630 1619 2687 inferre
1665 2632 1919 2697 videtur,
1971 2649 2084 2705 quo

499 2731 655 2791 pacto
677 2722 841 2790 igitur
893 2723 1122 2793 simplex
1151 2733 1205 2780 et
1257 2739 1364 2779 non
1417 2726 1753 2794 compositus
1782 2725 2080 2781 secundum

499 2797 792 2870 essentiam
826 2824 910 2870 est
936 2814 1117 2870 Deus?
1148 2816 1254 2871 Sed
1312 2817 1415 2872 hee
1472 2817 1772 2873 absurdum
1806 2827 1914 2872 est.
1951 2817 2078 2873 Vita

501 2906 667 2975 igitur
688 2920 849 2976 quam
891 2906 1058 2961 habet
1092 2905 1255 2961 Pater
1287 2907 1341 2961 in
1372 2905 1571 2977 seipse,
1606 2921 1712 2963 non
1772 2917 1857 2963 est
1888 2908 1994 2963 alia
2026 2918 2084 2965 et

498 2997 712 3050 diversa
742 2995 985 3063 quaedam
1009 3011 1040 3051 a
1072 2994 1331 3053 Filio:et
1371 2997 1638 3064 vicissim,
1688 2998 1797 3053 vita
1846 3013 1971 3069 quae
2023 3000 2078 3054 in

499 3087 636 3144 Filio
687 3096 769 3143 est
799 3102 904 3142 non
941 3097 1048 3156 est,
1098 3089 1315 3145 diversa
1362 3105 1392 3144 a
1428 3090 1612 3157 Patre,
1644 3101 1700 3147 et
1740 3106 1869 3149 vere
1903 3093 2076 3150 dicit:

501 3195 522 3245 ι
562 3178 676 3248 Ege
708 3177 762 3233 in
787 3176 971 3247 Patre,
988 3188 1046 3235 et
1081 3176 1244 3234 Pater
1271 3179 1326 3234 in
1353 3194 1440 3237 me
1460 3180 1527 3237 “.
1563 3199 1582 3237 ι

1187 3291 1419 3367 ALIUD.

566 3403 698 3472 Quae
723 3405 833 3461 Deo
864 3420 926 3470 ac
949 3404 1099 3474 Patri
1117 3405 1326 3475 insunt,
1348 3410 1628 3468 naturales
1673 3420 1730 3468 et
1760 3413 2077 3473 essentiales

495 3496 855 3569 proprietates
891 3512 1094 3562 vocans
1126 3497 1348 3571 Paulus,
1384 3500 1583 3559 alicubi
1631 3502 1705 3560 ita
1737 3504 1816 3560 ait
1847 3522 1861 3560 :
1899 3522 1920 3556 ‹
1975 3505 2077 3572 Qui

494 3588 644 3652 solus
682 3587 844 3664 habet
876 3590 1342 3664 immortalitatem
1376 3594 1445 3652 ⁸⁵.
1472 3615 1492 3651 ι
1521 3595 1579 3652 Si
1636 3612 1768 3654 vero
1800 3598 2076 3671 quispiam

494 3683 682 3739 dicens
707 3682 1197 3761 immortalitatem,
1221 3686 1356 3755 nihil
1394 3689 1536 3744 aliud
1558 3702 1656 3762 per
1699 3690 1753 3746 id
1812 3690 2079 3763 intelligat

492 3789 653 3844 quam
693 3776 881 3843 vitam,
902 3777 1009 3833 vita
1040 3788 1220 3834 autem
1239 3788 1325 3836 est
1351 3777 1523 3836 Filius
1554 3780 1742 3837 dicens
1774 3798 1788 3836 :
1819 3781 1932 3854 Ego
1956 3769 2076 3839 sum

492 3868 603 3923 vita
621 3868 705 3937 8‘;
734 3869 1225 3940 ergePaterhabet
1256 3872 1310 3927 in
1338 3872 1519 3942 seipse
1568 3871 1760 3937 vitam,
1816 3874 2076 3931 nimirum

492 3958 689 4017 Filium
717 3979 732 4017 :
766 3976 942 4033 neque
976 3962 1248 4020 diversum
1279 3964 1408 4036 quid
1440 3979 1471 4019 a
1510 3979 1591 4021 se.
1624 3964 1745 4036 Ipse
1794 3965 1959 4022 etiam
2004 3968 2079 4023 si-

490 4052 689 4126 militer
718 4054 989 4110 exsistens
1012 4054 1142 4125 vita,
1172 4054 1322 4112 dedit
1351 4057 1590 4126 seipsum
1617 4055 1788 4123 Filio;
1819 4073 1929 4114 non
1947 4067 2073 4114 tan-

491 4160 653 4213 quam
696 4160 896 4216 cerpus
930 4147 1147 4218 corpori
1173 4149 1543 4218 committens,
1582 4164 1763 4221 neque
1816 4162 2074 4221 tanquam

489 4235 688 4295 cedens
717 4235 854 4294 Filio
872 4254 1027 4295 suam
1052 4241 1470 4312 hypostasim,et
1491 4228 1754 4314 deinceps
1768 4258 1892 4301 esse
1913 4258 2074 4300 suum

488 4329 544 4383 in
566 4327 707 4385 Filio
733 4330 979 4399 habens;
1019 4328 1113 4389 sed
1154 4332 1429 4389 exsistens
1473 4333 1527 4388 id
1553 4333 1699 4403 quod
1724 4348 1943 4406 semper
1993 4345 2077 4391 est

2366 1976 2569 2041 ΑΛΛΟ,
2603 1974 2702 2028 διὰ
2731 1970 2839 2041 τῆς
2865 1973 2952 2038 εἰς
2990 1968 3221 2026 ἄτοπον
3245 1967 3592 2040 ἀπαγωγῆς.

2260 2113 2278 2147 ι
2304 2093 2519 2161 ’Ὠσπερ
2539 2090 2568 2143 ό
2587 2088 2802 2160 Πατὴρ,
2826 2087 3012 2157 φησὶν,
3034 2083 3146 2156 ἔχει
3168 2081 3312 2155 ζωὴν
3328 2083 3388 2136 ὲν
3407 2080 3607 2153 ἑαυτῷ,
3628 2080 3786 2135 οὕτω

2185 2184 2280 2238 καὶ
2315 2181 2395 2254 τῷ
2423 2180 2537 2252 Υίῷ
2551 2180 2750 2234 δέδωκε
2777 2177 2922 2249 ζωὴν
2948 2175 3092 2248 ἔχειν
3117 2178 3176 2229 ὲν
3205 2174 3412 2245 ἑαυτῷο
3450 2194 3467 2226 ι
3504 2174 3783 2228 Ἐνταῦθα

2183 2278 2295 2339 τοῖς
2327 2274 2430 2328 οὐκ
2481 2270 2726 2324 ἐθέλουσι
2772 2273 2914 2337 νοεῖν
2943 2266 3143 2337 ὀρθῶς,
3177 2267 3262 2331 είς
3314 2264 3516 2337 πολλὴν
3545 2268 3575 2320 6
3614 2265 3783 2336 λόγος

2185 2362 2520 2420 κινδυνεύσει
2554 2358 2871 2432 δυσφημίαν
2925 2359 3199 2413 ἐκπεσεῖν.
3256 2358 3320 2411 Ei
3359 2358 3471 2429 γὰρ
3515 2355 3662 2428 ἔχειν
3716 2358 3791 2412 ἐν

2184 2456 2364 2528 ἑαυτῷ
2400 2455 2620 2524 λέγεται
2648 2451 2795 2524 ζωὴν
2821 2453 2851 2506 6
2880 2451 3095 2522 Πατὴρ,
3127 2450 3316 2520 ἕτερόν
3344 2449 3397 2503 τί
3427 2448 3579 2502 ἐστιν
3607 2448 3784 2515 αὐτὸς

2185 2548 2342 2621 παρὰ
2391 2547 2489 2620 τὴν
2519 2547 2579 2600 ἐν
2622 2545 2773 2616 αὐτῷ
2810 2544 2979 2616 ζωήν.
3034 2543 3099 2598 Ei
3128 2542 3185 2597 δὲ
3235 2541 3395 2596 τοῦτο
3445 2540 3640 2613 διπλόη
3688 2560 3783 2605 τις

2183 2642 2373 2712 ὥσπερ
2395 2640 2489 2695 καὶ
2515 2637 2765 2703 σύνθεσις
2803 2639 2933 2708 περὶ
2959 2634 3123 2691 αὐτὸν
3148 2633 3501 2706 νοηθήσεται,
3536 2633 3655 2697 πῶς
3677 2629 3783 2688 οὖν

2184 2734 2387 2798 ἁπλοῦς
2407 2733 2502 2788 καὶ
2528 2730 2780 2794 σύνθετος
2800 2729 2920 2783 κατ’
2948 2727 3138 2782 οὐσίαν
3163 2728 3194 2781 ό
3219 2726 3354 2790 Θεός
3372 2730 3403 2791 ;’
3428 2725 3587 2781 Ἀλλά
3610 2725 3780 2789 τοῦτο

2181 2828 2404 2883 ἄτοπον.
2447 2826 2514 2879 ’Β
2534 2824 2647 2895 ζωὴ
2689 2824 2796 2897 ἄρα
2820 2823 2888 2894 ἢν
2927 2820 3043 2893 ἔχει
3072 2823 3102 2874 6
3133 2818 3324 2891 Πατὴρ
3351 2822 3411 2873 ἐν
3438 2819 3636 2891 ἑαυτῷ,
3672 2820 3783 2890 οὐχ

2182 2919 2346 2989 ἑτέρα
2367 2917 2452 2981 τίς
2479 2916 2601 2971 ἔστι
2649 2911 2804 2985 παρὰ
2829 2912 2923 2967 τὸν
2963 2911 3127 2966 Υίόν⁹
3160 2912 3257 2966 καὶ
3290 2910 3455 2965 πάλιν
3485 2913 3518 2982 ἡ
3567 2913 3627 2965 ὲν
3653 2911 3782 2982 Υἱῷ

2181 3006 2318 3078 ζωὴ,
2351 3005 2451 3077 οὐχ
2477 3004 2640 3077 ἑτέρα
2672 3003 2756 3066 τίς
2783 3003 2901 3055 ἐστι
2930 2998 3084 3071 παρὰ
3113 2998 3206 3053 τὸν
3236 2998 3479 3070 Πατέρα,
3514 2997 3609 3051 καὶ
3635 2995 3780 3064 ἀλη-

2182 3098 2330 3153 θεύει
2355 3097 2527 3167 λέγων
2550 3113 2564 3127 ·
2599 3115 2618 3149 ι
2661 3092 2805 3163 Ἐγὼ
2849 3093 2910 3147 ὲν
2954 3091 3030 3163 τῷ
3058 3088 3236 3161 llath
3267 3089 3363 3146 καὶ
3403 3089 3433 3142 6
3474 3088 3665 3162 Πατὴρ
3716 3092 3785 3144 ὲν

2102 3193 2148 3257 C
2178 3190 2322 3262 ἐμοί.
2362 3207 2379 3239 ι

2870 3296 3072 3350 ΔΔΛΟ.

2250 3411 2333 3469 Τὰ
2365 3410 2636 3483 προσόντα
2660 3407 2737 3481 τῷ
2763 3407 2882 3481 Θεῷ
2908 3409 3001 3462 καὶ
3026 3408 3200 3480 Πατρὶ
3221 3410 3429 3478 φυσικά
3461 3426 3520 3463 τε
3554 3411 3648 3463 καὶ
3674 3410 3774 3479 ού-

2181 3505 2344 3576 σιώδη
2370 3504 2544 3574 λέγων
2595 3501 2884 3573 ἰδιώματα,
2925 3500 3061 3572 φησί
3095 3517 3197 3554 που
3232 3499 3475 3565 Παῦλοςο
3510 3521 3529 3553 ι
3578 3501 3637 3555 ’0
3668 3502 3776 3572 p.6—

2179 3615 2268 3662 νος
2299 3596 2438 3669 ἐχων
2494 3595 2813 3650 ἀθανασίαν.
2861 3612 2882 3646 ι
2928 3592 2992 3646 Εἰ
3038 3592 3219 3646 τοίνυν
3249 3591 3403 3647 οὐδὲν
3453 3592 3641 3664 ἔτερόν
3680 3610 3779 3671 τις

2178 3689 2404 3761 ὁριεῖται
2435 3686 2611 3756 λέγων
2642 3684 2743 3755 τὴν
2769 3682 3072 3738 ἀθανασίαν
3107 3682 3259 3755 παρὰ
3285 3683 3384 3755 τὴν
3425 3684 3592 3755 ζωὴν,
3623 3683 3779 3759 αὕτη

2179 3780 2234 3834 δέ
2266 3780 2416 3849 ἐστιν
2457 3781 2485 3834 δ
2524 3777 2652 3842 mg
2688 3779 2717 3831 6
2749 3776 2958 3844 λέγων·
3026 3775 3166 3845 Ἑγὼ
3188 3778 3303 3846 είμι
3338 3778 3372 3846 ἡ
3401 3775 3539 3848 ζωὴ,
3588 3776 3618 3827 ὁ
3652 3764 3782 3831 11a:

2179 3872 2282 3946 τὴρ
2311 3872 2427 3943 ἔχει
2459 3869 2604 3942 ζωὴν
2629 3871 2686 3923 ὲν
2728 3866 2926 3938 ἐαυτῷ,
2952 3868 3045 3927 τὸν
3084 3868 3210 3929 re»,
3243 3867 3510 3939 δηλονότι,
3544 3869 3641 3922 καὶ
3669 3871 3773 3941 οὐχ

2179 3963 2364 4036 ἕτερόν
2389 3981 2441 4017 τι
2462 3961 2594 4034 παρ’
2620 3960 2808 4016 αὐτόν.
2839 3960 3010 4025 Αὐτός
3034 3977 3095 4013 τε
3114 3960 3316 4031 ὁμοίως
3336 3961 3598 4032 ὑπάρχων
3629 3961 3774 4034 ζωὴ,

2178 4053 2409 4107 δέδωκεν
2439 4050 2631 4106 ἑαυτὸν
2662 4050 2741 4121 τῷ
2773 4048 2889 4119 Υἱῷ
2912 4066 2927 4080 ”
2969 4049 3069 4120 οὐχ
3098 4049 3173 4113 ὡς
3206 4048 3366 4120 σῶμα
3408 4051 3669 4122 χωρήσας
3712 4052 3773 4106 ἐν

2181 4134 2416 4215 σώματι,
2437 4143 2545 4196 οὐδ’
2566 4141 2642 4206 ὡς
2666 4142 2748 4213 τῷ
2771 4142 2887 4213 Υἱῳ
2910 4142 3327 4213 παραχωρήσας
3347 4142 3448 4214 τὴν
3477 4143 3616 4196 ἰδίαν
3644 4144 3771 4198 ὑπά

2182 4253 2392 4302 στασιν,
2421 4236 2516 4290 καὶ
2539 4237 2598 4288 ἐν
2620 4234 2772 4304 αὐτῷ
2790 4234 2976 4288 λοιπὸν
2990 4233 3053 4286 τὸ
3076 4231 3216 4289 εἶναι
3238 4233 3379 4305 ἔχων
3403 4250 3418 4267 ο
3448 4236 3565 4290 ἀλλ’
3589 4236 3769 4307 ὑπάρο

2179 4346 2290 4401 χων
2318 4328 2420 4400 μὲν
2454 4327 2603 4383 τοῦθ’
2633 4328 2772 4400 ὅπερ
2803 4329 2954 4383 ἐστὶν
2997 4329 3088 4383 ἀεὶ
3133 4328 3324 4402 Πατὴρ
3370 4331 3465 4384 καὶ
3494 4329 3650 4394 Θεός.
3686 4331 3770 4402 Τῇ

488 4420 654 4477 Pater
684 4438 748 4479 ac
789 4422 950 4481 Deus.
976 4425 1239 4497 Essentite
1266 4439 1397 4481 vero
1431 4426 1740 4495 identitate,
1784 4437 1840 4484 et
1863 4438 2075 4485 natura;

2189 4421 2235 4475 se
2260 4421 2364 4493 τῆς
2393 4421 2584 4485 οὐσίας
2610 4421 2902 4493 ταυτότητι
2934 4420 3029 4475 καὶ
3074 4423 3139 4492 τῇ
3176 4422 3274 4493 τῆς
3303 4422 3521 4491 φύσεως
3553 4422 3771 4492 ἑνότητα

490 4515 697 4607 unitate
719 4514 1066 4594 ineliabiliter
1097 4532 1221 4592 cum
1251 4517 1428 4592 Verbo
1450 4520 1597 4607 quod
1620 4534 1688 4591 ex
1717 4534 1776 4576 se
1804 4521 2075 4591 processit

489 4605 791 4677 copulatus.

1159 4719 1398 4780 ALIUD.

558 4832 906 4908 Quaecunque
934 4834 1259 4891 naturaliter
1278 4852 1343 4892 ac
1370 4835 1743 4893 essentialiter
1784 4835 1936 4893 Patri
1992 4838 2070 4893 in-

486 4938 606 4980 esse
635 4925 915 4992 dicuntur,
944 4925 1036 4981 illa
1057 4927 1239 4982 omnia
1270 4934 1357 4983 est
1374 4925 1565 4984 Filius.
1602 4927 1765 4986 Solus
1789 4928 1952 4984 Pater
1981 4944 2072 4987 ve.-

490 5033 580 5073 rus
628 5020 770 5076 Deus
798 5026 904 5084 est,
958 5019 1085 5088 quia
1106 5020 1255 5076 Solus
1292 5021 1458 5078 habet
1498 5021 1697 5077 Filium
1744 5022 2017 5078 dicentem
2052 5042 2067 5078 :

486 5111 597 5180 Ege
624 5127 744 5166 sum
777 5111 983 5167 veritas
1011 5110 1079 5164 ⁸⁷.
1132 5110 1364 5178 Sapiens
1422 5127 1488 5168 ac
1533 5122 1729 5182 potens
1772 5112 2025 5170 similiter
2052 5152 2068 5180 ,

453 5203 611 5268 .quia
635 5201 885 5257 Christus
916 5200 1011 5255 Dei
1045 5203 1311 5271 potentia,
1340 5213 1396 5257 et
1445 5202 1541 5260 Dei
1577 5204 1868 5274 sapientia.
1906 5203 2069 5261 Solus

487 5294 1016 5351 diciturinbabitare
1051 5293 1234 5371 lucem
1290 5296 1725 5353 inaccessibilem
1780 5298 1866 5353 ⁸⁸ς
1907 5298 2072 5355 habet

485 5387 632 5440 enim
662 5385 718 5439 in
745 5384 927 5453 seipse
956 5383 1224 5441 dicentem
1253 5402 1268 5439 :
1304 5386 1418 5459 Ege
1457 5402 1576 5443 sum
1622 5388 1734 5443 lux.
1777 5388 1936 5445 Solus
1972 5390 2071 5445 im-

489 5474 879 5530 mortalitatem
901 5475 1104 5532 habere
1133 5477 1352 5546 dicitur,
1380 5480 1506 5549 quia
1532 5480 1695 5535 habet
1714 5481 1766 5535 in
1784 5496 1845 5537 se
1871 5480 2068 5535 Filium

487 5566 759 5620 dicentem
791 5584 805 5621 :
838 5565 952 5639 Ege
979 5584 1100 5625 sum
1125 5569 1259 5626 vita.
1313 5570 1373 5626 Si
1430 5587 1558 5644 ergo
1601 5573 1862 5652 quidquid
1920 5572 2071 5627 Patri

489 5658 768 5737 proprium
800 5671 905 5729 est,
937 5663 1040 5720 hoc
1078 5664 1254 5736 ipsum
1305 5673 1391 5720 est
1416 5663 1620 5738 Filius:
1645 5681 1769 5721 cum
1797 5664 1959 5720 Pater
1990 5666 2071 5720 di-

2179 4513 2317 4586 πρὸς
2348 4513 2440 4567 τὸν
2461 4513 2518 4580 ἐξ
2542 4513 2706 4568 αὐτοῦ
2731 4515 3064 4587 προελθόντα
3080 4514 3254 4584 Λόγον
3280 4514 3610 4586 ἁπορρήτως
3640 4530 3768 4577 συν·

2147 4670 2151 4675 τ
2177 4606 2454 4679 δούμενος.

2876 4726 3079 4797 ΑΛΛΟ.

2248 4837 2390 4889 Ὅσα
2432 4841 2712 4910 προσεῖναι
2742 4837 2961 4906 λέγεται
2986 4837 3064 4908 τῷ
3108 4837 3264 4908 ,ατρὶ
3293 4835 3542 4906 φυσικῶς
3578 4852 3642 4889 τε
3675 4839 3769 4891 καὶ

2177 4929 2472 4994 ούσιωδῶς,
2498 4930 2673 4984 ταῦτα
2697 4931 2879 4986 πάντα
2905 4931 3052 4984 ἐστὶν
3078 4931 3107 4983 6
3134 4919 3280 4992 Υἱός.
3306 4928 3486 4992 Μόνος
3512 4927 3768 4999 ἀληθινὸς

2177 5022 2396 5091 λέγεται
2426 5020 2559 5087 Θεὸς
2600 5024 2631 5076 6
2664 5023 2878 5093 Πατὴρ,
2925 5021 3116 5094 ἐπειδὴ
3164 5021 3325 5091 μόνος
3356 5020 3471 5091 ἔχει
3513 5019 3607 5073 τὸν
3637 5020 3776 5075 Υίὺν

2178 5116 2271 5171 τὸν
2328 5114 2588 5185 λέγοντα·
2668 5114 2810 5182 Ἐγώ
2859 5117 2977 5187 εἰμι
3020 5117 3054 5185 ἡ
3128 5112 3379 5185 ἀλήθεια.
3443 5111 3616 5180 Σοφὸς
3674 5113 3767 5165 καὶ

2176 5206 2401 5271 δυνατὸς
2415 5207 2636 5277 ὁμοίιος.
2652 5205 2777 5259 ἐπεὶ
2802 5204 3034 5274 Χριστὸς
3061 5203 3200 5256 Θεοῦ
3225 5200 3480 5272 δύναμις,
3509 5201 3605 5253 καὶ
3629 5201 3771 5254 θεοῦ

2175 5297 2356 5367 σοφία.
2390 5298 2568 5360 Μόνος
2615 5296 2835 5365 λέγεται
2874 5299 2993 5364 φῶς
3041 5296 3212 5348 οἰκεῖν
3267 5291 3600 5363 ἀπρόσιτον·
3654 5290 3766 5360 ἔχει

2174 5389 2281 5461 γὰρ
2304 5391 2361 5444 ἐν
2401 5387 2577 5459 ἑαυτῷ
2602 5389 2695 5442 τὸν
2723 5387 2950 5456 λέγοντα
2971 5401 2983 5414 '
3019 5384 3161 5454 Ἐγώ
3188 5386 3302 5454 εἰμι
3336 5381 3397 5437 τὸ
3431 5381 3569 5452 φῶς.
3591 5381 3768 5444 Μόνος

2174 5480 2319 5551 ἔχειν
2350 5480 2650 5535 ἀθανασίαν
2696 5479 2937 5548 λέγεται·
2960 5477 3071 5548 ἕχει
3111 5478 3222 5548 γὰρ
3255 5476 3314 5527 ὲν
3345 5472 3526 5544 ἑαυτῷ
3550 5470 3646 5525 τόν
3679 5470 3771 5524 λέ-

2176 5590 2341 5641 γοντα
2372 5572 2498 5625 Υἰόν
2519 5588 2532 5603 ο
2584 5572 2724 5641 Ἐγώ
2745 5573 2861 5642 είμι
2896 5573 2928 5640 ἡ
2958 5570 3094 5639 ζωή.
3128 5570 3189 5621 ΕΞ
3232 5567 3412 5621 τοίνυν
3451 5564 3682 5633 σύμπαν
3708 5560 3768 5615 τὸ

2176 5665 2269 5720 τοῦ
2300 5665 2510 5737 Πατρὸς
2540 5666 2693 5729 ἴδιον,
2728 5663 2889 5718 τοῦτό
2932 5663 3079 5715 ἐστιν
3114 5664 3142 5715 6
3172 5660 3323 5724 Υἱὸς,
3364 5661 3491 5714 ὅταν
3536 5656 3766 5724 λέγηται

562 5833 785 5893 "Jean.
818 5856 931 5909 xw,
960 5844 1014 5898 ὃ.
1088 5842 1137 5876 ⁸⁵⁸
1188 5844 1316 5899 ibid.
1360 5842 1441 5896 l0.
1537 5841 1881 5897 "lTimeth.
1916 5859 1991 5909 γι,
2040 5843 2078 5896 ll

2222 5842 2265 5872 “
2292 5841 2445 5899 Juan.
2484 5858 2593 5910 xw,
2631 5842 2680 5897 6.
2761 5842 2803 5874 ”
2836 5840 2965 5896 ibid.
3049 5838 3140 5891 "l
3180 5834 3418 5909 Iimutli.
3454 5848 3527 5900 VI,
3568 5832 3654 5888 l6.
