3996 6484
218 388 314 446 245
1678 383 1844 441 ΤΗΕΕ

1963 380 2121 440 RUS.
3430 377 3532 436 2&6

218 509 356 579 ζωὴν
380 507 541 578 ἔχειν
564 509 596 561 6
619 508 827 581 Πατὴρ
854 513 914 565 ὲν
936 511 1141 582 ἑαυτῷ,
1164 512 1252 565 τὸν
1284 511 1410 564 Υἱὸν
1442 510 1720 581 σημαίνει,
1747 505 1841 561 καὶ

1959 509 2100 558 :atnr
2126 499 2332 556 habere
2358 499 2527 554 vitam
2550 482 2833 570 inseipso,
2864 500 3060 556 Filium
3109 502 3400 570 signiﬁcat,
3422 517 3532 557 non

221 600 523 671 ὠχέτερὸν
556 616 614 653 τι
648 602 793 671 παρ’
816 602 1004 658 αὐτόν.
1055 602 1349 675 Ὑπάρχων
1375 601 1432 655 δὲ
1469 602 1563 655 καὶ
1594 600 1757 665 αὐτὸς
1784 600 1843 652 ἐν

1959 591 2150 663 aliquid
2198 606 2228 647 a
2305 603 2365 646 se
2408 591 2707 649 diversum.
2798 591 3083 649 Exsistcns
3166 608 3298 649 vero
3365 594 3530 649 etiam

230 691 337 761 ι’ἱῷ
351 694 493 746 κατὰ
516 693 586 745 τὸ
612 694 727 764 τῆς
748 695 950 758 οὐσίας
968 694 1411 768 ἀπαράλλακτον.
1445 695 1539 749 καὶ
1559 692 1675 767 ζωὴ
1699 693 1842 749 κατὰ

1965 698 2060 752 pse
2110 683 2163 738 in
2212 681 2348 737 Filio
2397 691 2616 752 propter
2674 682 3055 738 omnimodam
3140 684 3392 739 essentia:
3454 685 3532 740 si-

238 784 376 849 φύσιν
399 781 503 850 ὢν,
538 783 801 840 δέδωκεν
834 785 1031 840 ἑαυτὸν
1052 785 1222 858 αὐτῷ.
1744 780 1751 787 ’

1959 772 2326 839 militudinem,
2354 788 2476 829 cum
2501 774 2667 829 etiam
2728 773 3054 830 naturaliter
3097 774 3169 829 sit
3218 774 3350 843 vita,
3384 774 3534 830 dedit

1602 868 1638 906 ο

942 989 1146 1044 AAAO.

289 1098 405 1171 Ζωὴ
435 1098 591 1154 κατὰ
624 1098 810 1169 φύσιν
862 1102 1131 1174 ὑπάρχων
1162 1104 1191 1158 6
1221 1105 1370 1169 Υἱὸς.
1406 1103 1658 1175 δέχεσθαι
1689 1104 1843 1176 παρὰ

228 1188 313 1243 τοῦ
360 1190 587 1263 Πατρδς
644 1192 875 1266 ταύτην
926 1196 1114 1266 φησιν,
1152 1197 1254 1268 οὐχ
1389 1197 1563 1266 Λόγος
1606 1197 1756 1250 ἐστὶν
1805 1198 1839 1268 ἢ

224 1282 872 1353 ἀπαύγασμιφυσικῶς
911 1286 1026 1359 ἔχει
1052 1290 1122 1344 τὰ
1162 1289 1258 1342 τοῦ
1293 1290 1507 1362 Πατρδς
1531 1290 1661 1354 ἴδια,
1704 1290 1843 1345 ἀλλὰ

225 1373 355 1426 καθὸ
383 1374 621 1443 γέγονεν
668 1374 1002 1445 ἄνθρωπος,
1031 1373 1078 1448 ᾦ
1122 1380 1303 1435 πάντα
1344 1380 1621 1437 θεόσδοτα.
1655 1384 1842 1436 Κατα-

234 1459 407 1534 ὅτήσει
441 1466 503 1523 δὲ
536 1467 715 1522 τοῦτο
748 1471 934 1539 σαφὲς
971 1473 1030 1526 ὲν
1070 1476 1185 1538 τοῖς
1217 1473 1438 1545 ἐφεξῆς,
1471 1474 1570 1528 τοῦ
1595 1475 1840 1531 δεδόσθαι

235 1555 323 1627 τὴν
347 1558 526 1613 αίτίαν
558 1558 989 1632 ἐξηγούμενος-
1028 1562 1312 1629 Ἐξουσίαν
1337 1564 1468 1637 γὰρ,
1496 1565 1681 1636 φησὶν,
1704 1565 1841 1619 ἔδω-

236 1665 323 1701 κεν
352 1649 501 1720 αὐτῷ
525 1651 733 1721 κρίσιν
753 1656 963 1718 ποιεῖν,
986 1655 1070 1708 ὅτι
1101 1655 1229 1721 Υίὸς
1254 1655 1546 1729 ἀνθρώπου
1571 1657 1737 1712 ἐστίν.
1775 1659 1839 1712 Ei

234 1739 287 1793 se
325 1742 629 1814 ἐπειδήπερ
657 1744 800 1808 Υἱὸς
832 1745 1134 1817 ἀνθρώπου
1180 1748 1320 1814 ἐστὶ,
1352 1748 1452 1820 τὴν
1478 1749 1571 1803 ἐπὶ
1610 1748 1691 1821 τῷ
1720 1750 1840 1821 κρί-

1943 863 2020 922 illi
2042 865 2300 936 seipsutn.

2538 974 2951 1049 “sanun.

2012 1089 2194 1146 Filius
2217 1090 2326 1145 vita
2365 1093 2688 1148 naturaliter
2716 1093 3011 1156 exsistens,
3042 1105 3162 1147 eam
3197 1105 3319 1147 sea
3367 1093 3535 1149 Patre

1945 1183 2193 1252 accipere
2221 1183 2375 1251 dicit,
2404 1198 2510 1238 non
2538 1192 2807 1253 quatenus
2842 1182 3083 1239 Verbum
3112 1192 3317 1249 est,ant
3343 1183 3525 1253 splen-

1943 1274 2044 1329 dor
2073 1273 2399 1331 naturaliter
2428 1274 2638 1333 habens
2683 1289 2806 1345 quae
2851 1274 3030 1330 Patris
3089 1276 3323 1345 propria
3361 1286 3532 1344 sunt,

1945 1365 2039 1421 sed
2066 1374 2336 1435 quatenus
2361 1367 2535 1423 factus
2568 1376 2651 1423 est
2682 1368 2867 1442 homo,
2893 1368 2980 1422 cui
3000 1368 3185 1422 omnia
3213 1382 3243 1421 a
3268 1369 3380 1424 Deo
3408 1367 3534 1423 data

1944 1470 2089 1516 sunt.
2124 1460 2278 1528 Quod
2308 1459 2486 1530 ipsum
2518 1459 2573 1515 in
2628 1459 2988 1531 sequentibus
3036 1467 3226 1530 aperte
3267 1460 3532 1528 declarat,

1944 1567 2166 1609 causam
2219 1568 2320 1609 cur
2354 1552 2479 1609 data
2532 1553 2605 1608 sit
2630 1553 2936 1625 explicans.
2969 1551 3307 1608 Potestatem
3362 1552 3533 1619 enim,

1944 1645 2138 1715 inquit,
2168 1643 2388 1701 deditei
2416 1645 2681 1712 iudicium
2708 1644 2913 1712 facere,
2942 1646 3070 1716 quia
3102 1643 3274 1699 Filius
3297 1646 3537 1701 hominis

1942 1745 2027 1791 est
2048 1736 2114 1790 ⁸⁸.
2146 1734 2206 1791 Si
2236 1749 2368 1791 vero
2397 1736 2527 1807 quia
2575 1735 2749 1792 Filius
2788 1736 3029 1793 hominis
3058 1744 3162 1799 est,
3214 1745 3535 1807 potestatem

238 1849 341 1887 νειν
374 1834 622 1900 ἐξουσίαν
663 1837 971 1909 εἰληφέναι
1014 1840 1256 1910 λέγεται,
1301 1842 1394 1895 τὸν
1431 1842 1594 1897 αὐτὸν
1641 1844 1843 1897 ἀνακυ-

1963 1827 2215 1884 udicandi
2235 1830 2514 1897 accepisse
2539 1827 2760 1892 dicitur,
2800 1829 2992 1883 eodem
3033 1829 3197 1884 modo
3233 1839 3538 1899 repetentes

244 1922 538 1991 πλώσαντες
576 1927 750 1997 λόγον
794 1930 1038 2001 ἐροῦμεν
1059 1948 1073 1964 ο
1114 1931 1331 2004 Ἐπειδὴ
1384 1933 1512 1998 Υἱὸς
1551 1934 1841 2008 ἀνθρώπου

256 2013 452 2084 γέγονε,
478 2017 574 2088 τὴν
600 2020 917 2091 ὁμοιότητα
940 2023 1180 2095 φορέσας
1214 2024 1321 2077 τῶν
1346 2025 1499 2097 παρὰ
1529 2025 1668 2080 Θεοῦ
1692 2027 1844 2099 δέχε-

1947 1917 2034 1972 dic
2050 1931 2210 1973 emus
2236 1931 2253 1971 :
2290 1916 2429 1982 Quia
2451 1917 2625 1974 Filius
2646 1918 2883 1974 hominis
2934 1918 3110 1975 factus
3129 1928 3233 1984 est,
3276 1920 3537 1976 similitu-

1946 2008 2126 2064 dinem
2146 2022 2343 2079 gerens
2358 2023 2553 2065 eorum
2589 2010 2682 2081 qui
2722 2010 2988 2081 quidquid
3018 2010 3241 2077 habent,
3268 2026 3297 2065 a
3318 2012 3429 2068 Deo
3448 2028 3538 2068 ac-

1944 2100 2189 2170 cipiunt,
2222 2101 2393 2156 vitam
2429 2115 2652 2172 quoque
2709 2101 2997 2172 accepisse
3043 2101 3278 2170 dicitur;
3326 2105 3427 2160 soli
3474 2119 3539 2160 ac

1945 2192 2104 2248 nudae
2126 2192 2325 2249 divinae
2342 2201 2554 2250 naturae
2587 2194 2640 2249 id
2663 2208 2971 2261 reservans,
2994 2195 3141 2264 quod
3165 2193 3367 2250 nullius
3410 2210 3539 2265 par-

1947 2282 2275 2352 ticipationis
2296 2299 2466 2355 capax
2501 2286 2595 2352 sit,
2619 2287 2874 2358 quodque
2908 2287 3092 2345 omnia
3144 2288 3399 2344 omnibus
3429 2288 3538 2345 lar-

1945 2373 2124 2444 giatur
2157 2384 2320 2446 atque
2337 2376 2669 2449 suppeditet.

2310 2530 2891 2626 ASSERTIO
2968 2538 3172 2628 XV.

1948 2680 2013 2737 lu
2040 2681 2172 2764 tl_lud
2204 2680 2345 2752 quod
2377 2683 2436 2765 in
2459 2683 2594 2738 libro
2648 2683 3059 2765 Proverbiorum
3108 2689 3328 2753 dicitur,
3377 2708 3396 2739 ι
3434 2689 3537 2765 Do-

2016 2755 2189 2807 minus
2216 2755 2408 2808 creavit
2443 2770 2524 2823 me
2578 2755 2900 2823 principium
2953 2758 3161 2811 viarum
3225 2775 3446 2814 suarum
3482 2761 3540 2814 in

2016 2838 2174 2894 opera
2202 2839 2301 2878 sua
2322 2824 2445 2894 ’θλ-ι
2478 2821 2631 2894 Quod
2696 2821 2909 2879 verbum
2953 2826 3086 2880 illud
3109 2869 3124 2894 ,
3172 2831 3398 2893 creavit,
3436 2845 3541 2885 non

2020 2891 2085 2945 de
2106 2894 2329 2948 essentia
2369 2892 2534 2969 _Verbi
2582 2896 2828 2962 dicatur;
2865 2891 3119 2969 quodque
3140 2896 3309 2954 Filius
3337 2891 3439 2954 non
3472 2900 3539 2954 sit

2018 2972 2265 3018 creatura
2299 2964 2379 3019 vel
2416 2980 2566 3033 opus.

260 2105 378 2159 σθαι
405 2106 471 2162 τὰ
503 2110 669 2165 πάντα
713 2115 1083 2182 πεφυκότων,
1130 2117 1226 2170 καὶ
1264 2116 1411 2189 ζωὴν
1443 2119 1725 2191 εἰληφέναι
1749 2120 1841 2173 λέ-

253 2210 413 2261 γεται,
446 2199 579 2271 μόνῃ
613 2201 714 2255 καὶ
743 2205 944 2274 γυμνῇ
979 2206 1046 2275 τῇ
1084 2202 1207 2276 θείᾳ
1235 2204 1394 2274 φύσει
1421 2206 1626 2279 τηρῶν,
1658 2207 1753 2261 καὶ
1782 2206 1844 2259 τὸ

236 2290 461 2360 μετοχῆς
483 2309 639 2357 τινος
664 2294 1040 2350 ἀνεπίδεκτον
1075 2297 1169 2351 καὶ
1193 2296 1253 2350 τὸ
1270 2294 1532 2355 δύνασθαι
1564 2301 1678 2363 τοῖς
1707 2300 1844 2353 πᾶσι

232 2380 296 2432 τὰ
323 2382 492 2437 πάντα
521 2388 809 2457 χορηγεῖν
1580 2380 1586 2385 ”

728 2530 1119 2627 ΛΟΓΟΣ,
1183 2528 1331 2625 IE-

227 2681 330 2760 εἰς
369 2682 430 2760 τᾷ
454 2686 531 2738 ἐν
579 2687 730 2760 ζᾳῑς
775 2691 1156 2760 Παροιμίαις,
1196 2709 1221 2742 ι
1260 2692 1476 2760 Κύριος
1522 2689 1726 2745 ἓκτισέ
1768 2706 1846 2759 με

285 2754 482 2832 ᾴρκὴν
536 2757 715 2832 66c?»-
776 2754 1290 2832 αὺὶοῇἐὶς’ἕργα
1341 2754 1556 2816 biubi}.
1594 2762 1723 2832 ’Ότι
1754 2754 1841 2824 ἑὸ,

284 2823 524 2902 ἔζῖιετενν
558 2831 660 2902 91),
684 2831 849 2902 καζά
877 2827 989 2902 τῆς
1017 2823 1238 2897 οὖσίὶιζι
1266 2832 1374 2899 τοῦ
1404 2834 1598 2902 Λόγου
1622 2823 1840 2885 κεῖταιέ

281 2894 425 2949 οὐδὲ
460 2894 722 2968 ηἰσιῖα»
755 2898 792 2968 ἢ
826 2894 1058 2970 ποίῆμα
1095 2904 1128 2957 ὀ
1171 2894 1323 2968 Υῗός.

284 3069 347 3125 θί
375 3072 485 3143 τῆς
533 3074 767 3145 Ἀρείου
799 3076 1003 3146 μανίας
1030 3078 1334 3149 προστάται
1363 3078 1462 3152 τὴν
1491 3080 1704 3135 ἑαυτῶν
1725 3081 1844 3135 ἀσέ-

2016 3077 2402 3147 Quiinsaniam
2430 3077 2548 3134 Arii
2571 3088 2848 3135 sectantur
2882 3093 2947 3134 ac
2979 3090 3223 3146 tuentur,
3259 3082 3540 3137 verisimili

231 3162 367 3218 εειαν
407 3166 707 3231 πιθανοῖς.
743 3168 825 3232 ὡς
865 3169 1091 3233 οἴονται,
1127 3170 1564 3239 καλλωπίζοντες
1609 3174 1841 3246 ῥήμασι,

1959 3171 2004 3226 in
2037 3170 2272 3240 speciem
2307 3170 2920 3240 orationeimpietatem
2946 3185 3100 3225 suam
3129 3171 3405 3238 l‘ucantes,
3463 3173 3550 3228 ita.

232 3253 466 3321 λέγουσι·
514 3258 765 3328 κτίσμα
795 3259 949 3314 ἐστὶν
979 3262 1009 3314 ὁ
1043 3260 1189 3326 Υἱὸς,
1227 3262 1344 3317 ἀλλ’
1389 3264 1487 3334 οὐχ
1518 3264 1595 3329 ὡς
1631 3263 1690 3319 ἓν
1735 3265 1844 3321 τῶν

1959 3261 2136 3319 dicunt
2166 3260 2378 3319 :Filius
2405 3273 2494 3319 est-
2517 3271 2799 3327 creatura,
2859 3265 2955 3320 sed
3007 3280 3112 3320 non
3148 3274 3404 3337 tanquam
3437 3279 3543 3320 una

231 3348 542 3420 κτισμάτων
564 3366 582 3380 ο
619 3350 854 3424 ποίημὰ
882 3352 1052 3417 ἐστιν,
1086 3353 1202 3407 ἀλλ’
1229 3356 1329 3427 οὐχ
1356 3354 1434 3420 ὠς
1458 3355 1517 3409 ἓν
1553 3355 1659 3410 τῶν
1689 3374 1844 3428 ποιη-

1959 3365 2372 3421 creaturarum;
2424 3369 2560 3425 opus
2602 3364 2706 3424 est,
2765 3356 2861 3411 sed
2900 3371 3006 3412 non
3051 3357 3220 3411 veluti
3265 3372 3430 3411 unum
3472 3372 3541 3412 ex

480 3441 761 3512 γέννημά
804 3442 975 3510 ἐστιν,
1016 3443 1136 3499 ἀλλ’
1174 3446 1275 3518 οὐχ
1304 3447 1380 3512 ὡς
1419 3447 1481 3507 ἓν
1503 3447 1615 3504 τῶν
1655 3464 1844 3521 γεννη-

1959 3447 2234 3517 speribus;
2261 3461 2485 3519 germen
2521 3456 2632 3514 est,
2692 3439 2787 3504 sed
2811 3462 2920 3506 non
2948 3447 3108 3520 quasi
3128 3464 3296 3505 unum
3324 3462 3390 3504 ex
3416 3463 3542 3521 ger-

1953 3537 2212 3595 minibus.
2600 3542 2604 3549 '
2662 3556 2667 3559 ‘
2688 3528 2695 3534 ’

411 3649 581 3717 Πρὸς
624 3647 829 3703 ταῦτα
856 3649 1073 3719 λύσεις
1105 3650 1329 3727 ἐφεξῆς
1357 3654 1649 3727 διάφοροι.

283 3758 348 3812 ΕΞ
395 3759 632 3831 ποίημά
660 3759 823 3814 ἐστιν
855 3760 896 3813 6.
916 3761 1065 3828 Υἱὸς,
1102 3763 1220 3828 πῶς
1248 3765 1346 3837 οὐχ
1374 3767 1433 3821 ἓν
1465 3769 1576 3824 τῶν
1606 3775 1848 3844 ποιημά-

214 3867 361 3913 ωνς
387 3851 493 3906 καὶ
532 3853 591 3905 εἰ
634 3852 783 3916 ὅλως
816 3853 1061 3925 Island,
1093 3856 1210 3920 πῶς
1242 3857 1353 3929 οὐχ
1374 3856 1435 3912 ἓν
1458 3858 1568 3914 τῶν
1613 3865 1848 3935 κτισμά-

213 3960 367 4025 sinu;
405 3944 583 3999 Ἐστι
633 3944 751 4016 γὰρ
779 3943 941 3999 τοῦτο
984 3948 1204 4021 φρονεῖν
1241 3947 1605 4016 γελοιότατον.
1635 3954 1699 4007 El
1736 3954 1847 4029 γὰρ

209 4035 353 4102 ὅλως
397 4036 721 4108 κτίσμασιν
748 4036 783 4107 ἢ
819 4038 1125 4109 ποιήμασιν
1164 4039 1265 4092 οὐκ
1293 4039 1442 4096 ἐστιν
1470 4044 1787 4116 ἐναρίθμιος
1819 4049 1848 4101 6

213 4128 537 4195 Υἱὸς,ηοῦτε
577 4129 795 4200 κτίσμα
826 4129 894 4183 ἂν
913 4132 999 4202 εἵη
1032 4128 1157 4184 οὔτε
1187 4132 1422 4203 ποίημα.
1440 4135 1505 4189 Εἰ
1531 4135 1590 4189 δὲ
1621 4138 1846 4211 ἐκτίσθη

210 4222 335 4279 καθ’
370 4222 536 4293 ὑμᾶς
566 4221 667 4275 καὶ
702 4220 1025 4293 πεποίηται,
1057 4220 1176 4286 πῶς
1202 4222 1304 4276 οὐκ
1331 4224 1655 4295 ἀναγκαίως,
1682 4226 1759 4293 ὡς
1787 4227 1846 4285 ἓν

212 4313 373 4370 ἔσται
408 4313 531 4370 τῶν
572 4312 896 4383 γενομένων
918 4329 932 4379 ;

2173 3649 2351 3708 Varia:
2377 3653 2537 3724 hujus
2561 3663 2885 3724 operationis
2919 3652 3327 3723 confutatioues.

2018 3763 2075 3818 Si
2100 3762 2272 3821 Filius
2299 3773 2385 3821 est
2412 3780 2572 3835 opus,
2620 3779 2752 3836 quo.
2779 3773 2938 3836 pacto
2984 3779 3091 3822 non
3139 3767 3243 3822 erit
3275 3780 3441 3821 unum
3469 3780 3541 3822 ex
3606 3801 3616 3811 ο

1947 3855 2317 3923 operibus?et
2337 3856 2383 3913 si
2428 3855 2652 3911 omnino
2673 3863 2926 3911 creatura
2955 3863 3059 3924 est,
3116 3848 3388 3926 quomodo
3431 3868 3543 3911 non

1948 3947 2055 4003 erit
2082 3960 2201 4002 una
2222 3961 2291 4003 ex
2323 3945 2641 4002 creaturis?
2687 3944 2790 4002 Est
2833 3932 2997 4002 enim.
3026 3947 3131 4002 hoc
3182 3947 3542 4002 vehementer

1951 4038 2235 4094 ridiculum
2260 4035 2522 4107 cogitatu.
2559 4033 2699 4091 Nam
2725 4036 2772 4091 si
2802 4037 2856 4090 in
2899 4034 3215 4093 universum
3273 4037 3543 4093 creaturis

1949 4141 2042 4187 aut
2064 4128 2322 4201 operibus
2350 4144 2457 4184 non
2496 4136 2914 4197 annumeretur,
2946 4137 3097 4184 certe
3156 4143 3336 4199 neque
3388 4143 3543 4184 creas

1950 4232 2104 4286 tura,
2127 4234 2305 4290 neque
2333 4235 2472 4291 opus
2501 4220 2685 4287 fuerit.
2714 4217 2773 4276 Si
2807 4234 2936 4277 vero
2962 4219 3120 4292 juxta
3161 4230 3395 4277 vestram
3426 4222 3544 4291 op't-

1949 4313 2168 4369 nionem
2201 4321 2425 4369 creatus
2461 4321 2518 4368 et
2566 4311 2747 4370 factus
2793 4321 2902 4383 est,
2928 4313 3203 4384 quomodo
3235 4328 3341 4368 non
3381 4311 3546 4369 fuerit

1949 4407 2261 4463 necessario
2288 4415 2545 4477 tanquam
2577 4422 2745 4462 unum
2767 4407 2973 4481 aliquid
3005 4422 3073 4465 ex
3097 4422 3323 4467 numero
3354 4423 3542 4466 eorum

1955 4513 2072 4570 qua:
2096 4496 2247 4556 facta
2263 4506 2322 4555 et
2341 4507 2529 4556 creata
2565 4497 2738 4555 sunt?

2620 4608 2781 4667 ALIU
2792 4611 2849 4665 D.

2021 4721 2219 4779 Filium
2250 4739 2389 4796 opus
2409 4739 2532 4780 esse
2563 4724 2738 4787 aiunt,
2769 4722 2868 4779 sed
2899 4736 3007 4778 non
3056 4731 3317 4794 tanquam
3372 4739 3538 4779 unum

1953 4829 2018 4871 ex
2040 4817 2329 4886 operibus.
2361 4815 2432 4872 Et
2466 4815 2686 4887 quidem
2713 4813 3034 4872 existimant
3083 4828 3143 4871 se
3176 4815 3280 4870 hac
3331 4816 3544 4871 ratione

1953 4908 2217 4964 eximium
2263 4909 2556 4981 quemdam
2638 4908 2904 4966 honorem
2977 4905 3052 4963 illi
3099 4905 3336 4973 deferre,
3397 4908 3542 4977 quod

1955 5010 2267 5058 creaturam
2292 5000 2512 5072 quidem
2535 4999 2688 5056 illum
2704 5013 2829 5056 esse
2857 4999 3059 5065 dicant,
3087 5013 3195 5055 non
3226 5008 3406 5054 tamen
3426 4997 3537 5054 vel-

946 4604 1155 4657 AAAO.

288 4722 470 4776 ‘ltaalv
498 4721 590 4776 ὅτι
622 4718 845 4790 ποίημά
866 4718 1014 4771 ἐστιν
1037 4720 1066 4772 ό
1099 4717 1248 4786 Υίὸς,
1269 4713 1393 4772 ’ἀλλ’
1420 4721 1519 4792 οὐχ
1543 4721 1620 4787 ὡς
1652 4722 1709 4777 ἓν
1736 4723 1849 4779 τῶν

224 4814 585 4887 ποιημάτων.
642 4811 758 4865 Καὶ
796 4809 1081 4880 νομίζουσι
1125 4810 1245 4882 μὲν,
1282 4810 1559 4885 ἐξαίρετόν
1605 4833 1731 4871 τινα
1758 4816 1847 4872 διὰ

229 4906 417 4963 τούτου
452 4904 773 4978 προσάγειν
799 4902 950 4974 αὐτῷ
971 4904 1073 4977 τὴν
1092 4905 1279 4976 τιμὴν,
1306 4905 1609 4980 ἐπειδήπερ
1634 4908 1849 4981 ποίημα

242 4998 329 5068 ab:
350 4998 524 5063 εἶναι,
552 4998 624 5052 οὐ
649 4996 763 5069 μὴν
796 4997 872 5060 ὡς
900 4995 960 5050 ἓν
985 5013 1038 5051 τι
1062 4998 1334 5072 adiumnti;
1344 4998 1531 5069 μάτων
1561 5001 1849 5071 ὁμολογοῦο

251 5066 320 5139 σιν
344 5089 538 5144 αὐτόν.
593 5066 742 5141 ’ᾸλΫ
765 5088 917 5142 οὐδὲν
940 5089 1000 5142 ὲν
1025 5066 1204 5162 τούτῷ
1224 5089 1287 5144 τὸ
1307 5066 1624 5162 ἐξαίρετον-ο
1649 5066 1848 5149 ἀλλἰἒν

246 5196 295 5234 τι
318 5186 405 5239 καὶ
436 5182 623 5245 αὐτὸς
664 5179 778 5235 τῶν
821 5180 1000 5235 ἄλλων
1031 5184 1305 5253 φανεῖται.
1338 5182 1487 5247 Ἕως
1514 5183 1622 5259 γὰρ
1658 5184 1725 5238 ἂν
1758 5186 1847 5239 ἐπ’

240 5277 391 5330 αὑτοῦ
430 5277 505 5331 τὸ
557 5272 905 5347 πεποιῆσθαι
937 5277 1138 5346 κρατῇ,
1188 5275 1283 5328 καὶ
1325 5269 1466 5333 εἶναι
1517 5275 1724 5346 κτίσμα
1757 5293 1847 5332 πι-

237 5369 520 5441 στεύηται,
548 5364 712 5422 οὐδέν
734 5382 786 5419 τι
810 5364 923 5420 τῶν
950 5365 1129 5421 ἄλλων
1155 5365 1299 5421 κατὰ
1326 5365 1486 5422 τοῦτο
1505 5365 1717 5432 διοίσει,
1738 5367 1845 5422 κᾶν

231 5463 532 5538 arani-tm
563 5461 715 5517 κατὰ
744 5462 847 5534 τὴν
885 5461 1070 5533 φύσιν,
1100 5461 1134 5532 ἢ
1165 5461 1321 5516 κατά
1347 5478 1470 5516 τινα
1498 5462 1702 5534 τρόπον
1732 5462 1851 5522 ἓτε-

237 5570 342 5629 ρον.
371 5554 543 5608 Οὕτω
572 5552 688 5629 γὰρ
737 5552 804 5607 ἄν
833 5569 921 5615 τις
956 5549 1150 5621 ἔχοντα
1185 5550 1385 5620 βλέποι,
1400 5549 1471 5605 τὰ
1502 5551 1848 5624 πεποιημένα

237 5648 384 5720 παρὰ
426 5644 577 5700 Θεοῦ
629 5644 942 5717 συγκρίνων
987 5645 1127 5716 πρὸς
1160 5638 1385 5715 ἄλληλαζ
1444 5644 1684 5717 Εὑρήσει
1737 5643 1848 5717 γὰρ

1957 5092 2036 5147 uti
2092 5107 2257 5147 unam
2294 5106 2327 5148 e
2376 5107 2607 5148 numero
2629 5100 3026 5147 creaturarum.
3083 5089 3354 5146 (laterum
3409 5089 3544 5145 nihil

1947 5186 2011 5262 in
2036 5185 2139 5241 hoc
2164 5194 2252 5241 est
2277 5184 2577 5253 eximium;
2613 5184 2773 5258 147
2806 5186 2902 5240 sed
2936 5199 3103 5240 unum
3143 5182 3349 5252 aliquid
3400 5181 3577 5238 inter-

1954 5277 2060 5332 alia
2081 5286 2267 5333 creata
2289 5277 2591 5348 apparebit.
2625 5277 2879 5345 Quandiu
2905 5276 3050 5332 enim
3076 5279 3143 5331 de
3177 5288 3244 5329 eo
3299 5274 3405 5331 dici
3441 5289 3541 5344 p01-

1950 5370 2077 5427 tcrit
2098 5369 2301 5425 factum
2325 5386 2468 5436 esse,
2498 5379 2554 5425 et
2583 5380 2837 5425 creatura
2869 5382 2995 5424 esse
3053 5366 3309 5421 credetur
3336 5379 3372 5424 ι,
3405 5365 3542 5422 nihil

1950 5462 2019 5516 ab
2049 5461 2116 5516 iis
2145 5462 2250 5518 hac
2278 5462 2330 5516 in
2360 5471 2514 5532 parte
2543 5459 3018 5526 dill'eret,tametsi
3076 5458 3288 5514 ratione
3313 5469 3540 5525 naturae,

1951 5562 2044 5611 aut
2073 5553 2180 5611 alio
2213 5554 2393 5625 aliquo
2419 5554 2581 5610 modo
2615 5552 2688 5608 sit
2722 5551 3089 5622 praestantior.
3113 5550 3189 5606 Ita
3212 5551 3358 5610 enim
3394 5549 3544 5606 vider

1955 5660 2014 5703 re
2042 5655 2122 5703 cst
2150 5647 2353 5706 habere
2393 5662 2451 5704 se
2474 5662 2594 5718 qua:
2619 5662 2650 5702 a
2683 5645 2793 5703 Deo
2819 5652 3003 5703 creata
3041 5650 3191 5714 sunt,
3228 5642 3276 5702 si
3316 5641 3440 5714 quis
3471 5654 3541 5696 ea

308 5826 361 5859 ⁸³
380 5824 561 5882 ςιυδιι.-
584 5840 649 5889 v,
676 5823 769 5878 92.
849 5824 893 5856 9°
918 5823 1079 5877 Prov.
1112 5837 1230 5888 vm,
1263 5821 1351 5878 9-2,
