3996 6404
511 324 615 380 2ίῖ

1509 331 1564 384 S.
1609 331 1879 386 CYRII.L-l
1921 331 2388 386 ALEXANDIHN.
2434 333 2752 390 Αιιαιιιιςῐι.

3675 349 3781 404 2·ὶὲ

518 450 665 504 inter
716 461 776 502 se
827 445 1094 501 conferat.
1141 443 1380 498 Inveniet
1439 443 1581 496 enim
1643 443 1732 496 illa
1773 445 2089 497 excellentia

2209 447 2337 498 ιὺτὰ
2365 450 2458 500 καὶ
2478 450 2600 510 ταῖς
2630 450 2924 520 ὑπεροχαῖς
2945 453 3179 506 νικῶντα
3211 453 3471 518 πολλάκις
3499 458 3568 508 τὰ
3591 459 3778 530 ἕτερα.

517 537 750 606 quadam
769 549 1142 604 smpenumero
1168 533 1288 587 aliis
1305 540 1586 600 prmslare,
1619 543 1676 586 et
1729 533 1937 588 naturis
1989 535 2090 590 dif-

519 626 667 681 ferre
691 666 708 690 ,
736 626 809 680 ita
837 635 898 680 ut
950 625 1216 694 quispiam
1245 625 1426 678 dicere
1451 625 1625 691 possit
1649 625 1713 678 de
1731 626 1963 695 singulis
1989 641 2082 680 eo-

519 733 639 773 rum
671 732 687 770 :
717 717 980 772 Creatura
1007 726 1111 780 est,
1147 715 1239 770 sed
1285 730 1389 768 non
1422 724 1677 782 tanquam
1704 732 1806 770 una
1843 733 1905 778 ex
1939 733 2092 774 crea-

522 813 676 864 turis.
709 806 956 876 Exempli
988 806 1181 874 gratia,
1207 803 1288 860 sol
1313 819 1448 874 opus
1475 813 1690 870 est,non
1716 814 1894 860 tamen
1927 824 2091 862 unum

517 912 585 954 ex
616 897 870 966 operibus
904 914 917 949 :
948 907 1124 964 neque
1147 896 1291 951 enim
1320 905 1405 952 est
1439 895 1579 951 alius
1624 898 1728 952 sol.
1784 897 1958 952 Simili
2009 915 2094 952 ra-

517 991 665 1047 tione
696 989 860 1044 etiam
892 988 1276 1055 luna,cwlum,
1313 989 1503 1051 stellae,
1533 997 1713 1043 terra:
1746 991 1925 1043 omnia
1949 990 2092 1043 enim

519 1081 636 1136 hare
663 1094 828 1148 opera
856 1091 1005 1146 sunt,
1063 1090 1118 1135 et
1170 1081 1382 1152 singula
1417 1096 1628 1145 eorum,
1655 1097 1761 1135 non
1802 1092 1861 1135 ut
1927 1096 2093 1136 unum

515 1185 582 1226 ex
599 1171 874 1240 operibus.
889 1171 1168 1228 Creaturaz
1188 1173 1332 1228 enim
1353 1173 1455 1229 hoe
1485 1173 1659 1229 solum
1683 1186 1971 1229 commune
1999 1173 2096 1227 ha-

517 1261 666 1328 bent,
703 1262 848 1332 quod
895 1262 1056 1320 facta:
1082 1265 1212 1322 sint.
1245 1265 1498 1321 Formam
1531 1281 1695 1328 vero,
1723 1267 1984 1335 speciem,
2014 1279 2097 1321 at-

518 1368 626 1422 que
661 1364 912 1410 naturam
945 1354 1171 1426 singula:
1200 1351 1531 1426 peculiarem
1569 1369 1740 1413 nactae
1778 1367 1924 1413 sunt.
1950 1357 2095 1414 Nihil

518 1443 684 1514 igitur
720 1445 956 1514 amplius
998 1457 1082 1501 est
1121 1447 1172 1502 in
1212 1446 1372 1514 Filio,
1396 1449 1441 1506 si
1477 1448 1655 1504 factus
1683 1462 1806 1503 esse
1846 1447 2092 1516 dicatur;

517 1539 737 1593 etiamsi
773 1539 918 1596 aliud
953 1539 1156 1609 ahquid
1182 1555 1436 1612 maguum
1465 1551 1630 1612 atque
1682 1542 1942 1596 eximium
1987 1557 2098 1612 pra:

519 1631 749 1701 reliquis
775 1631 1043 1688 creaturis
1071 1633 1302 1689 exsistat
1328 1649 1342 1687 :
1376 1648 1552 1704 neque
1585 1633 1731 1688 enim
1760 1633 1840 1690 sol
1869 1635 1938 1688 ob
1961 1648 2100 1703 prae-

2197 540 2291 591 καὶ
2316 543 2435 604 ταῖς
2464 541 2692 608 φύσεσιν
2723 543 3123 613 ἐξηλλαγμένα,
3157 545 3231 607 ὡς
3259 546 3517 600 δύνασθαί
3551 566 3672 601 τινα
3693 551 3782 604 λέ-

2196 645 2313 691 γειν
2349 630 2434 699 ἐφ’
2471 632 2704 685 ἑκάστου
2727 650 2784 685 τε
2815 635 3059 696 ἐκείνων,
3092 636 3304 706 ποίημά
3335 637 3504 700 ἐστιν,
3538 639 3653 692 ἀλλ’
3680 641 3780 711 οὑκ

2193 717 2268 780 ὡς
2301 717 2359 770 ἓν
2391 718 2496 772 τῶν
2541 722 2881 790 ποιημάτων.
2925 724 2981 776 Ὀ
3013 724 3162 794 ἥλιος
3198 726 3357 797 τυχὸν
3395 728 3604 800 ποίημα
3653 730 3784 801 μὲν,

2194 807 2292 876 οὑχ
2323 807 2398 870 ὼς
2443 807 2501 860 ἒν
2535 808 2592 861 δὲ
2629 809 2738 862 τῶν
2773 811 3092 882 ποιημάτων
3113 829 3124 841 '
3177 815 3236 868 οὑ
3272 816 3380 888 γάρ
3415 809 3559 871 ἐστιν
3592 820 3782 891 ἕτερος

2195 899 2362 969 ἥλιος.
2409 901 2470 955 Ἠ
2520 901 2713 973 σελήνη
2758 905 2980 974 ὁμοίως,
3014 907 3040 959 6
3084 907 3329 978 οὐρανὸς,
3365 911 3414 963 oi
3460 911 3709 982 ἀστέρες,
3744 915 3782 983 ἡ

2196 989 2286 1058 γῆ·
2312 989 2490 1043 πάντα
2520 991 2632 1062 γὰρ
2653 992 2826 1046 ταῦτα
2853 996 3152 1064 ποιήματα,
3185 998 3277 1050 καὶ
3310 998 3537 1052 ἕκαστον
3573 1001 3781 1066 αὑτῶν,

2195 1081 2294 1150 οὑχ
2322 1081 2397 1144 ὡς
2427 1081 2486 1136 ἐν
2527 1082 2638 1140 τῶν
2666 1085 3006 1154 ποιημάτων.
3037 1088 3214 1141 Μόνον
3264 1089 3373 1161 γάρ
3410 1091 3472 1143 τὸ
3523 1092 3784 1158 γενέσθαι

2197 1172 2375 1226 κοινὸν
2396 1172 2509 1244 ἔχει
2533 1175 2603 1228 τὰ
2631 1174 2929 1245 κτίσματα·
2961 1178 3022 1231 τὸ
3046 1178 3102 1232 δὲ
3137 1180 3320 1250 σχῆμα
3341 1182 3437 1234 καὶ
3460 1182 3558 1253 τὴν
3595 1185 3780 1251 φύσιν,

2197 1261 2426 1317 ἕκαστον
2458 1264 2783 1331 ἰδιάζουσαν.
2817 1267 2982 1324 Οὐδὲν
3014 1266 3108 1328 οὖν
3143 1270 3203 1324 τὸ
3232 1271 3392 1325 πλέον
3429 1275 3488 1328 ἐν
3527 1274 3640 1345 Υιῷ
3682 1291 3788 1328 πε-

2201 1355 2460 1427 ποιῆσθαι
2487 1358 2785 1430 λεγομένῳ,
2819 1360 2920 1419 κᾶν
2949 1362 3135 1433 ἕτερόν
3167 1381 3220 1416 τι
3263 1365 3404 1433 μέγα
3442 1366 3536 1418 καὶ
3566 1365 3786 1436 ἐξαίρε-

2199 1465 2291 1500 τον
2320 1449 2540 1522 ὑπάρχῃ
2569 1452 2720 1521 παρὰ
2744 1452 2812 1507 τὰ
2842 1453 2978 1510 ἄλλα
3010 1457 3306 1527 ποιήματα.
3334 1457 3400 1511 Τί
3432 1457 3541 1528 γὰρ
3569 1458 3792 1527 ὠφελή-

2203 1557 2285 1594 σει
2319 1541 2411 1594 τὸν
2443 1543 2596 1612 ἥλιον
2636 1545 2718 1608 εἰς
2747 1545 2810 1598 τὸ
2839 1545 2915 1618 μὴ
2944 1542 3085 1602 εἶναι
3135 1550 3368 1620 ποίημα,
3407 1550 3468 1604 τὸ
3512 1550 3647 1603 πολὺ
3673 1550 3793 1602 τῶν

2201 1631 2448 1702 ἀστέρων
2478 1634 2808 1706 {maps-515w;
2851 1637 2907 1692 Ὀ
2932 1639 2989 1693 δὲ
3012 1640 3176 1704 αὑτὸς
3211 1634 3368 1705 οὗτος
3401 1643 3664 1714 κρατήσει
3696 1641 3792 1694 λό-

517 1721 775 1777 stantiam
804 1736 958 1778 suam
986 1736 1096 1790 qua
1128 1723 1338 1792 reliqua
1363 1733 1511 1781 astra
1533 1722 1689 1794 longe
1713 1733 2098 1793 superat,opus

2209 1740 2299 1791 γος
2334 1726 2430 1778 καὶ
2473 1727 2567 1780 ἐπὶ
2607 1727 2715 1781 τῶν
2749 1730 2808 1783 ὲν
2835 1729 3048 1801 οὐρανῷ
3096 1731 3328 1801 λογικῶν
3358 1733 3662 1804 δυνάμεων,
3696 1728 3796 1798 αἷς

516 1828 638 1870 esse
662 1814 889 1870 desinet.
933 1816 1130 1872 Eadem
1197 1831 1328 1874 vere
1363 1818 1502 1873 ratio
1537 1825 1641 1882 est,
1701 1817 1866 1873 etiam
1901 1830 2092 1871 earum

2209 1813 2362 1869 πάλιν
2387 1815 2450 1869 τὸ
2491 1817 2590 1888 μὲν
2622 1796 2954 1888 πεποιῆσθαι
2983 1796 3179 1876 κοινόν⁷
3203 1823 3371 1879 ἔστιν.
3417 1825 3477 1878 'U
3496 1796 3565 1878 ’δὲ
3608 1796 3706 1878 τοῦ
3733 1796 3792 1885 τί

517 1921 638 1973 qua:
668 1907 720 1961 in
756 1908 896 1970 uelo
948 1917 1074 1964 sunt
1133 1909 1481 1964 rationalium
1517 1919 1868 1978 potestatum,
1894 1908 2094 1979 quibus

514 2001 728 2068 quidem
761 2003 1015 2059 omnibus
1069 2017 1359 2060 commune
1401 2013 1486 2060 est
1515 2002 1687 2059 factas
1739 2017 1883 2059 esse.
1936 2002 2100 2058 Ratio

517 2102 698 2154 autem
725 2110 832 2164 qua
874 2095 1004 2166 quid
1027 2112 1259 2168 quaeque
1288 2111 1477 2153 earum
1512 2096 1607 2163 sit,
1640 2096 1854 2153 diversa
1886 2104 1990 2152 est.

1185 2205 1414 2263 ALIUD.

583 2318 642 2374 Si
671 2318 860 2388 Filius,
888 2321 1042 2390 juxta
1071 2331 1305 2376 vestram
1355 2323 1688 2391 opinionem,
1710 2329 1797 2376 est
1823 2327 2094 2383 creatura,

517 2421 700 2480 atque,
745 2412 797 2466 id
822 2428 942 2467 cum
974 2415 1065 2475 sit,
1112 2423 1437 2483 potestatem
1493 2413 1657 2468 habet
1689 2411 1936 2476 creandi,
1971 2411 2098 2479 quia

514 2519 622 2558 non
653 2514 739 2559 est
772 2515 832 2560 ιιι
867 2520 972 2559 una
994 2505 1322 2575 reliquarum
1384 2515 1758 2561 creaturarum
1795 2519 1810 2556 :
1839 2517 1936 2558 cur
1993 2517 2099 2558 cae-

516 2604 648 2649 tera:
675 2611 892 2665 quoque
925 2606 1190 2651 creaturae
1225 2597 1445 2652 creandi
1477 2593 1791 2651 facultatem
1848 2609 1955 2648 non
1990 2594 2094 2648 ha-

516 2687 700 2750 beant,
733 2689 864 2756 quia
899 2689 1046 2741 varia
1064 2695 1148 2743 est
1174 2703 1237 2742 ac
1267 2689 1483 2742 diversa
1537 2689 1590 2742 in
1653 2687 1734 2742 eis
1785 2694 2000 2751 natura,
2044 2692 2100 2738 et

517 2793 858 2849 unaquaque
879 2795 1065 2833 earum
1101 2788 1350 2834 creatura
1375 2787 1480 2846 est,
1549 2793 1654 2832 non
1708 2788 1887 2832 tamen
1929 2773 2095 2830 veluti

518 2885 686 2928 unum
733 2870 938 2940 aliquid
964 2871 1336 2940 reliquorum?
1372 2869 1548 2927 Unum
1585 2869 1728 2925 enim
1766 2877 1852 2923 est
1873 2866 2098 2932 calum,

521 2959 778 3024 unussol,
818 2976 921 3012 una
958 2960 1318 3022 luna,natura
1343 2961 1622 3016 stellarum
1673 2974 1801 3025 una,
1849 2968 1904 3013 et
1955 2965 2100 3012 terra

520 3064 648 3115 Ima,
675 3065 816 3110 unus
845 3050 1010 3106 homo
1049 3063 1312 3121 ‘luantum
1349 3053 1416 3107 ad
1466 3051 1824 3108 substantiam
1854 3051 2050 3106 attinet
2085 3063 2095 3097 :

447 3213 457 3223 .
518 3152 683 3212 atque
720 3143 807 3198 his
837 3145 1056 3213 quidem
1087 3144 1222 3198 nihil
1290 3145 1434 3199 inter
1468 3159 1529 3200 se
1613 3145 1826 3200 ratione
1893 3152 2104 3199 natura:

517 3248 808 3298 commune
830 3241 934 3299 est,
972 3235 1184 3292 tametsi
1217 3237 1470 3292 erunibus
1531 3237 1582 3292 id
1653 3252 1942 3291 commune
2011 3237 2102 3301 sit,

519 3324 835 3392 quodrfaeta
871 3325 1003 3386 sint.
1031 3325 1176 3382 Nihil
1206 3337 1386 3382 tamen
1417 3329 1683 3384 creatoris
1733 3329 1787 3382 in
1836 3327 2104 3383 creaturis

520 3415 782 3479 cernitur,
813 3416 908 3472 sed
937 3417 1116 3485 potius
1135 3425 1437 3473 creatorem
1469 3417 1707 3476 Verbum
1739 3419 1832 3475 Dei
1854 3421 2100 3482 adorant,

518 3516 574 3559 et
606 3504 830 3560 factoris
853 3508 1080 3576 gloriam
1109 3507 1396 3563 extollunt.
1445 3526 1464 3561 ι
1495 3508 1630 3565 C(eli
1663 3510 1808 3563 enim
1840 3519 2101 3564 enarrant

519 3597 747 3668 gloriam
768 3597 885 3662 Dei.
902 3610 957 3654 et
981 3600 1380 3656 ﬁrmamentum
1398 3601 1645 3655 enuntiat
1661 3615 1826 3672 opera
1850 3614 2104 3654 manuum

520 3689 640 3756 ejus
660 3691 729 3744 9‘.
775 3709 806 3748 ι,
837 3689 905 3744 Ει
952 3691 1406 3760 quemadmodum
1453 3691 1656 3747 Esdras
1692 3690 1813 3746 ait:
1860 3708 1879 3742 ι
1912 3689 2104 3745 Omnis

520 3791 664 3837 terra
699 3783 983 3838 veritatem
1014 3792 1192 3848 vocat,
1217 3792 1272 3839 et
1300 3784 1498 3839 cmlunt
1528 3783 1704 3853 ipsum
1763 3781 1978 3845 adorat,
2051 3790 2108 3836 et

519 3889 709 3933 omnes
731 3883 998 3930 creaturae
1032 3875 1204 3943 ipsam
1236 3875 1558 3930 tremiscunt
1581 3875 1646 3926 ".
1687 3892 1705 3924 ι
1735 3871 1904 3927 Filius
1923 3883 2104 3927 autem

521 3970 589 4022 de
629 3969 819 4037 seipse.
843 3969 918 4022 ait
951 3984 965 4019 :
1012 3985 1032 4019 ι
1069 3967 1182 4038 Ego
1211 3981 1332 4022 sum
1383 3969 1587 4022 veritas
1616 3967 1685 4021 ’³.
1723 3986 1742 4018 ι
1789 3963 1906 4022 Νοιι
1975 3981 2104 4035 ergo

520 4075 657 4128 opus
677 4068 781 4126 est,
821 4073 998 4129 neque
1016 4069 1272 4115 creatura
1317 4057 1389 4112 ob
1432 4058 1483 4112 id
1533 4057 1756 4113 creandi
1794 4054 2103 4112 facultatem

521 4155 754 4220 habens,
783 4154 907 4222 quia
935 4168 1041 4208 non
1065 4152 1232 4207 veluti
1264 4167 1370 4207 una
1419 4161 1798 4207 creaturarum
1829 4159 1911 4206 est
1938 4166 1954 4203 :
2009 4148 2104 4203 sed

521 4248 648 4314 quia
685 4261 809 4300 cum
845 4246 918 4299 sit
943 4245 1224 4315 proprium
1257 4258 1479 4313 germen
1515 4245 1769 4299 essentize
1792 4242 1994 4308 Patris,
2017 4249 2103 4295 to-

2200 1907 2432 1962 ἕκαστον
2465 1907 2551 1980 εἴη
2583 1909 2758 1978 λόγος,
2791 1911 3214 1983 ὲξηλλαγμένος.

2881 2197 2921 2249 Α
2929 2198 3084 2250 ΛΛΟ.

2271 2313 2335 2364 Ei
2367 2310 2580 2381 ποιημά
2608 2311 2743 2372 ἐστι,
2793 2307 2913 2362 καθ’
2955 2310 3118 2379 ὑμᾶς,
3153 2313 3181 2364 6
3209 2313 3356 2375 Υἱὸς,
3395 2315 3485 2365 καὶ
3524 2313 3682 2366 τοῦτο
3715 2312 3796 2364 ὢν

2199 2405 2318 2476 ἔχει
2350 2403 2412 2457 τὸ
2444 2402 2704 2457 δύνασθαι
2733 2402 2960 2466 κτίζειν,
2986 2403 3075 2456 διὰ
3121 2403 3180 2459 τὸ
3216 2404 3293 2475 μὴ
3331 2404 3405 2466 ὡς
3432 2404 3489 2458 ἓν
3519 2406 3796 2475 ὑπάρχειν

2201 2497 2309 2552 τῶν
2343 2497 2520 2551 ἄλλων
2565 2497 2906 2566 ποιημάτων,
2933 2495 3072 2549 ἔστω
3110 2495 3374 2565 ποιητικὰ
3413 2498 3506 2550 καὶ
3539 2497 3607 2550 τὰ
3628 2497 3801 2567 ἕτερα

2205 2590 2503 2661 κτίσματα,
2531 2589 2618 2642 διὰ
2648 2588 2708 2642 τὸ
2733 2588 2983 2660 ποικίλην
3009 2588 3068 2642 ὲν
3094 2588 3277 2652 αὐτοῖς
3303 2585 3442 2643 εἶναι
3474 2589 3573 2659 τὴν
3604 2589 3796 2656 φύσιν·

2207 2682 2302 2736 καὶ
2335 2682 2566 2736 ἕκαστον
2605 2680 2788 2735 αὐτῶν
2821 2676 2958 2734 εἶναι
2994 2680 3204 2751 ποίημα
3243 2681 3368 2751 μὲν,
3395 2681 3492 2751 οὐχ
3523 2680 3598 2743 ὼς
3645 2681 3706 2735 ἓν
3739 2680 3802 2733 δὲ

2207 2773 2316 2826 τῶν
2350 2772 2546 2827 ἄλλων.
2583 2767 2680 2835 Εἷς
2715 2771 2822 2843 γὰρ
2850 2774 2878 2826 6
2927 2772 3175 2844 οὐρανὸς,
3219 2772 3370 2843 ἥλιος
3403 2767 3506 2835 εἷς,
3555 2778 3656 2842 μία
3702 2787 3808 2824 σες

2208 2867 2367 2937 λήνη,
2408 2866 2571 2936 φύσις
2599 2865 2844 2938 ἀστέρων
2879 2866 3000 2936 μία,
3037 2865 3136 2937 μία
3164 2883 3224 2919 τε
3257 2866 3349 2936 γῆ,
3375 2860 3463 2929 εἷς
3505 2865 3810 2936 ἄνθρωπος-

2209 2960 2332 3013 ὃσον
2369 2962 2448 3023 είς
2478 2959 2698 3012 οὐσίαν⁶
2733 2957 3058 3011 καὶτούτων
3097 2957 3248 3012 οὐδὲν
3290 2958 3540 3028 ἀλλήλοις
3586 2960 3806 3012 ἐπικοι-

2206 3052 2368 3110 νωνεί
2397 3049 2541 3106 κατὰ
2558 3050 2651 3104 τὸν
2678 3050 2780 3120 τῆς
2805 3049 3020 3119 φύσεως
3047 3049 3228 3118 λόγον,
3252 3051 3300 3102 εί
3329 3050 3423 3102 καὶ
3447 3050 3582 3102 πᾶσι
3615 3050 3677 3102 τὸ
3703 3067 3805 3102 πε-

2204 3141 2463 3214 ποιῆσθαι
2489 3141 2688 3196 κοινόν.
2738 3140 2877 3194 Ἀλλ’
2901 3140 3056 3194 οὐδὲν
3077 3142 3138 3193 ὲν
3167 3143 3283 3205 τοῖς
3307 3140 3572 3211 κτίσμασι
3606 3141 3805 3209 φαίνε-

2203 3251 2293 3292 ται
2323 3229 2680 3304 δημιουργοῦ,
2709 3230 2846 3283 ἀλλὰ
2873 3231 3073 3301 μᾶλλον
3099 3233 3399 3302 προσκυνεῖ
3426 3231 3516 3284 τὸν
3537 3230 3805 3302 δημιουρ-

2204 3328 2299 3396 γὸν
2325 3325 2420 3378 τοῦ
2442 3323 2580 3378 Θεοῦ
2615 3325 2806 3392 Λόγον,
2839 3323 2934 3377 καὶ
2958 3321 3054 3375 τοῦ
3083 3321 3310 3394 ποιητοῦ
3345 3322 3439 3394 τὴν
3469 3320 3624 3386 δόξαν
3657 3323 3802 3379 ἀνα-

2205 3417 2326 3489 6οῷ
2362 3436 2379 3468 ‹
2414 3416 2478 3468 Οἱ
2505 3413 2727 3486 οὐρανοὶ
2749 3413 3059 3486 διηγοῦνται
3089 3414 3245 3481 δόξαν
3265 3413 3423 3478 Θεοῦ,
3454 3415 3548 3468 καὶ
3574 3415 3804 3484 ποίησιν

2205 3508 2402 3580 χειρῶν
2434 3507 2598 3561 αὑτοῦ
2625 3506 3022 3576 ἁναγγέλλειτὸ
3041 3507 3382 3578 στερέωμα.»
3406 3507 3515 3559 Καὶ
3545 3506 3763 3560 καθάπε
3775 3526 3814 3577 ρ.

2205 3607 2234 3657 6
2269 3603 2507 3674 Ἔσδρας
2551 3601 2716 3670 φησί·
2760 3619 2778 3653 ι
2816 3601 2973 3654 Πᾶσα
3011 3601 3044 3671 ὴ
3079 3603 3149 3671 γῆ
3198 3601 3297 3670 τὴν
3327 3598 3582 3670 ἀλήθειαν
3619 3598 3804 3663 καλεῖ,

2208 3695 2302 3748 καὶ
2325 3695 2354 3746 6
2381 3694 2609 3765 οὐρανὸς
2648 3693 2820 3763 αὑτὴν
2857 3693 3172 3764 προσκυνεῖ,
3213 3692 3308 3745 καὶ
3337 3689 3514 3744 πάντα
3543 3689 3612 3742 τὰ
3659 3689 3808 3760 ἔργα

2207 3787 2379 3858 αὐτὴν
2414 3788 2618 3840 σείεται
2658 3785 2751 3840 καὶ
2792 3786 3004 3856 τρέμει.
3047 3803 3066 3835 ι
3111 3784 3170 3838 Ὀ
3195 3783 3250 3837 δὲ
3272 3783 3400 3848 Υἱὸς
3432 3783 3563 3853 περὶ
3601 3783 3804 3835 ἑαυτοῦ

2208 3897 2406 3952 φησιν’
2442 3900 2461 3931 ι
2514 3880 2658 3948 Ἐγὼ
2687 3880 2802 3949 εἰμι
2843 3879 2876 3948 ἡ
2918 3875 3169 3948 ἀλήθεια.
3219 3895 3238 3930 ι
3275 3877 3389 3930 Οὑκ
3426 3877 3532 3947 ἄρα
3585 3877 3810 3945 ποίημά

2208 3974 2380 4037 ἔστιν,
2404 3971 2525 4026 οὐδὲ
2576 3970 2781 4041 κτίσμα
2810 3969 2900 4023 διά
2925 3969 3084 4023 τοῦτο
3122 3968 3329 4033 κτίζειν
3367 3968 3684 4039 δυνάμενος,
3721 3968 3807 4019 ὅτι

2211 4067 2287 4137 μὴ
2318 4067 2394 4130 ὼς
2425 4065 2484 4117 ἒν
2513 4064 2630 4117 ἐστι
2660 4063 2768 4116 τῶν
2801 4062 3141 4132 ποιημάτων,
3171 4060 3286 4114 ἁλλ’
3311 4061 3392 4113 ὅτι
3430 4059 3529 4128 τῆς
3559 4057 3651 4114 τοῦ
3686 4060 3806 4112 ila-

2207 4160 2336 4229 τρὸς
2366 4159 2553 4222 οὐσίας
2579 4157 2708 4212 ἴδιον
2732 4157 2992 4228 ὑπάρχων
3012 4156 3278 4227 γέννημα,
3309 4154 3429 4208 ὅλον
3457 4170 3516 4205 τε
3541 4155 3599 4206 ὲν
3621 4152 3808 4222 ἐαυτῷ

2209 4252 2474 4307 δεικνύων
2514 4251 2695 4317 αὑτὸν,
2727 4249 2842 4321 ἔχει
2886 4250 2981 4304 καὶ
3025 4249 3087 4303 τὸ
3119 4247 3378 4302 δύνασθαι
3429 4246 3632 4311 κτίζειν
3672 4245 3750 4308 ὡς
3778 4247 3808 4296 6

525 4348 636 4391 tum
665 4337 816 4392 illum
837 4337 888 4391 in
917 4337 1097 4406 seipso
1125 4339 1442 4401 ostendens,
1468 4335 1861 4406 habetquoque
1882 4332 2102 4391 creandi
2135 4357 2185 4418 Β
2211 4344 2422 4417 Πατήρ,

523 4435 850 4498 potestatem
880 4436 938 4483 ut
959 4427 1142 4485 Pater.

1114 4543 1277 4616 ms
1303 4542 1536 4600 ALIUD.

595 4661 652 4714 Si
682 4659 850 4714 Filius
877 4671 956 4716 est
985 4668 1262 4725 creatura,
1281 4669 1336 4714 et
1361 4659 1619 4713 aduratur
1649 4669 1680 4709 a
1709 4652 1934 4723 reliquis
1951 4666 2108 4707 crea-

527 4754 684 4820 turis,
715 4754 839 4824 quia
869 4755 1144 4808 diversum
1168 4753 1296 4822 quid
1332 4751 1402 4806 ab
1437 4751 1504 4804 iis
1536 4746 1776 4810 exsistit,
1815 4758 1992 4814 neque
2024 4750 2112 4798 est

525 4845 676 4901 velut
706 4859 811 4900 una
847 4855 1247 4907 creaturarum,
1285 4842 1574 4912 oportebat
1606 4839 1773 4894 etiam
1802 4835 1924 4890 illas
1989 4850 2018 4888 a
2046 4848 2107 4890 se

527 4939 760 4992 invicem
792 4937 1033 5000 adorari,
1067 4937 1192 5005 quia
1223 4935 1437 4989 diversa
1467 4933 1612 4990 inter
1643 4946 1703 4987 se
1750 4938 1948 4985 natura
1965 4944 2104 5000 pra:-

528 5029 654 5083 ditae
683 5035 828 5082 sunt.
863 5025 1054 5098 Magna
1080 5026 1227 5079 enim
1259 5033 1343 5078 est
1372 5024 1424 5078 in
1467 5021 1732 5078 creaturis
1765 5019 2069 5076 diﬂ'erentia
2095 5037 2106 5071 ε

527 5126 582 5172 et
618 5131 954 5184 unaquaque
995 5115 1321 5186 peculiarem
1357 5128 1510 5168 suam
1542 5122 1790 5167 naturam
1837 5111 1953 5166 sive
1977 5126 2112 5181 qua-

531 5208 738 5261 litatem
769 5206 1135 5274 habct,neqne
1167 5206 1219 5259 id
1259 5205 1436 5274 ipsum
1468 5213 1550 5260 est
1574 5206 1797 5259 omnino
1813 5204 1956 5273 quod
1982 5202 2110 5257 alia.

531 5296 686 5351 Nulla
718 5305 896 5351 tamen
930 5311 996 5351 ex
1065 5298 1132 5351 iis
1173 5297 1451 5363 aduratur,
1504 5298 1632 5368 quin
1687 5297 1864 5366 potius
1920 5310 2112 5349 omnes

531 5398 835 5444 creatorem
867 5387 1100 5443 Verbum
1132 5389 1224 5445 Dei
1262 5391 1508 5444 adorant.
1542 5389 1660 5444 Non
1690 5389 1857 5460 igitur
1887 5403 2024 5442 unus
2041 5401 2112 5443 ex

533 5478 802 5532 creaturis
832 5490 915 5534 est
944 5479 1136 5543 Filius,
1186 5496 1360 5551 neque
1396 5491 1669 5544 creatura,
1705 5489 1762 5534 ut
1799 5494 1894 5535 vos
1914 5479 2108 5547 opina-

537 5569 687 5625 mini.
723 5571 839 5638 Quo
868 5585 1026 5642 pacto
1051 5580 1193 5628 enim
1233 5575 1278 5629 is
1310 5574 1397 5644 qui
1445 5574 1726 5638 adoratur,
1775 5573 1829 5626 in
1887 5585 2113 5626 numero

2921 4547 3126 4602 ΑΔΛΟ.

2293 4662 2355 4713 Εἰ
2383 4661 2588 4732 κτίσμα
2623 4661 2771 4713 ἐστὶν
2793 4663 2820 4714 6
2846 4661 2995 4727 Υἱὸς,
3028 4662 3414 4729 προσκυνεῖται
3444 4658 3501 4712 δὲ
3521 4658 3672 4728 παρὰ
3695 4659 3820 4714 τῶν,

2220 4747 2396 4802 ἄλλων
2444 4749 2780 4819 κτισμάτων,
2826 4749 2915 4803 διὰ
2952 4750 3012 4802 τὸ
3034 4749 3221 4819 ἕτερόν
3265 4767 3317 4802 τι
3353 4749 3619 4822 ὑπάρχειν
3666 4753 3808 4820 παρ’

2215 4836 2378 4902 αὐτὰ,
2425 4837 2520 4890 καὶ
2558 4835 2694 4892 εἶναι
2741 4837 2815 4908 μὴ
2847 4838 2923 4903 ὡς
2963 4837 3021 4892 ἓν
3046 4836 3154 4891 τῶν
3188 4839 3524 4908 κτισμάτων,
3559 4837 3666 4890 ἔδει
3698 4840 3807 4892 κά-

2220 4930 2375 4981 κεῖνα
2408 4929 2829 4999 προσκυνεῖσθαι
2860 4928 2992 5000 παρ’
3022 4929 3294 4998 ἀλλήλων,
3325 4929 3414 4982 διὰ
3449 4929 3510 4982 τὸ
3571 4928 3806 4998 ἐξηλλα-

2221 5020 2430 5094 γμένην
2463 5021 2607 5092 ἔχειν
2635 5022 2735 5094 τὴν
2759 5021 2921 5090 φύσιν
2956 5021 3092 5092 πρὸς
3117 5021 3340 5091 ἄλληλα.
3371 5020 3545 5093 Πολλὴ
3593 5020 3706 5090 γὰρ
3745 5023 3816 5076 ὲν.

2220 5116 2331 5178 τοῖς
2359 5117 2712 5187 ποιήμασινή
2740 5115 2975 5186 διαφορά
2994 5132 3006 5144 ⁸
3033 5115 3124 5167 καὶ
3151 5115 3295 5167 ἔστιν
3320 5116 3549 5168 ἕκαστον
3589 5113 3719 5167 ἰδεῖν
3747 5117 3811 5168 ὲν

2223 5203 2499 5276 ξδιαζοὺσῃ
2556 5204 2714 5274 φύσει
2760 5206 2881 5276 ἤτοι
2933 5206 3198 5276 ποιότητι,
3240 5207 3333 5259 καὶ
3367 5206 3468 5278 οὑχ.
3514 5207 3652 5276 ὅπερ
3683 5207 3808 5260 ἐστὶ

2219 5297 2438 5362 πάντως
2466 5297 2528 5350 τὸ
2570 5297 2776 5368 ἕτερον.
2815 5297 2954 5350 Ἀλλ’
2982 5298 3130 5350 οὐδὲν
3169 5300 3226 5350 ἐν
3259 5300 3440 5361 αὐτοῖς
3478 5301 3806 5370 προσκυνεῖ-

2219 5406 2326 5451 ται,
2359 5388 2536 5441 πάντα
2571 5388 2628 5440 δὲ
2657 5388 2747 5441 τὸν
2773 5389 3104 5459 δημιουργὸν
3131 5389 3221 5442 τοῦ
3266 5389 3401 5442 Θεοῦ
3426 5389 3596 5457 Λόγον
3631 5407 3806 5459 προσ-

2220 5482 2390 5534 κυνεῖ.
2435 5482 2548 5534 Οὑκ
2579 5479 2685 5550 ἄρα
2731 5479 2788 5532 ἒν
2821 5481 2880 5547 ἐξ
2927 5481 3106 5535 αὑτῶν
3155 5484 3184 5535 6
3227 5483 3373 5546 Υἱὸς,
3403 5481 3530 5534 οὑδὲ,
3572 5482 3802 5550 κτίσμα,

2223 5572 2342 5625 καθ’
2397 5574 2554 5642 ὑμᾶς.
2608 5572 2797 5626 Ἔσται
2850 5574 2958 5640 γὰρ
3011 5573 3150 5626 κατὰ
3193 5573 3310 5626 τίνα
3363 5573 3562 5642 τρόπον
3600 5571 3658 5624 ἐν
3690 5572 3810 5634 τοῖς

607 5748 648 5779 “
680 5749 819 5804 l‘sal.
859 5768 1010 5816 xt'ttt,
1044 5753 1096 5806 2.
1139 5754 1184 5783 ⁹²
1210 5751 1274 5804 lii
1303 5752 1453 5805 lusilt.
1489 5767 1558 5816 ιγ,
1592 5750 1678 5804 56.
1763 5748 1805 5778 ³³
1829 5747 1985 5803 Juan.
2016 5765 2126 5815 xw,
2162 5750 2212 5801 6.
