3996 6404
396 343 502 401 255

859 461 1165 522 Salutium;
1191 463 1516 534 objectionis.

474 572 532 628 Si
568 575 830 646 quidquid
877 593 984 632 non
1031 575 1351 630 naturaliter
1397 573 1556 628 alicui
1609 574 1830 627 insitum
1877 580 1982 636 est,

400 665 498 719 sed
536 675 744 721 tantum
775 668 1144 724 accidentarie
1175 667 1339 730 inest,
1379 674 1435 720 et
1463 663 1866 734 quodammodo
1891 676 1985 715 ac-

402 755 664 822 quisitum
696 767 798 821 est,
833 758 948 812 fieri
979 765 1154 828 potest
1186 766 1248 811 ut
1289 756 1584 828 aliquando
1625 770 1732 809 non
1775 754 1988 809 accidat

405 844 504 915 (ea
538 847 682 901 enim
727 857 807 902 est
869 848 1230 902 accidentium
1279 847 1510 918 natura)
1553 847 1804 902 accidens
1855 844 1986 898 illud

403 947 501 1000 per
525 937 666 1003 quod
697 935 865 990 Filius
893 946 1108 991 creator
1144 947 1251 1001 est,
1280 937 1568 1007 aliquando
1602 937 1654 991 in
1685 951 1751 991 eo
1787 947 1989 990 evane-

404 1040 558 1080 scere
603 1025 822 1095 poterit.
873 1028 1053 1099 Atque
1093 1029 1165 1083 ita
1210 1029 1470 1098 dignitate
1518 1042 1614 1082 sua
1663 1026 1986 1096 privatiitur,

402 1117 658 1172 amittens
703 1119 754 1172 id
801 1121 947 1188 quod
983 1118 1270 1173 didicerat.
1321 1117 1453 1174 Nam
1485 1117 1530 1172 is
1569 1119 1661 1186 qui
1697 1116 1990 1186 aliquando

401 1207 544 1273 quod
581 1207 864 1263 nesciebat
896 1207 1109 1274 didicit,
1147 1216 1325 1278 potest
1356 1207 1521 1263 etiam
1556 1208 1794 1277 ejusdem
1843 1206 1987 1262 obli-

399 1295 553 1351 visci.

1076 1411 1237 1468 ALlU
1248 1414 1307 1467 D.

471 1523 765 1581 Creaturas
791 1542 819 1586 a
848 1524 1016 1582 nihilo
1039 1528 1106 1586 ad
1127 1542 1249 1588 esse
1274 1528 1578 1592 traducere,
1607 1540 1713 1582 non
1747 1535 1832 1583 est
1854 1540 1990 1596 opus

402 1619 558 1683 artis,
609 1620 706 1674 sed
761 1618 1040 1677 facultatis
1091 1622 1206 1680 sive
1250 1621 1507 1692 potentiae
1559 1621 1830 1678 creativze.
1883 1623 1989 1676 Ars

404 1709 550 1764 enim
586 1726 646 1764 ea
690 1726 810 1781 quae
847 1713 1120 1768 exsistunt
1162 1713 1215 1768 in
1255 1711 1397 1768 aliud
1427 1712 1556 1783 quid
1589 1721 1806 1770 mutat:
1837 1727 1988 1770 crea-

1411 346 1468 403 S.
1513 343 1781 402 CYBILLI
1822 340 2292 398 ALEXANDRINI
2330 343 2657 402 ARCIIIEP.

2008 461 2050 519 Α

3573 356 3678 439 25.6

2640 465 2832 529 Λύσις
2865 463 3110 534 ἐφεξῆς.

2161 575 2221 627 Ei
2255 577 2362 628 πᾶν
2391 575 2528 647 ὅπερ
2557 577 2621 630 ἄν
2649 594 2754 630 τινι
2786 577 3032 645 φαίνοιτο
3059 576 3427 648 συμϐεϐηκὸς,
3454 576 3547 631 καὶ
3574 580 3678 631 ούκ

2087 665 2144 717 ὲν
2189 667 2258 736 τῇ
2304 665 2464 740 φύσει
2513 667 2786 737 κείμενον,
2825 669 3119 740 ἐπικτηθὲν
3143 668 3201 721 δέ
3227 685 3344 731 πως
3378 667 3522 722 κατά
3551 685 3674 723 τινα

2087 755 2307 825 τρόπον,
2333 758 2493 810 τοῦτο
2522 758 2617 810 καὶ
2649 759 3038 830 άποσυμὸῆναι
3084 759 3308 812 δύναταί
3343 776 3495 823 ποτε,
3530 759 3675 813 οὕτω

2089 848 2305 917 φύσεως
2336 848 2551 918 ἔχοντος
2578 851 2668 903 ἀεὶ
2694 850 2790 903 τοῦ
2823 851 3253 920 συμϐεϐηκότος,
3285 851 3673 923 ἀποσυμεήσε-

2087 938 2177 992 ταί
2203 955 2332 994 ποτε
2360 939 2452 993 τοῦ
2470 940 2600 994 Υίοῦ
2631 941 2691 994 τὸ
2718 940 2858 994 εἶναι
2882 942 3233 1013 δημιουργόν.
3261 945 3370 996 Ka‘t
3396 944 3548 996 ἔσται
3576 943 3673 996 τοῦ

2088 1026 2399 1098 ἀξιώματος
2445 1029 2670 1102 ἕρημος,
2703 1030 2993 1084 ἀποϐαλὼν
3044 1032 3180 1103 ὅπερ
3227 1031 3530 1102 ἕμαθεν.⁹0
3563 1033 3675 1105 γὰρ

2089 1115 2226 1179 ὅλως
2249 1119 2313 1169 ὲκ
2335 1117 2431 1170 τοῦ
2473 1118 2549 1190 μὴ
2577 1118 2774 1172 εἰδέναι
2794 1136 2848 1170 τι
2882 1119 3018 1189 πρὸς
3048 1120 3107 1173 τὸ
3136 1121 3336 1174 εἰδέναι
3382 1121 3674 1195 κεκλημέο

2090 1222 2198 1272 νος,
2229 1205 2442 1271 δέξεταί
2467 1224 2599 1262 ποτε
2636 1208 2730 1261 καὶ
2761 1209 2860 1279 τῆς
2890 1208 3060 1280 λήθης
3098 1209 3160 1264 τὸ
3194 1210 3388 1274 πάθος.

2776 1409 2960 1463 ΔΛΛΟ

2163 1517 2236 1570 Τὸ
2261 1519 2328 1570 ἐκ
2356 1517 2451 1570 τοῦ
2481 1519 2558 1589 μὴ
2587 1519 2737 1583 ὄντος
2769 1521 2854 1584 είς
2881 1521 2942 1576 τὸ
2976 1515 3118 1580 εἶναι
3152 1510 3422 1595 παράγειν
3453 1525 3522 1578 τὰ
3555 1526 3677 1579 κτίο

2092 1625 2294 1677 σματα,
2325 1611 2386 1662 ού
2433 1610 2630 1680 τέχνης
2675 1611 2836 1681 ἔργον
2881 1615 3050 1680 ἐστὶν,
3079 1613 3217 1669 ἀλλὰ
3265 1615 3547 1686 δυνάμεως
3579 1617 3680 1687 δη-

2095 1701 2446 1772 μιουργικῆς.
2475 1701 2652 1774 Τέχνη
2685 1703 2783 1772 μὲν
2816 1704 2928 1774 γὰρ
2965 1703 3035 1762 τὰ
3068 1705 3198 1762 ὄντα
3229 1706 3362 1777 πρὸς
3407 1707 3593 1780 ἔτερόν
3624 1723 3682 1762 τι

405 1797 511 1851 trix
549 1807 727 1854 autem
769 1800 1018 1866 facultas,
1050 1816 1112 1857 ea
1158 1815 1280 1870 quae
1323 1817 1429 1858 non
1457 1802 1732 1858 exsistunt
1775 1803 1900 1858 facit
1931 1811 1988 1858 ut

2098 1795 2492 1863 μετασκευάζει
2512 1811 2526 1825 ·
2553 1795 2917 1868 δημιουργικὴ
2945 1797 3004 1850 δὲ
3045 1795 3276 1868 δύναμις
3304 1799 3374 1853 τὰ
3423 1799 3496 1870 μὴ
3547 1800 3684 1856 ὄντα

403 1891 695 1946 exsistant.
728 1891 785 1946 Si
816 1907 946 1964 ergo
980 1896 1049 1949 ab
1077 1903 1197 1949 arte
1227 1893 1385 1968 152
1419 1901 1512 1948 aut
1542 1895 1786 1950 doctrina
1817 1904 1989 1966 potest

2098 1885 2234 1956 πρὸς
2266 1885 2328 1938 τὸ
2360 1882 2500 1940 εἶναι
2531 1888 2705 1946 καλεῖ,
2741 1888 2807 1944 Ei
2845 1887 3027 1943 τοίνυν
3058 1889 3166 1943 ἀπὸ
3192 1889 3386 1960 τέχνης
3431 1891 3524 1946 καὶ
3572 1909 3680 1960 μα-

401 1995 524 2036 esse
545 1991 761 2038 creator
786 1982 974 2050 Filius,
1007 1985 1228 2041 rideant
1261 1986 1392 2056 quid
1439 1983 1508 2042 de
1546 1985 1708 2042 Patre
1748 1996 1996 2042 statuere

403 2072 588 2136 velint,
625 2073 669 2129 si
715 2073 841 2144 quis
879 2075 1043 2130 etiam
1078 2074 1146 2132 de
1196 2076 1289 2132 illo
1321 2077 1438 2132 [nec
1487 2075 1657 2131 dicat.
1709 2077 1780 2137 At
1824 2077 1992 2146 dices,

404 2159 616 2217 Patrem
651 2166 869 2234 quidem
897 2176 1094 2220 natura
1129 2179 1272 2231 esse,
1301 2165 1498 2220 Filium
1533 2181 1663 2221 vero
1696 2167 1992 2222 edoctum:

404 2252 517 2308 ﬁeri
555 2255 738 2324 itaque
763 2266 942 2326 potest
979 2265 1037 2315 ut
1067 2256 1190 2326 quis
1214 2266 1585 2326 consequatur
1621 2257 1866 2313 doctrina
1897 2273 1998 2312 na-

404 2345 632 2400 turalem
706 2349 1075 2417 operationem
1145 2349 1262 2415 Dei,
1299 2358 1465 2417 utque
1517 2351 1743 2412 edoctus
1784 2366 1993 2420 creare,

403 2431 543 2487 idem
575 2435 897 2490 naturaliter
932 2437 1006 2492 sit
1027 2437 1172 2507 quod
1202 2438 1339 2507 ipse.
1364 2436 1578 2492 Nullum
1613 2438 1776 2510 igitur
1801 2440 1997 2494 discrio

403 2539 524 2578 tnen
573 2527 677 2581 erit
727 2527 884 2593 inter.
927 2527 1093 2583 Deum
1136 2538 1192 2586 et
1249 2539 1580 2596 creaturam,
1635 2540 1993 2601 przetcrquam

401 2615 643 2672 scientiae
694 2619 993 2690 disparitas
1041 2639 1054 2674 :
1107 2632 1304 2681 natura
1361 2631 1539 2678 autem
1594 2625 1661 2678 ab
1717 2625 1834 2696 ipso
1887 2640 1993 2680 non

267 2707 288 2729 ⁸
402 2705 736 2773 differemus,
769 2709 862 2763 sed
897 2711 1012 2765 sola
1043 2711 1272 2768 scientia
1301 2711 1591 2768 inferiores
1622 2713 1713 2772 illo
1743 2715 1993 2771 erimus:

402 2812 525 2866 qua:
553 2801 641 2854 ubi
674 2801 884 2870 adjecta
920 2804 1076 2860 nobis
1115 2804 1302 2870 fuerit,
1333 2807 1542 2860 erimus
1577 2821 1769 2862 omnes
1802 2817 1994 2864 natura

403 2889 500 2945 dii.
539 2892 822 2959 Quomodo
859 2897 1028 2966 igitur
1059 2912 1200 2954 unus
1243 2905 1327 2954 est
1369 2897 1533 2961 Deus,
1577 2897 1624 2951 si
1679 2912 1776 2968 per
1821 2899 1993 2954 solam

405 2983 710 3040 doctrinam
733 3001 894 3055 quam
932 2988 1346 3058 consequimur,
1377 2987 1454 3042 dii
1503 2985 1807 3046 efﬁcimur?
1852 2991 1920 3044 At
1946 2992 1994 3052 si

2096 1976 2305 2050 θήσεως
2347 1975 2487 2034 εἶναι
2519 1980 2746 2034 δύναται
2789 1979 3120 2051 δημιουργὸς
3153 1984 3181 2035 6
3211 1982 3356 2046 Υἱὸς,
3391 1983 3682 2052 ὀράτωσαν

2094 2067 2148 2119 τί
2178 2085 2308 2121 ποτε
2336 2068 2443 2140 ἄρα
2473 2071 2568 2122 καὶ
2602 2070 2731 2140 περὶ
2761 2069 2855 2123 τοῦ
2887 2070 3101 2142 Πατρὸς
3127 2069 3367 2141 ἐροῦσιν,
3401 2070 3457 2125 εί
3478 2088 3561 2134 τις
3583 2074 3686 2126 καὶ

2096 2161 2181 2212 ἐπ’
2209 2161 2374 2214 αὑτοῦ
2413 2160 2586 2217 ταῦτα
2615 2161 2796 2230 λέγοιο
2847 2162 2986 2216 Ἀλλ’
3011 2165 3176 2233 ἐρεῖς.
3204 2164 3286 2217 ὅτι
3325 2162 3485 2232 φύσει
3518 2164 3617 2234 μὲν
3654 2167 3687 2219 ὁ

2096 2249 2306 2321 Πατὴρ,
2334 2250 2578 2316 διδακτὸς
2623 2251 2681 2304 δὲ
2731 2251 2933 2315 ὁΥίός.
2982 2252 3232 2320 Ἔξεστιν
3278 2247 3372 2306 οὖν
3416 2251 3687 2315 διδακτῶς

2098 2341 2400 2413 κτήσασθαί
2434 2359 2554 2395 τινα
2583 2331 2680 2412 τὴν
2704 2342 2942 2412 φυσικὴν
2973 2342 3255 2414 ἐνέργειαν
3278 2341 3371 2396 τοῦ
3399 2342 3556 2406 Θεοῦ,
3585 2343 3688 2395 καὶ

2099 2433 2340 2503 μαθόντα
2361 2432 2567 2498 κτίζειν
2591 2432 2845 2502 γενέσθαι
2870 2432 3030 2487 τοῦτο
3050 2435 3188 2505 ὅπερ
3214 2435 3330 2487 ἐστὶ
3355 2434 3497 2488 κατᾶ
3518 2435 3692 2503 φύσιν

2096 2526 2278 2590 αὐτός.
2304 2525 2473 2580 Οὐδὲν
2494 2522 2586 2580 οὖν
2611 2525 2721 2598 ἄρα
2744 2527 2805 2580 τὸ
2828 2527 3030 2598 μεταξὺ
3060 2527 3195 2580 Θεοῦ
3220 2528 3312 2582 καὶ
3341 2527 3686 2596 κτισμάτων,

2095 2618 2144 2670 εί
2176 2616 2253 2688 μὴ
2283 2616 2484 2686 γνῶσις
2521 2618 2772 2690 περιττὴ,
2805 2617 2901 2677 καὶ
2935 2619 3095 2688 φύσει
3126 2620 3226 2689 μὲν
3263 2619 3397 2690 πρὸς
3423 2619 3587 2672 αὑτὸν
3617 2619 3692 2672 οὔ

2094 2708 2426 2782 διῃρήμεθα,
2464 2709 2601 2782 μόνῃ
2627 2710 2684 2763 δὲ
2717 2711 2785 2782 τῇ
2819 2709 3020 2779 γνώσει
3050 2710 3350 2782 λειπόμεθα
3369 2729 3382 2742 ·
3411 2706 3480 2782 ἧς
3512 2727 3689 2782 προσ-

2094 2801 2366 2871 τεθείσης,
2404 2800 2643 2873 ἐσόμεθα
2674 2802 2875 2866 πάντες
2917 2802 3059 2857 κατὰ
3089 2803 3250 2872 φύσιν
3277 2802 3408 2856 θεοί.
3434 2801 3558 2864 Πῶς
3585 2801 3687 2856 οὖν

2095 2889 2176 2958 εἷς
2207 2894 2360 2958 Θεὸς,
2394 2895 2444 2947 εί
2493 2894 2551 2947 ὲν
2599 2894 2748 2966 μόνῳ
2785 2895 2865 2966 τῷ
2913 2895 3107 2966 μαθεῖν
3137 2898 3316 2949 κεῖται
3338 2896 3398 2950 τὸ
3425 2895 3686 2964 γενέσθαι

2097 2986 2283 3053 θεούςς
2315 2988 2379 3041 Εἰ
2407 2987 2464 3042 δὲ
2493 2987 2662 3060 πολλή
2691 2987 2776 3052 τίς
2818 2989 2966 3042 ἐστιν
3007 2991 3066 3042 ἐν
3095 2987 3304 3053 τούτοις
3330 2991 3364 3060 ἠ
3393 2988 3501 3042 τῶν
3529 2987 3685 3056 λογι-

405 3074 522 3144 ipsa
568 3090 628 3131 se
671 3077 861 3134 ltarum
916 3078 1396 3136 ratiocinationum
1447 3078 1760 3137 absurditas
1795 3083 1989 3151 prodit,

2099 3079 2251 3152 σμῶν
2297 3080 2515 3144 ἀτοπία,
2543 3080 2790 3150 φυσικῶς
2841 3081 2950 3153 ἄρα
2997 3081 3328 3155 δημιουργὸς
3372 3084 3400 3138 6
3439 3081 3585 3146 Υἱὸς,
3615 3077 3689 3136 οὐ

403 3167 728 3224 naturaliter
759 3169 945 3240 itaque
981 3178 1200 3228 creator
1236 3180 1322 3232 est
1368 3169 1571 3234 Filius.
1624 3185 1730 3230 non
1763 3187 1861 3244 per
1888 3174 1987 3232 do-

402 3260 659 3327 ctrinam,
688 3270 746 3320 ut
776 3278 872 3321 vos
907 3265 1231 3336 opinamini.

1087 3399 1316 3460 ALIUD.

472 3505 634 3561 Aliud
670 3508 948 3578 quidpiam
977 3519 1062 3566 est
1090 3513 1378 3582 sapientia,
1419 3516 1566 3573 aliud
1603 3519 1825 3589 sapiens
1856 3538 1871 3575 :
1907 3533 1996 3576 sa-

404 3598 607 3668 pientia
639 3602 784 3655 enim
815 3613 900 3658 est
925 3618 1013 3660 res
1045 3620 1167 3676 quae
1195 3622 1386 3677 sapere
1411 3609 1568 3677 facit;
1622 3613 1841 3682 sapiens
1868 3629 1995 3670 vero

404 3693 497 3761 qui
537 3707 652 3746 rem
682 3709 804 3764 quae
839 3711 1034 3765 sapere
1065 3696 1220 3767 facit,
1265 3700 1512 3771 suscipit.
1559 3701 1616 3758 Si
1657 3718 1788 3775 ergo
1823 3703 1996 3761 Filius

403 3784 644 3855 seipsum
703 3789 1030 3854 sapienti-am
1081 3805 1206 3847 esse
1255 3792 1410 3858 dicit,
1465 3796 1733 3864 quomodo
1779 3797 1996 3868 sapiens

403 3876 630 3935 effectus
671 3881 796 3935 est?
852 3880 989 3938 Nam
1037 3883 1084 3938 sl
1131 3885 1356 3941 omnino
1400 3886 1651 3942 doctrina
1692 3887 1994 3958 indigebat,

406 3985 512 4023 non
537 3981 656 4024 erat
683 3973 972 4042 sapientia.
1005 3973 1070 4029 Et
1091 3975 1140 4031 si
1163 3976 1429 4046 sapientia
1459 3977 1814 4034 aecidentalis
1841 3979 1894 4034 in
1927 3995 1994 4036 eo

402 4073 505 4126 est,
542 4066 744 4134 poterit
787 4065 1078 4136 aliquando
1110 4069 1236 4127 talis
1273 4085 1378 4125 non
1411 4085 1557 4136 esse,
1599 4085 1726 4127 cum
1763 4072 1817 4127 id
1848 4073 1990 4142 quod

402 4155 601 4210 accidit
637 4157 811 4226 possit
859 4159 1025 4214 etiam
1067 4175 1173 4216 non
1201 4162 1468 4220 accidere.
1504 4163 1772 4230 Quidnam
1827 4165 1995 4236 igitur

399 4257 521 4300 erat
545 4255 670 4304 ante
693 4249 836 4304 hoc?
861 4251 1128 4321 sapientia
1154 4255 1298 4309 enim
1329 4270 1435 4310 non
1461 4263 1602 4320 erat,
1632 4271 1753 4310 cum
1777 4259 1994 4326 sapien-

361 4393 370 4400 _
405 4337 479 4390 tia
507 4337 794 4408 indigeret.
829 4341 896 4396 At
933 4357 1152 4413 semper
1181 4343 1282 4400 fuit
1324 4347 1588 4416 sapientia
1629 4345 1822 4400 Filius.
1876 4347 1990 4404 Hoc

401 4429 547 4483 enim
591 4445 745 4485 sacra
785 4431 1066 4503 Scriptura
1092 4436 1158 4490 de
1192 4437 1309 4506 ipso
1333 4437 1611 4506 praedicat.
1643 4437 1854 4493 Vanum
1888 4439 1992 4493 ita-

2095 3171 2381 3238 διδακτῶς,
2413 3171 2534 3227 καθ’
2571 3173 2736 3245 ὑμᾶς.

2785 3397 2991 3452 ΔΛΛΟ.

2166 3512 2390 3584 Ἐτερόν
2420 3512 2474 3566 τί
2499 3512 2616 3566 ἐστι
2647 3511 2830 3580 σοφία,
2859 3511 2954 3565 καὶ
2980 3509 3168 3581 ἕτερον
3205 3511 3235 3564 6
3278 3509 3441 3578 σοφός
3464 3523 3479 3539 ⁹
3513 3509 3546 3578 ἡ
3583 3508 3694 3580 μὲν

2094 3605 2208 3674 γὰρ
2241 3603 2405 3674 σοφία
2447 3603 2579 3657 αὐτὸ
2625 3602 2688 3656 τὸ
2739 3604 2972 3674 πρᾶγμα
3022 3601 3084 3656 τὸ
3131 3599 3330 3672 corpon
3362 3602 3533 3664 ἐστιν,
3567 3603 3596 3655 6
3625 3602 3688 3654 δὲ

2097 3696 2261 3766 σοφὸς
2309 3699 2339 3750 6
2389 3694 2484 3750 τοῦ
2521 3695 2814 3765 ωφοῦντος
2845 3694 3115 3759 δεκτικός.
3145 3695 3208 3748 El
3257 3694 3440 3748 τοίνυν
3486 3694 3689 3763 σοφίαν

2095 3788 2287 3843 ἑαυτὸν
2312 3784 2450 3843 εἷναί
2469 3805 2634 3858 φησιν
2655 3787 2685 3840 6
2702 3787 2849 3853 Υἱὸς,
2869 3786 2986 3850 πῶς
3012 3785 3304 3856 ὲσοφεῢτος
3329 3787 3392 3839 Ei
3415 3785 3525 3856 γὰρ
3546 3785 3691 3850 ὅλως

2092 3881 2264 3936 ὲδείτο
2303 3880 2612 3952 μαθήσεως,
2641 3880 2743 3934 οὐκ
2769 3875 2838 3951 ἦν
2869 3879 3052 3948 σοφία.
3086 3879 3197 3932 Καὶ
3237 3879 3285 3932 εἰ
3336 3877 3690 3950 ωμὸἑδηκεν

2094 3972 2243 4044 αύτῷ
2267 3972 2328 4026 τὸ
2357 3972 2539 4043 σοφὸν,
2565 3971 2719 4025 ἔσται
2753 3971 2885 4025 ποτὲ
2914 3973 3008 4025 καὶ
3031 3971 3093 4024 οὐ
3121 3969 3382 4037 τοιοῦτος,
3412 3969 3510 4023 τοῦ
3537 3987 3688 4042 συμ-

2093 4064 2388 4137 ϐεϐηκότος
2443 4064 2536 4118 καὶ
2587 4063 2975 4135 ἀπωυμόἦναι
3016 4063 3337 4132 δυναμένου.
3371 4061 3437 4116 Τί
3479 4057 3573 4116 οὖν
3612 4059 3690 4134 ἦν

2093 4157 2200 4228 ἄρα
2257 4156 2364 4228 πρὸ
2408 4155 2638 4221 τούτους
2693 4155 2857 4226 σοφία
2902 4155 3011 4228 γὰρ
3061 4155 3162 4208 οὐκ
3217 4149 3308 4226 ἦν,
3358 4153 3688 4224 λειπόμενος

2094 4249 2429 4320 φρονήσεως.
2447 4247 2587 4301 Ἀλλ’
2630 4243 2700 4320 ἦν
2749 4247 2837 4302 ἀεὶ
2884 4247 3047 4317 σοφία
3095 4248 3124 4301 6
3167 4247 3318 4312 Υἱός.
3351 4245 3520 4300 Τοῦτο
3573 4248 3691 4318 γὰρ

2092 4339 2454 4411 κηρύττουσιν
2480 4341 2536 4394 ai
2567 4337 2708 4393 θεῖαι
2740 4339 2979 4412 Γραφαί.
3015 4338 3418 4410 Διεψευσμένον
3443 4338 3554 4410 ἄρα
3582 4340 3690 4392 καὶ

2091 4431 2305 4502 ἀμαθὲς
2351 4431 2415 4486 τὸ
2457 4433 2523 4487 ὲκ
2573 4430 2866 4504 μαθήσεώς
2917 4450 2968 4486 τι
3016 4431 3446 4504 προσγεγονέναι
3500 4431 3690 4500 λέγειν

401 4537 509 4591 que
541 4531 596 4577 et
623 4523 916 4581 absurdum
950 4536 1036 4583 est
1072 4527 1276 4597 dicere,
1323 4527 1463 4585 Filio
1494 4529 1700 4599 aliquid
1733 4530 1986 4587 doctrina
2024 4523 2067 4542 "
2093 4524 2262 4596 αὖτῷο

401 4616 685 4673 accidisse.

1077 4735 1304 4793 ALIUD.

474 4841 534 4898 Si
561 4843 787 4901 facultas
813 4847 1035 4904 creandi
1070 4848 1208 4906 Filio
1250 4863 1349 4919 per
1376 4848 1681 4908 doctrinam
1729 4850 1982 4916 accessit,

400 4945 566 5004 atque
613 4937 684 4994 ita
718 4937 890 4994 factus
909 4948 994 4993 est
1008 4949 1224 5000 creator
1250 4941 1442 5008 Filius,
1471 4943 1684 4998 invidiae
1715 4943 1846 4998 vitio
1878 4940 1986 4996 Pa-

399 5033 540 5079 trem
569 5037 826 5092 onerant,
873 5028 917 5082 si
959 5041 1084 5082 cum
1117 5029 1320 5087 multos
1345 5031 1544 5088 docere
1575 5042 1782 5103 posset,
1816 5047 1983 5088 unum

400 5123 610 5172 tantum
649 5119 856 5174 docuit.
898 5118 1039 5185 Quid
1081 5120 1226 5174 enim
1269 5123 1562 5188 nocuisset,
1601 5125 1796 5181 multos
1836 5127 1983 5183 circa

399 5205 576 5274 ipsum
602 5219 880 5263 creatores
907 5209 1142 5278 1versari,
1174 5211 1630 5280 quemadmodum
1662 5215 1861 5271 multos
1888 5232 1982 5272 ar-

402 5300 695 5369 cltangclos
735 5311 900 5369 atque
929 5301 1148 5373 angelos
1203 5302 1404 5361 habet?
1457 5305 1612 5364 Nunc
1666 5323 1796 5364 vero
1839 5309 1987 5366 solus

398 5391 572 5449 Filius
600 5403 863 5462 cperatur
908 5408 1028 5463 qua:
1077 5394 1262 5455 Pater.
1315 5396 1650 5455 Naturaliter
1697 5401 1884 5470 itaque
1933 5402 1985 5456 ei

401 5483 588 5549 insita,
621 5497 727 5540 non
765 5486 1008 5544 doctrina
1049 5490 1314 5560 acquisita
1348 5500 1434 5551 est
1461 5491 1682 5549 creandi
1727 5492 1982 5559 facultas,

402 5589 473 5630 ne
503 5574 664 5628 Pater
697 5575 896 5631 invidia
953 5579 1233 5639 laborasse
1271 5594 1566 5642 censeatur
1597 5603 1609 5639 :
1651 5586 1852 5656 quippe
1889 5585 1980 5655 qui

403 5682 511 5722 non
543 5668 751 5735 docuit,
789 5670 883 5724 sed
917 5685 983 5726 ex
1019 5689 1078 5728 se
1119 5676 1305 5746 genuit
1337 5693 1502 5733 unum
1533 5686 1858 5745 creatorem,
1888 5691 1986 5748 per

403 5773 563 5827 quem
592 5761 770 5817 omnia
801 5776 1071 5835 operatur.

2785 4728 2990 4782 AAAO.

2165 4839 2229 4893 Εί
2252 4838 2498 4894 διδακτόν
2521 4840 2636 4894 ἐστι
2662 4841 2724 4896 τὸ
2745 4840 3005 4896 δύνασθαι
3025 4841 3399 4913 δημιουργεῖν,
3417 4843 3512 4897 καὶ
3534 4842 3688 4900 οὕτω

2089 4929 2281 5007 γέγονε
2321 4929 2654 5002 δημιουργὸς
2698 4933 2728 4985 6
2751 4931 2902 4996 Υίὸς,
2931 4932 3128 5001 φθόνου
3182 4933 3354 4996 πάθος
3394 4933 3684 5005 εἰσάγουσι

2086 5022 2309 5092 γεγονὸς
2339 5023 2475 5095 πρὸς
2504 5024 2596 5078 τὸν
2623 5024 2864 5095 Πατέρα,
2893 5025 2946 5077 εί
2965 5041 3029 5094 γε
3065 5024 3293 5088 πολλοὺς
3333 5026 3542 5092 διδάξαι
3583 5027 3680 5082 δυ-

2082 5115 2336 5186 νάμενος,
2365 5115 2463 5170 ἕνα
2495 5115 2658 5187 μόνον
2688 5116 2920 5181 ἐδίδαξε.
2953 5115 3020 5168 Τί
3066 5115 3177 5187 γὰρ
3223 5115 3412 5170 ἐλύπει
3448 5117 3682 5183 πολλοὺς

2090 5210 2218 5283 περὶ
2245 5209 2410 5264 αὑτὸν
2433 5205 2574 5263 εἶναι
2595 5210 2982 5281 δημιουργοὺς,
3001 5209 3192 5283 ὥσπερ
3218 5206 3312 5264 οὖν
3333 5212 3426 5266 καὶ
3448 5212 3683 5277 πολλοὺς

2088 5302 2464 5374 ἀρχαγγέλους
2491 5303 2585 5356 καὶ
2613 5301 2880 5370 ἀγγέλους
2908 5303 3051 5374 ἔχες
3083 5302 3200 5358 Νῦν
3225 5303 3282 5356 δὲ
3316 5303 3477 5374 μόνος
3498 5305 3528 5356 6
3549 5304 3682 5369 Υἱὸς

2087 5397 2157 5451 τὰ
2197 5397 2294 5451 τοῦ
2341 5396 2555 5468 Πατρὸς
2601 5396 2920 5467 ἐργάζεται.
2946 5399 3182 5451 Φυσικὸν
3211 5395 3306 5452 οὖν
3340 5397 3450 5468 ἄρα
3492 5397 3589 5451 καὶ
3615 5398 3680 5452 ού

2087 5489 2334 5544 διδακτὸν
2379 5490 2437 5543 ἐν
2485 5487 2636 5560 αὐτῷ
2675 5489 2738 5543 τὸ
2784 5489 3161 5561 δημιουργεῖν,
3190 5489 3278 5544 ἵνα
3327 5490 3424 5543 καὶ
3479 5490 3679 5558 φθόνου

2091 5581 2350 5651 φαίνηται
2366 5581 2636 5652 ,κρείττων
2661 5583 2689 5634 6
2723 5583 2932 5652 Πατὴρ,
2955 5583 3015 5635 ού
3043 5583 3263 5649 διδάξας
3295 5582 3514 5654 μᾶλλον,
3539 5583 3684 5642 ἀλλὰ

2093 5677 2359 5746 γεννήσας
2403 5675 2460 5742 ἐξ
2495 5675 2690 5730 ἑαυτοῦ
2737 5677 2828 5730 τὸν
2875 5675 2969 5731 ἕνα
3012 5677 3364 5749 δημιουργὸν,
3394 5677 3463 5731 δι’
3495 5670 3556 5729 οὗ
3606 5677 3681 5730 τὰ

2098 5771 2274 5823 πάντα
2301 5769 2613 5838 ἐργάζεται.
