3996 6406
417 333 525 391 959
1411 330 1468 387 s.
1510 329 1787 386 Ci’RlLLI
1827 328 2294 386 ALEXANDRINI
2334 330 2654 390 ARCDIEP.
3574 335 3684 396 εθο

419 467 542 530 nos.
591 449 704 504 Non
749 449 913 518 igitur
948 447 1170 503 omnino
1214 448 1388 504 lactus
1430 449 1621 506 fuisset
1667 450 1858 515 Filius,
1901 450 1979 505 nis

2109 455 2277 524 ἡμᾶς.
2305 456 2420 509 Οὐκ
2447 456 2513 509 ἂν
2544 452 2636 511 οὖν
2669 456 2757 509 δλο
2781 474 2805 520 ς
2829 460 2857 510 6
2880 451 3006 521 Υἱὸς
3030 458 3235 531 ὑπέςτη
3261 454 3359 530 τῆς
3395 460 3516 515 καθ’
3537 462 3683 533 ἡμᾶς

419 544 592 601 nostri
621 558 782 598 causa
810 559 825 607 ;
862 543 958 595 sed
989 556 1162 609 neque
1189 540 1359 594 voluit
1382 541 1600 610 quidem
1627 540 1785 596 Pater
1806 556 1979 597 creari

2102 545 2350 617 ἀπούσης
2382 548 2580 612 αἰτίας,
2617 549 2713 602 καὶ
2764 549 2903 619 τάχα
2953 550 3074 603 οὐδὲ
3133 552 3340 616 κτίζειν
3388 552 3547 621 ἦθελε
3591 556 3687 609 τὸν

421 619 640 700 Filium,
665 635 759 690 sed
786 633 1086 689 necessitas
1120 634 1233 700 ipsa
1266 632 1439 703 illum,
1465 640 1523 686 ut
1558 633 1738 701 vellet,
1775 634 1951 704 coegit

2098 637 2230 699 Tibv
2252 640 2280 692 6
2301 639 2510 711 Πατὴρ,
2538 639 2673 694 ἀλλὰ
2697 641 2852 710 μόλις
2876 639 3041 694 αὐτὸν
3066 643 3146 704 εἰς
3175 640 3237 694 τὸ
3265 619 3525 714 ἐθελῆσαι
3547 662 3688 715 προ-

420 739 589 798 atque
621 728 694 781 ita
725 741 790 781 es
830 725 1051 780 illorum
1088 721 1249 794 154
1278 723 1555 792 Opinione,
1587 725 1727 781 Deus
1760 725 1874 794 ipse
1905 740 1979 782 ne

2101 729 2309 801 ήγαγεν
2343 729 2377 800 ἡ
2405 731 2587 802 χρεία,
2631 731 2729 785 καὶ
2762 730 2974 801 γέγονε,
3003 731 3125 785 κατ’
3158 732 3423 801 ἐκείνους,
3455 735 3548 789 καὶ
3578 726 3681 788 ὑπέ

420 818 665 875 cessitati
717 816 998 886 subjectus
1047 812 1169 869 fuit.
1212 815 1471 886 Apagesis
1505 817 1663 871 istam
1711 814 1979 872 ratiocina‘

2101 821 2346 893 ἀνάγκην
2371 821 2520 886 Θεός.
2555 820 2729 891 Φεῦγε
2755 822 2851 875 τοῦ
2876 823 3035 893 λόγου
3064 822 3164 894 τὴν
3193 823 3442 878 ἀτοπίαν.

423 910 585 967 tionis
611 907 1032 965 absurditatem!

1086 1015 1319 1073 ALIUD.

441 1144 445 1148 ι
488 1111 546 1167 Si
581 1122 803 1182 propter
832 1125 934 1167 nos
978 1108 1175 1165 Filium
1225 1111 1436 1166 creavit
1476 1110 1669 1177 Pater,
1714 1125 1839 1166 cum
1885 1112 1997 1183 jam

416 1205 616 1259 factum
645 1205 716 1259 sit
739 1213 902 1272 atque
927 1203 1241 1258 absolutum
1263 1218 1399 1274 opus
1420 1204 1577 1272 cujus
1601 1218 1765 1260 causa
1785 1213 2001 1259 creatus

414 1306 520 1360 est,
558 1308 996 1363 supervacaneus
1032 1294 1290 1364 deinceps
1328 1304 1415 1351 est
1443 1294 1635 1361 Filius,
1687 1304 1872 1364 utpote
1890 1295 1998 1350 .‘in-

415 1381 778 1441 strumenium
818 1373 964 1442 illius
999 1385 1182 1455 Operis
1210 1386 1324 1456 jam
1357 1386 1612 1454 absoluti,
1647 1386 1803 1454 cujus
1835 1396 1997 1443 causa

2786 1022 2993 1078 AAAO.

2172 1111 2235 1165 Et
2268 1111 2334 1165 δι’
2358 1112 2505 1183 ἡμᾶς
2543 1111 2724 1167 ἔκτισε
2743 1113 2833 1168 τὸν
2852 1114 2980 1168 Υἱδν
3003 1112 3269 1187 ὸΠατὴρ,
3292 1114 3487 1184 γέγονε
3509 1114 3567 1169 δὲ
3597 1134 3703 1168 και

2100 1204 2461 1276 πεπλήρωται
2485 1204 2547 1258 τὸ
2570 1204 2732 1278 ἔργον
2752 1206 2821 1260 δι’
2851 1205 2880 1260 ὃ
2904 1206 3000 1261 καὶ
3029 1207 3278 1277 ἐκτίσθη,
3300 1207 3554 1278 περιττὸς
3580 1206 3658 1258 λο⁸
3673 1237 3693 1245 -

2100 1297 2201 1349 πὸν
2234 1299 2262 1351 ὁ
2290 1297 2526 1362 Υἱὸς,ὼς
2557 1297 2790 1370 δργανον
2809 1300 2909 1371 τῆς
2928 1300 2998 1353 δι’
3018 1301 3085 1370 ἢν
3109 1301 3475 1371 προϐέόληται
3497 1300 3686 1371 χρείας

2099 1388 2578 1461 ἀποτελεσθείσης.

416 1477 592 1533 factus
618 1486 757 1533 erat.

470 1487 592 1534 ctus
618 1486 757 1533 erat.

807 1568 924 1623 Alia
953 1569 1247 1639 probabilia
1277 1568 1626 1624 theoremata.

2467 1571 2599 1625 Ἀλ.
2612 1587 2662 1624 .a
2698 1571 2919 1627 πιθανὰ
2954 1571 3320 1641 θεωρήματα.

487 1660 546 1714 Si
598 1659 760 1715 Pater
807 1669 1029 1730 propter
1082 1674 1182 1715 nos
1217 1658 1414 1715 Filium
1461 1660 1687 1725 creavit,
1724 1661 1791 1715 de
1837 1661 1979 1716 nobis

2172 1662 2235 1715 Εἰ
2279 1662 2349 1716 δι’
2383 1663 2531 1734 ἡμᾶς
2576 1662 2759 1717 ἔκτισε
2791 1661 2882 1717 τὸν
2914 1663 3044 1717 Υιὸν
3075 1665 3105 1717 6
3130 1662 3341 1734 Πατὴρ,
3370 1663 3498 1735 περὶ
3527 1662 3683 1735 πρῶὁ

413 1752 604 1820 primis
635 1750 978 1805 deliberavit.
1014 1749 1071 1805 Si
1105 1765 1235 1805 vero
1255 1750 1370 1820 ejus
1393 1752 1713 1806 deliberatio
1733 1753 1876 1806 circa
1899 1767 1979 1806 nos

2098 1770 2207 1807 των
2236 1754 2394 1826 ἡμῶν
2426 1747 2793 1825 βεϐούλευται.
2844 1756 2907 1810 Ei
2949 1756 3007 1811 δὲ
3036 1756 3163 1828 περὶ
3193 1756 3426 1828 πρώτων
3456 1755 3618 1828 ἡμῶν
3648 1757 3683 1827 ἡ

416 1839 620 1909 primos
646 1849 857 1892 versata
888 1849 993 1904 est,
1030 1838 1383 1909 quamobrem
1438 1840 1527 1893 ille
1557 1852 1682 1895 ante
1722 1856 1818 1895 nos
1847 1854 1970 1895 crea

2103 1841 2295 1913 σκέψις
2321 1843 2578 1913 ἐγγέγονε
2609 1842 2688 1916 τῷ
2718 1840 2914 1916 Πατρὶ,
2947 1844 3091 1899 διατὶ
3132 1845 3241 1918 πρὸ
3280 1845 3439 1918 ἡμῶν
3473 1846 3686 1909 ἐκεῖνος

416 1940 523 1996 tur,
558 1930 648 2001 qui
682 1931 735 1984 in
781 1929 1012 1985 consilio
1052 1938 1108 1984 et
1154 1930 1547 1985 deliberatione
1581 1942 1700 1985 erat
1730 1931 1979 1987 ultimus‘

2099 1935 2343 1999 κτίζεται
2380 1936 2408 1987 6
2445 1936 2502 1989 ἐν
2548 1932 2764 2005 βουλαῖς
2809 1936 3157 2004 τελευταῖος;
3194 1938 3347 1991 Διατί
3379 1937 3435 1991 δὲ
3467 1939 3684 2008 πρῶτον

410 2021 519 2075 Aut
546 2036 667 2087 cur,
703 2035 825 2075 cum
854 2019 1005 2076 illum
1036 2020 1270 2091 primum
1296 2018 1521 2088 creavit,
1554 2036 1659 2076 non
1693 2023 1856 2076 etiam
1886 2023 1979 2091 prii

2098 2018 2259 2078 αὑτὸν
2292 2025 2505 2094 κτίσας,
2539 2021 2599 2081 οὺ
2632 2023 2761 2101 περὶ
2790 2024 3008 2101 πρώτου
3038 2026 3133 2083 καὶ
3161 2024 3509 2097 ἐϐουλεύετο;
3539 2028 3685 2084 διατι

411 2128 502 2168 mo
527 2114 594 2169 de
630 2112 725 2169 illo
760 2112 1120 2170 deliberavit?
1152 2128 1324 2185 quare
1353 2115 1520 2170 etiam
1566 2126 1690 2169 cum
1740 2112 1807 2169 de
1841 2108 1979 2169 nobis

2098 2110 2153 2168 δὲ
2188 2115 2352 2169 πάλιν
2380 2115 2632 2187 πρώτους
2656 2118 2804 2188 ἡμᾶς
2844 2117 2983 2188 ἔχων
3013 2120 3071 2172 ἐν
3100 2118 3311 2189 σκέψει,
3346 2120 3551 2173 ἐκεῖνον
3580 2114 3684 2190 μὲν

408 2205 643 2273 primum
671 2204 948 2276 cogitarit,
977 2203 1126 2259 illum
1157 2204 1374 2275 quidem
1406 2202 1604 2261 Filium
1631 2215 1685 2258 et
1726 2202 1979 2260 liacrcden

2098 2207 2225 2260 Υῐὸν
2254 2207 2348 2260 καὶ
2378 2206 2718 2280 κληρονόμον
2751 2206 3037 2272 ἀποκαλεῖ,
3074 2209 3222 2280 ἡμᾶς
3243 2207 3301 2263 δὲ
3337 2206 3558 2273 δούλους
3585 2203 3685 2262 καὶ

407 2305 591 2360 vocat,
625 2309 724 2351 nos
758 2303 937 2351 autem
978 2308 1191 2359 servos,
1234 2305 1289 2350 et
1320 2296 1689 2352 haereditatem
1736 2294 1881 2350 illius
1904 2311 1974 2365 qu

2098 2297 2295 2370 κλῆρον
2321 2298 2415 2352 τοῦ
2461 2299 2528 2352 δι’
2558 2300 2708 2371 ἡμᾶς
2748 2299 3082 2371 γενομένους
3115 2295 3263 2354 Ἔδει
3309 2300 3417 2372 γὰρ
3460 2302 3524 2355 ὲκ
3568 2302 3686 2355 τῶν

407 2395 632 2456 propter
661 2401 761 2440 nos
793 2385 972 2442 lactus
997 2398 1081 2443 est
1099 2386 1124 2441 ’ἔ
1145 2387 1442 2455 Oportebat
1463 2386 1609 2443 enim
1639 2403 1671 2443 e
1694 2389 1979 2456 contrario,

2098 2391 2374 2454 ἐναντίων,
2408 2391 2558 2461 ἡμᾶς
2593 2390 2691 2461 μὲν
2719 2386 2884 2456 Υῑοὺς
2933 2393 3028 2447 καὶ
3076 2390 3447 2463 κληρονόμους
3497 2392 3685 2465 ὑπάρ-

407 2492 509 2532 nos
532 2478 748 2548 quidem
804 2477 944 2534 ﬁlios
991 2486 1047 2534 et
1092 2479 1339 2535 baeredes
1381 2490 1526 2547 esse,
1578 2478 1979 2534 instrumentmr

2098 2497 2240 2551 χειν·
2272 2481 2333 2534 τὸ
2354 2481 2409 2536 δὲ
2439 2485 2539 2552 τῆς
2564 2483 2836 2550 ποιήσεως
2862 2484 3019 2555 ἡμῶν
3041 2483 3293 2556 ὄργανον,
3312 2483 3342 2537 ὃ
3371 2484 3464 2537 καὶ
3486 2484 3686 2553 γέγονε

407 2581 540 2622 vero
580 2578 782 2625 nostra:
815 2568 1060 2635 facturae,
1097 2570 1241 2640 quod
1276 2584 1491 2641 quoque
1519 2580 1740 2641 propter
1770 2587 1870 2628 nos
1912 2572 1979 2628 l’a-

2098 2572 2158 2627 Bt’
2184 2576 2351 2646 ἡμᾶς,
2384 2575 2573 2630 δοῦλον
2619 2562 2759 2632 εῖναι
2802 2578 2897 2632 καὶ
2943 2577 3322 2636 ὑποκείμενον.
3352 2576 3526 2648 Φεῦγε
3580 2570 3684 2631 τοῦ

404 2667 551 2713 ctum
570 2669 676 2724 est,
696 2675 910 2715 servum
936 2675 1057 2716 esse
1087 2661 1352 2732 nobisque
1377 2660 1715 2719 inferiorem.
1739 2657 1979 2720 Facessal

2098 2665 2250 2736 λόγου
2278 2667 2376 2740 τὴν
2406 2668 2656 2724 ἀτοπίανι

403 2751 640 2804 absurda
667 2749 929 2821 ejusmodi
972 2753 1148 2810 ratio!

687 2859 965 2937 Expositio
995 2875 1149 2920 rectm
1176 2865 1452 2922 sententiae
1474 2875 1525 2922 et
1559 2866 1709 2938 ﬁdei.

476 2973 654 3030 Filius
687 2989 1032 3046 nequaquam
1067 2987 1291 3047 propter
1319 2993 1418 3034 nos
1448 2978 1626 3035 factus
1664 2989 1767 3049 est,
1798 2982 1892 3037 sed
1924 2996 1992 3037 ne

2260 2865 2577 2940 Ἐεήγηάις
2616 2864 2836 2924 λοιπὸν
2871 2857 2985 2941 τῆς
3020 2862 3205 2942 ὀρθῆς
3241 2864 3519 2940 πίστεως.

2161 2982 2236 3037 Ob
2287 2982 2355 3036 δι’
2381 2982 2531 3054 ἡμᾶς
2579 2983 2804 3052 γέγονεν
2933 2985 3094 3072 Υἱὸς,
3135 2985 3253 3041 ἀλλ’
3281 2987 3405 3042 οὐδὲ
3449 2988 3684 3058 γέγονεν

404 3068 579 3123 factus
612 3066 829 3138 quidem
869 3067 1095 3125 omnino
1142 3079 1251 3124 est.
1295 3067 1432 3125 Nam
1463 3070 1679 3127 etiamsi
1707 3079 1979 3128 creaturas

2098 3074 2245 3140 ὅλως.
2271 3075 2384 3130 Καὶ
2412 3075 2525 3147 γὰρ
2554 3077 2649 3133 καὶ
2678 3076 2728 3130 εἰ
2758 3077 2834 3148 μὴ
2864 3070 3024 3144 δόξαν
3049 3067 3118 3151 ἦν
3142 3079 3221 3152 τῷ
3243 3080 3421 3155 ματρὶ
3450 3085 3684 3153 ποιῆσαι

396 3162 702 3234 producere
724 3158 887 3215 Pater
920 3159 1187 3216 noluisset
1209 3201 1227 3229 ,
1268 3178 1288 3214 ι
1321 3170 1441 3219 erat
1482 3152 1721 3218 Verbum
1762 3163 1818 3218 in
1848 3163 1979 3233 ipso,

2098 3166 2159 3222 τὰ
2205 3166 2427 3239 γενητὰ,
2526 3163 2594 3240 ἦν
2636 3169 2666 3222 6
2710 3145 2882 3239 Λόγος
2907 3168 2988 3242 ,ἐν
3032 3145 3204 3243 αυτῷ,
3232 3145 3327 3226 θέαι
3369 3145 3507 3239 ’Θεὸς
3543 3145 3614 3246 ἦν
3647 3179 3684 3231 ὁ

399 3258 454 3304 et
498 3247 641 3309 Deus
678 3258 798 3305 erat
831 3247 1064 3307 Verbum
1088 3291 1106 3318 ,
1145 3268 1167 3304 ι
1213 3251 1670 3322 quemadmodum
1723 3254 1985 3323 scriptum

396 3350 482 3396 est
506 3341 573 3396 ¹⁸.
590 3342 665 3397 Ea
686 3352 1001 3413 tamenquae
1024 3352 1213 3399 creata
1244 3354 1393 3409 sunt,
1427 3346 1652 3401 omnino
1687 3360 1782 3415 per
1811 3348 1985 3417 ipsum

399 3432 516 3488 ﬁeri
545 3433 855 3503 oportebat.
891 3430 1029 3488 Nam
1056 3435 1200 3491 sicut
1240 3435 1422 3492 lumen
1473 3435 1630 3491 aliter
1679 3437 1989 3493 illuminare

399 3537 507 3580 rron
559 3534 758 3596 potest,
792 3525 894 3581 nisi
934 3541 1029 3597 per
1056 3543 1213 3583 suum
1264 3528 1611 3600 splendorem
1663 3546 1678 3584 :
1726 3528 1801 3583 ita
1853 3528 1988 3584 nihil

394 3625 583 3672 mrum
628 3634 751 3689 qua:
823 3627 948 3675 sunt
995 3631 1250 3692 operatur
1290 3618 1475 3688 Pater,
1528 3620 1631 3675 nisi
1684 3634 1780 3690 per
1826 3634 1982 3675 suum

400 3709 661 3764 Verbum.
689 3728 710 3764 ι
733 3710 927 3766 Omnia
950 3713 1118 3777 enim,
1145 3712 1321 3783 inquit
1348 3711 1652 3782 Scriptura,
1683 3724 1779 3782 per
1808 3709 1983 3782 ipsum

394 3801 535 3856 facta
572 3811 718 3869 sunt,
739 3811 794 3856 et
820 3802 938 3858 sine
964 3802 1082 3874 ipso
1110 3802 1311 3858 factum
1338 3813 1423 3858 est
1451 3801 1583 3856 nihil
1609 3804 1675 3857 “'.
1704 3820 1724 3855 ι
1755 3801 1983 3871 Idcirco,

302 3961 306 3967 η
391 3903 448 3948 et
478 3892 725 3961 dextera,
759 3905 812 3949 et
841 3894 1131 3951 brachium
1170 3894 1268 3950 Dei
1313 3902 1556 3948 vocatur.
1603 3892 1798 3950 Omnia
1837 3896 1981 3950 enim

390 3996 488 4052 per
517 3984 712 4052 ipsum,
743 3983 906 4039 veluti
940 3998 1036 4055 pcr
1072 3997 1311 4050 manum,
1347 3992 1625 4053 operatur.

390 4095 698 4153 Observatio
732 4098 978 4169 quadam
1023 4094 1522 4221 sacr‘cchcripturw
1561 4097 1784 4167 pulchra
1825 4108 1981 4171 atque

1098 4183 1133 4221 ιι
1163 4184 1176 4220 ι
1204 4183 1268 4221 τε.

1098 4183 1268 4222 κιιιτε.

456 4279 602 4335 Dixit
619 4278 971 4350 Deus,inquit
988 4279 1269 4349 Scriptura
1284 4276 1347 4312 “‘
1375 4294 1391 4335 :
1416 4278 1663 4345 Fiatlux,
1688 4281 1778 4336 liat
1796 4281 1977 4338 lirma-
2036 4290 2039 4293 ’

388 4383 653 4437 mentum,
692 4371 822 4426 ﬁant
855 4371 1144 4427 luminaria
1172 4389 1186 4427 :
1223 4380 1278 4427 et
1305 4370 1503 4426 factum
1536 4381 1622 4427 est
1654 4371 1750 4427 ita.
1785 4374 1971 4430 Dixit:

2088 3259 2280 3327 Λόγος,
2314 3278 2334 3312 ι
2374 3259 2449 3323 ὡς
2479 3259 2812 3330 γέγραπται.
2846 3258 2930 3315 Τὰ
2962 3262 3061 3334 μέν
3092 3280 3175 3317 τοι
3208 3260 3503 3336 κτιξόμενα
3533 3267 3679 3320 πάν-

2087 3365 2196 3415 τως
2226 3351 2335 3405 ἔδει
2376 3350 2630 3421 γενέσθαι
2670 3351 2739 3405 δι’
2766 3348 3174 3426 αὐτοῦ.Ὅνπερ
3203 3355 3314 3427 γὰρ
3346 3356 3547 3428 τρόπον
3572 3351 3678 3412 οὐκ

2088 3442 2156 3495 ἂν
2190 3442 2395 3513 ἑτέρως
2422 3440 2656 3512 φωτίσαι
2679 3443 2742 3497 τὸ
2769 3443 2904 3513 φῶς,
2932 3445 2981 3498 εἰ
3008 3444 3083 3517 μὴ
3101 3445 3190 3499 διὰ
3215 3438 3311 3500 τοῦ
3341 3446 3470 3500 ἰδίου
3497 3448 3682 3502 ἀπανι-

2087 3534 2392 3605 γάσματοςο
2417 3532 2592 3597 οὕτως
2608 3534 2709 3588 οὐκ
2737 3536 2803 3590 ἄν
2829 3552 2884 3589 τι
2908 3535 3018 3589 τῶν
3040 3536 3212 3593 ὄντων
3237 3537 3528 3610 ἐργάσαιτο
3551 3540 3677 3594 Παλ

2085 3625 2214 3698 τηρ,
2269 3627 2321 3679 εἱ
2369 3626 2445 3697 μὴ
2483 3625 2574 3680 διὰ
2600 3624 2698 3679 τοῦ
2741 3627 2946 3681 οἰκείου
2975 3628 3173 3699 Λόγου.
3228 3648 3247 3680 ι
3304 3624 3491 3685 Πάντα
3535 3633 3675 3706 γὰρ,

2086 3716 2242 3788 φησὶ,
2301 3715 2368 3769 δι’
2426 3715 2591 3769 αὐτοῦ
2643 3716 2885 3786 ἐγένετο,
2916 3718 3012 3773 καὶ
3042 3718 3213 3791 χωρὶς
3239 3720 3406 3776 αὐτοῦ
3449 3722 3678 3791 ἐγένετο
3716 3750 3720 3754 ·

2083 3806 2205 3860 οὐδὲ
2228 3804 2309 3860 ἒν.
2335 3823 2355 3857 ι
2387 3805 2487 3859 Διὰ
2513 3803 2673 3860 τοῦτο
2696 3805 2793 3861 καὶ
2823 3827 2843 3860 ι
2866 3806 3019 3874 δεξιὰ
3041 3810 3138 3863 καὶ
3169 3809 3411 3884 βραχίων
3429 3828 3448 3864 ι
3473 3812 3676 3885 ὀνομά-

2083 3899 2237 3965 ζεται
2276 3896 2436 3952 Θεοῦ.
2462 3898 2648 3952 Πάντα
2671 3898 2779 3972 γὰρ
2803 3898 2871 3953 δι’
2895 3899 3084 3968 αὐτοῦ,
3117 3901 3195 3967 ὥς
3219 3902 3308 3957 διὰ
3336 3901 3539 3974 χειρὸς,
3571 3904 3672 3975 ὲρι

2080 3989 2324 4060 γάζεται.

2130 4101 2510 4171 Ἐπιτήρησις
2541 4098 2661 4159 ἀπὸ
2692 4098 2802 4175 ιζῆς
2830 4100 2993 4175 θείας
3022 4095 3292 4174 Γραφῆς,
3323 4098 3484 4175 καλὴ
3526 4098 3630 4160 καὶ

2703 4173 3043 4243 ἐπωφελής.

2151 4281 2308 4356 Eine,
2358 4284 2544 4358 φησὶν,
2587 4288 2616 4340 6
2667 4284 2819 4352 Θεόςο
2872 4286 3162 4360 Γενηθήτω
3210 4287 3345 4357 φῶς,
3371 4287 3666 4360 γενηθήτω

2082 4381 2399 4454 στερέωμα,
2454 4377 2841 4450 γενηθήτωσαν
2913 4374 3241 4450 φωστῆρεςο
3293 4379 3388 4434 καὶ
3442 4380 3669 4450 ἐγένετο

385 4464 670 4520 Faciamus
697 4465 969 4521 hominem
1006 4483 1020 4520 :
1056 4478 1110 4521 et
1149 4465 1278 4520 fecit
1312 4464 1453 4520 Deus
1475 4464 1773 4522 hominem.
1819 4466 1889 4522 At
1918 4468 1973 4523 in

2098 4472 2271 4537 ιῦτως.
2318 4468 2478 4526 Εἷπε·
2512 4471 2838 4543 Ποιήσωμεν
2864 4471 3186 4543 ἄνθρωπονο
3218 4471 3311 4527 καὶ
3336 4472 3594 4544 ἐποίησεν
3636 4472 3666 4525 ὁ

384 4556 470 4611 his
496 4556 751 4612 omnibus
778 4571 1046 4626 nusquam
1073 4564 1159 4613 est
1192 4556 1380 4611 videre
1409 4554 1606 4610 Filium
1635 4556 1832 4626 alloqui
1864 4557 1965 4613 Pa-

385 4660 545 4714 trem,
578 4649 732 4719 quasi
764 4649 1034 4705 volentem
1064 4650 1275 4705 discere
1316 4646 1624 4716 qualianam
1654 4661 1776 4704 esse
1803 4664 1965 4719 opor-

383 4751 461 4797 tet
489 4758 609 4812 qua:
641 4744 876 4798 creanda
908 4751 1090 4807 erant,
1136 4741 1231 4798 sed
1267 4755 1371 4796 vox
1425 4741 1542 4810 ipsa
1596 4755 1731 4810 opus
1757 4751 1841 4796 est
1870 4760 1885 4797 :
1917 4742 1960 4798 si

382 4845 560 4888 autem
593 4832 771 4890 Verbo
800 4848 966 4904 opera
1002 4833 1136 4887 liunt
1182 4831 1339 4900 juxta
1375 4831 1706 4886 voluntatem
1757 4831 1959 4899 Patris,

387 4922 618 4981 Verbum
653 4926 840 4994 itaque
868 4933 956 4981 est
994 4924 1248 4978 voluntas
1277 4921 1457 4976 Patris
1497 4926 1681 4979 vivens
1722 4936 1885 4995 atque
1913 4926 1964 4981 ei

264 5056 267 5057 ν
382 5018 731 5085 iuexsistens,
754 5031 875 5088 qua:
899 5014 1062 5072 simul
1091 5016 1146 5069 in
1173 5014 1289 5085 ipso
1314 5023 1421 5079 est,
1439 5025 1490 5071 et
1519 5014 1755 5072 vicissim
1785 5018 1961 5087 ipsum

379 5107 432 5161 iu
469 5123 528 5162 se
559 5109 742 5163 habet.

381 5220 539 5292 155
569 5220 690 5273 Alia
741 5216 1055 5292 obseruatio,
1099 5230 1165 5269 ea:
1212 5230 1317 5292 qua
1369 5215 1618 5292 discimus
1667 5215 1961 5292 a_ugelt‘s__et

447 5284 645 5345 Ξιῆιιτιὶδ
681 5287 947 5357 prophetis
982 5286 1403 5357 consuetudinem
1433 5302 1543 5339 esse
1564 5287 1734 5357 jussis
1776 5304 1809 5357 τι
1851 5284 1959 5337 Deo

448 5364 611 5415 etiam
633 5354 1073 5425 interrogationes
1106 5355 1363 5425 proferre,
1393 5356 1764 5424 ignorantibus
1794 5354 1973 5408 inter?

442 5432 569 5484 dum
610 5431 662 5482 id
691 5423 845 5497 quod
864 5425 1077 5494 jussum
1117 5423 1214 5481 est.
1261 5423 1483 5480 Verbum
1524 5434 1700 5479 autem
1744 5441 1845 5478 non
1881 5425 1957 5477 ita

447 5501 476 5570 f
473 5515 621 5553 acere
653 5500 932 5563 reperitur.

446 5611 588 5667 Deus
600 5611 849 5681 promisit
869 5609 1099 5666 Abrahae
1119 5609 1317 5681 ﬁlium,
1339 5619 1393 5667 et
1411 5611 1527 5681 ipse
1545 5610 1817 5678 interroga
1839 5607 1953 5664 vit:

451 5769 494 5800 ¹³
518 5765 673 5822 Joan.
707 5779 750 5832 1,
783 5767 835 5822 1.
915 5765 1111 5825 “Ibid.
1184 5768 1248 5800 “'
1272 5766 1410 5824 Gen.
1450 5783 1493 5822 ι.

2072 4563 2203 4628 θεὸς
2239 4563 2330 4616 τὸν
2360 4561 2666 4633 ἄνθρωπον.
2686 4557 2824 4614 Ἀλλ’
2858 4561 2916 4613 ὲν
2940 4559 3153 4624 τούτοις
3188 4557 3391 4615 ἅπασιν
3418 4558 3664 4632 οὐδαμοῦ

2071 4656 2324 4726 φαίνεται
2354 4653 2513 4722 λόγος
2541 4652 2617 4717 ὡς
2646 4651 2704 4719 ἐξ
2734 4651 2865 4706 Υῑοῦ
2903 4651 3041 4723 πρὸς
3070 4649 3163 4709 τὸν
3192 4647 3413 4724 Πατέρα
3446 4653 3662 4724 μανθά-

2066 4761 2179 4799 νειν
2207 4742 2486 4807 ἐθέλοντος
2511 4742 2673 4796 ὁποῖά
2691 4759 2815 4798 τινα
2834 4741 2942 4813 χρὴ
2965 4740 3221 4812 γενέσθαι
3247 4742 3314 4796 τὰ
3335 4741 3655 4814 κτιζόμενα·

2066 4835 2184 4889 ἀλλ’
2210 4836 2244 4905 ἡ
2274 4833 2426 4905 φωνὴ
2471 4833 2535 4887 τὸ
2578 4832 2738 4905 ἔργον
2766 4832 2998 4902 γίνεται.
3031 4833 3094 4887 Ei
3133 4832 3193 4887 δὲ
3237 4833 3381 4905 λόγῳ
3412 4832 3480 4887 τὰ
3512 4833 3655 4906 ἔργα

2062 4927 2273 4994 γίνεται
2305 4924 2447 4980 κατὰ
2491 4923 2592 4996 τὴν
2640 4924 2838 4997 βουλὴν
2882 4923 2978 4979 τοῦ
3018 4924 3253 4997 Πατρδς,
3282 4924 3311 4975 6
3339 4923 3508 4991 Λόγος
3540 4924 3653 4996 ἄρα

2061 5016 2211 5070 ἐστὶν
2241 5017 2275 5087 ἡ
2308 5015 2592 5087 βουλὴ·τοῦ
2619 5016 2835 5087 Πατρὺς
2860 5018 2893 5087 ἡ
2921 5015 3074 5081 ζῶσα
3101 5018 3195 5070 καὶ
3218 5015 3480 5079 ὲνούσιος,
3504 5016 3648 5087 αὐτή

2060 5122 2119 5158 τε
2147 5099 2286 5160 οὖσα
2317 5106 2377 5159 ὲν
2410 5106 2608 5179 Πατρὶ,
2637 5107 2734 5161 καὶ
2766 5106 2966 5177 ἔχουσα
2999 5106 3164 5161 αὐτὸν
3189 5108 3248 5160 ὲν
3272 5101 3408 5178 αὐτῇ

2071 5214 2451 5289 Ἐπιτήρησις
2492 5217 2728 5289 ὁμοίως,
2756 5217 2827 5283 ἐξ
2870 5213 2946 5289 ἧς
2990 5218 3379 5288 μανθάνομεν
3410 5217 3500 5272 ὅτι
3546 5221 3651 5274 καὶ

2128 5287 2408 5356 ἀγγέλοις
2433 5288 2535 5342 καὶ
2572 5287 2764 5356 ἁγίοις
2786 5287 3123 5357 προφήταις
3155 5287 3292 5355 ἔθος
3318 5289 3492 5343 ἐστὶν
3518 5290 3654 5344 ἐπι-

2133 5357 2538 5427 ταττομένοις,
2557 5357 2718 5427 πᾼιιρὰ
2736 5358 2907 5424 Θεοῦ,
2934 5358 3031 5412 καὶ
3051 5359 3374 5425 ἐρωτήσεις
3389 5360 3652 5427 ἀγνοοῦ-

2128 5442 2234 5480 σιν
2268 5426 2396 5481 ἐσθ’
2425 5426 2525 5480 ὅτε
2548 5425 2614 5479 τὸ
2642 5427 3127 5496 ἐπιταττόμενον.
3168 5430 3232 5481 Ὃ
3258 5428 3327 5481 δὲ
3362 5425 3470 5483 τοῦ
3495 5430 3648 5483 Θεοῦ

2127 5496 2318 5565 Λόγος
2350 5499 2464 5568 οὐχ
2495 5496 2684 5563 οὕτως
2727 5492 2969 5567 ἐδείχθη
3007 5497 3216 5553 ποιῶν.

2125 5608 2217 5680 Τῷ
2264 5609 2515 5682 Ἀϐραὰμ
2543 5612 2657 5667 υἱὸν
2684 5614 3055 5686 ἐπηγγέλλετο
3089 5618 3117 5670 ό
3155 5616 3309 5681 Θεὸς,
3358 5615 3450 5668 καὶ
3480 5613 3649 5680 αὐτὸς
