3996 6404
237 325 334 380 Eli!
1665 352 1889 404 TIIESA
1905 349 2040 405 URU
2055 352 2110 402 S.
3437 353 3545 407 262

244 455 470 525 εςασκε·
525 477 546 509 ι
579 463 748 516 Κατὰ
777 464 831 518 τί
855 461 1142 535 γνώσομαι
1184 467 1376 533 route;
1413 487 1430 517 ι
1486 469 1866 522 Ἀπεστέλλετε

1987 497 2002 527 ι
2031 476 2146 539 Quo
2173 474 2327 540 signo
2357 484 2680 540 cognoscam
2719 469 2822 525 hoc
2848 469 2927 523 "‘3
2952 489 2970 520 ι
3008 467 3321 522 Mittebatnr
3344 468 3540 534 Moses,

248 547 443 617 διωσῆς
503 553 611 605 καί
663 571 838 624 φησιν
859 571 873 584 ’
908 574 925 604 ι
961 555 1090 608 Ἐὰν
1117 558 1433 628 ὲρωτήσωσί
1483 575 1573 628 με,
1607 559 1671 609 'l't'
1695 559 1866 628 ὄνομα

1981 576 2022 622 et
2039 566 2180 619 dixit
2201 564 2274 616 ¹³ε
2304 582 2322 612 ι
2351 563 2408 618 Si
2431 563 2766 630 interrogant
2792 575 2876 614 me
2902 579 2914 614 :
2937 559 3091 625 Quod
3113 567 3195 613 est
3215 573 3408 612 nomen
3428 559 3544 630 eius

254 637 420 708 αὖτῷς
462 643 527 694 τί
548 644 677 716 ἐρῶ
713 645 854 715 πρὸς
883 645 1117 711 αὐτούς;
1145 667 1162 699 ι
1197 649 1305 701 Καὶ
1348 651 1374 701 6
1402 649 1633 717 ἄγγελος
1667 650 1723 702 δὲ
1750 651 1778 701 ὀ
1810 653 1866 702 ἐν

266 733 609 806 εῴΖαχαρίᾳ
641 735 894 808 διηρώτα
939 735 1094 799 Θεὸν,
1130 737 1339 806 λέγων’
1386 759 1402 790 ι
1454 739 1626 810 Κύριε
1671 756 1866 793 παντο-

264 823 489 894 κράτωρ,
515 823 638 886 ἕως
667 824 824 888 τίνος
846 826 906 879 οὐ
932 827 1008 898 μὴ
1030 829 1260 900 ἐλεήσῃς
1284 828 1384 900 τὴν
1420 829 1810 900 ⁹1ερουσαλήμ;
1841 848 1860 879 ι

263 916 356 967 Καὶ
389 913 558 967 πάλιν
583 914 881 984 ἐκδέχεται
915 912 1075 988 ἄχρις
1109 918 1174 972 ἂν
1204 919 1415 990 ἀκούσῃ
1449 918 1640 988 λόγους
1667 920 1867 983 καλοὺς

258 1008 339 1060 καὶ
390 1006 891 1076 παρακλητικούς.
943 1011 1052 1062 Καὶ
1105 1011 1134 1063 6
1199 1011 1515 1082 Ἀϐϐακοὺμ
1555 997 1611 1064 δέ
1664 1029 1861 1081 φησιν·

262 1118 280 1149 ι
328 1100 447 1150 Ἐπὶ
479 1098 588 1166 τῆς
637 1099 906 1169 φυλακῆς
934 1118 1038 1170 μου
1083 1103 1374 1173 στήσομαι,
1412 1103 1505 1156 καὶ
1533 1102 1864 1173 ἐπιϐήσομαι

258 1191 340 1242 ἐπὶ
369 1188 611 1258 πέτραν,
649 1191 755 1242 καὶ
790 1190 1195 1243 ἁποσκοπεύσω
1237 1191 1331 1243 τοῦ
1366 1191 1495 1243 ἰδεῖν
1543 1191 1595 1242 τί
1641 1190 1865 1261 λαλήσει

257 1283 309 1334 ὲν
329 1281 450 1349 ἐμοὶ
478 1281 508 1332 ὁ
535 1279 709 1342 Θεός.
756 1300 774 1330 ι
814 1281 1000 1334 Ταῦτα
1025 1281 1132 1352 γὰρ
1155 1282 1230 1344 ὡς
1259 1281 1420 1335 δοῦλα
1443 1281 1536 1334 καὶ
1560 1283 1862 1353 ποιήματα,

258 1373 343 1424 καὶ
384 1375 484 1440 τῆς
537 1370 647 1423 τοῦ
704 1371 871 1440 λόγου
919 1373 1199 1442 μεσιτείας
1240 1373 1492 1444 δεόμενα,
1538 1374 1688 1444 ήξίου
1735 1375 1863 1445 παρ’

266 1463 411 1516 αὑτοῦ
460 1463 842 1516 διδάσκεσθαι
887 1466 988 1534 τὴν
1041 1463 1239 1535 βουλὴν
1277 1465 1370 1517 τοῦ
1415 1466 1648 1536 Πατρός.
1699 1467 1754 1520 ’0
1808 1467 1864 1520 δὲ

272 1556 378 1618 Tib;
409 1555 724 1625 μανθάνειν
754 1556 858 1608 οὐκ
890 1555 1142 1626 ἐπιζητεῖ
1189 1556 1359 1624 Λόγος
1402 1556 1478 1608 ὢν
1519 1556 1615 1610 τοῦ
1653 1558 1864 1630 Πατρὸς

271 1648 353 1701 καὶ
388 1647 648 1711 ὲνούσιος,
683 1645 970 1716 βούλησις.
1004 1649 1118 1701 Οὐκ
1161 1647 1269 1718 ἄρα
1295 1650 1361 1701 ὲκ
1413 1649 1709 1720 μαθήσεως
1752 1649 1864 1719 ἔχει

276 1743 324 1793 τὸ
350 1739 481 1794 εἶναι
513 1740 893 1810 δημιουργὸς,
929 1740 1044 1794 ἀλλ’
1080 1741 1352 1804 οὐσιωδῶς
1381 1758 1440 1794 τε
1472 1741 1565 1794 καὶ
1594 1742 1860 1810 φυσικῶς.

278 1853 391 1906 Ἔτι
413 1857 499 1934 εἰς
529 1853 626 1934 τ-δ,
660 1871 679 1902 ι
719 1853 958 1934 Κιξγοιος⁵
990 1851 1296 1934 ἕκτοι-ξμς)
1329 1853 1531 1934 ἀρχῂχ
1560 1852 1734 1934 ὀίξῶις.⁵
1755 1855 1860 1934 αὐτ
1893 1815 1938 1871 Β

343 1923 466 1978 τοῦ.
497 1943 519 1974 ι
551 1925 690 1975 ’Ὅτι
741 1925 815 1976 οὺ
861 1923 1086 1991 κτίσμα
1120 1927 1152 1976 ὁ
1185 1923 1336 1989 Υἱὸς,
1381 1921 1544 1979 ἀλλὰ
1574 1923 1653 1989 τῷ
1682 1921 1863 1992 "arpi

352 1993 665 2060 σπαΐδιος.
723 1994 931 2058 Ὅπως
965 1992 1032 2044 δὲ
1079 1992 1194 2061 χρὴ
1234 1993 1399 2048 νοεῖν
1435 1995 1523 2056 τὸ,
1580 2014 1598 2044 ι
1647 1994 1864 2060 Κύριος

359 2062 550 2133 ἔπτηξε
565 2063 872 2132 μᾱρχὴν
899 2061 1060 2116 ὁδῶν
1094 2063 1302 2128 αὑτοῦ,
1347 2084 1365 2116 ι
1411 2064 1479 2118 ἐκ
1502 2063 1864 2133 τῶνέφεξῆς

363 2131 630 2202 milli!-
650 2133 968 2202 εἰσόμεθα.

347 2239 558 2318 Πρῶτον
579 2245 690 2320 μὶν
715 2248 905 2302 ἐκεῖνο
937 2247 1044 2319 χρὴ
1077 2245 1280 2316 λέγειν,
1326 2249 1407 2301 ὅτι
1437 2248 1505 2301 τὰ
1552 2265 1863 2319 παροιμιω-

275 2337 370 2402 δῶς
761 2339 914 2393 δοκεῖ
974 2338 1075 2409 μέν
1136 2357 1189 2392 τι
1239 2340 1524 2410 σημαίνειν
1582 2341 1723 2394 κατὰ
1773 2341 1864 2394 τὸν

275 2427 550 2499 πρόχειρον
577 2427 736 2494 νοῦν,
771 2428 884 2500 ἔχει
913 2428 970 2481 δὲ
1005 2429 1104 2499 οὐχ
1135 2427 1307 2494 οὕτως
1348 2431 1424 2494 ὡς
1468 2425 1707 2500 λέγεται,
1750 2433 1862 2486 ἀλλ’

279 2520 447 2588 ἑτέραν
486 2521 681 2573 ὡδίνει
733 2521 998 2574 διάνοιαν.
1035 2522 1144 2574 Καὶ
1176 2522 1306 2589 γοῦν
1353 2522 1590 2592 ἔφασκεν
1615 2526 1643 2576 6
1676 2524 1864 2594 Σωτὴρ

280 2610 399 2680 πρὸς
423 2615 546 2676 τοὺς
592 2612 806 2665 ἑαυτοῦ
841 2612 1091 2683 μαθητάς
1115 2627 1128 2642 ·
1163 2631 1180 2664 ι
1217 2612 1400 2668 Ταῦτα
1443 2616 1500 2666 ὲν
1544 2615 1866 2685 παροιμίαις

271 2704 525 2775 λελάληκα
555 2706 698 2776 ὑμῖν
720 2721 736 2735 ο
769 2705 988 2776 ἔρχεται
1022 2705 1078 2758 δὲ
1106 2704 1223 2776 ὥρα
1249 2706 1337 2758 ὅτε
1380 2705 1564 2759 οὐκέτι
1588 2707 1645 2758 ἐν
1672 2724 1864 2778 παροι-

269 2795 407 2865 μίαις
434 2797 672 2866 λαλήσω
706 2797 860 2867 ὑμῖν,
890 2795 1029 2851 ἀλλὰ
1058 2798 1363 2868 παρρησίᾳ,
1394 2817 1412 2850 ι
1443 2798 1520 2861 ὡς
1545 2799 1643 2868 τῆς
1673 2815 1864 2869 παροι-

267 2889 384 2957 μίας
414 2889 517 2942 οὐκ
549 2888 801 2959 ἐχούσης
825 2887 924 2959 τὴν
953 2889 1288 2960 παρρησίαν.
1324 2889 1396 2942 Τὸ
1423 2890 1602 2942 τοίνυν
1632 2910 1648 2941 ι
1683 2890 1864 2944 ἕκτισέ

199 3037 202 3040 _
265 2994 348 3048 με,
377 2997 400 3031 ι
449 2979 486 3051 ή
537 2977 722 3049 σοφία
778 2979 1115 3050 γυμνότερον
1159 2978 1416 3047 λέγουσα,
1467 2981 1648 3050 τίθησι
1701 2982 1864 3035 πάλιν

267 3071 507 3141 τοιαύτην
534 3069 672 3124 τινὰ
706 3071 899 3141 φωνήν
919 3087 933 3100 °
962 3089 980 3122 ι
1024 3071 1088 3123 Ἡ
1123 3070 1285 3140 σοφία
1313 3070 1664 3142 ᾠκοδόμησεν
1695 3073 1860 3144 ἑαυτῇ

1968 660 2059 728 qui
2110 667 2161 711 te
2227 653 2416 708 misit?
2471 654 2599 723 quid
2646 653 2820 707 dicam
2874 653 2986 707 eis?
3033 669 3052 702 ι
3102 650 3338 720 Angelus
3379 651 3545 704 etiam

1967 750 2108 819 apud
2159 746 2478 802 Zachariam
2529 759 2559 798 a
2600 743 2712 800 Deo
2765 745 3065 814 quaerebat,
3115 743 3345 798 dicens:
3385 761 3403 792 ι
3437 741 3544 795 Do-

1971 843 2118 897 mine
2161 838 2526 908 omnipotens.
2565 850 2845 905 usquequo
2889 851 2992 890 non
3022 835 3368 890 misereberis
3391 831 3546 888 Jeru-

1967 936 2138 987 salem
2172 928 2259 982 ‘7?
2289 946 2308 980 ι
2346 927 2411 983 Et
2442 927 2793 996 exspectabat
2818 940 3099 996 quousque
3127 926 3290 979 verba
3324 926 3461 980 bona
3492 933 3546 977 et

1967 1021 2331 1080 consolatoria
2384 1019 2635 1074 audiret.
2697 1017 2765 1070 Et
2825 1004 3083 1072 Habacuc
3137 1017 3314 1086 inquit
3362 1033 3378 1072 :
3436 1036 3453 1068 ι
3489 1016 3544 1070 In

1969 1131 2084 1171 mea
2119 1113 2369 1168 custodia
2404 1111 2585 1177 stabo,
2615 1119 2671 1166 et
2691 1109 2980 1165 ascendam
3000 1110 3052 1162 in
3079 1117 3310 1178 petram,
3334 1116 3389 1162 et
3416 1122 3545 1162 con-

1966 1205 2218 1263 siderabo
2257 1204 2386 1274 quid
2437 1202 2690 1272 loquatur
2741 1202 2792 1255 in
2845 1215 2930 1254 me
2977 1199 3204 1254 Dens“.
3238 1219 3257 1252 ι
3305 1199 3365 1253 lli
3399 1199 3544 1254 enim

1965 1313 2156 1353 omnes
2185 1307 2243 1351 ιιι
2276 1295 2418 1350 servi
2464 1305 2517 1350 et
2550 1303 2839 1357 creatnrm,
2879 1291 3029 1347 verbi
3074 1291 3426 1346 meditatione
3467 1291 3544 1344 in-

1969 1391 2246 1460 digentes,
2275 1387 2610 1442 voluntatem
2665 1395 2716 1439 et
2779 1384 3064 1438 consilium
3125 1382 3302 1436 Patris
3355 1383 3423 1435 ab
3481 1395 3546 1435 eo

1969 1481 2182 1536 discere
2215 1479 2528 1549 cupiebant.
2561 1476 2730 1531 Filius
2761 1491 2888 1530 vero
2922 1491 3044 1530 cunt
3080 1475 3151 1529 sit
3181 1472 3410 1527 Verbum
3439 1471 3544 1526 Pa-

1969 1571 2088 1636 tris,
2107 1582 2162 1625 et
2187 1569 2442 1624 voluntas
2459 1567 2560 1637 ipsi
2585 1567 2935 1632 inexsistens,
2970 1578 3072 1619 non
3096 1563 3289 1634 quaerit
3315 1563 3544 1618 discere.

1969 1662 2084 1720 Non
2112 1663 2275 1732 igitur
2308 1676 2406 1732 per
2431 1660 2733 1715 doctrinam
2773 1659 2872 1713 hoc
2906 1665 3228 1712 consecutus
3263 1666 3347 1710 est
3379 1665 3432 1709 ut
3477 1655 3548 1709 sit

1966 1765 2204 1822 creator,
2249 1755 2344 1811 sed
2377 1752 2744 1809 essentialiter
2776 1759 2832 1805 et
2876 1749 3195 1803 naturaliter
3227 1749 3328 1802 hoc
3363 1746 3548 1801 habet.

1973 1870 2158 1925 Adhuc
2191 1870 2247 1922 in
2292 1867 2449 1932 illud,
2486 1885 2504 1917 ι
2541 1864 3027 1932 Dominuscreavit
3071 1878 3152 1916 me
3192 1862 3400 1915 initium
3441 1861 3548 1913 sin-

2040 1957 2157 1993 rum
2194 1953 2416 1992 suarum
2439 1937 2501 1990 ‘°.
2537 1953 2555 1986 ι
2595 1935 2748 1999 Quod
2794 1931 2968 1986 Filius
3012 1949 3114 1985 non
3164 1934 3230 1984 sit
3281 1943 3548 1993 creatura,
3613 1985 3621 1992 ,

2040 2011 2132 2064 sed
2168 2008 2468 2077 coa'Jteruus
2511 2003 3021 2077 Pqtt'i._Quomotlo_
3049 2014 3224 2077 autem
3259 2002 3550 2077 intelligere

2043 2073 2278 2147 oporteat
2313 2075 2474 2139 illud,
2509 2093 2527 2126 ι
2562 2073 2822 2126 Dominus
2849 2072 3041 2147 creauit
3077 2088 3158 2147 tne
3195 2071 3400 2147 initium
3435 2069 3548 2122 ttin-

2039 2142 2160 2202 rum
2187 2163 2428 2210 suarum,
2460 2165 2479 2199 ι
2525 2161 2590 2199 ex
2619 2143 3058 2210 consequentibus
3093 2142 3439 2210 intelligetur.

2043 2259 2284 2313 Primum
2316 2257 2445 2312 illud
2478 2255 2766 2312 dicendum
2797 2264 2900 2317 est,
2936 2255 3154 2324 quando
3174 2269 3294 2324 quae
3325 2269 3544 2323 prover-

1972 2350 2188 2415 bialiter
2227 2348 2502 2411 dicuntur,
2549 2346 2801 2400 videntur
2844 2343 3155 2413 signiﬁcare
3200 2342 3402 2412 aliquid
3455 2357 3545 2396 se-

1971 2441 2206 2498 cundum
2234 2439 2453 2495 obvium
2484 2453 2700 2493 sensum
2728 2456 2743 2491 :
2769 2451 2877 2490 non
2908 2444 3088 2490 tamen
3113 2434 3185 2488 ita
3213 2445 3274 2488 ut
3301 2434 3552 2488 dicuntur

1971 2547 2093 2588 sese
2121 2532 2344 2598 habent,
2380 2530 2658 2598 aliumque
2692 2530 3030 2584 reconditum
3065 2542 3282 2582 sensum
3326 2528 3547 2581 habent.

1971 2619 2178 2675 Idcirco
2211 2620 2471 2673 Servator
2498 2617 2564 2672 ad
2601 2617 2894 2686 discipulos
2925 2632 3050 2672 suos
3080 2617 3216 2671 dixit
3247 2635 3260 2671 :
3295 2637 3313 2668 ι
3346 2616 3469 2672 llzcc
3497 2618 3548 2670 in

1971 2711 2242 2782 parabolis
2264 2711 2483 2764 locutus
2511 2724 2628 2764 sum
2662 2709 2838 2774 vobis,
2861 2709 2953 2764 sed
2977 2710 3152 2763 veniet
3184 2708 3313 2763 hora
3337 2711 3553 2778 quando

1971 2818 2078 2858 non
2133 2802 2186 2856 in
2229 2800 2535 2870 proverbiis
2586 2798 2777 2868 loquar
2821 2797 3012 2861 vobis,
3060 2798 3154 2852 sed
3215 2797 3393 2867 palam
3417 2796 3494 2863 ὀς
3529 2817 3545 2850 ι

1970 2897 2172 2967 quippe
2208 2893 2354 2964 quod
2389 2893 2440 2946 in
2467 2891 2778 2962 proverbiis
2805 2905 2892 2945 res
2917 2890 3031 2959 ipsa
3061 2905 3164 2944 non
3198 2889 3370 2960 palam
3398 2905 3553 2959 aper-

1973 2999 2135 3058 teque
2178 2986 2500 3057 explicetur.
2554 2983 2690 3040 Cum
2727 2985 2912 3054 itaque
2963 2985 3159 3038 nudius
3198 2984 3422 3039 dixisset
3454 2984 3554 3038 Sa-

1971 3080 2196 3149 pientia,
2239 3098 2258 3131 ι
2289 3077 2497 3133 creavit
2532 3092 2637 3142 me,
2670 3095 2689 3129 ι
2727 3075 2989 3144 ejusmodi
3030 3076 3305 3145 quidpiam
3352 3078 3501 3133 addit
3534 3097 3548 3132 :

270 3158 416 3217 οἷκον.
472 3182 492 3215 ι
545 3161 619 3216 Εἰ
652 3163 840 3216 τοίνυν
894 3163 928 3232 ἡ
974 3162 1136 3231 σοφία
1191 3163 1290 3233 μὲν
1339 3161 1486 3216 ἔστιν
1518 3166 1547 3216 6
1585 3163 1679 3218 τοῦ
1729 3164 1862 3217 Θεοῦ

1981 3193 1992 3226 ι
2025 3171 2300 3242 Sapientia
2328 3169 2614 3224 :cdilicavit
2659 3169 2760 3223 sibi
2793 3169 3012 3222 domum
3035 3169 3102 3223 ¹¹.
3137 3188 3154 3220 ι
3187 3169 3242 3223 Si
3289 3184 3418 3240 ergo
3448 3169 3551 3225 Sa-

274 3255 439 3320 Λόγος,
472 3256 657 3325 ἑαυτῇ
693 3253 754 3307 δὲ
785 3255 879 3306 τὸν
908 3250 1054 3307 οἷκον
1095 3255 1388 3326 οἰκοδομεῖ,
1415 3255 1518 3309 ποῦ
1546 3255 1606 3309 τὸ
1637 3273 1654 3306 ι
1686 3255 1868 3308 έκτισέ

279 3362 332 3417 με
375 3367 391 3398 ι
433 3349 722 3418 χωρήσει,
774 3345 1023 3410 πιθανῶς
1065 3347 1346 3419 ζητητέον.
1409 3347 1568 3401 Ἔστι
1620 3348 1802 3401 τοίνυν
1840 3350 1868 3401 ὁ

283 3438 409 3492 τοῦτο
430 3439 624 3507 λέγων
659 3439 926 3508 Χριστὸς,
958 3439 1034 3502 ὡς
1061 3439 1158 3511 ’ήδη
1195 3428 1412 3511 τεχθεὶς
1451 3441 1546 3494 καὶ
1577 3440 1870 3512 γενόμενος

285 3529 580 3601 ἅνθρωπος·
623 3531 717 3598 ἐφ’
748 3523 811 3583 οὗ
858 3529 940 3598 τὸ,
989 3547 1006 3582 ι
1048 3529 1228 3584 ἔκτισέ
1277 3549 1368 3603 με,
1411 3551 1428 3584 ι
1467 3530 1870 3604 ἀδυσιρημήτως

281 3623 520 3686 κείσεται,
553 3621 706 3676 καθὸ
737 3620 1047 3693 ἄνθρωπος.
1071 3621 1270 3692 Γέγονε
1293 3623 1350 3678 δὲ
1376 3624 1475 3695 τῆς
1506 3624 1698 3694 σοφίας
1722 3621 1870 3690 οἶκος

273 3713 350 3768 ὑπ’
401 3713 592 3786 εὖτ-’ῆς
670 3717 1190 3786 κατεσκευασμένος
1247 3717 1310 3770 τὺ
1375 3718 1536 3789 σῶμα
1589 3717 1749 3772 τοῦτο
1809 3719 1870 3773 τὸ

265 3803 433 3858 ιιοινδν
479 3805 549 3857 τὸ
582 3805 654 3857 ὲκ
699 3804 803 3875 τῆς
838 3805 1003 3874 ἁγίας
1036 3805 1315 3878 Παρθένου
1355 3808 1564 3880 τεχθὲν,
1607 3810 1666 3863 ὲν
1689 3802 1733 3878 ᾧ
1776 3811 1868 3863 εὐ-

263 3894 454 3970 δόκηα
495 3898 846 3968 κατοικῆσαι
893 3898 1005 3950 πᾶν
1057 3897 1117 3952 τὸ
1170 3899 1446 3972 πλήρωμα
1483 3902 1582 3972 τῆς
1618 3901 1872 3973 θεότητος

261 3985 632 4056 σωματικῶς,
668 3983 816 4038 κατὰ
861 3983 962 4056 τὴν
1004 3984 1102 4039 τοῦ
1151 3986 1368 4040 Παύλου
1422 3989 1628 4058 φωνήν.
1660 3987 1872 4042 Οὐκοῦν

258 4078 570 4149 ἐπειδήπερ
602 4079 634 4130 6
666 4075 845 4145 Λόγος
877 4076 1018 4148 σὰρξ
1051 4076 1290 4146 ἐγένετο,
1331 4077 1514 4150 τίθησι
1549 4078 1678 4150 περὶ
1704 4076 1870 4132 αὐτοῦ

261 4171 333 4234 τὸ,
377 4192 400 4225 ι
429 4173 622 4226 ἑκτισέ
660 4189 752 4242 με,
795 4190 814 4224 ι
854 4172 887 4243 ή
915 4171 1035 4225 θεία
1065 4173 1281 4246 Γραφὴ,
1315 4174 1452 4229 καθὸ
1481 4175 1671 4244 γέγονε
1701 4175 1866 4239 σάρξ·

259 4267 352 4318 καὶ
393 4264 580 4328 οὕτως
614 4263 857 4318 νοεῖσθαι
891 4264 1000 4336 χρὴ
1030 4264 1093 4318 τὸ
1123 4265 1433 4337 λεγόμενον.

262 4421 481 4493 Διλᾼο,
517 4419 664 4493 ’Ὅτι
701 4419 791 4493 τό,
840 4437 858 4470 ι
906 4421 1110 4493 ἔκτισέ
1143 4438 1240 4489 με,
1296 4440 1313 4472 ι
1354 4423 1546 4491 μόνον
1573 4425 1866 4493 κείμενον,

1971 3261 2173 3333 pientia
2218 3268 2300 3314 est
2332 3257 2567 3313 Verbum
2607 3257 2723 3324 Dei,
2767 3258 3104 3329 mdilicatqne
3150 3258 3250 3314 sibi
3305 3261 3403 3330 ipsi
3451 3263 3550 3316 do-

1970 3367 2142 3415 mum,
2172 3366 2407 3420 qnnnam
2446 3350 2599 3414 illud,
2635 3367 2653 3402 ι
2685 3351 2891 3406 creavit
2921 3366 3028 3417 me,
3067 3369 3086 3403 ι
3122 3352 3406 3422 pertineat,
3439 3370 3552 3409 me-

1971 3447 2078 3500 rito
2100 3444 2270 3515 quaeri
2297 3451 2495 3513 potest.
2521 3441 2774 3498 Christus
2809 3443 2993 3514 itaque
3029 3453 3112 3499 est
3143 3445 3233 3514 qni
3271 3445 3373 3502 hoc
3397 3447 3551 3512 dicit,

1972 3545 2158 3606 utpote
2179 3535 2288 3606 jam
2315 3546 2474 3592 natus
2504 3543 2559 3590 et
2587 3535 2749 3590 homo
2776 3533 2955 3589 factus
2982 3554 2994 3588 :
3026 3537 3094 3590 de
3123 3551 3230 3605 quo
3256 3546 3313 3591 nt
3338 3538 3554 3593 homine

1971 3627 2126 3695 illud,
2155 3647 2174 3681 ‹
2206 3629 2416 3685 creavit
2445 3642 2551 3694 me,
2581 3645 2601 3680 ι
2633 3627 2770 3682 citra
2806 3626 3194 3698 blasphemiam
3225 3629 3330 3684 dici
3355 3641 3554 3700 potest.

1971 3721 2136 3778 Facta
2177 3732 2263 3778 est
2305 3730 2486 3777 autem
2514 3720 2709 3775 domus
2743 3718 3026 3790 sapientiae
3066 3733 3095 3772 a
3140 3733 3200 3773 se
3245 3731 3554 3776 constructa

1971 3828 2258 3870 commune
2299 3812 2401 3868 hoc
2431 3826 2630 3882 corpus
2670 3825 2736 3866 ex
2772 3819 2958 3865 sancta
2991 3809 3214 3880 Virgine
3251 3820 3454 3875 natum,
3499 3811 3553 3865 in

1971 3920 2079 3976 quo
2108 3905 2329 3976 dignata
2362 3913 2450 3959 est
2481 3903 2732 3958 habitare
2764 3901 2924 3973 156
2945 3901 3222 3971 plenitudo
3257 3902 3557 3956 divinitatis

1972 3997 2352 4068 corporaliter,
2390 3994 2543 4062 juxta
2584 3993 2731 4048 Pauli
2758 4007 2943 4047 vocem
2967 3992 3054 4046 η’.
3074 3991 3208 4048 Cum
3236 3992 3400 4061 igitur
3421 3991 3554 4045 Ver-

1973 4089 2097 4142 bum
2139 4100 2267 4140 caro
2304 4084 2505 4137 factum
2543 4083 2636 4147 sit,
2672 4082 2740 4136 de
2775 4082 2891 4150 ipso
2923 4080 3054 4134 dicit
3080 4095 3234 4135 sacra
3273 4081 3552 4150 Scriptura

1974 4178 2122 4232 illud.
2171 4195 2190 4227 ι
2235 4175 2439 4229 creavit
2484 4188 2591 4235 me.
2628 4191 2647 4224 ι
2693 4179 2963 4240 quatenus
3021 4171 3198 4226 factus
3248 4182 3328 4228 est
3377 4187 3504 4228 caro
3535 4213 3550 4228 .

1973 4270 2157 4338 itaque
2185 4266 2286 4320 hoc
2320 4265 2522 4320 dictum
2567 4261 2791 4332 intelligi
2821 4261 3004 4317 debet.

1965 4427 2206 4488 ALIUD.
2243 4426 2396 4491 Quod
2442 4426 2538 4478 hoc
2593 4423 2760 4477 solum
2804 4423 3053 4490 positum,
3101 4440 3119 4473 ι
3158 4423 3349 4476 crearit
3395 4440 3496 4488 ﬁtP,
3530 4444 3548 4475 ι

328 4491 413 4545 οὐ
443 4489 692 4574 adt:th
713 4489 830 4556 τὴν
859 4491 1058 4569 αἰεί(ιῖ
1082 4489 1384 4574 σῃμαίξηεὶ,
1417 4494 1578 4547 ἀλλὰ
1606 4489 1722 4562 τῆν
1748 4489 1866 4552 ἀ.τό

2045 4515 2148 4552 non
2178 4499 2230 4574 in
2258 4489 2561 4574 universum
2587 4489 2811 4546 causam,
2836 4492 3120 4574 signiﬁcat,
3145 4496 3246 4574 .sed
3279 4510 3344 4574 ea:
3376 4494 3554 4574 aliqua

327 4577 508 4624 τινος
532 4559 667 4632 ἤτοι
697 4559 1143 4632 κατασκευῆςςὴ
1174 4561 1516 4630 πράγματος
1546 4568 1632 4631 είς
1665 4559 1778 4632 Ere;
1798 4569 1869 4620 όν

330 4646 389 4682 τι
425 4628 1162 4701 μετάστασινῙΕστωγδὲ,
1191 4633 1242 4683 εἰ
1267 4628 1506 4699 βούλει,
1533 4628 1621 4701 τὸ,
1657 4654 1674 4687 ι
1717 4628 1870 4690 55m-

333 4715 481 4762 σεεν,
518 4718 538 4750 ι
576 4698 933 4766 ἀδιορίστως
974 4699 1073 4753 ἐπὶ
1105 4701 1384 4768 Χριστοῦ.

343 4833 367 4866 ι
413 4813 631 4883 Κύριος
671 4811 854 4864 ἐκτισέ
892 4830 958 4883 με
997 4813 1174 4884 ἀρχὴν
1211 4814 1347 4868 όδῶν
1389 4816 1554 4871 αὑτοῦ
1579 4834 1592 4849 ·
1633 4837 1651 4870 ι
1700 4821 1754 4874 ετ
1786 4839 1870 4887 τις

269 4906 526 4980 ἀκριϐῶς
570 4905 752 4960 ἐθέλοι
797 4907 860 4959 τὸ
897 4908 1284 4978 γεγραμμένον
1322 4911 1483 4976 νοεῖν,
1529 4912 1749 4984 εὑρήσει
1786 4915 1867 4980 τὸ,

277 5016 294 5048 ι
332 4999 582 5058 ἔκτισεν,
629 5015 648 5048 ι
691 4995 881 5050 ἐνθάδε
906 4997 966 5049 οὐ
996 4996 1091 5050 τοῦ
1119 4999 1293 5066 Λόγου
1333 5001 1432 5070 τὴν
1459 5003 1646 5056 οὐσίαν
1677 5009 1875 5075 σημαῖ-

275 5105 356 5140 νον
403 5087 485 5150 ὡς
528 5085 936 5156 πεποιημένην,
966 5084 1083 5138 ἀλλ’
1115 5086 1310 5158 ἑτέραν
1339 5089 1462 5144 τινὰ
1509 5092 1746 5146 διάνοιαν
1784 5095 1874 5166 ὀρ-

285 5180 386 5244 θήν·
431 5179 684 5246 Λέγεται
739 5177 851 5249 γὰρ
897 5176 1181 5241 κτίζεσθαι
1231 5179 1327 5233 καὶ
1363 5180 1433 5233 τὰ
1484 5181 1612 5236 ὄντα
1649 5201 1706 5236 τε
1749 5185 1872 5254 ἤδη,

279 5274 360 5324 καὶ
407 5272 481 5324 τὰ
543 5271 717 5340 μήπω
769 5269 1059 5339 γενόμενα.
1099 5269 1173 5321 Τὸ
1210 5269 1265 5322 δὲ
1306 5271 1552 5343 ὑπάρχον
1596 5274 1720 5344 ήδη,
1756 5276 1875 5344 πῶς

273 5363 335 5415 ἂν
373 5364 597 5431 λέγοιτο
633 5359 940 5424 κτίζεσθαι,
973 5360 1068 5413 καὶ
1103 5360 1279 5432 ἀρχὴν
1321 5362 1514 5433 ἑτέραν
1548 5364 1864 5434 λαμϐάνειν,

277 5453 572 5508 ἀκόλουθον
603 5453 756 5506 ἰδεῖν.
814 5450 939 5503 Ἐπὶ
976 5450 1075 5520 μὲν
1114 5450 1224 5522 γὰρ
1251 5451 1358 5506 τῶν
1388 5452 1539 5507 οὔπω
1569 5456 1868 5524 γεγονότων

279 5548 321 5599 εἰ
351 5547 536 5617 τεθείη
580 5545 668 5607 τὸ,
721 5561 740 5596 ι
794 5542 1033 5609 ἔκτισεν,
1094 5561 1114 5596 ι
1153 5544 1388 5614 εὐλόγως
1429 5546 1495 5601 ἂν
1532 5548 1630 5618 τὴν
1677 5550 1739 5603 ἐκ
1772 5549 1866 5603 τοῦ

353 5725 396 5757 ³³
418 5723 558 5780 Gen.
595 5737 688 5787 xv,
729 5721 786 5777 8.

288 5791 363 5846 15.
440 5795 482 5826 ⁸³
511 5795 680 5850 Prov.
719 5807 798 5859 ις,
833 5791 883 5846 1.
956 5790 1025 5821 ¹¹⁶
1057 5789 1274 5851 Coloss.
1299 5808 1357 5860 ιι,
1386 5796 1434 5850 9.

892 5720 1250 5794 "Exodi",
1291 5725 1378 5778 15.
1453 5719 1490 5749 ’⁷
1525 5720 1749 5783 Zachar.
1786 5742 1825 5794 ι,
1868 5726 1951 5781 12.

2051 4569 2424 4622 constitutione
2477 4564 2554 4618 vel
2604 4579 2660 4615 re
2695 4561 3096 4615 translationem
3139 4564 3193 4616 in
3237 4564 3421 4615 nlimn.
3463 4561 3554 4618 ’Sit

2050 4655 2191 4700 vero,
2223 4639 2269 4690 si
2301 4637 2460 4698 voles,
2504 4632 2660 4697 illud,
2697 4649 2716 4683 ι
2747 4632 2942 4686 creavit
2966 4648 3065 4695 me,
3104 4649 3122 4682 ι
3176 4633 3448 4700 indefinite
3491 4635 3555 4686 de

2048 4707 2266 4762 Christo
2295 4707 2512 4759 dictum.

2054 4838 2073 4871 ι
2105 4820 2364 4874 Dominus
2393 4813 2603 4872 creavit
2645 4827 2732 4868 me
2757 4812 2972 4868 initium
3003 4812 3213 4866 viarum
3245 4827 3495 4880 suarum,
3532 4833 3550 4865 ι

1977 4911 2021 4966 si
2045 4910 2167 4980 quis
2187 4917 2381 4964 exacte
2405 4904 2710 4975 intelligere
2739 4903 2889 4970 velit,
2923 4903 3184 4969 inveniet,
3220 4921 3240 4955 ι
3271 4906 3497 4970 creavit,
3531 4925 3548 4956 ι

1974 5001 2065 5055 hic
2092 5014 2198 5054 non
2226 4997 2388 5053 Verbi
2417 4997 2708 5053 eSSentiam
2743 4993 3073 5065 significare,
3109 5003 3166 5048 ut
3201 4993 3419 5062 factam,
3461 4999 3555 5051 Sull

1973 5091 2138 5145 alium
2193 5088 2482 5160 quemdam
2532 5097 2741 5143 rectum
2794 5101 3040 5142 sensum.
3072 5085 3357 5140 'Dicuntur
3409 5089 3552 5142 enim

1973 5183 2172 5245 creari,
2207 5189 2260 5236 et
2291 5195 2410 5251 quae
2435 5179 2548 5248 jam
2577 5180 2869 5242 exsistunt,
2909 5188 2965 5232 et
2991 5193 3110 5248 qute
3140 5179 3376 5233 nondum
3413 5177 3553 5233 facta

1972 5281 2120 5329 sunt.
2172 5271 2228 5326 ld
2258 5285 2389 5325 vero
2413 5269 2555 5340 quod
2598 5270 2711 5339 jam
2758 5267 2994 5334 exsistit,
3039 5268 3308 5337 quomodo
3347 5269 3557 5323 dicatur

1973 5363 2172 5431 creari,
2229 5363 2482 5431 aliudque
2531 5361 2747 5415 initium
2801 5359 3065 5424 nancisci,
3106 5358 3400 5414 videndum
3448 5375 3551 5414 est.

1975 5455 2109 5510 Nam
2158 5455 2203 5509 si
2251 5455 2318 5508 de
2366 5454 2435 5508 iis
2479 5466 2601 5521 quae
2657 5451 2896 5504 nondum
2949 5448 3089 5506 facta
3141 5459 3268 5504 sunt
3318 5451 3551 5514 dicatur,

1981 5566 2000 5601 ι
2027 5547 2255 5614 creavit,
2289 5566 2308 5598 ›
2349 5560 2410 5600 ea
2455 5559 2576 5600 cum
2621 5551 2784 5597 antea
2818 5557 2923 5596 non
2951 5549 3158 5610 essent,
3187 5542 3300 5611 jam
3337 5544 3402 5598 ad
3433 5557 3556 5598 esse

2045 5725 2086 5756 ‘3
2112 5723 2312 5779 llahac.
2347 5737 2404 5785 ιι,
2439 5722 2488 5775 1.
2590 5720 2629 5751 ¹⁰
2658 5717 2817 5771 Prov.
2849 5731 2967 5781 vnt,
3004 5715 3095 5769 20.
3171 5716 3217 5748 ¹⁰
3245 5712 3401 5768 Joan.
3436 5726 3549 5777 ττι,
