3996 6404
444 339 553 397 263

1475 334 1533 386 S.
1576 327 1848 385 (TVBILLI
1892 315 2366 379 ALEXARDRIN!
2411 322 2725 381 ARCHIEP.

3623 320 3733 386 ειη

447 459 693 514 traducta
744 455 1123 525 significantur
1158 472 1171 508 :
1202 455 1270 506 de
1305 453 1372 506 iis
1412 465 1540 505 vero
1569 464 1692 517 quae
1731 449 1842 515 jam
1879 450 2027 500 exsi-

2137 448 2213 518 μὴ
2247 448 2398 510 ὄντος
2441 449 2519 510 εἰς
2559 448 2620 500 τὸ
2653 444 2796 500 εἶναι
2834 453 3090 516 σημαίνοι
3134 450 3510 519 παραγωγὴν·
3547 451 3640 502 ἐπὶ
3675 452 3736 506 δὲ

445 549 616 612 stunt,
658 564 833 616 neque
871 547 1170 612 creatione,
1215 552 1273 598 ιιι
1313 544 1442 608 sint,
1473 541 1742 611 indigent,
1778 555 1883 594 non
1921 539 2031 610 jam

443 653 634 697 creare
670 639 962 695 essentiam
1003 636 1296 707 signiﬁcat,
1327 635 1422 690 sed
1465 645 1530 687 ex
1574 631 1681 686 alio
1712 636 1946 702 quodam
1981 632 2032 684 in

443 733 592 788 aliud
627 732 1058 786 translationem.
1095 728 1166 782 Ut
1209 741 1331 782 cum
1365 725 1532 781 David
1565 725 1738 780 dicit:
1780 742 1798 772 ι
1836 722 1898 777 Ει
1941 737 2035 793 po-

443 825 602 892 pulus
627 825 721 895 qui
757 823 1032 878 creabitur
1070 820 1317 874 laudabit
1348 819 1634 874 Dominum
1658 818 1726 870 ".
1765 838 1784 868 ι
1817 814 1883 870 Et
1911 831 2033 869 rur-

441 932 534 972 sus
563 935 577 971 :
614 932 633 967 ι
663 916 769 969 Cor
800 913 1055 967 mundum
1081 925 1207 968 crea
1233 911 1290 966 in
1329 925 1444 988 Ine,
1477 909 1624 965 Deus
1646 908 1716 962 ”.
1755 925 1773 960 ι
1805 907 1869 962 Ει
1893 906 2034 962 Pau-

442 1009 526 1063 lus
568 1006 764 1061 alicubi
801 1007 868 1060 de
916 1005 1139 1060 Christo
1185 1005 1262 1057 ait
1294 1020 1309 1058 :
1343 1021 1364 1053 ι
1397 1002 1598 1072 Legem
1653 1001 2032 1055 mandatorum

441 1100 674 1164 decretis
723 1109 1016 1162 evacuans,
1064 1105 1126 1151 ut
1174 1099 1311 1150 duos
1355 1103 1508 1151 creet
1560 1095 1611 1148 in
1651 1093 1834 1161 seipse
1867 1107 2032 1146 unmn

440 1204 636 1244 novum
682 1190 955 1244 hominem
977 1188 1046 1242 “.
1080 1201 1098 1238 ι
1136 1186 1201 1241 Et
1234 1199 1453 1240 rursum
1489 1203 1503 1240 :
1537 1201 1556 1236 ι
1596 1183 1898 1238 Induamini
1930 1195 2033 1236 no-

438 1298 562 1337 vum
589 1282 868 1336 hominem
900 1289 1144 1335 creatum
1174 1277 1475 1334 secundmn
1511 1276 1678 1330 Deum
1742 1275 1792 1330 in
1823 1273 2032 1344 jnstitia

436 1382 493 1429 et
532 1374 825 1428 sanctitate
862 1372 1199 1426 veritatis“.
1233 1389 1252 1422 ι
1292 1368 1454 1426 Certo
1499 1368 1668 1422 David
1721 1383 1826 1423 non
1861 1381 2034 1436 popu-

438 1465 547 1518 lum
575 1463 866 1531 quemdam
901 1461 1198 1517 secundum
1219 1459 1520 1516 essentiam
1547 1459 1843 1513 creandum
1871 1457 2036 1527 signi-

437 1555 641 1617 ﬁcavit,
681 1554 774 1609 sed
813 1569 879 1609 ex
909 1567 1096 1608 errore
1130 1552 1198 1607 ad
1243 1551 1604 1622 cognitionem
1654 1549 1746 1604 Dei
1791 1549 2031 1605 transla-

439 1655 574 1699 tum.
603 1645 788 1715 Neque
824 1644 988 1700 etiam
1032 1641 1181 1698 aliud
1219 1652 1418 1712 pra-ter
1457 1642 1508 1696 id
1538 1641 1681 1710 quod
1718 1641 1904 1704 habet,
1935 1653 2032 1696 cor

435 1735 610 1789 creari
657 1736 708 1788 in
753 1749 814 1788 se
843 1734 998 1804 petit,
1030 1732 1126 1788 sed
1183 1732 1250 1788 ad
1299 1733 1593 1803 puritatem
1633 1731 1817 1786 cordis
1851 1741 2030 1786 trane-

439 1827 566 1881 ferri
599 1827 768 1896 cupit.
801 1825 1254 1894 Sapientissimus
1292 1831 1473 1879 autem
1504 1823 1728 1888 Paulus,
1761 1838 1867 1878 non
1891 1822 2030 1879 duos

439 1917 686 1970 homines
717 1918 768 1970 in
795 1918 1062 1970 unitatem
1093 1915 1397 1970 naturalem
1424 1930 1520 1984 per
1545 1913 1826 1970 Christum
1852 1916 2028 1970 creari

435 2008 586 2071 dicit,
629 2008 700 2061 ita
736 2017 794 2064 ut
833 2008 1134 2063 exsistendi
1177 2007 1508 2078 principium
1551 2008 1890 2077 acciperent,
1934 2009 2030 2062 sed

434 2099 690 2170 populum
725 2099 1081 2156 lsraeliticum
1121 2111 1177 2154 et
1219 2108 1408 2171 gentes
1453 2100 1508 2155 in
1541 2100 1836 2154 novitatem
1879 2115 2032 2154 men-

437 2193 506 2247 tis
565 2193 844 2248 traductos
900 2191 1054 2257 dicit,
1113 2202 1279 2263 atque
1327 2192 1448 2248 illos
1504 2192 1724 2262 quidem
1788 2206 1817 2246 a
1874 2191 2030 2262 legali

433 2285 609 2348 cultu,
669 2283 770 2338 hos
802 2299 932 2338 vero
962 2284 1032 2338 ab
1059 2285 1262 2340 usitato
1299 2293 1356 2340 et
1389 2281 1646 2338 familiari
1681 2283 1815 2354 ipsis
1842 2297 2032 2339 errore

434 2377 719 2431 abductos.
771 2375 837 2430 Et
887 2391 1082 2431 rursus
1127 2390 1319 2431 omnes
1376 2375 1522 2432 indui
1551 2375 1708 2446 jubet
1755 2375 2028 2431 hominem

434 2484 654 2535 novum,
679 2470 770 2538 qui
803 2469 1100 2524 secundum
1128 2467 1300 2524 Deum
1327 2478 1548 2525 creatus
1575 2478 1680 2524 est.
1716 2469 1883 2540 Atqui
1914 2483 2031 2523 ma-

435 2561 690 2616 nifestum
744 2571 848 2625 est,
885 2560 1035 2615 illum
1072 2576 1180 2616 non
1229 2561 1507 2617 hominem
1557 2561 1796 2632 aliquem
1831 2577 2028 2618 secun-

432 2655 559 2708 dum
607 2655 903 2709 essentiam
956 2654 1160 2711 factum
1214 2654 1549 2724 significare,
1597 2669 1756 2724 quem
1806 2655 2028 2710 induere

431 2753 707 2810 Oporteat,
759 2746 853 2799 sed
905 2747 1076 2799 vitam
1105 2743 1259 2814 juxta
1301 2745 1521 2801 virtutis
1570 2760 1818 2800 normam
1873 2745 2028 2800 insti-

434 2838 537 2903 tui,
584 2846 639 2890 et
695 2837 1033 2891 voluntatem
1085 2836 1382 2892 instaurari
1433 2846 1597 2906 atque
1643 2837 1912 2892 innovari.
1967 2836 2024 2892 Si

433 2941 565 2996 ergo
597 2928 775 2982 creari
812 2942 916 2981 non
948 2941 1163 2996 semper
1193 2925 1350 2998 157
1395 2929 1687 2983 essentiam
1722 2928 2024 2999 signiﬁcat,

434 3034 598 3087 quam
633 3018 898 3074 rationem
945 3018 1130 3085 habet,
1171 3027 1266 3072 aut
1333 3019 1608 3088 quomodo
1652 3035 1756 3075 non
1803 3019 2023 3075 stultum

2135 538 2244 590 τῶν
2275 537 2444 590 ὄντων
2474 538 2574 608 ἤδη
2614 538 2709 590 καὶ
2741 535 2849 588 τῶν
2881 536 3160 601 κτίζεσθαι
3199 538 3343 591 κατὰ
3368 535 3430 590 τὸ
3474 532 3616 590 εἶναι
3658 554 3736 609 μη

2135 629 2426 699 δεομένων,
2464 628 2652 682 οὐκέτι
2683 628 2785 700 τὴν
2823 628 3011 681 οὐσίαν
3046 629 3324 699 σημαίνει,
3363 629 3500 684 ἀλλὰ
3537 630 3636 701 τὴν
3670 633 3737 685 ἐκ

2135 738 2281 784 τινος
2320 721 2509 790 ἑτέρου
2554 720 2690 792 πρὸς
2725 721 2912 792 ἔτερόν
2957 739 3012 773 τι
3068 722 3423 792 μετάστασιν.
3473 723 3562 788 Ὠς
3604 724 3738 779 ὅταν

2135 813 2272 884 λέγῃ
2313 813 2514 868 Δαὸίδο
2557 833 2574 865 ι
2621 815 2730 867 Καὶ
2775 812 2902 879 λαὸς
2932 814 2961 866 ὁ
2994 814 3339 885 κτιζόμενος,
3395 815 3600 870 αίνέσει
3643 818 3740 870 τὸν

2136 907 2364 979 Κύριον.
2409 925 2427 958 ι
2467 908 2580 960 Καὶ¹
2620 906 2818 960 πάλινο
2875 925 2895 956 ι
2951 907 3200 978 Καρδίαν
3247 907 3499 979 καθαρὰν
3546 910 3776 986 κτίσονἐ

2135 1001 2195 1052 ἔν
2229 999 2376 1070 ἐμοὶ,
2405 1001 2434 1052 ὁ
2466 998 2622 1063 Θεός.
2651 1017 2670 1051 ιι
2705 998 2766 1052 '0
2793 993 2849 1052 δὲ
2889 997 3101 1062 Παῦλός
3129 999 3263 1070 φησί
3299 1017 3400 1053 που
3435 1001 3566 1071 περὶ
3605 989 3778 1072 Χριλ’

2137 1090 2264 1146 ατοῦ
2287 1109 2301 1123 ο
2333 1109 2352 1142 ι
2391 1091 2498 1144 Τὸν
2520 1090 2684 1160 νόμον
2701 1090 2810 1144 τῶν
2840 1090 3068 1144 ἐντολῶν
3097 1093 3154 1144 ὲν
3183 1090 3420 1161 δόγμασι
3448 1096 3739 1163 καταργή-

2137 1194 2256 1248 σας,
2292 1183 2380 1235 ἵνα
2427 1183 2560 1246 τοὺς
2611 1181 2706 1236 δύο
2745 1183 2906 1254 κτίσῃ
2956 1183 3016 1235 ἐν
3061 1181 3241 1252 ἑαυτῷ
3285 1184 3364 1247 είς
3413 1183 3508 1236 ἕνα
3540 1186 3737 1237 καινὸν

2135 1275 2442 1344 ἄνθρωπον.
2507 1292 2526 1325 ι
2583 1275 2696 1327 Καὶ
2745 1275 2943 1328 πάλιν·
3002 1293 3021 1326 ι
3095 1273 3421 1329 Ἐνδύσασθε
3471 1275 3562 1328 τὸν
3609 1277 3734 1328 νέον

2133 1367 2424 1438 ἄνθρωπον
2472 1367 2564 1420 τὸν
2619 1367 2762 1420 κατὰ
2801 1367 2935 1420 Θεὸν
2981 1367 3274 1420 κτισθέντα
3308 1368 3364 1420 ἐν
3411 1366 3730 1437 δικαιοσύνῃ

2133 1462 2229 1514 καὶ
2266 1460 2505 1530 ὁσιότητι
2561 1459 2664 1530 τῆς
2714 1459 2992 1531 ἀληθείας.
3035 1477 3053 1510 ι
3093 1457 3204 1513 Καὶ
3239 1459 3302 1512 ού
3342 1461 3405 1530 δή
3461 1477 3563 1513 που
3598 1459 3732 1511 λαὸν

2135 1551 2237 1621 μέν
2260 1568 2384 1604 τινα
2413 1549 2534 1603 κατ’
2561 1549 2750 1603 οὐσίαν
2777 1549 3095 1620 κτιζόμενον
3131 1549 3428 1620 ἐσήμαινεν
3461 1551 3490 1602 ό
3526 1549 3689 1602 Δαῦίδ
3709 1554 3726 1579 ‘-

2133 1642 2270 1696 ἀλλὰ
2319 1643 2410 1705 τὸν
2460 1644 2526 1696 ἐκ
2573 1641 2784 1712 πλάνης
2816 1643 2896 1705 είς
2929 1641 3227 1708 ἐπίγνωσιν
3259 1640 3396 1694 Θεοῦ
3435 1639 3731 1711 μετατιθέ-

2138 1753 2300 1806 μενον
2333 1735 2504 1804 λέγει.
2553 1733 2642 1786 Ἐν
2677 1733 2857 1803 ἑαυτῷ
2903 1733 2961 1786 δὲ
3014 1733 3297 1797 κτίζεσθαι
3344 1734 3572 1804 καρδίαν
3626 1734 3728 1802 οὐχ

2133 1827 2329 1897 ἑτέραν
2385 1826 2516 1897 παρ’
2554 1826 2621 1895 ἢν
2667 1818 2813 1894 εἶχεν
2861 1822 3037 1893 ἠξίου,
3079 1822 3196 1876 ἀλλ’
3245 1825 3325 1884 εἰς
3372 1823 3728 1892 καθαρότητα

2132 1919 2303 1990 αὐτὴν
2341 1915 2755 1990 μεταποιεῖσθαι
2805 1916 3126 1987 παρεκάλει.
3181 1914 3242 1967 '0
3286 1915 3344 1968 δέ
3381 1931 3444 1982 γε
3480 1914 3727 1982 σοφώτα-

2131 2029 2224 2074 τος
2273 2009 2508 2074 Παῦλος,
2561 2009 2621 2062 οὐ
2663 2006 2757 2060 δύο
2793 2007 2944 2069 τινὰς
2981 2007 3302 2076 ἀνθρώπους
3366 2008 3446 2069 είς
3492 2006 3722 2076 ἑνότητα

2134 2103 2368 2175 φυσικὴν
2401 2099 2789 2166 ἀνακτίζεσθαι
2835 2099 2984 2166 λέγει
3017 2098 3103 2152 διὰ
3137 2098 3400 2170 Χριστοῦ,
3437 2099 3512 2162 ὡς
3545 2098 3722 2169 ἀρχὴν

2131 2195 2226 2249 τοῦ
2263 2189 2404 2248 εἶναι
2430 2192 2806 2264 λαμϐάνοντας
2830 2207 2843 2218 ·
2875 2191 3012 2246 ἀλλὰ
3037 2190 3165 2254 τούς
3193 2207 3252 2243 τε
3282 2191 3340 2256 ἐξ
3378 2188 3597 2260 Ἰσραὴλ
3625 2191 3724 2242 καί

2131 2288 2259 2350 τοὺς
2289 2283 2348 2350 εξ
2374 2283 2544 2338 ἐθνῶν
2578 2283 2658 2345 είς
2689 2281 2987 2352 καινότητα
3015 2280 3245 2352 γνώμης
3282 2278 3723 2350 μεταποιηθήσε-

2136 2376 2260 2430 σθαι
2291 2375 2473 2446 λέγει·
2516 2375 2642 2440 τοὺς
2677 2376 2776 2445 μὲν
2813 2374 2957 2428 κατὰ
2991 2373 3153 2444 νόμον
3186 2373 3462 2445 λατρείας,
3505 2377 3632 2439 τοὺς
3665 2376 3726 2430 δὲ

2131 2470 2232 2540 τῆς
2281 2467 2581 2538 συντρόφου
2624 2465 2836 2536 πλάνης
2880 2464 3329 2535 ἐπιλαθομένους.
3389 2466 3501 2521 Καὶ
3555 2467 3726 2521 πάλιν

2133 2560 2460 2616 ἐνδύσασθαι
2495 2560 2662 2614 πᾶσιν
2692 2561 2826 2630 ἡμῖν
2853 2558 3133 2612 ἐπιτάττει
3161 2558 3254 2611 τὸν
3295 2559 3480 2613 καινὸν
3509 2559 3728 2632 ἅνθρω-

2133 2670 2235 2706 πον
2265 2653 2358 2706 τὸν
2395 2650 2537 2705 κατὰ
2567 2651 2699 2704 Θεὸν
2738 2649 3048 2704 κτισθέντα.
3089 2649 3196 2704 Καὶ
3243 2650 3401 2721 δῆλόν
3448 2651 3597 2703 ἐστιν
3643 2651 3727 2716 ὡς

2129 2746 2231 2800 οὐκ
2279 2745 2564 2818 ἄνθρωπόν
2607 2761 2730 2799 τινα
2765 2745 2885 2798 κατ’
2919 2743 3107 2797 οὐσίαν
3141 2743 3403 2811 γεγονότα
3438 2744 3726 2813 σημαίνεις

2129 2838 2190 2892 ὃν
2225 2837 2552 2892 ἐνδύσασθαι
2585 2837 2712 2908 χρὴ,
2750 2835 2887 2890 ἀλλὰ
2933 2835 3024 2887 τὸν
3057 2835 3176 2888 κατ’
3214 2833 3415 2906 ἀρετὴν
3461 2834 3575 2904 βίον
3624 2837 3734 2888 καὶ

2127 2931 2219 2984 τὸν
2273 2931 2374 3000 τῆς
2429 2929 2805 3002 προαιρέσεως
2843 2927 3258 2998 ἀνακαινισμόν.
3314 2928 3376 2981 Et
3433 2927 3610 2981 τοίνυν
3659 2927 3731 2980 τὸ

2129 3019 2414 3086 κτίζεσθαι
2448 3019 2506 3073 ού
2543 3018 2763 3081 πάντως
2791 3016 2889 3086 τὴν
2918 3018 3108 3072 οὐσίαν
3133 3015 3303 3088 δηλοῖ,
3330 3020 3480 3070 ποῖον
3516 3017 3581 3071 ἂν
3607 3017 3731 3088 ἔχοι

434 3106 632 3172 fuerit,
689 3109 756 3162 de
815 3109 882 3164 iis
918 3110 1136 3179 quidem
1195 3112 1289 3181 qui
1342 3126 1532 3168 revera
1587 3122 1851 3169 creatura:
1896 3122 2023 3169 sunt

2134 3111 2378 3183 λόγον,ἢ
2419 3111 2538 3175 πῶς
2578 3109 2678 3164 οὐκ
2722 3109 2949 3180 ἀνόητον
2991 3111 3085 3163 ἐπὶ
3125 3110 3224 3180 μὲν
3255 3109 3364 3163 τῶν
3393 3110 3561 3173 ὅντως
3602 3128 3730 3164 τιτι-ι

434 3210 582 3254 recte
612 3199 661 3252 id
699 3202 843 3268 quod
875 3203 1138 3272 scriptum
1173 3213 1260 3258 est
1285 3205 1555 3275 accipere,
1599 3205 1667 3260 de
1701 3203 1882 3261 Verbo
1913 3221 2025 3260 au-

436 3299 542 3344 tem
583 3289 699 3357 Dei,
738 3293 789 3344 in
821 3306 928 3360 quo
961 3280 1233 3362 praecipue
1273 3295 1326 3350 id
1353 3295 1633 3349 observari
1678 3304 1914 3365 oportet,
1950 3298 2028 3352 si-

435 3387 606 3441 nistre
659 3387 762 3441 hoc
793 3387 1184 3456 interpretari?
1220 3408 1238 3440 ι
1281 3389 1540 3444 Dominus
1587 3390 1774 3458 enim,
1814 3391 2026 3460 inquit,

434 3480 644 3534 creavit
680 3495 786 3547 me,
817 3500 834 3530 ι
875 3495 1052 3551 neque
1083 3480 1135 3535 in
1168 3482 1272 3538 hoc
1305 3483 1495 3548 verbo,
1521 3502 1539 3535 ι
1573 3484 1801 3550 creavit,
1841 3501 1861 3535 ι
1895 3484 2026 3539 dicti

438 3571 549 3624 vim
579 3571 748 3637 sistit,
783 3572 878 3628 sed
923 3572 1096 3638 addit,
1155 3592 1174 3624 ι
1205 3573 1418 3629 initium
1451 3575 1662 3629 viarum
1704 3589 1924 3630 suarum
1971 3574 2026 3629 in

434 3676 599 3730 Opera
627 3661 744 3730 ejus
776 3679 794 3712 ι
838 3663 1068 3726 creavit,
1102 3674 1158 3717 et
1190 3677 1296 3718 non
1321 3665 1392 3718 ad
1425 3679 1547 3718 esse
1580 3663 1894 3730 traducens,
1930 3666 2030 3719 sed

435 3753 647 3808 creavit
677 3753 888 3808 initium
916 3755 1122 3809 viarum
1151 3771 1372 3810 suarum
1408 3756 1462 3810 in
1490 3771 1654 3825 opera
1685 3754 1834 3823 ejus;
1881 3758 2026 3827 quod

437 3843 512 3898 ita
567 3845 839 3914 intelliges
873 3861 887 3898 :
917 3845 1038 3900 Vita
1093 3846 1286 3916 legalis
1342 3845 1600 3901 aJudaeis
1648 3847 1947 3913 colebatur,
1995 3863 2026 3903 a

435 3934 688 4004 gentibus
718 3949 847 3991 vero
889 3936 997 3989 vita
1046 3937 1342 3991 secundum
1378 3935 1646 4005 justitiam
1684 3938 1833 3994 nullo
1869 3941 2026 3994 modo

436 4026 888 4094 cognoscebalur.
925 4025 1159 4082 Verbum
1203 4028 1385 4098 itaque
1411 4028 1503 4083 Dei
1543 4029 1746 4085 factum
1773 4039 1878 4096 est,
1911 4030 2026 4085 sive

436 4128 678 4171 creatum
723 4125 829 4183 est,
876 4133 1027 4184 caro,
1066 4121 1167 4176 hoc
1211 4131 1296 4175 est
1324 4121 1522 4192 .homo,
1559 4132 1618 4178 ut
1665 4124 1874 4178 initium
1907 4139 2026 4179 vna-

438 4223 556 4261 rum
589 4209 797 4262 Domini
836 4219 892 4264 et
927 4225 1150 4280 operum
1179 4213 1301 4281 ejus
1324 4216 1580 4270 omnibus
1608 4215 1935 4270 inveniatur.
1965 4214 2022 4270 ln

439 4301 616 4367 primo
663 4299 810 4355 enim
857 4300 1078 4356 Christo
1119 4305 1432 4374 evangelica
1476 4307 1586 4360 vita
1631 4305 1849 4362 effulsit.
1899 4306 2027 4362 Vias

438 4400 620 4444 autem
671 4401 726 4444 et
760 4407 923 4461 opera
965 4393 1200 4462 Domini,
1247 4397 1376 4466 quid
1426 4397 1570 4452 aliud
1622 4413 1744 4454 esse
1797 4413 2025 4455 censea-

2139 3205 2367 3277 σμὰτων
2399 3202 2579 3275 ὀρθῶς
2615 3203 2676 3256 τὸ
2707 3202 3096 3274 γεγραμμένον
3142 3202 3479 3274 ἐκδέχεσθαι,
3517 3203 3610 3255 ἐπὶ
3660 3204 3726 3257 δὲ

2127 3296 2222 3352 τοῦ
2265 3295 2400 3350 Θεοῦ
2432 3295 2628 3364 Λόγου,
2677 3295 2762 3364 ἐφ’
2795 3289 2838 3363 ᾧ
2867 3294 2932 3366 δὴ
2970 3295 3205 3365 μάλιστα
3243 3295 3402 3348 τοῦτο
3449 3295 3723 3366 φυλάττε-

2131 3390 2253 3445 σθαι
2274 3389 2400 3462 χρὴ,
2424 3386 2602 3460 σαθρὰ
2626 3387 2882 3450 νοοῦντας
2907 3387 3280 3458 εὑρίσκεσθαι;
3303 3405 3321 3438 ι
3348 3385 3551 3457 Κύριος
3585 3385 3727 3456 γὰρ,

2129 3484 2317 3556 φησὶν,
2343 3481 2528 3536 ἕκτισέ
2559 3498 2627 3552 με
2649 3495 2662 3509 ⁸
2693 3500 2710 3533 ι
2747 3479 2842 3532 καὶ
2862 3479 2924 3532 οὐ
2955 3479 3118 3550 μέχρι
3141 3477 3258 3542 τοῦ,
3291 3496 3309 3528 ι
3349 3478 3532 3532 ἔκτισε
3565 3496 3655 3549 με,
3698 3497 3722 3532 ι

2129 3574 2222 3629 τοῦ
2253 3573 2413 3644 λόγου
2461 3573 2561 3644 τὴν
2593 3573 2827 3642 δύναμιν
2873 3571 3107 3641 ἵστησιν,
3152 3569 3290 3622 ἀλλὰ
3337 3569 3726 3641 προστίθησιν,

2127 3667 2211 3721 ὅτι
2252 3684 2269 3718 t
2305 3666 2483 3738 ἀρχὴν
2513 3666 2650 3719 ὁδῶν
2671 3662 2838 3719 αὑτοῦ
2871 3682 2889 3716 ι
2924 3665 3005 3726 εἰς
3031 3663 3170 3733 ἔργα
3196 3662 3362 3717 αὐτοῦ
3390 3663 3592 3725 ἔκτισε,
3624 3664 3725 3716 καὶ

2129 3759 2230 3813 οὐκ
2271 3760 2352 3822 είς
2394 3759 2456 3812 τὸ
2511 3754 2651 3812 εἶναι
2701 3754 3065 3830 παραγαγὼν,
3114 3754 3229 3808 ἀλλ’
3277 3754 3488 3808 ἔκτισεν
3541 3756 3728 3826 ἀρχὴν

2127 3850 2262 3906 ὁδῶν
2300 3849 2468 3904 αὑτοῦ
2496 3851 2576 3912 είς
2605 3849 2743 3920 ἔργα
2787 3846 2952 3901 αὐτοῦ
2976 3862 2989 3876 '
3028 3847 3164 3918 ὅπερ
3199 3843 3343 3900 οῦτω
3372 3848 3606 3918 νοήσεις.
3655 3847 3726 3900 Ἡ

2129 3943 2274 3998 κατὰ
2309 3942 2474 4013 νόμον
2507 3941 2753 3995 πολιτεία
2791 3938 3081 4010 ἐτετίμητο
3107 3939 3206 4009 μὲν
3236 3937 3388 4010 παρὰ
3425 3941 3534 4003 τοῖς
3587 3937 3722 3991 ’1ου-

2128 4036 2319 4102 δαὶοις,
2349 4035 2505 4106 παρὰ
2540 4034 2598 4088 δὲ
2633 4036 2746 4097 τοῖς
2797 4033 3006 4085 ἔθνεσιν
3047 4031 3157 4084 οὐδ’
3190 4031 3326 4095 ὅλως
3374 4033 3402 4086 ό
3452 4031 3593 4084 κατὰ
3639 4032 3727 4086 διε-

2129 4127 2427 4200 καιοσύνην
2455 4127 2568 4198 βίος
2593 4123 2946 4195 ἐγινώσκετο.
2975 4123 3167 4192 Γέγονε
3199 4124 3401 4190 τοίνυν,
3433 4123 3552 4194 ἦτοι
3574 4123 3725 4176 ἐκτίε

2134 4220 2258 4291 σθη,
2297 4219 2436 4292 σὰρξ
2475 4219 2505 4271 ὁ
2537 4218 2630 4271 τοῦ
2670 4216 2805 4271 Θεοῦ
2851 4217 3043 4285 Λόγος,
3081 4214 3360 4268 τουτέστιν
3405 4213 3719 4284 ἄνθρωπος,

2131 4311 2220 4364 ἵνα
2250 4311 2344 4366 καὶ
2369 4309 2513 4381 ἁρχὴ
2545 4307 2654 4361 τῶν
2687 4306 2824 4362 ὁδῶν
2855 4306 2949 4359 τοῦ
2991 4301 3198 4376 Κυρίου
3249 4307 3341 4358 καὶ
3385 4305 3494 4359 τῶν
3540 4306 3723 4376 ἔργων

2132 4403 2297 4458 αὑτοῦ
2356 4403 2525 4455 πᾶσιν
2577 4397 2800 4470 εὑρεθῇ.
2854 4399 2944 4453 Ἐν
3003 4398 3112 4468 γὰρ
3169 4395 3371 4469 πρώτῳ
3419 4397 3644 4469 Χριστῷ
3692 4400 3724 4451 ό

439 4495 582 4544 ntus,
629 4496 790 4552 quam
835 4496 1106 4556 praecepta
1151 4489 1300 4556 ejus?
1329 4503 1453 4559 quae
1499 4498 1820 4559 praestantes
1861 4501 2026 4560 atque

2137 4493 2490 4565 εύαγγελικὺς
2517 4491 2796 4562 ἀνέλαμψε
2828 4491 2960 4562 βίος.
3013 4491 3201 4554 Ὀδοῦς
3224 4490 3281 4543 δὲ
3317 4489 3412 4544 καὶ
3448 4490 3585 4564 ἔργα
3609 4492 3722 4544 Κυε

437 4584 800 4641 exsequentes
838 4575 1003 4631 veluti
1051 4577 1238 4634 multis
1277 4593 1342 4633 ac
1367 4581 1538 4635 variis
1585 4579 1690 4633 viis
1735 4580 1802 4633 ad
1849 4581 2025 4648 ipsum

440 4664 804 4732 procedimus.
848 4667 1003 4734 Quod
1047 4682 1178 4723 vero
1211 4683 1381 4738 opera
1420 4670 1681 4725 eximiam
1729 4679 1782 4724 et
1817 4679 2023 4726 rectam

437 4752 968 4826 vitam—significent,
994 4771 1048 4814 et
1075 4768 1354 4830 praecepta
1386 4761 1505 4826 Dei,
1543 4761 1666 4815 audi
1703 4762 1830 4830 quid
1869 4777 2024 4817 sacra

440 4847 722 4918 Scriptura
759 4849 905 4906 dicat
936 4871 950 4906 :
985 4871 1004 4905 ι
1041 4851 1131 4906 Vae
1168 4853 1259 4922 qui
1298 4853 1505 4908 faciunt
1530 4867 1692 4923 opera
1725 4854 1815 4910 Dei
1850 4855 2021 4927 negli-

439 4949 629 5009 genter
650 4941 742 4999 ²⁸⁶.
781 4961 800 4995 ι
844 4943 1045 5000 Beatus
1085 4954 1264 5000 autem
1297 4945 1462 5000 David
1499 4956 1768 5016 praecepta
1805 4947 1901 5004 Dei
1931 4963 2027 5017 ap-

440 5032 646 5102 pellans
692 5037 831 5104 vias,
884 5037 958 5093 ita
1003 5038 1317 5095 exclamat:
1355 5056 1374 5090 ι
1409 5039 1537 5095 Vias
1586 5047 1726 5107 tuas,
1778 5043 2026 5109 Domine,

444 5139 600 5184 notas
641 5131 726 5185 fac
756 5132 911 5198 mihi,
946 5143 1000 5187 et
1031 5133 1261 5188 semitas
1285 5142 1406 5190 tuas
1432 5135 1564 5190 doce
1597 5151 1680 5192 me
1700 5139 1764 5191 '°.
1801 5155 1819 5187 ι

2137 4591 2277 4663 ρίου,
2311 4587 2364 4640 τί
2392 4584 2499 4656 χρὴ
2525 4585 2666 4637 νοεῖν
2691 4583 2896 4654 ἕτερον,
2929 4583 2962 4654 ἢ
2995 4581 3213 4645 πάντως
3241 4581 3343 4644 τὰς
3373 4581 3594 4644 ἐντολὰς
3623 4583 3717 4634 αύο

2134 4681 2269 4747 τοῦ;
2323 4678 2501 4749 ἇσπερ
2553 4675 2924 4738 ἐπιτελοῦντες
2969 4675 3064 4729 καὶ
3108 4673 3488 4746 ἐργαζόμενοι,
3527 4671 3726 4746 ὥσπερ

2133 4774 2222 4828 διὰ
2250 4769 2462 4824 πολλῶν
2486 4770 2582 4824 καὶ
2601 4769 2852 4840 ποικίλης
2882 4765 3002 4822 ὁδοῦ
3032 4762 3321 4837 βαδίζομεν
3359 4765 3495 4837 πρὸς
3527 4765 3722 4820 αὐτόν.

2137 4867 2260 4918 Ὅτι
2307 4863 2364 4916 δὲ
2411 4861 2482 4916 τὰ
2511 4861 2648 4932 ἔργα
2687 4860 2778 4914 τὸν
2823 4857 3103 4929 ἐξαίρετον
3143 4857 3394 4929 σημαίνει
3436 4856 3574 4927 βίον,
3626 4858 3726 4910 καὶ

2133 4956 2204 5010 τὰ
2236 4954 2636 5026 προστάγματα
2676 4952 2769 5007 τοῦ
2819 4951 2979 5016 Θεοῦ,
3028 4949 3192 5005 ἄκουε
3240 4948 3292 5002 τί
3326 4964 3490 5019 φησιν
3521 4949 3555 5018 ἡ
3600 4947 3726 5002 θεία

2134 5049 2358 5121 Γραφή’
2399 5065 2418 5098 ι
2467 5045 2605 5101 Οὐαὶ
2631 5045 2682 5099 oi
2728 5043 3011 5106 ποιοῦντες
3058 5041 3128 5095 τὰ
3164 5039 3300 5112 ἔργα
3336 5039 3541 5109 Κυρίου
3578 5039 3724 5108 ἁμε-

2133 5141 2264 5205 λῶς.
2303 5159 2321 5193 ι
2369 5139 2428 5194 ὐ
2461 5138 2518 5192 δὲ
2555 5137 2824 5210 μακάριος
2851 5135 3036 5200 Δαὸὶδ,
3077 5133 3228 5196 ὁδοὺς
3258 5127 3398 5185 εἶναι
3424 5131 3596 5199 λέγων
3619 5130 3725 5194 τὰς

441 5218 678 5286 ἐντολὰς,
719 5223 1153 5295 ἀναφθέγγεταιο
1205 5245 1224 5279 ι
1285 5227 1397 5292 Τὰς
1442 5227 1592 5293 ὁδούς
1647 5247 1763 5294 σου,
1819 5233 2022 5304 Κυριε,
2056 5234 2322 5307 γνώρισόν
2387 5249 2500 5303 μοι,
2550 5233 2644 5286 καὶ
2685 5232 2785 5294 τὰς
2823 5228 3048 5299 τρίϐους
3075 5244 3168 5280 σου
3202 5224 3411 5289 δίδαξόν
3454 5241 3543 5294 μεο
3587 5243 3605 5274 ³

1045 5358 1196 5416 Idem
1239 5361 1414 5418 aliter.

517 5514 539 5549 ι
571 5497 833 5553 Dominus
860 5501 1066 5556 creavit
1101 5515 1185 5556 me
1212 5502 1422 5557 initium
1457 5502 1670 5556 viarum
1706 5513 1934 5554 suarum
1961 5499 2018 5554 in

442 5604 608 5661 opera
657 5589 848 5660 ipsius.
877 5609 896 5645 ι
949 5591 1184 5649 Verbum
1223 5594 1346 5662 hoc,
1390 5612 1410 5646 ι
1443 5593 1674 5659 creavit,
1709 5611 1729 5645 ι
1783 5607 1887 5648 non
1937 5607 2024 5650 ess

511 5751 557 5782 "
580 5748 717 5877 Pial.
746 5765 824 5822 Ct,
856 5750 941 5806 l9.
1015 5748 1222 5807 "Psal.
1243 5766 1298 5818 ι,
1323 5749 1408 5804 12.
1482 5748 1528 5779 ³⁵
1549 5746 1740 5820 Ephes.
1771 5762 1831 5812 ll,
1859 5746 1944 5801 15,

511 5839 595 5877 LIV.
659 5865 672 5877 .

445 5837 595 5888 xxw,
619 5837 672 5878 4.

2097 5746 2142 5779 ³⁸
2188 5747 2385 5818 Ephes.
2437 5763 2512 5814 tv,
2565 5747 2657 5802 Ἡ.

2647 5365 2882 5430 ’Ἄλλως
2918 5365 2982 5416 τὸ
3015 5362 3182 5418 αὐτό.

2211 5525 2232 5557 ι
2278 5501 2484 5575 Κύριος
2527 5501 2710 5556 έκτισέ
2765 5517 2832 5573 με
2870 5498 3045 5572 ἀρχὴν
3087 5497 3222 5552 ὁδῶν
3259 5494 3426 5550 αὑτοῦ
3466 5497 3544 5556 είς
3583 5493 3719 5566 ἔργα

2133 5591 2321 5648 αὐτοῦ.
2372 5613 2390 5646 ι
2429 5593 2526 5657 Τὸ,
2576 5611 2594 5643 ι
2647 5592 2880 5657 ἔκτισεν,
2925 5611 2944 5642 ι
2985 5591 3045 5644 οὐ
3095 5587 3236 5644 κατὰ
3267 5587 3365 5658 τῆς
3406 5586 3595 5649 οὐσίας
3624 5585 3720 5637 τοῦ

2764 5747 2833 5779 ¹⁸⁹
2871 5745 3070 5803 Jerem.
3108 5759 3296 5813 nvnr,
3331 5743 3417 5799 10.
3493 5742 3540 5775 ’⁸
3565 5742 3712 5798 Psal.
