3996 6474
518 410 619 468 267

1523 409 1586 468 S.
1634 406 1916 464 CYBILLI
1959 404 2434 463 ALEXANDBINI
2474 406 2797 463 ARCHIEP.

3676 411 3770 469 268

515 531 624 587 erit
652 553 664 588 :
696 543 789 589 aut
829 549 873 588 St
905 546 1043 602 opus
1076 540 1134 588 et
1177 538 1428 588 creatura
1471 538 1578 595 est,
1606 528 1762 598 juxta
1795 544 1917 592 vos,
1949 529 2095 600 geni-

2209 530 2496 599 φεύξεται,
2526 531 2560 602 ἢ
2589 534 2805 602 ποίημα
2848 529 2945 583 καὶ
2979 529 3184 599 κτίσμα
3215 525 3338 581 καθ’
3382 528 3520 598 ὑμᾶς
3563 527 3652 593 ὢν,
3681 532 3768 586 οὐκ

514 637 604 685 tus
650 643 679 682 a
728 624 891 680 Patre
944 639 1051 679 non
1105 624 1231 679 erit.
1280 621 1451 679 Nemo
1496 621 1644 677 enim
1692 635 1929 689 unquam
1973 636 2095 692 oput

2216 624 2285 678 ei
2337 623 2425 695 εἴη
2486 623 2648 695 γέννη
2658 641 2753 694 μα.
2805 621 2993 685 οὐδεὶς
3040 621 3151 692 γὰρ
3207 618 3427 673 πώποτε
3480 620 3541 674 τὸ
3594 622 3770 677 ἑαυτοῦ

514 734 669 775 smnn
712 716 964 788 genituen
993 724 1047 772 et
1094 715 1264 771 tilium
1304 724 1483 768 vocat.
1517 711 1650 768 Cum
1696 727 1825 767 vero
1858 712 2108 783 genimen

514 812 607 875 sit,
643 810 813 865 Filius
840 824 971 880 ergo
998 817 1053 863 et
1093 822 1198 862 non
1231 816 1485 863 creatura
1518 805 1855 862 censebitur.

815 917 1044 983 ALIUD,
1084 919 1138 972 in
1178 916 1417 972 eamdem
1458 918 1795 972 sententiam.

583 1031 749 1088 Sacra
783 1030 1066 1103 Scriptura
1109 1038 1274 1088 vocat
1300 1032 1539 1088 Verbum
1580 1032 1697 1096 Dei,
1733 1032 2104 1103 Uuigenitum.

510 1123 565 1180 Si
602 1139 732 1195 ergo
778 1123 883 1179 hoc
928 1135 1035 1189 est,
1084 1126 1360 1194 quomodo
1392 1125 1608 1180 censeri
1664 1123 1839 1191 possit
1887 1134 2104 1180 creatus

508 1231 632 1273 esse
680 1217 980 1272 secundum
1028 1216 1322 1272 essentiam
1374 1216 1429 1270 in
1482 1217 1806 1286 principium
1851 1216 2102 1282 aliorum,

509 1322 647 1378 quos
683 1319 873 1362 auctor
910 1307 1334 1383 Proverbiorum
1363 1317 1524 1364 vocat
1548 1308 1703 1364 vias?
1731 1309 1865 1363 Nam
1906 1308 1951 1364 si
1980 1323 2102 1364 om-

510 1399 641 1457 nino
687 1399 812 1455 aliis
863 1408 1284 1464 annumeratur,
1333 1411 1496 1470 atque
1542 1399 1851 1471 aliquorum
1899 1400 2102 1471 princi-

2214 717 2431 789 ποίημα
2461 715 2709 797 γέννημα
2740 714 2836 769 καὶ
2864 713 2980 767 υίδν
3012 711 3296 767 ἀποκαλεῖ.
3343 710 3555 784 Ἐπειδὴ
3581 714 3635 767 δὲ
3663 714 3767 783 γέν-

2213 810 2364 881 νημα
2394 810 2563 871 ἐστιν,
2600 808 2729 872 Tib;
2763 807 2872 879 ἄρα
2906 806 3001 860 καὶ
3029 806 3092 860 οὐ
3130 804 3346 875 ποίημα
3377 804 3709 875 νοηθήσεται.

2694 922 2895 988 ΔΛΛΟ,
2933 922 3023 987 εὶς
3053 918 3119 973 τὸ
3152 920 3322 976 αὐτό.

2283 1034 2563 1107 Μονογενῆ
2612 1034 2703 1089 τὸν
2749 1032 2843 1087 τοῦ
2895 1032 3032 1086 Θεοῦ
3082 1032 3257 1100 Λόγον
3299 1032 3356 1085 αἱ
3392 1028 3530 1086 θεῖαι
3569 1030 3776 1086 καλοῦσι

2211 1129 2449 1203 Γραφαί.
2487 1129 2550 1182 Εἰ
2578 1119 2762 1182 τοίνυν
2790 1125 2949 1180 τοῦτό
2991 1126 3129 1193 ἐστι,
3167 1122 3285 1180 πῶς
3325 1121 3390 1176 ἂν
3417 1122 3585 1176 νοοῖτο
3610 1122 3767 1175 κτίσε-

2212 1223 2337 1277 σθαι
2371 1222 2494 1276 κατ’
2517 1219 2708 1275 οὐσίαν
2736 1221 2818 1283 εἰς
2847 1217 3055 1290 ἑτέρων
3084 1215 3259 1288 ἀρχὴν
3278 1255 3294 1280 ,
3325 1214 3394 1279 ἃς
3417 1215 3571 1278 ὁδοὺς
3601 1214 3770 1269 ἐκάλε-

2211 1333 2305 1369 σεν
2334 1318 2363 1369 6
2396 1313 2846 1385 Παροιμιαστής;
2883 1311 2946 1365 Ei
2980 1308 3090 1382 γὰρ
3123 1307 3260 1372 ὅλως
3288 1306 3498 1379 ἑτέροις
3543 1306 3778 1360 συντέτα-

2208 1425 2337 1461 κται
2366 1404 2462 1460 καί
2493 1402 2658 1458 τινών
2686 1403 2836 1456 ἐστιν
2862 1398 3029 1473 ἀρχὴ,
3067 1399 3234 1472 μέρος
3262 1396 3329 1452 ἂν
3363 1398 3453 1467 εἴη
3484 1396 3575 1450 τοῦ
3596 1396 3780 1460 παντὸς

511 1493 657 1564 pium
690 1502 797 1560 est,
843 1503 995 1548 certe
1026 1506 1152 1563 pars
1193 1492 1360 1549 totius
1391 1491 1638 1562 corporis
1675 1492 1858 1557 fuerit,
1890 1502 1948 1548 et
1992 1507 2095 1548 non

2211 1500 2497 1576 σώματος,
2529 1496 2623 1552 καὶ
2653 1496 2755 1550 οὐκ
2786 1494 2944 1548 ἔσται
2976 1494 3294 1564 μονογενὴς,
3338 1491 3368 1544 6
3396 1489 3623 1552 πολλοὺς
3655 1490 3782 1560 ἔχων

507 1585 614 1639 erit
647 1583 985 1653 unigenitus,
1030 1598 1153 1638 cum
1192 1582 1393 1639 multos
1417 1593 1680 1654 pra-terea
1717 1585 1917 1641 habeat
1963 1599 2099 1654 quo-

511 1689 633 1729 rum
667 1674 990 1745 principium
1022 1684 1265 1729 creatum
1298 1687 1357 1728 se
1385 1688 1508 1729 esse
1539 1674 1691 1730 dicit.
1721 1674 1780 1731 Si
1806 1675 1951 1730 enim
1986 1677 2097 1744 pri-

2204 1593 2332 1656 τοὺς
2373 1588 2596 1661 ἐφεξῆς,
2631 1580 2708 1643 ὧν
2738 1578 3073 1640 ἑαυτὸν⁸’καὶ
3116 1582 3291 1655 ἀρχὴν
3317 1580 3569 1635 ἐκτίσθαι
3611 1581 3779 1649 φησιν.

2207 1686 2270 1738 Ei
2318 1684 2424 1756 γὰρ
2473 1681 2571 1736 καὶ
2618 1678 2837 1751 πρῶτος
2864 1674 3092 1745 ἐκτίσθη
3140 1673 3250 1728 τῶν
3293 1672 3497 1739 ἄλλων,
3552 1672 3664 1727 ἀλλ’
3693 1672 3782 1725 οὐκ

510 1783 631 1822 mus
659 1769 889 1822 aliorum
922 1777 1028 1834 est,
1062 1782 1167 1822 non
1190 1767 1298 1822 erit
1330 1768 1537 1823 idcirco
1565 1769 1734 1824 solus.
1762 1767 2095 1838 Principium

2206 1773 2360 1827 ἔσται
2384 1769 2471 1825 διὰ
2507 1767 2668 1824 τοῦτο
2699 1767 2877 1838 μόνος.
2915 1765 2982 1818 Ἠ
3014 1763 3124 1835 γάρ
3162 1779 3303 1827 τινος
3333 1762 3505 1833 ἀρχὴ,
3534 1760 3637 1814 κᾶν
3661 1776 3784 1830 προ-

506 1860 650 1915 enim
685 1859 933 1929 alicujus.
966 1859 1180 1913 tametsi
1220 1859 1286 1913 iis
1307 1872 1426 1927 qua?
1455 1870 1576 1928 post
1602 1860 1777 1929 ipsum
1804 1869 1933 1915 sunt
1959 1869 2099 1914 tem—

509 1966 639 2019 pore
667 1950 822 2021 prius
857 1951 951 2015 sit,
1012 1949 1174 2021 159
1203 1951 1307 2006 erit
1336 1961 1513 2006 tamen
1541 1966 1608 2006 ex
1631 1966 1819 2006 eorum
1846 1964 2097 2015 numero,

506 2051 670 2114 atque
700 2043 835 2097 adeo
868 2042 998 2112 ipsis
1031 2054 1344 2114 cognatum.
1396 2044 1556 2112 Atqui
1588 2041 1780 2099 Ruben
1814 2043 1988 2099 factus
2015 2052 2101 2098 est

509 2134 836 2206 principium
866 2134 1101 2189 ﬁliorum
1130 2133 1324 2202 Jacob,
1359 2137 1454 2191 sed
1487 2151 1594 2191 non
1619 2135 1823 2191 idcirco
1852 2136 2100 2206 unigeni-

507 2238 616 2293 tus,
658 2241 833 2298 neque
868 2227 935 2281 ab
986 2241 1174 2281 eorum
1215 2227 1310 2297 qui
1360 2227 1694 2298 posteriores
1737 2236 1916 2294 erant,
1966 2228 2099 2283 sub—

505 2320 710 2373 stantia
751 2318 981 2373 alienus.
1014 2318 1070 2373 Si
1105 2333 1237 2400 ergo
1266 2319 1500 2374 Verbum
1535 2319 1859 2389 principium
1883 2318 2097 2390 aliquo.

492 2426 627 2479 _rum
672 2419 917 2466 creatum
971 2420 1077 2472 est,
1128 2424 1304 2478 neque
1351 2409 1663 2480 nnigeuitus
1704 2408 1887 2475 fuerit,
1923 2424 2099 2480 neque

507 2503 722 2558 ratione
762 2513 968 2557 natura:
1015 2504 1082 2556 ab
1114 2502 1182 2557 iis
1227 2516 1459 2571 quorum
1515 2511 1600 2558 est
1644 2501 1968 2573 principium
2015 2501 2100 2558 di-

507 2610 721 2658 versus,
751 2604 915 2665 atque
948 2596 1021 2649 ita
1050 2595 1319 2650 creaturis
1349 2594 1820 2651 annumerabitur.
1857 2594 1924 2650 Et
1949 2609 2098 2650 meu-

507 2687 672 2743 tietur
698 2689 919 2757 quidem
957 2686 1119 2742 Pater
1153 2687 1347 2742 Filium
1382 2688 1560 2758 ipsum
1590 2703 1823 2756 vocans;
1868 2688 2098 2744 mentie-

508 2788 597 2833 tur
650 2781 815 2834 etiam
872 2779 1067 2833 lie-ntus
1116 2777 1357 2834 Joannes
1404 2779 1632 2834 dicens:
1669 2798 1687 2831 t
1724 2780 1779 2834 In
1831 2780 2098 2851 principio

506 2880 628 2928 erat
659 2870 897 2927 Vel-lium
920 2870 991 2924 “.
1046 2890 1064 2923 ι
1099 2869 1381 2936 Quomodo
1427 2862 1571 2925 enim
1611 2880 1752 2937 erat,
1802 2871 1848 2927 si
1894 2872 2095 2928 factum

508 2963 632 3020 est?
674 2963 781 3016 Aut
813 2963 1084 3031 quomodo
1125 2961 1268 3017 Deus
1314 2970 1433 3015 erat
1460 2960 1720 3029 Verbum,
1770 2964 1816 3019 si
1851 2975 2095 3020 creatum

505 3054 630 3110 est?
661 3052 769 3108 Aut
795 3053 1072 3124 quontndo
1102 3053 1173 3107 sit
1215 3053 1501 3117 Dominus,
1540 3053 1630 3122 qui
1662 3070 1765 3108 una
1796 3070 1918 3110 cum
1970 3055 2093 3111 aliis

506 3158 567 3203 ut
594 3163 786 3205 servus
830 3146 1004 3202 iactus
1036 3158 1121 3201 est
1168 3154 1223 3201 et
1274 3160 1403 3216 pars
1436 3148 1708 3203 universas
1763 3148 2098 3204 creationis?

508 3241 614 3296 Sed
660 3240 761 3296 hoc
786 3241 1084 3295 abslll‘tilllti
1125 3246 1231 3294 cst.
1259 3236 1394 3293 Illud
1420 3238 1621 3310 itaque,
1664 3258 1683 3292 ι
1715 3242 1940 3304 creavit,
1972 3261 1990 3293 ι
2023 3244 2089 3295 ad

505 3335 803 3392 essentiam
835 3332 1175 3388 referendum
1211 3344 1318 3385 non
1350 3342 1455 3387 est.

1184 3424 1413 3481 ALIUD.

577 3539 659 3605 Si,
701 3554 799 3610 per
837 3554 953 3603 vos,
992 3539 1163 3596 Filius
1210 3541 1507 3596 secundum
1538 3543 1831 3597 essentiam
1876 3554 2095 3599 creatus

502 3642 610 3699 est.
643 3633 969 3703 principium
1019 3632 1348 3702 reliquorum
1397 3634 1692 3699 exsisteus,
1727 3645 1781 3689 ut
1829 3636 2091 3709 scriptum

505 3736 611 3795 est,
650 3727 923 3799 quomodo
971 3726 1230 3797 praeditus
1276 3734 1361 3781 est
1416 3724 1669 3781 facultate
1712 3727 1959 3794 creandi,
2000 3736 2092 3781 aut

506 3820 780 3890 quomodo
813 3818 1042 3873 aliorum
1073 3827 1288 3872 creatur
1329 3817 1505 3871 factus
1528 3817 1651 3872 est?
1679 3815 1913 3874 Necesse
1946 3816 2092 3874 enim

508 3920 614 3976 est,
667 3916 725 3965 ut
775 3910 825 3965 id
874 3909 1019 3980 qtmd
1069 3908 1297 3977 alicujus
1323 3908 1656 3981 principium
1693 3914 1799 3977 est,
1849 3909 2093 3980 ejusdem

2123 3269 2168 3330 ο

2205 1866 2405 1939 τερεύῃ
2433 1863 2541 1919 τῶν
2574 1859 2693 1933 μεθ’
2721 1857 2921 1930 ἑαυτὴν
2949 1856 3037 1911 διὰ
3063 1856 3156 1909 τὸν
3186 1854 3404 1927 χρόνον,
3445 1854 3598 1907 ἔσται
3639 1849 3786 1907 πάλιν

2205 1961 2387 2023 αὐτοῖς
2420 1954 2737 2027 ἐναρίθμιος
2782 1967 2844 2004 τε
2891 1949 2985 2005 καὶ
3017 1947 3309 2016 συγγενής.
3366 1945 3569 2014 Γέγονε
3617 1943 3739 2014 γοῦν
3763 1943 3789 1995 6

2215 2048 2443 2119 Ῥουόὶμ
2470 2046 2614 2120 ἁρχὴ
2640 2045 2847 2098 τέκνων
2888 2039 3107 2109 Ἰακὼϐ,
3142 2038 3259 2093 ἀλλ’
3286 2038 3356 2093 οὗ
3399 2037 3490 2092 διὰ
3527 2036 3683 2091 τοῦτο
3709 2053 3789 2107 μο-

2200 2141 2449 2213 νογενὴς,
2475 2140 2597 2195 οὐδὲ
2626 2138 2727 2210 τῆς
2758 2136 2868 2190 τῶν
2897 2133 3017 2206 μεθ’
3046 2133 3238 2187 ἑαυτὸν
3270 2132 3475 2196 οὐσίας
3504 2129 3789 2200 ἀλλότριος.

2201 2237 2266 2292 Ei
2309 2236 2490 2291 τοίνυν
2518 2232 2663 2305 ἀρχή
2705 2247 2869 2284 τινων
2903 2230 2933 2282 6
2966 2227 3137 2297 Λόγος
3187 2223 3448 2295 ἐκτίσθη,
3480 2221 3596 2276 οὔτ’
3623 2220 3687 2274 ἂν
3714 2220 3791 2289 εἴη

2204 2328 2518 2404 μονογενὴς,
2566 2324 2692 2379 οὔτε
2745 2322 2852 2394 μὴν
2897 2320 3038 2376 κατὰ
3088 2319 3182 2372 τὸν
3225 2318 3329 2389 τῆς
3377 2315 3601 2388 φύσεως
3645 2312 3794 2382 λόγον

2199 2424 2426 2479 ἐκείνων
2455 2416 2869 2488 ἀπεξενωμένος
2898 2408 2973 2468 ὧν
3004 2415 3155 2467 ἐστιν
3186 2409 3359 2483 ἁρχὴ,
3409 2409 3559 2464 οὕτω
3596 2426 3657 2462 τε
3694 2409 3795 2468 τοῖς

2200 2517 2465 2587 κτίσμασι
2496 2510 2952 2582 συνταχθήσεται.
2986 2507 3100 2563 Καὶ
3123 2505 3395 2577 ψεύσεται
3431 2504 3534 2575 μὲν
3560 2503 3590 2556 6
3618 2499 3795 2570 Πατὴρ

2199 2609 2328 2663 Υίὺν
2363 2606 2526 2662 αὑτὸν
2561 2602 2856 2659 ἀποκαλῶν
2877 2618 2892 2634 ο
2925 2600 3188 2671 ψεύσεται
3219 2596 3282 2650 δὲ
3326 2595 3427 2650 καὶ
3459 2597 3490 2649 6
3535 2592 3797 2665 μακάριος

2212 2700 2486 2770 Ἰωάννης,
2528 2697 2739 2768 λέγων’
2788 2714 2808 2748 ι
2864 2696 2953 2749 Ἐν
2989 2694 3134 2765 ἀρχῇ
3172 2686 3243 2763 ἦν
3295 2691 3325 2745 6
3363 2688 3566 2758 Λόγος.
3618 2705 3637 2739 ι
3682 2683 3799 2746 Πῶς

2199 2794 2307 2866 γὰρ
2338 2788 2429 2864 ἦν,
2458 2793 2508 2845 εί
2537 2790 2765 2861 γέγονε;
2801 2786 2929 2852 Πῶς
2956 2786 3013 2841 δὲ
3045 2784 3178 2848 Θεὸς
3204 2779 3277 2855 ἦν
3306 2783 3577 2852 ὁιΛόγος,
3618 2781 3668 2833 εί
3693 2778 3798 2831 κτί-

2199 2883 2385 2951 ζεταις
2424 2882 2547 2946 Πῶς
2582 2880 2627 2936 δ’
2655 2881 2722 2936 ἂν
2759 2880 2844 2950 εἴη
2876 2880 2972 2933 καὶ
3004 2875 3210 2943 Κύριος
3237 2874 3271 2926 6
3307 2877 3454 2946 μετὰ
3487 2871 3601 2927 τῶν
3637 2867 3801 2926 ἄλλων

2196 2977 2274 3043 ὡς
2310 2976 2496 3040 δοῦλος
2542 2972 2936 3044 πεποιημένος,
2983 2971 3077 3024 καὶ
3129 2967 3307 3039 μέρος
3353 2966 3436 3021 ὣν
3485 2966 3588 3037 τῆς
3633 2963 3801 3029 πάσης

2198 3070 2467 3134 κτίσεως;
2516 3064 2677 3121 Ἀλλὰ
2717 3063 2879 3117 τοῦτο
2908 3063 3108 3118 ἄτοπον
3130 3078 3143 3091 ·
3174 3059 3238 3115 τὸ
3294 3078 3314 3111 ι
3360 3058 3587 3113 ἔκτισεν
3640 3074 3657 3106 ι
3704 3053 3803 3124 ἂρα

2199 3162 2344 3218 κατὰ
2372 3160 2474 3229 τῆς
2514 3158 2701 3221 οὐσίας
2729 3156 2791 3210 οὐ
2826 3155 3088 3209 κείσεται.

2890 3427 3091 3481 ΔΛΛΟ.

2271 3547 2335 3603 Ei
2362 3546 2482 3601 κατ’
2520 3542 2708 3598 οὐσίαν
2738 3538 2988 3609 ἐκτίσθη,
3044 3534 3165 3590 καθ’
3197 3537 3387 3605 ὑμᾶς,
3429 3537 3462 3589 6
3512 3534 3646 3594 Υἱὸς
3679 3527 3813 3601 ἀρχῆ

2197 3639 2309 3695 τῶν
2338 3637 2537 3708 ἑφεξῆς
2575 3634 2859 3705 ὑπάρχων,
2900 3631 2976 3693 ὡς
3026 3628 3382 3700 γέγραπται,
3432 3626 3560 3690 πῶς
3607 3623 3721 3696 ἔχει
3760 3620 3816 3671 τ’)

2197 3730 2459 3788 δύνασθαι
2498 3727 2874 3799 δημιουργεῖν,
2928 3723 3045 3787 πῶς
3096 3722 3152 3777 δὲ
3208 3722 3331 3776 τῶν
3384 3721 3577 3775 ἄλλων
3635 3718 3818 3786 γέγονε

2201 3824 2469 3897 ποιητῆς;
2527 3819 2768 3889 Ἀνάγκη
2803 3817 2913 3889 γὰρ
2955 3817 3057 3886 τήν
3103 3831 3254 3878 τινος
3307 3807 3813 3897 ὑπάρχουσανᾲὰρ·

2200 3894 2329 3989 χῆν’
2351 3894 2452 3985 τῆς
2487 3911 2656 3981 αὐτῆς
2690 3906 2880 3971 οὐσίας
2926 3901 3062 3959 εἶναι
3092 3902 3171 3972 τῷ
3206 3902 3413 3968 παντὶ,
3445 3894 3513 3955 οὗ
3550 3897 3654 3953 καὶ
3687 3895 3813 3948 ἔστιν

2198 4008 2365 4081 ἀρχή.
2400 4003 2465 4059 Ei
2494 4002 2673 4057 τοίνυν
2703 3999 2911 4071 κτίσμα
2940 3996 3018 4051 ὣν
3044 3998 3071 4049 6
3098 3993 3234 4058 Υἱὸς
3280 3994 3407 4065 ἔχει
3460 3991 3566 4047 καὶ
3600 3990 3819 4081 δύναμιν

2197 4078 2622 4173 δημιουργικὴν,
2668 4095 2781 4160 ἔξει
2820 4093 2978 4147 τοῦτο
3007 4092 3101 4145 καὶ
3128 4089 3200 4143 τὰ
3232 4089 3388 4143 ἄλλα
3421 4088 3739 4158 κτίσματα,
3779 4078 3823 4131 εἰ

2196 4191 2295 4247 καὶ
2323 4191 2514 4261 γέγονε
2543 4189 2610 4243 δι’
2644 4186 2796 4251 ΐίοὖ,
2825 4186 2919 4240 καὶ
2945 4183 3085 4237 αὐτὰ
3115 4180 3292 4250 φύσιν
3323 4181 3543 4254 ἔχοντα
3563 4179 3822 4249 δημιουρο

2197 4284 2385 4356 γικήν.
2420 4280 2587 4337 Οὐδὲν
2609 4276 2704 4334 οὖν
2729 4280 2789 4333 ὲν
2809 4275 2936 4347 ’Θεῷ
2955 4274 3017 4328 τὸ
3041 4273 3203 4327 πλέον
3237 4274 3415 4345 παρὰ
3433 4273 3513 4327 τὰ
3529 4271 3826 4338 κτίσματα.

2196 4355 2333 4428 Είδὲ
2353 4373 2456 4426 οὑκ
2479 4369 2627 4424 ἔστιν
2658 4367 2800 4440 ἀρχὴ
2827 4363 3121 4420 τῶνᾶλλων
3148 4363 3508 4433 κτισμάτων
3528 4360 3612 4424 ὡς
3626 4355 3830 4423 ποίημα

2197 4467 2294 4521 καὶ
2326 4462 2491 4527 αὑτός
2510 4478 2525 4494 ’
2556 4461 2686 4526 Υἱὸς
2716 4461 2826 4530 ἄρα
2850 4459 2951 4512 καὶ
2980 4455 3298 4526 μονογενής
3344 4456 3536 4509 ἐστιν.

503 4001 824 4059 substantiae
870 4000 940 4057 sit
992 4017 1115 4056 cum
1166 4012 1277 4057 tato
1319 4003 1471 4073 cujus
1511 4002 1838 4073 principium
1883 4013 1986 4058 est.
2034 4000 2093 4058 Si

503 4108 634 4165 ergo
681 4092 874 4157 Filius,
933 4107 1054 4147 cum
1106 4092 1177 4148 sit
1215 4104 1491 4159 creatura,
1528 4094 1748 4150 creandi
1781 4093 2092 4150 facultatem

501 4184 687 4248 liabet,
737 4183 1016 4238 habebunt
1051 4183 1151 4237 ltoc
1197 4190 1253 4239 et
1296 4186 1518 4254 reliqute
1558 4194 1847 4250 creatura),
1878 4184 2091 4240 tametsi

503 4292 602 4345 per
626 4273 824 4329 Filium
862 4274 1019 4329 facta:
1056 4275 1188 4340 sint,
1238 4287 1293 4330 et
1337 4288 1528 4331 natura
1562 4278 1828 4332 creatricc
1855 4279 2094 4348 praeditas

501 4374 684 4421 erunt.
731 4363 876 4420 Nihil
912 4367 1094 4436 itaque
1138 4365 1369 4435 amplius
1417 4368 1525 4422 erit
1572 4367 1626 4421 in
1674 4367 1785 4422 Deo
1836 4384 2001 4437 quam
2036 4367 2089 4422 in

503 4456 793 4513 creaturis.
839 4456 896 4513 Si
933 4472 1065 4512 vero
1101 4473 1209 4526 non
1254 4470 1344 4513 est
1387 4458 1709 4529 principium
1760 4458 2091 4529 reliquarum

499 4559 903 4612 creaturarum,
936 4560 993 4603 ut
1024 4560 1276 4605 creatura
1326 4551 1492 4606 etiam
1524 4551 1637 4621 ipse
1667 4569 1681 4605 :
1712 4548 1880 4607 Filius
1912 4552 2094 4623 itaque

501 4652 586 4698 est
613 4641 965 4713 unigenitus;

681 4754 920 4821 ALIUD,
961 4772 1057 4826 per
1099 4756 1457 4811 reductionem
1495 4754 1566 4809 ad
1602 4755 1914 4810 absurdum.

578 4890 599 4925 ι
626 4871 890 4926 Dominus
913 4871 1124 4926 creavit
1148 4884 1236 4925 me
1266 4870 1592 4940 principium
1627 4871 1840 4924 viarum
1871 4883 2090 4924 suarum

504 4968 558 5020 in
587 4979 755 5038 opera
796 4963 990 5033 ipsius.
1023 4981 1046 5016 ι
1087 4963 1144 5018 Si
1185 4964 1308 5032 quis
1337 4962 1731 5019 contentiosius
1770 4963 1971 5018 dictum
2005 4963 2091 5017 iu-

504 5059 727 5126 quirere
771 5054 923 5119 velit,
970 5055 1243 5109 malitiose
1287 5055 1435 5110 dicet
1464 5073 1479 5110 ς
1510 5054 1568 5110 Si
1612 5056 1824 5126 primus
1872 5065 2092 5112 creatus

504 5160 610 5214 est,
671 5147 958 5215 factusque
1003 5154 1088 5200 est
1131 5144 1481 5216 principium,
1528 5156 1585 5202 ut
1633 5144 2095 5218 vos'opiuamini,

504 5237 780 5307 quomodo
810 5235 865 5289 in
893 5248 1061 5304 opera
1100 5234 1354 5290 creatur?
1396 5233 1511 5292 Non
1540 5236 1687 5292 enim
1716 5237 1855 5293 dixit
1881 5256 1896 5293 :
1929 5237 2096 5294 Crea-

504 5332 584 5384 vit
618 5343 705 5383 me
740 5326 1021 5391 Dominus,
1070 5341 1130 5381 ut
1164 5326 1360 5383 iaciam
1403 5343 1570 5400 opera
1611 5330 1805 5400 ipsius,
1842 5331 2006 5397 sed,c
2038 5332 2089 5386 in

503 5433 671 5489 opera
697 5416 890 5489 ipsius.
922 5435 940 5469 ι
972 5416 1109 5472 Nam
1143 5421 1297 5488 quasi
1325 5422 1441 5491 jam
1468 5424 1786 5478 constitutis
1810 5424 2086 5493 operibus.

504 5522 747 5568 creatum
787 5525 850 5567 se
877 5511 1009 5567 dicit
1055 5514 1107 5568 in
1158 5529 1244 5569 ea.
1288 5513 1441 5581 Quod
1478 5517 1524 5570 si
1560 5517 1631 5570 ita
1664 5528 1774 5581 est,
1819 5518 2091 5587 quomodo

503 5603 686 5658 adhuc
728 5602 938 5674 primus
984 5616 1091 5670 est,
1123 5608 1396 5662 secundus
1442 5617 1563 5677 post
1598 5609 1685 5662 illa
1735 5607 1950 5663 factus?
1983 5608 2090 5662 Aut

503 5694 780 5766 quomodo
807 5695 879 5751 sit
912 5695 1236 5767 principium
1275 5698 1526 5764 aliormn,
1558 5700 1649 5770 qui
1681 5710 1881 5768 postea
1908 5699 2085 5756 factus

2122 4624 2172 4683 D

2198 4756 2410 4821 ΛΑΜ),
2458 4753 2526 4808 τὸ
2562 4751 2710 4808 αὐτὸ
2752 4749 2854 4806 διὰ
2895 4747 3008 4819 τῆς
3051 4746 3439 4814 είς-ἄτοπον
3481 4743 3842 4821 ἀπαγωγῆς.

2273 4886 2296 4921 ι
2343 4865 2550 4938 Κύριος
2598 4865 2783 4921 ἔκτισέ
2822 4882 2902 4937 με
2943 4862 3119 4936 ἀρχὴν
3167 4863 3328 4918 ὁδῶν
3362 4864 3550 4920 αὐτοῦ
3597 4867 3682 4928 είς
3717 4862 3850 4932 ἔργα

2198 4960 2389 5014 αὑτοῦ.
2439 4978 2458 5011 ι
2512 4958 2577 5013 Εἰ
2616 4976 2700 5021 τις
2734 4957 3171 5027 φιλονεικότερον
3221 4954 3541 5023 ἐξετάζειν
3588 4955 3851 5026 ἐθελήσαι

2195 5053 2258 5107 τὸ
2281 5051 2595 5123 εἰρημένον,
2632 5050 2991 5119 κακοτρόπως
3014 5050 3163 5116 ἐρεῖο
3202 5049 3277 5103 Ei
3317 5051 3567 5117 πρῶτος
3597 5049 3853 5117 ἐκτίσθη.

2196 5144 2288 5197 καὶ
2320 5142 2464 5214 ἀρχὴ
2494 5142 2687 5211 γέγονε
2729 5138 2851 5193 καθ’
2894 5140 3059 5209 ὑμᾶς,
3099 5136 3228 5200 πῶς
3277 5141 3374 5206 εἰς
3423 5145 3502 5198 τὰ
3548 5142 3700 5213 ἔργα
3742 5137 3859 5193 κτί-

2197 5235 2386 5302 ζεται;
2436 5235 2513 5288 Οὐ
2562 5233 2674 5304 γὰρ
2724 5232 2976 5304 εἴρηκεν
3032 5230 3277 5284 Ἐκτισέ
3334 5250 3414 5303 με
3476 5235 3726 5305 Κύριος,
3773 5232 3859 5284 ἵνα

2198 5328 2413 5399 ποιήσω
2468 5324 2539 5379 τὰ
2587 5325 2725 5396 ἔργα
2772 5321 2962 5385 αὐτοῦ,
3009 5321 3124 5375 ἀλλ’
3161 5339 3184 5371 ι
3241 5324 3337 5388 είς
3397 5325 3555 5398 ἔργα
3603 5322 3802 5380 αὑτοῦ.
3836 5339 3854 5373 ι

2211 5419 2297 5483 Ὦς
2339 5419 2449 5488 γὰρ
2492 5417 2595 5488 ἤδη
2640 5413 2994 5469 συνεστώτων
3023 5412 3133 5467 τῶν
3180 5413 3418 5486 ἔργων,
3459 5419 3733 5473 ἐκτίσθαι
3761 5432 3863 5484 φη-

2199 5514 2286 5568 σὶν
2316 5514 2396 5576 εἰς
2431 5509 2592 5565 αὐτὰ.
2629 5509 2693 5562 Ei
2725 5507 2784 5561 δὲ
2830 5507 3009 5572 τοῦτο,
3041 5505 3165 5568 πῶς
3213 5505 3312 5561 ἔτι
3351 5510 3599 5582 πρῶτός
3645 5511 3797 5564 ἐστιν
3836 5507 3864 5561 6

2200 5605 2320 5677 μετ’
2364 5605 2548 5659 ἐκεῖνα
2595 5600 2878 5672 δεύτεροςς
2929 5598 3056 5662 Πῶς
3100 5597 3150 5651 δ’
3210 5599 3291 5654 ἂν
3355 5604 3459 5676 εἴη
3513 5606 3637 5659 τῶν
3686 5602 3865 5659 ἄλλων

2196 5698 2342 5772 ἁρχὴ
2368 5700 2398 5752 6
2430 5698 2516 5750 ἐπ’
2547 5697 2733 5760 αὐτοῖς
2780 5693 3205 5765 γεγενημὲν9ς;
3259 5695 3408 5764 Πῶς
3452 5699 3518 5754 δὲ
3567 5699 3760 5754 πάντα
3798 5692 3867 5750 δι’

572 5847 621 5881 ³⁸
654 5846 811 5905 Joan.
843 5866 884 5922 t,
