3996 6474
494 576 609 634 375
1489 567 1550 625 S.
1589 566 1871 624 CYRILLI
1907 565 2382 623 ALEXANDRINI
2419 565 2737 621 ARCHIEI'.
3638 565 3729 622 276

492 693 652 763 longe
687 702 814 746 ante
848 704 949 745 nos
986 687 1105 744 l‘uit.
1140 683 1293 754 Quod
1332 684 1379 739 si
1415 697 1545 738 vero
1581 683 1705 754 quis
1742 682 1849 739 hoc
1882 696 2083 738 conce-

2189 682 2325 737 πολὺ
2357 682 2463 755 πρὸ
2489 681 2666 752 ἡμῶν.
2692 682 2755 734 El
2786 680 2845 735 δέ
2875 697 2960 744 τις
2993 678 3152 732 τοῦτο
3189 677 3306 749 δοίη
3359 680 3587 749 κρατεῖν,
3623 679 3731 734 οὔτε

490 786 623 853 dat,
665 798 844 851 neque
881 795 982 836 tios
1020 777 1189 833 creati
1228 789 1418 831 sumus
1455 775 1510 829 in
1551 774 1700 845 ipso,
1742 789 1920 843 neque
1959 774 2075 839 ipse

2189 777 2347 845 ἡμεῖς
2380 774 2709 845 ὲκτίσθημεν
2741 774 2800 826 ὲν
2827 769 2996 843 αὐτῷ,
3028 769 3153 825 οὔτε
3178 769 3336 833 αὐτὸς
3361 766 3499 840 εἶχεν
3527 771 3662 840 ἡμᾶς
3681 772 3732 824 ἒν

493 890 591 928 nos
627 873 681 924 in
725 885 787 924 se
823 868 1033 932 habuit,
1068 863 1344 936 quomodo
1377 864 1543 934 igitur
1576 863 1630 918 in
1669 879 1836 917 unum
1877 877 2074 917 novum

494 962 766 1019 hominem
798 960 850 1012 iu
870 957 1102 1013 Christo
1124 955 1416 1011 creamur?
1441 954 1605 1025 Atqui
1634 954 1894 1023 pudorem
1922 953 2077 1009 vobis

492 1052 658 1104 etiam
696 1048 1004 1124 nolentibus
1041 1046 1271 1101 incutiet
1305 1044 1525 1112 Paulus,
1561 1045 1749 1101 dicens
1786 1063 1801 1099 :
1841 1064 1860 1097 ι
1900 1044 2077 1115 ipsius

491 1144 636 1196 enim
666 1150 917 1194 creatura
945 1153 1158 1203 sumus,
1186 1138 1358 1192 creati
1389 1138 1442 1191 in
1472 1136 1692 1193 Christo
1716 1135 1844 1191 Jesu
1862 1137 1931 1191 ".
1967 1155 1985 1188 ι
2018 1134 2076 1190 Si

492 1245 674 1287 autem
710 1232 878 1288 creati
912 1247 1105 1288 sumus
1140 1231 1195 1286 in
1232 1229 1482 1296 Christo,
1514 1230 1749 1285 Verbum
1788 1229 1954 1299 igitur
1982 1228 2076 1283 Dei

492 1336 695 1380 creata:
744 1324 1001 1378 essentia:
1049 1339 1154 1376 non
1205 1331 1310 1377 est.
1358 1320 1465 1376 Sed
1509 1320 1730 1391 quando
1776 1320 1955 1375 factus
1996 1328 2081 1375 est

497 1418 691 1480 homo,
729 1416 779 1468 in
818 1415 940 1485 ipso
972 1428 1249 1479 creamur,
1282 1423 1337 1468 et
1372 1413 1486 1482 ipse
1514 1412 1916 1480 quodammodo
1951 1426 2076 1482 pro-

500 1517 623 1577 pter
654 1522 754 1561 nos
777 1506 912 1561 dicit
945 1523 959 1559 :
1002 1524 1021 1557 ι
1059 1504 1319 1560 Dominus
1355 1505 1564 1559 creavit
1587 1518 1692 1558 me.
1719 1522 1739 1556 ι
1772 1503 1904 1557 Nam
1939 1519 2077 1573 qua-

500 1610 657 1653 tenus
683 1608 768 1653 est
788 1596 1049 1663 Verbum,
1080 1597 1194 1652 hac
1217 1612 1317 1651 vox
1351 1611 1691 1666 nequaquaut
1720 1597 1771 1650 ei
1802 1597 2076 1663 convenit,

499 1692 592 1744 sed
624 1700 844 1759 propter
870 1700 1113 1744 nostram
1146 1688 1397 1752 salutem,
1428 1702 1552 1743 cum
1584 1687 1788 1757 alioqui
1819 1688 1894 1744 sit
1921 1703 2079 1744 crea-

503 1792 607 1847 tor,
646 1782 960 1835 incarnatus
999 1793 1114 1846 est,
1152 1788 1210 1834 ut
1247 1794 1345 1834 nos
1407 1779 1457 1832 iu
1498 1779 1681 1848 seipso
1722 1789 1939 1834 creatos
1979 1780 2081 1834 ha-

502 1870 654 1933 bens,
678 1869 850 1923 dicat:
883 1886 901 1919 ο
942 1868 1202 1922 Dominus
1224 1869 1431 1923 creavit
1458 1882 1566 1922 me.
1600 1886 1619 1919 ι
1648 1870 1728 1922 Ac
1752 1868 1894 1923 sicut
1916 1879 2081 1925 aeter-

499 1974 621 2012 nam
659 1973 813 2012 suam
849 1972 970 2013 cum
1009 1956 1168 2013 Patre
1204 1957 1584 2013 exsistentiam
1623 1958 1910 2013 declarans
1947 1961 2024 2014 ait
2063 1978 2079 2015 :

2183 866 2381 937 ἑαυτῷ,
2416 867 2533 928 πῶς
2562 860 2656 919 οὖν
2678 866 2757 928 είς
2787 863 2886 917 ἕνα
2914 862 3101 917 καινὸν
3132 861 3416 932 ἄνθρωπον
3450 861 3503 913 ὲν
3534 861 3735 933 Χριστῷ

2183 957 2514 1028 κτιζόμεθα;
2543 956 2864 1026 Δυσωπήσει
2885 953 2993 1025 γὰρ
3024 955 3192 1025 ὑμᾶς,
3223 952 3328 1007 κᾶν
3368 952 3441 1023 μὴ
3474 951 3734 1025 βούλησθε,

2182 1051 2358 1121 λέγων
2382 1053 2410 1105 ὁ
2457 1049 2704 1112 Παῦλος·
2736 1066 2755 1099 t
2789 1047 2963 1101 Αὐτοῦ
3009 1048 3118 1119 γάρ
3162 1048 3329 1116 ἐσμεν
3360 1046 3584 1116 ποίημα,
3632 1063 3737 1099 κτι-

2187 1143 2406 1207 σθέντες
2463 1145 2520 1196 ὲν
2570 1140 2794 1214 Χριστῷ
2856 1139 3095 1211 Ἰησοῦ.»
3138 1138 3202 1192 Εἰ
3242 1139 3299 1193 δὲ
3338 1138 3651 1210 ὲκτὶσθημεν
3687 1141 3738 1192 ὲν

2184 1234 2426 1307 Χριστῷ,
2475 1235 2577 1288 οὐκ
2611 1234 2721 1305 ἄρα
2758 1234 2981 1303 κτιστῆς
3013 1232 3201 1296 οὐσίας
3251 1230 3401 1286 ἐστὶν
3444 1232 3471 1285 ὁ
3505 1229 3594 1284 τοῦ
3619 1229 3740 1285 Θεοῦ

2184 1328 2380 1395 Λόγος.
2428 1325 2567 1379 Ἀλλ’
2585 1326 2676 1380 ὅτε
2704 1325 2927 1397 γέγονεν
2953 1322 3263 1396 ἄνθρωπος.
3304 1322 3363 1377 ὲν
3408 1320 3552 1391 αὐτῷ
3577 1321 3741 1385 mas.

2188 1419 2350 1490 μεθα.
2381 1418 2477 1472 καὶ
2510 1417 2673 1481 αὐτός
2704 1418 2819 1471 ἐστι
2848 1417 3051 1488 τρόπον
3077 1413 3200 1469 τινὰ
3228 1415 3298 1468 δι’
3323 1413 3482 1486 ἡμῶν
3507 1416 3533 1469 ὁ
3556 1413 3745 1481 λέγων’

2194 1531 2213 1564 ι
2247 1512 2450 1582 Κύριος
2483 1509 2671 1563 έκτισέ
2717 1526 2806 1579 με.
2839 1527 2856 1560 ι
2887 1509 2962 1562 Οὐ
2994 1507 3103 1578 γὰρ
3196 1506 3371 1573 Λόγος
3392 1506 3556 1566 ἐστὶν.
3588 1505 3748 1575 ἁρμόο

2188 1618 2273 1655 σει
2304 1600 2486 1668 λέγειν
2513 1597 2662 1668 αὐτῷ
2693 1597 2792 1668 τὴν
2825 1594 3080 1667 τοιαύτην
3115 1595 3322 1665 φωνὴν,
3363 1593 3500 1648 ἀλλὰ
3536 1593 3620 1646 διὰ
3664 1593 3752 1664 τὴν

2187 1693 2465 1766 ἡμετέραν
2499 1691 2796 1762 σωτηρίαν,
2828 1688 3005 1744 καίτοι
3039 1688 3264 1762 κτίστης
3308 1684 3406 1750 ὢν,
3444 1685 3658 1754 γέγονεν
3701 1685 3752 1738 ὲν

2191 1787 2384 1858 σαρκὶ,
2423 1786 2512 1840 ἵνα
2540 1787 2687 1858 ἡμᾶς
2718 1786 2777 1837 ἐν
2828 1780 3006 1852 ἐαυτῷ
3036 1780 3393 1851 κτιζομένους
3418 1779 3556 1850 ἔχων
3600 1778 3752 1852 εῐπῃο

2195 1900 2214 1932 ι
2252 1880 2457 1952 Κύριος
2489 1877 2672 1932 έκτισέ
2706 1893 2797 1947 με.
2834 1896 2853 1929 ι
2886 1876 2998 1929 Καὶ
3034 1875 3224 1945 ὥσπερ
3248 1872 3353 1944 τὴν
3394 1872 3564 1926 ἀΐδιον
3606 1869 3755 1924 αὑτοῦ

2190 1972 2288 2025 καὶ
2319 1971 2457 2042 μετὰ
2478 1968 2691 2040 Πατρδς
2718 1967 3082 2039 ἐξηγούμενος
3108 1964 3349 2034 ὓπαρξιν
3374 1963 3524 2034 λέγει
3542 1982 3555 1994 ο
3596 1982 3614 2016 ι
3636 1961 3761 2032 Ἐγὼ

502 2069 523 2099 ς
564 2050 676 2118 Ego
710 2064 858 2103 eram
899 2066 1007 2117 qua
1048 2052 1354 2120 gaudebat,
1391 2059 1447 2104 et
1485 2049 1734 2120 quotidie
1774 2049 2000 2105 laetabar
2033 2053 2083 2106 in

2189 2064 2339 2135 πμην
2427 2061 2783 2133 προσέχαιρε,
2817 2058 2940 2113 καθ’
2966 2058 3183 2129 ἡμέραν
3210 2056 3268 2110 δὲ
3322 2057 3685 2127 εύφραινόμην
3711 2056 3762 2107 ὲν

499 2144 639 2198 facie
695 2143 866 2211 ipsius
887 2143 969 2209 ll";
1002 2162 1022 2197 ›
1064 2154 1119 2199 et
1165 2159 1352 2199 rursus
1388 2162 1402 2199 :
1449 2164 1468 2195 ι
1511 2144 1653 2198 Ante
1692 2157 1885 2199 omnes
1923 2144 2083 2200 colles

2191 2156 2470 2229 προσώπῳ
2495 2155 2683 2209 αὑτοῦ·
2713 2172 2732 2206 ι
2765 2153 2863 2206 καὶ
2886 2151 3082 2206 πάλιν·
3118 2169 3137 2202 ι
3168 2150 3282 2218 Πρὸ
3317 2149 3377 2202 δὲ
3409 2150 3625 2203 πάντιοιν
3657 2145 3766 2216 βον-

499 2236 688 2304 genuit
712 2251 798 2290 me
813 2236 889 2289 ":
918 2255 936 2287 ι
966 2236 1039 2290 ita
1066 2239 1288 2307 quando
1313 2246 1537 2306 propter
1559 2235 1806 2288 omnium
1837 2244 2083 2290 nostrum

2189 2248 2297 2302 νῶν
2326 2248 2491 2319 γεννᾷ
2533 2263 2633 2318 με·
2676 2266 2694 2299 ι
2730 2243 2906 2308 οὕτως
2942 2244 3033 2296 ὅτε
3067 2240 3156 2295 διὰ
3194 2238 3299 2312 τὴν
3339 2238 3597 2292 ἁπάντων
3627 2232 3768 2306 ἡμῶν

499 2324 728 2383 salutem
765 2327 1056 2380 humanam
1121 2325 1354 2382 formam
1399 2325 1599 2386 induit,
1636 2333 1788 2380 recte
1827 2335 1881 2379 ut
1928 2326 2083 2382 homo

2192 2337 2470 2409 σωτηρίαν
2497 2338 2598 2409 τὴν
2629 2334 2920 2408 ἀνθρώπου
2963 2331 3177 2404 μορφὴν
3202 2328 3527 2393 ἐνεδύσατο,
3565 2326 3771 2389 εἰκότως

499 2416 633 2473 dicit
665 2458 678 2473 .
717 2435 736 2471 ι
776 2419 1037 2476 Dominus
1067 2418 1277 2474 creavit
1311 2433 1416 2477 me.
1458 2437 1476 2472 ι

2189 2433 2266 2496 ὡς
2298 2431 2586 2507 ἄνθρωπος
2618 2428 2803 2498 λέγει·
2841 2447 2860 2478 ι
2896 2426 3102 2497 Κύριος
3134 2423 3327 2477 ἐκτισέ
3366 2439 3457 2493 με.
3495 2440 3514 2473 ι

1179 2551 1415 2610 ALIUD.

2880 2560 3087 2615 AAAO.

571 2682 631 2738 Si
661 2682 914 2739 Christus
946 2697 1074 2740 vere
1106 2685 1270 2740 homo
1300 2683 1477 2741 factus
1507 2702 1627 2743 esse
1658 2688 1922 2754 creditur,
1953 2701 2083 2757 quo-

2262 2705 2326 2758 El
2374 2700 2662 2772 ἄνθρωπος
2697 2698 2868 2761 ὅντως
2912 2690 3246 2772 γεγενῆσθαι
3289 2686 3614 2744 πιστεύεται
3650 2684 3769 2754 Χρι-

503 2775 664 2830 modo
692 2791 797 2828 non
828 2775 1197 2830 necessarium
1240 2776 1409 2831 fuerit
1435 2787 1494 2832 ut
1525 2779 1732 2834 homini
1768 2780 1934 2836 etiam
1961 2794 2083 2834 con-

2194 2797 2338 2861 στος,
2374 2766 2492 2855 πῶς
2525 2794 2627 2847 οὐκ
2651 2791 2949 2860 ἀναγκαῖον
2976 2766 3045 2842 τὰ
3072 2783 3356 2857 ἀνθρώπῳ
3388 2781 3669 2853 πρέποντα
3692 2776 3773 2829 λα-

500 2865 779 2922 veuientia
804 2865 1093 2935 loquatur?
1122 2864 1423 2936 Oportebat
1453 2869 1599 2923 enim
1632 2870 1812 2925 dicere
1846 2887 1861 2925 :
1895 2870 2011 2926 Non
2036 2871 2083 2924 in

2199 2888 2313 2943 λεῖν
2336 2906 2353 2954 ;
2386 2886 2535 2941 Ἔδει
2553 2885 2662 2955 γὰρ
2686 2884 2883 2936 εἰπεῖν·
2911 2881 3026 2935 Οὐκ
3046 2881 3105 2933 έν
3124 2879 3274 2949 ἀρχῇ
3299 2877 3454 2948 ήμην
3483 2871 3775 2943 ἄνθρωπος.

503 2957 771 3027 principio
795 2972 943 3013 eram
975 2958 1157 3025 homo,
1187 2960 1329 3028 quod
1357 2959 1460 3013 soli
1493 2960 1691 3017 divinat
1723 2971 1932 3017 natura:
1959 2977 2083 3016 cou-

2192 2977 2222 3031 ὃ
2260 2977 2398 3048 μόνῃ
2436 2974 2641 3046 πρέπει
2669 2974 2737 3044 τῇ
2770 2969 2894 3040 θείᾳ
2920 2966 3105 3037 φύσει,
3135 2964 3279 3019 ἀλλὰ
3317 2962 3567 3047 τηρῆσαι
3601 2957 3659 3010 τὸ
3688 2955 3777 3024 ἁρ-

503 3049 681 3116 venit,
716 3049 810 3104 sed
844 3050 989 3119 quod
1025 3060 1226 3105 creata:
1260 3053 1585 3108 substantiae
1617 3055 1869 3125 congruit
1905 3055 2083 3109 obser«

2197 3042 2445 3141 μόζονῆ
2472 3042 2582 3120 τῶν
2603 3042 2849 3133 γενητῶν
2871 3060 3053 3131 οὐσίᾳ.
3072 3055 3318 3127 Γενητδς
3347 3042 3408 3109 δὲ
3433 3057 3463 3107 ό
3488 3050 3775 3141 ἄνθρωπος’

505 3157 656 3202 vare.
702 3142 932 3204 Creatus
968 3152 1150 3200 autem
1196 3152 1276 3198 est
1325 3144 1488 3199 homo
1531 3164 1545 3199 :
1595 3145 1797 3201 idcirco
1854 3145 2029 3216 inquit
2073 3162 2083 3201 :

2192 3138 2281 3213 διὰ
2308 3138 2470 3212 τοῦτό
2498 3169 2662 3226 φησι*
2714 3170 2735 3205 t
2781 3151 2986 3221 Κύριος
3023 3146 3209 3201 έκτισέ
3248 3162 3348 3217 με,
3407 3164 3426 3197 ι
3463 3143 3549 3196 ὅτι
3577 3138 3784 3209 γέγονεν

514 3251 537 3285 ο
575 3231 837 3293 Dominus
865 3232 1075 3291 creavit
1109 3248 1194 3287 me
1230 3253 1244 3289 :
1283 3253 1303 3291 ι
1339 3235 1467 3305 quia
1499 3234 1676 3292 factus
1705 3246 1789 3292 est
1820 3238 2003 3304 homo,
2035 3249 2083 3293 ul

2194 3252 2291 3307 ἄνθ
2301 3255 2502 3322 ρωπος,
2547 3249 2636 3302 ἵνα
2661 3245 2725 3300 τὸ
2750 3244 2838 3300 ἀεὶ
2870 3242 3124 3312 ἁνάρχως
3153 3235 3306 3294 εἶναι
3358 3237 3512 3309 μόνῳ
3560 3229 3783 3301 σώζηται

504 3342 721 3396 semper
754 3337 809 3382 et
842 3329 1047 3397 absque
1083 3328 1351 3400 principio
1384 3330 1653 3387 exsistere
1688 3331 1792 3387 soli
1830 3330 1945 3391 Deo
1977 3347 2094 3389 ser-
2119 3394 2163 3452 C
2194 3344 2333 3417 θεῷ,

506 3425 665 3452 unln-

506 3425 685 3473 vetur.

1186 3556 1419 3617 ALIUD.

2885 3558 3088 3611 AAAO.

580 3716 605 3754 ι
653 3695 914 3753 Dominus
954 3696 1164 3753 creavit
1206 3709 1294 3750 me
1335 3694 1662 3765 principium
1704 3695 1917 3749 viarum
1961 3709 2083 3749 sua-

2271 3722 2289 3754 ι
2328 3699 2533 3770 Κύριος
2576 3693 2757 3749 έκτισέ
2793 3662 2861 3762 με
2898 3688 3075 3761 ἀρχὴν
3108 3683 3257 3740 ὁδῶν
3312 3652 3517 3739 αύτοῦ.
3562 3693 3580 3734 ι
3622 3680 3683 3733 El.
3724 3673 3802 3770 8n}
3916 3712 3921 3745 ;

507 3804 651 3844 rum.
696 3808 715 3842 ι
763 3786 821 3843 Si
861 3787 1066 3843 idcirco
1100 3796 1340 3842 creatam
1381 3786 1603 3842 Omnino
1637 3784 1762 3841 Filii
1799 3786 2093 3841 essentiam

504 3881 856 3945 existimatis,
885 3894 1009 3936 cum
1037 3880 1299 3950 deinceps
1328 3877 1459 3933 illud
1513 3879 1782 3934 dicentem
1810 3877 2046 3933 audiatis
2076 3896 2091 3932 :

511 3975 682 4028 tAnte
706 3987 898 4028 manes
922 3973 1091 4029 colles
1115 3972 1300 4042 genuit
1326 3986 1465 4039 me,»
1494 3970 1650 4025 irrita
1679 3984 1744 4024 ac
1770 3984 1905 4024 vana
1937 3984 2094 4041 pror-

505 4082 600 4122 sus
622 4065 788 4120 fuerit
804 4078 981 4121 vestra
1004 4064 1304 4129 accusatio,
1327 4079 1432 4134 qua
1452 4071 1700 4119 creatum
1720 4061 1870 4117 illum
1889 4061 2091 4128 dicitis,

505 4175 627 4214 cum
657 4160 745 4214 ille
772 4159 1011 4230 genitum
1040 4173 1099 4215 se
1123 4172 1249 4214 esse
1274 4158 1441 4213 dicat.
1465 4155 1627 4210 Aliud
1653 4154 1800 4209 enim
1828 4163 1911 4209 est
1941 4167 2094 4209 crea-

506 4262 653 4316 tura,
689 4252 833 4305 aliud
870 4251 1141 4322 genimen.
1199 4247 1314 4303 lloc
1351 4248 1497 4303 enim
1533 4261 1602 4302 ex
1638 4244 1942 4302 substantia
1976 4242 2095 4310 eius

505 4343 599 4414 qui
643 4344 813 4412 gignit
856 4341 1174 4398 naturaliter
1212 4338 1374 4412 ισε
1416 4339 1663 4411 procedit
1709 4356 1724 4392 :
1768 4337 1896 4392 illud
1939 4345 2093 4392 extra

2194 3794 2399 3863 ταύτην
2425 3787 2603 3846 οἴεσθε
2630 3785 2728 3860 τὴν
2764 3782 2970 3854 φωνὴν,
3004 3777 3239 3849 κτιστὴν
3275 3773 3428 3831 εἶναι
3472 3775 3695 3835 πάντως
3717 3765 3796 3863 tot?
3912 3808 3918 3839 ι

2199 3882 2329 3938 Υἱοῦ
2350 3853 2448 3953 τὴν
2470 3879 2659 3933 οὐσίαν
2671 3853 2832 3941 ,ὅταν
2858 3870 3056 3942 ἑφεξῆς
3091 3868 3373 3941 φαίνηται
3403 3869 3592 3937 λέγων
3609 3882 3623 3895 ·
3665 3882 3682 3914 ι
3703 3853 3791 3953 Πρὸ

2193 3978 2250 4031 δὲ
2269 3949 2489 4031 πάντων
2516 3969 2719 4043 βουνῶν
2746 3967 2912 4038 γεννᾷ
2943 3981 3033 4036 με,
3066 3983 3084 4014 ι
3108 3962 3477 4041 διαφευγέτω
3509 3957 3610 4013 τοῦ
3637 3949 3796 4008 κεκτὶ-

3915 3900 3922 3931 l

2197 4067 2322 4130 σθαι
2342 4066 2406 4119 τὸ
2442 4063 2716 4134 ἔγκλημα,
2743 4053 3105 4129 γεγεννῆσθαι
3135 4053 3383 4127 φάσκων
3419 4044 3800 4106 ὲαυτόν.’⁹Ετεο
3916 4082 3919 4111 γ

2199 4177 2292 4232 ρον
2315 4158 2426 4228 γάρ
2453 4155 2506 4209 τί
2537 4155 2653 4207 ἐστι
2687 4152 2838 4224 παρὰ
2866 4147 2927 4202 τδ
2960 4148 3172 4217 κτίσμα
3203 4146 3271 4199 τὺ
3299 4145 3594 4215 γέννημα.
3617 4138 3689 4194 Τὸ
3716 4134 3805 4232 μὲν

2195 4226 2304 4327 γὰρ
2438 4248 2538 4317 τῆς
2561 4245 2751 4308 οὐσίας
2790 4241 2885 4296 τοῦ
2909 4238 3215 4310 γεννῶντος
3260 4237 3505 4309 πρόεισι
3540 4226 3803 4327 φυσικῶς
3918 4268 3923 4299 ξ

2194 4314 2256 4396 τὸ
2275 4314 2344 4394 ⁷δὲ
2373 4314 2576 4411 έξωύέν
2603 4336 2772 4400 ἐστιν,
2802 4331 2878 4397 ὡς
2916 4330 3226 4400 ἀλλότριον.
3265 4328 3338 4382 Εἰ
3365 4326 3562 4380 τοίνυν
3589 4321 3718 4383 Θεὸς
3744 4314 3812 4369 ὣν
3918 4380 3919 4383 η

2193 4438 2222 4491 ὁ
2250 4434 2421 4502 Λόγος
2441 4431 2664 4501 γέγονεν
2692 4427 3002 4498 ἄνθρωπος,
3031 4422 3247 4491 λεγέτω
3271 4422 3382 4493 μὲν
3405 4421 3490 4485 ὡς
3514 4417 3615 4475 ἄνθ
3626 4424 3811 4485 ρωπος·
3923 4476 3925 4487 Α

504 4528 778 4584 exsistcns
804 4503 1076 4592 Verbum,
1113 4529 1281 4584 homo
1322 4526 1524 4582 factum
1562 4534 1679 4591 est,
1715 4503 2007 4581 censeatur
2037 4532 2083 4575 ιιι

2201 4548 2220 4580 ι
2258 4525 2462 4596 Κύριος
2520 4521 2706 4576 ἔκτισέ
2741 4536 2831 4591 με.
2872 4535 2891 4570 ι
2936 4515 3047 4587 Τὴν
3093 4514 3152 4567 δὲ
3189 4513 3558 4583 προαιώνιον
3594 4503 3819 4596 ὕπαρξξν
3920 4548 3923 4575 τ

505 4621 667 4676 homo
702 4620 883 4676 dicere
917 4640 931 4677 ι
973 4638 992 4672 ι
1037 4620 1299 4676 Dominus
1338 4618 1548 4674 creavit
1589 4633 1697 4672 me.
1739 4634 1760 4669 ι
1792 4615 1927 4672 Cum
1962 4629 2083 4671 vero

2194 4617 2360 4672 αὐτοῦ
2400 4614 2751 4686 σημαινέτω,
2785 4610 2956 4685 βοῶν·
3002 4627 3021 4660 ι
3056 4606 3173 4685 Πρδ
3207 4605 3274 4660 δὲ
3331 4606 3578 4665 πάντων
3627 4593 3823 4674 βουνῶν
3924 4672 3925 4687 χ

505 4712 776 4766 exclamat
809 4728 858 4766 ιι
877 4714 1019 4767 Ante
1050 4723 1242 4766 omnes
1274 4708 1439 4765 colles
1455 4709 1643 4779 genuit
1661 4722 1767 4772 me,
1793 4725 1812 4758 ι
1834 4715 2083 4761 aeternam

2194 4708 2361 4785 γεννᾷ
2385 4724 2472 4778 με.
2505 4727 2522 4761 ι

505 4817 658 4857 suam
685 4815 813 4861 ante
827 4804 1009 4860 omnia
1037 4803 1233 4859 saecula
1261 4776 1642 4859 exsiste—ntiam
1670 4797 1981 4870 signiﬁcare
2009 4797 2092 4854 in-
2124 4776 2171 4834 Ι)

506 4895 735 4952 dicetur.

503 4438 741 4504 positum
789 4446 902 4501 est,
949 4447 1206 4508 tanquam
1254 4435 1513 4490 alienum.
1561 4434 1694 4490 Cum
1743 4430 1911 4504 igitur
1954 4430 2095 4487 Deus

935 5028 1173 5099 Objectio
1209 5026 1664 5084 adversariorum.

2423 5016 2755 5083 Ἀντίοεσις
2794 5014 2874 5081 ὡς
2907 5013 2977 5066 ἐκ
3003 5011 3123 5066 τῶν
3154 5010 3243 5066 δι’
3285 5012 3627 5078 ἐναντίας.

580 5164 767 5233 Atqui,
792 5161 1066 5232 inquiunt,
1089 5161 1313 5217 verbum
1341 5160 1464 5226 hoc,
1496 5178 1516 5211 ι
1548 5158 1752 5229 genuit,
1786 5175 1805 5210 ι
1840 5172 1944 5212 ιιοη
1972 5172 2083 5212 om-

2270 5150 2346 5203 Οὐ
2369 5148 2609 5213 πάντως,
2646 5148 2800 5218 φασὶ,
2825 5145 2887 5199 τὸ
2925 5164 2945 5197 ι
2975 5144 3288 5213 ἐγέννησεν
3340 5163 3360 5196 ι
3414 5145 3488 5197 ἐκ
3521 5141 3630 5212 τῆς
3654 5133 3838 5194 οὐσίας
3922 5104 3926 5137 1

511 5257 638 5312 nino
670 5227 963 5311 'l-‘ilium-es
998 5252 1234 5309 essentia
1267 5252 1447 5307 Patris
1479 5227 1603 5308 esse
1633 5250 1894 5306 ostendit.
1927 5249 2083 5304 ludif-

2201 5241 2296 5294 τοῦ
2324 5243 2537 5312 Πατρὸς
2570 5240 2699 5293 ὅντα
2729 5237 2967 5293 δεικνύει
3001 5236 3095 5290 τὸν
3140 5234 3315 5291 Υίόν.
3371 5232 3711 5325 Ἀδιαιᾷοριξ
3736 5227 3839 5325 γξρ
3922 5292 3926 5325 1

511 5346 748 5402 ferenter
771 5344 914 5399 enim
948 5342 1119 5397 utitur
1146 5343 1328 5399 verbis
1357 5358 1511 5398 sacra
1540 5342 1844 5411 Scriptura.
1878 5338 2011 5395 Nam
2039 5350 2083 5397 el

2204 5334 2335 5406 περὶ
2355 5334 2452 5397 τὰς
2479 5331 2653 5398 λέξεις
2687 5333 2720 5402 ἡ
2752 5330 2874 5383 θεία
2894 5328 3110 5400 Γραφή.
3142 5326 3274 5415 Καὶ
3321 5326 3447 5399 γὰρ
3480 5325 3586 5381 καὶ
3615 5322 3713 5378 ἐπὶ
3739 5317 3839 5372 τῶν

512 5439 579 5490 de
608 5434 877 5491 creaturis
910 5434 977 5489 de
1009 5435 1207 5504 quibus
1239 5433 1383 5488 nulla
1417 5434 1788 5489 controversia
1823 5443 1925 5497 est,
1960 5448 2083 5488 voce

2200 5431 2373 5495 ὄντως
2429 5429 2748 5500 κτισμάτων
2790 5424 2885 5479 καὶ
2912 5413 3241 5488 ἀντιλογίαν
3294 5421 3411 5475 οὐκ
3475 5421 3728 5491 ἑχόντων
3768 5413 3844 5473 εἰς

514 5543 538 5584 t
570 5524 770 5581 Genuit
804 5542 825 5581 ι
857 5524 1047 5591 utitur,
1070 5538 1128 5583 ut
1151 5539 1283 5580 cum
1302 5525 1472 5580 dicit:
1502 5542 1521 5576 t
1552 5523 1720 5580 Filios
1743 5524 1901 5594 genui
1929 5531 2083 5593 atque

2199 5522 2361 5576 τοῦτο
2387 5520 2569 5592 τίθησι
2591 5518 2674 5581 τὸ,
2705 5539 2724 5571 ι
2763 5515 3076 5585 ἐγέννησεν,
3101 5533 3119 5562 ι
3139 5510 3226 5575 ὡς
3263 5513 3413 5567 ὅταν
3442 5511 3590 5584 λέγῃ
3610 5527 3624 5541 ·
3656 5505 3843 5565 «Υίοὺς

511 5616 743 5672 exaltavi
771 5616 839 5670 ιο.
877 5636 897 5670 ι
934 5614 1003 5671 Ει
1036 5632 1227 5675 rursus
1259 5635 1274 5673 :
1312 5635 1332 5670 ι
1367 5617 1538 5673 Deum
1569 5618 1662 5687 qui
1699 5626 1751 5672 te
1779 5616 1965 5683 genuit
1994 5616 2083 5671 de-

2201 5612 2470 5683 ἐγέννησα
2491 5612 2583 5665 καὶ
2607 5609 2819 5679 ὖψωσα.
2853 5626 2872 5658 ι
2908 5606 3019 5665 Καὶ
3047 5603 3227 5657 πάλιν
3245 5622 3261 5635 ο
3301 5623 3325 5657 t
3351 5606 3503 5659 Θεὸν
3533 5605 3633 5667 τὸν
3661 5597 3848 5669 γεννή-

516 5706 784 5776 reliquisti
808 5707 877 5762 ⁶¹.
916 5726 936 5767 ι
975 5708 1103 5769 Item
1143 5727 1157 5771 ;
1197 5728 1216 5763 ι
1256 5708 1390 5776 Quis
1422 5718 1507 5766 est
1547 5707 1639 5780 qui
1678 5708 1869 5779 genuit
1909 5707 2083 5778 gleba:

2204 5706 2375 5762 σαντά
2404 5721 2464 5758 σε
2491 5701 2872 5772 ἐγκατέλιπες.
2915 5717 2935 5751 ι
2978 5698 3110 5759 Καὶ,
3152 5715 3175 5747 ι
3222 5697 3335 5762 Τίς
3369 5698 3585 5751 ὲστινό
3612 5688 3847 5750 τετοκὼς

513 5795 656 5859 roris
675 5797 764 5853 "2
799 5817 820 5852 ι
855 5798 1041 5872 Neque
1068 5802 1215 5857 enim
1246 5815 1344 5874 per
1371 5801 1478 5858 hoc
1510 5801 1678 5856 Deum
1713 5800 1853 5856 roris
1883 5808 2083 5870 patrem

2204 5796 2409 5868 βώλους
2446 5795 2636 5868 δρόσον
2662 5810 2709 5859 ;›
2740 5792 2816 5847 Οὐ
2836 5790 2945 5862 γὰρ
2970 5790 3034 5860 δή
3063 5800 3175 5842 που
3205 5790 3317 5843 καὶ
3350 5790 3566 5864 δρόσου
3595 5781 3849 5857 γενέσθαι

582 5995 631 6037 θῖ
663 5996 864 6073 Ephcs.
892 6014 954 6065 ιι,
987 5998 1075 6059 l0.
1152 5996 1199 6033 ⁸⁸
1222 5995 1386 6055 Prov.
1418 6012 1536 6063 vin,
1560 5997 1650 6055 51.
1726 5995 1773 6029 ⁵³
1810 5994 1947 6051 Ibid.
1970 5991 2063 6050 25.

2213 5988 2317 6047 lsa.
2352 6006 2391 6046 ι.
2418 5989 2472 6042 2.
2548 5988 2590 6022 “
2630 5985 2766 6041 Ibid.
2800 5985 2852 6041 4.
2932 5984 2975 6017 ⁸⁸
3011 5980 3120 6039 Job
3157 5994 3425 6052 ιιιινιιι,
3458 5983 3561 6042 38.
