3996 6410
477 398 586 455 9.85

1512 401 1570 456 S.
1612 401 1889 458 CYlllLLl
1927 403 2398 460 ALEXANDRINI
2436 403 2754 462 ARCHIEP.

3648 405 3767 462 εει

481 518 708 569 verbum
743 511 896 577 illud,
927 532 944 565 ι
969 515 1196 578 creavit,
1223 535 1242 566 ι
1271 529 1375 568 ιιοιι
1409 515 1721 584 signiﬁcare
1760 518 2052 572 essentiam

2215 519 2396 573 ἔκτισε
2420 537 2432 550 ·
2471 540 2492 578 ι
2527 519 2688 590 δηλοῖ
2714 517 2770 571 δὲ
2802 518 3010 588 μᾶλλον
3045 517 3136 570 τὸν
3169 518 3270 587 τῆς
3295 517 3590 589 ἐπιδημίας
3619 536 3760 571 και-

486 604 685 670 Verbi,
721 607 814 660 sed
861 607 1039 674 potius
1071 619 1281 675 tempus
1316 607 1709 664 incarnationis
1743 623 1889 675 Siue,
1924 627 2064 680 qua-

486 706 641 750 tenus
668 710 794 749 caro
821 694 1018 759 factus,
1054 709 1274 750 creatus
1299 695 1518 750 dicitur.
1563 695 1717 752 Tunc
1749 699 1896 751 enim
1931 714 2062 767 per-

483 789 641 843 tectis
668 789 924 858 operibus
956 787 1167 850 Patris,
1224 788 1574 858 humanaque
1615 800 1813 844 natura
1854 792 1907 844 in
1953 791 2066 857 pri-

483 882 688 936 stinum
727 890 928 934 statum
991 882 1264 945 restituta,
1304 882 1553 950 atljunxit
1611 884 1713 938 sibi
1766 883 2065 938 Ecclesiam

484 972 663 1026 omnis
691 972 915 1026 macula:
951 982 1004 1026 et
1043 988 1189 1042 rugae
1217 985 1792 1041 espertem,sanetam
1825 986 1880 1030 et
1914 992 2072 1029 mun-

484 1063 606 1115 ilani
640 1062 722 1127 ⁷⁸,
773 1073 828 1116 et
863 1062 993 1118 facti
1037 1079 1226 1117 smnus
1259 1063 1309 1117 in
1356 1066 1473 1132 ipso
1515 1081 1657 1120 nova
1689 1075 1945 1121 creatura
1975 1066 2023 1098 ⁷⁸
2052 1107 2067 1133 ,

489 1167 592 1204 ιιοιι
629 1151 859 1220 amplius
899 1152 1308 1220 iuiperlcctioue
1353 1154 1465 1220 illa,
1493 1169 1655 1223 quam
1697 1171 1792 1224 per
1815 1155 2073 1224 prtevari-

488 1245 758 1299 cationem
799 1255 1247 1301 contraxeramus
1310 1247 1585 1314 laborans,
1631 1263 1810 1317 neque
1850 1256 2073 1318 peccato

491 1351 704 1392 mortua
728 1380 743 1403 ,
789 1339 881 1392 sed
913 1338 1302 1408 perfectionem
1339 1350 1630 1393 consecuta
1670 1354 1768 1409 per
1812 1338 2074 1393 obedien-

492 1432 620 1484 tiam
675 1430 878 1485 Christi
946 1430 1176 1500 ejusque
1235 1431 1695 1486 resurrectionem
1744 1446 1775 1486 a
1817 1432 2069 1486 mortuis.

493 1521 602 1577 llas
642 1523 809 1592 igitur
830 1524 899 1575 ob
952 1539 1144 1578 causas
1190 1524 1354 1595 168
1412 1525 1574 1579 homo
1623 1523 1841 1590 factus,
1883 1524 2076 1578 merito

438 1596 444 1605 ’
491 1615 693 1670 dixerit
735 1633 749 1669 :
800 1633 818 1667 ι
861 1615 1118 1669 Dominus
1145 1618 1355 1670 creavit
1383 1631 1469 1671 me
1505 1616 1833 1688 principium
1860 1618 2073 1672 viarum

491 1722 711 1761 suarum
737 1707 789 1761 iti
815 1723 978 1777 opera
1010 1708 1198 1775 ipsius.
1239 1723 1260 1757 ι

2172 611 2285 680 ρὸν,
2314 610 2451 664 καθὸ
2481 611 2618 682 σὰρξ
2646 608 2910 678 γεγονὼς,
2942 609 3192 662 ἐκτίσθαι
3222 609 3460 676 λέγεται.
3484 609 3618 662 Τότε
3645 610 3768 682 γὰρ

2170 703 2266 754 καὶ
2319 703 2593 774 ὁλόκληρα
2650 702 2888 771 ποιήσας
2941 701 3008 753 τά
3060 701 3196 770 ἔργα
3240 699 3332 752 τοῦ
3379 700 3610 770 Πατρὸς,
3662 701 3770 753 καὶ

2169 794 2636 862 ἀποκαταστήσας
2662 793 2743 854 είς
2769 792 2831 845 τὸ
2861 793 3088 861 ἀρχαῖον
3119 791 3218 861 τὴν
3251 790 3542 860 ἀνθρώπου
3568 791 3763 859 φύσιν,

2171 883 2518 953 παρέστησεν
2564 881 2743 953 ἐαυτῷ
2768 882 2868 952 τὴν
2906 880 3235 950 Ἐκκλησίαν
3275 880 3350 950 μὴ
3379 880 3607 950 ἔχουσαν
3637 884 3766 932 σπῖ-

2171 977 2261 1026 λον
2303 973 2335 1044 ἢ
2385 974 2595 1044 ῥυτίδα,
2645 975 2680 1044 ἦ
2728 992 2778 1028 τι
2822 973 2930 1027 τῶν
2968 975 3263 1037 τοιούτων,
3316 971 3432 1025 ἀλλ’
3465 973 3626 1038 ἁγίαν
3663 973 3765 1044 καὶ

2172 1065 2402 1134 ἄμωμον
2419 1080 2431 1092 ·
2453 1065 2544 1117 καὶ
2570 1065 2875 1134 γεγόναμεν
2899 1066 2955 1116 ὲν
2981 1064 3130 1134 αὐτῷ
3159 1065 3321 1135 καινὴ
3350 1064 3546 1128 κτίσις,
3573 1065 3764 1118 οὐκέτι

2173 1154 2414 1224 φοροῦσα
2443 1155 2502 1209 τὸ
2529 1156 2722 1220 ἀτελὲς
2743 1156 2832 1210 διὰ
2858 1155 2957 1226 τὴν
2990 1155 3302 1228 παράϐασιν
3329 1156 3425 1208 καὶ
3449 1155 3550 1226 τὴν
3571 1157 3634 1208 ἐκ
3657 1155 3766 1223 τῆς

2173 1249 2448 1320 ἁμαρτίας
2479 1250 2770 1320 νέκρωσιν,
2805 1248 2943 1302 ἀλλά
2982 1248 3172 1302 λοιπὸν
3207 1245 3558 1301 ἀπολαϐοῦσα
3583 1245 3645 1298 τὸ
3677 1246 3768 1298 τέ-

2174 1341 2315 1395 λειον
2341 1341 2429 1394 διὰ
2461 1343 2562 1412 τὴν
2619 1341 2864 1411 ὑπακοὴν
2907 1340 3002 1393 τοῦ
3045 1339 3284 1413 Χριστοῦ
3316 1340 3411 1392 καὶ
3440 1340 3538 1409 τὴν
3567 1341 3630 1392 ὲκ
3671 1355 3766 1390 νε-

2177 1433 2324 1504 κρῶν
2370 1434 2687 1487 ἀνάστασιν.
2726 1431 2936 1487 Οὐκοῦν
2967 1432 3251 1504 ἄνθρωπος
3282 1431 3371 1486 διὰ
3399 1433 3572 1484 ταῦτα
3607 1431 3766 1499 γενό⁹

2180 1543 2360 1594 μενος,
2399 1525 2626 1588 εἰκότως
2661 1523 2727 1578 ἂν
2756 1523 2903 1592 λέγοι
2933 1525 3014 1589 τὸ,
3056 1544 3072 1574 ι
3114 1523 3320 1596 Κύριος
3352 1524 3536 1577 ἕκτισέ
3567 1539 3634 1594 με
3661 1522 3769 1593 ἀρ-

2177 1618 2276 1689 χὴν
2301 1617 2432 1671 ὁδῶν
2463 1618 2629 1671 αὐτοῦ
2663 1619 2742 1681 είς
2773 1617 2910 1689 ἔργα
2933 1616 3120 1672 αὑτοῦ.
3158 1635 3176 1668 ι

492 1839 723 1932 Αιμιρ,
771 1843 838 1932 ἐξ.
878 1839 1042 1922 illud,
1163 1839 1426 1932 Dominus.
1461 1843 1657 1932 creauit
1716 1858 1817 1932 ius;
1859 1860 1903 1924 ι.
1935 1842 2076 1932 quod

2193 1841 2385 1904 LAAU,
2415 1841 2502 1928 εἰς
2522 1839 2628 1932 13:6,
2667 1858 2685 1891 ι
2707 1837 3306 1932 'Kiipiqc‘f'iirioéJg.
3349 1857 3376 1917 i~
3401 1835 3492 1932 ὅὶι
3520 1838 3613 1932 ρύ1
3636 1839 3766 1932 κτί-

566 1909 742 1963 Filius
794 1910 888 1962 Dei
919 1928 1021 1963 ιιοιι
1048 1911 1116 1962 sit
1148 1926 1298 1976 Opus,
1351 1911 1426 1965 vel
1463 1921 1734 1966 creatura.
1765 1910 1836 1965 Et
1884 1914 1939 1968 iii
1990 1915 2068 1978 id,

568 1998 585 2030 ι
628 1981 760 2033 Ante
798 1981 994 2034 swcula
1023 1981 1268 2049 [undavit
1310 1997 1410 2037 me.
1451 2001 1470 2032 ι

567 2092 623 2146 Si
665 2089 899 2147 .Verbum
942 2091 1031 2146 Dei
1064 2103 1148 2147 est
1178 2103 1432 2147 creatura
1453 2133 1468 2159 ,
1499 2104 1576 2156 ,ιιι
1607 2108 1703 2148 vos
1737 2094 2073 2164 opinamini,

492 2183 672 2238 omnis
729 2183 1027 2253 impietatis
1083 2183 1419 2250 inventores,
1465 2187 1740 2252 quomodo
1780 2183 1892 2239 Deo
1946 2199 2076 2237 con-

495 2275 748 2344 glutinati
777 2284 831 2328 ct
876 2275 948 2328 dii
985 2273 1160 2328 ell‘ecti
1184 2291 1392 2342 sumus,
1431 2275 1565 2329 uniti
1599 2275 1701 2344 ipsi
1729 2275 1752 2328 ?
1776 2273 1895 2341 Quo
1923 2285 2078 2342 pacto

496 2382 627 2420 vero
661 2367 910 2421 Christus
938 2368 1203 2420 mediator
1233 2366 1324 2421 Dei
1351 2375 1405 2420 et
1441 2369 1723 2421 hominum
1757 2367 1848 2419 8°?
1881 2365 2080 2421 Uuitur

495 2459 640 2513 enim
675 2459 853 2521 nobis,
885 2470 1156 2528 quatenus
1195 2457 1371 2512 factus
1417 2467 1504 2513 cst
1554 2461 1735 2514 homo.
1795 2459 1851 2512 Si
1897 2468 2077 2511 autem

495 2560 746 2604 creatura
777 2559 881 2612 est,
928 2558 978 2602 et
1032 2553 1136 2602 non
1177 2547 1340 2613 Deus,
1373 2549 1644 2617 quomodo
1695 2547 1886 2602 uiiitur
1935 2549 2081 2602 Deo?

495 2641 604 2693 Aut
652 2641 775 2708 quis
822 2639 1013 2693 nitidus
1061 2653 1128 2693 ac
1177 2640 1316 2694 ratio
1370 2640 1541 2708 ipsum
1578 2639 1651 2693 illi
1703 2642 1852 2693 nniet
1886 2640 1910 2693 ‘.’
1950 2639 2081 2705 Qua:

497 2729 641 2783 enim
690 2729 976 2783 dissimilia
1037 2740 1166 2783 sunt
1215 2730 1513 2784 secundum
1569 2730 1915 2794 essentiam,
1967 2745 2074 2782 nixu

501 2817 685 2884 ntique
713 2818 1032 2871 naturaliter
1067 2819 1298 2882 invicem
1343 2821 1622 2874 uitiantur.
1653 2823 1760 2873 Aut
1787 2819 2081 2887 quomodo,

501 2909 546 2961 si
592 2918 846 2962 creatura
901 2917 1005 2974 est,
1067 2925 1162 2979 per
1210 2910 1383 2979 ipsum
1438 2912 1630 2966 salvati
1679 2927 1907 2976 sumus,
1960 2928 2082 2966 cum

501 3000 783 3068 Scriptura
825 3001 968 3055 dicat
1001 3018 1014 3054 :
1051 3020 1069 3053 ι
1119 3001 1237 3056 Non
1275 3003 1502 3072 legatus,
1549 3021 1653 3058 non
1679 3003 1929 3074 angelus,
1988 3005 2083 3059 sed

502 3094 617 3154 ipse
650 3095 904 3150 Dominus
925 3097 1151 3151 salvavit
1175 3114 1269 3153 eos
1293 3099 1378 3152 8‘1?
1405 3118 1423 3150 ι
1452 3098 1734 3164 Quomodo
1755 3107 1933 3152 autem
1973 3113 2086 3153 cre-

2247 1927 2392 1979 σμα,
2435 1910 2579 1964 οὐδὲ
2614 1912 2839 1978 ποίημα
2872 1913 2902 1962 ό
2943 1910 3074 1973 Υἱὸς
3101 1909 3206 1962 τοῦ
3233 1907 3401 1961 Θεοῦ.
3429 1907 3534 1962 Καὶ
3561 1910 3649 1974 είς
3671 1908 3768 1966 τὸ,

2254 1999 2270 2031 ι
2296 1981 2414 2048 Πρὸ
2447 1980 2552 2034 τοῦ
2574 1979 2790 2046 αἰῶνος
2818 1979 3177 2047 ἐθεμελιωσέ
3205 1996 3303 2048 με.
3335 1998 3354 2029 ι

3731 2083 3761 2103 τ

2245 2091 2309 2144 Εἰ
2339 2091 2545 2161 κτίσμα
2573 2091 2710 2154 ἐστὶ,
2759 2089 2878 2143 καθ’
2923 2090 3088 2159 ὑμᾶς,
3118 2091 3146 2142 6
3181 2089 3275 2142 τοῦ
3316 2089 3453 2142 Θεοῦ
3483 2090 3680 2157 Λόγος,
3725 2089 3772 2141 ὦ

2180 2185 2360 2257 πάσης
2395 2183 2650 2247 ἀσεϐείας
2695 2183 2948 2253 εὑρεταὶ,
2991 2183 3108 2246 πῶς
3143 2181 3264 2252 Θεῷ
3313 2181 3638 2252 κολλώμεθα
3675 2183 3775 2234 καὶ

2179 2273 2576 2344 θεοποιούμεθα
2619 2273 2983 2342 συναφθέντες
3034 2271 3218 2343 αύτῴς
3270 2271 3395 2334 Πῶς
3437 2272 3495 2324 δὲ
3540 2271 3777 2341 μεσίτης

2182 2367 2298 2419 ἐστὶ
2341 2365 2477 2419 Θεοῦ
2531 2365 2628 2420 καὶ
2658 2365 2960 2436 ἀνθρώπων
2989 2367 3016 2418 ὁ
3049 2364 3318 2435 Χριστός;
3363 2364 3631 2416 ’Ἀπτεται
3671 2363 3770 2433 μὲν

2179 2459 2288 2530 γὰρ
2326 2458 2506 2528 ἡμῶν,
2565 2457 2702 2510 καθὸ
2745 2458 2969 2524 γέγονεν
3005 2455 3313 2526 ἄνθρωπος.
3369 2456 3431 2507 Et
3471 2454 3529 2507 δὲ
3564 2454 3777 2524 κτίσμα

2181 2550 2299 2603 ἐστὶ
2346 2549 2442 2603 καὶ
2479 2549 2539 2602 ού
2568 2549 2723 2614 Θεὸς,
2771 2547 2890 2611 πῶς
2922 2547 3118 2616 ἅψεται
3171 2546 3339 2611 Θεοῦ;
3395 2548 3553 2609 Πυῖος
3607 2546 3776 2599 αὐτὸν

2182 2643 2373 2712 ἐκείνῳ
2401 2641 2626 2710 συνάψει
2658 2641 2857 2710 τρόπος
2877 2658 2892 2708 ;
2921 2639 3003 2693 Τά
3021 2639 3128 2710 γὰρ
3144 2639 3373 2709 ἀνόμοια
3389 2639 3531 2693 κατὰ
3550 2639 3650 2710 τὴν
3678 2639 3777 2691 οὐ·

2185 2735 2305 2788 σίαν
2348 2733 2448 2787 οὐκ
2486 2733 2552 2786 ἂν
2583 2731 2834 2803 ἀλλήλοις
2864 2730 3110 2800 φυσικῶς
3137 2729 3435 2801 συναφθείη
3471 2730 3625 2784 ποτέ.
3648 2730 3778 2792 Πῶς

2182 2826 2260 2887 δὲ,
2293 2826 2340 2878 εί
2381 2825 2585 2894 κτίσμα
2620 2824 2736 2877 ἐστὶ
2759 2863 2772 2888 ,
2803 2823 2872 2876 δι’
2898 2821 3064 2876 αὑτοῦ
3098 2820 3442 2892 σεσώσμεθα,
3487 2822 3587 2892 τῆς
3621 2819 3778 2884 θείας

2183 2916 2449 2986 λεγούσης
2479 2917 2700 2987 Γραφῆς
2722 2933 2734 2945 ’
2774 2933 2792 2966 t
2822 2912 2900 2968 Ού
2927 2913 3172 2985 πρέσϐυς
3199 2953 3213 2976 ,
3239 2914 3339 2966 οὐκ
3367 2912 3626 2980 ἄγγελος,
3657 2911 3777 2965 ἀλλ’

2184 3010 2347 3072 αὐτὸς
2388 3011 2418 3062 6
2459 3007 2664 3078 Κύριος
2698 3006 2899 3059 ἔσωσεν
2941 3005 3171 3069 αύτούς;
3211 3025 3227 3056 ι
3272 3005 3395 3067 Πῶς
3421 3005 3476 3056 δὲ
3511 3006 3590 3066 εἰς
3614 3002 3780 3056 αὐτὸν

2187 3098 2534 3161 πιστεύοντες
2556 3095 2936 3165 δικαιούμεθα,
2962 3097 3120 3166 εἴπερ
3147 3095 3351 3166 κτίσμα
3385 3095 3500 3147 ὲστί
3522 3113 3537 3158 ς
3571 3094 3695 3156 Πῶς
3720 3095 3783 3147 δὲ

501 3187 689 3242 dentes
708 3188 756 3241 in
783 3203 902 3242 eum
922 3189 1307 3255 justilicaunir,
1327 3190 1372 3244 si
1389 3203 1470 3245 est
1494 3191 1778 3244 creatura?
1804 3191 2083 3257 Quomodo

2193 3193 2271 3253 τὸ,
2305 3211 2323 3243 ι
2346 3191 2422 3260 Γῆ
2455 3185 2525 3255 εί,
2549 3189 2642 3243 καὶ
2667 3190 2747 3252 είς
2765 3187 2870 3257 γῆν
2892 3185 3188 3258 ἀπελεύσῃ,
3217 3204 3236 3238 ι
3271 3184 3455 3238 λύεται
3482 3185 3547 3236 δι’
3575 3182 3782 3248 αὐτοῦς

502 3292 634 3332 vero
665 3279 817 3341 illud,
867 3299 888 3332 ι
927 3281 1092 3335 Terra
1120 3297 1200 3347 es,
1226 3292 1278 3336 et
1311 3283 1364 3336 in
1404 3293 1604 3337 terram
1638 3282 1929 3338 reverteris
1949 3284 2018 3347 θ’,
2063 3300 2083 3334 ι

504 3385 600 3438 per
625 3371 794 3438 ipsqu
819 3372 1080 3426 solvitur?
1101 3372 1280 3440 Neque
1311 3374 1454 3427 enim
1483 3385 1566 3429 est
1599 3389 1734 3442 opus
1761 3374 1902 3442 quod
1935 3388 2091 3428 crea-

507 3468 641 3512 turae
671 3463 959 3515 conveniat
991 3467 1317 3517 sententiam
1345 3482 1372 3516 ει
1407 3465 1514 3518 Deo
1541 3466 1718 3518 datam
1751 3467 2090 3520 subvertere.

506 3547 791 3612 Quomodo
841 3551 1003 3604 etiam
1057 3552 1100 3605 si
1131 3562 1380 3622 creatura
1417 3565 1528 3620 est,
1585 3564 1864 3624 peccatum
1911 3555 2093 3611 delere

514 3646 716 3711 potest,
751 3657 872 3694 cum
920 3645 1183 3713 propheta
1220 3647 1284 3699 de
1309 3647 1424 3716 ipso
1461 3647 1650 3701 dicat:
1699 3667 1718 3699 ι
1769 3647 1902 3715 Quis
1950 3648 2092 3702 Deus

513 3731 652 3782 sicut
700 3741 778 3796 tu,
827 3734 1023 3788 tollens
1083 3735 1397 3804 iniquitates
1427 3749 1480 3792 et
1513 3739 1830 3807 praeteriens
1879 3737 2092 3807 injusti-

523 3818 626 3872 tias
653 3819 702 3850 ⁸³
731 3821 752 3872 ‘i
777 3820 894 3886 Qun
928 3835 1084 3890 pacto
1107 3839 1257 3889 vero,
1295 3826 1339 3880 si
1373 3838 1622 3880 creatura
1663 3838 1769 3892 est,
1807 3829 1985 3896 potuit
2012 3829 2094 3882 di-

507 3925 669 3965 cere:
707 3911 848 3968 iNisi
873 3913 1040 3970 Filius
1067 3932 1159 3971 vos
1194 3917 1440 3972 liherarit
1469 3918 1551 3972 “1
1583 3939 1600 3970 ι
1631 3919 1880 3974 liberavit
1911 3929 2090 3973 autem

509 4015 567 4058 ιιι
623 4004 800 4061 Patris
835 4009 1028 4073 haires,
1079 4024 1185 4065 non
1239 4020 1420 4074 autem
1468 4023 1762 4077 creatura,
1819 4019 1878 4067 ut
1917 4011 2091 4068 insani

509 4098 747 4153 haeretici
779 4099 1094 4169 opinantur.

1167 4212 1399 4269 ALIUD.

591 4300 650 4354 Si
699 4301 764 4354 atl
822 4301 1185 4358 imitationem
1247 4303 1513 4358 naturalis
1556 4303 1700 4371 Filii,
1753 4307 1920 4362 etiam
1965 4308 2096 4362 ado-

511 4393 649 4460 ptitii
713 4403 972 4446 vocantur
1040 4394 1170 4459 lilii,
1233 4395 1600 4450 necessarium
1669 4396 1826 4463 plane
1887 4409 1972 4453 est
2038 4408 2097 4452 ut

512 4483 774 4536 naturalis
810 4482 980 4538 Filius
1014 4486 1154 4540 alius
1183 4485 1253 4538 sit
1279 4486 1347 4540 ab
1382 4486 1448 4541 iis
1474 4529 1490 4548 ,
1547 4496 1604 4540 et
1638 4489 1878 4543 essentia
1911 4491 2094 4546 diver-

2193 3284 2266 3338 Ού
2298 3283 2408 3354 γὰρ
2441 3277 2509 3353 ἧν
2541 3280 2702 3350 ἔργον
2736 3278 2996 3349 κτίσματι
3026 3278 3258 3350 πρέπον,
3305 3275 3638 3347 ἀνατρέπειν
3678 3275 3786 3346 τὴν

2193 3377 2344 3448 παρὰ
2390 3373 2526 3428 Θεοῦ
2573 3372 2820 3426 δοθεῖσαν
2861 3371 3158 3440 ἀπόφασιν.
3213 3370 3338 3432 Πῶς
3385 3368 3442 3421 δὲ
3487 3366 3674 3432 πάλιν,
3731 3369 3790 3421 εί

2191 3469 2398 3536 κτίσμα
2445 3464 2615 3525 ἐστὶν,
2666 3463 2882 3534 ἀναιρεῖ
2931 3462 3029 3534 τὴν
3065 3462 3361 3533 ἁμαρτίαν,
3393 3460 3646 3528 λέγοντος
3684 3459 3792 3512 τοῦ

2192 3559 2475 3628 προφήτου
2502 3557 2630 3628 περί
2648 3555 2845 3609 αὑτοῦ·
2881 3575 2897 3608 ι
2917 3555 3012 3619 Τίς
3042 3553 3175 3616 Θεὸς
3206 3553 3394 3623 ῶσπερ
3427 3553 3514 3616 σὺ,
3547 3551 3795 3624 ἐξαίρων

2193 3649 2418 3720 ἀνομίας
2445 3648 2538 3701 καὶ
2565 3645 2908 3718 ὑπερϐαίνων
2929 3646 3138 3709 ἀδικίας
3161 3663 3176 3712 ;
3205 3664 3224 3696 ι
3264 3645 3386 3708 Πῶς
3412 3644 3487 3708 δὲ,
3505 3645 3554 3696 εί
3573 3644 3794 3714 κτίσμα

2193 3741 2361 3804 ἐστὶν,
2389 3738 2622 3808 ἠδύνατο
2657 3739 2888 3806 λέγειν’(
2914 3739 3040 3791 Ἐὰν
3066 3738 3140 3808 μὴ
3174 3739 3202 3790 6
3235 3735 3358 3798 Υἱὸς
3389 3736 3534 3805 ὑμᾶς
3564 3734 3786 3788 ἐλευθε-

2197 3833 2345 3905 ρώσῃ
2365 3851 2379 3896 ς
2403 3853 2421 3884 ι
2460 3834 2551 3886 καὶ
2569 3831 2699 3901 γοῦν
2721 3831 3096 3902 ἠλευθέρωσεν
3123 3831 3198 3896 ῶς
3227 3829 3322 3882 τοῦ
3347 3829 3556 3900 Πατρὸς
3583 3827 3783 3899 κληρο-

2195 3924 2384 3992 νόμος,
2417 3922 2510 3976 καὶ
2540 3923 2600 3974 ού
2635 3922 2845 3993 ποίημα
2880 3921 3164 3993 ὑπάρχων,
3207 3918 3349 3974 κατά
3381 3917 3478 3988 τὴν
3518 3915 3629 3970 τῶν
3661 3916 3789 3970 Oso-

2196 4015 2386 4086 μάχων
2415 4015 2632 4086 μανίαν.

2871 4199 3077 4254 ΑΛΛΟ.

2269 4287 2332 4340 El
2372 4286 2515 4341 κατά
2543 4285 2777 4358 μίμησιν
2809 4287 2904 4341 τοῦ
2937 4288 3079 4341 κατά
3108 4287 3271 4356 φύσιν
3291 4283 3422 4339 Υίοῦ
3454 4285 3547 4338 καὶ
3569 4286 3618 4336 oi
3641 4285 3792 4340 κατά

2197 4379 2346 4434 θέσιν
2381 4380 2488 4432 υἱοὶ
2519 4379 2830 4443 καλοῦνται,
2862 4381 3076 4450 ἀνάγκη
3128 4382 3278 4432 πᾶσα
3315 4380 3406 4433 τὸν
3440 4378 3580 4432 κατά
3618 4378 3792 4445 φύσιν

2196 4473 2382 4543 ἕτερον
2429 4467 2565 4525 εἶναι
2600 4471 2729 4540 παρ’
2777 4471 2975 4535 αὐτοὺς
3025 4471 3118 4524 καὶ
3165 4469 3306 4524 κατὰ
3337 4469 3435 4539 τὴν
3479 4470 3668 4522 οὐσίαν
3701 4471 3795 4535 ἐξα

511 4588 623 4626 sns.
655 4573 710 4626 Si
746 4589 876 4643 ergo
905 4574 996 4628 lilii
1021 4574 1274 4644 adoptitii
1310 4584 1437 4629 sunt
1462 4584 1754 4644 creatura,
1798 4581 2083 4638 ,naturalis

2198 4563 2557 4632 ηλλαγμένον.
2597 4561 2656 4616 El
2687 4561 2864 4615 τοίνυν
2896 4564 2944 4614 οἱ
2987 4562 3130 4616 κατά
3169 4561 3318 4614 θέσιν
3347 4563 3450 4614 υἱοὶ
3481 4561 3790 4631 κτίσματα,

511 4677 666 4720 certe
719 4677 975 4720 creatura
1014 4678 1112 4721 aut
1156 4682 1294 4736 opus
1341 4683 1448 4722 non
1499 4668 1606 4722 erit

511 4757 654 4812 idem
689 4759 794 4812 erit
821 4773 943 4814 cum
979 4758 1280 4828 adoptitiis.

1181 4847 1418 4904 ALIUD.

581 4941 639 4998 Si
669 4943 827 5012 juxta
858 4956 977 5006 vos,
1001 4955 1035 4996 ο
1061 4942 1272 5006 Ariani,
1305 4940 1481 4998 Filius
1527 4943 1621 4997 Dei
1671 4953 1756 4999 est
1792 4955 2041 5000 creatura
2074 4988 2089 5012 ,

511 5035 566 5089 in
617 5049 724 5104 qua
779 5034 946 5104 igitur
987 5033 1252 5103 sapientia
1306 5033 1482 5089 factus
1530 5035 1662 5089 est?
1695 5045 1790 5090 aut
1843 5052 2091 5106 quaenam

512 5139 706 5178 manus
735 5123 908 5192 ipsum
943 5131 1072 5189 post
1105 5121 1210 5174 alia
1234 5122 1478 5175 creavit?
1509 5122 1784 5190 Scriptum
1805 5134 1888 5177 est
1907 5124 2089 5178 enim:

517 5235 535 5266 ς
571 5215 766 5270 Omnia
836 5213 888 5268 in
930 5211 1198 5280 sapientia
1254 5211 1428 5267 fecisti
1462 5213 1507 5244 ⁸⁸
1533 5254 1546 5267 .
1594 5233 1614 5266 ι
1681 5213 1747 5268 Ει
1791 5213 1934 5268 Dens
1975 5215 2092 5281 ipse

512 5305 712 5361 alicubi
745 5305 822 5358 ait
863 5320 877 5356 :
919 5321 938 5354 ι
987 5303 1177 5359 Manus
1234 5318 1352 5358 mea
1405 5303 1530 5360 fecit
1576 5306 1756 5372 omnia
1804 5306 1919 5361 huic
1960 5307 2028 5362 “.
2070 5327 2087 5358 ι

514 5395 698 5464 Atqui,
721 5394 765 5448 si
795 5391 976 5446 omnia
1007 5393 1060 5446 iu
1084 5393 1350 5461 sapientia
1375 5405 1429 5448 et
1459 5411 1620 5450 manu
1650 5396 1741 5450 Dei
1772 5396 1914 5451 facta
1938 5405 2089 5462 sunt,

514 5495 570 5539 et
602 5500 757 5539 sacra
796 5483 1078 5554 Scriptura
1109 5486 1176 5540 de
1207 5485 1298 5540 Dei
1333 5483 1509 5541 Verbo
1565 5488 1763 5554 passim
1811 5489 2092 5556 praedicat,

517 5575 660 5642 quod
694 5591 713 5625 ι
765 5573 956 5630 Omnia
989 5591 1087 5646 per
1131 5575 1305 5646 ipsqu
1363 5579 1504 5631 facta
1542 5589 1671 5632 sunt
1695 5622 1711 5642 ,
1749 5590 1800 5633 et
1831 5580 1948 5634 sine
1979 5579 2094 5648 ipso

1655 4687 1672 4724 :
1726 4684 1850 4726 natu
1895 4671 2095 4744 alioqui

590 5751 635 5821 ’ξ’
664 5750 857 5820 Eplies.
893 5770 942 5815 ν,
973 5753 1059 5807 9.7.
1137 5755 1180 5786 ⁷⁸
1214 5755 1251 5807 Il
1277 5756 1396 5806 litir.
1432 5771 1481 5821 ν,
1527 5756 1609 5808 l7.
1687 5755 1773 5807 ὀἱ
1809 5756 1948 5810 Titii.
1984 5773 2040 5818 ll,
2070 5756 2123 5808 ii.

520 5820 563 5851 ⁸⁴
603 5820 757 5878 Joau.
782 5839 900 5885 vni.
936 5825 1018 5879 56.
1101 5827 1144 5857 ⁸⁸
1182 5824 1318 5879 l‘sal.
1357 5840 1468 5888 cm,
1507 5826 1595 5880 Ἡ.
1675 5827 1717 5858 ⁸⁸
1751 5828 1852 5882 lsa.
1897 5842 2039 5890 usi,
2076 5827 2126 5878 9..

2201 4655 2229 4705 6
2257 4653 2397 4706 κατά
2431 4653 2594 4720 φύσιν
2627 4654 2727 4706 οὐκ
2755 4653 2909 4706 ἔσται
2937 4654 3144 4724 κτίσμα
3175 4654 3208 4724 ἢ
3249 4654 3486 4724 ποίημα,
3522 4653 3610 4706 ἵνα
3648 4654 3728 4724 μὴ
3763 4655 3793 4706 6

2201 4748 2363 4810 αὐτὸς
2395 4748 2615 4821 ὑπάρχῃ
2642 4751 2756 4809 τοῖς
2785 4748 2928 4802 κατά
2961 4747 3134 4802 θέσιν.

2869 4841 3074 4894 ΑΛΛΟ.

2272 4932 2356 4995 Ei,
2386 4930 2508 4985 καθ’
2541 4933 2706 5002 ὑμᾶς,
2755 4925 2800 4986 ὧ
2839 4933 3130 5002 Ἀρειανοὶ,
3182 4932 3388 5001 κτίσμα
3421 4930 3573 4985 ἐστὶν
3601 4933 3630 4986 6
3661 4933 3792 4996 Υίὸς

2201 5023 2294 5077 τοῦ
2325 5023 2462 5076 Θεοῦ
2483 5063 2499 5086 ,
2534 5026 2592 5077 ὲν
2627 5025 2758 5094 ποίᾳ
2784 5023 3008 5093 γέγονεν
3041 5025 3150 5095 ἄρα
3187 5025 3389 5094 σοφίας
3425 5025 3557 5078 ποία
3579 5023 3635 5076 δὲ
3667 5025 3796 5095 χεὶρ

2201 5119 2234 5186 ἠ
2272 5117 2365 5170 καὶ
2398 5116 2561 5171 αὐτὸν
2612 5116 2752 5186 μετά
2801 5116 2909 5169 τῶν
2941 5116 3118 5171 ἄλλων
3163 5117 3658 5186 δημιουργήσασα;
3698 5118 3737 5168 Γ
3742 5118 3797 5169 £-

2201 5226 2446 5278 γραπται
2471 5209 2602 5278 γὰρ,
2640 5209 2722 5260 ὅτι
2761 5228 2778 5261 ι
2801 5207 2984 5262 Πάντα
3015 5210 3073 5261 ὲν
3102 5208 3265 5277 σοφίᾳ
3299 5207 3584 5278 ἐποίησας.
3621 5226 3640 5258 ι
3681 5209 3796 5260 Καὶ

2203 5303 2366 5364 αὐτὸς
2392 5301 2449 5354 δέ
2483 5300 2586 5354 πού
2616 5318 2782 5370 φησιν
2823 5304 2852 5356 6
2881 5301 3012 5363 Θεός
3035 5317 3048 5332 ο
3094 5319 3112 5351 ι
3156 5301 3219 5353 Ἡ
3260 5299 3381 5369 χείρ
3414 5316 3517 5368 μου
3564 5299 3798 5368 ἐποίησε

2201 5394 2375 5447 ταῦτα
2405 5394 2602 5447 πάντα.
2645 5413 2662 5446 ι
2704 5393 2812 5446 Καὶ
2843 5395 2891 5446 εί
2923 5393 3103 5446 πάντα
3127 5394 3184 5444 ὲν
3214 5391 3377 5461 σοφίᾳ
3411 5390 3506 5443 καὶ
3529 5390 3677 5459 χειρὶ
3701 5390 3801 5456 γέ-

2201 5505 2324 5556 γονε
2357 5487 2516 5550 Θεοῦ,
2565 5489 2620 5540 ai
2655 5486 2880 5540 δὲ’θεῖαι
2917 5485 3131 5553 Γραφαὶ
3162 5483 3415 5551 περὶτοῦ
3445 5481 3582 5534 Θεοῦ
3615 5481 3803 5548 Λόγου

2203 5579 2419 5650 βοῶσιν,
2449 5580 2530 5633 ὅτι
2573 5603 2590 5632 ι
2616 5580 2801 5634 Πάντα
2829 5577 2896 5631 δι’
2924 5576 3092 5630 αὑτοῦ
3119 5575 3357 5644 ἐγένετο,
3385 5573 3479 5627 καὶ
3503 5571 3673 5643 χωρὶς
3698 5573 3798 5626 αὖ-

2203 5757 2242 5787 “
2287 5756 2386 5812 lsa.
2430 5772 2579 5818 niti,
2614 5754 2665 5806 9.
2747 5756 2791 5784 “
2834 5752 2968 5808 Gen.
3008 5767 3088 5817 ιιι,
3127 5752 3207 5806 19.
3287 5749 3332 5782 ”
3369 5748 3529 5803 Mich.
3563 5762 3658 5812 \‘tl,
3709 5746 3794 5799 l8.
