3996 6430
425 5700 436 5738 ὃ

478 398 577 454 9.87

1501 402 1557 459 S.
1599 404 1875 461 CYRILLI
1915 406 2381 464 ALEXANDRINI
2420 409 2739 466 ARCHlEP.

3637 413 3775 469 288

481 514 538 565 Si
563 527 690 567 vero
712 510 853 568 Filio
874 529 1043 585 genua
1067 513 1373 577 ﬂectuntur,
1390 533 1495 571 non
1518 519 1624 571 erit
1640 520 1755 587 ipse
1777 535 1840 576 ex
1860 538 2047 577 eorum

2157 524 2217 577 Ei
2244 523 2301 577 δὲ
2332 524 2409 596 τῷ
2452 524 2568 594 Υἱῷ
2616 525 2857 595 κάμπτει
2890 525 2999 578 πᾶν
3041 525 3192 593 γόνυ,
3244 526 3343 579 οὐκ
3389 525 3454 579 ἂν
3500 528 3586 599 εἴη
3633 527 3771 581 τῶν

480 616 708 655 numero
743 602 833 671 qui
888 618 1059 673 genua
1099 602 1356 665 ﬁet-lunt,
1396 606 1493 658 sed
1545 606 1612 657 ab
1665 606 1732 661 iis
1783 607 2057 661 diversus.

482 690 692 747 Rursus
741 694 1001 761 scriptum
1054 705 1134 749 est
1186 697 1327 764 quod
1379 715 1398 747 ι
1443 695 1631 751 Omnis
1676 712 1927 754 creatura
1976 703 2058 754 in-

477 784 748 851 gemiscit,
799 795 852 838 et
899 786 1128 854 parturit
1164 803 1335 857 usque
1383 804 1544 855 nunc,
1595 801 1917 858 eXSpectaus
1974 808 2060 849 re-

479 876 838 944 demptionem
870 886 925 930 et
955 877 1257 933 libertatem
1298 878 1532 933 ﬁliorum
1564 879 1653 934 Dei
1683 879 1750 935 ”.
1776 900 1794 933 ι
1833 882 1887 936 Si
1927 900 2059 937 vero

478 966 785 1034 ingemiscit
812 969 988 1024 omnis
1024 980 1296 1031 creatura,
1330 979 1384 1024 et
1417 980 1700 1039 exspectat
1735 974 2056 1042 redemptio-

480 1071 598 1108 unm
630 1067 681 1110 et
716 1057 1023 1113 libertatem
1059 1059 1290 1114 ﬁliorum
1324 1061 1439 1126 Dei,
1474 1073 1529 1114 at
1564 1061 1735 1118 Filius
1769 1081 1942 1135 neque
1977 1069 2057 1120 iu-

476 1148 775 1216 gentiscerc
806 1151 1251 1215 deprehenditur,
1288 1169 1463 1222 neque
1485 1153 1825 1222 adeptionem
1864 1171 1957 1213 aut
1992 1159 2056 1213 li-

479 1238 809 1293 berationem
839 1253 1175 1310 exspectare,
1204 1246 1298 1299 sed
1324 1246 1439 1313 ipse
1461 1256 1543 1301 est
1567 1249 1658 1317 qui
1681 1258 2051 1306 creaturartun

474 1344 625 1399 spem
666 1333 949 1402 adimplet,
984 1346 1038 1388 et
1087 1336 1504 1406 ingctuisreutes
1539 1345 1776 1411 adoptat,
1830 1344 2056 1398 liberta-

477 1430 692 1491 temque
726 1422 949 1495 largitur
977 1446 990 1480 :
1019 1442 1122 1479 non
1159 1429 1320 1497 igitur
1357 1448 1491 1485 unus
1526 1434 1767 1487 omniunt
1802 1437 1928 1500 erit,
1961 1454 2053 1493 ne-

474 1526 582 1580 que
619 1516 888 1569 creaturis
933 1522 1412 1583 ammmerabitur,
1457 1523 1548 1576 sed
1595 1523 1843 1581 diversus
1881 1528 1948 1580 ab
1973 1530 2053 1584 eis

476 1605 582 1657 erit
600 1644 612 1665 ,
640 1617 929 1674 quatenus,
950 1618 1007 1661 ιιι
1028 1620 1309 1675 creaturae,
1343 1613 1701 1683 ingt'misrunt
1719 1618 2053 1673 aux'liatoris

476 1698 925 1769 opeiudigeutvs,
969 1701 1082 1770 ipse
1114 1719 1262 1766 vero,
1302 1714 1359 1758 ut
1398 1704 1600 1774 Filius,
1627 1710 2052 1785 servitutisjugo

476 1801 692 1855 pressos
729 1791 780 1845 in
810 1792 1115 1848 libertatem
1145 1797 1362 1850 asserit.

638 2009 703 2066 In
732 2012 884 2077 illud,
929 2033 949 2067 ι
975 2014 1105 2071 Ante
1137 2017 1334 2072 sa'cula
1365 2019 1608 2089 fundavit
1654 2038 1734 2077 me
1760 2024 1825 2076 ”.
1865 2043 1884 2075 ι

546 2122 816 2192 Scriptum
852 2136 935 2182 est
978 2145 991 2181 :
1042 2146 1060 2179 ι
1095 2127 1235 2185 Deus
1284 2134 1547 2200 sapientia
1600 2145 1798 2191 terram
1854 2138 2048 2193 funda-

472 2215 550 2269 vit
576 2216 680 2270 ⁸⁸.»
717 2217 781 2270 Si
802 2232 933 2288 ergo
962 2220 1231 2288 sapientia
1265 2231 1464 2278 terram
1492 2224 1703 2287 l'umlat,
1740 2238 1794 2281 et
1825 2230 1937 2297 ipse
1966 2241 2049 2285 est

475 2310 707 2365 ﬁrmitas
740 2321 792 2365 et
818 2312 1238 2368 stabilimeutum
1272 2319 1515 2371 omnium
1553 2319 1683 2391 (per
1708 2322 1876 2389 ipsam
1906 2324 2048 2378 enim

474 2411 618 2456 terra
648 2403 856 2459 stabilis
901 2405 1116 2476 manet)
1138 2448 1152 2469 ,
1184 2409 1472 2478 diligenter
1509 2412 1938 2484 investigandum
1965 2429 2050 2472 est

472 2507 579 2559 quo
612 2500 768 2560 pacto
793 2494 1055 2561 sapientia
1091 2511 1207 2562 qua:
1260 2507 1457 2551 terram
1508 2499 1694 2553 fundat
1725 2519 1751 2552 a
1793 2502 1898 2556 De‘o
1934 2505 2049 2559 l'uu-

469 2585 651 2638 datur.
684 2586 897 2639 Dictum
958 2587 1121 2655 igitur
1149 2588 1313 2641 etiam
1353 2589 1452 2645 ltoc
1494 2595 1819 2658 proverbiali
1870 2599 2044 2659 modo,

468 2677 685 2745 oblique
713 2679 1111 2747 quodammodo
1146 2679 1482 2749 signiﬁcans,
1523 2693 1577 2736 et
1609 2684 1864 2739 latentem
1907 2690 1959 2741 in
1992 2705 2049 2742 se

472 2770 679 2824 habens
706 2772 973 2826 veriorem
1005 2773 1414 2843 intelligentiam
1453 2794 1466 2829 :
1503 2778 1605 2831 hoc
1635 2780 1779 2832 enim
1816 2781 2051 2847 plerum-

471 2876 575 2928 que
610 2863 910 2929 proverbiis
956 2865 1227 2932 proprium
1268 2878 1371 2919 est.
1416 2867 1694 2923 Fuudatttr
1737 2871 1918 2941 itaque
1960 2888 2050 2927 sa-

472 2952 697 3018 pientia,
723 2953 823 3007 hoc
852 2966 928 3009 est
969 2954 1135 3010 Filius
1167 2957 1279 3019 Dei,
1338 2967 1445 3017 non
1474 2954 1636 3028 quoii,
1677 2972 1940 3029 quatenus
1967 2976 2051 3019 εει

477 3042 731 3106 Verbum,
765 3045 1089 3115 principium
1116 3050 1413 3104 exsistendi
1465 3054 1758 3122 acrrperit,
1786 3055 1877 3107 sed
1910 3071 2046 3123 qua-

471 3143 630 3189 tenus
677 3135 850 3191 factus
884 3147 967 3193 est
1013 3140 1191 3207 homo,
1235 3155 1584 3213 nostramque
1635 3147 2045 3202 similitudinem

2164 613 2526 684 καμπτὸντων
2568 614 2669 681 εἷς,
2699 614 2814 667 ἀλλ’
2842 616 3029 688 ἔτερος
3061 617 3192 688 παρ’
3223 618 3383 672 αὐτά.
3436 618 3546 671 Καὶ
3575 619 3768 674 πάλιν

2162 704 2504 776 γέγραπταισ
2542 726 2560 758 ι
2593 707 2716 759 ’Ότι
2761 708 2915 762 πᾶσα
2957 709 2991 778 ἡ
3035 707 3211 772 κτίσις
3263 709 3601 773 συστενάζει,
3653 711 3767 763 καὶ

2162 793 2436 847 συνωδίνει
2469 795 2596 865 ἄχρι
2629 794 2723 848 τοῦ
2770 794 2882 859 νῦν,
2936 796 3343 866 ἀπεκδεχομένη
3387 798 3491 869 τὴν
3534 798 3763 852 ἀπολύ-

2158 901 2358 955 τρωσιν
2388 885 2494 940 τῶν
2523 886 2655 939 υἱῶν
2689 887 2782 940 τοῦ
2822 886 2981 942 Θεοῦ.
3025 907 3044 940 ι
3084 889 3147 941 Ei
3191 889 3248 941 δὲ
3286 889 3532 950 στενάζει
3568 889 3671 960 μὲν
3708 893 3753 961 ἡ

2159 974 2336 1038 κτίσις
2360 1016 2374 1041 ,
2421 975 2517 1029 καὶ
2561 977 2921 1047 ἀπεκδέχεται
2962 977 3063 1045 τὴν
3096 975 3474 1047 ἀπολύτρωσιν
3503 978 3599 1029 καὶ
3638 977 3756 1046 τὴν

2158 1065 2469 1137 ἐλευθερίαν
2496 1065 2604 1119 τῶν
2633 1068 2764 1120 υἱῶν
2798 1067 2893 1122 τοῦ
2931 1067 3069 1122 Θεοῦ
3091 1106 3106 1131 ,
3147 1068 3272 1121 οὔτε
3299 1068 3357 1121 δὲ
3397 1067 3676 1133 στενάζων
3714 1069 3753 1121 6

2157 1159 2283 1221 Υἱὸς
2330 1159 2597 1228 φαίνεται,
2646 1158 2772 1213 οὔτε
2817 1159 2918 1232 τὴν
2961 1161 3230 1213 υίοποιῖαν
3264 1158 3544 1229 ἐκδέχεται
3571 1159 3605 1229 ἢ
3636 1159 3751 1230 τὴν

2156 1249 2489 1320 ἐλευθερίαν,
2523 1249 2636 1302 ἀλλ’
2670 1251 2833 1313 αὐτός
2862 1252 3009 1303 ἐστιν
3057 1253 3085 1305 6
3126 1249 3224 1321 τὴν
3258 1249 3451 1303 ἐλπίδα
3492 1249 3588 1319 τῆς
3614 1250 3749 1303 κτίο

2158 1360 2293 1407 σεως
2321 1345 2674 1416 ἀποπληρῶν,
2693 1348 2788 1399 καὶ
2812 1348 2895 1409 εἰς
2923 1346 3200 1400 υἱοθεσίαν
3227 1346 3355 1409 τοὺς
3380 1342 3748 1410 στενάζοντες

2155 1436 2356 1500 καλῶν,
2385 1439 2479 1491 καὶ
2505 1440 2533 1490 6
2562 1438 2660 1508 τῆς
2696 1438 3006 1509 ἐλευθερίας
3034 1440 3229 1509 δοτήρο
3264 1440 3366 1491 οὐκ
3397 1439 3506 1508 ἄρα
3533 1440 3591 1491 ἐν
3620 1440 3746 1500 τοῖς

2155 1529 2319 1581 πᾶσίν
2357 1530 2527 1589 ἐστιν,
2562 1529 2683 1583 οὐδὲ
2725 1531 2783 1582 ἐν
2828 1532 2894 1601 τῇ
2941 1531 3116 1583 κτίσει
3161 1528 3739 1600 καταριθμηθήσεται·

2154 1613 2269 1666 ἀλλ’
2313 1613 2498 1685 ἕτερός
2557 1617 2673 1670 ἐστι
2739 1618 2869 1686 παρ’
2918 1618 3111 1687 αὐτὴν,
3156 1619 3302 1672 καθὰ
3349 1618 3449 1688 μὲν
3486 1617 3564 1681 ὡς
3613 1617 3745 1670 κτί-

2157 1720 2337 1772 σματα
2378 1705 2624 1771 στενάζει
2664 1705 2756 1758 τοῦ
2806 1707 3126 1778 βοηθοῦντος
3154 1709 3419 1778 δεόμενα·
3463 1710 3492 1761 ὁ
3532 1707 3609 1770 δὲ,
3658 1707 3745 1770 ὡς

2156 1793 2313 1861 Υἱὸς,
2341 1778 2618 1868 ἐλευθεροῖ
2656 1797 2832 1851 πάντα
2877 1798 2954 1870 τῷ
2976 1800 3074 1870 τῆς
3106 1799 3351 1863 δουλείας
3391 1797 3576 1869 δεσμῷ
3606 1815 3742 1850 συν-

2156 1884 2410 1956 εχόμενα.

2253 2020 2356 2085 Εἰς
2385 2019 2472 2084 τὸ,
2505 2037 2531 2072 ι
2563 2021 2683 2089 Πρό
2714 2020 2822 2075 τοῦ
2851 2018 3067 2086 αἰῶνος
3092 2019 3453 2090 ἐθεμελῖωσέ
3468 2037 3565 2089 με.
3604 2038 3623 2071 ι

2224 2130 2572 2201 Γέγραπταιο
2633 2153 2652 2186 ι
2698 2133 2754 2187 '0
2793 2133 2925 2198 Θεὸς
2971 2137 3035 2206 τῇ
3080 2135 3242 2204 σοφίᾳ
3276 2133 3604 2203 ἐθεμελίωσε
3632 2133 3741 2202 τὴν

2153 2221 2277 2291 γῆν.
2313 2241 2332 2273 ι
2364 2223 2426 2276 Ei
2459 2223 2637 2277 τοίνυν
2664 2224 2905 2296 θεμελιοῖ
2939 2227 3036 2295 μὲν
3063 2226 3095 2297 ἡ
3128 2224 3287 2292 σοφία
3314 2225 3410 2294 τὴν
3433 2223 3559 2293 γῆν,
3588 2221 3741 2291 αὕτη

2151 2313 2208 2367 δέ
2255 2316 2402 2368 ἐστιν
2434 2316 2466 2384 ἡ
2514 2315 2730 2369 πάντων
2771 2316 3041 2385 ἀσφάλεια
3075 2318 3265 2387 (μένει
3303 2315 3410 2385 γὰρ
3444 2314 3634 2384 ἐδραία
3665 2312 3739 2365 δι’

2153 2405 2367 2478 αὐτὴν),
2409 2406 2551 2460 κατὰ
2576 2407 2697 2461 τίνα
2725 2408 2924 2481 τρόπον
2949 2409 2981 2477 ἡ
3013 2407 3340 2475 θεμελιοῦσα
3385 2406 3743 2476 θεμελιοῦταιτ

2153 2498 2305 2568 παρὰ
2324 2497 2480 2562 Θεοῦ,
2505 2498 2784 2569 ζητητέον.
2819 2499 3047 2569 Εἴρηται
3073 2499 3254 2552 τοίνυν
3289 2499 3381 2550 καὶ
3411 2487 3569 2550 τοῦτὸ
3588 2496 3736 2548 κατὰ

2150 2587 2243 2643 τὸν
2263 2591 2383 2653 ταῖς
2410 2590 2734 2660 παροιμίαις
2756 2590 3037 2661 πρέποντα
3068 2589 3257 2651 τύπον,
3280 2588 3522 2657 πλαγίως
3550 2605 3733 2657 παραο

2150 2680 2498 2750 δηλούμενον,
2554 2681 2648 2733 καὶ
2689 2681 3076 2752 κεκρυμμένην
3132 2679 3253 2750 ἔχον
3296 2681 3351 2731 ἐν
3401 2678 3576 2748 ἑαυτῷ
3632 2677 3734 2748 τὴν

2152 2770 2520 2843 ἀληθεστέραν
2549 2772 2808 2826 διάνοιαν·
2828 2770 3037 2824 τοσοῦτο
3070 2772 3179 2841 γὰρ
3207 2771 3292 2823 ἀεὶ
3312 2770 3410 2840 τῆς
3430 2769 3735 2839 παροιμίας

2150 2858 2211 2911 τὸ
2249 2859 2455 2929 σχῆμα.
2496 2860 2856 2930 Θεμελιοῦται
2889 2860 3067 2912 τοίνυν
3107 2861 3140 2931 ἡ
3172 2859 3353 2927 σοφία,
3380 2858 3676 2922 τουτέστιν,
3703 2859 3736 2910 6

2153 2949 2279 3013 Υἱὺς
2304 2949 2396 3003 τοῦ
2431 2949 2587 3013 Θεοῦ,
2617 2952 2676 3003 οὐ
2717 2952 2855 3004 καθὸ
2882 2950 3053 3017 Λόγος
3079 2951 3226 3003 ἐστὶν
3263 2949 3436 3021 ἀρχὴν
3463 2948 3556 3002 τοῦ
3592 2944 3734 3001 εἶναι

2149 3044 2455 3113 δεχόμενος,
2509 3043 2644 3097 ἀλλὰ
2690 3043 2824 3097 καθὸ
2878 3041 3119 3111 γεγονὼς
3160 3042 3443 3114 ἄνθρωπος
3489 3041 3583 3095 καὶ
3629 3039 3732 3110 τὴν

2153 3134 2289 3206 πρὸς
2335 3138 2482 3207 ἡμᾶς
2529 3136 2768 3208 φορέσας
2817 3137 3098 3204 ὁμοίωσιν,
3149 3134 3290 3204 ἀρχὴ
3333 3135 3428 3186 καὶ
3479 3132 3735 3203 θεμέλιος

473 3228 667 3289 imlttit,
694 3230 1020 3299 principium
1045 3246 1109 3288 ac
1132 3233 1536 3290 ﬁuulameuluut
1567 3238 1719 3294 nobis
1744 3239 1917 3295 factus
1943 3252 2045 3307 esi,

2157 3228 2281 3297 ἡμῖν
2309 3226 2538 3295 γίνεται,
2569 3226 3038 3297 οἰκοδομουμένοις
3079 3227 3157 3288 είς
3192 3225 3474 3277 εὐσέϐειαν
3506 3224 3594 3277 διὰ
3630 3224 3734 3293 τῆς

469 3320 754 3376 ωιιίῐίριιιῑε
784 3322 1042 3378 nimirum
1070 3325 1135 3378 ad
1168 3328 1419 3396 pietatem
1451 3342 1546 3387 per
1579 3330 1735 3383 ﬁdem
1766 3331 1817 3383 in
1852 3332 2047 3400 ipsum,

468 3421 527 3464 et
560 3412 610 3462 in
654 3426 871 3477 novam,
905 3421 962 3467 ut
996 3415 1257 3484 scriptum
1301 3425 1387 3470 est
1429 3416 1500 3479 ³⁷,
1524 3431 1828 3472 creaturam
1880 3420 2050 3474 refor-

476 3503 658 3556 matis.
687 3506 845 3574 Atqui
879 3522 982 3561 non
1003 3508 1325 3578 simpliciter
1345 3508 1504 3571 dixit,
1531 3508 1669 3561 Deus
1694 3510 1927 3590 Verbum
1956 3521 2048 3566 aut

478 3596 675 3650 Filium
707 3613 789 3653 me
821 3599 964 3677 fecit,
1008 3616 1075 3655 ne
1103 3616 1206 3669 qua
1241 3603 1510 3657 htureticis
1533 3604 1750 3656 occasio
1780 3608 2048 3672 prmberc-

476 3701 565 3742 tur
600 3690 968 3748 calumniandi
1006 3694 1178 3761 ipsius
1202 3694 1495 3747 essentiam
1530 3704 1785 3764 tauquam
1816 3695 2010 3751 factam
2034 3738 2046 3760 ,

472 3781 570 3834 sed
604 3781 871 3847 absolute,
915 3800 933 3833 ι
964 3781 1210 3836 fundarit
1237 3799 1341 3837 me.
1376 3800 1394 3834 ι
1427 3784 1578 3849 Quod
1610 3786 1751 3839 enim
1801 3787 1853 3840 in
1891 3802 2051 3856 supe-

474 3871 709 3925 riuribtts
751 3872 907 3934 dixit,
955 3889 975 3921 ι
1011 3871 1273 3927 Dominus
1315 3874 1522 3927 creavit
1571 3888 1675 3939 me,
1723 3875 2048 3945 principium

472 3963 681 4016 viarum
736 3979 958 4019 suarum
1014 3963 1067 4018 in
1126 3979 1286 4032 opera
1349 3966 1555 4035 ipsius,
1622 3985 1640 4018 ι
1720 3968 1831 4023 hoc
1883 3970 2047 4024 etiam

459 4069 571 4122 per
639 4055 743 4109 hoc
802 4055 1162 4124 signiﬁcatur.
1230 4056 1344 4111 Illic
1414 4057 1560 4112 euiut
1647 4056 1846 4111 factum
1926 4072 2051 4114 esse

469 4158 531 4198 se
574 4145 897 4215 principium
951 4150 1159 4201 viarum
1208 4163 1428 4204 suarum
1479 4151 1647 4214 dicit;
1689 4152 1775 4205 hic
1819 4167 1949 4207 vero
1993 4165 2051 4205 se

473 4239 883 4294 ﬁtndamentum
921 4241 1127 4312 jactum
1159 4259 1281 4300 esse
1326 4258 1514 4299 eorum
1574 4247 1665 4313 qui
1718 4246 2052 4315 superautiﬁ-

468 4339 665 4385 (tantur
696 4329 950 4396 affirmat,
983 4335 1216 4390 diversis
1252 4337 1428 4393 modis
1470 4338 1610 4391 idem
1644 4336 1800 4405 plane
1845 4339 2048 4399 dicens.

466 4422 699 4493 aliisque
719 4426 900 4480 verbis
927 4427 1169 4481 eamdem
1206 4429 1466 4481 rationem
1492 4428 1791 4495 explicans.
1824 4428 2051 4482 Perinde

469 4515 615 4568 enim
651 4525 733 4570 est
767 4517 882 4571 sive
910 4519 1061 4573 dicas
1093 4519 1441 4588 principium,
1469 4519 1584 4571 sive
1613 4516 2044 4571 fundamentum.

471 4607 930 4671 Quemadmodum
976 4610 1119 4664 enim
1152 4611 1206 4662 itt
1251 4608 1357 4662 illis
1401 4607 1747 4677 principium,
1791 4609 1944 4678 171
1974 4611 2045 4662 ita

468 4701 634 4754 etiam
670 4701 757 4754 hic
803 4701 1213 4759 fundamentum
1254 4703 1311 4755 ﬁt
1359 4702 1425 4755 lis
1472 4699 1561 4768 qui
1601 4698 1699 4769 ipsi
1746 4715 1842 4778 per
1889 4703 2045 4754 tidem

466 4795 930 4865 supertediﬁt'nntu
940 4811 983 4849 r.

1114 4894 1117 4901 ’
1151 4902 1376 4960 AL'UD.

540 5021 990 5091 Sapientissimus
1018 5018 1217 5075 Paulus
1244 5021 1315 5074 ita
1348 5018 1548 5073 alicubi
1573 5019 1764 5076 scribit
1794 5038 1808 5075 :
1848 5040 1866 5072 ι
1898 5020 2048 5076 Fun-

468 5112 780 5177 damentum
810 5111 939 5166 illml
969 5125 1129 5164 nemo
1157 5116 1329 5179 potest
1358 5125 1581 5178 ponere,
1610 5122 1804 5178 praeter
1824 5112 1873 5166 id
1905 5111 2047 5180 quod

469 5202 704 5272 positum
744 5212 847 5264 est,
882 5201 1023 5270 quod
1055 5211 1137 5255 est
1177 5199 1426 5256 Chrisms
1456 5199 1616 5255 Jesus
1656 5201 1723 5255 ’⁸.
1755 5220 1773 5253 ι
1813 5202 1870 5258 Si
1920 5218 2049 5273 ergo

465 5292 719 5348 Christus
745 5293 1152 5347 ﬁuulamentum
1175 5294 1357 5363 jactus
1400 5306 1502 5364 est,
1528 5309 1743 5367 oportet
1772 5311 1950 5353 autem
1981 5314 2043 5351 ea

470 5401 590 5450 qua:
627 5384 1135 5454 supcra‘tlilicantur
1182 5390 1404 5446 omnino
1435 5392 1545 5446 sint
1574 5393 1723 5455 talia,
1774 5390 1934 5460 quale
1967 5398 2049 5445 cst

471 5476 776 5549 subjectum
808 5474 1211 5534 ﬁttulameutum
1242 5480 1341 5545 (ita
1368 5485 1511 5537 enim
1537 5495 1814 5539 structura
1844 5498 2046 5538 conve-

472 5571 647 5631 niens,
697 5579 752 5621 ut
802 5567 1062 5636 scriptum
1097 5584 1179 5628 est
1219 5573 1287 5642 θ’,
1326 5575 1634 5644 implebitur
1682 5575 1733 5628 in
1782 5574 2041 5642 templmn

2151 3320 2232 3380 εἰς
2261 3318 2423 3372 αὐτὸν
2458 3319 2712 3381 πίστεως,
2765 3318 2859 3371 καὶ
2906 3319 2985 3380 εἰς
3031 3316 3129 3388 τὴν
3163 3316 3353 3386 καινὴν
3384 3316 3561 3368 κτίσιν
3595 3316 3733 3367 ἀνα-

2155 3410 2575 3482 μορφουμένοις,
2618 3409 2801 3472 καθὼς
2856 3410 3185 3479 γέγραπται.
3247 3410 3409 3477 Λέγει
3451 3408 3582 3477 γοῦν
3631 3407 3737 3478 οὐχ

2150 3501 2356 3565 ἁπλῶς,
2372 3501 2429 3554 '0
2450 3500 2581 3564 Θεὸς
2603 3501 2772 3568 Λόγον
2795 3500 2827 3570 ἢ
2856 3500 2980 3552 Υίόν
3009 3516 3076 3571 με
3103 3500 3423 3570 πεποίηκεν,
3444 3499 3530 3552 ἴνα
3554 3499 3629 3570 μή
3650 3516 3739 3564 τις

2149 3598 2262 3658 τοῖς
2302 3592 2697 3665 ἐτεροδοξοΰσιν
2755 3595 2991 3663 ὑπάρχοι
3031 3593 3396 3667 παρείσδυσις.
3421 3591 3516 3645 τοῦ
3554 3609 3738 3645 κατα-

2149 3687 2442 3758 ψεύδεσθαι
2485 3688 2583 3758 τῆς
2616 3688 2804 3750 οὐσίας
2845 3688 3016 3741 αὐτοῦ
3062 3687 3139 3750 ὡς
3174 3687 3571 3757 πεποιημένης,
3617 3686 3739 3739 ἀλλ’

2151 3780 2585 3851 ἀπολελυμένως,
2616 3799 2635 3830 ί
2669 3779 3149 3849 Ἐθεμελίωσέιμε.
3191 3797 3211 3828 ›
3253 3778 3320 3831 Ὃ
3348 3779 3455 3848 γὰρ
3494 3777 3735 3845 ἔφασκεν

2152 3874 2211 3925 ἐν
2231 3874 2342 3936 τοῖς
2370 3871 2645 3936 ἀνωτέρω,
2679 3872 2914 3942 «Κύριος
2935 3869 3117 3923 ἐκτισέ
3151 3885 3215 3940 με
3242 3869 3416 3940 ἀρχὴν
3458 3868 3596 3922 ὁδῶν
3637 3869 3738 3922 αὕ-

2151 3965 2244 4017 τοῦ
2274 3965 2354 4026 εἰς
2386 3962 2524 4034 ἔργα
2550 3962 2769 4024 aurati,»
2796 3961 2954 4016 τοῦτο
2978 3961 3175 4015 καὶδιά
3200 3960 3358 4014 τοῦτο
3379 3961 3733 4030 σημαίνεται.

2163 4056 2310 4110 Ἐκεί
2346 4054 2444 4126 μὲν
2468 4053 2576 4124 γὰρ
2603 4054 2776 4124 ἀρχὴν
2804 4052 2942 4106 ὁδῶν
2970 4052 3163 4106 ἑαυτὸν
3190 4051 3521 4123 πεποιῆσθαί
3544 4069 3733 4124 φησιν,

2153 4146 2388 4201 ἐνταῦθα
2446 4146 2499 4198 δὲ
2557 4146 2806 4215 θεμέλιον
2858 4143 3400 4215 ἐποικοδομουμένων
3445 4144 3533 4196 ἐπ’
3582 4143 3736 4214 αὐτῷ

2153 4240 2587 4311 καταδεδλῆσθαι
2633 4238 3028 4310 δι’ίαχυρίζεται
3051 4278 3066 4302 ,
3104 4237 3458 4308 πολυτρόπως
3487 4236 3555 4290 τὰ
3595 4238 3737 4292 αὐτὰ

2151 4333 2346 4400 λέγων,
2388 4333 2483 4386 καὶ
2507 4331 2594 4384 διὰ
2629 4331 2737 4384 τῶν
2776 4329 2954 4384 αὐτῶν
2999 4330 3289 4399 νοημάτων
3341 4329 3736 4395 ἀνακυκλώσας

2151 4425 2248 4478 τὸν
2270 4423 2448 4491 λόγον.
2480 4424 2623 4475 Ἴσον
2652 4422 2761 4492 γάρ
2806 4423 2956 4474 ἐστιν
2989 4420 3165 4472 εἰπεῖν
3209 4419 3384 4490 ἀρχὴν
3431 4420 3526 4472 καὶ
3567 4418 3736 4489 θεμέ-

2153 4516 2286 4569 λιον.
2325 4514 2413 4577 Ὠς
2457 4513 2565 4583 γάρ
2610 4515 2668 4566 ὲν
2716 4512 2950 4575 ἐκείνοις
2994 4511 3161 4582 ἀρχὴ,
3192 4510 3337 4564 οὕτω
3374 4511 3466 4563 καὶ
3497 4510 3734 4565 ἐνταῦθα

2156 4606 2405 4676 θεμέλιος
2443 4605 2550 4658 τῶν
2580 4601 3120 4673 ἐποικοδομουμένων
3155 4603 3245 4654 ἐπ’
3286 4600 3448 4653 αὑτὸν
3497 4599 3585 4653 διὰ
3634 4599 3736 4668 τῆς

2155 4699 2389 4761 πίστεως
2426 4696 2656 4767 γίνεται.

2825 4896 3026 4950 ΑΛΛυ.

2228 5013 2395 5083 Λέγει
2419 5029 2522 5066 που
2550 5009 2760 5073 Παῦλος
2791 5006 3125 5062 ἐπιστέλλων
3156 5005 3184 5058 6
3213 5002 3542 5072 σοφώτατος·
3576 5017 3595 5052 ι
3630 4999 3735 5055 Θεο

2158 5109 2341 5181 μέλιον
2383 5105 2539 5159 ἄλλον
2581 5102 2755 5164 οὐδεὶς
2783 5100 3003 5153 δύναται
3042 5097 3214 5150 θεῖναι
3249 5094 3399 5168 παρὰ
3422 5093 3513 5147 τὸν
3547 5091 3737 5162 κείμε-

2155 5217 2266 5264 νον,
2291 5199 2348 5261 ὂς
2378 5196 2525 5249 ἐστιν
2541 5193 2750 5264 Ἰησοῦς
2783 5188 3041 5261 Χριστός.
3066 5206 3084 5238 ι
3122 5188 3186 5241 Ei
3217 5185 3398 5240 τοίνυν
3428 5186 3606 5237 κεῖται
3635 5183 3737 5253 μὲν

2158 5290 2404 5362 θεμέλιος
2426 5288 2454 5341 6
2481 5283 2716 5358 Χριστὸς
2733 5323 2747 5346 ,
2775 5282 2855 5335 δεῖ
2887 5281 2943 5335 δὲ
2974 5280 3043 5333 τὰ
3073 5276 3578 5348 ἐποικοδομούμενα
3600 5275 3737 5328 πάν-

2156 5400 2263 5446 τως
2304 5375 2446 5433 εἶναι
2492 5374 2736 5436 τοιαῦτα,
2782 5373 2963 5426 ὁποῖόν
2988 5387 3092 5441 περ
3126 5370 3192 5423 ἂν
3238 5368 3475 5438 ὑπάρχοι
3508 5365 3569 5418 τὸ
3601 5364 3731 5417 ὐπο-

2156 5474 2408 5543 κείμενον
2453 5468 2632 5540 (οὕτω
2670 5465 2779 5536 γάρ
2810 5466 2875 5518 ἂν
2904 5464 2994 5516 καὶ
3039 5463 3074 5533 ἡ
3104 5459 3362 5530 οἰκοδομὴ
3403 5455 3736 5526 συναρμολο-

2154 5565 2417 5636 γουμένη,
2467 5558 2610 5616 καθὰ
2663 5558 2994 5628 γέγραπται,
3041 5550 3462 5622 πληρωθήσεται
3495 5550 3576 5612 είς
3605 5547 3734 5601 ναὸν

545 5745 592 5818 τ’*
625 5746 777 5818 liam.
815 5764 930 5816 νιιι,
967 5749 1145 5818 I932.
1224 5751 1458 5808 “Eccli.
1496 5767 1641 5818 xxiv,
1688 5752 1772 5807 Η.
1849 5750 1895 5781 ’⁸
1928 5749 2049 5803 Pro‘

2157 5759 2211 5813 ιι,
2249 5742 2331 5799 19.
2408 5740 2450 5769 ⁹⁷
2485 5739 2520 5793 11
2549 5737 2675 5791 Cor.
2708 5750 2759 5800 ν,
2802 5734 2881 5789 Π.
2959 5733 3004 5766 ⁸⁸
3037 5731 3206 5788 lCor.
3242 5746 3324 5794 tu,
3362 5727 3447 5783 ll.
3525 5729 3570 5759 ’ν
3596 5722 3729 5778 Ibid.

504 5814 689 5870 1246.
