3996 6412
170 356 266 412 289

1597 360 2038 422 THESAURUS.

3376 383 3483 441 290

173 471 349 545 ᾰτιον)
372 509 389 537 ,
443 470 704 571 εῦδηλον
777 476 1045 548 δήπουθεν
1091 479 1284 552 ὅτιπερ
1330 480 1393 533 οὐ
1441 480 1576 535 καθὸ
1613 483 1776 551 Λόγος

1889 488 2164 557 sanetum)
2204 510 2218 544 :
2264 490 2611 546 nianilestum
2646 502 2796 549 certe
2825 504 2909 549 est
2950 499 3090 564 quod
3131 513 3237 553 nOu
3282 517 3479 571 quate-

170 565 325 631 ιστὶν,
350 562 564 616 ἑαυτὸν
616 565 1068 638 τεθεμελιιῖηθαί
1110 588 1276 641 φησιν
1297 590 1309 603 ο
1344 572 1495 626 οὐδὲν
1523 574 1633 644 γάρ
1670 576 1786 628 ἐστι

178 653 311 711 κατὰ
336 651 503 722 φύσιν
538 652 637 724 τῷ
683 656 855 728 Λόγῳ
880 660 1225 728 προσεοικὸς,
1254 662 1363 716 οὐδ’
1389 661 1456 716 ἂν
1483 663 1788 736 ἁρμοσθείη

186 764 234 800 τι
275 745 366 799 τῶν
398 744 590 797 ὄντων
646 747 804 818 πρὸς
854 750 1064 804 ἐκεῖνον
1121 751 1406 821 φυσικῶςο
1450 753 1479 807 ό
1528 755 1628 825 μὲν
1675 756 1787 827 γὰρ

191 837 406 910 ποιητὴς,
427 837 503 891 τὰ
537 837 606 892 δὲ
641 841 971 910 κτίσματα·
1007 842 1145 897 ἀλλὰ
1175 843 1311 897 καθὸ
1333 845 1556 915 γέγονεν
1575 846 1790 918 ἄνθρω-

187 948 270 994 ιιος
292 930 379 984 καὶ
400 931 604 1000 ὅμοιος
664 931 840 1003 ἡμῶν
875 934 1020 987 κατά
1047 936 1246 1000 πάντα,
1279 938 1449 1008 χωρὶς
1487 938 1784 1011 ἁμαρτίας,

183 1021 407 1092 θεμέλιον
446 1022 673 1076 ἑαυτὸν
720 1024 1176 1096 καταϐεϐλῆσθαί
1201 1045 1335 1099 φησι
1364 1027 1474 1083 τῶν
1512 1029 1790 1083 ὲποικοδου

182 1113 444 1184 μαιομένων
471 1113 574 1166 ἐπ’
602 1112 806 1185 αὐτῷ,
840 1114 1160 1187 δυναμένων
1184 1116 1335 1186 αὐτῷ
1366 1120 1789 1191 συναρμολογεῖ-

179 1203 305 1257 σοαι.
331 1202 488 1257 Καθδ
503 1202 632 1276 γὰρ
664 1206 774 1259 καὶ
801 1206 968 1270 αὐτὸς
996 1208 1221 1276 γέγονεν
1245 1208 1555 1282 ἄνθρωπος,
1584 1210 1789 1283 πολλὴν

170 1297 272 1367 ἔχει
296 1296 431 1368 πρὸς
457 1297 626 1367 ἡμᾶς
669 1295 782 1367 τὴν
816 1298 1145 1366 συγγένειαν
1188 1298 1276 1353 διὰ
1308 1302 1408 1372 τὴν
1443 1300 1545 1371 τῆς
1585 1302 1788 1374 σαρκὸς

172 1387 343 1458 οὖσιν.
383 1387 616 1443 Οὐκοῦν
654 1390 761 1441 ἐπὶ
805 1388 908 1461 τὴν
943 1390 1039 1443 τοῦ
1074 1391 1325 1463 Σωτῆρος
1372 1393 1787 1467 ἑνανθρώπησιν

186 1483 272 1534 ui.
287 1480 431 1535 τοῦτο
456 1483 889 1551 παρενεκτέον,
918 1481 1005 1534 ἵνα
1025 1482 1087 1535 τὸ
1104 1482 1387 1554 δύσφημον
1412 1484 1784 1557 διαφύγωμεν,

193 1572 489 1643 γεγενῆσθαι
538 1574 898 1643 φάσκοντες,
937 1574 1034 1627 καὶ
1059 1576 1237 1646 ἀρχὴν
1262 1576 1357 1629 τοῦ
1400 1570 1540 1631 εἶναι
1573 1577 1786 1647 λαμδα-

191 1682 288 1719 νειν
312 1665 406 1735 τὴν
448 1666 656 1735 σοφίαν
707 1664 810 1718 τοῦ
844 1665 1004 1721 Θεοῦ.
1035 1667 1245 1737 Ὅνπερ
1279 1667 1388 1740 γὰρ
1434 1669 1635 1739 τρόπον
1664 1671 1786 1724 ἑτέ-

189 1771 293 1825 ροις
329 1754 572 1820 ἄμπελον
621 1754 736 1825 μὲν
781 1755 984 1808 ἑαυτὸν
1027 1750 1168 1810 εἷναί
1216 1774 1413 1827 φησιν,
1455 1760 1600 1830 ἡμᾶς
1629 1760 1686 1813 δὲ
1714 1760 1785 1815 τὰ

189 1847 464 1916 κλήματα,
514 1849 577 1899 οὺ
629 1844 771 1910 ξένα
830 1846 1135 1911 δεικνύων,
1179 1848 1299 1902 οὐδὲ
1348 1851 1633 1924 ἑτερογενῆ
1679 1855 1777 1927 τῆς

198 1938 427 2008 ἀμπέλου
468 1938 538 1993 τὰ
571 1937 851 2009 κλήματα
876 1979 891 2003 ,
943 1939 1057 1993 ἀλλ’
1096 1939 1156 2005 ἐξ
1204 1942 1418 2013 ἐκείνης
1460 1943 1589 1998 ὄντα
1636 1947 1778 2000 κατὰ

208 2031 359 2101 φῦσιν
381 2072 398 2095 ,
441 2030 600 2093 οὕτως
631 2030 886 2085 ἐνταῦθα
922 2030 1171 2102 θεμέλιον
1206 2034 1362 2105 ἡμῶν
1407 2036 1598 2090 ἑαυτὸν
1637 2034 1778 2092 εἷναί

212 2134 385 2187 φησιν,
420 2117 500 2170 ἶνα
518 2118 618 2172 τῶν
637 2120 1206 2189 ὲποικοδομουμένων
1228 2124 1315 2175 ἐπ’
1341 2124 1491 2196 αὐτῷ
1520 2127 1618 2192 τὴν
1642 2127 1776 2197 πρὸς

205 2209 356 2263 αὐτὸν
378 2208 599 2281 ἐπιδείξῃ
634 2210 989 2278 συγγένειαν
1020 2212 1275 2283 φυσικὴν,
1303 2215 1391 2267 ὅτε
1420 2216 1640 2285 γέγονεν
1680 2216 1776 2271 ἄν·

193 2299 411 2369 θρωπος.
447 2300 571 2353 Τότε
610 2301 735 2370 γὰρ
764 2302 870 2354 καὶ
916 2303 1062 2356 κατὰ
1112 2304 1275 2372 φύσιν
1319 2306 1466 2377 αὐτῷ
1510 2308 1779 2363 συναπτό-

187 2391 337 2462 μεθα,
372 2393 466 2445 καὶ
505 2394 610 2463 τῆς
661 2394 817 2465 πρὸς
860 2392 1024 2448 αὑτὸν
1056 2397 1376 2467 ὁμογενείας
1414 2398 1775 2472 ἐξηρτημένοι

188 2484 362 2555 ὥσπερ
402 2486 495 2556 τῆς
537 2486 818 2557 ἀμπέλου
861 2487 932 2540 τὰ
974 2487 1262 2559 κλήματα,
1318 2494 1776 2577 καρπρφοροῦμεν

193 2576 284 2646 τὴν
309 2578 381 2639 εἰς
418 2576 543 2631 Θεὸν
596 2577 929 2633 εὐσέϐειαν.
970 2579 1163 2633 Κεῖται
1197 2576 1487 2653 τοιγαροῦν
1527 2583 1775 2655 θεμέλιος

186 2670 280 2738 μὲν
316 2671 757 2743 ἐνανθρωπήσας
800 2673 833 2726 ὁ
881 2672 979 2726 τοῦ
1014 2672 1148 2727 Θεοῦ
1180 2675 1381 2743 Λόγος·
1415 2679 1575 2747 ἡμεῖς
1601 2678 1658 2731 δὲ
1688 2680 1774 2732 ἐπ’

179 2760 315 2831 αὐτῷ
360 2763 619 2835 καθάπερ
669 2764 829 2828 τινὲς
874 2765 1023 2833 ἆγιοι
1070 2765 1204 2819 λίθοι
1245 2768 1771 2840 ἐποικοδομούμεθα,

180 2850 257 2905 ἶνα
283 2856 374 2907 καὶ
398 2857 527 2920 ναὸς
548 2855 655 2909 τοῦ
693 2856 1048 2922 ἐνοικοῦντος
1074 2858 1131 2910 ὲν
1161 2858 1294 2929 ἡμῖν
1327 2858 1486 2928 ἁγίου
1517 2859 1772 2932 Πνεύμα-

185 2961 260 3006 τος
286 2950 756 3020 χρηματίσωμεν.

859 3086 1065 3139 ΑΛΛΟ.

259 3234 276 3266 ι
300 3216 401 3287 Πρὸ
430 3215 527 3270 τοῦ
560 3219 780 3281 αἰῶνος
806 3216 1141 3287 ὲθεμελίιυσέ
1172 3238 1259 3291 με.
1290 3224 1309 3272 i
1352 3220 1586 3294 Εὕλογον
1617 3221 1772 3296 οἶμαι

201 3303 275 3354 καὶ
292 3305 574 3373 ἀναγκαῖον
600 3307 803 3361 αὐτῶν
830 3310 1172 3393 φαινομένων
1197 3312 1657 3385 παραδειγμάτων
1673 3317 1772 3381 τὰς
1808 3366 1811 3369 .

204 3395 427 3465 ἀνοήτους
468 3399 589 3452 τῶν
646 3399 962 3470 αἱρετικῶν
1019 3402 1349 3457 ἀνακόπτειν
1416 3407 1769 3473 κακοδοξίαςο

207 3487 328 3557 τάχα
354 3490 443 3545 κᾶν
467 3492 623 3545 οὕτω
641 3492 1075 3564 δυσωπηθέντες
1096 3494 1193 3566 τὴν
1219 3495 1499 3567 ἀλήθειαν,
1519 3500 1654 3570 πρὸς
1675 3501 1773 3565 τὰς

205 3578 477 3652 6113;913:451;
496 3586 981 3655 ἀποναρκήσωσι.
1018 3586 1091 3639 Τὸ
1125 3587 1375 3659 θεμελιού
1386 3608 1545 3660 μενον
1571 3594 1769 3659 τοίνυν,

197 3673 275 3725 καὶ
294 3676 367 3738 εἰς
385 3676 663 3748 τοιαύτην
707 3677 833 3729 τινὰ
857 3676 1273 3748 λαμϐανόμενον
1302 3682 1514 3752 χρείαν,
1550 3684 1609 3737 οὐ
1635 3686 1772 3739 πάν-

182 3778 276 3825 τως
298 3765 417 3818 τότε
447 3765 553 3819 τοῦ
586 3763 740 3819 εἶναι
770 3766 871 3837 τὴν
899 3769 1075 3839 ἀρχὴν
1105 3768 1226 3839 ἕχον
1258 3772 1527 3841 φαίνεται,
1560 3774 1650 3828 ὅτε
1679 3776 1772 3829 καὶ

172 3856 247 3919 είς
270 3856 528 3928 θεμέλιον
573 3858 893 3929 πέμπεται.
927 3860 1064 3931 Φέρε
1104 3860 1211 3932 γὰρ
1237 3863 1431 3926 εἰπεῖν,
1464 3863 1603 3918 ἔστω
1627 3866 1772 3930 λίθος

167 3948 224 4000 τὸ
250 3950 775 4020 καταπεμπόμενον
819 3951 916 4003 καὶ
959 3952 1020 4005 έν
1047 3954 1113 4023 τῇ
1150 3956 1219 4025 γῇ
1255 3956 1656 4027 κρυπτόμενον·
1690 3958 1773 4011 δεῖ

165 4040 370 4110 rei)?»
398 4043 585 4095 αὑτὸν
618 4043 733 4095 ἀπό
764 4059 909 4106 τινος
954 4042 1159 4116 πέτρας
1184 4047 1217 4117 ἢ
1246 4046 1304 4113 ἐξ
1330 4046 1490 4120 ὅρους
1522 4050 1764 4122 ἀποτμη-

163 4130 331 4202 θέντα,
364 4134 522 4206 πρὸς
556 4134 665 4205 τὴν
699 4133 962 4205 τοιαύτην
1017 4135 1389 4206 λαμϐάνεσθαι
1422 4140 1643 4211 χρείαν*
1677 4144 1771 4196 καὶ

165 4225 431 4298 πρότερον
478 4242 553 4294 γε
599 4226 777 4289 ἐστιν,
824 4222 925 4280 εἶθ’
968 4226 1111 4282 οὕτω
1141 4229 1393 4302 θεμέλιος
1435 4232 1641 4300 γίνεται
1690 4236 1770 4299 εἰς

164 4314 311 4383 βάθος
347 4319 469 4388 γῆς
501 4317 1021 4389 καταχωννύμενος.
1040 4320 1181 4375 Ἀλλ’
1208 4322 1367 4394 εἴπερ
1394 4342 1474 4387 τις
1503 4323 1580 4396 τῷ
1603 4342 1772 4380 κατα-

160 4408 421 4479 σληθέντι
465 4410 614 4481 λίθῳ
665 4410 785 4480 δοίη
824 4412 1042 4482 φωνὴν,
1081 4414 1174 4466 καὶ
1222 4415 1310 4468 τὸν
1341 4416 1613 4488 ἀνθρώπῳ
1647 4418 1775 4487 πρέ-

1890 594 1990 635 nns
2021 588 2103 636 est
2134 580 2392 650 Verbum,
2427 584 2710 640 l'unrdatum
2738 602 2800 641 se
2830 589 2973 642 uieat
3001 607 3015 644 :
3046 590 3179 645 nihil
3221 594 3367 648 enim
3398 605 3479 649 est

1888 673 2184 727 secundum
2216 685 2465 731 naturam
2507 676 2687 733 Verbo
2721 680 2929 745 simile,
2971 698 3144 751 neque
3181 685 3476 754 quidquam
3546 714 3552 725 ι

1887 779 2074 835 eorum
2116 780 2237 834 quae
2282 768 2555 823 exsistunt
2604 772 2926 827 ttatnraliter
2964 789 3085 828 cmn
3130 790 3192 831 ea
3230 780 3476 832 construi

1890 856 2062 925 possit
2105 874 2118 911 :
2154 872 2277 910 nam
2320 858 2433 928 ipse
2465 870 2681 915 creator
2704 872 2808 926 est,
2844 864 2958 917 haec
3002 878 3132 919 vero
3173 876 3473 921 creaturas:

1888 949 1984 1001 sed
2028 957 2299 1017 quatenus
2335 952 2512 1004 lactus
2544 960 2629 1004 est
2670 953 2853 1017 homo,
2889 963 2941 1007 et
2982 955 3179 1011 similis
3228 959 3383 1013 nobis
3422 959 3474 1013 in

1887 1042 2160 1105 omnibus,
2190 1052 2417 1112 excepto
2456 1055 2702 1113 peccato,
2739 1045 3147 1103 ronnlmnentnm
3185 1064 3243 1104 se
3266 1050 3474 1120 jactum

1888 1146 2010 1188 esse
2032 1133 2165 1189 dicit
2191 1134 2258 1189 iis
2286 1135 2377 1205 qui
2424 1136 2934 1204 supera-dilicantur
2969 1139 3090 1206 ipsi,
3121 1151 3178 1194 ut
3215 1142 3266 1195 in
3311 1158 3472 1195 unam

1888 1238 2010 1280 cum
2052 1226 2169 1289 ipso
2208 1236 2542 1281 structuram
2588 1229 2907 1284 concinnari
2959 1232 3187 1299 possint.
3227 1231 3357 1285 Nam
3406 1248 3471 1288 ea

1887 1310 2097 1365 ratione
2140 1328 2243 1381 qua
2293 1315 2457 1379 etiam
2506 1316 2618 1383 ipse
2651 1314 2824 1371 lactus
2866 1327 2950 1372 est
2993 1320 3177 1385 homo,
3225 1336 3470 1391 magnam

1888 1401 2171 1456 nobiscum
2207 1405 2643 1460 cenvenientiam
2679 1418 2731 1461 et
2777 1409 3156 1478 cognationem
3206 1411 3365 1465 habet
3401 1414 3472 1466 ob

1888 1493 2071 1547 carnis
2105 1506 2375 1552 naturam.
2416 1496 2683 1565 Quocirca
2731 1502 2895 1555 etiam
2928 1503 2994 1555 ad
3042 1502 3468 1558 incarnationem

1891 1585 2061 1653 ipsius
2111 1586 2454 1642 referendum
2499 1599 2614 1655 est,
2663 1601 2720 1644 ut
2748 1592 3136 1660 blasphemiam
3182 1596 3469 1660 evitemus,

1889 1693 2051 1746 quam
2079 1679 2485 1736 iueurreremus
2509 1682 2553 1738 si
2580 1683 2888 1739 diceremus
2926 1684 3073 1739 illum
3103 1685 3305 1740 factum
3325 1703 3468 1752 esse,

1889 1782 1944 1823 et
1988 1772 2312 1839 sapientiam
2350 1773 2442 1827 Dei
2479 1777 2803 1844 principium
2843 1778 3141 1832 exsistendi
3171 1780 3468 1848 accepisse.

1814 1835 1855 1926 β
1884 1860 2345 1927 Quemadmmlntn
2372 1865 2513 1918 enim
2543 1865 2664 1919 aliis
2689 1866 2851 1919 vitent
2880 1868 3115 1937 seipsnm
3146 1882 3272 1922 esse
3306 1869 3466 1933 dicit,

1882 1969 1981 2009 nos
2018 1965 2197 2008 autem
2253 1956 2380 2009 vitis
2414 1957 2662 2025 palmites
2693 1956 2733 2024 ¹,
2787 1959 2876 2027 qni
2923 1961 3241 2014 naturaliter
3272 1977 3339 2016 ex
3379 1960 3467 2015 ilia

1882 2049 2014 2114 sint,
2062 2050 2135 2103 ita
2180 2050 2267 2104 hic
2309 2049 2715 2103 fundamentum
2761 2060 3004 2104 nostrum
3059 2052 3296 2121 Seipsum
3334 2067 3456 2108 esse

1878 2138 2129 2204 affirmat,
2161 2152 2219 2194 ut
2250 2157 2439 2195 eorum
2475 2142 2564 2211 qui
2618 2143 2715 2211 ipsi
2765 2142 3267 2212 suprrmdiﬂrantur
3299 2158 3458 2198 natu-

1877 2230 2045 2283 ralem
2094 2245 2279 2285 secum
2314 2232 2693 2299 cognationem
2728 2231 2991 2296 declaret,
3027 2234 3243 2300 quando
3292 2233 3465 2287 lactus

1876 2333 1961 2378 est
2002 2323 2186 2377 homo.
2221 2322 2376 2377 Tunc
2414 2325 2558 2377 enim
2594 2324 2892 2378 secundum
2929 2332 3178 2376 naturam
3214 2323 3261 2377 ei
3296 2338 3464 2392 copu-

1879 2413 2073 2476 lantur,
2125 2413 2420 2480 eademque
2474 2412 2861 2482 conjunctione
2920 2427 3024 2481 qua
3070 2410 3323 2480 palmites
3368 2413 3462 2464 viti

1876 2504 1978 2575 ipsi
2011 2505 2223 2568 inserti,
2256 2505 2475 2573 pietatis
2525 2506 2577 2559 in
2624 2505 2787 2559 Deum
2823 2504 3030 2559 fructus
3056 2505 3288 2558 edimus.
3329 2503 3465 2557 Ver-

1875 2597 2002 2651 bum
2039 2596 2217 2666 itaque
2253 2596 2343 2650 Dei
2374 2596 2786 2650 fundamentum
2816 2606 3061 2649 nostrum
3088 2596 3323 2662 positum
3356 2604 3462 2658 est,

1874 2703 1994 2742 cum
2031 2689 2764 2765 Ittttttattilaletn/assttn:psil
2817 2707 2829 2741 :
2878 2704 2974 2741 nos
3017 2704 3144 2741 vero
3186 2688 3234 2740 ei
3292 2687 3459 2741 veluti

1874 2779 2290 2847 sanctiqnidam
2318 2778 2525 2846 lapides
2551 2777 3078 2847 superarlilicmnur,
3123 2790 3181 2831 ιιι
3228 2788 3282 2831 ct
3331 2789 3462 2832 tem-

1875 2867 2022 2937 plum
2059 2867 2420 2922 iultabitantis
2452 2868 2506 2922 in
2539 2867 2697 2923 nobis
2720 2868 2954 2938 Spiritus
2985 2870 3158 2923 sancti
3185 2883 3457 2925 vocemur.

1988 2978 1994 3003 l

2563 3083 2788 3139 ALiUD.

1952 3238 1970 3271 ι
2006 3219 2148 3274 Ante
2200 3218 2397 3273 saecula
2450 3219 2694 3273 fundarit
2749 3234 2852 3273 me.
2890 3238 2910 3272 ι
2972 3221 3164 3288 Opera:
3223 3222 3458 3289 pretium

1873 3312 2233 3367 existimarint
2287 3311 2632 3366 evidentibus
2670 3311 2934 3379 exemplis
2975 3312 3193 3366 insanas
3240 3312 3459 3366 lia-reli-

1872 3416 2059 3459 corum
2094 3404 2379 3472 opiniones
2432 3403 2717 3457 confutare
2762 3420 2776 3457 :
2819 3404 2933 3458 lleri
2981 3407 3126 3457 enim
3179 3416 3356 3474 potest
3400 3417 3457 3460 ιιι

1873 3491 1944 3545 ita
1970 3493 2036 3544 ad
2064 3492 2306 3546 veritatis
2334 3492 2698 3561 cognitionem
2741 3496 3130 3548 erubescentes
3155 3512 3181 3546 a
3209 3497 3459 3562 ltlaSphe-

1873 3585 1996 3639 miis
2027 3583 2355 3639 abstineant.
2398 3585 2549 3652 Quod
2593 3586 2759 3656 igitur
2798 3586 3057 3639 inundatur
3086 3595 3140 3639 et
3190 3588 3243 3640 in
3298 3589 3453 3640 illum

1871 3695 2029 3734 usum
2073 3680 2326 3742 sumitur,
2359 3695 2465 3734 non
2502 3681 2725 3734 onmiuo
2754 3690 2881 3735 tunc
2912 3681 3210 3735 exsistendi
3242 3681 3453 3733 initium
3526 3716 3529 3721 ς

1872 3774 2073 3826 haltere
2106 3775 2378 3837 cernitur,
2410 3774 2627 3840 quando
2665 3774 2716 3826 in
2749 3772 3159 3827 fundamentum
3198 3776 3453 3827 tttilliillr.

1878 3864 2037 3934 172
2085 3864 2220 3919 Nam
2251 3865 2479 3933 exempli
2510 3866 2707 3933 gratia,
2733 3880 2924 3917 saxum
2954 3866 3004 3917 in
3037 3874 3235 3917 terram
3259 3865 3453 3917 fomla-

1873 3960 2039 4013 menti
2068 3958 2189 4013 loco
2216 3957 2446 4026 iactum,
2477 3972 2699 4012 necesse
2722 3968 2804 4011 est
2834 3968 2891 4011 ut
2941 3959 3172 4026 primum
3205 3972 3267 4009 ex
3303 3967 3454 4023 petra

1870 4050 1956 4104 vel
1984 4067 2115 4121 rupe
2138 4052 2380 4104 excisum
2413 4051 2477 4103 ad
2500 4050 2763 4117 ejusmodi
2788 4065 2941 4103 usum
2972 4051 3450 4103 acronnnodetur:

1872 4143 2021 4212 atqui
2058 4143 2209 4213 prius
2240 4141 2475 4204 evsistil,
2509 4140 2703 4195 deinde
2736 4140 3074 4195 fundamenti
3110 4141 3229 4195 loco
3261 4142 3366 4195 alte
3396 4143 3450 4195 in

1871 4225 2071 4288 terram
2105 4233 2429 4289 demittitur.
2470 4233 2537 4286 At
2566 4233 2610 4288 si
2640 4233 2762 4302 quis
2802 4248 2937 4286 saxo
2967 4234 3018 4284 in
3053 4243 3254 4287 terram
3287 4232 3453 4287 misso

1871 4340 2062 4378 vocem
2095 4333 2150 4378 et
2195 4324 2529 4379 intellectum
2566 4324 2768 4378 homini
2797 4333 3187 4394 congruentem
3225 4325 3451 4389 tribuat,

1874 4418 1923 4470 id
1956 4419 2022 4471 de
2052 4418 2230 4487 seipso
2264 4419 2332 4470 ita
2370 4418 2549 4472 dicere
2580 4416 3003 4488 pussil:Saxntn
3035 4418 3252 4488 quidem
3279 4434 3451 4482 eram,

158 4516 324 4556 ποντα
364 4503 720 4573 χορηγήσειε
753 4502 910 4563 νοῦν,
937 4507 1084 4557 εῐποι
1116 4504 1180 4558 ἂν
1215 4507 1281 4560 τὰ
1313 4507 1436 4561 καθ’
1466 4508 1658 4562 ἑαυτὸν
1685 4508 1770 4576 ἐξ-

1878 4510 1927 4559 ἰιι
1953 4521 2085 4575 rnpe
2102 4508 2182 4559 vel
2211 4517 2392 4560 monte
2415 4506 2602 4573 jaceus
2628 4525 2642 4561 :
2673 4522 2816 4561 nunc
2843 4507 3163 4561 vetol'aetns
3190 4520 3306 4559 sum
3334 4509 3455 4559 run-

157 4596 502 4665 ηγοὺμενος,
540 4593 627 4646 ὃτι
659 4592 820 4655 Λίθος
853 4594 955 4663 μὲν
980 4595 1128 4667 ήμην
1163 4599 1242 4661 εἰς
1277 4598 1480 4671 πέτραν
1516 4600 1768 4671 κείμενος

160 4685 266 4753 illa
292 4687 464 4758 ὄρει·
496 4686 622 4737 νυνὶ
655 4684 713 4737 δὲ
747 4685 950 4753 γέγονα
996 4686 1264 4755 θεμέλιος,
1292 4689 1391 4760 τὴν
1436 4690 1767 4760 συνέχουσαν

167 4792 225 4844 με
251 4778 369 4847 γῆν
396 4776 910 4847 περιϐεϐλημένος.
942 4777 1100 4831 Οὕτω
1125 4795 1241 4843 πως
1273 4782 1488 4852 νοήσεις
1528 4782 1767 4847 εὐσεϐῶς

168 4869 249 4922 καὶ
275 4868 384 4922 ἐπὶ
422 4867 536 4939 τῆς
567 4866 668 4920 τοῦ
697 4868 834 4921 Θεοῦ
861 4869 1075 4938 σοφίας,
1106 4872 1373 4936 τουτέστι,
1402 4872 1494 4925 τοῦ
1517 4872 1647 4927 Υἱοῦ
1666 4889 1678 4902 ’
1698 4869 1767 4944 ἦν

178 4960 259 5029 μὲν
280 4962 403 5032 γὰρ
437 4963 506 5015 ὲν
535 4962 684 5032 ἀρχῇ
712 4961 852 5033 πρὸς
880 4962 972 5015 τὸν
1010 4962 1166 5026 Θεὸν,
1208 4961 1305 5016 καὶ
1341 4962 1473 5029 Θεὸς
1502 4961 1592 5037 ἦν,
1625 4966 1771 5020 καθὰ

181 5049 507 5121 γέγραπται.
541 5050 677 5103 Ὅτε
707 5049 766 5103 δὲ
794 5050 1047 5121 καθάπερ
1077 5067 1161 5114 τις
1204 5050 1350 5114 λίθος
1391 5052 1521 5105 ἄνευ
1570 5054 1770 5124 χειρῶν

185 5136 237 5201 ἐξ
260 5139 415 5211 δρους
447 5139 827 5209 ἀποτμηθεὶς,
854 5139 1153 5202 τουτέστιν,
1180 5141 1291 5194 ἀπὸ
1319 5141 1415 5210 τῆς
1456 5143 1644 5206 οὐσίας
1670 5142 1766 5196 τοῦ

176 5224 377 5300 Πατρὶς
409 5227 731 5299 προελθὼν,
763 5228 1017 5300 καθάπερ
1048 5230 1169 5284 τινὰ
1207 5231 1315 5300 γῆν
1361 5232 1461 5302 τὴν
1489 5233 1763 5304 ἡμετέραν

171 5318 344 5391 σάρκα
384 5319 785 5391 περιεϐάλετο,
832 5320 953 5373 τότε
994 5322 1090 5375 καὶ
1127 5322 1556 5392 τεθεμελιῶσθαί
1603 5341 1767 5395 φησιν

167 5412 379 5478 ἑαυτὸν,
400 5413 699 5485 μονονουχὶ
725 5412 921 5481 λέγων·
941 5412 1113 5481 Λόγον
1137 5415 1204 5485 μὲ
1227 5414 1354 5468 ὄντα
1382 5414 1476 5469 καὶ
1496 5416 1622 5470 Υίὸν
1637 5417 1767 5489 ἁλη-

168 5503 306 5560 θινῦν
326 5510 358 5561 ὁ
383 5508 582 5579 Πατὴρ
612 5506 793 5577 γηΐνῳ
825 5505 1187 5578 περισέῦληκε
1214 5507 1449 5577 σώματι,
1484 5508 1572 5562 ἵνα
1605 5509 1767 5578 θεμέ-

168 5597 277 5663 λιος
322 5599 571 5672 γένωμαι
620 5599 720 5654 καὶ
758 5599 908 5670 ἁρχὴ
941 5598 1047 5652 τῶν
1095 5599 1637 5692 ὲποικοδομουμένων
1686 5602 1765 5664 εἰς

248 5774 442 5834 ‘Joan.
480 5796 569 5846 xv,
604 5778 661 5837 5.
744 5780 765 5809 ¹
806 5773 962 5830 Joan.
993 5791 1031 5840 I,
1076 5776 1125 5839 l,
1160 5774 1218 5827 Ξ.

1876 4595 2206 4658 dantcnltlm,
2243 4608 2399 4649 terrae
2425 4611 2546 4664 qua:
2589 4598 2833 4651 continet
2869 4598 3118 4649 obrutus.
3167 4592 3244 4647 Ita
3286 4605 3450 4647 etiam

1874 4685 1958 4752 pie
1982 4685 2049 4739 de
2078 4686 2343 4755 sapientia
2381 4687 2494 4750 Dei,
2529 4686 2633 4739 hoc
2661 4694 2747 4741 est
2780 4685 3210 4754 Filio,judicare
3238 4685 3448 4753 possis:

1871 4788 1992 4831 erat
2025 4780 2258 4832 enim'in
2299 4778 2565 4846 principio
2613 4778 2751 4846 apud
2785 4777 2979 4840 Deum,
3031 4785 3085 4828 et
3124 4775 3268 4829 Deus
3309 4786 3450 4839 erat,

1872 4868 2011 4921 sicut
2043 4870 2305 4938 scriptum
2334 4879 2416 4921 est
2439 4871 2479 4920 ⁸.
2505 4866 2731 4933 Quando
2761 4876 2942 4920 autem
2972 4865 3132 4920 veluti
3170 4866 3304 4934 lapis
3332 4866 3453 4934 qui-

1876 4957 2024 5023 dam,
2044 4959 2187 5012 nulla
2215 4974 2472 5011 manuum
2498 4972 2661 5027 opera
2685 4972 2716 5011 e
2749 4968 2930 5013 monte
2951 4950 3186 5019 excisus.
3214 4959 3316 5012 hoc
3338 4966 3443 5015 est.

1874 5063 1938 5103 ex
1977 5051 2215 5104 essentia
2264 5050 2440 5104 Patris
2489 5052 2813 5121 procedens,
2859 5066 3024 5106 carne
3069 5059 3253 5108 nostra
3287 5049 3449 5104 veluti

1873 5150 2023 5194 terra
2068 5141 2299 5209 quadam
2335 5141 2562 5196 obrutus
2611 5152 2715 5205 est,
2769 5153 2897 5195 tunc
2942 5142 3348 5194 fundamentum
3393 5153 3453 5192 se

1873 5233 2024 5299 dicit,
2054 5235 2205 5301 quasi
2235 5233 2376 5287 dicat
2408 5251 2422 5286 :
2469 5234 2629 5288 Pater
2668 5250 2774 5299 me,
2809 5250 2930 5287 cum
2972 5235 3071 5287 sint
3114 5231 3350 5286 Verbum
3388 5245 3452 5284 ac

1877 5339 2037 5379 verus
2074 5323 2265 5389 Filius,
2300 5337 2517 5379 terreno
2540 5341 2766 5394 corpore
2805 5325 3047 5388 involvit,
3076 5335 3134 5377 ut
3175 5324 3297 5376 liam
3326 5322 3450 5376 fitn-

1873 5419 2187 5471 damentum
2215 5426 2269 5472 et
2296 5418 2622 5487 principium
2651 5432 2839 5471 eorum
2864 5417 2955 5483 qui
2981 5429 3145 5484 super
3170 5429 3254 5468 me
3282 5413 3452 5467 ωιιὶίί-

1872 5511 2143 5564 cahuntur
2180 5523 2278 5579 per
2327 5508 2486 5563 ﬁdem
2508 5551 2521 5574 ,
2566 5515 2621 5562 ιιι
2649 5523 2940 5576 corporeus
2962 5520 3087 5561 cum
3118 5506 3198 5560 eis
3225 5505 3448 5561 eli‘ectns

1874 5603 2162 5673 suscipiant
2193 5617 2285 5658 eos
2323 5602 2376 5656 in
2406 5618 2567 5656 unam
2610 5616 2820 5656 mecum
2859 5609 3189 5654 structuram
3223 5598 3445 5655 concin-
