3996 6446
516 329 613 385 29⁸

1519 326 1578 382 S.
1621 326 1898 380 CYRILIJ
1939 325 2408 382 ALEXANDRINI
2449 327 2770 384 ARCHIEP.

3694 329 3810 383 292

519 453 702 505 natos,
733 452 898 512 atque
934 454 1249 514 cmnpactos
1274 459 1370 514 pcr
1398 445 1778 514 cognationem
1808 444 2103 499 carnalem.

2228 447 2312 516 ἐμὲ
2345 447 2434 500 διὰ
2481 449 2582 518 τῆς
2617 449 2882 513 πίστεως·
2933 450 3028 503 καὶ
3069 449 3356 519 σύσσωμος
3411 448 3618 510 τούτοις
3661 447 3808 501 ἀνα-

516 533 774 604 δειχθεὶς,
805 533 1048 604 δέξωμαι
1117 535 1726 607 συναρμολογουμένους
1769 536 2015 605 φυσικῶς
2054 537 2149 590 καὶ
2189 539 2690 609 συνδεσμουμένους
2751 541 2888 610 πρὸς
2918 541 3018 609 ἐμὲ
3042 539 3129 592 διὰ
3157 538 3254 610 τὴν
3286 539 3428 592 κατὰ
3455 539 3632 609 σάρκα
3667 553 3808 606 συγ-

517 642 544 694 γ
557 625 754 680 ένειαν.

1202 743 1441 800 ALIUD.

907 854 991 909 Eat
1018 855 1312 925 objectioue
1345 860 1736 918 hwreticorum.

591 993 661 1046 At
702 1005 808 1061 quo
855 1001 1035 1060 pacto,
1074 991 1351 1060 inquiunt,
1401 997 1572 1064 possit
1614 997 1768 1064 illud,
1811 1018 1831 1051 ι
1872 998 2118 1056 fundarit

521 1098 624 1148 me,
650 1102 669 1135 ι
703 1084 768 1138 de
791 1084 1172 1139 incarnatione
1197 1084 1362 1140 Verbi
1389 1088 1636 1158 intelligi,
1661 1106 1784 1144 cum
1815 1092 1931 1160 ipse
1974 1095 2118 1146 dicat

517 1191 575 1230 se
607 1186 736 1231 ante
767 1176 964 1231 saecula
995 1175 1304 1241 fundatum,
1331 1190 1622 1248 antequam
1651 1192 1794 1236 terra
1821 1186 1972 1239 fieret
1997 1184 2037 1248 ³,
2067 1194 2121 1239 et

516 1281 806 1338 antequam
831 1282 1045 1326 montes
1070 1271 1476 1326 stabilirentur?
1493 1272 1835 1329 Manifestum
1854 1276 1998 1330 enim
2015 1284 2117 1341 est,

519 1362 704 1416 multis
730 1372 922 1431 postea
972 1365 1334 1432 temporibus,
1381 1381 1545 1435 quam
1597 1351 1769 1420 totu'm
1804 1368 2117 1421 universttm

519 1471 574 1514 et
615 1459 879 1529 quidquid
918 1459 974 1512 in
1012 1473 1079 1514 eo
1109 1469 1214 1523 est,
1255 1460 1432 1527 fieret,
1483 1461 1913 1516 incarnationem
1955 1461 2116 1518 Verbi

522 1550 719 1605 factam
750 1565 888 1604 esse.
1161 1574 1180 1601 ο

1035 1687 1244 1744 Salutio
1272 1689 1604 1758 objectionis.

595 1797 945 1869 Nequaquam
980 1801 1193 1857 diﬂit-ile
1221 1811 1302 1856 est
1335 1802 1401 1855 ad
1434 1801 1702 1871 ejusmodi
1741 1800 2118 1856 haereticorum

525 1892 862 1960 objectiones
899 1893 1267 1962 reSpmnlere;
1303 1895 1612 1949 necessaria
1649 1902 1828 1948 tamen
1859 1904 1942 1949 est
1968 1893 2120 1946 andi-

2892 744 3106 798 ΑΛΛΟ.

2429 858 2526 921 Ὧς
2555 855 2624 919 ἐξ
2663 855 3022 923 ἀντιθέσεως
3055 857 3175 910 τῶν
3208 859 3537 927 αἱρετικών,

2297 988 2408 1041 Καὶ
2436 985 2554 1050 πῶς
2585 988 2650 1041 ἂν
2675 987 2920 1055 δύναιτο,
2949 989 3082 1058 φασὶ
3103 1028 3117 1052 ,
3155 989 3216 1042 τὸ
3254 1007 3273 1041 ι
3307 990 3637 1062 ὲθεμελίωσέ
3673 1010 3743 1063 με
3785 1012 3808 1044 0

2220 1085 2302 1147 είς
2329 1084 2430 1154 τὴν
2458 1081 2601 1154 μετὰ
2626 1083 2828 1155 σαρκὸς
2856 1084 3298 1154 ὲκλαμϐάνεσθαι
3330 1085 3423 1139 τοῦ
3465 1087 3638 1151 Λόγου
3667 1105 3810 1158 παρ-

2220 1177 2431 1242 ουσίαν,
2463 1177 2598 1230 ὅπου
2627 1177 2790 1246 φησὶν
2821 1177 2983 1240 αὐτὸς
3023 1177 3130 1247 πρὸ
3158 1177 3253 1230 τοῦ
3294 1178 3490 1242 αἰῶνος
3517 1179 3813 1251 ἡδρᾶσθαι,

2222 1269 2329 1340 πρὸ
2360 1267 2457 1322 τοῦ
2491 1268 2592 1339 τὴν
2626 1268 2733 1337 γῆν
2759 1272 3008 1338 ποιῆσαι,
3044 1269 3149 1341 πρὸ
3175 1269 3270 1322 τοῦ
3301 1270 3402 1341 ὅρη
3436 1257 3770 1341 ἑδρασθῆναι
3797 1289 3813 1334 ;

2225 1361 2459 1432 Εὔδηλον
2487 1362 2596 1431 γὰρ
2625 1362 2699 1425 ὡς
2722 1361 2937 1426 πολλοῖς
2963 1362 3190 1431 ὕστερον
3219 1363 3432 1433 χρόνοις
3457 1363 3594 1433 μετὰ
3621 1364 3684 1416 τὸ
3713 1383 3799 1432 γε·

2223 1455 2407 1508 νέσθαι
2425 1455 2546 1507 τόδε
2570 1454 2628 1507 τὸ
2656 1455 2877 1521 σύμπαν
2903 1455 2996 1509 καὶ
3025 1455 3094 1508 τὰ
3117 1457 3174 1508 ὲν
3205 1455 3379 1526 αὐτῷ,
3407 1457 3629 1525 γέγονεν
3658 1459 3693 1529 ἡ
3725 1458 3813 1510 ἕν-

2225 1562 2426 1617 σαρκος
2457 1547 2741 1618 οἰκονομία
2774 1547 2868 1600 τοῦ
2903 1548 3106 1616 Λόγου.

2711 1683 2870 1753 Πρὸς
2899 1683 3080 1740 τοῦτο
3107 1687 3314 1753 λύσις.

2293 1794 2438 1867 Πρὸς
2469 1795 2535 1867 δὴ
2575 1795 2644 1848 τὰ
2683 1795 2908 1849 τοιαῦτα
2939 1796 3048 1848 τῶν
3082 1797 3374 1867 αἱρετικῶν
3417 1798 3813 1870 προϐλήματα,

2222 1886 2486 1958 δυσχερὲς
2517 1887 2620 1957 μὲν
2654 1885 2810 1940 οὐδὲν
2849 1888 3186 1956 ἀντιλέγειν·
3225 1890 3386 1960 χρεία
3426 1889 3483 1944 δὲ
3522 1892 3672 1960 ὅμως
3712 1895 3816 1964 τῆς

527 1994 702 2036 torum
750 1984 1035 2052 prudentia
1083 1997 1137 2039 et
1173 1986 1370 2054 pietas.
1417 1986 1573 2053 Quod
1621 1986 1766 2040 enim
1799 1987 1900 2040 sub
1957 1984 2118 2038 finem

2228 1979 2330 2030 τῶν
2361 1977 2729 2049 ἀκροωμένων
2767 1978 3074 2042 εὐλαϐείας.
3101 1980 3221 2032 Ὅτι
3255 1980 3354 2050 μὲν
3397 1981 3505 2052 γὰρ
3542 1984 3637 2036 ἐπὶ
3667 1984 3816 2037 τέλει

525 2079 809 2146 ιδτωεειιιίε
833 2079 1014 2134 s:cculi
1048 2080 1251 2134 Christi
1277 2083 1540 2135 adventus
1566 2096 1663 2150 per
1685 2096 1907 2135 carnem
1944 2079 2120 2134 fact-ns

527 2172 622 2238 sit,
652 2187 832 2234 nemo,
864 2183 921 2226 nt
949 2174 1205 2236 arbitror,
1240 2189 1428 2228 eorum
1465 2173 1555 2242 qui
1585 2182 1732 2227 recte
1754 2173 1995 2226 sentiunt
2025 2189 2122 2223 tto-

523 2265 694 2333 gabit.
748 2264 1031 2321 Manifesta
1081 2267 1228 2320 enim
1285 2274 1414 2320 sunt
1465 2280 1586 2334 qua:
1631 2280 1788 2321 sacra
1838 2264 2119 2332 Scriptura

525 2357 844 2427 proclamat.
889 2361 957 2412 At
1000 2357 1142 2413 Deus
1188 2358 1278 2426 qui
1333 2359 1514 2411 futura
1565 2358 1749 2412 omnia
1796 2357 1965 2419 novit,
2016 2371 2119 2408 non

525 2452 743 2519 quando
767 2465 853 2504 res
879 2450 1007 2520 ipsae
1029 2450 1304 2512 eveniunt,
1331 2450 1493 2504 etiam
1523 2459 1652 2503 ante
1675 2448 2117 2505 constitutionem

527 2543 707 2597 mundi
771 2544 953 2604 novit,
1014 2557 1136 2611 qua:
1193 2542 1396 2596 ultimis
1457 2542 1798 2610 temporibus
1855 2550 2118 2596 eventura

523 2647 728 2693 essent.
779 2637 986 2691 Idcirco
1033 2653 1150 2706 qua:
1196 2639 1367 2706 ipsum
1419 2637 1650 2701 decent,
1710 2635 1914 2689 faciens
1946 2677 1962 2699 ,
2015 2651 2119 2688 non

524 2732 742 2801 quando
778 2745 877 2785 nos
910 2729 1038 2784 facti
1070 2745 1280 2793 smnus,
1318 2740 1444 2782 tunc
1479 2730 1713 2798 primum
1745 2728 1813 2782 de
1839 2727 1992 2782 nobis
2026 2729 2122 2782 de-

524 2821 742 2885 liberat,
773 2835 960 2874 vernm
991 2818 1154 2872 etiam
1181 2828 1477 2887 antequam
1506 2819 1660 2873 fieret
1716 2829 1882 2887 terra,
1912 2828 1967 2874 et
1998 2831 2125 2875 ante

525 2910 730 2966 smcnla
762 2924 940 2964 rerum
971 2920 1286 2964 nostrarqu
1315 2925 1607 2965 successus
1638 2921 1692 2964 et
1721 2924 1947 2966 eventus
1983 2929 2122 2982 pra:-

526 3003 680 3058 novit
710 3021 722 3057 :
756 3011 811 3055 et
850 3009 973 3056 ante
1001 3001 1196 3054 swcula
1231 3001 1476 3055 fundavit
1503 2999 1699 3055 Filium
1738 3017 1919 3068 suum,
1950 3019 2123 3071 quan-

528 3103 641 3146 tum
690 3093 756 3145 ad
812 3105 964 3146 suam
1015 3092 1404 3160 praenotionem
1453 3094 1670 3156 attinet,
1718 3102 1776 3146 ut
1811 3109 1910 3148 nos
1961 3109 2126 3164 super

534 3199 658 3239 eum
685 3184 962 3247 aedificati,
1005 3199 1352 3254 resurgamus
1381 3184 1432 3238 iu
1463 3185 1921 3255 incorruptionem
1950 3186 1991 3252 ³,
2032 3189 2122 3258 qui

527 3277 766 3346 alioquin
806 3290 902 3344 per
934 3275 1093 3346 173
1119 3277 1621 3345 prmvaricaliouem
1658 3277 1711 3330 in
1750 3278 2028 3332 interitum
2068 3290 2122 3335 et

2221 2072 2317 2126 τοῦ
2344 2073 2609 2144 παρόντος
2632 2071 2828 2136 αἰῶνος
2854 2074 2882 2144 ἡ
2914 2073 3054 2144 μετὰ
3089 2074 3291 2148 σαρκὸς
3309 2074 3403 2128 τοῦ
3423 2077 3597 2145 Λόγου
3619 2077 3816 2146 γέγονε

2224 2169 2522 2240 παρουσία,
2549 2169 2650 2222 οὐκ
2680 2169 2768 2232 ἂν,
2793 2165 2968 2240 οἶμαι,
3000 2170 3084 2234 τὶς
3109 2171 3216 2224 τῶν
3252 2166 3312 2226 εὖ
3342 2172 3682 2244 φρονούντων
3712 2175 3819 2245 ἁρ-

2222 2263 2467 2331 νήσαιτο.
2511 2261 2726 2330 Φανερὰ
2777 2259 2887 2331 γὰρ
2937 2261 3005 2316 τὰ
3061 2262 3120 2314 ὲν
3167 2265 3288 2325 ταῖς
3339 2263 3512 2327 θείαις
3561 2264 3817 2335 βοώμενα

2224 2354 2494 2426 Γραφαίξ.
2541 2354 2680 2422 Ἀλλ’
2712 2357 2740 2408 ὁ
2767 2355 3051 2424 γινώσκων
3076 2356 3146 2410 τὰ
3171 2357 3407 2427 ἐσόμενα
3437 2357 3566 2422 Θεὸς
3595 2361 3694 2412 καὶ
3717 2361 3808 2429 οὐχ

2223 2443 2313 2499 ὅτε
2358 2445 2568 2514 γίνεται
2593 2446 2662 2500 τὰ
2693 2447 2997 2519 πράγματα
3017 2489 3031 2511 ,
3066 2449 3160 2502 καὶ
3190 2449 3297 2520 πρὸ
3327 2449 3428 2520 τῆς
3460 2447 3564 2503 τοῦ
3604 2450 3809 2521 κόσμου

2224 2537 2534 2608 καταϐολῆς
2561 2538 2676 2610 ᾔδει
2704 2540 2774 2592 τὰ
2794 2540 2852 2592 ἐν
2879 2541 3128 2611 ἐσχάτοις
3160 2540 3554 2611 συμϐησόμενα
3577 2545 3814 2612 καιροῖς.

2225 2630 2315 2683 Διὸ
2345 2630 2410 2701 δὴ
2435 2630 2503 2684 τὰ
2533 2630 2713 2701 ἑαυτῷ
2737 2631 3017 2702 πρέποντα
3038 2632 3318 2704 πράττων,
3349 2635 3448 2706 οὐχ
3473 2635 3563 2687 ὅτε
3589 2636 3816 2703 γεγόνα-

2229 2740 2350 2793 μεν,
2377 2723 2499 2775 τότε
2535 2723 2752 2794 πρῶτον
2783 2724 2912 2794 περὶ
2955 2724 3112 2795 ἡμῶν
3161 2723 3501 2795 βουλεύεται,
3537 2725 3680 2782 ἀλλὰ
3720 2730 3820 2781 καὶ

2226 2814 2355 2882 πρὶν
2405 2813 2656 2881 γενέσθαι
2689 2811 2788 2885 τὴν
2830 2816 2934 2884 γῆν
2975 2816 3070 2868 καὶ
3108 2820 3236 2880 τοὺς
3279 2815 3481 2880 αἰῶνας
3506 2857 3519 2881 ,
3557 2817 3719 2889 ἔσχεν
3761 2823 3820 2874 ἐν

2227 2904 2408 2976 ἑαυτῷ
2440 2904 2550 2958 τῶν
2597 2905 2722 2958 καθ’
2761 2907 2910 2977 ἡμᾶς
2955 2906 3054 2980 τὴν
3097 2908 3332 2977 γνῶσινο
3371 2911 3467 2963 καὶ
3511 2912 3820 2982 προεθεμε-

2227 2995 2394 3049 λίωσε
2438 2996 2531 3049 τὸν
2578 2997 2775 3051 ἑαυτοῦ
2823 2999 2952 3052 Υίὸν
3001 3001 3124 3053 ὅσον
3172 3002 3252 3065 εἰς
3290 3001 3390 3067 τὴν
3432 3004 3642 3057 οἰκείαν
3681 3006 3822 3074 πρό-

2227 3103 2465 3154 γνωσιν,
2517 3086 2604 3139 ἵνα
2651 3091 2817 3158 ἡμεῖς
2862 3089 3384 3162 ἐποικοδομηθέντες
3431 3093 3600 3164 αύτῷ,
3652 3096 3822 3149 πάλιν

2227 3177 2553 3249 ἀναστῶμεν
2581 3180 2662 3244 είς
2684 3181 2997 3253 ἀφθαρσίαν
3025 3185 3074 3236 οἱ
3107 3185 3364 3250 πεσόντες
3393 3186 3474 3247 είς
3497 3187 3711 3259 φθορὰν
3732 3189 3824 3244 διὰ

2226 3274 2327 3341 τὴν
2356 3272 2690 3344 παράϐασιν.
2729 3275 2884 3344 ”ῌδει
2929 3276 3037 3347 γὰρ
3077 3277 3160 3330 ὅτι
3203 3279 3388 3349 νεκροὶ
3435 3279 3534 3349 μὲν
3576 3281 3826 3350 ἐσόμεθα

527 3368 936 3437 corruptionem
993 3369 1382 3423 incideramus.
1431 3367 1653 3424 Sciebat
1699 3371 1844 3424 enim
1897 3387 1996 3425 nos
2027 3388 2120 3440 per

2228 3365 2315 3419 διὰ
2358 3364 2456 3437 τὴν
2501 3366 2812 3439 ἁμαρτίανυ
2861 3346 3164 3440 κεισόμεθα
3210 3369 3268 3424 δὲ
3303 3346 3380 3424 -ὲν
3427 3346 3534 3441 γῆς
3577 3346 3826 3444 χώματι,

530 3469 814 3528 peccatum
861 3459 1179 3520 morituros.
1228 3466 1286 3513 et
1331 3468 1550 3528 propter
1595 3459 2020 3516 inobedicntiam
2069 3465 2119 3516 in

529 3551 782 3620 sepulcro
825 3559 1005 3615 terrae,
1042 3559 1100 3604 ut
1141 3551 1405 3619 scriptum
1450 3561 1559 3616 est,
1603 3553 1904 3617 cubituros,
1957 3567 2123 3624 atque

529 3643 814 3697 audituros
839 3659 852 3696 :
879 3659 898 3692 ι
926 3641 1092 3697 Terra
1116 3654 1194 3706 es,
1215 3652 1268 3695 et
1291 3641 1342 3693 in
1369 3651 1569 3694 terram
1597 3644 1910 3698 reverteris.
1945 3662 1962 3695 ι
1987 3645 2121 3699 Cum

533 3743 715 3788 autem
748 3748 868 3800 quae
915 3748 981 3788 ex
1031 3747 1089 3786 re
1125 3742 1314 3786 nostra
1362 3743 1538 3799 erant,
1583 3733 1750 3786 etiam
1800 3734 1870 3788 ab
1919 3745 2123 3789 aeterno

535 3823 903 3893 praecogitarit
940 3822 1181 3878 omnium
1217 3834 1464 3876 nostrum
1511 3826 1762 3879 conditor
1802 3836 1856 3879 et
1885 3837 2122 3889 creator,

534 3913 783 3983 prmvidit
813 3924 976 3982 atque
1006 3913 1295 3982 praetinivit
1332 3931 1457 3968 eum
1511 3915 1602 3985 qni
1655 3925 1879 3986 propter
1927 3933 2026 3972 nos
2070 3928 2126 3971 et

531 4020 630 4074 pro
678 4005 835 4060 nobis
879 4005 1039 4059 homo
1087 4005 1301 4060 futurus
1354 4018 1521 4072 esset,
1577 4008 1678 4062 huc
1729 4018 1833 4074 est,
1889 4007 2123 4062 Verbum

530 4112 710 4160 suum,
742 4106 801 4150 ut
830 4097 1040 4151 initium
1066 4097 1275 4150 viarum
1301 4108 1356 4152 et
1383 4097 1794 4154 fundamentum
1821 4101 2126 4167 reperiatur

532 4189 849 4242 instauratae
889 4187 942 4243 in
994 4189 1108 4259 ipso
1137 4188 1390 4244 humame
1425 4201 1630 4246 natura:
1661 4191 1728 4245 ad
1764 4192 2127 4261 incorruptio-

535 4297 680 4345 nem,
716 4290 881 4348 utque
915 4291 1138 4335 vocetur
1180 4281 1576 4352 primogenitus
1627 4284 1679 4336 in
1711 4283 1895 4338 multis
1933 4282 2122 4336 fratri-

533 4377 634 4426 bus
654 4373 699 4437 “,
737 4384 792 4428 et
821 4382 1070 4442 resurgat
1105 4375 1343 4443 primitia
1369 4389 1557 4427 eorum
1594 4375 1686 4442 qui
1719 4375 2056 4430 dormierunt
2080 4375 2122 4429 ⁸.

532 4465 688 4532 Quod
733 4467 877 4520 enim
933 4469 1372 4536 sapientissimus
1424 4465 1682 4520 Salomon
1722 4466 1773 4520 in
1816 4467 2129 4522 Proverbiis

535 4559 710 4627 inquit
740 4577 753 4612 :
794 4576 813 4605 ι
847 4560 983 4613 Ante
1015 4558 1212 4614 saecula
1260 4558 1506 4612 fundavit
1539 4573 1646 4619 Ille,
1680 4576 1697 4608 ι
1735 4569 1789 4613 et
1815 4574 1934 4627 qnze
1965 4561 2120 4613 dein-

531 4665 658 4719 ceps
692 4662 1027 4719 sequuntur,
1079 4652 1180 4705 hoc
1228 4653 1403 4721 ipsum
1439 4650 1676 4718 explicat
1704 4649 1903 4703 l’aulns
1935 4651 2000 4703 ad
2032 4651 2123 4704 Τῖ-

531 4740 806 4796 motheum
846 4743 1171 4812 discipulum
1225 4755 1380 4797 suum
1428 4744 1676 4798 scribens
1721 4760 1736 4796 :

532 4833 584 4885 in
617 4832 912 4902 Evangelii)
943 4835 1240 4889 secundum
1271 4835 1525 4889 virtutem
1563 4835 1678 4898 Dei,
1733 4834 1822 4904 qui
1856 4849 1954 4886 nos
1990 4834 2120 4887 libe-

533 4926 692 4988 ravit,
720 4935 776 4979 et
801 4927 1018 4979 vocavit
1057 4928 1343 4980 vocatione
1379 4941 1474 4981 sua
1516 4935 1726 4991 sancta,
1775 4943 1878 4980 non
1924 4941 2121 4981 secnn~

533 5019 659 5070 dum
699 5031 862 5084 opera
902 5027 1109 5084 nostra,
1143 5017 1235 5070 sed
1268 5018 1568 5072 secundum
1593 5019 1927 5088 propositmn
1961 5034 2116 5072 suum

527 5118 582 5161 et
613 5108 842 5178 gratiam
877 5121 996 5174 qua:
1026 5108 1149 5160 data
1182 5119 1267 5162 est
1300 5110 1455 5164 nobis
1494 5109 1546 5163 in
1575 5111 1796 5164 Christo
1830 5111 1955 5164 .lesu
1989 5122 2117 5164 ante

529 5209 773 5266 tempora
801 5199 1105 5262 saecularia,
1146 5199 1488 5256 manifestata
1519 5211 1604 5256 est
1636 5213 1814 5257 autem
1850 5219 1990 5257 nunc
2023 5219 2119 5272 per

527 5291 977 5346 illuminationem
1024 5290 1325 5348 Salvator-is
1375 5295 1544 5348 nostri
1588 5293 1716 5349 Jesu
1762 5296 1987 5361 Christi,
2024 5299 2113 5364 qui

528 5382 801 5435 destruxit
827 5382 1046 5450 quidem
1075 5393 1327 5451 mortem,
1367 5387 1693 5440 illuminavit
1729 5397 1908 5442 autem
1951 5390 2112 5442 vitam

527 5482 582 5526 ct
604 5474 1115 5541 incorruptionem".
1145 5497 1162 5528 ι
1192 5478 1253 5532 Si
1278 5493 1410 5548 ergo
1439 5489 1567 5535 ante
1597 5481 1816 5543 Stecula,
1854 5481 2112 5535 nimirum

2227 3458 2372 3513 καθὰ
2404 3459 2739 3532 γέγραπται,
2769 3460 2858 3514 διὰ
2885 3461 2986 3533 τὴν
3018 3463 3229 3517 ἑαυτῶν
3259 3464 3565 3526 ἀπείθειαν,
3590 3469 3828 3521 ἀκούον-

2224 3567 2348 3613 τες·
2395 3569 2412 3602 ι
2453 3551 2528 3622 Γῆ
2563 3547 2651 3613 εἶ,
2687 3552 2783 3604 καὶ
2816 3555 2896 3616 εὶς
2931 3554 3038 3624 γῆν
3091 3555 3390 3629 άπελεύσῃ.
3432 3576 3450 3608 ι
3499 3558 3731 3630 Ἐπειδὴ
3771 3562 3829 3614 δὲ

2226 3640 2445 3712 χρηστὰ
2485 3642 2613 3712 περὶ
2643 3642 2800 3713 ἡμῶν
2831 3645 2927 3696 καὶ
2958 3645 3126 3699 πάλαι
3157 3647 3589 3718 προεϐουλεύετο
3617 3650 3649 3703 ό
3681 3653 3823 3704 πάν-

2225 3744 2332 3778 των
2361 3727 2520 3797 ἡμῶν
2568 3732 2800 3800 ποιητής
2844 3748 2905 3784 τε
2943 3735 3038 3786 καὶ
3075 3733 3432 3806 δημιουργὸς,
3479 3736 3822 3812 προεθεὼρει

2227 3817 2323 3871 καὶ
2363 3819 2637 3891 προώριζε
2670 3822 2762 3874 τὸν
2791 3823 2858 3875 δι’
2893 3823 3042 3894 ἡμᾶς
3071 3825 3168 3878 καὶ
3198 3826 3338 3898 ὑπὲρ
3371 3828 3529 3900 ἡμῶν
3559 3832 3814 3902 ἐσόμενον

2227 3909 2535 3982 ἄνθρωπον,
2562 3914 2835 3978 τουτέστι,
2863 3915 2954 3969 τὸν
2978 3917 3176 3971 ἑαυτοῦ
3209 3920 3404 3988 Λόγον,
3431 3919 3516 3974 ἵνα
3547 3925 3640 3976 καὶ
3676 3925 3824 3997 ἀρχὴ

2227 4002 2364 4054 ὁδῶν
2418 4002 2512 4056 καὶ
2572 4002 2825 4075 θεμέλιος
2881 4007 3112 4079 εὑρεθῇ,
3183 4009 3682 4085 ἀνακαινιζομένης
3743 4019 3828 4081 εἰς

2230 4087 2538 4165 ἀφθαρσίαν
2568 4097 2666 4168 τῆς
2691 4097 2982 4170 ἀνθρώπου
3007 4101 3225 4170 φύσεως
3256 4105 3315 4157 ἐν
3347 4105 3520 4176 αὐτῷ,
3556 4110 3653 4161 καὶ
3693 4128 3833 4181 χρη-

2233 4187 2437 4260 ματίσῃ
2460 4189 2802 4260 πρωτότοκος
2835 4193 2893 4244 ἐν
2913 4191 3130 4257 πολλοῖς
3165 4194 3448 4265 ἀδελφοῖς,
3481 4201 3575 4251 καὶ
3605 4201 3831 4272 ἀναστῇ

2228 4279 2336 4332 τῶν
2374 4280 2794 4352 κεκοιμημένων
2826 4285 3072 4356 ἀπαρχὴ.
3105 4286 3283 4358 Ὅπερ
3314 4287 3424 4359 γὰρ
3466 4291 3496 4342 ὁ
3539 4292 3834 4362 πάνσοφος

2231 4372 2483 4443 Σολομῶν
2510 4375 2567 4427 ὲν
2587 4377 2705 4438 ταῖς
2740 4375 3075 4447 Παροιμίαις
3102 4378 3239 4449 φησί
3257 4398 3272 4413 ο
3308 4398 3326 4432 ι
3353 4382 3465 4453 Πρὸ
3492 4383 3587 4436 τοῦ
3617 4385 3837 4451 αἰῶνος

2231 4464 2564 4535 ὲθεμελίωσέ
2608 4485 2698 4536 με,
2735 4487 2752 4518 ι
2788 4470 2882 4520 καὶ
2918 4468 2988 4522 τὰ
3017 4469 3228 4535 τούτοις
3261 4473 3460 4543 ἐφεξῆς
3483 4489 3498 4504 ο
3530 4475 3694 4528 τοῦτο
3729 4481 3836 4532 καὶ

2228 4555 2258 4606 ὁ
2298 4554 2509 4618 Παῦλος
2549 4557 2836 4627 σαφηνίζει
2873 4557 3010 4628 πρὸς
3049 4559 3316 4630 Τιμόθεον
3353 4564 3445 4616 τὸν
3475 4565 3678 4619 ἑαυτοῦ
3720 4585 3828 4638 μαι

2232 4645 2401 4717 θητὴν
2451 4648 2785 4702 ἐπιστέλλων
2815 4642 2954 4704 ὧδεο
2993 4668 3012 4701 ι
3046 4651 3548 4726 Συγκακοπάθησον
3594 4658 3677 4727 τῷ
3721 4661 3840 4713 Εὐ-

1783 4759 1801 4792 ι
1836 4741 2119 4795 Collabora
2159 4730 2202 4784 ῐ)
2229 4743 2470 4814 αγγελίῳ
2495 4743 2637 4798 κατὰ
2663 4733 2891 4817 δύναμιν
2915 4748 3051 4801 Θεοῦ
3081 4749 3176 4804 τοῦ
3217 4751 3490 4818 σώσαντος
3521 4758 3698 4826 ἡμᾶς,
3731 4762 3840 4813 καὶ

2229 4835 2557 4900 καλέσαντος
2611 4838 2802 4910 κλήσει
2845 4841 2999 4912 ἁγίᾳ,
3043 4843 3104 4896 οὐ
3155 4846 3296 4899 κατὰ
3337 4846 3406 4899 τὰ
3450 4847 3590 4918 ἔργα
3636 4853 3836 4921 ἡμῶν,

2227 4927 2365 4981 ἀλλὰ
2407 4929 2549 4982 κατὰ
2599 4930 2735 4985 ἰδίαν
2783 4933 3044 5004 πρόθεσιν
3088 4937 3183 4989 καὶ
3215 4938 3375 5010 χάριν
3416 4940 3514 5011 τὴν
3569 4941 3840 4999 δοθεῖσαν

2227 5022 2360 5090 ἡμῖν
2403 5023 2462 5074 ὲν
2504 5022 2725 5094 Χριστῷ
2767 5025 2942 5096 Ἰησοῦ
2974 5027 3082 5098 πρδ
3112 5029 3318 5100 χρόνων
3349 5033 3608 5097 αἰωνίων,
3647 5054 3836 5106 φανε-

2229 5112 2497 5184 ρωθεῖσαν
2547 5133 2606 5168 τε
2652 5115 2748 5168 νῦν
2791 5117 2880 5171 διὰ
2925 5119 3023 5190 τῆς
3074 5121 3396 5190 ἐπιφανείας
3426 5124 3519 5178 τοῦ

2227 5204 2386 5274 ἡμῶν
2427 5205 2601 5276 Ἰησοῦ
2627 5209 2892 5278 Χριστοῦ,
2926 5215 3379 5284 καταργήσαντος
3406 5217 3508 5287 μὲν
3539 5218 3635 5270 τὸν
3664 5219 3840 5275 θάνα-

2220 5316 2335 5362 τον,
2364 5301 2700 5368 φωτίσαντος
2722 5302 2779 5355 δὲ
2806 5303 2953 5375 ζωὴν
2979 5309 3074 5358 καὶ
3115 5307 3448 5379 ἀφθαρσίαν.
3488 5328 3508 5361 ›
3541 5311 3606 5363 Εἰ
3637 5313 3841 5366 τοίνυν

2222 5391 2318 5443 καὶ
2350 5395 2460 5463 πρὸ
2491 5393 2586 5446 τοῦ
2618 5393 2837 5458 αἰῶνος,
2868 5394 3023 5449 οὔπω
3049 5398 3333 5466 γεγονότες
3364 5399 3589 5472 δηλαδὴ,
3625 5401 3840 5476 κλήσει

2222 5481 2355 5552 ἁγίᾳ.
2389 5482 2706 5554 κεκλήμεθα
2741 5490 2881 5539 κατὰ
2910 5487 3072 5557 χάριν
3099 5488 3194 5542 καὶ
3223 5489 3482 5559 πρόθεσιν
3514 5490 3612 5543 τοῦ
3641 5496 3838 5548 πάντα

530 5581 653 5621 cum
683 5568 919 5621 nondum
957 5569 1082 5625 facti
1107 5586 1374 5639 essemus,
1415 5574 1695 5628 vocatione
1727 5583 1913 5628 sancta
1941 5577 2116 5627 vocati

2228 5574 2532 5642 προειδότος
2577 5575 2734 5640 Θεοῦ,
2789 5577 3106 5650 κεκλήμεθα
3149 5581 3206 5633 δὲ
3242 5583 3299 5634 ἐν
3344 5583 3566 5654 Χριστῷ
3614 5585 3836 5655 Ἰησοῦ,

603 5745 623 5777 ³
659 5746 814 5800 Prov.
847 5762 960 5813 νιιι,
990 5748 1176 5805 23-23.
1262 5752 1280 5782 ‘
1312 5750 1328 5804 Ι
1361 5750 1486 5808 Cor.
1524 5769 1611 5818 xv,
1655 5752 1742 5807 3-5.

1820 5755 1840 5784 ⁸
1878 5754 2034 5810 Boni.
2068 5769 2186 5823 vnt,
2227 5755 2318 5812 29.
2395 5759 2414 5789 °
2445 5759 2462 5813 1
2489 5758 2611 5815 Cor.
2646 5775 2734 5826 xv,
2765 5760 2855 5814 20.

2933 5763 2952 5792 "
2991 5762 3030 5815 ll
3059 5760 3197 5814 Tim.
3229 5778 3268 5828 ι,
3303 5761 3453 5818 8-10.
