  <div class='ocr_page' id='page_1' title='image "/cluster/home/n/w/nwhite01/storage/ocr_20150623/75:no.8/coo.31924054869767/154.png"; bbox 0 0 3996 6404; ppageno 0'>
   <div class='ocr_carea' id='block_1_1' title="bbox 191 361 286 418">
    <p class='ocr_par' dir='ltr' id='par_1_1' title="bbox 191 361 286 418">
     <span class='ocr_line' id='line_1_1' title="bbox 191 361 286 418; baseline -0.021 0"><span class='ocrx_word' id='word_1_1' title='bbox 191 361 286 418; x_wconf 74' lang='grc'><strong>⁸295</strong></span> 
     </span>
    </p>
   </div>
   <div class='ocr_carea' id='block_1_2' title="bbox 1601 353 2042 413">
    <p class='ocr_par' dir='ltr' id='par_1_2' title="bbox 1601 353 2042 413">
     <span class='ocr_line' id='line_1_2' title="bbox 1601 353 2042 413; baseline -0.005 -2"><span class='ocrx_word' id='word_1_2' title='bbox 1601 353 2042 413; x_wconf 79' lang='lat' dir='ltr'><strong>TIIESAURUS.</strong></span> 
     </span>
    </p>
   </div>
   <div class='ocr_carea' id='block_1_3' title="bbox 3389 358 3496 414">
    <p class='ocr_par' dir='ltr' id='par_1_3' title="bbox 3389 358 3496 414">
     <span class='ocr_line' id='line_1_3' title="bbox 3389 358 3496 414; baseline 0.037 -4"><span class='ocrx_word' id='word_1_3' title='bbox 3389 358 3496 414; x_wconf 68' lang='lat'><strong>99-5</strong></span> 
     </span>
    </p>
   </div>
   <div class='ocr_carea' id='block_1_4' title="bbox 189 453 1807 556">
    <p class='ocr_par' dir='ltr' id='par_1_4' title="bbox 189 480 1802 556">
     <span class='ocr_line' id='line_1_4' title="bbox 189 480 1802 556; baseline -0.004 -18"><span class='ocrx_word' id='word_1_4' title='bbox 189 486 336 556; x_wconf 75' lang='grc' dir='ltr'><strong>δῆλον</strong></span> <span class='ocrx_word' id='word_1_5' title='bbox 369 480 441 536; x_wconf 77' lang='grc' dir='ltr'><strong>ἄν</strong></span> <span class='ocrx_word' id='word_1_6' title='bbox 471 481 569 550; x_wconf 72' lang='grc' dir='ltr'><strong>εἴη</strong></span> <span class='ocrx_word' id='word_1_7' title='bbox 627 480 725 534; x_wconf 74' lang='grc' dir='ltr'><strong>καὶ</strong></span> <span class='ocrx_word' id='word_1_8' title='bbox 777 481 940 534; x_wconf 87' lang='grc' dir='ltr'><strong>παντί</strong></span> <span class='ocrx_word' id='word_1_9' title='bbox 975 498 1057 551; x_wconf 85' lang='grc' dir='ltr'><strong>τῳ</strong></span> <span class='ocrx_word' id='word_1_10' title='bbox 1085 481 1292 550; x_wconf 82' lang='grc' dir='ltr'><strong>σαφὲς,</strong></span> <span class='ocrx_word' id='word_1_11' title='bbox 1339 481 1533 552; x_wconf 78' lang='grc' dir='ltr'><strong>ὅτιπερ</strong></span> <span class='ocrx_word' id='word_1_12' title='bbox 1579 481 1678 550; x_wconf 80' lang='grc' dir='ltr'><strong>οὐχ</strong></span> <span class='ocrx_word' id='word_1_13' title='bbox 1715 480 1802 533; x_wconf 79' lang='grc' dir='ltr'><strong>ὅτε</strong></span> 
     </span>
    </p>
   </div>
   <div class='ocr_carea' id='block_1_5' title="bbox 1915 453 3494 556">
    <p class='ocr_par' dir='ltr' id='par_1_5' title="bbox 1915 475 3494 548">
     <span class='ocr_line' id='line_1_5' title="bbox 1915 475 3494 548; baseline 0 -16"><span class='ocrx_word' id='word_1_14' title='bbox 1915 492 2097 533; x_wconf 75' lang='lat' dir='ltr'><strong>sumus</strong></span> <span class='ocrx_word' id='word_1_15' title='bbox 2126 481 2426 533; x_wconf 88' lang='lat' dir='ltr'><strong>secundum</strong></span> <span class='ocrx_word' id='word_1_16' title='bbox 2452 478 2688 548; x_wconf 76' lang='lat' dir='ltr'><strong>gratiam</strong></span> <span class='ocrx_word' id='word_1_17' title='bbox 2714 488 2764 530; x_wconf 90' lang='lat' dir='ltr'><strong>et</strong></span> <span class='ocrx_word' id='word_1_18' title='bbox 2793 475 3129 544; x_wconf 65' lang='lat' dir='ltr'><strong>propositum</strong></span> <span class='ocrx_word' id='word_1_19' title='bbox 3161 477 3494 542; x_wconf 74' lang='lat' dir='ltr'><strong>przescientis</strong></span> 
     </span>
    </p>
   </div>
   <div class='ocr_carea' id='block_1_6' title="bbox 193 569 1798 645">
    <p class='ocr_par' dir='ltr' id='par_1_6' title="bbox 193 569 1798 645">
     <span class='ocr_line' id='line_1_6' title="bbox 193 569 1798 645; baseline -0.005 -13"><span class='ocrx_word' id='word_1_20' title='bbox 193 574 606 645; x_wconf 71' lang='grc' dir='ltr'><strong>τεθεμελίωται,</strong></span> <span class='ocrx_word' id='word_1_21' title='bbox 633 573 763 626; x_wconf 85' lang='grc' dir='ltr'><strong>τότε</strong></span> <span class='ocrx_word' id='word_1_22' title='bbox 799 572 897 626; x_wconf 72' lang='grc' dir='ltr'><strong>καὶ</strong></span> <span class='ocrx_word' id='word_1_23' title='bbox 925 571 1106 643; x_wconf 75' lang='grc' dir='ltr'><strong>ἀρχὴν</strong></span> <span class='ocrx_word' id='word_1_24' title='bbox 1149 573 1246 626; x_wconf 85' lang='grc' dir='ltr'><strong>τοῦ</strong></span> <span class='ocrx_word' id='word_1_25' title='bbox 1285 569 1425 626; x_wconf 76' lang='grc' dir='ltr'><strong>εἶναι</strong></span> <span class='ocrx_word' id='word_1_26' title='bbox 1465 572 1734 643; x_wconf 85' lang='grc' dir='ltr'><strong>λαμϐἀνει</strong></span> <span class='ocrx_word' id='word_1_27' title='bbox 1769 573 1798 624; x_wconf 84' lang='grc' dir='ltr'><strong>ὁ</strong></span> 
     </span>
    </p>
   </div>
   <div class='ocr_carea' id='block_1_7' title="bbox 207 663 1800 736">
    <p class='ocr_par' dir='ltr' id='par_1_7' title="bbox 207 663 1800 736">
     <span class='ocr_line' id='line_1_7' title="bbox 207 663 1800 736; baseline -0.006 -11"><span class='ocrx_word' id='word_1_28' title='bbox 207 668 289 726; x_wconf 78' lang='grc' dir='ltr'><strong>τοῦ</strong></span> <span class='ocrx_word' id='word_1_29' title='bbox 325 664 446 721; x_wconf 85' lang='grc' dir='ltr'><strong>Θεοῦ</strong></span> <span class='ocrx_word' id='word_1_30' title='bbox 480 664 718 734; x_wconf 76' lang='grc' dir='ltr'><strong>Λόγοςο</strong></span> <span class='ocrx_word' id='word_1_31' title='bbox 749 664 888 718; x_wconf 75' lang='grc' dir='ltr'><strong>ἀλλὰ</strong></span> <span class='ocrx_word' id='word_1_32' title='bbox 932 664 1033 736; x_wconf 78' lang='grc' dir='ltr'><strong>τὴν</strong></span> <span class='ocrx_word' id='word_1_33' title='bbox 1068 663 1333 735; x_wconf 76' lang='grc' dir='ltr'><strong>ἐνσαρκον</strong></span> <span class='ocrx_word' id='word_1_34' title='bbox 1362 664 1558 719; x_wconf 80' lang='grc' dir='ltr'><strong>ἑαυτοῦ</strong></span> <span class='ocrx_word' id='word_1_35' title='bbox 1590 680 1800 734; x_wconf 84' lang='grc' dir='ltr'><strong>παρου-</strong></span> 
     </span>
    </p>
   </div>
   <div class='ocr_carea' id='block_1_8' title="bbox 215 755 1800 829">
    <p class='ocr_par' dir='ltr' id='par_1_8' title="bbox 215 755 1800 829">
     <span class='ocr_line' id='line_1_8' title="bbox 215 755 1800 829; baseline -0.003 -18"><span class='ocrx_word' id='word_1_36' title='bbox 215 763 314 816; x_wconf 79' lang='grc' dir='ltr'><strong>σίαν</strong></span> <span class='ocrx_word' id='word_1_37' title='bbox 346 756 660 829; x_wconf 74' lang='grc' dir='ltr'><strong>ἑρμηνεύει</strong></span> <span class='ocrx_word' id='word_1_38' title='bbox 710 757 804 810; x_wconf 78' lang='grc' dir='ltr'><strong>διὰ</strong></span> <span class='ocrx_word' id='word_1_39' title='bbox 845 755 1055 809; x_wconf 80' lang='grc' dir='ltr'><strong>τούτων</strong></span> <span class='ocrx_word' id='word_1_40' title='bbox 1085 797 1100 820; x_wconf 94' lang='grc'><strong>,</strong></span> <span class='ocrx_word' id='word_1_41' title='bbox 1151 757 1246 828; x_wconf 71' lang='grc' dir='ltr'><strong>καὶ</strong></span> <span class='ocrx_word' id='word_1_42' title='bbox 1295 757 1402 827; x_wconf 86' lang='grc' dir='ltr'><strong>πρὸ</strong></span> <span class='ocrx_word' id='word_1_43' title='bbox 1449 755 1544 810; x_wconf 89' lang='grc' dir='ltr'><strong>τοῦ</strong></span> <span class='ocrx_word' id='word_1_44' title='bbox 1601 755 1800 818; x_wconf 75' lang='grc' dir='ltr'><strong>αἰῶνος</strong></span> 
     </span>
    </p>
   </div>
   <div class='ocr_carea' id='block_1_9' title="bbox 212 849 1798 925">
    <p class='ocr_par' dir='ltr' id='par_1_9' title="bbox 212 849 1798 925">
     <span class='ocr_line' id='line_1_9' title="bbox 212 849 1798 925; baseline -0.005 -17"><span class='ocrx_word' id='word_1_45' title='bbox 212 852 444 925; x_wconf 69' lang='grc' dir='ltr'><strong>ἠδρᾶσθαί</strong></span> <span class='ocrx_word' id='word_1_46' title='bbox 479 867 633 920; x_wconf 81' lang='grc' dir='ltr'><strong>φησι</strong></span> <span class='ocrx_word' id='word_1_47' title='bbox 661 852 761 905; x_wconf 70' lang='grc' dir='ltr'><strong>καὶ</strong></span> <span class='ocrx_word' id='word_1_48' title='bbox 789 850 898 922; x_wconf 70' lang='grc' dir='ltr'><strong>πρὸ</strong></span> <span class='ocrx_word' id='word_1_49' title='bbox 930 851 1151 904; x_wconf 81' lang='grc' dir='ltr'><strong>πάντων</strong></span> <span class='ocrx_word' id='word_1_50' title='bbox 1176 849 1288 902; x_wconf 88' lang='grc' dir='ltr'><strong>τῶν</strong></span> <span class='ocrx_word' id='word_1_51' title='bbox 1317 849 1655 920; x_wconf 80' lang='grc' dir='ltr'><strong>κτισμάτων,</strong></span> <span class='ocrx_word' id='word_1_52' title='bbox 1673 850 1798 902; x_wconf 85' lang='grc' dir='ltr'><strong>ὅσον</strong></span> 
     </span>
    </p>
   </div>
   <div class='ocr_carea' id='block_1_10' title="bbox 206 941 1162 1016">
    <p class='ocr_par' dir='ltr' id='par_1_10' title="bbox 206 941 1162 1016">
     <span class='ocr_line' id='line_1_10' title="bbox 206 941 1162 1016; baseline -0.005 -16"><span class='ocrx_word' id='word_1_53' title='bbox 206 949 272 1011; x_wconf 76' lang='grc' dir='ltr'><strong>είς</strong></span> <span class='ocrx_word' id='word_1_54' title='bbox 290 949 376 1016; x_wconf 71' lang='grc' dir='ltr'><strong>τὴν</strong></span> <span class='ocrx_word' id='word_1_55' title='bbox 409 944 753 1015; x_wconf 76' lang='grc' dir='ltr'><strong>πρόγνωσιν</strong></span> <span class='ocrx_word' id='word_1_56' title='bbox 788 942 885 996; x_wconf 90' lang='grc' dir='ltr'><strong>τοῦ</strong></span> <span class='ocrx_word' id='word_1_57' title='bbox 923 941 1162 1014; x_wconf 82' lang='grc' dir='ltr'><strong>Πατρός.</strong></span> 
     </span>
    </p>
   </div>
   <div class='ocr_carea' id='block_1_11' title="bbox 207 1227 1799 1298">
    <p class='ocr_par' dir='ltr' id='par_1_11' title="bbox 207 1227 1799 1298">
     <span class='ocr_line' id='line_1_11' title="bbox 207 1227 1799 1298; baseline -0.004 -9"><span class='ocrx_word' id='word_1_58' title='bbox 207 1233 528 1290; x_wconf 58' lang='grc' dir='ltr'><strong>ΑΛΛΟῙΕτι</strong></span> <span class='ocrx_word' id='word_1_59' title='bbox 587 1233 693 1296; x_wconf 75' lang='grc' dir='ltr'><strong>εἷς</strong></span> <span class='ocrx_word' id='word_1_60' title='bbox 724 1229 817 1288; x_wconf 81' lang='grc' dir='ltr'><strong>τὸ,</strong></span> <span class='ocrx_word' id='word_1_61' title='bbox 858 1246 877 1278; x_wconf 83' lang='lat' dir='ltr'><strong>t</strong></span> <span class='ocrx_word' id='word_1_62' title='bbox 908 1229 1125 1296; x_wconf 79' lang='grc' dir='ltr'><strong>Κύριος</strong></span> <span class='ocrx_word' id='word_1_63' title='bbox 1157 1228 1360 1283; x_wconf 78' lang='grc' dir='ltr'><strong>ἔκτισέ</strong></span> <span class='ocrx_word' id='word_1_64' title='bbox 1386 1245 1483 1298; x_wconf 77' lang='grc' dir='ltr'><strong>με,</strong></span> <span class='ocrx_word' id='word_1_65' title='bbox 1516 1247 1535 1280; x_wconf 79' lang='lat' dir='ltr'><strong>t</strong></span> <span class='ocrx_word' id='word_1_66' title='bbox 1579 1227 1680 1282; x_wconf 71' lang='grc' dir='ltr'><strong>καὶ</strong></span> <span class='ocrx_word' id='word_1_67' title='bbox 1712 1231 1799 1296; x_wconf 80' lang='grc' dir='ltr'><strong>είς</strong></span> 
     </span>
    </p>
   </div>
   <div class='ocr_carea' id='block_1_12' title="bbox 330 1298 1613 1370">
    <p class='ocr_par' dir='ltr' id='par_1_12' title="bbox 330 1298 1613 1370">
     <span class='ocr_line' id='line_1_12' title="bbox 330 1298 1613 1370; baseline -0.005 -14"><span class='ocrx_word' id='word_1_68' title='bbox 330 1307 418 1368; x_wconf 74' lang='grc' dir='ltr'><strong>τὸ,</strong></span> <span class='ocrx_word' id='word_1_69' title='bbox 460 1322 480 1354; x_wconf 72' lang='grc' dir='ltr'>ί</span> <span class='ocrx_word' id='word_1_70' title='bbox 511 1302 648 1370; x_wconf 75' lang='grc' dir='ltr'><strong>Πρὸ</strong></span> <span class='ocrx_word' id='word_1_71' title='bbox 687 1300 800 1355; x_wconf 82' lang='grc' dir='ltr'><strong>τοῦ</strong></span> <span class='ocrx_word' id='word_1_72' title='bbox 830 1298 1048 1364; x_wconf 71' lang='grc' dir='ltr'><strong>αἰῶνος</strong></span> <span class='ocrx_word' id='word_1_73' title='bbox 1080 1300 1439 1369; x_wconf 71' lang='grc' dir='ltr'><strong>ἑθεμελίωσέ</strong></span> <span class='ocrx_word' id='word_1_74' title='bbox 1464 1316 1560 1368; x_wconf 81' lang='grc' dir='ltr'><strong>με.</strong></span> <span class='ocrx_word' id='word_1_75' title='bbox 1593 1317 1613 1349; x_wconf 70' lang='grc' dir='ltr'><strong>ι</strong></span> 
     </span>
    </p>
   </div>
   <div class='ocr_carea' id='block_1_13' title="bbox 265 1410 1794 1483">
    <p class='ocr_par' dir='ltr' id='par_1_13' title="bbox 265 1410 1794 1483">
     <span class='ocr_line' id='line_1_13' title="bbox 265 1410 1794 1483; baseline -0.003 -14"><span class='ocrx_word' id='word_1_76' title='bbox 265 1415 409 1483; x_wconf 71' lang='grc' dir='ltr'><strong>Λέγει</strong></span> <span class='ocrx_word' id='word_1_77' title='bbox 453 1430 564 1464; x_wconf 85' lang='grc' dir='ltr'><strong>που</strong></span> <span class='ocrx_word' id='word_1_78' title='bbox 601 1411 836 1474; x_wconf 80' lang='grc' dir='ltr'><strong>Παῦλος</strong></span> <span class='ocrx_word' id='word_1_79' title='bbox 880 1410 1154 1478; x_wconf 81' lang='grc' dir='ltr'><strong>Ἐφεσίοις</strong></span> <span class='ocrx_word' id='word_1_80' title='bbox 1181 1410 1545 1465; x_wconf 79' lang='grc' dir='ltr'><strong>ἐπιστέλλων·</strong></span> <span class='ocrx_word' id='word_1_81' title='bbox 1583 1431 1599 1462; x_wconf 79' lang='grc' dir='ltr'><strong>ι</strong></span> <span class='ocrx_word' id='word_1_82' title='bbox 1633 1410 1794 1464; x_wconf 78' lang='grc' dir='ltr'><strong>Εὐλο-</strong></span> 
     </span>
    </p>
   </div>
   <div class='ocr_carea' id='block_1_14' title="bbox 215 1501 1798 1577">
    <p class='ocr_par' dir='ltr' id='par_1_14' title="bbox 215 1501 1798 1577">
     <span class='ocr_line' id='line_1_14' title="bbox 215 1501 1798 1577; baseline 0.004 -27"><span class='ocrx_word' id='word_1_83' title='bbox 215 1507 350 1577; x_wconf 66' lang='grc' dir='ltr'><strong>γητὸς</strong></span> <span class='ocrx_word' id='word_1_84' title='bbox 391 1507 417 1557; x_wconf 77' lang='grc' dir='ltr'><strong>ὁ</strong></span> <span class='ocrx_word' id='word_1_85' title='bbox 464 1503 608 1565; x_wconf 75' lang='grc' dir='ltr'><strong>Θεὸς</strong></span> <span class='ocrx_word' id='word_1_86' title='bbox 666 1503 771 1556; x_wconf 76' lang='grc' dir='ltr'><strong>καὶ</strong></span> <span class='ocrx_word' id='word_1_87' title='bbox 822 1503 1012 1574; x_wconf 83' lang='grc' dir='ltr'><strong>Πατὴρ</strong></span> <span class='ocrx_word' id='word_1_88' title='bbox 1061 1501 1155 1555; x_wconf 86' lang='grc' dir='ltr'><strong>τοῦ</strong></span> <span class='ocrx_word' id='word_1_89' title='bbox 1193 1503 1399 1572; x_wconf 81' lang='grc' dir='ltr'>Κυρίου</span> <span class='ocrx_word' id='word_1_90' title='bbox 1428 1502 1586 1573; x_wconf 74' lang='grc' dir='ltr'><strong>ἡμῶν</strong></span> <span class='ocrx_word' id='word_1_91' title='bbox 1623 1503 1798 1575; x_wconf 76' lang='grc' dir='ltr'><strong>Ἰησοῦ</strong></span> 
     </span>
    </p>
   </div>
   <div class='ocr_carea' id='block_1_15' title="bbox 214 1594 1801 1670">
    <p class='ocr_par' dir='ltr' id='par_1_15' title="bbox 214 1594 1801 1670">
     <span class='ocr_line' id='line_1_15' title="bbox 214 1594 1801 1670; baseline -0.003 -19"><span class='ocrx_word' id='word_1_92' title='bbox 214 1597 440 1670; x_wconf 76' lang='grc' dir='ltr'><strong>Χριστοῦ,</strong></span> <span class='ocrx_word' id='word_1_93' title='bbox 467 1599 498 1650; x_wconf 80' lang='grc' dir='ltr'>ὁ</span> <span class='ocrx_word' id='word_1_94' title='bbox 529 1597 862 1666; x_wconf 76' lang='grc' dir='ltr'><strong>εὐλογήσας</strong></span> <span class='ocrx_word' id='word_1_95' title='bbox 911 1596 1060 1665; x_wconf 81' lang='grc' dir='ltr'><strong>ἡμᾶς</strong></span> <span class='ocrx_word' id='word_1_96' title='bbox 1089 1596 1148 1648; x_wconf 86' lang='lat' dir='ltr'><strong>tv</strong></span> <span class='ocrx_word' id='word_1_97' title='bbox 1181 1594 1330 1663; x_wconf 82' lang='grc' dir='ltr'><strong>πάσῃ</strong></span> <span class='ocrx_word' id='word_1_98' title='bbox 1380 1594 1602 1666; x_wconf 79' lang='grc' dir='ltr'><strong>εὐλογίᾳ</strong></span> <span class='ocrx_word' id='word_1_99' title='bbox 1636 1612 1801 1647; x_wconf 90' lang='grc' dir='ltr'><strong>πνευ-</strong></span> 
     </span>
    </p>
   </div>
   <div class='ocr_carea' id='block_1_16' title="bbox 216 1683 1800 1760">
    <p class='ocr_par' dir='ltr' id='par_1_16' title="bbox 216 1683 1800 1760">
     <span class='ocr_line' id='line_1_16' title="bbox 216 1683 1800 1760; baseline -0.004 -18"><span class='ocrx_word' id='word_1_100' title='bbox 216 1694 394 1760; x_wconf 73' lang='grc' dir='ltr'><strong>ματικῇ</strong></span> <span class='ocrx_word' id='word_1_101' title='bbox 417 1692 472 1741; x_wconf 86' lang='lat' dir='ltr'><strong>tv</strong></span> <span class='ocrx_word' id='word_1_102' title='bbox 497 1689 619 1750; x_wconf 85' lang='grc' dir='ltr'><strong>τοῖς</strong></span> <span class='ocrx_word' id='word_1_103' title='bbox 651 1685 1011 1756; x_wconf 75' lang='grc' dir='ltr'><strong>ἐπουρανίοις</strong></span> <span class='ocrx_word' id='word_1_104' title='bbox 1044 1687 1102 1737; x_wconf 90' lang='lat' dir='ltr'><strong>tv</strong></span> <span class='ocrx_word' id='word_1_105' title='bbox 1131 1685 1380 1755; x_wconf 69' lang='grc' dir='ltr'><strong>Χριστῷυ</strong></span> <span class='ocrx_word' id='word_1_106' title='bbox 1413 1683 1597 1747; x_wconf 84' lang='grc' dir='ltr'><strong>καθὼς</strong></span> <span class='ocrx_word' id='word_1_107' title='bbox 1624 1683 1800 1748; x_wconf 75' lang='grc' dir='ltr'><strong>ἐξελέ-</strong></span> 
     </span>
    </p>
   </div>
   <div class='ocr_carea' id='block_1_17' title="bbox 214 1771 1800 1851">
    <p class='ocr_par' dir='ltr' id='par_1_17' title="bbox 214 1771 1800 1851">
     <span class='ocr_line' id='line_1_17' title="bbox 214 1771 1800 1851; baseline -0.004 -18"><span class='ocrx_word' id='word_1_108' title='bbox 214 1783 325 1847; x_wconf 78' lang='grc' dir='ltr'><strong>ξατο</strong></span> <span class='ocrx_word' id='word_1_109' title='bbox 340 1781 479 1851; x_wconf 70' lang='grc' dir='ltr'><strong>ἡμᾶς</strong></span> <span class='ocrx_word' id='word_1_110' title='bbox 505 1780 566 1830; x_wconf 91' lang='lat' dir='ltr'><strong>tv</strong></span> <span class='ocrx_word' id='word_1_111' title='bbox 587 1775 752 1846; x_wconf 78' lang='grc' dir='ltr'><strong>αὐτῷ</strong></span> <span class='ocrx_word' id='word_1_112' title='bbox 787 1775 896 1847; x_wconf 83' lang='grc' dir='ltr'><strong>πρὸ</strong></span> <span class='ocrx_word' id='word_1_113' title='bbox 918 1774 1226 1846; x_wconf 87' lang='grc' dir='ltr'><strong>καταϐολῆς</strong></span> <span class='ocrx_word' id='word_1_114' title='bbox 1253 1777 1460 1845; x_wconf 80' lang='grc' dir='ltr'><strong>κόσμου</strong></span> <span class='ocrx_word' id='word_1_115' title='bbox 1487 1771 1626 1827; x_wconf 85' lang='grc' dir='ltr'><strong>εἶναι</strong></span> <span class='ocrx_word' id='word_1_116' title='bbox 1651 1776 1800 1844; x_wconf 77' lang='grc' dir='ltr'><strong>ἡμᾶς</strong></span> 
     </span>
    </p>
   </div>
   <div class='ocr_carea' id='block_1_18' title="bbox 219 1865 1795 1941">
    <p class='ocr_par' dir='ltr' id='par_1_18' title="bbox 219 1865 1795 1941">
     <span class='ocr_line' id='line_1_18' title="bbox 219 1865 1795 1941; baseline -0.004 -15"><span class='ocrx_word' id='word_1_117' title='bbox 219 1874 387 1941; x_wconf 70' lang='grc' dir='ltr'><strong>ἁγίους</strong></span> <span class='ocrx_word' id='word_1_118' title='bbox 434 1871 524 1924; x_wconf 67' lang='grc' dir='ltr'><strong>καὶ</strong></span> <span class='ocrx_word' id='word_1_119' title='bbox 568 1869 854 1940; x_wconf 80' lang='grc' dir='ltr'><strong>ἀμώμους</strong></span> <span class='ocrx_word' id='word_1_120' title='bbox 883 1865 1222 1920; x_wconf 80' lang='grc' dir='ltr'><strong>κατενώπιον</strong></span> <span class='ocrx_word' id='word_1_121' title='bbox 1266 1867 1431 1920; x_wconf 86' lang='grc' dir='ltr'><strong>αὑτοῦ</strong></span> <span class='ocrx_word' id='word_1_122' title='bbox 1483 1870 1542 1922; x_wconf 87' lang='lat' dir='ltr'><strong>tv</strong></span> <span class='ocrx_word' id='word_1_123' title='bbox 1583 1869 1795 1941; x_wconf 83' lang='grc' dir='ltr'><strong>ἀγάπῃ,</strong></span> 
     </span>
    </p>
   </div>
   <div class='ocr_carea' id='block_1_19' title="bbox 230 1961 1798 2038">
    <p class='ocr_par' dir='ltr' id='par_1_19' title="bbox 230 1961 1798 2038">
     <span class='ocr_line' id='line_1_19' title="bbox 230 1961 1798 2038; baseline -0.003 -19"><span class='ocrx_word' id='word_1_124' title='bbox 230 1967 493 2038; x_wconf 75' lang='grc' dir='ltr'><strong>προορίσας</strong></span> <span class='ocrx_word' id='word_1_125' title='bbox 521 1965 669 2036; x_wconf 73' lang='grc' dir='ltr'><strong>ἡμᾶς</strong></span> <span class='ocrx_word' id='word_1_126' title='bbox 703 1965 790 2027; x_wconf 89' lang='grc' dir='ltr'><strong>είς</strong></span> <span class='ocrx_word' id='word_1_127' title='bbox 821 1961 1098 2016; x_wconf 79' lang='grc' dir='ltr'><strong>υἱοθεσίαν</strong></span> <span class='ocrx_word' id='word_1_128' title='bbox 1125 1962 1212 2016; x_wconf 80' lang='grc' dir='ltr'><strong>διὰ</strong></span> <span class='ocrx_word' id='word_1_129' title='bbox 1245 1961 1419 2034; x_wconf 85' lang='grc' dir='ltr'><strong>Ἰησοῦ</strong></span> <span class='ocrx_word' id='word_1_130' title='bbox 1451 1963 1689 2034; x_wconf 82' lang='grc' dir='ltr'><strong>Χριστοῦ</strong></span> <span class='ocrx_word' id='word_1_131' title='bbox 1718 1964 1798 2026; x_wconf 89' lang='grc' dir='ltr'><strong>εἰς</strong></span> 
     </span>
    </p>
   </div>
   <div class='ocr_carea' id='block_1_20' title="bbox 237 2054 1800 2123">
    <p class='ocr_par' dir='ltr' id='par_1_20' title="bbox 237 2054 1800 2123">
     <span class='ocr_line' id='line_1_20' title="bbox 237 2054 1800 2123; baseline -0.004 -9"><span class='ocrx_word' id='word_1_132' title='bbox 237 2061 399 2114; x_wconf 67' lang='grc' dir='ltr'><strong>αὐτόν.</strong></span> <span class='ocrx_word' id='word_1_133' title='bbox 427 2078 446 2110; x_wconf 72' lang='grc' dir='ltr'><strong>ι</strong></span> <span class='ocrx_word' id='word_1_134' title='bbox 481 2059 542 2111; x_wconf 73' lang='grc' dir='ltr'><strong>ΕΞ</strong></span> <span class='ocrx_word' id='word_1_135' title='bbox 580 2058 762 2110; x_wconf 78' lang='grc' dir='ltr'><strong>τοίνυν</strong></span> <span class='ocrx_word' id='word_1_136' title='bbox 822 2054 978 2108; x_wconf 71' lang='grc' dir='ltr'><strong>οὔπω</strong></span> <span class='ocrx_word' id='word_1_137' title='bbox 1032 2054 1339 2123; x_wconf 79' lang='grc' dir='ltr'><strong>γεγονότες,</strong></span> <span class='ocrx_word' id='word_1_138' title='bbox 1395 2057 1476 2118; x_wconf 79' lang='grc' dir='ltr'><strong>εἰς</strong></span> <span class='ocrx_word' id='word_1_139' title='bbox 1528 2056 1800 2109; x_wconf 81' lang='grc' dir='ltr'><strong>υἱοθεσίαν</strong></span> 
     </span>
    </p>
   </div>
   <div class='ocr_carea' id='block_1_21' title="bbox 235 2146 1800 2226">
    <p class='ocr_par' dir='ltr' id='par_1_21' title="bbox 235 2146 1800 2226">
     <span class='ocr_line' id='line_1_21' title="bbox 235 2146 1800 2226; baseline -0.004 -20"><span class='ocrx_word' id='word_1_140' title='bbox 235 2151 598 2226; x_wconf 71' lang='grc' dir='ltr'><strong>προοριζόμεθα</strong></span> <span class='ocrx_word' id='word_1_141' title='bbox 625 2148 723 2202; x_wconf 65' lang='grc' dir='ltr'><strong>διὰ</strong></span> <span class='ocrx_word' id='word_1_142' title='bbox 763 2147 948 2218; x_wconf 80' lang='grc' dir='ltr'><strong>Ἰησοῦ</strong></span> <span class='ocrx_word' id='word_1_143' title='bbox 977 2146 1214 2217; x_wconf 77' lang='grc' dir='ltr'><strong>Χριστοῦ</strong></span> <span class='ocrx_word' id='word_1_144' title='bbox 1246 2149 1324 2210; x_wconf 85' lang='grc' dir='ltr'><strong>είς</strong></span> <span class='ocrx_word' id='word_1_145' title='bbox 1352 2147 1540 2215; x_wconf 77' lang='grc' dir='ltr'><strong>αὐτὸν,</strong></span> <span class='ocrx_word' id='word_1_146' title='bbox 1575 2149 1670 2200; x_wconf 77' lang='grc' dir='ltr'><strong>καὶ</strong></span> <span class='ocrx_word' id='word_1_147' title='bbox 1707 2147 1800 2200; x_wconf 84' lang='grc' dir='ltr'><strong>εὑ-</strong></span> 
     </span>
    </p>
   </div>
   <div class='ocr_carea' id='block_1_22' title="bbox 223 2239 1801 2312">
    <p class='ocr_par' dir='ltr' id='par_1_22' title="bbox 223 2239 1801 2312">
     <span class='ocr_line' id='line_1_22' title="bbox 223 2239 1801 2312; baseline -0.004 -13"><span class='ocrx_word' id='word_1_148' title='bbox 223 2247 410 2312; x_wconf 75' lang='grc' dir='ltr'><strong>λογίαις</strong></span> <span class='ocrx_word' id='word_1_149' title='bbox 437 2244 848 2311; x_wconf 67' lang='grc' dir='ltr'><strong>πνευματικαῖς</strong></span> <span class='ocrx_word' id='word_1_150' title='bbox 893 2239 1264 2310; x_wconf 78' lang='grc' dir='ltr'><strong>εὐλογούμεθα</strong></span> <span class='ocrx_word' id='word_1_151' title='bbox 1307 2241 1365 2292; x_wconf 88' lang='lat' dir='ltr'><strong>tv</strong></span> <span class='ocrx_word' id='word_1_152' title='bbox 1410 2241 1520 2303; x_wconf 91' lang='grc' dir='ltr'><strong>τοῖς</strong></span> <span class='ocrx_word' id='word_1_153' title='bbox 1562 2242 1801 2311; x_wconf 66' lang='grc' dir='ltr'><strong>ὲττουραη</strong></span> 
     </span>
    </p>
   </div>
   <div class='ocr_carea' id='block_1_23' title="bbox 214 2331 1800 2402">
    <p class='ocr_par' dir='ltr' id='par_1_23' title="bbox 214 2331 1800 2402">
     <span class='ocr_line' id='line_1_23' title="bbox 214 2331 1800 2402; baseline -0.003 -11"><span class='ocrx_word' id='word_1_154' title='bbox 214 2340 348 2402; x_wconf 80' lang='grc' dir='ltr'><strong>νίοις,</strong></span> <span class='ocrx_word' id='word_1_155' title='bbox 380 2338 490 2400; x_wconf 80' lang='grc' dir='ltr'><strong>πῶς</strong></span> <span class='ocrx_word' id='word_1_156' title='bbox 517 2337 620 2388; x_wconf 71' lang='grc' dir='ltr'><strong>οὐκ</strong></span> <span class='ocrx_word' id='word_1_157' title='bbox 650 2336 721 2388; x_wconf 79' lang='grc' dir='ltr'><strong>ἄν</strong></span> <span class='ocrx_word' id='word_1_158' title='bbox 748 2351 841 2395; x_wconf 88' lang='grc' dir='ltr'><strong>τις</strong></span> <span class='ocrx_word' id='word_1_159' title='bbox 872 2331 1116 2396; x_wconf 81' lang='grc' dir='ltr'><strong>ἀκούσας</strong></span> <span class='ocrx_word' id='word_1_160' title='bbox 1143 2332 1395 2400; x_wconf 81' lang='grc' dir='ltr'><strong>λέγοντος</strong></span> <span class='ocrx_word' id='word_1_161' title='bbox 1421 2331 1517 2385; x_wconf 84' lang='grc' dir='ltr'><strong>τοῦ</strong></span> <span class='ocrx_word' id='word_1_162' title='bbox 1545 2331 1676 2384; x_wconf 86' lang='grc' dir='ltr'><strong>Υἰοῦ</strong></span> <span class='ocrx_word' id='word_1_163' title='bbox 1706 2331 1800 2386; x_wconf 87' lang='grc' dir='ltr'><strong>τοῦ</strong></span> 
     </span>
    </p>
   </div>
   <div class='ocr_carea' id='block_1_24' title="bbox 213 2421 1802 2496">
    <p class='ocr_par' dir='ltr' id='par_1_24' title="bbox 213 2421 1802 2496">
     <span class='ocr_line' id='line_1_24' title="bbox 213 2421 1802 2496; baseline -0.004 -15"><span class='ocrx_word' id='word_1_164' title='bbox 213 2426 355 2488; x_wconf 83' lang='grc' dir='ltr'><strong>Θεοῦ,</strong></span> <span class='ocrx_word' id='word_1_165' title='bbox 390 2445 407 2478; x_wconf 85' lang='lat' dir='ltr'><strong>t</strong></span> <span class='ocrx_word' id='word_1_166' title='bbox 437 2425 550 2496; x_wconf 80' lang='grc' dir='ltr'><strong>Πρὸ</strong></span> <span class='ocrx_word' id='word_1_167' title='bbox 598 2423 705 2476; x_wconf 84' lang='grc' dir='ltr'><strong>τοῦ</strong></span> <span class='ocrx_word' id='word_1_168' title='bbox 759 2423 964 2485; x_wconf 78' lang='grc' dir='ltr'><strong>αἰῶνος</strong></span> <span class='ocrx_word' id='word_1_169' title='bbox 1016 2421 1344 2492; x_wconf 78' lang='grc' dir='ltr'><strong>ἐθεμελίωσέ</strong></span> <span class='ocrx_word' id='word_1_170' title='bbox 1400 2438 1486 2493; x_wconf 87' lang='grc' dir='ltr'><strong>με,</strong></span> <span class='ocrx_word' id='word_1_171' title='bbox 1521 2439 1539 2472; x_wconf 74' lang='grc' dir='ltr'><strong>ι</strong></span> <span class='ocrx_word' id='word_1_172' title='bbox 1570 2421 1694 2474; x_wconf 84' lang='grc' dir='ltr'><strong>ὅσον</strong></span> <span class='ocrx_word' id='word_1_173' title='bbox 1722 2423 1802 2486; x_wconf 81' lang='grc' dir='ltr'><strong>εὶς</strong></span> 
     </span>
    </p>
   </div>
   <div class='ocr_carea' id='block_1_25' title="bbox 220 2513 1803 2588">
    <p class='ocr_par' dir='ltr' id='par_1_25' title="bbox 220 2513 1803 2588">
     <span class='ocr_line' id='line_1_25' title="bbox 220 2513 1803 2588; baseline -0.002 -20"><span class='ocrx_word' id='word_1_174' title='bbox 220 2520 307 2587; x_wconf 75' lang='grc' dir='ltr'><strong>τὴν</strong></span> <span class='ocrx_word' id='word_1_175' title='bbox 330 2519 629 2588; x_wconf 70' lang='grc' dir='ltr'><strong>πρόγνωσιν</strong></span> <span class='ocrx_word' id='word_1_176' title='bbox 678 2515 781 2568; x_wconf 82' lang='grc' dir='ltr'><strong>τοῦ</strong></span> <span class='ocrx_word' id='word_1_177' title='bbox 833 2513 1045 2585; x_wconf 78' lang='grc' dir='ltr'><strong>Πατρὸς</strong></span> <span class='ocrx_word' id='word_1_178' title='bbox 1073 2515 1140 2566; x_wconf 78' lang='grc' dir='ltr'><strong>τὰ</strong></span> <span class='ocrx_word' id='word_1_179' title='bbox 1169 2516 1394 2567; x_wconf 86' lang='grc' dir='ltr'><strong>τοιαῦτα</strong></span> <span class='ocrx_word' id='word_1_180' title='bbox 1423 2513 1602 2581; x_wconf 82' lang='grc' dir='ltr'><strong>λέγειν</strong></span> <span class='ocrx_word' id='word_1_181' title='bbox 1642 2513 1803 2567; x_wconf 64' lang='grc' dir='ltr'><strong>αὑτὸν</strong></span> 
     </span>
    </p>
   </div>
   <div class='ocr_carea' id='block_1_26' title="bbox 220 2605 1804 2680">
    <p class='ocr_par' dir='ltr' id='par_1_26' title="bbox 220 2605 1804 2680">
     <span class='ocr_line' id='line_1_26' title="bbox 220 2605 1804 2680; baseline -0.004 -16"><span class='ocrx_word' id='word_1_182' title='bbox 220 2611 586 2680; x_wconf 73' lang='grc' dir='ltr'><strong>ὑπολαμϐάνοι,</strong></span> <span class='ocrx_word' id='word_1_183' title='bbox 617 2607 756 2662; x_wconf 78' lang='grc' dir='ltr'><strong>καθ’</strong></span> <span class='ocrx_word' id='word_1_184' title='bbox 790 2608 860 2678; x_wconf 79' lang='grc' dir='ltr'><strong>ἣν</strong></span> <span class='ocrx_word' id='word_1_185' title='bbox 892 2606 1338 2676; x_wconf 81' lang='grc' dir='ltr'><strong>προγνωσθέντες</strong></span> <span class='ocrx_word' id='word_1_186' title='bbox 1367 2607 1424 2659; x_wconf 86' lang='lat' dir='ltr'><strong>tv</strong></span> <span class='ocrx_word' id='word_1_187' title='bbox 1447 2605 1583 2677; x_wconf 82' lang='grc' dir='ltr'><strong>αὐτῇ</strong></span> <span class='ocrx_word' id='word_1_188' title='bbox 1607 2605 1804 2676; x_wconf 78' lang='grc' dir='ltr'><strong>κεκλή-</strong></span> 
     </span>
    </p>
   </div>
   <div class='ocr_carea' id='block_1_27' title="bbox 211 2700 1805 2777">
    <p class='ocr_par' dir='ltr' id='par_1_27' title="bbox 211 2700 1805 2777">
     <span class='ocr_line' id='line_1_27' title="bbox 211 2700 1805 2777; baseline -0.006 -16"><span class='ocrx_word' id='word_1_189' title='bbox 211 2708 353 2777; x_wconf 77' lang='grc' dir='ltr'><strong>μεθα,</strong></span> <span class='ocrx_word' id='word_1_190' title='bbox 389 2710 480 2760; x_wconf 73' lang='grc' dir='ltr'><strong>καὶ</strong></span> <span class='ocrx_word' id='word_1_191' title='bbox 535 2707 738 2776; x_wconf 70' lang='grc' dir='ltr'><strong>πάσης</strong></span> <span class='ocrx_word' id='word_1_192' title='bbox 793 2703 1044 2772; x_wconf 78' lang='grc' dir='ltr'><strong>εὐλογίας</strong></span> <span class='ocrx_word' id='word_1_193' title='bbox 1089 2701 1453 2772; x_wconf 79' lang='grc' dir='ltr'><strong>ἀπολαύομεν.</strong></span> <span class='ocrx_word' id='word_1_194' title='bbox 1483 2701 1636 2754; x_wconf 77' lang='grc' dir='ltr'><strong>οὔπω</strong></span> <span class='ocrx_word' id='word_1_195' title='bbox 1671 2700 1805 2771; x_wconf 83' lang='grc' dir='ltr'><strong>πρὸς</strong></span> 
     </span>
    </p>
   </div>
   <div class='ocr_carea' id='block_1_28' title="bbox 207 2791 1805 2870">
    <p class='ocr_par' dir='ltr' id='par_1_28' title="bbox 207 2791 1805 2870">
     <span class='ocr_line' id='line_1_28' title="bbox 207 2791 1805 2870; baseline -0.004 -18"><span class='ocrx_word' id='word_1_196' title='bbox 207 2800 419 2869; x_wconf 75' lang='grc' dir='ltr'><strong>ὕπαρξιν</strong></span> <span class='ocrx_word' id='word_1_197' title='bbox 453 2799 792 2870; x_wconf 76' lang='grc' dir='ltr'><strong>ἐνεχθέντες</strong></span> <span class='ocrx_word' id='word_1_198' title='bbox 826 2797 981 2859; x_wconf 80' lang='grc' dir='ltr'><strong>ὅλως,</strong></span> <span class='ocrx_word' id='word_1_199' title='bbox 1015 2795 1154 2848; x_wconf 76' lang='grc' dir='ltr'><strong>ἀλλὰ</strong></span> <span class='ocrx_word' id='word_1_200' title='bbox 1203 2795 1416 2859; x_wconf 69' lang='grc' dir='ltr'><strong>πολλοῖς</strong></span> <span class='ocrx_word' id='word_1_201' title='bbox 1459 2791 1684 2865; x_wconf 75' lang='grc' dir='ltr'><strong>ὕστερον</strong></span> <span class='ocrx_word' id='word_1_202' title='bbox 1713 2810 1805 2862; x_wconf 65' lang='grc' dir='ltr'><strong>γει</strong></span> 
     </span>
    </p>
   </div>
   <div class='ocr_carea' id='block_1_29' title="bbox 208 2883 1803 2958">
    <p class='ocr_par' dir='ltr' id='par_1_29' title="bbox 208 2883 1803 2958">
     <span class='ocr_line' id='line_1_29' title="bbox 208 2883 1803 2958; baseline -0.003 -18"><span class='ocrx_word' id='word_1_203' title='bbox 208 2890 404 2956; x_wconf 80' lang='grc' dir='ltr'><strong>γονότες</strong></span> <span class='ocrx_word' id='word_1_204' title='bbox 436 2889 704 2958; x_wconf 82' lang='grc' dir='ltr'><strong>καιροῖς;</strong></span> <span class='ocrx_word' id='word_1_205' title='bbox 742 2887 886 2938; x_wconf 78' lang='grc' dir='ltr'><strong>Αὐτὸ</strong></span> <span class='ocrx_word' id='word_1_206' title='bbox 932 2885 989 2937; x_wconf 79' lang='grc' dir='ltr'><strong>δὲ</strong></span> <span class='ocrx_word' id='word_1_207' title='bbox 1019 2885 1081 2954; x_wconf 80' lang='grc' dir='ltr'><strong>δὴ</strong></span> <span class='ocrx_word' id='word_1_208' title='bbox 1109 2884 1268 2936; x_wconf 77' lang='grc' dir='ltr'><strong>τοῦτο</strong></span> <span class='ocrx_word' id='word_1_209' title='bbox 1309 2883 1627 2954; x_wconf 81' lang='grc' dir='ltr'><strong>σαφέστατα</strong></span> <span class='ocrx_word' id='word_1_210' title='bbox 1655 2883 1803 2936; x_wconf 86' lang='grc' dir='ltr'><strong>διδά-</strong></span> 
     </span>
    </p>
   </div>
   <div class='ocr_carea' id='block_1_30' title="bbox 214 2974 1807 3050">
    <p class='ocr_par' dir='ltr' id='par_1_30' title="bbox 214 2974 1807 3050">
     <span class='ocr_line' id='line_1_30' title="bbox 214 2974 1807 3050; baseline -0.004 -17"><span class='ocrx_word' id='word_1_211' title='bbox 214 2995 335 3033; x_wconf 76' lang='grc' dir='ltr'><strong>σκων</strong></span> <span class='ocrx_word' id='word_1_212' title='bbox 359 2981 533 3050; x_wconf 65' lang='grc' dir='ltr'><strong>ἡμᾶς,</strong></span> <span class='ocrx_word' id='word_1_213' title='bbox 570 2979 745 3041; x_wconf 72' lang='grc' dir='ltr'><strong>αὐτὸς</strong></span> <span class='ocrx_word' id='word_1_214' title='bbox 781 2979 810 3031; x_wconf 81' lang='grc' dir='ltr'>ὁ</span> <span class='ocrx_word' id='word_1_215' title='bbox 844 2975 1048 3048; x_wconf 83' lang='grc' dir='ltr'><strong>Κύριος</strong></span> <span class='ocrx_word' id='word_1_216' title='bbox 1080 2975 1264 3042; x_wconf 78' lang='grc' dir='ltr'><strong>λέγει·</strong></span> <span class='ocrx_word' id='word_1_217' title='bbox 1304 2993 1321 3025; x_wconf 83' lang='lat' dir='ltr'><strong>t</strong></span> <span class='ocrx_word' id='word_1_218' title='bbox 1355 2974 1539 3038; x_wconf 86' lang='grc' dir='ltr'><strong>Δεῦτε,</strong></span> <span class='ocrx_word' id='word_1_219' title='bbox 1574 2975 1623 3027; x_wconf 84' lang='lat' dir='ltr'><strong>oi</strong></span> <span class='ocrx_word' id='word_1_220' title='bbox 1656 2975 1807 3028; x_wconf 75' lang='grc' dir='ltr'><strong>εὐλο-</strong></span> 
     </span>
    </p>
   </div>
   <div class='ocr_carea' id='block_1_31' title="bbox 218 3064 1806 3138">
    <p class='ocr_par' dir='ltr' id='par_1_31' title="bbox 218 3064 1806 3138">
     <span class='ocr_line' id='line_1_31' title="bbox 218 3064 1806 3138; baseline -0.001 -18"><span class='ocrx_word' id='word_1_221' title='bbox 218 3070 413 3138; x_wconf 65' lang='grc' dir='ltr'><strong>γημένοι</strong></span> <span class='ocrx_word' id='word_1_222' title='bbox 435 3068 537 3121; x_wconf 88' lang='grc' dir='ltr'><strong>τοῦ</strong></span> <span class='ocrx_word' id='word_1_223' title='bbox 571 3066 798 3137; x_wconf 78' lang='grc' dir='ltr'><strong>Πατρός</strong></span> <span class='ocrx_word' id='word_1_224' title='bbox 828 3083 952 3136; x_wconf 90' lang='grc' dir='ltr'><strong>μου,</strong></span> <span class='ocrx_word' id='word_1_225' title='bbox 980 3065 1428 3136; x_wconf 75' lang='grc' dir='ltr'><strong>κληρονομήσατε</strong></span> <span class='ocrx_word' id='word_1_226' title='bbox 1456 3064 1554 3133; x_wconf 79' lang='grc' dir='ltr'><strong>τὴν</strong></span> <span class='ocrx_word' id='word_1_227' title='bbox 1579 3067 1806 3136; x_wconf 77' lang='grc' dir='ltr'><strong>ἡτοιμα-</strong></span> 
     </span>
    </p>
   </div>
   <div class='ocr_carea' id='block_1_32' title="bbox 1898 565 3490 632">
    <p class='ocr_par' dir='ltr' id='par_1_32' title="bbox 1898 565 3490 632">
     <span class='ocr_line' id='line_1_32' title="bbox 1898 565 3490 632; baseline -0.003 -8"><span class='ocrx_word' id='word_1_228' title='bbox 1898 570 2082 624; x_wconf 89' lang='lat' dir='ltr'><strong>omnia</strong></span> <span class='ocrx_word' id='word_1_229' title='bbox 2123 570 2241 632; x_wconf 86' lang='lat' dir='ltr'><strong>Dei,</strong></span> <span class='ocrx_word' id='word_1_230' title='bbox 2295 570 2471 622; x_wconf 76' lang='lat' dir='ltr'><strong>vocati</strong></span> <span class='ocrx_word' id='word_1_231' title='bbox 2509 579 2692 622; x_wconf 86' lang='lat' dir='ltr'><strong>autem</strong></span> <span class='ocrx_word' id='word_1_232' title='bbox 2734 582 2923 622; x_wconf 89' lang='lat' dir='ltr'><strong>sumus</strong></span> <span class='ocrx_word' id='word_1_233' title='bbox 2968 566 3024 620; x_wconf 91' lang='lat' dir='ltr'><strong>in</strong></span> <span class='ocrx_word' id='word_1_234' title='bbox 3059 567 3280 621; x_wconf 90' lang='lat' dir='ltr'><strong>Christo</strong></span> <span class='ocrx_word' id='word_1_235' title='bbox 3327 565 3490 621; x_wconf 66' lang='lat' dir='ltr'><strong>Iesu:</strong></span> 
     </span>
    </p>
   </div>
   <div class='ocr_carea' id='block_1_33' title="bbox 1899 659 3485 730">
    <p class='ocr_par' dir='ltr' id='par_1_33' title="bbox 1899 659 3485 730">
     <span class='ocr_line' id='line_1_33' title="bbox 1899 659 3485 730; baseline -0.004 -12"><span class='ocrx_word' id='word_1_236' title='bbox 1899 661 2244 718; x_wconf 80' lang='lat' dir='ltr'><strong>manifestum</strong></span> <span class='ocrx_word' id='word_1_237' title='bbox 2271 662 2515 730; x_wconf 78' lang='lat' dir='ltr'><strong>profecto</strong></span> <span class='ocrx_word' id='word_1_238' title='bbox 2541 661 2714 716; x_wconf 79' lang='lat' dir='ltr'><strong>cuivis</strong></span> <span class='ocrx_word' id='word_1_239' title='bbox 2742 659 2907 714; x_wconf 85' lang='lat' dir='ltr'><strong>fuerit</strong></span> <span class='ocrx_word' id='word_1_240' title='bbox 2933 661 3099 728; x_wconf 87' lang='lat' dir='ltr'><strong>quod,</strong></span> <span class='ocrx_word' id='word_1_241' title='bbox 3135 674 3239 713; x_wconf 90' lang='lat' dir='ltr'><strong>non</strong></span> <span class='ocrx_word' id='word_1_242' title='bbox 3267 659 3485 727; x_wconf 84' lang='lat' dir='ltr'><strong>quando</strong></span> 
     </span>
    </p>
   </div>
   <div class='ocr_carea' id='block_1_34' title="bbox 1900 751 3496 819">
    <p class='ocr_par' dir='ltr' id='par_1_34' title="bbox 1900 751 3496 819">
     <span class='ocr_line' id='line_1_34' title="bbox 1900 751 3496 819; baseline -0.001 -13"><span class='ocrx_word' id='word_1_243' title='bbox 1900 753 2182 808; x_wconf 81' lang='lat' dir='ltr'><strong>fundatum</strong></span> <span class='ocrx_word' id='word_1_244' title='bbox 2232 752 2354 819; x_wconf 80' lang='lat' dir='ltr'><strong>fuit,</strong></span> <span class='ocrx_word' id='word_1_245' title='bbox 2407 763 2516 807; x_wconf 92' lang='lat' dir='ltr'><strong>tum</strong></span> <span class='ocrx_word' id='word_1_246' title='bbox 2561 752 2855 807; x_wconf 76' lang='lat' dir='ltr'><strong>exsistendi</strong></span> <span class='ocrx_word' id='word_1_247' title='bbox 2895 751 3106 804; x_wconf 88' lang='lat' dir='ltr'><strong>initium</strong></span> <span class='ocrx_word' id='word_1_248' title='bbox 3141 760 3358 805; x_wconf 89' lang='lat' dir='ltr'><strong>nactum</strong></span> <span class='ocrx_word' id='word_1_249' title='bbox 3407 760 3496 806; x_wconf 90' lang='lat' dir='ltr'><strong>est</strong></span> 
     </span>
    </p>
   </div>
   <div class='ocr_carea' id='block_1_35' title="bbox 1901 842 3496 914">
    <p class='ocr_par' dir='ltr' id='par_1_35' title="bbox 1901 842 3496 914">
     <span class='ocr_line' id='line_1_35' title="bbox 1901 842 3496 914; baseline -0.003 -15"><span class='ocrx_word' id='word_1_250' title='bbox 1901 844 2137 900; x_wconf 83' lang='lat' dir='ltr'><strong>Verbum</strong></span> <span class='ocrx_word' id='word_1_251' title='bbox 2183 846 2273 900; x_wconf 87' lang='lat' dir='ltr'><strong>Dei</strong></span> <span class='ocrx_word' id='word_1_252' title='bbox 2307 863 2320 898; x_wconf 91' lang='lat'><strong>:</strong></span> <span class='ocrx_word' id='word_1_253' title='bbox 2360 845 2454 899; x_wconf 91' lang='lat' dir='ltr'><strong>sed</strong></span> <span class='ocrx_word' id='word_1_254' title='bbox 2489 859 2585 914; x_wconf 86' lang='lat' dir='ltr'><strong>per</strong></span> <span class='ocrx_word' id='word_1_255' title='bbox 2611 843 2727 898; x_wconf 63' lang='lat' dir='ltr'><strong>haec</strong></span> <span class='ocrx_word' id='word_1_256' title='bbox 2759 845 3047 897; x_wconf 72' lang='lat' dir='ltr'><strong>adventum</strong></span> <span class='ocrx_word' id='word_1_257' title='bbox 3075 855 3230 895; x_wconf 85' lang='lat' dir='ltr'><strong>suum</strong></span> <span class='ocrx_word' id='word_1_258' title='bbox 3256 842 3308 894; x_wconf 92' lang='lat' dir='ltr'><strong>in</strong></span> <span class='ocrx_word' id='word_1_259' title='bbox 3333 855 3496 895; x_wconf 85' lang='lat' dir='ltr'><strong>carne</strong></span> 
     </span>
    </p>
   </div>
   <div class='ocr_carea' id='block_1_36' title="bbox 1901 935 3496 1003">
    <p class='ocr_par' dir='ltr' id='par_1_36' title="bbox 1901 935 3496 1003">
     <span class='ocr_line' id='line_1_36' title="bbox 1901 935 3496 1003; baseline -0.003 -11"><span class='ocrx_word' id='word_1_260' title='bbox 1901 937 2170 1000; x_wconf 85' lang='lat' dir='ltr'><strong>declarat,</strong></span> <span class='ocrx_word' id='word_1_261' title='bbox 2209 946 2262 990; x_wconf 91' lang='lat' dir='ltr'><strong>et</strong></span> <span class='ocrx_word' id='word_1_262' title='bbox 2300 945 2426 991; x_wconf 91' lang='lat' dir='ltr'><strong>ante</strong></span> <span class='ocrx_word' id='word_1_263' title='bbox 2460 937 2656 990; x_wconf 68' lang='lat' dir='ltr'><strong>srecula</strong></span> <span class='ocrx_word' id='word_1_264' title='bbox 2704 935 2976 989; x_wconf 80' lang='lat' dir='ltr'><strong>ﬁrmatum</strong></span> <span class='ocrx_word' id='word_1_265' title='bbox 3017 935 3114 998; x_wconf 92' lang='lat' dir='ltr'><strong>ait,</strong></span> <span class='ocrx_word' id='word_1_266' title='bbox 3161 945 3322 1003; x_wconf 88' lang='lat' dir='ltr'><strong>atque</strong></span> <span class='ocrx_word' id='word_1_267' title='bbox 3369 944 3496 987; x_wconf 91' lang='lat' dir='ltr'><strong>aute</strong></span> 
     </span>
    </p>
   </div>
   <div class='ocr_carea' id='block_1_37' title="bbox 1901 1027 3496 1100">
    <p class='ocr_par' dir='ltr' id='par_1_37' title="bbox 1901 1027 3496 1100">
     <span class='ocr_line' id='line_1_37' title="bbox 1901 1027 3496 1100; baseline -0.003 -14"><span class='ocrx_word' id='word_1_268' title='bbox 1901 1046 2094 1086; x_wconf 87' lang='lat' dir='ltr'><strong>omnes</strong></span> <span class='ocrx_word' id='word_1_269' title='bbox 2125 1039 2430 1094; x_wconf 84' lang='lat' dir='ltr'><strong>creaturas,</strong></span> <span class='ocrx_word' id='word_1_270' title='bbox 2476 1039 2738 1100; x_wconf 88' lang='lat' dir='ltr'><strong>quantum</strong></span> <span class='ocrx_word' id='word_1_271' title='bbox 2781 1029 2847 1084; x_wconf 91' lang='lat' dir='ltr'><strong>ad</strong></span> <span class='ocrx_word' id='word_1_272' title='bbox 2893 1029 3286 1098; x_wconf 73' lang='lat' dir='ltr'><strong>praenotionem</strong></span> <span class='ocrx_word' id='word_1_273' title='bbox 3318 1027 3496 1082; x_wconf 81' lang='lat' dir='ltr'><strong>Patris</strong></span> 
     </span>
    </p>
   </div>
   <div class='ocr_carea' id='block_1_38' title="bbox 1899 1123 2112 1177">
    <p class='ocr_par' dir='ltr' id='par_1_38' title="bbox 1899 1123 2112 1177">
     <span class='ocr_line' id='line_1_38' title="bbox 1899 1123 2112 1177; baseline 0 -1"><span class='ocrx_word' id='word_1_274' title='bbox 1899 1123 2112 1177; x_wconf 87' lang='lat' dir='ltr'><strong>attinet.</strong></span> 
     </span>
    </p>
   </div>
   <div class='ocr_carea' id='block_1_39' title="bbox 1899 1233 3496 1299">
    <p class='ocr_par' dir='ltr' id='par_1_39' title="bbox 1899 1233 3496 1299">
     <span class='ocr_line' id='line_1_39' title="bbox 1899 1233 3496 1299; baseline -0.001 -12"><span class='ocrx_word' id='word_1_275' title='bbox 1899 1233 2135 1289; x_wconf 82' lang='lat' dir='ltr'><strong>ALIUD.</strong></span> <span class='ocrx_word' id='word_1_276' title='bbox 2176 1234 2238 1290; x_wconf 83' lang='lat' dir='ltr'><strong>In</strong></span> <span class='ocrx_word' id='word_1_277' title='bbox 2265 1237 2419 1299; x_wconf 82' lang='lat' dir='ltr'><strong>illud,</strong></span> <span class='ocrx_word' id='word_1_278' title='bbox 2458 1257 2475 1287; x_wconf 79' lang='grc' dir='ltr'><strong>ι</strong></span> <span class='ocrx_word' id='word_1_279' title='bbox 2507 1235 2762 1290; x_wconf 69' lang='lat' dir='ltr'><strong>Dominus</strong></span> <span class='ocrx_word' id='word_1_280' title='bbox 2785 1236 2975 1290; x_wconf 80' lang='lat' dir='ltr'><strong>crearit</strong></span> <span class='ocrx_word' id='word_1_281' title='bbox 3006 1253 3104 1298; x_wconf 81' lang='lat' dir='ltr'><strong>me,</strong></span> <span class='ocrx_word' id='word_1_282' title='bbox 3131 1255 3148 1288; x_wconf 78' lang='grc' dir='ltr'><strong>ι</strong></span> <span class='ocrx_word' id='word_1_283' title='bbox 3181 1247 3226 1289; x_wconf 85' lang='lat' dir='ltr'><strong>et</strong></span> <span class='ocrx_word' id='word_1_284' title='bbox 3256 1235 3307 1288; x_wconf 81' lang='lat' dir='ltr'><strong>in</strong></span> <span class='ocrx_word' id='word_1_285' title='bbox 3341 1233 3496 1298; x_wconf 81' lang='lat' dir='ltr'><strong>illud,</strong></span> 
     </span>
    </p>
   </div>
   <div class='ocr_carea' id='block_1_40' title="bbox 2262 1308 3133 1374">
    <p class='ocr_par' dir='ltr' id='par_1_40' title="bbox 2262 1308 3133 1374">
     <span class='ocr_line' id='line_1_40' title="bbox 2262 1308 3133 1374; baseline 0 -17"><span class='ocrx_word' id='word_1_286' title='bbox 2262 1325 2279 1357; x_wconf 80' lang='grc' dir='ltr'><strong>ι</strong></span> <span class='ocrx_word' id='word_1_287' title='bbox 2318 1310 2452 1360; x_wconf 82' lang='lat' dir='ltr'><strong>Ante</strong></span> <span class='ocrx_word' id='word_1_288' title='bbox 2479 1310 2677 1360; x_wconf 79' lang='lat' dir='ltr'><strong>sa&#39;cula</strong></span> <span class='ocrx_word' id='word_1_289' title='bbox 2718 1308 2958 1374; x_wconf 79' lang='lat' dir='ltr'><strong>{undavit</strong></span> <span class='ocrx_word' id='word_1_290' title='bbox 2984 1323 3083 1359; x_wconf 73' lang='lat' dir='ltr'><strong>me.</strong></span> <span class='ocrx_word' id='word_1_291' title='bbox 3115 1326 3133 1357; x_wconf 74' lang='grc' dir='ltr'><strong>ι</strong></span> 
     </span>
    </p>
   </div>
   <div class='ocr_carea' id='block_1_41' title="bbox 1975 1413 3499 1484">
    <p class='ocr_par' dir='ltr' id='par_1_41' title="bbox 1975 1413 3499 1484">
     <span class='ocr_line' id='line_1_41' title="bbox 1975 1413 3499 1484; baseline -0.001 -17"><span class='ocrx_word' id='word_1_292' title='bbox 1975 1413 2175 1468; x_wconf 80' lang='lat' dir='ltr'><strong>Paulus</strong></span> <span class='ocrx_word' id='word_1_293' title='bbox 2213 1415 2277 1467; x_wconf 90' lang='lat' dir='ltr'><strong>ad</strong></span> <span class='ocrx_word' id='word_1_294' title='bbox 2310 1415 2573 1484; x_wconf 80' lang='lat' dir='ltr'><strong>Ephesios</strong></span> <span class='ocrx_word' id='word_1_295' title='bbox 2607 1414 2855 1469; x_wconf 83' lang='lat' dir='ltr'><strong>scribens</strong></span> <span class='ocrx_word' id='word_1_296' title='bbox 2883 1415 2955 1466; x_wconf 91' lang='lat' dir='ltr'><strong>ita</strong></span> <span class='ocrx_word' id='word_1_297' title='bbox 2989 1414 3102 1466; x_wconf 89' lang='lat' dir='ltr'><strong>ait:</strong></span> <span class='ocrx_word' id='word_1_298' title='bbox 3135 1432 3152 1464; x_wconf 77' lang='grc' dir='ltr'><strong>ι</strong></span> <span class='ocrx_word' id='word_1_299' title='bbox 3177 1413 3499 1468; x_wconf 81' lang='lat' dir='ltr'><strong>Benedictus</strong></span> 
     </span>
    </p>
   </div>
   <div class='ocr_carea' id='block_1_42' title="bbox 1906 1503 3501 1573">
    <p class='ocr_par' dir='ltr' id='par_1_42' title="bbox 1906 1503 3501 1573">
     <span class='ocr_line' id='line_1_42' title="bbox 1906 1503 3501 1573; baseline -0.001 -14"><span class='ocrx_word' id='word_1_300' title='bbox 1906 1505 2048 1562; x_wconf 82' lang='lat' dir='ltr'><strong>Deus</strong></span> <span class='ocrx_word' id='word_1_301' title='bbox 2082 1518 2134 1561; x_wconf 91' lang='lat' dir='ltr'><strong>et</strong></span> <span class='ocrx_word' id='word_1_302' title='bbox 2161 1504 2324 1561; x_wconf 84' lang='lat' dir='ltr'><strong>Pater</strong></span> <span class='ocrx_word' id='word_1_303' title='bbox 2357 1505 2570 1560; x_wconf 86' lang='lat' dir='ltr'><strong>Domini</strong></span> <span class='ocrx_word' id='word_1_304' title='bbox 2611 1507 2781 1560; x_wconf 90' lang='lat' dir='ltr'><strong>nostri</strong></span> <span class='ocrx_word' id='word_1_305' title='bbox 2812 1505 2939 1560; x_wconf 80' lang='lat' dir='ltr'><strong>Jesu</strong></span> <span class='ocrx_word' id='word_1_306' title='bbox 2971 1504 3197 1569; x_wconf 89' lang='lat' dir='ltr'><strong>Christi,</strong></span> <span class='ocrx_word' id='word_1_307' title='bbox 3225 1505 3314 1573; x_wconf 88' lang='lat' dir='ltr'><strong>qui</strong></span> <span class='ocrx_word' id='word_1_308' title='bbox 3343 1503 3501 1557; x_wconf 66' lang='lat' dir='ltr'><strong>bene-</strong></span> 
     </span>
    </p>
   </div>
   <div class='ocr_carea' id='block_1_43' title="bbox 1903 1596 3502 1665">
    <p class='ocr_par' dir='ltr' id='par_1_43' title="bbox 1903 1596 3502 1665">
     <span class='ocr_line' id='line_1_43' title="bbox 1903 1596 3502 1665; baseline -0.002 -13"><span class='ocrx_word' id='word_1_309' title='bbox 1903 1599 2041 1652; x_wconf 77' lang='lat' dir='ltr'><strong>dixit</strong></span> <span class='ocrx_word' id='word_1_310' title='bbox 2066 1613 2163 1653; x_wconf 86' lang='lat' dir='ltr'><strong>nos</strong></span> <span class='ocrx_word' id='word_1_311' title='bbox 2187 1599 2240 1653; x_wconf 88' lang='lat' dir='ltr'><strong>in</strong></span> <span class='ocrx_word' id='word_1_312' title='bbox 2263 1600 2409 1654; x_wconf 91' lang='lat' dir='ltr'><strong>omni</strong></span> <span class='ocrx_word' id='word_1_313' title='bbox 2430 1599 2811 1653; x_wconf 84' lang='lat' dir='ltr'><strong>benedictione</strong></span> <span class='ocrx_word' id='word_1_314' title='bbox 2839 1597 3070 1665; x_wconf 75' lang='lat' dir='ltr'><strong>spiritali</strong></span> <span class='ocrx_word' id='word_1_315' title='bbox 3106 1598 3156 1650; x_wconf 89' lang='lat' dir='ltr'><strong>in</strong></span> <span class='ocrx_word' id='word_1_316' title='bbox 3186 1596 3502 1650; x_wconf 78' lang='lat' dir='ltr'><strong>ctelestibus</strong></span> 
     </span>
    </p>
   </div>
   <div class='ocr_carea' id='block_1_44' title="bbox 1906 1689 3500 1759">
    <p class='ocr_par' dir='ltr' id='par_1_44' title="bbox 1906 1689 3500 1759">
     <span class='ocr_line' id='line_1_44' title="bbox 1906 1689 3500 1759; baseline -0.003 -15"><span class='ocrx_word' id='word_1_317' title='bbox 1906 1691 1958 1744; x_wconf 89' lang='lat' dir='ltr'><strong>in</strong></span> <span class='ocrx_word' id='word_1_318' title='bbox 1989 1690 2208 1746; x_wconf 81' lang='lat' dir='ltr'><strong>Christo</strong></span> <span class='ocrx_word' id='word_1_319' title='bbox 2235 1706 2251 1744; x_wconf 88' lang='lat'><strong>:</strong></span> <span class='ocrx_word' id='word_1_320' title='bbox 2284 1692 2424 1745; x_wconf 89' lang='lat' dir='ltr'><strong>sicut</strong></span> <span class='ocrx_word' id='word_1_321' title='bbox 2447 1691 2614 1757; x_wconf 69' lang='lat' dir='ltr'><strong>elegit</strong></span> <span class='ocrx_word' id='word_1_322' title='bbox 2647 1706 2746 1743; x_wconf 92' lang='lat' dir='ltr'><strong>nos</strong></span> <span class='ocrx_word' id='word_1_323' title='bbox 2775 1690 2828 1746; x_wconf 85' lang='lat' dir='ltr'><strong>in</strong></span> <span class='ocrx_word' id='word_1_324' title='bbox 2860 1689 2978 1759; x_wconf 89' lang='lat' dir='ltr'><strong>ipso</strong></span> <span class='ocrx_word' id='word_1_325' title='bbox 3007 1699 3132 1742; x_wconf 87' lang='lat' dir='ltr'><strong>ante</strong></span> <span class='ocrx_word' id='word_1_326' title='bbox 3155 1689 3338 1741; x_wconf 88' lang='lat' dir='ltr'><strong>tnundi</strong></span> <span class='ocrx_word' id='word_1_327' title='bbox 3363 1704 3500 1743; x_wconf 87' lang='lat' dir='ltr'><strong>con-</strong></span> 
     </span>
    </p>
   </div>
   <div class='ocr_carea' id='block_1_45' title="bbox 1906 1780 3500 1848">
    <p class='ocr_par' dir='ltr' id='par_1_45' title="bbox 1906 1780 3500 1848">
     <span class='ocr_line' id='line_1_45' title="bbox 1906 1780 3500 1848; baseline -0.003 -10"><span class='ocrx_word' id='word_1_328' title='bbox 1906 1783 2271 1848; x_wconf 87' lang='lat' dir='ltr'><strong>stitutionem,</strong></span> <span class='ocrx_word' id='word_1_329' title='bbox 2327 1793 2386 1837; x_wconf 90' lang='lat' dir='ltr'><strong>ut</strong></span> <span class='ocrx_word' id='word_1_330' title='bbox 2440 1797 2688 1838; x_wconf 85' lang='lat' dir='ltr'><strong>essemus</strong></span> <span class='ocrx_word' id='word_1_331' title='bbox 2739 1783 2914 1836; x_wconf 86' lang='lat' dir='ltr'><strong>sancti</strong></span> <span class='ocrx_word' id='word_1_332' title='bbox 2955 1793 3013 1835; x_wconf 86' lang='lat' dir='ltr'><strong>et</strong></span> <span class='ocrx_word' id='word_1_333' title='bbox 3064 1780 3397 1835; x_wconf 85' lang='lat' dir='ltr'><strong>immaculati</strong></span> <span class='ocrx_word' id='word_1_334' title='bbox 3447 1780 3500 1834; x_wconf 90' lang='lat' dir='ltr'><strong>in</strong></span> 
     </span>
    </p>
   </div>
   <div class='ocr_carea' id='block_1_46' title="bbox 1903 1873 3500 1946">
    <p class='ocr_par' dir='ltr' id='par_1_46' title="bbox 1903 1873 3500 1946">
     <span class='ocr_line' id='line_1_46' title="bbox 1903 1873 3500 1946; baseline -0.005 -14"><span class='ocrx_word' id='word_1_335' title='bbox 1903 1887 2200 1946; x_wconf 88' lang='lat' dir='ltr'><strong>conspectu</strong></span> <span class='ocrx_word' id='word_1_336' title='bbox 2248 1875 2365 1942; x_wconf 76' lang='lat' dir='ltr'><strong>eius</strong></span> <span class='ocrx_word' id='word_1_337' title='bbox 2403 1877 2455 1928; x_wconf 91' lang='lat' dir='ltr'><strong>in</strong></span> <span class='ocrx_word' id='word_1_338' title='bbox 2505 1875 2795 1939; x_wconf 78' lang='lat' dir='ltr'><strong>eliaritate,</strong></span> <span class='ocrx_word' id='word_1_339' title='bbox 2851 1874 3268 1943; x_wconf 70' lang='lat' dir='ltr'><strong>praztlestinavit</strong></span> <span class='ocrx_word' id='word_1_340' title='bbox 3314 1887 3414 1926; x_wconf 87' lang='lat' dir='ltr'><strong>nos</strong></span> <span class='ocrx_word' id='word_1_341' title='bbox 3447 1873 3500 1925; x_wconf 91' lang='lat' dir='ltr'><strong>iu</strong></span> 
     </span>
    </p>
   </div>
   <div class='ocr_carea' id='block_1_47' title="bbox 1903 1962 3496 2037">
    <p class='ocr_par' dir='ltr' id='par_1_47' title="bbox 1903 1962 3496 2037">
     <span class='ocr_line' id='line_1_47' title="bbox 1903 1962 3496 2037; baseline -0.004 -15"><span class='ocrx_word' id='word_1_342' title='bbox 1903 1969 2194 2036; x_wconf 85' lang='lat' dir='ltr'><strong>adoptione</strong></span> <span class='ocrx_word' id='word_1_343' title='bbox 2227 1967 2462 2022; x_wconf 72' lang='lat' dir='ltr'><strong>filiorum</strong></span> <span class='ocrx_word' id='word_1_344' title='bbox 2489 1978 2583 2035; x_wconf 85' lang='lat' dir='ltr'><strong>per</strong></span> <span class='ocrx_word' id='word_1_345' title='bbox 2603 1965 2785 2020; x_wconf 83' lang='lat' dir='ltr'><strong>Jesum</strong></span> <span class='ocrx_word' id='word_1_346' title='bbox 2813 1965 3090 2021; x_wconf 84' lang='lat' dir='ltr'><strong>Christqu</strong></span> <span class='ocrx_word' id='word_1_347' title='bbox 3123 1967 3175 2018; x_wconf 91' lang='lat' dir='ltr'><strong>in</strong></span> <span class='ocrx_word' id='word_1_348' title='bbox 3205 1966 3381 2037; x_wconf 84' lang='lat' dir='ltr'><strong>ipsum</strong></span> <span class='ocrx_word' id='word_1_349' title='bbox 3401 1962 3444 2018; x_wconf 81' lang='grc'><strong>⁸.</strong></span> <span class='ocrx_word' id='word_1_350' title='bbox 3477 1982 3496 2015; x_wconf 76' lang='grc' dir='ltr'><strong>ι</strong></span> 
     </span>
    </p>
   </div>
   <div class='ocr_carea' id='block_1_48' title="bbox 1908 2058 3499 2130">
    <p class='ocr_par' dir='ltr' id='par_1_48' title="bbox 1908 2058 3499 2130">
     <span class='ocr_line' id='line_1_48' title="bbox 1908 2058 3499 2130; baseline -0.004 -14"><span class='ocrx_word' id='word_1_351' title='bbox 1908 2060 1966 2116; x_wconf 88' lang='lat' dir='ltr'><strong>Si</strong></span> <span class='ocrx_word' id='word_1_352' title='bbox 1999 2076 2154 2129; x_wconf 83' lang='lat' dir='ltr'><strong>ergo,</strong></span> <span class='ocrx_word' id='word_1_353' title='bbox 2187 2077 2308 2115; x_wconf 89' lang='lat' dir='ltr'><strong>cum</strong></span> <span class='ocrx_word' id='word_1_354' title='bbox 2339 2063 2580 2130; x_wconf 86' lang='lat' dir='ltr'><strong>nondum</strong></span> <span class='ocrx_word' id='word_1_355' title='bbox 2615 2059 2739 2114; x_wconf 83' lang='lat' dir='ltr'><strong>facti</strong></span> <span class='ocrx_word' id='word_1_356' title='bbox 2771 2073 3036 2124; x_wconf 85' lang='lat' dir='ltr'><strong>essemus,</strong></span> <span class='ocrx_word' id='word_1_357' title='bbox 3073 2059 3124 2111; x_wconf 92' lang='lat' dir='ltr'><strong>in</strong></span> <span class='ocrx_word' id='word_1_358' title='bbox 3155 2058 3499 2124; x_wconf 81' lang='lat' dir='ltr'><strong>adoptionem</strong></span> 
     </span>
    </p>
   </div>
   <div class='ocr_carea' id='block_1_49' title="bbox 1903 2149 3502 2222">
    <p class='ocr_par' dir='ltr' id='par_1_49' title="bbox 1903 2149 3502 2222">
     <span class='ocr_line' id='line_1_49' title="bbox 1903 2149 3502 2222; baseline -0.005 -14"><span class='ocrx_word' id='word_1_359' title='bbox 1903 2153 2062 2208; x_wconf 83' lang='lat' dir='ltr'><strong>electi</strong></span> <span class='ocrx_word' id='word_1_360' title='bbox 2091 2168 2280 2208; x_wconf 86' lang='lat' dir='ltr'><strong>sumus</strong></span> <span class='ocrx_word' id='word_1_361' title='bbox 2313 2167 2421 2221; x_wconf 46' lang='lat' dir='ltr'><strong>per,</strong></span> <span class='ocrx_word' id='word_1_362' title='bbox 2450 2152 2732 2206; x_wconf 83' lang='lat' dir='ltr'><strong>Christum</strong></span> <span class='ocrx_word' id='word_1_363' title='bbox 2769 2153 2820 2205; x_wconf 94' lang='lat' dir='ltr'><strong>in</strong></span> <span class='ocrx_word' id='word_1_364' title='bbox 2855 2151 3052 2222; x_wconf 87' lang='lat' dir='ltr'><strong>ipsum,</strong></span> <span class='ocrx_word' id='word_1_365' title='bbox 3082 2161 3136 2203; x_wconf 89' lang='lat' dir='ltr'><strong>et</strong></span> <span class='ocrx_word' id='word_1_366' title='bbox 3167 2149 3502 2203; x_wconf 85' lang='lat' dir='ltr'><strong>benedictio-</strong></span> 
     </span>
    </p>
   </div>
   <div class='ocr_carea' id='block_1_50' title="bbox 1904 2244 3502 2315">
    <p class='ocr_par' dir='ltr' id='par_1_50' title="bbox 1904 2244 3502 2315">
     <span class='ocr_line' id='line_1_50' title="bbox 1904 2244 3502 2315; baseline -0.004 -15"><span class='ocrx_word' id='word_1_367' title='bbox 1904 2247 2064 2300; x_wconf 88' lang='lat' dir='ltr'><strong>nibus</strong></span> <span class='ocrx_word' id='word_1_368' title='bbox 2099 2245 2436 2315; x_wconf 81' lang='lat' dir='ltr'><strong>spiritalibus</strong></span> <span class='ocrx_word' id='word_1_369' title='bbox 2468 2246 2520 2298; x_wconf 89' lang='lat' dir='ltr'><strong>in</strong></span> <span class='ocrx_word' id='word_1_370' title='bbox 2560 2244 2878 2300; x_wconf 67' lang='lat' dir='ltr'><strong>caelestibus</strong></span> <span class='ocrx_word' id='word_1_371' title='bbox 2922 2244 3298 2298; x_wconf 84' lang='lat' dir='ltr'><strong>benedieimur</strong></span> <span class='ocrx_word' id='word_1_372' title='bbox 3337 2261 3351 2295; x_wconf 88' lang='lat'><strong>:</strong></span> <span class='ocrx_word' id='word_1_373' title='bbox 3401 2256 3502 2296; x_wconf 89' lang='lat' dir='ltr'><strong>cur</strong></span> 
     </span>
    </p>
   </div>
   <div class='ocr_carea' id='block_1_51' title="bbox 1907 2333 3505 2404">
    <p class='ocr_par' dir='ltr' id='par_1_51' title="bbox 1907 2333 3505 2404">
     <span class='ocr_line' id='line_1_51' title="bbox 1907 2333 3505 2404; baseline -0.001 -16"><span class='ocrx_word' id='word_1_374' title='bbox 1907 2351 2012 2390; x_wconf 93' lang='lat' dir='ltr'><strong>non</strong></span> <span class='ocrx_word' id='word_1_375' title='bbox 2051 2351 2174 2390; x_wconf 90' lang='lat' dir='ltr'><strong>cum</strong></span> <span class='ocrx_word' id='word_1_376' title='bbox 2217 2335 2341 2404; x_wconf 85' lang='lat' dir='ltr'><strong>quis</strong></span> <span class='ocrx_word' id='word_1_377' title='bbox 2371 2337 2556 2388; x_wconf 86' lang='lat' dir='ltr'><strong>audiat</strong></span> <span class='ocrx_word' id='word_1_378' title='bbox 2600 2335 2868 2389; x_wconf 87' lang='lat' dir='ltr'><strong>dicentem</strong></span> <span class='ocrx_word' id='word_1_379' title='bbox 2911 2334 3106 2388; x_wconf 88' lang='lat' dir='ltr'><strong>Filitttn</strong></span> <span class='ocrx_word' id='word_1_380' title='bbox 3149 2333 3262 2400; x_wconf 71' lang='lat' dir='ltr'><strong>Dei,</strong></span> <span class='ocrx_word' id='word_1_381' title='bbox 3306 2352 3324 2384; x_wconf 83' lang='lat' dir='ltr'><strong>t</strong></span> <span class='ocrx_word' id='word_1_382' title='bbox 3364 2336 3505 2387; x_wconf 85' lang='lat' dir='ltr'><strong>Ante</strong></span> 
     </span>
    </p>
   </div>
   <div class='ocr_carea' id='block_1_52' title="bbox 1904 2423 3501 2495">
    <p class='ocr_par' dir='ltr' id='par_1_52' title="bbox 1904 2423 3501 2495">
     <span class='ocr_line' id='line_1_52' title="bbox 1904 2423 3501 2495; baseline -0.002 -17"><span class='ocrx_word' id='word_1_383' title='bbox 1904 2425 2100 2479; x_wconf 65' lang='lat' dir='ltr'><strong>saecula</strong></span> <span class='ocrx_word' id='word_1_384' title='bbox 2131 2423 2381 2478; x_wconf 79' lang='lat' dir='ltr'><strong>fundavit</strong></span> <span class='ocrx_word' id='word_1_385' title='bbox 2403 2440 2508 2490; x_wconf 89' lang='lat' dir='ltr'><strong>me,</strong></span> <span class='ocrx_word' id='word_1_386' title='bbox 2544 2443 2562 2475; x_wconf 74' lang='grc' dir='ltr'><strong>ι</strong></span> <span class='ocrx_word' id='word_1_387' title='bbox 2605 2423 2766 2495; x_wconf 70' lang='grc'><strong>174</strong></span> <span class='ocrx_word' id='word_1_388' title='bbox 2789 2432 3008 2478; x_wconf 83' lang='lat' dir='ltr'><strong>censeat</strong></span> <span class='ocrx_word' id='word_1_389' title='bbox 3041 2424 3188 2476; x_wconf 89' lang='lat' dir='ltr'><strong>illum</strong></span> <span class='ocrx_word' id='word_1_390' title='bbox 3234 2423 3501 2492; x_wconf 85' lang='lat' dir='ltr'><strong>ejusmodi</strong></span> 
     </span>
    </p>
   </div>
   <div class='ocr_carea' id='block_1_53' title="bbox 1905 2515 3502 2585">
    <p class='ocr_par' dir='ltr' id='par_1_53' title="bbox 1905 2515 3502 2585">
     <span class='ocr_line' id='line_1_53' title="bbox 1905 2515 3502 2585; baseline -0.003 -14"><span class='ocrx_word' id='word_1_391' title='bbox 1905 2518 2087 2571; x_wconf 85' lang='lat' dir='ltr'><strong>dicere</strong></span> <span class='ocrx_word' id='word_1_392' title='bbox 2146 2525 2396 2585; x_wconf 85' lang='lat' dir='ltr'><strong>respectu</strong></span> <span class='ocrx_word' id='word_1_393' title='bbox 2447 2519 2802 2584; x_wconf 76' lang='lat' dir='ltr'><strong>przeuotiouis</strong></span> <span class='ocrx_word' id='word_1_394' title='bbox 2857 2515 2973 2582; x_wconf 86' lang='lat' dir='ltr'><strong>Dei,</strong></span> <span class='ocrx_word' id='word_1_395' title='bbox 3010 2531 3113 2584; x_wconf 87' lang='lat' dir='ltr'><strong>qua</strong></span> <span class='ocrx_word' id='word_1_396' title='bbox 3167 2519 3393 2585; x_wconf 79' lang='lat' dir='ltr'><strong>pra-noti</strong></span> <span class='ocrx_word' id='word_1_397' title='bbox 3448 2515 3502 2568; x_wconf 90' lang='lat' dir='ltr'><strong>itt</strong></span> 
     </span>
    </p>
   </div>
   <div class='ocr_carea' id='block_1_54' title="bbox 1908 2606 3502 2676">
    <p class='ocr_par' dir='ltr' id='par_1_54' title="bbox 1908 2606 3502 2676">
     <span class='ocr_line' id='line_1_54' title="bbox 1908 2606 3502 2676; baseline -0.001 -16"><span class='ocrx_word' id='word_1_398' title='bbox 1908 2607 2020 2676; x_wconf 82' lang='lat' dir='ltr'><strong>ipsa</strong></span> <span class='ocrx_word' id='word_1_399' title='bbox 2057 2607 2233 2660; x_wconf 78' lang='lat' dir='ltr'><strong>vocati</strong></span> <span class='ocrx_word' id='word_1_400' title='bbox 2269 2621 2483 2670; x_wconf 88' lang='lat' dir='ltr'><strong>sumus,</strong></span> <span class='ocrx_word' id='word_1_401' title='bbox 2518 2607 2776 2674; x_wconf 84' lang='lat' dir='ltr'><strong>omnique</strong></span> <span class='ocrx_word' id='word_1_402' title='bbox 2819 2606 3202 2660; x_wconf 87' lang='lat' dir='ltr'><strong>benedictione</strong></span> <span class='ocrx_word' id='word_1_403' title='bbox 3248 2606 3502 2668; x_wconf 78' lang='lat' dir='ltr'><strong>fruimur,</strong></span> 
     </span>
    </p>
   </div>
   <div class='ocr_carea' id='block_1_55' title="bbox 1906 2697 3506 2760">
    <p class='ocr_par' dir='ltr' id='par_1_55' title="bbox 1906 2697 3506 2760">
     <span class='ocr_line' id='line_1_55' title="bbox 1906 2697 3506 2760; baseline -0.001 -8"><span class='ocrx_word' id='word_1_404' title='bbox 1906 2714 2028 2752; x_wconf 90' lang='lat' dir='ltr'><strong>cum</strong></span> <span class='ocrx_word' id='word_1_405' title='bbox 2084 2698 2320 2752; x_wconf 90' lang='lat' dir='ltr'><strong>nondum</strong></span> <span class='ocrx_word' id='word_1_406' title='bbox 2367 2698 2592 2751; x_wconf 90' lang='lat' dir='ltr'><strong>omnino</strong></span> <span class='ocrx_word' id='word_1_407' title='bbox 2641 2697 2767 2750; x_wconf 76' lang='lat' dir='ltr'><strong>facti</strong></span> <span class='ocrx_word' id='word_1_408' title='bbox 2826 2711 3110 2760; x_wconf 86' lang='lat' dir='ltr'><strong>essemus,</strong></span> <span class='ocrx_word' id='word_1_409' title='bbox 3177 2698 3270 2750; x_wconf 81' lang='lat' dir='ltr'><strong>sed</strong></span> <span class='ocrx_word' id='word_1_410' title='bbox 3322 2697 3506 2750; x_wconf 87' lang='lat' dir='ltr'><strong>multis</strong></span> 
     </span>
    </p>
   </div>
   <div class='ocr_carea' id='block_1_56' title="bbox 1907 2788 3505 2857">
    <p class='ocr_par' dir='ltr' id='par_1_56' title="bbox 1907 2788 3505 2857">
     <span class='ocr_line' id='line_1_56' title="bbox 1907 2788 3505 2857; baseline 0.001 -17"><span class='ocrx_word' id='word_1_411' title='bbox 1907 2799 2091 2857; x_wconf 60' lang='lat' dir='ltr'><strong>postea</strong></span> <span class='ocrx_word' id='word_1_412' title='bbox 2138 2789 2352 2843; x_wconf 68' lang='lat' dir='ltr'><strong>saeculis</strong></span> <span class='ocrx_word' id='word_1_413' title='bbox 2406 2803 2527 2844; x_wconf 87' lang='lat' dir='ltr'><strong>esse</strong></span> <span class='ocrx_word' id='word_1_414' title='bbox 2581 2788 2862 2844; x_wconf 85' lang='lat' dir='ltr'><strong>consecuti</strong></span> <span class='ocrx_word' id='word_1_415' title='bbox 2913 2788 3127 2844; x_wconf 87' lang='lat' dir='ltr'><strong>simus?</strong></span> <span class='ocrx_word' id='word_1_416' title='bbox 3183 2790 3346 2856; x_wconf 82' lang='lat' dir='ltr'><strong>Atqui</strong></span> <span class='ocrx_word' id='word_1_417' title='bbox 3401 2788 3505 2843; x_wconf 87' lang='lat' dir='ltr'><strong>hoc</strong></span> 
     </span>
    </p>
   </div>
   <div class='ocr_carea' id='block_1_57' title="bbox 1907 2881 3503 2951">
    <p class='ocr_par' dir='ltr' id='par_1_57' title="bbox 1907 2881 3503 2951">
     <span class='ocr_line' id='line_1_57' title="bbox 1907 2881 3503 2951; baseline -0.001 -15"><span class='ocrx_word' id='word_1_418' title='bbox 1907 2883 2084 2951; x_wconf 79' lang='lat' dir='ltr'><strong>ipsum</strong></span> <span class='ocrx_word' id='word_1_419' title='bbox 2125 2881 2571 2937; x_wconf 78' lang='lat' dir='ltr'><strong>manifestissime</strong></span> <span class='ocrx_word' id='word_1_420' title='bbox 2603 2897 2700 2936; x_wconf 88' lang='lat' dir='ltr'><strong>nos</strong></span> <span class='ocrx_word' id='word_1_421' title='bbox 2724 2883 2924 2935; x_wconf 78' lang='lat' dir='ltr'><strong>docens</strong></span> <span class='ocrx_word' id='word_1_422' title='bbox 2956 2883 3068 2950; x_wconf 89' lang='lat' dir='ltr'><strong>ipse</strong></span> <span class='ocrx_word' id='word_1_423' title='bbox 3099 2881 3381 2946; x_wconf 86' lang='lat' dir='ltr'><strong>Dominus,</strong></span> <span class='ocrx_word' id='word_1_424' title='bbox 3421 2882 3503 2935; x_wconf 86' lang='lat' dir='ltr'><strong>tli-</strong></span> 
     </span>
    </p>
   </div>
   <div class='ocr_carea' id='block_1_58' title="bbox 1905 2974 3503 3048">
    <p class='ocr_par' dir='ltr' id='par_1_58' title="bbox 1905 2974 3503 3048">
     <span class='ocr_line' id='line_1_58' title="bbox 1905 2974 3503 3048; baseline 0 -18"><span class='ocrx_word' id='word_1_425' title='bbox 1905 2977 2014 3030; x_wconf 88' lang='lat' dir='ltr'><strong>cit:</strong></span> <span class='ocrx_word' id='word_1_426' title='bbox 2039 2995 2058 3028; x_wconf 76' lang='lat' dir='ltr'><strong>t</strong></span> <span class='ocrx_word' id='word_1_427' title='bbox 2082 2974 2298 3044; x_wconf 84' lang='lat' dir='ltr'><strong>Venite,</strong></span> <span class='ocrx_word' id='word_1_428' title='bbox 2326 2976 2594 3031; x_wconf 87' lang='lat' dir='ltr'><strong>benedicti</strong></span> <span class='ocrx_word' id='word_1_429' title='bbox 2617 2977 2794 3032; x_wconf 87' lang='lat' dir='ltr'><strong>l’atris</strong></span> <span class='ocrx_word' id='word_1_430' title='bbox 2820 2979 2946 3044; x_wconf 90' lang='lat' dir='ltr'><strong>mei,</strong></span> <span class='ocrx_word' id='word_1_431' title='bbox 2986 2979 3254 3047; x_wconf 71' lang='lat' dir='ltr'><strong>possidete</strong></span> <span class='ocrx_word' id='word_1_432' title='bbox 3280 2994 3503 3048; x_wconf 69' lang='lat' dir='ltr'><strong>regnum</strong></span> 
     </span>
    </p>
   </div>
   <div class='ocr_carea' id='block_1_59' title="bbox 1907 3069 3498 3138">
    <p class='ocr_par' dir='ltr' id='par_1_59' title="bbox 1907 3069 3498 3138">
     <span class='ocr_line' id='line_1_59' title="bbox 1907 3069 3498 3138; baseline 0.003 -20"><span class='ocrx_word' id='word_1_433' title='bbox 1907 3069 2048 3136; x_wconf 78' lang='lat' dir='ltr'><strong>quod</strong></span> <span class='ocrx_word' id='word_1_434' title='bbox 2069 3077 2321 3138; x_wconf 83' lang='lat' dir='ltr'><strong>paratum</strong></span> <span class='ocrx_word' id='word_1_435' title='bbox 2340 3078 2426 3122; x_wconf 88' lang='lat' dir='ltr'><strong>est</strong></span> <span class='ocrx_word' id='word_1_436' title='bbox 2443 3069 2598 3124; x_wconf 82' lang='lat' dir='ltr'><strong>vobis</strong></span> <span class='ocrx_word' id='word_1_437' title='bbox 2615 3081 2741 3122; x_wconf 90' lang='lat' dir='ltr'><strong>ante</strong></span> <span class='ocrx_word' id='word_1_438' title='bbox 2762 3072 3206 3124; x_wconf 86' lang='lat' dir='ltr'><strong>constitutionem</strong></span> <span class='ocrx_word' id='word_1_439' title='bbox 3227 3073 3406 3124; x_wconf 86' lang='lat' dir='ltr'><strong>mundi</strong></span> <span class='ocrx_word' id='word_1_440' title='bbox 3425 3073 3466 3125; x_wconf 81' lang='lat'><strong>’.</strong></span> <span class='ocrx_word' id='word_1_441' title='bbox 3481 3091 3498 3122; x_wconf 75' lang='grc' dir='ltr'><strong>ι</strong></span> 
     </span>
    </p>
   </div>
   <div class='ocr_carea' id='block_1_60' title="bbox 224 3141 1807 3251">
    <p class='ocr_par' dir='ltr' id='par_1_60' title="bbox 224 3155 1804 3228">
     <span class='ocr_line' id='line_1_60' title="bbox 224 3155 1804 3228; baseline -0.001 -18"><span class='ocrx_word' id='word_1_442' title='bbox 224 3160 390 3228; x_wconf 71' lang='grc' dir='ltr'><strong>σμένην</strong></span> <span class='ocrx_word' id='word_1_443' title='bbox 428 3160 571 3228; x_wconf 71' lang='grc' dir='ltr'><strong>ὑμῖν</strong></span> <span class='ocrx_word' id='word_1_444' title='bbox 613 3157 904 3227; x_wconf 84' lang='grc' dir='ltr'><strong>βασιλείαν</strong></span> <span class='ocrx_word' id='word_1_445' title='bbox 939 3156 1046 3210; x_wconf 83' lang='grc' dir='ltr'><strong>ἀπὸ</strong></span> <span class='ocrx_word' id='word_1_446' title='bbox 1078 3155 1388 3225; x_wconf 81' lang='grc' dir='ltr'><strong>καταϐολῆς</strong></span> <span class='ocrx_word' id='word_1_447' title='bbox 1435 3156 1665 3226; x_wconf 80' lang='grc' dir='ltr'><strong>κόσμου.</strong></span> <span class='ocrx_word' id='word_1_448' title='bbox 1692 3174 1709 3206; x_wconf 77' lang='grc' dir='ltr'><strong>ι</strong></span> <span class='ocrx_word' id='word_1_449' title='bbox 1742 3157 1804 3209; x_wconf 79' lang='grc' dir='ltr'><strong>Εἰ</strong></span> 
     </span>
    </p>
   </div>
   <div class='ocr_carea' id='block_1_61' title="bbox 1915 3141 3501 3251">
    <p class='ocr_par' dir='ltr' id='par_1_61' title="bbox 1915 3141 3501 3231">
     <span class='ocr_line' id='line_1_61' title="bbox 1915 3141 3501 3231; baseline 0.003 -18"><span class='ocrx_word' id='word_1_450' title='bbox 1915 3160 1966 3213; x_wconf 89' lang='lat' dir='ltr'><strong>Si</strong></span> <span class='ocrx_word' id='word_1_451' title='bbox 1995 3175 2124 3214; x_wconf 82' lang='lat' dir='ltr'><strong>vero</strong></span> <span class='ocrx_word' id='word_1_452' title='bbox 2155 3161 2321 3215; x_wconf 90' lang='lat' dir='ltr'><strong>etiam</strong></span> <span class='ocrx_word' id='word_1_453' title='bbox 2357 3176 2580 3226; x_wconf 73' lang='lat' dir='ltr'><strong>regnum</strong></span> <span class='ocrx_word' id='word_1_454' title='bbox 2619 3174 2867 3231; x_wconf 87' lang='lat' dir='ltr'><strong>paratum</strong></span> <span class='ocrx_word' id='word_1_455' title='bbox 2897 3171 2982 3216; x_wconf 87' lang='lat' dir='ltr'><strong>est</strong></span> <span class='ocrx_word' id='word_1_456' title='bbox 3009 3141 3233 3216; x_wconf 44' lang='lat' dir='ltr'><strong>a&#39;l’atre</strong></span> <span class='ocrx_word' id='word_1_457' title='bbox 3261 3167 3501 3217; x_wconf 81' lang='lat' dir='ltr'><strong>nomium</strong></span> 
     </span>
    </p>
   </div>
   <div class='ocr_carea' id='block_1_62' title="bbox 221 3247 1806 3321">
    <p class='ocr_par' dir='ltr' id='par_1_62' title="bbox 221 3247 1806 3321">
     <span class='ocr_line' id='line_1_62' title="bbox 221 3247 1806 3321; baseline -0.003 -19"><span class='ocrx_word' id='word_1_458' title='bbox 221 3250 265 3302; x_wconf 76' lang='grc' dir='ltr'><strong>δὲ</strong></span> <span class='ocrx_word' id='word_1_459' title='bbox 293 3252 587 3321; x_wconf 65' lang='grc' dir='ltr'><strong>ἡτοίμαστο</strong></span> <span class='ocrx_word' id='word_1_460' title='bbox 636 3249 740 3302; x_wconf 77' lang='grc' dir='ltr'><strong>καὶ</strong></span> <span class='ocrx_word' id='word_1_461' title='bbox 768 3251 802 3318; x_wconf 81' lang='grc' dir='ltr'><strong>ἡ</strong></span> <span class='ocrx_word' id='word_1_462' title='bbox 841 3247 1088 3317; x_wconf 83' lang='grc' dir='ltr'><strong>βασιλεία</strong></span> <span class='ocrx_word' id='word_1_463' title='bbox 1121 3247 1273 3318; x_wconf 78' lang='grc' dir='ltr'><strong>παρᾶ</strong></span> <span class='ocrx_word' id='word_1_464' title='bbox 1315 3247 1408 3299; x_wconf 83' lang='grc' dir='ltr'><strong>τοῦ</strong></span> <span class='ocrx_word' id='word_1_465' title='bbox 1445 3247 1658 3318; x_wconf 76' lang='grc' dir='ltr'><strong>[ἰατρὸς</strong></span> <span class='ocrx_word' id='word_1_466' title='bbox 1694 3248 1806 3310; x_wconf 84' lang='grc' dir='ltr'><strong>τοῖς</strong></span> 
     </span>
    </p>
   </div>
   <div class='ocr_carea' id='block_1_63' title="bbox 224 3337 1805 3410">
    <p class='ocr_par' dir='ltr' id='par_1_63' title="bbox 224 3337 1805 3410">
     <span class='ocr_line' id='line_1_63' title="bbox 224 3337 1805 3410; baseline -0.002 -18"><span class='ocrx_word' id='word_1_467' title='bbox 224 3340 349 3394; x_wconf 62' lang='grc' dir='ltr'><strong>οὓτω</strong></span> <span class='ocrx_word' id='word_1_468' title='bbox 379 3341 666 3410; x_wconf 77' lang='grc' dir='ltr'><strong>γεγονόσι,</strong></span> <span class='ocrx_word' id='word_1_469' title='bbox 700 3341 799 3392; x_wconf 79' lang='grc' dir='ltr'><strong>καὶ</strong></span> <span class='ocrx_word' id='word_1_470' title='bbox 829 3339 938 3408; x_wconf 76' lang='grc' dir='ltr'><strong>πρὸ</strong></span> <span class='ocrx_word' id='word_1_471' title='bbox 965 3339 1063 3408; x_wconf 84' lang='grc' dir='ltr'><strong>τῆς</strong></span> <span class='ocrx_word' id='word_1_472' title='bbox 1095 3337 1188 3391; x_wconf 86' lang='grc' dir='ltr'><strong>τοῦ</strong></span> <span class='ocrx_word' id='word_1_473' title='bbox 1219 3338 1426 3408; x_wconf 84' lang='grc' dir='ltr'><strong>κόσμου</strong></span> <span class='ocrx_word' id='word_1_474' title='bbox 1479 3338 1805 3408; x_wconf 88' lang='grc' dir='ltr'><strong>καταϐολῆς,</strong></span> 
     </span>
    </p>
   </div>
   <div class='ocr_carea' id='block_1_64' title="bbox 230 3429 1808 3503">
    <p class='ocr_par' dir='ltr' id='par_1_64' title="bbox 230 3429 1808 3503">
     <span class='ocr_line' id='line_1_64' title="bbox 230 3429 1808 3503; baseline -0.002 -19"><span class='ocrx_word' id='word_1_475' title='bbox 230 3435 486 3503; x_wconf 61' lang='grc' dir='ltr'><strong>ἡτοίμαστο</strong></span> <span class='ocrx_word' id='word_1_476' title='bbox 514 3434 582 3487; x_wconf 78' lang='grc' dir='ltr'><strong>δὲ</strong></span> <span class='ocrx_word' id='word_1_477' title='bbox 623 3432 853 3494; x_wconf 80' lang='grc' dir='ltr'><strong>πάντως</strong></span> <span class='ocrx_word' id='word_1_478' title='bbox 904 3433 964 3482; x_wconf 89' lang='lat' dir='ltr'><strong>tv</strong></span> <span class='ocrx_word' id='word_1_479' title='bbox 1014 3431 1254 3502; x_wconf 80' lang='grc' dir='ltr'><strong>Χριστῷ,</strong></span> <span class='ocrx_word' id='word_1_480' title='bbox 1289 3430 1516 3493; x_wconf 76' lang='grc' dir='ltr'><strong>εἰκότως</strong></span> <span class='ocrx_word' id='word_1_481' title='bbox 1548 3430 1614 3482; x_wconf 77' lang='grc' dir='ltr'><strong>ἂν</strong></span> <span class='ocrx_word' id='word_1_482' title='bbox 1657 3429 1808 3497; x_wconf 88' lang='grc' dir='ltr'><strong>λέγοι</strong></span> 
     </span>
    </p>
   </div>
   <div class='ocr_carea' id='block_1_65' title="bbox 234 3520 1806 3596">
    <p class='ocr_par' dir='ltr' id='par_1_65' title="bbox 234 3520 1806 3596">
     <span class='ocr_line' id='line_1_65' title="bbox 234 3520 1806 3596; baseline -0.003 -19"><span class='ocrx_word' id='word_1_483' title='bbox 234 3527 345 3596; x_wconf 79' lang='grc' dir='ltr'><strong>περὶ</strong></span> <span class='ocrx_word' id='word_1_484' title='bbox 383 3527 614 3580; x_wconf 63' lang='lat' dir='ltr'><strong>tauro-3&#39;</strong></span> <span class='ocrx_word' id='word_1_485' title='bbox 683 3543 704 3574; x_wconf 77' lang='grc' dir='ltr'><strong>ι</strong></span> <span class='ocrx_word' id='word_1_486' title='bbox 757 3523 872 3593; x_wconf 84' lang='grc' dir='ltr'><strong>Πρὸ</strong></span> <span class='ocrx_word' id='word_1_487' title='bbox 919 3522 1015 3575; x_wconf 85' lang='grc' dir='ltr'><strong>τοῦ</strong></span> <span class='ocrx_word' id='word_1_488' title='bbox 1085 3522 1282 3584; x_wconf 85' lang='grc' dir='ltr'><strong>αἰῶνος</strong></span> <span class='ocrx_word' id='word_1_489' title='bbox 1328 3520 1662 3589; x_wconf 81' lang='grc' dir='ltr'><strong>ὲΟεμελίωσὲ</strong></span> <span class='ocrx_word' id='word_1_490' title='bbox 1718 3537 1806 3588; x_wconf 90' lang='grc' dir='ltr'><strong>με,</strong></span> 
     </span>
    </p>
   </div>
   <div class='ocr_carea' id='block_1_66' title="bbox 231 3611 1808 3689">
    <p class='ocr_par' dir='ltr' id='par_1_66' title="bbox 231 3611 1808 3689">
     <span class='ocr_line' id='line_1_66' title="bbox 231 3611 1808 3689; baseline -0.004 -18"><span class='ocrx_word' id='word_1_491' title='bbox 231 3620 317 3688; x_wconf 72' lang='grc' dir='ltr'><strong>πρὸ</strong></span> <span class='ocrx_word' id='word_1_492' title='bbox 340 3620 421 3671; x_wconf 72' lang='grc' dir='ltr'><strong>τοῦ</strong></span> <span class='ocrx_word' id='word_1_493' title='bbox 448 3621 559 3689; x_wconf 77' lang='grc' dir='ltr'><strong>ὅρη</strong></span> <span class='ocrx_word' id='word_1_494' title='bbox 590 3615 958 3687; x_wconf 75' lang='grc' dir='ltr'><strong>ἑδρασθῆναι,</strong></span> <span class='ocrx_word' id='word_1_495' title='bbox 994 3614 1100 3685; x_wconf 72' lang='grc' dir='ltr'><strong>πρὸ</strong></span> <span class='ocrx_word' id='word_1_496' title='bbox 1130 3613 1225 3667; x_wconf 85' lang='grc' dir='ltr'><strong>τοῦ</strong></span> <span class='ocrx_word' id='word_1_497' title='bbox 1258 3611 1543 3685; x_wconf 80' lang='grc' dir='ltr'><strong>προελθεῖν</strong></span> <span class='ocrx_word' id='word_1_498' title='bbox 1575 3612 1674 3676; x_wconf 82' lang='grc' dir='ltr'><strong>τὰς</strong></span> <span class='ocrx_word' id='word_1_499' title='bbox 1701 3631 1808 3682; x_wconf 70' lang='grc' dir='ltr'><strong>πη-</strong></span> 
     </span>
    </p>
   </div>
   <div class='ocr_carea' id='block_1_67' title="bbox 217 3705 1810 3778">
    <p class='ocr_par' dir='ltr' id='par_1_67' title="bbox 217 3705 1810 3778">
     <span class='ocr_line' id='line_1_67' title="bbox 217 3705 1810 3778; baseline -0.004 -15"><span class='ocrx_word' id='word_1_500' title='bbox 217 3713 304 3778; x_wconf 66' lang='grc' dir='ltr'><strong>γὰς</strong></span> <span class='ocrx_word' id='word_1_501' title='bbox 326 3714 426 3765; x_wconf 79' lang='grc' dir='ltr'><strong>τῶν</strong></span> <span class='ocrx_word' id='word_1_502' title='bbox 460 3713 719 3764; x_wconf 75' lang='grc' dir='ltr'><strong>ὑδάτων.</strong></span> <span class='ocrx_word' id='word_1_503' title='bbox 740 3707 956 3760; x_wconf 78' lang='grc' dir='ltr'><strong>»Ταῦτα</strong></span> <span class='ocrx_word' id='word_1_504' title='bbox 987 3709 1094 3778; x_wconf 78' lang='grc' dir='ltr'><strong>γὰρ</strong></span> <span class='ocrx_word' id='word_1_505' title='bbox 1122 3707 1303 3760; x_wconf 84' lang='grc' dir='ltr'><strong>πάντα</strong></span> <span class='ocrx_word' id='word_1_506' title='bbox 1335 3707 1432 3775; x_wconf 87' lang='grc' dir='ltr'><strong>τῆς</strong></span> <span class='ocrx_word' id='word_1_507' title='bbox 1455 3705 1684 3768; x_wconf 84' lang='grc' dir='ltr'><strong>κτίσεως</strong></span> <span class='ocrx_word' id='word_1_508' title='bbox 1711 3721 1810 3776; x_wconf 84' lang='grc' dir='ltr'><strong>ση-</strong></span> 
     </span>
    </p>
   </div>
   <div class='ocr_carea' id='block_1_68' title="bbox 207 3797 1684 3879">
    <p class='ocr_par' dir='ltr' id='par_1_68' title="bbox 207 3797 1684 3879">
     <span class='ocr_line' id='line_1_68' title="bbox 207 3797 1684 3879; baseline -0.007 -16"><span class='ocrx_word' id='word_1_509' title='bbox 207 3811 369 3879; x_wconf 79' lang='grc' dir='ltr'><strong>μαίνει</strong></span> <span class='ocrx_word' id='word_1_510' title='bbox 400 3810 509 3878; x_wconf 78' lang='grc' dir='ltr'><strong>τὴν</strong></span> <span class='ocrx_word' id='word_1_511' title='bbox 546 3809 619 3860; x_wconf 84' lang='grc' dir='ltr'><strong>ὲκ</strong></span> <span class='ocrx_word' id='word_1_512' title='bbox 647 3804 748 3858; x_wconf 85' lang='grc' dir='ltr'><strong>τοῦ</strong></span> <span class='ocrx_word' id='word_1_513' title='bbox 785 3805 860 3875; x_wconf 80' lang='grc' dir='ltr'><strong>μὴ</strong></span> <span class='ocrx_word' id='word_1_514' title='bbox 887 3803 1038 3866; x_wconf 72' lang='grc' dir='ltr'><strong>ὄντος</strong></span> <span class='ocrx_word' id='word_1_515' title='bbox 1067 3804 1146 3866; x_wconf 74' lang='grc' dir='ltr'><strong>εἰς</strong></span> <span class='ocrx_word' id='word_1_516' title='bbox 1171 3802 1230 3855; x_wconf 82' lang='grc' dir='ltr'><strong>τὸ</strong></span> <span class='ocrx_word' id='word_1_517' title='bbox 1262 3797 1402 3854; x_wconf 81' lang='grc' dir='ltr'><strong>εἶναι</strong></span> <span class='ocrx_word' id='word_1_518' title='bbox 1432 3801 1684 3872; x_wconf 84' lang='grc' dir='ltr'><strong>πάροδον.</strong></span> 
     </span>
    </p>
   </div>
   <div class='ocr_carea' id='block_1_69' title="bbox 197 3913 1812 3991">
    <p class='ocr_par' dir='ltr' id='par_1_69' title="bbox 197 3913 1812 3991">
     <span class='ocr_line' id='line_1_69' title="bbox 197 3913 1812 3991; baseline -0.011 -10"><span class='ocrx_word' id='word_1_519' title='bbox 197 3925 391 3990; x_wconf 75' lang='grc' dir='ltr'><strong>ΑΔΛΟ,</strong></span> <span class='ocrx_word' id='word_1_520' title='bbox 443 3918 930 3991; x_wconf 75' lang='grc' dir='ltr'><strong>διηγηματικῶς,</strong></span> <span class='ocrx_word' id='word_1_521' title='bbox 977 3917 1053 3991; x_wconf 54' lang='grc' dir='ltr'><strong>διξ</strong></span> <span class='ocrx_word' id='word_1_522' title='bbox 1090 3913 1161 3973; x_wconf 83' lang='grc' dir='ltr'><strong>οὗ</strong></span> <span class='ocrx_word' id='word_1_523' title='bbox 1213 3915 1570 3991; x_wconf 42' lang='grc' dir='ltr'><strong>τὴνῃαὶτίαλν</strong></span> <span class='ocrx_word' id='word_1_524' title='bbox 1609 3914 1812 3991; x_wconf 56' lang='grc' dir='ltr'><strong>ὥσπερ</strong></span> 
     </span>
    </p>
   </div>
   <div class='ocr_carea' id='block_1_70' title="bbox 253 3983 1812 4065">
    <p class='ocr_par' dir='ltr' id='par_1_70' title="bbox 253 3983 1812 4065">
     <span class='ocr_line' id='line_1_70' title="bbox 253 3983 1812 4065; baseline -0.008 -16"><span class='ocrx_word' id='word_1_525' title='bbox 253 3983 670 4065; x_wconf 57' lang='grc' dir='ltr'><strong>μανῦἀιεὸίιεῖ”</strong></span> <span class='ocrx_word' id='word_1_526' title='bbox 695 3991 806 4065; x_wconf 61' lang='grc' dir='ltr'><strong>τοῦ</strong></span> <span class='ocrx_word' id='word_1_527' title='bbox 833 3983 1200 4065; x_wconf 64' lang='grc' dir='ltr'><strong>προωρίσραι</strong></span> <span class='ocrx_word' id='word_1_528' title='bbox 1225 3983 1572 4065; x_wconf 43' lang='grc' dir='ltr'><strong>ἐφ’-ξρίσζῷ,</strong></span> <span class='ocrx_word' id='word_1_529' title='bbox 1599 3984 1701 4065; x_wconf 48' lang='grc' dir='ltr'><strong>καὶ</strong></span> <span class='ocrx_word' id='word_1_530' title='bbox 1724 3989 1812 4065; x_wconf 74' lang='grc' dir='ltr'><strong>εἰς</strong></span> 
     </span>
    </p>
   </div>
   <div class='ocr_carea' id='block_1_71' title="bbox 259 4055 1813 4130">
    <p class='ocr_par' dir='ltr' id='par_1_71' title="bbox 259 4055 1813 4130">
     <span class='ocr_line' id='line_1_71' title="bbox 259 4055 1813 4130; baseline -0.008 -11"><span class='ocrx_word' id='word_1_531' title='bbox 259 4055 600 4120; x_wconf 61' lang='grc' dir='ltr'><strong>ἱνίσθεσίᾰν</strong></span> <span class='ocrx_word' id='word_1_532' title='bbox 628 4060 791 4130; x_wconf 82' lang='grc' dir='ltr'><strong>ἡμᾶς</strong></span> <span class='ocrx_word' id='word_1_533' title='bbox 830 4055 1263 4127; x_wconf 75' lang='grc' dir='ltr'><strong>κατατετάχθαι</strong></span> <span class='ocrx_word' id='word_1_534' title='bbox 1295 4056 1363 4120; x_wconf 83' lang='grc' dir='ltr'><strong>ἐξ</strong></span> <span class='ocrx_word' id='word_1_535' title='bbox 1389 4055 1629 4126; x_wconf 74' lang='grc' dir='ltr'><strong>ἀγάπης</strong></span> <span class='ocrx_word' id='word_1_536' title='bbox 1663 4055 1813 4109; x_wconf 86' lang='grc' dir='ltr'><strong>Θεοῦ</strong></span> 
     </span>
    </p>
   </div>
   <div class='ocr_carea' id='block_1_72' title="bbox 257 4133 673 4200">
    <p class='ocr_par' dir='ltr' id='par_1_72' title="bbox 257 4133 673 4200">
     <span class='ocr_line' id='line_1_72' title="bbox 257 4133 673 4200; baseline -0.017 -10"><span class='ocrx_word' id='word_1_537' title='bbox 257 4138 360 4190; x_wconf 69' lang='grc' dir='ltr'><strong>καὶ</strong></span> <span class='ocrx_word' id='word_1_538' title='bbox 397 4133 673 4200; x_wconf 80' lang='grc' dir='ltr'><strong>Πατρός.</strong></span> 
     </span>
    </p>
   </div>
   <div class='ocr_carea' id='block_1_73' title="bbox 255 4238 1815 4316">
    <p class='ocr_par' dir='ltr' id='par_1_73' title="bbox 255 4238 1815 4316">
     <span class='ocr_line' id='line_1_73' title="bbox 255 4238 1815 4316; baseline -0.007 -13"><span class='ocrx_word' id='word_1_539' title='bbox 255 4250 339 4302; x_wconf 71' lang='grc' dir='ltr'>Τὰ</span> <span class='ocrx_word' id='word_1_540' title='bbox 375 4245 757 4316; x_wconf 71' lang='grc' dir='ltr'><strong>συμιρέροντα</strong></span> <span class='ocrx_word' id='word_1_541' title='bbox 798 4244 867 4312; x_wconf 82' lang='grc' dir='ltr'><strong>τῇ</strong></span> <span class='ocrx_word' id='word_1_542' title='bbox 911 4238 1202 4312; x_wconf 83' lang='grc' dir='ltr'><strong>ἀνθρώπου</strong></span> <span class='ocrx_word' id='word_1_543' title='bbox 1247 4240 1410 4308; x_wconf 79' lang='grc' dir='ltr'><strong>φύσει</strong></span> <span class='ocrx_word' id='word_1_544' title='bbox 1441 4241 1749 4310; x_wconf 80' lang='grc' dir='ltr'><strong>προνοήσας</strong></span> <span class='ocrx_word' id='word_1_545' title='bbox 1787 4241 1815 4292; x_wconf 81' lang='grc' dir='ltr'><strong>ό</strong></span> 
     </span>
    </p>
   </div>
   <div class='ocr_carea' id='block_1_74' title="bbox 191 4331 1816 4406">
    <p class='ocr_par' dir='ltr' id='par_1_74' title="bbox 191 4331 1816 4406">
     <span class='ocr_line' id='line_1_74' title="bbox 191 4331 1816 4406; baseline -0.008 -9"><span class='ocrx_word' id='word_1_546' title='bbox 191 4341 317 4405; x_wconf 70' lang='grc' dir='ltr'><strong>Θεὸς</strong></span> <span class='ocrx_word' id='word_1_547' title='bbox 375 4341 491 4394; x_wconf 72' lang='grc' dir='ltr'><strong>καὶ</strong></span> <span class='ocrx_word' id='word_1_548' title='bbox 547 4337 764 4406; x_wconf 78' lang='grc' dir='ltr'><strong>ιιατὴρ,</strong></span> <span class='ocrx_word' id='word_1_549' title='bbox 810 4334 906 4387; x_wconf 77' lang='grc' dir='ltr'><strong>καὶ</strong></span> <span class='ocrx_word' id='word_1_550' title='bbox 951 4333 1237 4402; x_wconf 84' lang='grc' dir='ltr'><strong>γινώσκων</strong></span> <span class='ocrx_word' id='word_1_551' title='bbox 1295 4332 1393 4400; x_wconf 80' lang='grc' dir='ltr'><strong>μὲν</strong></span> <span class='ocrx_word' id='word_1_552' title='bbox 1437 4331 1520 4383; x_wconf 86' lang='grc' dir='ltr'><strong>ὅτι</strong></span> <span class='ocrx_word' id='word_1_553' title='bbox 1569 4335 1816 4384; x_wconf 83' lang='grc' dir='ltr'><strong>πεσεῖται</strong></span> 
     </span>
    </p>
   </div>
   <div class='ocr_carea' id='block_1_75' title="bbox 191 4423 1816 4498">
    <p class='ocr_par' dir='ltr' id='par_1_75' title="bbox 191 4423 1816 4498">
     <span class='ocr_line' id='line_1_75' title="bbox 191 4423 1816 4498; baseline -0.007 -12"><span class='ocrx_word' id='word_1_554' title='bbox 191 4436 428 4495; x_wconf 77' lang='grc' dir='ltr'><strong>πάντως</strong></span> <span class='ocrx_word' id='word_1_555' title='bbox 463 4433 547 4494; x_wconf 86' lang='grc' dir='ltr'><strong>εἰς</strong></span> <span class='ocrx_word' id='word_1_556' title='bbox 581 4427 814 4498; x_wconf 80' lang='grc' dir='ltr'><strong>φθορὰν,</strong></span> <span class='ocrx_word' id='word_1_557' title='bbox 836 4426 1036 4496; x_wconf 84' lang='grc' dir='ltr'><strong>τρόπον</strong></span> <span class='ocrx_word' id='word_1_558' title='bbox 1064 4425 1118 4476; x_wconf 80' lang='grc' dir='ltr'><strong>δὲ</strong></span> <span class='ocrx_word' id='word_1_559' title='bbox 1145 4424 1283 4495; x_wconf 73' lang='grc' dir='ltr'><strong>αὖτῇ</strong></span> <span class='ocrx_word' id='word_1_560' title='bbox 1316 4423 1560 4495; x_wconf 79' lang='grc' dir='ltr'><strong>ζητήσας</strong></span> <span class='ocrx_word' id='word_1_561' title='bbox 1583 4423 1816 4476; x_wconf 76' lang='grc' dir='ltr'><strong>ἀνανεώ-</strong></span> 
     </span>
    </p>
   </div>
   <div class='ocr_carea' id='block_1_76' title="bbox 192 4514 1816 4591">
    <p class='ocr_par' dir='ltr' id='par_1_76' title="bbox 192 4514 1816 4591">
     <span class='ocr_line' id='line_1_76' title="bbox 192 4514 1816 4591; baseline -0.009 -12"><span class='ocrx_word' id='word_1_562' title='bbox 192 4543 338 4590; x_wconf 83' lang='grc' dir='ltr'><strong>σεως</strong></span> <span class='ocrx_word' id='word_1_563' title='bbox 372 4525 476 4576; x_wconf 69' lang='grc' dir='ltr'><strong>καὶ</strong></span> <span class='ocrx_word' id='word_1_564' title='bbox 521 4525 627 4591; x_wconf 80' lang='grc' dir='ltr'><strong>τῆς</strong></span> <span class='ocrx_word' id='word_1_565' title='bbox 663 4521 744 4584; x_wconf 78' lang='grc' dir='ltr'><strong>εἰς</strong></span> <span class='ocrx_word' id='word_1_566' title='bbox 788 4517 1099 4588; x_wconf 80' lang='grc' dir='ltr'><strong>ἀφθαρσίαν</strong></span> <span class='ocrx_word' id='word_1_567' title='bbox 1129 4515 1412 4580; x_wconf 79' lang='grc' dir='ltr'><strong>ἐπανόδου,</strong></span> <span class='ocrx_word' id='word_1_568' title='bbox 1442 4515 1598 4588; x_wconf 73' lang='grc' dir='ltr'><strong>ῥίζας</strong></span> <span class='ocrx_word' id='word_1_569' title='bbox 1627 4514 1816 4586; x_wconf 78' lang='grc' dir='ltr'><strong>ὣσπερ</strong></span> 
     </span>
    </p>
   </div>
   <div class='ocr_carea' id='block_1_77' title="bbox 190 4607 1818 4690">
    <p class='ocr_par' dir='ltr' id='par_1_77' title="bbox 190 4607 1818 4690">
     <span class='ocr_line' id='line_1_77' title="bbox 190 4607 1818 4690; baseline -0.008 -18"><span class='ocrx_word' id='word_1_570' title='bbox 190 4619 341 4690; x_wconf 76' lang='grc' dir='ltr'><strong>αὐτῇ</strong></span> <span class='ocrx_word' id='word_1_571' title='bbox 399 4618 508 4685; x_wconf 82' lang='grc' dir='ltr'><strong>τῆς</strong></span> <span class='ocrx_word' id='word_1_572' title='bbox 557 4612 820 4682; x_wconf 84' lang='grc' dir='ltr'><strong>τοιαύτης</strong></span> <span class='ocrx_word' id='word_1_573' title='bbox 854 4609 1070 4672; x_wconf 74' lang='grc' dir='ltr'><strong>ἐλπίδος</strong></span> <span class='ocrx_word' id='word_1_574' title='bbox 1110 4611 1166 4661; x_wconf 82' lang='grc' dir='ltr'><strong>ὲν</strong></span> <span class='ocrx_word' id='word_1_575' title='bbox 1195 4607 1274 4679; x_wconf 82' lang='grc' dir='ltr'><strong>τῷ</strong></span> <span class='ocrx_word' id='word_1_576' title='bbox 1323 4608 1438 4679; x_wconf 82' lang='grc' dir='ltr'><strong>ἰδίῳ</strong></span> <span class='ocrx_word' id='word_1_577' title='bbox 1488 4607 1818 4661; x_wconf 75' lang='grc' dir='ltr'><strong>κατεϐάλετο</strong></span> 
     </span>
    </p>
   </div>
   <div class='ocr_carea' id='block_1_78' title="bbox 194 4700 1816 4780">
    <p class='ocr_par' dir='ltr' id='par_1_78' title="bbox 194 4700 1816 4780">
     <span class='ocr_line' id='line_1_78' title="bbox 194 4700 1816 4780; baseline -0.009 -13"><span class='ocrx_word' id='word_1_578' title='bbox 194 4711 540 4780; x_wconf 75' lang='grc' dir='ltr'><strong>γεννήματι,</strong></span> <span class='ocrx_word' id='word_1_579' title='bbox 573 4705 672 4759; x_wconf 71' lang='grc' dir='ltr'><strong>καὶ</strong></span> <span class='ocrx_word' id='word_1_580' title='bbox 705 4705 786 4767; x_wconf 78' lang='grc' dir='ltr'><strong>εἰς</strong></span> <span class='ocrx_word' id='word_1_581' title='bbox 815 4701 1086 4756; x_wconf 87' lang='grc' dir='ltr'><strong>υἱοθεσίαν</strong></span> <span class='ocrx_word' id='word_1_582' title='bbox 1115 4702 1264 4771; x_wconf 81' lang='grc' dir='ltr'><strong>ἡμᾶς</strong></span> <span class='ocrx_word' id='word_1_583' title='bbox 1307 4701 1588 4771; x_wconf 81' lang='grc' dir='ltr'><strong>προορίζει</strong></span> <span class='ocrx_word' id='word_1_584' title='bbox 1620 4700 1688 4753; x_wconf 80' lang='grc' dir='ltr'><strong>δι’</strong></span> <span class='ocrx_word' id='word_1_585' title='bbox 1718 4701 1816 4752; x_wconf 79' lang='grc' dir='ltr'><strong>αὑ-</strong></span> 
     </span>
    </p>
   </div>
   <div class='ocr_carea' id='block_1_79' title="bbox 194 4789 1818 4866">
    <p class='ocr_par' dir='ltr' id='par_1_79' title="bbox 194 4789 1818 4866">
     <span class='ocr_line' id='line_1_79' title="bbox 194 4789 1818 4866; baseline -0.013 -9"><span class='ocrx_word' id='word_1_586' title='bbox 194 4804 312 4866; x_wconf 88' lang='grc' dir='ltr'><strong>τοῦ,</strong></span> <span class='ocrx_word' id='word_1_587' title='bbox 355 4800 456 4854; x_wconf 72' lang='grc' dir='ltr'><strong>καὶ</strong></span> <span class='ocrx_word' id='word_1_588' title='bbox 506 4797 698 4866; x_wconf 70' lang='grc' dir='ltr'><strong>πάσης</strong></span> <span class='ocrx_word' id='word_1_589' title='bbox 741 4792 993 4861; x_wconf 76' lang='grc' dir='ltr'><strong>εὐλογίας</strong></span> <span class='ocrx_word' id='word_1_590' title='bbox 1040 4791 1422 4861; x_wconf 81' lang='grc' dir='ltr'><strong>πνευματικῆς</strong></span> <span class='ocrx_word' id='word_1_591' title='bbox 1453 4791 1615 4856; x_wconf 81' lang='grc' dir='ltr'><strong>ἀξιοῖ,</strong></span> <span class='ocrx_word' id='word_1_592' title='bbox 1643 4789 1818 4843; x_wconf 80' lang='grc' dir='ltr'><strong>καίτοι</strong></span> 
     </span>
    </p>
   </div>
   <div class='ocr_carea' id='block_1_80' title="bbox 199 4879 1819 4958">
    <p class='ocr_par' dir='ltr' id='par_1_80' title="bbox 199 4879 1819 4958">
     <span class='ocr_line' id='line_1_80' title="bbox 199 4879 1819 4958; baseline -0.01 -11"><span class='ocrx_word' id='word_1_593' title='bbox 199 4894 361 4947; x_wconf 62' lang='grc' dir='ltr'><strong>οὕτω.»</strong></span> <span class='ocrx_word' id='word_1_594' title='bbox 409 4886 790 4958; x_wconf 75' lang='grc' dir='ltr'><strong>γενομένουςο</strong></span> <span class='ocrx_word' id='word_1_595' title='bbox 825 4884 892 4935; x_wconf 83' lang='grc' dir='ltr'><strong>ἵν’</strong></span> <span class='ocrx_word' id='word_1_596' title='bbox 920 4883 1048 4936; x_wconf 82' lang='grc' dir='ltr'><strong>ὅταν</strong></span> <span class='ocrx_word' id='word_1_597' title='bbox 1094 4881 1277 4951; x_wconf 80' lang='grc' dir='ltr'><strong>συμϐῇ</strong></span> <span class='ocrx_word' id='word_1_598' title='bbox 1320 4883 1508 4932; x_wconf 82' lang='grc' dir='ltr'><strong>πεσεῖν</strong></span> <span class='ocrx_word' id='word_1_599' title='bbox 1545 4880 1624 4942; x_wconf 85' lang='grc' dir='ltr'><strong>εἰς</strong></span> <span class='ocrx_word' id='word_1_600' title='bbox 1661 4879 1819 4932; x_wconf 85' lang='grc' dir='ltr'><strong>θάνα-</strong></span> 
     </span>
    </p>
   </div>
   <div class='ocr_carea' id='block_1_81' title="bbox 205 4969 1818 5050">
    <p class='ocr_par' dir='ltr' id='par_1_81' title="bbox 205 4969 1818 5050">
     <span class='ocr_line' id='line_1_81' title="bbox 205 4969 1818 5050; baseline -0.009 -15"><span class='ocrx_word' id='word_1_601' title='bbox 205 5001 285 5036; x_wconf 80' lang='grc' dir='ltr'><strong>τον</strong></span> <span class='ocrx_word' id='word_1_602' title='bbox 301 4981 398 5035; x_wconf 74' lang='grc' dir='ltr'><strong>διὰ</strong></span> <span class='ocrx_word' id='word_1_603' title='bbox 422 4981 530 5050; x_wconf 75' lang='grc' dir='ltr'><strong>τὴν</strong></span> <span class='ocrx_word' id='word_1_604' title='bbox 556 4972 1102 5046; x_wconf 77' lang='grc' dir='ltr'><strong>παράϐασιν,ὦσπερ</strong></span> <span class='ocrx_word' id='word_1_605' title='bbox 1132 4971 1190 5037; x_wconf 80' lang='grc' dir='ltr'>ἐξ</span> <span class='ocrx_word' id='word_1_606' title='bbox 1216 4970 1450 5041; x_wconf 82' lang='grc' dir='ltr'><strong>ἀρχαίας</strong></span> <span class='ocrx_word' id='word_1_607' title='bbox 1473 4969 1632 5041; x_wconf 75' lang='grc' dir='ltr'><strong>ῥίζης</strong></span> <span class='ocrx_word' id='word_1_608' title='bbox 1657 4971 1818 5022; x_wconf 82' lang='grc' dir='ltr'><strong>πάλιν</strong></span> 
     </span>
    </p>
   </div>
   <div class='ocr_carea' id='block_1_82' title="bbox 213 5060 1815 5141">
    <p class='ocr_par' dir='ltr' id='par_1_82' title="bbox 213 5060 1815 5141">
     <span class='ocr_line' id='line_1_82' title="bbox 213 5060 1815 5141; baseline 0 -27"><span class='ocrx_word' id='word_1_609' title='bbox 213 5076 276 5136; x_wconf 68' lang='grc' dir='ltr'><strong>εἰς</strong></span> <span class='ocrx_word' id='word_1_610' title='bbox 305 5073 467 5141; x_wconf 68' lang='grc' dir='ltr'><strong>ζωὴν</strong></span> <span class='ocrx_word' id='word_1_611' title='bbox 500 5066 917 5135; x_wconf 78' lang='grc' dir='ltr'><strong>ἀναϐλαστήσῃ,</strong></span> <span class='ocrx_word' id='word_1_612' title='bbox 955 5065 1049 5116; x_wconf 77' lang='grc' dir='ltr'><strong>καὶ</strong></span> <span class='ocrx_word' id='word_1_613' title='bbox 1075 5062 1150 5125; x_wconf 81' lang='grc' dir='ltr'><strong>ὡς</strong></span> <span class='ocrx_word' id='word_1_614' title='bbox 1182 5061 1286 5132; x_wconf 70' lang='grc' dir='ltr'><strong>ἤδη</strong></span> <span class='ocrx_word' id='word_1_615' title='bbox 1320 5060 1815 5132; x_wconf 81' lang='grc' dir='ltr'><strong>προευλογηθεῖσα,</strong></span> 
     </span>
    </p>
   </div>
   <div class='ocr_carea' id='block_1_83' title="bbox 215 5152 1821 5236">
    <p class='ocr_par' dir='ltr' id='par_1_83' title="bbox 215 5152 1821 5236">
     <span class='ocr_line' id='line_1_83' title="bbox 215 5152 1821 5236; baseline -0.015 -16"><span class='ocrx_word' id='word_1_616' title='bbox 215 5165 279 5236; x_wconf 73' lang='grc' dir='ltr'><strong>μὴ</strong></span> <span class='ocrx_word' id='word_1_617' title='bbox 320 5159 626 5222; x_wconf 80' lang='grc' dir='ltr'><strong>παντελῶς</strong></span> <span class='ocrx_word' id='word_1_618' title='bbox 658 5157 764 5211; x_wconf 81' lang='grc' dir='ltr'><strong>ὑπὸ</strong></span> <span class='ocrx_word' id='word_1_619' title='bbox 797 5156 893 5226; x_wconf 83' lang='grc' dir='ltr'><strong>τὴν</strong></span> <span class='ocrx_word' id='word_1_620' title='bbox 930 5157 1178 5219; x_wconf 83' lang='grc' dir='ltr'><strong>κατάραν</strong></span> <span class='ocrx_word' id='word_1_621' title='bbox 1220 5154 1470 5222; x_wconf 82' lang='grc' dir='ltr'><strong>γένηται,</strong></span> <span class='ocrx_word' id='word_1_622' title='bbox 1503 5154 1630 5206; x_wconf 85' lang='grc' dir='ltr'><strong>ὅταν</strong></span> <span class='ocrx_word' id='word_1_623' title='bbox 1655 5152 1821 5206; x_wconf 76' lang='grc' dir='ltr'><strong>ἀκού-</strong></span> 
     </span>
    </p>
   </div>
   <div class='ocr_carea' id='block_1_84' title="bbox 208 5245 1818 5332">
    <p class='ocr_par' dir='ltr' id='par_1_84' title="bbox 208 5245 1818 5332">
     <span class='ocr_line' id='line_1_84' title="bbox 208 5245 1818 5332; baseline -0.009 -21"><span class='ocrx_word' id='word_1_624' title='bbox 208 5274 275 5332; x_wconf 72' lang='grc' dir='ltr'><strong>σῃ</strong></span> <span class='ocrx_word' id='word_1_625' title='bbox 295 5277 311 5291; x_wconf 90' lang='grc'><strong>·</strong></span> <span class='ocrx_word' id='word_1_626' title='bbox 360 5277 379 5308; x_wconf 78' lang='grc' dir='ltr'><strong>ι</strong></span> <span class='ocrx_word' id='word_1_627' title='bbox 412 5256 493 5326; x_wconf 84' lang='grc' dir='ltr'><strong>Γῆ</strong></span> <span class='ocrx_word' id='word_1_628' title='bbox 523 5250 596 5317; x_wconf 80' lang='grc' dir='ltr'><strong>εί,</strong></span> <span class='ocrx_word' id='word_1_629' title='bbox 620 5252 714 5305; x_wconf 79' lang='grc' dir='ltr'><strong>καὶ</strong></span> <span class='ocrx_word' id='word_1_630' title='bbox 739 5252 820 5313; x_wconf 82' lang='grc' dir='ltr'><strong>εἰς</strong></span> <span class='ocrx_word' id='word_1_631' title='bbox 843 5249 950 5317; x_wconf 85' lang='grc' dir='ltr'><strong>γῆν</strong></span> <span class='ocrx_word' id='word_1_632' title='bbox 974 5246 1271 5318; x_wconf 84' lang='grc' dir='ltr'><strong>ἀπελεύσῃ.</strong></span> <span class='ocrx_word' id='word_1_633' title='bbox 1307 5265 1324 5297; x_wconf 76' lang='grc' dir='ltr'><strong>ι</strong></span> <span class='ocrx_word' id='word_1_634' title='bbox 1357 5245 1818 5316; x_wconf 84' lang='grc' dir='ltr'><strong>Προθεμελιοῦται</strong></span> 
     </span>
    </p>
   </div>
   <div class='ocr_carea' id='block_1_85' title="bbox 203 5338 1818 5421">
    <p class='ocr_par' dir='ltr' id='par_1_85' title="bbox 203 5338 1818 5421">
     <span class='ocr_line' id='line_1_85' title="bbox 203 5338 1818 5421; baseline -0.011 -17"><span class='ocrx_word' id='word_1_635' title='bbox 203 5355 390 5406; x_wconf 86' lang='grc' dir='ltr'><strong>τοίνυν</strong></span> <span class='ocrx_word' id='word_1_636' title='bbox 427 5349 594 5421; x_wconf 78' lang='grc' dir='ltr'><strong>ἡμῶν</strong></span> <span class='ocrx_word' id='word_1_637' title='bbox 643 5349 673 5400; x_wconf 83' lang='grc' dir='ltr'>ὁ</span> <span class='ocrx_word' id='word_1_638' title='bbox 718 5343 978 5416; x_wconf 83' lang='grc' dir='ltr'><strong>Χριστὸς,</strong></span> <span class='ocrx_word' id='word_1_639' title='bbox 1006 5341 1101 5394; x_wconf 73' lang='grc' dir='ltr'><strong>καὶ</strong></span> <span class='ocrx_word' id='word_1_640' title='bbox 1149 5343 1206 5392; x_wconf 90' lang='lat' dir='ltr'><strong>tv</strong></span> <span class='ocrx_word' id='word_1_641' title='bbox 1241 5338 1392 5408; x_wconf 83' lang='grc' dir='ltr'><strong>αὑτῷ</strong></span> <span class='ocrx_word' id='word_1_642' title='bbox 1423 5339 1624 5398; x_wconf 77' lang='grc' dir='ltr'><strong>πάντες</strong></span> <span class='ocrx_word' id='word_1_643' title='bbox 1659 5338 1818 5406; x_wconf 74' lang='grc' dir='ltr'><strong>ἡμεῖς</strong></span> 
     </span>
    </p>
   </div>
   <div class='ocr_carea' id='block_1_86' title="bbox 208 5429 1818 5515">
    <p class='ocr_par' dir='ltr' id='par_1_86' title="bbox 208 5429 1818 5515">
     <span class='ocr_line' id='line_1_86' title="bbox 208 5429 1818 5515; baseline -0.014 -16"><span class='ocrx_word' id='word_1_644' title='bbox 208 5440 748 5515; x_wconf 78' lang='grc' dir='ltr'><strong>ὲποικοδομούμεθα.</strong></span> <span class='ocrx_word' id='word_1_645' title='bbox 791 5436 886 5489; x_wconf 68' lang='grc' dir='ltr'><strong>καὶ</strong></span> <span class='ocrx_word' id='word_1_646' title='bbox 927 5435 1084 5487; x_wconf 89' lang='grc' dir='ltr'><strong>τοῦτο</strong></span> <span class='ocrx_word' id='word_1_647' title='bbox 1114 5431 1221 5501; x_wconf 72' lang='grc' dir='ltr'><strong>πρὸ</strong></span> <span class='ocrx_word' id='word_1_648' title='bbox 1267 5429 1574 5499; x_wconf 87' lang='grc' dir='ltr'><strong>καταϐολῆς</strong></span> <span class='ocrx_word' id='word_1_649' title='bbox 1611 5430 1818 5498; x_wconf 82' lang='grc' dir='ltr'><strong>κόσμου</strong></span> 
     </span>
    </p>
   </div>
   <div class='ocr_carea' id='block_1_87' title="bbox 211 5520 1818 5605">
    <p class='ocr_par' dir='ltr' id='par_1_87' title="bbox 211 5520 1818 5605">
     <span class='ocr_line' id='line_1_87' title="bbox 211 5520 1818 5605; baseline -0.01 -17"><span class='ocrx_word' id='word_1_650' title='bbox 211 5535 356 5588; x_wconf 72' lang='grc' dir='ltr'><strong>κατὰ</strong></span> <span class='ocrx_word' id='word_1_651' title='bbox 387 5535 709 5605; x_wconf 79' lang='grc' dir='ltr'><strong>πρόγνωσιν</strong></span> <span class='ocrx_word' id='word_1_652' title='bbox 737 5525 838 5580; x_wconf 83' lang='grc' dir='ltr'><strong>τοῦ</strong></span> <span class='ocrx_word' id='word_1_653' title='bbox 866 5525 1044 5579; x_wconf 83' lang='grc' dir='ltr'><strong>πάντα</strong></span> <span class='ocrx_word' id='word_1_654' title='bbox 1073 5523 1273 5586; x_wconf 82' lang='grc' dir='ltr'><strong>εἰδότος</strong></span> <span class='ocrx_word' id='word_1_655' title='bbox 1301 5521 1436 5574; x_wconf 81' lang='grc' dir='ltr'><strong>Θεοῦ</strong></span> <span class='ocrx_word' id='word_1_656' title='bbox 1461 5537 1472 5547; x_wconf 94' lang='grc'><strong>·</strong></span> <span class='ocrx_word' id='word_1_657' title='bbox 1507 5521 1614 5579; x_wconf 74' lang='grc' dir='ltr'><strong>ἵνα,</strong></span> <span class='ocrx_word' id='word_1_658' title='bbox 1647 5520 1818 5573; x_wconf 81' lang='grc' dir='ltr'><strong>καθά-</strong></span> 
     </span>
    </p>
   </div>
   <div class='ocr_carea' id='block_1_88' title="bbox 215 5610 1817 5697">
    <p class='ocr_par' dir='ltr' id='par_1_88' title="bbox 215 5610 1817 5697">
     <span class='ocr_line' id='line_1_88' title="bbox 215 5610 1817 5697; baseline -0.012 -18"><span class='ocrx_word' id='word_1_659' title='bbox 215 5643 320 5697; x_wconf 78' lang='grc' dir='ltr'><strong>περ</strong></span> <span class='ocrx_word' id='word_1_660' title='bbox 345 5627 444 5697; x_wconf 77' lang='grc' dir='ltr'><strong>ῆδη</strong></span> <span class='ocrx_word' id='word_1_661' title='bbox 473 5623 850 5694; x_wconf 88' lang='grc' dir='ltr'><strong>προείπομεν,</strong></span> <span class='ocrx_word' id='word_1_662' title='bbox 879 5615 1243 5686; x_wconf 80' lang='grc' dir='ltr'><strong>ἀρχαιοτέραν</strong></span> <span class='ocrx_word' id='word_1_663' title='bbox 1273 5612 1487 5682; x_wconf 76' lang='grc' dir='ltr'><strong>ἔχωμεν</strong></span> <span class='ocrx_word' id='word_1_664' title='bbox 1515 5611 1612 5680; x_wconf 88' lang='grc' dir='ltr'><strong>τῆς</strong></span> <span class='ocrx_word' id='word_1_665' title='bbox 1647 5610 1817 5662; x_wconf 82' lang='grc' dir='ltr'><strong>κατά-</strong></span> 
     </span>
    </p>
   </div>
   <div class='ocr_carea' id='block_1_89' title="bbox 296 5788 1374 5874">
    <p class='ocr_par' dir='ltr' id='par_1_89' title="bbox 296 5788 1374 5874">
     <span class='ocr_line' id='line_1_89' title="bbox 296 5788 1374 5874; baseline -0.019 -14"><span class='ocrx_word' id='word_1_666' title='bbox 296 5795 609 5874; x_wconf 81' lang='lat' dir='ltr'><strong>&#39;Eplies.1,</strong></span> <span class='ocrx_word' id='word_1_667' title='bbox 633 5797 760 5852; x_wconf 62' lang='grc' dir='ltr'><strong>διὸ.</strong></span> <span class='ocrx_word' id='word_1_668' title='bbox 841 5793 863 5824; x_wconf 85' lang='grc'><strong>⁹</strong></span> <span class='ocrx_word' id='word_1_669' title='bbox 891 5791 1081 5846; x_wconf 73' lang='lat' dir='ltr'><strong>Matth.</strong></span> <span class='ocrx_word' id='word_1_670' title='bbox 1121 5803 1247 5852; x_wconf 73' lang='lat' dir='ltr'><strong>xxv,</strong></span> <span class='ocrx_word' id='word_1_671' title='bbox 1286 5788 1374 5840; x_wconf 68' lang='lat'><strong>3-5.</strong></span> 
     </span>
    </p>
   </div>
   <div class='ocr_carea' id='block_1_90' title="bbox 1459 5785 1900 5849">
    <p class='ocr_par' dir='ltr' id='par_1_90' title="bbox 1459 5785 1900 5849">
     <span class='ocr_line' id='line_1_90' title="bbox 1459 5785 1900 5849; baseline 0.002 -11"><span class='ocrx_word' id='word_1_672' title='bbox 1459 5785 1500 5816; x_wconf 84' lang='grc'><strong>¹⁰</strong></span> <span class='ocrx_word' id='word_1_673' title='bbox 1527 5785 1659 5838; x_wconf 77' lang='lat' dir='ltr'><strong>Cen.</strong></span> <span class='ocrx_word' id='word_1_674' title='bbox 1695 5799 1776 5849; x_wconf 81' lang='grc' dir='ltr'><strong>ιιι,</strong></span> <span class='ocrx_word' id='word_1_675' title='bbox 1821 5785 1900 5839; x_wconf 79' lang='grc'><strong>19.</strong></span> 
     </span>
    </p>
   </div>
   <div class='ocr_carea' id='block_1_91' title="bbox 1913 3252 3500 3322">
    <p class='ocr_par' dir='ltr' id='par_1_91' title="bbox 1913 3252 3500 3322">
     <span class='ocr_line' id='line_1_91' title="bbox 1913 3252 3500 3322; baseline 0 -18"><span class='ocrx_word' id='word_1_676' title='bbox 1913 3252 2092 3316; x_wconf 81' lang='lat' dir='ltr'><strong>factis,</strong></span> <span class='ocrx_word' id='word_1_677' title='bbox 2127 3261 2290 3321; x_wconf 88' lang='lat' dir='ltr'><strong>atque</strong></span> <span class='ocrx_word' id='word_1_678' title='bbox 2331 3261 2455 3305; x_wconf 86' lang='lat' dir='ltr'><strong>ante</strong></span> <span class='ocrx_word' id='word_1_679' title='bbox 2501 3254 2835 3307; x_wconf 87' lang='lat' dir='ltr'><strong>creationem</strong></span> <span class='ocrx_word' id='word_1_680' title='bbox 2889 3252 3097 3314; x_wconf 89' lang='lat' dir='ltr'><strong>mundi,</strong></span> <span class='ocrx_word' id='word_1_681' title='bbox 3137 3265 3500 3322; x_wconf 71' lang='lat' dir='ltr'><strong>prmpat&#39;atultl</strong></span> 
     </span>
    </p>
   </div>
   <div class='ocr_carea' id='block_1_92' title="bbox 1909 3343 3504 3414">
    <p class='ocr_par' dir='ltr' id='par_1_92' title="bbox 1909 3343 3504 3414">
     <span class='ocr_line' id='line_1_92' title="bbox 1909 3343 3504 3414; baseline 0 -16"><span class='ocrx_word' id='word_1_682' title='bbox 1909 3356 2091 3400; x_wconf 90' lang='lat' dir='ltr'><strong>autem</strong></span> <span class='ocrx_word' id='word_1_683' title='bbox 2130 3345 2356 3399; x_wconf 80' lang='lat' dir='ltr'><strong>Omnino</strong></span> <span class='ocrx_word' id='word_1_684' title='bbox 2394 3354 2475 3400; x_wconf 91' lang='lat' dir='ltr'><strong>est</strong></span> <span class='ocrx_word' id='word_1_685' title='bbox 2516 3345 2568 3398; x_wconf 93' lang='lat' dir='ltr'><strong>in</strong></span> <span class='ocrx_word' id='word_1_686' title='bbox 2595 3343 2836 3409; x_wconf 86' lang='lat' dir='ltr'><strong>Christo,</strong></span> <span class='ocrx_word' id='word_1_687' title='bbox 2871 3347 3065 3400; x_wconf 77' lang='lat' dir='ltr'><strong>merito</strong></span> <span class='ocrx_word' id='word_1_688' title='bbox 3096 3348 3160 3400; x_wconf 90' lang='lat' dir='ltr'><strong>de</strong></span> <span class='ocrx_word' id='word_1_689' title='bbox 3187 3360 3244 3399; x_wconf 89' lang='lat' dir='ltr'><strong>se</strong></span> <span class='ocrx_word' id='word_1_690' title='bbox 3281 3347 3396 3414; x_wconf 81' lang='lat' dir='ltr'><strong>ipso</strong></span> <span class='ocrx_word' id='word_1_691' title='bbox 3421 3347 3504 3398; x_wconf 85' lang='lat' dir='ltr'><strong>di-</strong></span> 
     </span>
    </p>
   </div>
   <div class='ocr_carea' id='block_1_93' title="bbox 1911 3439 3506 3510">
    <p class='ocr_par' dir='ltr' id='par_1_93' title="bbox 1911 3439 3506 3510">
     <span class='ocr_line' id='line_1_93' title="bbox 1911 3439 3506 3510; baseline 0.001 -18"><span class='ocrx_word' id='word_1_692' title='bbox 1911 3450 2001 3493; x_wconf 88' lang='lat' dir='ltr'><strong>cat</strong></span> <span class='ocrx_word' id='word_1_693' title='bbox 2030 3456 2045 3493; x_wconf 86' lang='lat'><strong>:</strong></span> <span class='ocrx_word' id='word_1_694' title='bbox 2076 3455 2096 3489; x_wconf 77' lang='lat' dir='ltr'><strong>t</strong></span> <span class='ocrx_word' id='word_1_695' title='bbox 2119 3439 2260 3493; x_wconf 84' lang='lat' dir='ltr'><strong>Ante</strong></span> <span class='ocrx_word' id='word_1_696' title='bbox 2288 3440 2487 3494; x_wconf 63' lang='lat' dir='ltr'><strong>saecula</strong></span> <span class='ocrx_word' id='word_1_697' title='bbox 2546 3440 2794 3494; x_wconf 74' lang='lat' dir='ltr'><strong>fundavit</strong></span> <span class='ocrx_word' id='word_1_698' title='bbox 2831 3455 2914 3494; x_wconf 83' lang='lat' dir='ltr'><strong>me</strong></span> <span class='ocrx_word' id='word_1_699' title='bbox 2944 3483 2959 3506; x_wconf 95' lang='lat'><strong>,</strong></span> <span class='ocrx_word' id='word_1_700' title='bbox 2999 3443 3315 3510; x_wconf 84' lang='lat' dir='ltr'><strong>priusquam</strong></span> <span class='ocrx_word' id='word_1_701' title='bbox 3353 3457 3506 3494; x_wconf 79' lang='lat' dir='ltr'><strong>nion-</strong></span> 
     </span>
    </p>
   </div>
   <div class='ocr_carea' id='block_1_94' title="bbox 1911 3533 3505 3604">
    <p class='ocr_par' dir='ltr' id='par_1_94' title="bbox 1911 3533 3505 3604">
     <span class='ocr_line' id='line_1_94' title="bbox 1911 3533 3505 3604; baseline 0.002 -19"><span class='ocrx_word' id='word_1_702' title='bbox 1911 3542 1995 3586; x_wconf 79' lang='lat' dir='ltr'><strong>tes</strong></span> <span class='ocrx_word' id='word_1_703' title='bbox 2052 3533 2460 3599; x_wconf 84' lang='lat' dir='ltr'><strong>stabilirentur,</strong></span> <span class='ocrx_word' id='word_1_704' title='bbox 2532 3534 2848 3604; x_wconf 87' lang='lat' dir='ltr'><strong>priusquam</strong></span> <span class='ocrx_word' id='word_1_705' title='bbox 2916 3542 3265 3602; x_wconf 86' lang='lat' dir='ltr'><strong>erumperent</strong></span> <span class='ocrx_word' id='word_1_706' title='bbox 3329 3534 3505 3588; x_wconf 79' lang='lat' dir='ltr'><strong>fontes</strong></span> 
     </span>
    </p>
   </div>
   <div class='ocr_carea' id='block_1_95' title="bbox 1912 3625 3504 3698">
    <p class='ocr_par' dir='ltr' id='par_1_95' title="bbox 1912 3625 3504 3698">
     <span class='ocr_line' id='line_1_95' title="bbox 1912 3625 3504 3698; baseline 0.003 -22"><span class='ocrx_word' id='word_1_707' title='bbox 1912 3641 2174 3694; x_wconf 76' lang='lat' dir='ltr'><strong>aquarum</strong></span> <span class='ocrx_word' id='word_1_708' title='bbox 2206 3641 2220 3678; x_wconf 90' lang='lat'><strong>:</strong></span> <span class='ocrx_word' id='word_1_709' title='bbox 2268 3644 2286 3677; x_wconf 76' lang='grc' dir='ltr'><strong>ι</strong></span> <span class='ocrx_word' id='word_1_710' title='bbox 2333 3625 2449 3681; x_wconf 72' lang='lat' dir='ltr'><strong>htec</strong></span> <span class='ocrx_word' id='word_1_711' title='bbox 2470 3627 2612 3680; x_wconf 89' lang='lat' dir='ltr'><strong>enim</strong></span> <span class='ocrx_word' id='word_1_712' title='bbox 2653 3627 2788 3680; x_wconf 87' lang='lat' dir='ltr'><strong>nihil</strong></span> <span class='ocrx_word' id='word_1_713' title='bbox 2823 3627 2964 3681; x_wconf 85' lang='lat' dir='ltr'><strong>aliud</strong></span> <span class='ocrx_word' id='word_1_714' title='bbox 2996 3628 3305 3698; x_wconf 79' lang='lat' dir='ltr'><strong>signiﬁcant</strong></span> <span class='ocrx_word' id='word_1_715' title='bbox 3342 3641 3504 3696; x_wconf 83' lang='lat' dir='ltr'><strong>quam</strong></span> 
     </span>
    </p>
   </div>
   <div class='ocr_carea' id='block_1_96' title="bbox 1912 3719 3188 3776">
    <p class='ocr_par' dir='ltr' id='par_1_96' title="bbox 1912 3719 3188 3776">
     <span class='ocr_line' id='line_1_96' title="bbox 1912 3719 3188 3776; baseline 0.003 -4"><span class='ocrx_word' id='word_1_716' title='bbox 1912 3726 2181 3773; x_wconf 67' lang='lat' dir='ltr'><strong>creatura:</strong></span> <span class='ocrx_word' id='word_1_717' title='bbox 2213 3733 2278 3774; x_wconf 81' lang='lat' dir='ltr'><strong>ex</strong></span> <span class='ocrx_word' id='word_1_718' title='bbox 2315 3719 2487 3774; x_wconf 87' lang='lat' dir='ltr'><strong>nihilo</strong></span> <span class='ocrx_word' id='word_1_719' title='bbox 2517 3719 2584 3774; x_wconf 92' lang='lat' dir='ltr'><strong>ad</strong></span> <span class='ocrx_word' id='word_1_720' title='bbox 2617 3735 2741 3776; x_wconf 83' lang='lat' dir='ltr'><strong>esse</strong></span> <span class='ocrx_word' id='word_1_721' title='bbox 2765 3721 3188 3776; x_wconf 81' lang='lat' dir='ltr'><strong>traductionem.</strong></span> 
     </span>
    </p>
   </div>
   <div class='ocr_carea' id='block_1_97' title="bbox 1914 3918 3506 3990">
    <p class='ocr_par' dir='ltr' id='par_1_97' title="bbox 1914 3918 3506 3990">
     <span class='ocr_line' id='line_1_97' title="bbox 1914 3918 3506 3990; baseline 0.003 -18"><span class='ocrx_word' id='word_1_722' title='bbox 1914 3918 2145 3984; x_wconf 85' lang='lat' dir='ltr'><strong>ALIUD,</strong></span> <span class='ocrx_word' id='word_1_723' title='bbox 2183 3919 2515 3985; x_wconf 70' lang='lat' dir='ltr'><strong>explicatius,</strong></span> <span class='ocrx_word' id='word_1_724' title='bbox 2544 3936 2610 3974; x_wconf 77' lang='lat' dir='ltr'><strong>ea:</strong></span> <span class='ocrx_word' id='word_1_725' title='bbox 2629 3936 2730 3990; x_wconf 85' lang='lat' dir='ltr'><strong>quo</strong></span> <span class='ocrx_word' id='word_1_726' title='bbox 2753 3937 2968 3974; x_wconf 78' lang='lat' dir='ltr'><strong>causam</strong></span> <span class='ocrx_word' id='word_1_727' title='bbox 3005 3921 3389 3990; x_wconf 81' lang='lat' dir='ltr'><strong>quodammodo</strong></span> <span class='ocrx_word' id='word_1_728' title='bbox 3416 3939 3506 3976; x_wconf 75' lang='lat' dir='ltr'><strong>co-</strong></span> 
     </span>
    </p>
   </div>
   <div class='ocr_carea' id='block_1_98' title="bbox 1995 3989 3506 4060">
    <p class='ocr_par' dir='ltr' id='par_1_98' title="bbox 1995 3989 3506 4060">
     <span class='ocr_line' id='line_1_98' title="bbox 1995 3989 3506 4060; baseline 0.003 -18"><span class='ocrx_word' id='word_1_729' title='bbox 1995 3991 2321 4060; x_wconf 76' lang='lat' dir='ltr'><strong>gnoscimus,</strong></span> <span class='ocrx_word' id='word_1_730' title='bbox 2356 4006 2452 4060; x_wconf 75' lang='lat' dir='ltr'><strong>cur</strong></span> <span class='ocrx_word' id='word_1_731' title='bbox 2486 3989 2846 4056; x_wconf 60' lang='lat' dir='ltr'><strong>prtt&#39;destinnti</strong></span> <span class='ocrx_word' id='word_1_732' title='bbox 2880 4008 3060 4044; x_wconf 77' lang='lat' dir='ltr'><strong>sumus</strong></span> <span class='ocrx_word' id='word_1_733' title='bbox 3103 3994 3154 4043; x_wconf 82' lang='lat' dir='ltr'><strong>in</strong></span> <span class='ocrx_word' id='word_1_734' title='bbox 3195 3989 3424 4056; x_wconf 73' lang='lat' dir='ltr'><strong>Christo,</strong></span> <span class='ocrx_word' id='word_1_735' title='bbox 3458 4005 3506 4047; x_wconf 82' lang='lat' dir='ltr'><strong>et</strong></span> 
     </span>
    </p>
   </div>
   <div class='ocr_carea' id='block_1_99' title="bbox 1991 4059 3314 4128">
    <p class='ocr_par' dir='ltr' id='par_1_99' title="bbox 1991 4059 3314 4128">
     <span class='ocr_line' id='line_1_99' title="bbox 1991 4059 3314 4128; baseline 0.002 -16"><span class='ocrx_word' id='word_1_736' title='bbox 1991 4059 2230 4128; x_wconf 67' lang='lat' dir='ltr'><strong>adoptiui</strong></span> <span class='ocrx_word' id='word_1_737' title='bbox 2252 4059 2306 4111; x_wconf 81' lang='lat' dir='ltr'><strong>in</strong></span> <span class='ocrx_word' id='word_1_738' title='bbox 2337 4059 2477 4128; x_wconf 77' lang='lat' dir='ltr'><strong>ﬁlios</strong></span> <span class='ocrx_word' id='word_1_739' title='bbox 2507 4075 2571 4112; x_wconf 78' lang='lat' dir='ltr'><strong>ea:</strong></span> <span class='ocrx_word' id='word_1_740' title='bbox 2606 4061 2864 4112; x_wconf 82' lang='lat' dir='ltr'><strong>churitate</strong></span> <span class='ocrx_word' id='word_1_741' title='bbox 2899 4060 2992 4113; x_wconf 81' lang='lat' dir='ltr'><strong>Dei</strong></span> <span class='ocrx_word' id='word_1_742' title='bbox 3024 4076 3086 4113; x_wconf 84' lang='lat' dir='ltr'><strong>ac</strong></span> <span class='ocrx_word' id='word_1_743' title='bbox 3118 4061 3314 4114; x_wconf 77' lang='lat' dir='ltr'><strong>Patris.</strong></span> 
     </span>
    </p>
   </div>
   <div class='ocr_carea' id='block_1_100' title="bbox 1986 4233 3507 4305">
    <p class='ocr_par' dir='ltr' id='par_1_100' title="bbox 1986 4233 3507 4305">
     <span class='ocr_line' id='line_1_100' title="bbox 1986 4233 3507 4305; baseline 0.002 -15"><span class='ocrx_word' id='word_1_744' title='bbox 1986 4237 2131 4290; x_wconf 84' lang='lat' dir='ltr'><strong>Deus</strong></span> <span class='ocrx_word' id='word_1_745' title='bbox 2177 4249 2240 4289; x_wconf 91' lang='lat' dir='ltr'><strong>ac</strong></span> <span class='ocrx_word' id='word_1_746' title='bbox 2292 4233 2453 4289; x_wconf 87' lang='lat' dir='ltr'><strong>Pater</strong></span> <span class='ocrx_word' id='word_1_747' title='bbox 2500 4236 2793 4305; x_wconf 74' lang='lat' dir='ltr'><strong>prtcsciens</strong></span> <span class='ocrx_word' id='word_1_748' title='bbox 2822 4252 2942 4304; x_wconf 72' lang='lat' dir='ltr'><strong>qua:</strong></span> <span class='ocrx_word' id='word_1_749' title='bbox 2993 4239 3242 4292; x_wconf 66' lang='lat' dir='ltr'><strong>humanae</strong></span> <span class='ocrx_word' id='word_1_750' title='bbox 3299 4248 3507 4293; x_wconf 70' lang='lat' dir='ltr'><strong>natura:</strong></span> 
     </span>
    </p>
   </div>
   <div class='ocr_carea' id='block_1_101' title="bbox 1916 4325 3506 4401">
    <p class='ocr_par' dir='ltr' id='par_1_101' title="bbox 1916 4325 3506 4401">
     <span class='ocr_line' id='line_1_101' title="bbox 1916 4325 3506 4401; baseline 0.003 -21"><span class='ocrx_word' id='word_1_751' title='bbox 1916 4327 2278 4381; x_wconf 85' lang='lat' dir='ltr'><strong>conducibilia</strong></span> <span class='ocrx_word' id='word_1_752' title='bbox 2325 4325 2525 4392; x_wconf 80' lang='lat' dir='ltr'><strong>forent,</strong></span> <span class='ocrx_word' id='word_1_753' title='bbox 2582 4343 2755 4396; x_wconf 80' lang='lat' dir='ltr'><strong>neque</strong></span> <span class='ocrx_word' id='word_1_754' title='bbox 2799 4329 3055 4399; x_wconf 83' lang='lat' dir='ltr'><strong>ignorans</strong></span> <span class='ocrx_word' id='word_1_755' title='bbox 3088 4332 3233 4401; x_wconf 85' lang='lat' dir='ltr'><strong>quod</strong></span> <span class='ocrx_word' id='word_1_756' title='bbox 3284 4333 3506 4385; x_wconf 74' lang='lat' dir='ltr'><strong>omnium</strong></span> 
     </span>
    </p>
   </div>
   <div class='ocr_carea' id='block_1_102' title="bbox 1919 4419 3509 4490">
    <p class='ocr_par' dir='ltr' id='par_1_102' title="bbox 1919 4419 3509 4490">
     <span class='ocr_line' id='line_1_102' title="bbox 1919 4419 3509 4490; baseline 0.003 -17"><span class='ocrx_word' id='word_1_757' title='bbox 1919 4421 1970 4473; x_wconf 87' lang='lat' dir='ltr'><strong>itt</strong></span> <span class='ocrx_word' id='word_1_758' title='bbox 2005 4420 2409 4488; x_wconf 85' lang='lat' dir='ltr'><strong>corruptionem</strong></span> <span class='ocrx_word' id='word_1_759' title='bbox 2465 4419 2785 4490; x_wconf 84' lang='lat' dir='ltr'><strong>prolapsura</strong></span> <span class='ocrx_word' id='word_1_760' title='bbox 2840 4433 3007 4488; x_wconf 86' lang='lat' dir='ltr'><strong>esset,</strong></span> <span class='ocrx_word' id='word_1_761' title='bbox 3055 4425 3324 4479; x_wconf 88' lang='lat' dir='ltr'><strong>rationem</strong></span> <span class='ocrx_word' id='word_1_762' title='bbox 3377 4441 3509 4479; x_wconf 77' lang='lat' dir='ltr'><strong>vero</strong></span> 
     </span>
    </p>
   </div>
   <div class='ocr_carea' id='block_1_103' title="bbox 1921 4510 3510 4583">
    <p class='ocr_par' dir='ltr' id='par_1_103' title="bbox 1921 4510 3510 4583">
     <span class='ocr_line' id='line_1_103' title="bbox 1921 4510 3510 4583; baseline 0.005 -23"><span class='ocrx_word' id='word_1_763' title='bbox 1921 4525 1985 4564; x_wconf 84' lang='lat' dir='ltr'><strong>ac</strong></span> <span class='ocrx_word' id='word_1_764' title='bbox 2015 4510 2233 4564; x_wconf 89' lang='lat' dir='ltr'><strong>modum</strong></span> <span class='ocrx_word' id='word_1_765' title='bbox 2263 4511 2676 4566; x_wconf 86' lang='lat' dir='ltr'><strong>instaurationis</strong></span> <span class='ocrx_word' id='word_1_766' title='bbox 2707 4513 3148 4583; x_wconf 82' lang='lat' dir='ltr'><strong>reductinnisque</strong></span> <span class='ocrx_word' id='word_1_767' title='bbox 3168 4517 3234 4569; x_wconf 91' lang='lat' dir='ltr'><strong>ad</strong></span> <span class='ocrx_word' id='word_1_768' title='bbox 3263 4517 3510 4570; x_wconf 82' lang='lat' dir='ltr'><strong>int-orru-</strong></span> 
     </span>
    </p>
   </div>
   <div class='ocr_carea' id='block_1_104' title="bbox 1923 4603 3508 4676">
    <p class='ocr_par' dir='ltr' id='par_1_104' title="bbox 1923 4603 3508 4676">
     <span class='ocr_line' id='line_1_104' title="bbox 1923 4603 3508 4676; baseline 0.004 -20"><span class='ocrx_word' id='word_1_769' title='bbox 1923 4604 2160 4670; x_wconf 73' lang='lat' dir='ltr'><strong>titionem</strong></span> <span class='ocrx_word' id='word_1_770' title='bbox 2205 4603 2254 4658; x_wconf 79' lang='lat' dir='ltr'><strong>ei</strong></span> <span class='ocrx_word' id='word_1_771' title='bbox 2313 4619 2603 4673; x_wconf 67' lang='lat' dir='ltr'><strong>quaerens,</strong></span> <span class='ocrx_word' id='word_1_772' title='bbox 2663 4605 2828 4659; x_wconf 69' lang='lat' dir='ltr'><strong>Veluti</strong></span> <span class='ocrx_word' id='word_1_773' title='bbox 2881 4607 3090 4661; x_wconf 87' lang='lat' dir='ltr'><strong>radices</strong></span> <span class='ocrx_word' id='word_1_774' title='bbox 3141 4608 3190 4661; x_wconf 92' lang='lat' dir='ltr'><strong>ei</strong></span> <span class='ocrx_word' id='word_1_775' title='bbox 3247 4611 3508 4676; x_wconf 86' lang='lat' dir='ltr'><strong>quasdam</strong></span> 
     </span>
    </p>
   </div>
   <div class='ocr_carea' id='block_1_105' title="bbox 1915 4694 3506 4769">
    <p class='ocr_par' dir='ltr' id='par_1_105' title="bbox 1915 4694 3506 4769">
     <span class='ocr_line' id='line_1_105' title="bbox 1915 4694 3506 4769; baseline 0.005 -23"><span class='ocrx_word' id='word_1_776' title='bbox 1915 4695 2176 4763; x_wconf 77' lang='lat' dir='ltr'><strong>ejusmodi</strong></span> <span class='ocrx_word' id='word_1_777' title='bbox 2214 4695 2328 4764; x_wconf 84' lang='lat' dir='ltr'><strong>spei</strong></span> <span class='ocrx_word' id='word_1_778' title='bbox 2361 4698 2469 4762; x_wconf 74' lang='lat' dir='ltr'><strong>egit</strong></span> <span class='ocrx_word' id='word_1_779' title='bbox 2512 4697 2563 4750; x_wconf 93' lang='lat' dir='ltr'><strong>in</strong></span> <span class='ocrx_word' id='word_1_780' title='bbox 2610 4694 2746 4750; x_wconf 86' lang='lat' dir='ltr'><strong>Filio</strong></span> <span class='ocrx_word' id='word_1_781' title='bbox 2787 4713 2910 4761; x_wconf 90' lang='lat' dir='ltr'><strong>suo,</strong></span> <span class='ocrx_word' id='word_1_782' title='bbox 2965 4708 3018 4751; x_wconf 89' lang='lat' dir='ltr'><strong>et</strong></span> <span class='ocrx_word' id='word_1_783' title='bbox 3069 4698 3120 4751; x_wconf 92' lang='lat' dir='ltr'><strong>in</strong></span> <span class='ocrx_word' id='word_1_784' title='bbox 3165 4701 3506 4769; x_wconf 83' lang='lat' dir='ltr'><strong>adoptionem</strong></span> 
     </span>
    </p>
   </div>
   <div class='ocr_carea' id='block_1_106' title="bbox 1917 4787 3509 4859">
    <p class='ocr_par' dir='ltr' id='par_1_106' title="bbox 1917 4787 3509 4859">
     <span class='ocr_line' id='line_1_106' title="bbox 1917 4787 3509 4859; baseline 0.005 -20"><span class='ocrx_word' id='word_1_785' title='bbox 1917 4803 2013 4841; x_wconf 84' lang='lat' dir='ltr'><strong>nos</strong></span> <span class='ocrx_word' id='word_1_786' title='bbox 2055 4787 2401 4854; x_wconf 69' lang='lat' dir='ltr'><strong>prmdestinat</strong></span> <span class='ocrx_word' id='word_1_787' title='bbox 2448 4803 2543 4857; x_wconf 87' lang='lat' dir='ltr'><strong>per</strong></span> <span class='ocrx_word' id='word_1_788' title='bbox 2582 4789 2792 4858; x_wconf 84' lang='lat' dir='ltr'><strong>ipsum,</strong></span> <span class='ocrx_word' id='word_1_789' title='bbox 2838 4790 3094 4859; x_wconf 86' lang='lat' dir='ltr'><strong>omnique</strong></span> <span class='ocrx_word' id='word_1_790' title='bbox 3131 4791 3509 4847; x_wconf 87' lang='lat' dir='ltr'><strong>benedictione</strong></span> 
     </span>
    </p>
   </div>
   <div class='ocr_carea' id='block_1_107' title="bbox 1919 4877 3510 4950">
    <p class='ocr_par' dir='ltr' id='par_1_107' title="bbox 1919 4877 3510 4950">
     <span class='ocr_line' id='line_1_107' title="bbox 1919 4877 3510 4950; baseline 0.004 -18"><span class='ocrx_word' id='word_1_791' title='bbox 1919 4877 2150 4946; x_wconf 89' lang='lat' dir='ltr'><strong>spiritali</strong></span> <span class='ocrx_word' id='word_1_792' title='bbox 2181 4878 2452 4946; x_wconf 73' lang='lat' dir='ltr'><strong>dignatur,</strong></span> <span class='ocrx_word' id='word_1_793' title='bbox 2472 4880 2635 4932; x_wconf 89' lang='lat' dir='ltr'><strong>etiam</strong></span> <span class='ocrx_word' id='word_1_794' title='bbox 2680 4883 2914 4934; x_wconf 89' lang='lat' dir='ltr'><strong>nondum</strong></span> <span class='ocrx_word' id='word_1_795' title='bbox 2949 4882 3118 4938; x_wconf 79' lang='lat' dir='ltr'><strong>factos</strong></span> <span class='ocrx_word' id='word_1_796' title='bbox 3146 4901 3159 4936; x_wconf 91' lang='lat'><strong>:</strong></span> <span class='ocrx_word' id='word_1_797' title='bbox 3186 4894 3263 4948; x_wconf 91' lang='lat' dir='ltr'><strong>ut,</strong></span> <span class='ocrx_word' id='word_1_798' title='bbox 3292 4887 3510 4950; x_wconf 85' lang='lat' dir='ltr'><strong>quando</strong></span> 
     </span>
    </p>
   </div>
   <div class='ocr_carea' id='block_1_108' title="bbox 1923 4972 3504 5044">
    <p class='ocr_par' dir='ltr' id='par_1_108' title="bbox 1923 4972 3504 5044">
     <span class='ocr_line' id='line_1_108' title="bbox 1923 4972 3504 5044; baseline 0.003 -20"><span class='ocrx_word' id='word_1_799' title='bbox 1923 4973 2267 5040; x_wconf 80' lang='lat' dir='ltr'><strong>contingeret</strong></span> <span class='ocrx_word' id='word_1_800' title='bbox 2312 4972 2366 5025; x_wconf 90' lang='lat' dir='ltr'><strong>in</strong></span> <span class='ocrx_word' id='word_1_801' title='bbox 2408 4983 2636 5026; x_wconf 89' lang='lat' dir='ltr'><strong>mortem</strong></span> <span class='ocrx_word' id='word_1_802' title='bbox 2694 4974 2796 5027; x_wconf 81' lang='lat' dir='ltr'><strong>labi</strong></span> <span class='ocrx_word' id='word_1_803' title='bbox 2842 4989 2938 5043; x_wconf 84' lang='lat' dir='ltr'><strong>per</strong></span> <span class='ocrx_word' id='word_1_804' title='bbox 2982 4977 3504 5044; x_wconf 64' lang='lat' dir='ltr'><strong>praevaricationem,</strong></span> 
     </span>
    </p>
   </div>
   <div class='ocr_carea' id='block_1_109' title="bbox 1924 5064 3506 5131">
    <p class='ocr_par' dir='ltr' id='par_1_109' title="bbox 1924 5064 3506 5131">
     <span class='ocr_line' id='line_1_109' title="bbox 1924 5064 3506 5131; baseline 0.005 -16"><span class='ocrx_word' id='word_1_805' title='bbox 1924 5064 2086 5117; x_wconf 64' lang='lat' dir='ltr'><strong>veluti</strong></span> <span class='ocrx_word' id='word_1_806' title='bbox 2119 5078 2186 5118; x_wconf 76' lang='lat' dir='ltr'><strong>ex</strong></span> <span class='ocrx_word' id='word_1_807' title='bbox 2233 5064 2411 5131; x_wconf 83' lang='lat' dir='ltr'><strong>prisca</strong></span> <span class='ocrx_word' id='word_1_808' title='bbox 2462 5065 2550 5117; x_wconf 89' lang='lat' dir='ltr'><strong>illa</strong></span> <span class='ocrx_word' id='word_1_809' title='bbox 2603 5066 2782 5119; x_wconf 83' lang='lat' dir='ltr'><strong>radice</strong></span> <span class='ocrx_word' id='word_1_810' title='bbox 2817 5082 3008 5121; x_wconf 79' lang='lat' dir='ltr'><strong>rursus</strong></span> <span class='ocrx_word' id='word_1_811' title='bbox 3058 5071 3109 5121; x_wconf 92' lang='lat' dir='ltr'><strong>in</strong></span> <span class='ocrx_word' id='word_1_812' title='bbox 3156 5070 3263 5122; x_wconf 85' lang='lat' dir='ltr'><strong>vita</strong></span> <span class='ocrx_word' id='word_1_813' title='bbox 3311 5080 3506 5124; x_wconf 83' lang='lat' dir='ltr'><strong>natura</strong></span> 
     </span>
    </p>
   </div>
   <div class='ocr_carea' id='block_1_110' title="bbox 1926 5154 3584 5226">
    <p class='ocr_par' dir='ltr' id='par_1_110' title="bbox 1926 5154 3584 5226">
     <span class='ocr_line' id='line_1_110' title="bbox 1926 5154 3584 5226; baseline 0.005 -20"><span class='ocrx_word' id='word_1_814' title='bbox 1926 5154 2294 5224; x_wconf 87' lang='lat' dir='ltr'><strong>repullularet,</strong></span> <span class='ocrx_word' id='word_1_815' title='bbox 2329 5165 2380 5208; x_wconf 91' lang='lat' dir='ltr'><strong>et</strong></span> <span class='ocrx_word' id='word_1_816' title='bbox 2415 5163 2672 5222; x_wconf 81' lang='lat' dir='ltr'><strong>tauquam</strong></span> <span class='ocrx_word' id='word_1_817' title='bbox 2715 5157 2824 5225; x_wconf 90' lang='lat' dir='ltr'><strong>jam</strong></span> <span class='ocrx_word' id='word_1_818' title='bbox 2877 5169 3002 5212; x_wconf 88' lang='lat' dir='ltr'><strong>ante</strong></span> <span class='ocrx_word' id='word_1_819' title='bbox 3053 5162 3357 5226; x_wconf 83' lang='lat' dir='ltr'><strong>benedicta,</strong></span> <span class='ocrx_word' id='word_1_820' title='bbox 3403 5178 3507 5214; x_wconf 87' lang='lat' dir='ltr'><strong>non</strong></span> <span class='ocrx_word' id='word_1_821' title='bbox 3568 5167 3584 5179; x_wconf 83' lang='lat'>&#39;</span> 
     </span>
    </p>
   </div>
   <div class='ocr_carea' id='block_1_111' title="bbox 1928 5244 3509 5314">
    <p class='ocr_par' dir='ltr' id='par_1_111' title="bbox 1928 5244 3509 5314">
     <span class='ocr_line' id='line_1_111' title="bbox 1928 5244 3509 5314; baseline 0.008 -17"><span class='ocrx_word' id='word_1_822' title='bbox 1928 5244 1980 5297; x_wconf 88' lang='lat' dir='ltr'><strong>in</strong></span> <span class='ocrx_word' id='word_1_823' title='bbox 2009 5244 2323 5298; x_wconf 80' lang='lat' dir='ltr'><strong>universum</strong></span> <span class='ocrx_word' id='word_1_824' title='bbox 2362 5247 2729 5301; x_wconf 73' lang='lat' dir='ltr'><strong>maledimioni</strong></span> <span class='ocrx_word' id='word_1_825' title='bbox 2765 5251 2999 5303; x_wconf 82' lang='lat' dir='ltr'><strong>obnoxia</strong></span> <span class='ocrx_word' id='word_1_826' title='bbox 3035 5252 3209 5314; x_wconf 80' lang='lat' dir='ltr'><strong>iierct,</strong></span> <span class='ocrx_word' id='word_1_827' title='bbox 3255 5266 3374 5306; x_wconf 83' lang='lat' dir='ltr'><strong>cum</strong></span> <span class='ocrx_word' id='word_1_828' title='bbox 3408 5269 3509 5308; x_wconf 84' lang='lat' dir='ltr'><strong>au-</strong></span> 
     </span>
    </p>
   </div>
   <div class='ocr_carea' id='block_1_112' title="bbox 1925 5334 3507 5401">
    <p class='ocr_par' dir='ltr' id='par_1_112' title="bbox 1925 5334 3507 5401">
     <span class='ocr_line' id='line_1_112' title="bbox 1925 5334 3507 5401; baseline 0.007 -14"><span class='ocrx_word' id='word_1_829' title='bbox 1925 5334 2066 5387; x_wconf 91' lang='lat' dir='ltr'><strong>diret</strong></span> <span class='ocrx_word' id='word_1_830' title='bbox 2115 5353 2128 5389; x_wconf 92' lang='lat'><strong>:</strong></span> <span class='ocrx_word' id='word_1_831' title='bbox 2179 5351 2199 5387; x_wconf 73' lang='grc' dir='ltr'><strong>ι</strong></span> <span class='ocrx_word' id='word_1_832' title='bbox 2235 5335 2404 5390; x_wconf 85' lang='lat' dir='ltr'><strong>Terra</strong></span> <span class='ocrx_word' id='word_1_833' title='bbox 2452 5353 2534 5400; x_wconf 87' lang='lat' dir='ltr'><strong>es,</strong></span> <span class='ocrx_word' id='word_1_834' title='bbox 2594 5349 2646 5392; x_wconf 81' lang='lat' dir='ltr'><strong>et</strong></span> <span class='ocrx_word' id='word_1_835' title='bbox 2695 5340 2748 5392; x_wconf 93' lang='lat' dir='ltr'><strong>in</strong></span> <span class='ocrx_word' id='word_1_836' title='bbox 2788 5351 2989 5394; x_wconf 91' lang='lat' dir='ltr'><strong>terram</strong></span> <span class='ocrx_word' id='word_1_837' title='bbox 3046 5341 3336 5398; x_wconf 86' lang='lat' dir='ltr'><strong>reverteris</strong></span> <span class='ocrx_word' id='word_1_838' title='bbox 3383 5345 3448 5401; x_wconf 75' lang='lat'><strong>‘°.</strong></span> <span class='ocrx_word' id='word_1_839' title='bbox 3483 5364 3507 5398; x_wconf 66' lang='grc' dir='ltr'><strong>ι</strong></span> 
     </span>
    </p>
   </div>
   <div class='ocr_carea' id='block_1_113' title="bbox 1927 5425 3509 5500">
    <p class='ocr_par' dir='ltr' id='par_1_113' title="bbox 1927 5425 3509 5500">
     <span class='ocr_line' id='line_1_113' title="bbox 1927 5425 3509 5500; baseline 0.007 -25"><span class='ocrx_word' id='word_1_840' title='bbox 1927 5425 2096 5477; x_wconf 82' lang='lat' dir='ltr'><strong>Antea</strong></span> <span class='ocrx_word' id='word_1_841' title='bbox 2114 5425 2298 5494; x_wconf 87' lang='lat' dir='ltr'><strong>itaque</strong></span> <span class='ocrx_word' id='word_1_842' title='bbox 2324 5425 2829 5480; x_wconf 76' lang='lat' dir='ltr'><strong>nobisfuudamenti</strong></span> <span class='ocrx_word' id='word_1_843' title='bbox 2851 5427 2970 5482; x_wconf 91' lang='lat' dir='ltr'><strong>loco</strong></span> <span class='ocrx_word' id='word_1_844' title='bbox 2988 5429 3208 5496; x_wconf 85' lang='lat' dir='ltr'><strong>ponitur</strong></span> <span class='ocrx_word' id='word_1_845' title='bbox 3237 5430 3509 5500; x_wconf 65' lang='lat' dir='ltr'><strong>Christus,</strong></span> 
     </span>
    </p>
   </div>
   <div class='ocr_carea' id='block_1_114' title="bbox 1926 5516 3510 5590">
    <p class='ocr_par' dir='ltr' id='par_1_114' title="bbox 1926 5516 3510 5590">
     <span class='ocr_line' id='line_1_114' title="bbox 1926 5516 3510 5590; baseline 0.004 -24"><span class='ocrx_word' id='word_1_846' title='bbox 1926 5526 2088 5585; x_wconf 88' lang='lat' dir='ltr'><strong>atque</strong></span> <span class='ocrx_word' id='word_1_847' title='bbox 2114 5516 2167 5570; x_wconf 94' lang='lat' dir='ltr'><strong>in</strong></span> <span class='ocrx_word' id='word_1_848' title='bbox 2189 5517 2307 5586; x_wconf 87' lang='lat' dir='ltr'><strong>ipso</strong></span> <span class='ocrx_word' id='word_1_849' title='bbox 2329 5531 2426 5572; x_wconf 93' lang='lat' dir='ltr'><strong>nos</strong></span> <span class='ocrx_word' id='word_1_850' title='bbox 2459 5532 2650 5573; x_wconf 82' lang='lat' dir='ltr'><strong>omnes</strong></span> <span class='ocrx_word' id='word_1_851' title='bbox 2679 5517 3196 5586; x_wconf 69' lang='lat' dir='ltr'><strong>supertedilicamur,</strong></span> <span class='ocrx_word' id='word_1_852' title='bbox 3221 5531 3273 5575; x_wconf 93' lang='lat' dir='ltr'><strong>et</strong></span> <span class='ocrx_word' id='word_1_853' title='bbox 3294 5523 3510 5590; x_wconf 58' lang='lat' dir='ltr'><strong>quidem</strong></span> 
     </span>
    </p>
   </div>
   <div class='ocr_carea' id='block_1_115' title="bbox 1927 5609 3510 5682">
    <p class='ocr_par' dir='ltr' id='par_1_115' title="bbox 1927 5609 3510 5682">
     <span class='ocr_line' id='line_1_115' title="bbox 1927 5609 3510 5682; baseline 0.007 -24"><span class='ocrx_word' id='word_1_854' title='bbox 1927 5617 2051 5662; x_wconf 88' lang='lat' dir='ltr'><strong>ante</strong></span> <span class='ocrx_word' id='word_1_855' title='bbox 2078 5609 2414 5665; x_wconf 88' lang='lat' dir='ltr'><strong>creationem</strong></span> <span class='ocrx_word' id='word_1_856' title='bbox 2445 5613 2628 5665; x_wconf 91' lang='lat' dir='ltr'><strong>mundi</strong></span> <span class='ocrx_word' id='word_1_857' title='bbox 2653 5611 2806 5680; x_wconf 76' lang='lat' dir='ltr'><strong>juxta</strong></span> <span class='ocrx_word' id='word_1_858' title='bbox 2849 5614 3236 5682; x_wconf 67' lang='lat' dir='ltr'><strong>praenotionem</strong></span> <span class='ocrx_word' id='word_1_859' title='bbox 3269 5613 3361 5668; x_wconf 91' lang='lat' dir='ltr'><strong>Dei</strong></span> <span class='ocrx_word' id='word_1_860' title='bbox 3391 5630 3510 5666; x_wconf 86' lang='lat' dir='ltr'><strong>om-</strong></span> 
     </span>
    </p>
   </div>
  </div>
