3996 6440
447 356 563 415 995

1448 348 1512 403 S.
1558 346 1835 403 CYRILLI
1876 345 2353 402 ALEXANDRINI
2387 347 2710 404 ARCHIEP.

3630 350 3752 407 εθε

461 486 554 527 ut:
582 468 950 541 prtescientts,
1007 475 1091 535 ut,
1122 465 1577 536 quemadmodum
1604 466 1768 520 modo
1792 465 2050 528 ditionis,

2176 486 2257 532 ›ας
2283 470 2382 540 τὴν
2410 471 2680 538 εὐλογίαν,
2702 469 2798 522 καλ⁵
2825 470 2924 539 τῆς
2950 469 3031 533 εἰς
3050 469 3143 523 τὸν
3164 467 3395 523 θάνατον
3416 469 3753 541 καταδίκης,

456 561 743 631 antiquior
773 561 827 614 in
860 560 1020 616 nobis
1057 559 1129 615 sit
1173 556 1480 612 benedictio
1510 571 1675 625 quam
1719 556 2050 622 inaledictio,

456 653 734 723 antiquior
761 652 1049 722 promissio
1075 649 1143 703 ad
1179 650 1345 702 vitam
1376 662 1541 718 quam
1570 648 1955 703 condemnatio
1984 649 2052 705 ad

460 755 729 812 mortem,
777 744 1058 812 antiquior
1106 739 1387 810 adoptatio
1439 738 1493 793 in
1518 738 1827 793 libertatem
1888 752 2052 807 quam

458 837 730 891 diabolica
753 835 1009 890 servitus.
1053 830 1211 885 Redit
1243 840 1425 885 autem
1457 838 1655 884 natura
1687 829 1740 883 in
1766 831 2053 899 pristinum

459 939 686 996 statum,
713 928 983 997 superatis
1000 941 1119 995 qua:
1143 926 1399 993 deinceps
1429 923 1480 978 ei
1504 922 1847 987 acciderunt,
1876 922 2054 993 gratia

458 1034 527 1074 ac
565 1018 833 1075 beneﬂcio
880 1016 1023 1072 illius
1070 1016 1161 1085 qui
1209 1030 1331 1069 eam
1386 1013 1637 1068 (inundavit
1691 1013 1745 1068 in
1794 1013 1952 1069 bonis
2000 1014 2054 1068 in

458 1107 713 1171 Christo,
747 1120 1072 1175 rursumque
1115 1107 1173 1158 tit
1208 1105 1259 1158 id
1291 1105 1465 1173 ipsum
1504 1104 1650 1173 quod
1684 1088 1806 1158 erat
1837 1105 1890 1159 in
1922 1118 2056 1172 prat—

460 1201 684 1256 notione
738 1200 854 1265 Dei,
898 1215 967 1254 ex
1022 1197 1292 1254 ebaritate
1335 1194 1726 1266 pradestiuata
1759 1196 1829 1249 ad
1873 1194 2057 1249 omnia

458 1293 665 1363 optima
700 1308 796 1362 per
835 1290 1052 1346 Filium.

647 1399 886 1466 ALIUD,
932 1416 1026 1470 per
1055 1399 1455 1454 similitudinem
1483 1410 1532 1453 et
1558 1397 1876 1463 exemplum.

534 1540 806 1594 leeruttt
843 1552 1067 1592 necesse
1109 1545 1192 1591 est
1225 1548 1284 1590 ut
1312 1535 1625 1591 accuratius
1669 1534 2058 1604 investigenms

467 1631 629 1702 175
649 1645 756 1700 quo
776 1640 932 1698 pacto
949 1628 1103 1683 nobis
1122 1627 1383 1696 sapientia
1406 1626 1498 1680 Dei
1535 1635 1663 1679 ante
1689 1624 1885 1679 smcula
1919 1639 2059 1692 pra:-

466 1724 689 1779 l‘undata
710 1721 1362 1788 tuerit.Quemadinodnm
1388 1721 1431 1773 si
1453 1720 1579 1789 quis
1600 1718 1951 1784 architectus,
1971 1718 2060 1773 do-

468 1831 591 1871 mus
632 1815 1044 1869 :uditicationem
1096 1812 1386 1880 incipiens,
1436 1811 1682 1878 cogitans
1737 1825 1946 1875 secum,
2001 1818 2059 1863 ut

468 1925 567 1982 par
597 1918 701 1974 est,
728 1925 795 1963 ne
817 1908 1009 1963 domus
1034 1921 1287 1962 successu
1323 1906 1584 1973 temporis
1616 1904 1836 1974 aliquod
1865 1905 2055 1959 vitium

468 2001 700 2072 accipiat
734 2014 919 2055 eorum
964 2013 1084 2068 qua:
1122 1998 1369 2052 domibus
1411 1997 1665 2052 accidere
1704 1995 1901 2061 solent,
1963 1995 2058 2048 lir-

471 2094 772 2149 ntissimunt
828 2091 1237 2145 fundamentum
1275 2089 1444 2158 jacit,
1496 2104 1561 2144 ac
1608 2089 1775 2143 veluti
1822 2088 2058 2142 radicem

468 2185 850 2239 inconcussam
875 2182 1131 2249 operibus
1156 2184 1448 2251 excogitat,
1478 2191 1558 2248 ut,
1582 2180 1626 2233 si
1653 2181 1842 2233 vitium
1869 2177 2060 2239 faciat,

466 2292 592 2333 cum
618 2275 942 2346 principium
977 2274 1095 2329 sive
1118 2273 1534 2329 fundamentum
1559 2272 1762 2326 salvum
1786 2272 1878 2335 sit,
1902 2269 2061 2323 aliam

471 2383 661 2423 rursus
689 2366 911 2420 domum
955 2367 1003 2420 ei
1049 2375 1438 2434 superstruere
1483 2364 1649 2434 possit
1685 2377 1699 2412 :
1741 2363 1929 2417 eadem
1972 2376 2065 2415 ra-

472 2459 624 2514 tione
652 2460 894 2513 omniunt
929 2468 1151 2512 creator
1178 2457 1455 2511 Christum
1490 2455 1683 2510 salutis
1718 2463 1916 2509 ucstra:
1946 2451 2066 2507 fulto

470 2552 786 2607 damentum
816 2551 978 2605 etiam
1027 2560 1154 2605 ante
1198 2550 1530 2605 creationem
1573 2549 1755 2603 mundi
1806 2548 1959 2615 jecit,
1999 2563 2059 2601 ur

471 2657 595 2697 cum
624 2657 746 2696 eam
794 2657 889 2711 per
937 2649 1219 2709 peccatum
1259 2639 1578 2695 labefactari
1621 2639 1931 2709 contigerit,
1962 2638 2066 2691 ite-

474 2748 596 2788 rum
630 2734 682 2787 in
712 2736 828 2802 ipso
863 2734 1251 2789 instaurentur.
1283 2732 1559 2799 Quantum
1590 2734 1753 2803 igitur
1780 2732 1973 2785 attinet
2000 2732 2068 2784 ad

475 2831 764 2886 consilium
802 2839 857 2882 et
883 2828 1222 2899 propositum
1268 2826 1466 2887 Patris.
1506 2827 1669 2881 etiam
1701 2838 1825 2880 ante
1871 2826 2066 2881 smenla

478 2922 742 2977 fundatur
766 2921 1052 2982 Christus;
1083 2934 1220 2989 opus
1251 2935 1379 2974 vero
1403 2920 1576 2988 ipsum
1600 2935 1697 2973 suo
1725 2930 1963 2988 tempore
1993 2920 2070 2971 οἷ’-

477 3015 679 3069 fectum
713 3023 817 3077 est,
857 3012 930 3066 ita
967 3013 1217 3082 exigente
1257 3011 1334 3065 rei
1395 3012 1744 3067 necessitate.
1780 3010 2068 3065 Instaurati

476 3104 623 3161 enim
660 3120 847 3158 sumus
903 3104 955 3157 in
1002 3103 1244 3160 Christo.
1300 3103 1564 3156 adventus
1617 3103 1697 3155 sui
1751 3104 1801 3154 in
1849 3117 2067 3155 carnem

2152 561 2251 630 τὴν
2292 562 2373 623 είς
2422 560 2568 630 ζωὴν
2616 561 2930 630 ὑπόσχεσιν,
2958 560 3053 614 καὶ
3100 560 3201 630 τῆς
3253 560 3318 612 ὲκ
3362 560 3460 614 τοῦ
3491 560 3753 616 διαϐόλου

2152 649 2414 714 δουλείας,
2441 652 2541 721 τῆς
2571 648 2842 713 υἱοθεσίας
2869 649 2965 722 τὴν
2991 649 3323 720 ἐλευθερίαν.
3342 653 3661 724 ’Δνατρέχει
3686 654 3757 709 δὲ

2151 738 2186 805 ἡ
2226 735 2389 806 φύσις
2409 738 2489 802 είς
2519 738 2579 791 τὸ
2611 739 2857 809 ἀρχαῖον,
2898 738 2969 794 τὰ
3009 738 3217 809 μεταξὺ
3247 740 3637 812 συμϐεϐηκότα
3668 762 3758 798 νιε-

2155 829 2390 900 κήσασα,
2420 828 2510 883 διὰ
2546 828 2647 900 τὴν
2691 830 2852 901 χάριν
2884 829 2979 884 τοῦ
3014 829 3449 903 θεμελιώσαντος
3479 835 3653 907 αὐτὴν
3688 837 3757 887 ὲν

2155 921 2381 991 ἀγαθοῖς
2424 923 2482 975 ἐν
2525 922 2767 995 Χριστῷ,
2815 924 2911 978 καὶ
2940 924 3104 979 πάλιν
3131 925 3310 980 ἐκεῖνο
3352 926 3561 994 γίνεται
3603 929 3755 999 ὅπερ

2153 1010 2223 1086 ἦν
2246 1015 2306 1068 ὲν
2337 1014 2644 1086 προγνώσει
2679 1015 2774 1068 τοῦ
2816 1015 2974 1081 Θεοῦ,
3002 1015 3060 1082 ἐξ
3094 1016 3316 1090 ἀγάπης
3346 1018 3752 1091 προοριζομένη

2158 1106 2296 1175 πρὸς
2332 1107 2510 1161 πάντα
2541 1107 2610 1161 τὰ
2634 1106 2895 1162 κάλλιστα
2923 1107 2990 1161 δι’
3020 1107 3175 1161 Υίοῦ.

2508 1406 2711 1471 ΑΛΛΟ,
2752 1407 2833 1473 ὡς
2869 1406 2940 1461 ἐν
2977 1406 3387 1479 ὑποδείγματι.

2228 1537 2356 1604 Πῶς
2399 1540 2534 1611 ἡμῖν
2576 1537 3034 1610 προθεμελιοῠται
3064 1543 3097 1612 ἡ
3134 1540 3226 1594 τοῦ
3261 1541 3398 1597 Θεοῦ
3440 1545 3601 1612 σοφία
3638 1546 3753 1614 πρὸ

2159 1630 2254 1684 τοῦ
2279 1630 2495 1693 αἰῶνος,
2515 1630 2813 1698 ἀναγκαῖον
2845 1629 3212 1703 ίδεῖν.Ὥσπερ
3238 1632 3291 1684 εί
3308 1650 3392 1697 τις
3409 1634 3752 1706 ἀρχιτέκτων

2163 1721 2327 1791 σοφὸς
2341 1721 2491 1776 οἴκου
2516 1722 2864 1792 κατασκευῆς
2886 1723 3207 1795 ἀρχόμενος,
3230 1727 3488 1797 ἐννοήσας
3505 1745 3586 1792 τε,
3605 1727 3756 1782 κατὰ

2094 1854 2132 1909 Β
2161 1813 2403 1909 coelum,
2438 1814 2514 1884 μή
2544 1830 2595 1865 τι
2626 1814 2735 1884 ἄρα
2761 1816 2854 1867 καὶ
2885 1814 3072 1882 πάθοι,
3105 1817 3384 1888 προϊόντος
3408 1817 3500 1889 τοῦ
3532 1820 3754 1889 χρόνου,

2163 1905 2272 1957 τῶν
2305 1904 2403 1957 ὃσα
2438 1905 2650 1973 πέφυκε
2677 1904 2922 1973 γίνεσθαι
2950 1906 3079 1977 περὶ
3118 1907 3217 1970 τὰς
3249 1906 3357 1960 τῶν
3383 1908 3757 1979 οἰκοδομημά-

2161 2014 2272 2049 των
2301 1995 2669 2060 κατασκευὰς,
2694 1995 2946 2067 θεμέλιον
2970 1998 3186 2070 ἀρραγῆ
3215 2000 3634 2062 καταϐάλλεται,
3656 2002 3756 2054 καὶ
3789 2059 3795 2065 ,

2167 2088 2325 2161 ῥίζαν
2355 2088 2543 2161 ὥσπερ
2575 2077 2872 2161 ἀκλὸνητον
2912 2093 3022 2155 τοῖς
3068 2091 3253 2163 ἔργοις
3279 2094 3503 2159 ἐπινοεῖ,
3532 2094 3597 2146 ἶν’
3623 2095 3757 2147 εἴτι

2165 2182 2261 2237 καὶ
2310 2181 2472 2235 πάθοι
2522 2181 2836 2254 σωζομένην
2880 2182 3069 2253 ἔχοντα
3104 2183 3202 2256 τὴν
3230 2184 3426 2256 ἀρχὴν,
3459 2182 3616 2251 αὖθις
3653 2186 3759 2240 ἐπ’

2166 2274 2304 2345 αὐτῇ
2352 2273 2446 2327 καὶ
2477 2274 2776 2345 ἀναστῆναι
2807 2275 3011 2347 δυνηθῇ
3032 2293 3043 2305 '
3078 2277 3170 2330 τὸν
3208 2278 3369 2331 αὐτὸν
3398 2278 3462 2351 δὴ
3494 2280 3700 2351 τρόπον
3730 2282 3758 2331 ὁ

2168 2366 2388 2420 πάντων
2433 2366 2786 2438 δημιουργὸς,
2836 2368 2934 2439 τῆς
2989 2368 3262 2440 ἡμετέρας
3318 2370 3589 2442 σωτηρίας
3623 2388 3756 2442 προ-

2168 2458 2495 2524 εθεμελίωσε
2526 2458 2616 2511 τὸν
2641 2457 2896 2529 Χριστὸν,
2928 2459 3021 2511 καὶ
3048 2458 3153 2531 πρὸ
3179 2460 3280 2528 τῆς
3305 2458 3398 2512 τοῦ
3429 2462 3636 2531 κόσμου
3661 2478 3758 2513 κα-

2167 2551 2461 2618 τασκευῆς,
2490 2548 2556 2601 ἶν’
2584 2548 2884 2619 ἐπειδήπερ
2915 2548 3097 2620 συμϐῇ
3126 2552 3309 2603 πεσεῖν
3337 2550 3422 2602 διὰ
3452 2550 3547 2619 τὴν
3576 2552 3762 2622 παρὰ·

2168 2638 2350 2703 ϐασιν,
2380 2637 2537 2704 αὖθις
2575 2640 2994 2711 ἀνακτισθῶμεν
3026 2641 3115 2693 ἐπ’
3145 2641 3487 2712 αύτῷ,Ὃσον
3532 2644 3631 2713 μὲν
3662 2640 3759 2695 οὖν

2171 2737 2254 2798 είς
2282 2733 2475 2805 βουλήν
2501 2750 2560 2786 τε
2588 2734 2681 2787 καὶ
2708 2733 2966 2803 πρόθεσιν
2993 2733 3088 2789 τοῦ
3123 2735 3357 2805 Πατρὸς,
3384 2735 3478 2789 καὶ
3521 2736 3629 2807 πρὸ
3661 2736 3758 2789 τοῦ

2173 2825 2368 2888 αίῶνος
2411 2824 2752 2896 θεμελιοῦται
2787 2825 3020 2896 Χριστός
3041 2843 3055 2857 ·
3099 2827 3159 2879 τὸ
3190 2826 3246 2878 δέ
3289 2844 3352 2895 γε
3386 2827 3546 2895 ἔργον
3572 2828 3763 2897 οἰκείῳ

2172 2919 2363 2986 γέγονε
2419 2916 2615 2987 καιρῷ,
2665 2917 2837 2980 οὕτως
2890 2917 3227 2989 ἀπαιτούσης
3280 2919 3377 2990 τῆς
3426 2919 3614 2990 χρείας
3664 2918 3761 2972 τοῦ

2174 3009 2520 3081 πράγματος.
2542 3007 2943 3078 Ἀνανεούμεθα
2979 3009 3087 3079 γὰρ
3136 3009 3194 3061 ἐν
3240 3010 3460 3081 Χριστῷ
3496 3010 3638 3062 κατὰ
3668 3011 3763 3061 τὸν

2172 3102 2271 3171 τῆς
2315 3100 2609 3171 ἐπιδημίας
2657 3101 2871 3171 καιρὸν,
2905 3102 2954 3154 οἱ
2984 3102 3077 3153 καὶ
3119 3103 3286 3155 πάλαι
3340 3103 3438 3172 τῆς
3487 3101 3763 3175 σωτηρίας

482 3205 742 3263 tempore,
772 3195 839 3250 ab
865 3206 1071 3249 wterno
1108 3193 1297 3249 salutis
1330 3206 1527 3249 nostra:
1551 3195 1959 3249 t'nmlamentum
1991 3197 2064 3264 ip-

2177 3193 2337 3247 αύτὸν
2370 3192 2619 3262 θεμέλιον
2649 3194 2883 3264 ἔχοντες.

480 3302 602 3343 sum
632 3286 917 3343 habentes.

818 3417 1392 3508 ASSER'I‘IO
1464 3421 1728 3509 XVI.

487 3587 565 3642 De
603 3576 917 3642 a'tcrnitale
941 3586 1091 3647 Filii,
1132 3587 1349 3657 etquod
1383 3590 1807 3654 inseparabiliter
1851 3606 1916 3644 ea:
1946 3590 2069 3643 sub—

937 3661 1137 3711 stantia
1174 3656 1349 3713 Patris
1379 3672 1612 3713 emanat.

487 3771 729 3841 Objeclio
787 3773 1148 3836 Arianorum;
1210 3791 1366 3842 quant
1424 3791 1535 3829 saw
1581 3786 1874 3844 sequuntur
1922 3775 2068 3829 solu-

1180 3856 1366 3898 tiones.

560 3960 630 4013 At
660 3972 766 4027 quo
806 3966 984 4027 pacto,
1036 3959 1311 4028 inquiunt,
1342 3962 1510 4028 possit
1543 3975 1664 4015 esse
1709 3969 1944 4016 teter-nus
1982 3962 2071 4016 Fi-

489 4049 630 4106 lius?
654 4052 760 4104 Ant
780 4052 1073 4119 quomodo,
1092 4068 1217 4106 cum
1243 4069 1306 4105 uti
1340 4053 1498 4106 l’atre
1527 4056 1806 4121 procedat,
1832 4071 1935 4110 non
1959 4071 2075 4108 om-

490 4144 620 4200 nino
669 4143 738 4197 ab
797 4145 912 4213 ipso
974 4147 1304 4214 separetur?
1376 4145 1510 4199 Nam
1565 4148 1707 4216 quod
1770 4165 1830 4202 cx
1895 4148 2076 4215 aliquo

488 4235 767 4304 procedit,
843 4250 1071 4289 necesse
1135 4247 1219 4290 est
1280 4244 1338 4288 ut
1387 4238 1459 4291 sit
1515 4254 1640 4304 pars
1695 4238 1947 4291 espentiae
2008 4252 2073 4291 ex

488 4344 596 4396 qua
646 4327 936 4398 processit.
995 4329 1148 4395 Quod
1203 4340 1381 4383 autem
1427 4340 1739 4398 separatum
1784 4340 1868 4383 est
1895 4345 1958 4383 ac
1992 4330 2077 4381 di-

490 4421 691 4485 visum,
720 4419 972 4473 onntibns
1001 4422 1118 4475 suis
1149 4420 1394 4488 partibus
1423 4421 1691 4490 integrum
1721 4438 1841 4475 eSsc
1870 4426 2075 4493 nequit.

945 4532 1153 4587 Salutio
1183 4548 1276 4602 per
1306 4535 1622 4600 exeinplum'.

562 4663 699 4731 Quid
738 4666 900 4736 igitur
926 4665 1108 4719 dicent
1136 4664 1387 4718 accidere
1416 4665 1540 4728 soli,
1573 4667 1790 4734 quando
1818 4668 2078 4736 splendo-

491 4772 607 4812 rem
646 4774 800 4810 snnm
835 4774 899 4812 ex
939 4773 996 4812 se
1032 4757 1270 4811 emittit?
1309 4756 1447 4823 Quid
1485 4758 1617 4827 igni,
1669 4774 1730 4811 ex
1777 4774 1885 4829 quo
1926 4761 2076 4815 Calor

491 4851 767 4919 procedit?
817 4850 1278 4921 Scparationcsne
1330 4868 1392 4902 ac
1437 4849 1730 4904 divisiones
1774 4852 1825 4905 in
1866 4852 2075 4917 eiusce-

494 4942 636 4996 tnudi
684 4941 1005 4994 substantiis
1041 4939 1156 4991 tieri
1205 4940 1467 4992 censent?
1513 4940 1581 4992 At
1612 4956 1739 4994 vero
1783 4942 1863 4994 sol
1900 4959 2077 4997 nonne

495 5034 566 5087 ita
614 5032 854 5100 splendet
903 5039 962 5085 ut
1010 5028 1155 5081 nulla
1205 5031 1413 5084 ratione
1459 5032 1852 5084 imminuatur?
1894 5032 2077 5101 Neque

493 5124 638 5180 enim
674 5128 958 5193 quisquam
1000 5121 1339 5189 Splendorem
1374 5122 1620 5177 localiter
1672 5125 1739 5178 ab
1786 5140 1850 5177 eo
1896 5142 2076 5179 serer-

495 5228 627 5272 nere
658 5215 847 5282 possit.
884 5212 963 5265 Ex
1015 5214 1139 5281 igne
1181 5226 1309 5268 vero
1349 5228 1453 5267 non
1508 5215 1798 5282 separatim
1838 5216 2073 5270 calorem

496 5308 882 5377 procedentem
915 5304 1160 5356 videmus
1189 5322 1203 5355 :
1236 5304 1327 5357 sed
1363 5316 1445 5358 est
1468 5307 1635 5374 ipsius
1662 5312 1912 5363 essentne
1937 5312 2076 5379 ignis

498 5396 725 5459 fructus,
776 5394 1209 5463 inseparabiliter
1252 5390 1414 5467 1'76
1455 5412 1519 5451 ex
1571 5399 1686 5466 ipso
1738 5404 2074 5468 procedens,

497 5489 641 5545 sicut
667 5496 722 5542 et
752 5486 1008 5556 splendor
1052 5502 1082 5540 e
1113 5486 1250 5545 luce.
1287 5488 1476 5559 Neque
1508 5492 1650 5545 enim
1690 5492 1865 5548 luntcn
1898 5497 2080 5550 subsi-

499 5589 647 5636 stere
680 5588 864 5648 potest
894 5579 1099 5646 absque
1133 5579 1454 5649 splendore;
1491 5599 1663 5651 neque
1704 5585 1843 5654 ignis
1877 5589 2081 5657 absque

501 5672 555 5725 vi
582 5664 954 5726 calefaciendi.
988 5669 1212 5740 Semper
1234 5674 1378 5728 enim
1411 5675 1786 5731 adhwrescunt
1812 5691 1863 5731 et
1884 5681 2078 5733 adnata

501 5775 631 5820 sunt
676 5765 807 5833 ipsis
862 5766 1179 5822 substantiis
1223 5784 1344 5837 qua:
1400 5784 1463 5822 ex
1520 5770 1587 5825 iis
1631 5770 1945 5835 gignuntur.
2000 5773 2077 5827 ita

2655 3408 3019 3495 ΛΟΓΟΣ
3096 3408 3217 3497 Ιίῖ
3359 3426 3378 3448 ⁸

2172 3590 2307 3659 Περὶ
2347 3588 2682 3656 ἀϊδιότητος
2714 3589 2873 3649 Υἱοῦ,
2927 3588 3027 3643 καὶ
3056 3590 3145 3642 ὅτι
3175 3590 3510 3659 ἀμερίστως
3541 3589 3775 3659 προῆλς

2468 3662 2573 3713 θεν
2596 3659 2664 3713 ἐκ
2692 3658 2802 3728 τῆς
2833 3662 3049 3727 οὐσίας
3083 3660 3188 3714 τοῦ
3216 3664 3465 3728 Πατρός.

2187 3771 2509 3838 Ἀντίθεσις
2536 3772 2856 3841 Ἀρειανῶν
2878 3791 2891 3804 ’
2919 3775 3072 3842 πρὸς
3098 3774 3178 3843 ἢν
3199 3778 3259 3829 αἱ
3277 3778 3490 3841 λύσεις
3514 3778 3757 3846 ἑφεξῆς.

2246 3949 2358 4002 Καὶ
2389 3948 2505 4012 πῶς
2549 3948 2616 4002 ἂν
2648 3947 2889 4014 δύναιτο,
2927 3949 3111 4018 φασὶν,
3142 3948 3310 4011 ἀΐδιος
3358 3942 3495 4001 εἶναι
3542 3949 3570 4000 ὁ
3607 3949 3768 4013 Υίός;

2177 4042 2293 4105 πῶς
2326 4040 2385 4093 δὲ
2427 4040 2704 4112 προελθὼν
2748 4042 2813 4094 ὲκ
2861 4041 3093 4111 Πατρὸς,
3128 4042 3189 4093 οὺ
3225 4041 3443 4102 πάντως
3476 4039 3645 4092 αὐτοῦ
3677 4041 3772 4091 καὶ

2180 4134 2509 4205 μεμέρισται
2532 4150 2546 4198 ;
2576 4134 2648 4186 Τὸ
2676 4133 2784 4203 γὰρ
2814 4132 2876 4185 ἐκ
2903 4150 3049 4196 τινος
3077 4131 3359 4204 προελθὸν,
3393 4133 3559 4203 μέρος
3589 4132 3658 4184 ἂν
3680 4133 3767 4198 εἴη

2178 4227 2277 4297 τῆς
2305 4227 2513 4291 οὐσίας,
2541 4227 2633 4296 ἀφ’
2668 4222 2735 4297 ἦς
2765 4233 2859 4279 καὶ
2887 4224 3244 4296 προελήλυθε.
3268 4223 3342 4277 Τὸ
3370 4224 3426 4276 δὲ
3459 4222 3608 4286 ἅπαξ
3634 4224 3773 4275 ἁπο-

2182 4320 2458 4390 μερισοὲν,
2488 4319 2587 4372 οὐκ
2622 4318 2687 4372 ἂν
2716 4318 3008 4390 ὁλόκληρον
3041 4314 3180 4372 εἶναι
3215 4319 3403 4371 νοοῖτο.

2536 4528 2632 4593 Ἐξ
2672 4527 3108 4596 ὑποδείγματος
3145 4528 3185 4595 ἠ
3223 4526 3424 4591 λύσις.

2252 4666 2317 4717 Τί
2354 4661 2447 4717 οὖν
2496 4663 2604 4736 ἄρα
2637 4666 2862 4733 φήσουσι
2918 4662 3238 4733 συμϐαίνειν
3287 4663 3413 4732 περὶ
3455 4663 3546 4714 τὸν
3596 4661 3773 4731 ἥλιον.

2181 4760 2311 4812 ὅταν
2344 4758 2607 4831 ὲκπέμπῃ
2654 4758 2712 4809 τὸ
2764 4756 2895 4810 ἴδιον
2946 4755 3322 4825 ἁπαύγασμας
3359 4755 3401 4806 Τ
3409 4754 3423 4807 ί
3463 4753 3518 4806 δὲ
3552 4757 3684 4824 περὶ
3712 4757 3774 4809 τὸ

2184 4852 2294 4924 πῦρ
2322 4852 2601 4920 νομίζουσι
2644 4849 2911 4919 γίνεσθαι,
2943 4851 3072 4903 ὅταν
3107 4850 3166 4913 ea
3205 4848 3399 4901 ἑαυτοῦ
3429 4848 3528 4918 τὴν
3558 4848 3775 4918 θερμα-

2185 4943 2305 5015 σίαν
2337 4944 2633 5014 ὲκπέμπῃ;
2667 4942 2986 5012 Μερισμοὺς
3016 4937 3123 5011 ἆρα
3146 4942 3239 4995 καὶ
3261 4938 3546 5002 ἀποκοπὰς
3573 4941 3630 4991 ἐν
3652 4943 3775 5003 ταῖς

2182 5033 2461 5097 τοιαύταις
2493 5035 2703 5096 οὐσίαις
2750 5032 3192 5101 ὑπολαμϐάνουσι
3240 5030 3518 5098 γίνεσθαι;
3552 5030 3665 5082 Καὶ
3696 5030 3776 5098 μὴ

2183 5128 2388 5198 λάμπει
2414 5127 2513 5196 μὲν
2535 5129 2561 5178 ὁ
2586 5126 2736 5194 ἣλιος
2763 5123 2882 5176 κατ’
2899 5123 3087 5176 οὐδένα
3115 5122 3315 5192 τρόπον
3340 5119 3738 5189 ἐλαττούμενος
3761 5134 3777 5184 ;

2183 5219 2354 5273 Διέλοι
2404 5219 2446 5272 δ’
2474 5217 2540 5270 ἂν
2569 5216 2745 5279 οὐδεὶς
2793 5213 3035 5276 τοπικῶς
3067 5213 3128 5266 τὸ
3154 5211 3497 5282 ἀπαύγασμα
3543 5211 3640 5263 ἀπ’
3672 5211 3780 5263 αύ-

2184 5311 2297 5365 τοῦ.
2318 5311 2450 5363 Ἀπὸ
2475 5309 2531 5362 δέ
2561 5327 2623 5377 γε
2663 5308 2756 5363 τοῦ
2789 5307 2979 5379 πυρὸς,
3010 5308 3070 5359 οὐ
3101 5307 3521 5381 μεμερισμένως
3552 5304 3783 5374 ὁρῶμεν

2185 5404 2281 5474 τὴν
2300 5402 2601 5475 θερμασίαν
2633 5401 3019 5471 ὲκτρέχουσαν,
3052 5399 3169 5453 ἀλλ’
3192 5398 3304 5451 ἐστι
3338 5401 3436 5467 τῆς
3470 5395 3565 5447 τοῦ
3601 5396 3784 5461 πυρὸς

2186 5497 2370 5558 οὐσίας
2416 5494 2625 5565 καρπὸς
2658 5494 2973 5563 ἁμερίστως
3008 5493 3065 5558 ἐξ
3112 5492 3280 5561 αὐτῆς
3318 5490 3554 5562 προῖὼν,
3583 5487 3784 5558 ὥσπερ

2188 5590 2280 5643 καὶ
2303 5588 2364 5640 τὸ
2395 5586 2734 5656 ἀπαύγασμα
2760 5586 2855 5639 τού
2882 5587 3080 5654 φωτός.
3108 5587 3217 5638 Καὶ
3245 5585 3343 5637 οὐκ
3374 5582 3438 5636 ἂν
3466 5584 3548 5652 εἴη
3573 5582 3635 5634 τὸ
3658 5582 3785 5650 φῶς

2189 5697 2315 5732 ποτε
2352 5679 2516 5749 χωρὶς
2546 5676 3004 5746 ἀπαυγὰσματος,
3037 5676 3157 5728 οὐδὲ
3201 5675 3262 5727 τὸ
3314 5672 3422 5741 πῦρ
3458 5670 3627 5741 χωρὶς
3680 5668 3783 5721 τοῦ

2188 5772 2519 5831 θερμαίνειν.
2541 5770 2649 5823 Ἀεὶ
2683 5769 2790 5832 γὰρ
2826 5769 3193 5832 παραπέφυκε
3220 5769 3336 5831 ταῖς
3375 5763 3652 5825 τοιαύταις
3683 5762 3786 5814 οὺ-
