3996 6408
168 421 270 476 297

1582 424 2027 485 τιιΕεΑυιιυε.

3354 434 3460 490 298

177 541 307 601 sint;
331 535 403 591 τὰ
429 535 499 603 ἐξ
529 537 723 592 αὐτῶν
742 539 1065 610 τικτόμενα.
1100 542 1257 597 Οὕτω
1286 560 1376 614 μοι
1399 544 1508 597 νόει
1534 544 1623 597 τὸν
1654 543 1778 596 Υἰον

1889 546 2052 599 etiam
2090 555 2301 601 statuas
2344 546 2540 601 Filium
2573 562 2639 602 ex
2675 547 2910 603 essentia
2952 546 3125 602 Patris
3166 551 3458 617 proceden—

182 634 245 685 ὲν.
275 632 363 699 τῆς
394 628 499 680 τοῦ
543 630 775 702 Πατρὸς
806 631 997 697 οὐσίας
1034 636 1460 706 προερχόμενον,
1492 635 1679 699 ἁῖδίως
1719 650 1776 688 τε

192 724 305 777 οντα
340 723 391 773 ἐν
434 720 624 792 αὐτῷ,
664 721 765 776 καὶ
799 723 859 777 ὲν
892 722 998 796 ἰδίᾳ
1024 725 1312 796 νοούμενον
1342 726 1659 790 ὑποστάσει,
1687 725 1778 779 καὶ

321 811 512 866 οὐδένα
559 813 782 884 τρόπον
831 814 1161 871 ἐλαττοῦνται
1191 817 1292 889 τὴν
1325 816 1421 870 τοῦ
1454 818 1663 887 Πατρὸς
1691 817 1781 870 οὐ-

196 905 312 971 σίαν,
337 904 369 973 ἢ
398 902 578 956 αὐτὸν
617 904 838 975 ταύτης
866 906 1335 979 ἀπομεριζόμενον
1353 929 1369 944 ο
1403 908 1516 962 ἀλλ’
1545 902 1685 962 εἷναί
1720 924 1779 961 τε

189 996 327 1049 αὐτὸν
362 997 422 1049 ὲν
452 995 678 1069 Πατρὶ,
707 997 808 1051 καὶ
842 995 988 1068 ἔχειν
1016 999 1073 1053 ὲν
1100 1000 1279 1069 ἐαυτῷ
1310 996 1402 1054 τὸν
1436 998 1675 1072 Πατέρα,
1706 999 1779 1064 ὼς

186 1089 265 1142 καὶ
292 1085 589 1157 ἀληθεύειν
638 1087 910 1157 λέγοντα·
949 1109 967 1142 ι
990 1090 1131 1159 Ἐγὼ
1174 1093 1233 1145 ὲν
1278 1092 1359 1165 τῷ
1401 1094 1599 1165 Πατρὶ,
1634 1093 1779 1147 καὶὸ

185 1178 354 1249 Πατὴρ
379 1180 440 1231 ἐν
469 1178 646 1248 ἐμοί·
684 1199 704 1230 ι
748 1180 844 1233 καὶ
871 1181 959 1235 διὰ
989 1181 1050 1235 τὸ
1093 1185 1193 1254 τῆς
1230 1183 1422 1248 οὐσίας
1462 1183 1780 1256 ἀπαράλλαο

180 1288 309 1331 κτον,
340 1269 512 1324 αὐτόν
546 1287 611 1324 τε
659 1271 725 1326 ἐν
770 1271 851 1344 τῷ
877 1274 1075 1344 Πατρὶ,
1106 1275 1201 1328 καὶ
1230 1276 1288 1328 ἐν
1317 1275 1467 1347 αὐτῷ
1493 1270 1780 1345 φαίνεσθαι

174 1361 258 1414 τὸν
286 1362 536 1432 Πατέρα,
561 1361 719 1415 οὕτω
768 1380 828 1416 τε
874 1363 1133 1419 δύνασθαι
1171 1365 1348 1435 λέγειν
1367 1384 1380 1398 ·
1417 1386 1436 1418 ι
1460 1367 1600 1436 Ἐγὼ
1627 1369 1720 1422 καὶ
1753 1370 1780 1421 ό

184 1453 353 1525 Πατὴρ
377 1453 436 1506 ’ἐν
466 1454 653 1523 ἐσμεν
677 1470 691 1482 “
740 1454 801 1506 Ὁ
832 1455 1098 1526 ἑωρακὼς
1126 1458 1247 1527 ἐμὲ,
1279 1456 1491 1527 ἑώρακε
1534 1459 1624 1510 τὸν
1677 1461 1783 1512 Πα-

193 1545 367 1617 τέρα.»

879 1662 1088 1717 ΛΛΛΟ.

252 1774 313 1825 Ol
353 1772 609 1841 λέγοντες
650 1772 1044 1839 ἀποκεκόφθαι
1074 1774 1172 1844 τῆς
1203 1773 1298 1828 τοῦ
1328 1773 1540 1846 nam;
1589 1776 1776 1843 οὐσίας

1883 644 2014 699 tem,
2047 634 2115 689 ab
2136 645 2338 691 aeterno
2365 637 2415 689 in
2448 636 2566 706 ipso
2591 636 2879 702 exsistere,
2915 638 3131 692 tametsi
3164 637 3216 691 in
3246 639 3462 706 ριόιη-ἱο

1882 724 2159 795 hypostasi
2208 725 2489 789 subsistat,
2521 725 2775 796 nullaque
2808 727 3015 781 ratione
3051 726 3227 782 Patris
3273 740 3462 782 essen-

1883 817 2011 871 tiam
2060 817 2418 887 imminuere,
2478 828 2572 875 aut
2620 820 2688 874 ab
2737 819 2826 874 illa
2871 818 3160 890 separari:
3194 820 3287 875 sed
3343 834 3465 877 esse

1884 907 2056 978 ipsum
2101 909 2153 964 in
2185 909 2365 977 Patre,
2401 920 2456 965 et
2482 911 2722 966 vicissim
2774 912 2986 966 Patrem
3021 912 3072 965 in
3123 925 3181 967 se
3223 913 3461 973 habere;

1882 998 2018 1053 adeo
2066 1008 2126 1054 ut
2172 1014 2298 1056 vere
2344 1000 2535 1056 dicat:
2574 1020 2592 1054 ι
2622 1001 2734 1070 Ego
2763 1002 2816 1056 in
2866 1000 3049 1065 Patre,
3101 1010 3156 1056 et
3196 1001 3358 1056 Pater
3409 1002 3463 1054 iu

1884 1104 1971 1146 me
1997 1091 2040 1123 ¹¹
2075 1109 2087 1145 :
2118 1110 2137 1143 ι
2167 1100 2223 1147 et
2263 1100 2487 1161 propter
2520 1091 2887 1148 omnimodam
2923 1078 3178 1149 essentia:
3208 1091 3461 1147 similitu‘

1881 1182 2062 1237 dinem
2102 1183 2276 1253 ipsum
2308 1171 2576 1251 in'Patre,
2607 1191 2662 1237 et
2684 1183 2899 1240 Patrem
2933 1184 2985 1238 in
3022 1184 3141 1254 ipso
3174 1186 3349 1251 cerni,
3375 1193 3458 1237 at‘

1881 1290 1986 1345 que
2036 1277 2109 1330 ita
2158 1291 2318 1345 posse
2366 1275 2587 1333 dicere:
2622 1295 2640 1329 ι
2675 1277 2786 1347 Ego
2838 1284 2895 1332 et
2940 1276 3102 1332 Pater
3151 1293 3317 1333 unum
3367 1293 3462 1334 Su-

1883 1362 2070 1422 mus“
2098 1385 2109 1421 :
2141 1366 2241 1435 Qui
2275 1368 2407 1422 vidit
2445 1383 2551 1432 me,
2586 1369 2720 1422 vidit
2744 1378 2799 1423 et
2825 1368 3041 1423 Patrem
3067 1369 3130 1421 ¹³.
3168 1389 3184 1420 ι

2561 1645 2790 1709 ALIUD.

1954 1768 2055 1834 Qui
2093 1766 2282 1822 dicunt
2337 1775 2608 1823 resectum
2637 1777 2800 1840 atque
2831 1769 3063 1825 divtsum
3112 1785 3235 1826 esse
3279 1772 3343 1826 alt
3374 1782 3464 1828 es<

194 1865 274 1918 τδν
303 1865 446 1927 Υῑὸν,
470 1864 562 1918 διὰ
587 1865 652 1918 τὸ
682 1864 746 1929 ἐξ
773 1864 950 1933 αὐτῆς
984 1864 1290 1936 προελθεῖν,
1318 1867 1415 1921 καὶ
1439 1862 1577 1921 εἴναι
1613 1869 1777 1940 μέρος

1889 1859 2056 1914 sentia
2087 1856 2265 1912 Patris
2300 1850 2517 1922 Filium,
2547 1858 2673 1928 quia
2717 1872 2782 1914 ex
2831 1858 2948 1929 ipso
2984 1860 3246 1925 procedit,
3297 1870 3466 1930 atquc

200 1955 372 2010 lori-ab»
418 1959 517 2027 οὐχ
558 1955 887 2029 ὁλόκληρον,
919 1955 1229 2024 λεγέτωσαν
1272 1958 1649 2029 ἀποκεκόφθαι
1677 1962 1773 2015 καὶ

1889 1948 2004 2004 Ideo
2033 1957 2242 2018 partem
2275 1962 2416 2013 esse,
2447 1962 2554 2003 non
2587 1961 2716 2003 vero
2744 1948 3012 2018 integrum
3046 1968 3060 2005 :
3095 1950 3278 2005 dicant
3299 1952 3460 2007 etiam

209 2046 299 2101 τοῦ
322 2048 485 2117 φωτὸς
509 2048 569 2101 τὺ
594 2047 965 2116 ἀπαύγασμα,
1004 2048 1097 2100 καὶ
1128 2047 1223 2100 τοῦ
1255 2048 1426 2120 πυρὸς
1455 2048 1554 2121 τὴν
1585 2049 1645 2114 ἐξ
1674 2050 1774 2103 αὐ-

211 2139 300 2195 τοῦ
326 2140 598 2211 προϊοῦσαν
619 2138 962 2212 θερμασίαν,
989 2138 1087 2193 καὶ
1111 2138 1206 2192 τοῦ
1229 2139 1322 2194 νοῦ
1350 2140 1442 2195 τὸν
1467 2139 1623 2209 λόγον
1642 2157 1654 2170 ·
1682 2144 1774 2195 καὶ

200 2233 539 2288 danti-madv
587 2234 676 2287 ὅτι
717 2230 865 2304 μέρη
908 2228 1087 2287 ταῦτα
1135 2230 1479 2304 διῃρημένοις
1516 2233 1634 2287 ἐστὶ
1665 2233 1773 2289 τῶν

187 2323 389 2388 οὐσιῶν,
417 2323 477 2389 ἐξ
529 2316 609 2379 ὧν
663 2323 765 2376 καὶ
814 2321 1202 2393 προέρχονται,
1244 2320 1278 2390 ἢ
1322 2322 1405 2377 ὅτι
1454 2322 1623 2395 χωρὶς
1674 2323 1773 2395 μὲν

185 2415 603 2484 ἀπυγάσματος
633 2408 711 2485 ἦν
740 2429 878 2469 ποτε
922 2414 985 2468 τὸ
1027 2414 1164 2483 φῶς,
1196 2413 1365 2487 χωρὶς
1388 2413 1445 2467 δὲ
1471 2414 1774 2486 θερμασίας

191 2507 251 2561 τὺ
278 2506 395 2578 πῦρ,
425 2506 628 2575 ἄλογος
670 2506 735 2559 δὲ
777 2507 809 2559 ὁ
844 2505 990 2569 νοῦς.
1022 2506 1133 2560 Καὶ
1157 2505 1279 2558 τότε
1310 2503 1774 2579 φανταζέσθωσαν

195 2597 394 2652 τοιαῦτά
414 2616 537 2651 τινα
565 2598 671 2651 καὶ
692 2596 829 2668 περὶ
854 2597 946 2651 τὸν
961 2595 1058 2650 τοῦ
1078 2596 1215 2650 Θεοῦ
1229 2596 1421 2665 Λόγον.
1438 2597 1503 2653 Εἰ
1520 2596 1579 2651 δὲ
1602 2595 1774 2653 ταῦτα

187 2687 383 2744 σύνεστι
405 2690 507 2761 μὲν
526 2691 627 2745 ἀεὶ
644 2692 776 2753 ταῖς
798 2689 1031 2755 οὐσίαις,
1052 2690 1146 2758 ἀφ’
1164 2683 1240 2743 ὧν
1270 2689 1367 2743 καῖ
1387 2689 1771 2761 προέρχονται,

177 2781 473 2854 ἀμερίστως
500 2782 569 2835 δὲ
593 2781 764 2835 τοῦτο
781 2779 1017 2847 ποιοῦσι,
1042 2779 1136 2835 καὶ
1161 2780 1224 2834 οὐ
1247 2782 1668 2851 κεχωρισμένως
1690 2781 1772 2851 (οὐ

181 2873 276 2945 τὰρ
306 2874 450 2946 πάθη
484 2877 594 2931 καὶ
618 2872 919 2937 ἀποκοπὰς
943 2870 1267 2944 ἐμποιοῦσιν
1297 2872 1534 2941 αὐταῖς),
1565 2871 1683 2936 πῶς
1710 2872 1771 2926 οὐ

186 2964 345 3037 πάσης
377 2966 524 3021 εἰσιν
556 2965 831 3030 ἀσεϐείας
864 2964 1121 3018 ἐπέκεινα
1148 2962 1322 3017 ταῦτα
1350 2966 1418 3035 τῇ
1450 2962 1571 3034 θεία
1614 2962 1771 3033 φύσει

192 3060 607 3127 προσάπτοντες,
637 3056 678 3113 ἃ
722 3056 862 3129 μηδὲ
903 3055 1033 3127 περὶ
1070 3055 1169 3127 τὴν
1199 3053 1311 3108 τῶν
1340 3053 1584 3124 γενητῶν
1611 3055 1773 3124 φύσιν

198 3149 413 3215 γενέσθαι
456 3150 591 3221 δοίη
634 3166 726 3212 τις
760 3149 852 3210 ἂν,
900 3149 953 3203 εί
981 3165 1046 3216 γε
1079 3146 1207 3201 νοῦν
1241 3146 1354 3216 ἔχοι
1406 3146 1501 3200 καὶ
1548 3145 1771 3217 φρονοίη

201 3240 379 3306 καλῶς
1526 3262 1531 3265 λ

872 3352 1079 3407 ΑΛΛΟ.

401 3468 495 3534 Ὠς
532 3466 614 3533 ἐξ
655 3465 1023 3530 ἀντιθέσεως
1061 3463 1179 3518 τῶν
1216 3452 1547 3533 αἱρετικῶν.

266 3599 364 3653 Καὶ
397 3601 524 3664 πῶς,
563 3598 736 3669 φασὶ,
772 3594 996 3650 δύναται
1023 3598 1053 3649 ὁ
1077 3595 1206 3660 Υἱὸς
1250 3593 1416 3655 ἀΐδιος
1465 3587 1607 3649 εἶναι
1639 3590 1780 3663 μετὰ

196 3690 411 3763 Πατρόςς
458 3691 587 3746 Καὶ
620 3690 740 3758 γὰρ
780 3688 834 3741 οί
875 3687 989 3740 τῶν
1016 3685 1322 3757 ἀνθρώπων
1371 3684 1477 3739 υἱοὶ
1499 3684 1776 3739 τίκτονται

184 3782 312 3853 μετά
354 3784 483 3847 τοὺς
532 3778 824 3850 πατέρας,
875 3777 973 3831 καὶ
1015 3776 1230 3848 χρόνοις
1274 3772 1503 3844 ὕστερον
1539 3771 1777 3841 γίνονται

178 3873 397 3939 πολλοῖς,
425 3874 539 3927 οὐκ
570 3871 733 3933 ὄντες
761 3867 896 3938 πρὶν
934 3865 1286 3938 γεννηθῆναι.
1318 3865 1443 3926 Πῶς
1473 3862 1531 3917 δὲ
1560 3861 1719 3916 πάλιν
1751 3863 1781 3915 ὁ

176 3961 295 4028 Hoc
316 3965 500 4033 Λόγος
530 3957 683 4016 εἶναι
702 3958 951 4023 δύναται,
977 3956 1012 4028 ἢ
1033 3955 1198 4011 εἰκὼν
1219 3954 1312 4009 τοῦ
1337 3953 1475 4007 Θεοῦ
1495 3969 1510 4019 ;
1534 3953 1643 4006 Καὶ
1667 3950 1778 4022 γὰρ

168 4055 196 4107 6
222 4055 329 4109 τῶν
362 4052 701 4125 ἀνθρώπων
729 4049 889 4118 λόγος
915 4046 1040 4102 οὔτε
1068 4046 1432 4111 ὲνυπόστατός
1463 4048 1634 4109 ἐστιν,
1655 4044 1780 4098 οὔτε

171 4149 304 4218 μετὰ
334 4150 400 4202 τὸ
436 4146 698 4219 ῥηθῆναι
745 4142 1019 4205 σώζεται*
1066 4142 1180 4195 ἀλλ’
1211 4140 1374 4205 εὐθὺς
1419 4143 1499 4203 είς
1526 4139 1587 4193 τὸ
1619 4138 1695 4211 μὴ
1719 4138 1781 4192 ὃν

168 4240 491 4303 ἀναλύεται,
523 4237 786 4308 σημήνας
835 4234 897 4287 τὸ
948 4233 1091 4287 κατὰ
1135 4232 1379 4286 διάνοιαν
1418 4230 1500 4301 τῷ
1531 4230 1779 4284 λαλοῦντι

165 4333 443 4404 κείμενον,
488 4330 593 4385 καὶ
640 4327 715 4381 τὰ
745 4328 804 4380 ὲν
833 4326 912 4396 τῷ
944 4325 1097 4395 βάθει
1131 4324 1229 4396 τῆς
1274 4323 1503 4395 καρδίας
1551 4338 1782 4392 φανερο-

165 4427 399 4498 ποιήσας
426 4423 723 4493 νοήματα.
1300 4479 1321 4496 ⁸

678 4527 840 4597 Πρὸς
877 4526 1054 4580 τοῦτο
1091 4525 1294 4591 λύσις.

231 4648 295 4701 El
344 4647 461 4718 μὲν
514 4642 595 4706 ὡς
643 4639 935 4712 ἄνθρωπος
970 4638 1144 4702 οὕτως
1195 4638 1312 4692 ἐστὶ
1360 4639 1454 4692 καὶ
1500 4637 1654 4703 Θεὸς,
1686 4636 1782 4692 καὶ

170 4737 325 4793 πλέον
353 4738 488 4792 τῶν
518 4736 579 4787 ὲν
614 4735 750 4804 ἡμῖν
779 4731 933 4786 οὐδὲν
966 4734 1023 4786 ὲν
1057 4730 1226 4801 αὐτῷ,
1257 4731 1529 4803 κρατείτω
1561 4731 1655 4784 καὶ
1683 4730 1777 4784 ἐπ’

175 4830 333 4885 αὐτοῦ
391 4828 481 4883 τὰ
533 4822 891 4896 ἀνθρώπιναο
941 4822 1037 4876 καὶ
1084 4821 1489 4893 προῦπαρχέτω
1519 4821 1614 4875 τοῦ
1650 4820 1782 4874 ἰδίου

177 4922 534 4993 γεννήματος
560 4914 754 4985 ὥσπερ
796 4914 892 4967 καὶ
923 4915 1116 4984 ἡμεῖς·
1153 4913 1251 4966 καὶ
1277 4913 1343 4965 ὲκ
1367 4909 1461 4966 τοῦ
1514 4911 1590 4983 μὴ
1632 4911 1786 4975 ὄντος

183 5012 307 5066 Enn)
336 5012 405 5065 τὸ
458 5007 531 5072 ἐξ
561 5005 732 5061 αὐτοῦ
762 5004 1044 5076 προελθὸν.
1077 5005 1141 5058 Ei
1171 5003 1227 5057 δὲ
1258 5001 1394 5056 πολὺ
1437 5002 1547 5057 τῶν
1587 5003 1787 5073 ἡμετέ-

192 5117 281 5171 ρων
304 5105 369 5158 τὸ
386 5103 569 5156 Θεῖον
596 5097 931 5169 ἀπῴκισται,
959 5096 1055 5149 καὶ
1081 5095 1235 5148 οὐδὲν
1261 5093 1407 5165 αὐτῷ
1440 5097 1617 5147 κοινὸν
1649 5094 1785 5167 πρὸς

186 5195 336 5264 ἡμεῖς,
364 5197 515 5250 ὅσον
544 5193 629 5255 εἰς
661 5190 754 5244 τὸν
802 5188 902 5257 τῆς
930 5186 1118 5250 οὐσίας
1144 5184 1325 5253 λόγον,
1364 5183 1480 5247 πῶς
1507 5185 1638 5238 αὐτὸ
1671 5188 1783 5250 τοῖς

177 5284 559 5358 ἀνθρωπίνοις
596 5277 1003 5348 καταδεσμοῦσι
1050 5278 1258 5339 κακοῖς,
1289 5276 1384 5329 καὶ
1428 5274 1551 5337 ταῖς
1589 5274 1785 5345 ἡμετέ-

181 5392 298 5445 ραις
331 5378 624 5443 ἀνάγκαις
672 5369 1023 5432 ὐποτιθὲντες
1069 5368 1171 5420 οὐκ
1217 5365 1598 5437 αἰσχύνονται;
1634 5365 1784 5435 Ὄσῳ

178 5468 287 5541 γὰρ
330 5468 408 5523 ἂν
457 5465 564 5537 τὴν
619 5461 912 5532 ἀνθρώπου
963 5457 1125 5528 φύσιν
1169 5455 1482 5527 ὲξὰλληται,
1512 5453 1785 5513 τοσοῦτον,

1880 2039 2222 2108 splendorem
2255 2047 2563 2109 separatum
2605 2052 2728 2093 esse
2778 2054 2808 2093 a
2846 2039 3068 2106 lumine,
3118 2049 3174 2095 et
3205 2042 3458 2098 calidita-

1885 2142 1990 2186 tem
2035 2132 2102 2189 ab
2134 2131 2278 2202 igne,
2325 2147 2356 2186 e
2381 2145 2489 2202 quo
2520 2131 2787 2202 procedit,
2818 2140 2872 2187 et
2898 2133 3124 2189 verbum
3173 2150 3201 2188 a
3234 2144 3415 2189 mente
3445 2151 3459 2186 :

1880 2223 2279 2293 ostendantquc
2325 2222 2442 2278 haec
2488 2236 2613 2279 esse
2649 2222 2939 2292 separatim
2978 2231 3162 2294 partes
3208 2224 3464 2281 substan-

1885 2319 2108 2384 tiarum,
2159 2333 2190 2374 e
2244 2317 2443 2388 quibus
2497 2315 2954 2388 procedunt;aut
3002 2316 3235 2387 probent
3279 2318 3462 2383 lumen

1881 2410 2176 2480 aliquando
2202 2410 2371 2466 fuisse
2401 2410 2606 2482 absque
2635 2410 2949 2482 splendore,
2993 2419 3088 2465 aut
3113 2410 3294 2483 ignem
3331 2411 3461 2469 abs-

1882 2511 1989 2567 que
2032 2496 2333 2563 caliditate,
2370 2506 2426 2553 et
2472 2507 2712 2554 mentem
2754 2498 2962 2569 absque
2996 2500 3184 2556 verbo.
3220 2500 3300 2556 Ae
3347 2509 3461 2557 tum

1881 2588 2099 2644 demum
2131 2603 2253 2643 cum
2292 2589 2398 2644 hoc
2430 2590 2736 2659 probarint,
2768 2591 3134 2660 imaginentur
3161 2590 3323 2646 etiam
3357 2592 3464 2648 tale

1882 2679 2163 2750 quidpiam
2193 2679 2261 2737 de
2282 2678 2464 2736 Verbo
2489 2680 2603 2737 Dei.
2635 2680 2693 2737 Si
2728 2696 2856 2738 vero
2891 2683 3007 2737 hzec
3035 2682 3222 2737 insunt
3247 2696 3464 2755 semper

1881 2770 2204 2826 substantiis
2238 2784 2270 2826 e
2303 2771 2499 2839 quibus
2527 2771 2853 2841 procedunt,
2887 2772 3132 2842 citraque
3172 2772 3335 2831 ullam
3368 2789 3461 2831 se-

1880 2862 2218 2934 parationem
2268 2861 2372 2919 hoc
2409 2871 2670 2931 praestant
2697 2861 2897 2935 (neque
2936 2864 3082 2919 enim
3134 2864 3296 2919 ullam
3327 2879 3462 2936 pas-

1880 2954 2089 3010 sionem
2111 2962 2207 3009 aut
2232 2953 2533 3010 sectionem
2564 2953 2617 3009 in
2647 2953 2728 3010 eis
2744 2953 3029 3026 efficiunt),
3054 2955 3327 3024 quomodo
3354 2972 3461 3012 non

1881 3045 1990 3100 sint
2022 3044 2280 3101 censendi
2313 3046 2664 3100 vehementer
2701 3045 2878 3114 impii,
2909 3046 3002 3115 qui
3029 3047 3227 3102 divinae
3255 3058 3464 3104 natura!

1881 3136 1971 3191 illa
2003 3135 2271 3201 tribuunt,
2299 3149 2418 3204 quae
2461 3150 2620 3190 nemo
2648 3150 2796 3191 sana:
2829 3138 3026 3191 mentis
3069 3152 3137 3195 ne
3178 3146 3462 3193 creatura-a

1802 3250 1844 3307 ρ
1883 3242 2000 3279 rum
2030 3226 2249 3297 quidem
2287 3233 2492 3280 naturae
2519 3225 2773 3281 accidere
2804 3239 2963 3295 posse
2991 3225 3264 3282 fateatur?

2558 3340 2790 3399 ALiUD.

2259 3447 2343 3507 Em
2369 3449 2660 3525 objectione
2682 3454 3074 3510 hereticorum.

1959 3588 2065 3645 Sed
2119 3589 2413 3658 quomodo,
2461 3589 2732 3657 inquiunt,
2779 3597 2957 3657 potest
3003 3586 3177 3645 Filius
3222 3600 3465 3647 aaternus

1880 3697 2001 3739 esse
2021 3695 2142 3737 cum
2167 3681 2360 3737 Patre?
2384 3681 2519 3736 Nam
2549 3679 2643 3736 ﬁlii
2672 3680 2950 3737 hominum
3002 3690 3303 3737 nascuntur
3341 3691 3465 3753 post

1883 3787 2011 3831 suos
2055 3783 2327 3843 parentes,
2377 3772 2659 3843 multoque
2703 3781 2824 3842 post
2858 3781 3102 3842 tempore
3149 3773 3305 3839 ﬁunt,
3354 3786 3462 3828 non

1881 3864 2209 3920 exsistentes
2238 3863 2555 3933 priusquam
2595 3863 2749 3918 fiant.
2790 3863 2900 3918 Aut
2945 3877 3054 3933 quo
3102 3871 3262 3932 pacto
3291 3861 3466 3921 Filius

1882 3956 2053 4025 possit
2089 3969 2212 4010 esse
2239 3953 2497 4019 Verbum,
2529 3960 2625 4008 aut
2677 3952 2855 4023 imago
2887 3949 3023 4009 Dei?
3055 3951 3189 4007 Nam
3236 3953 3462 4009 verbum

1882 4046 2026 4116 quod
2075 4044 2144 4099 ab
2183 4043 2497 4099 hominibus
2527 4040 2824 4112 profertur,
2867 4056 3042 4112 neque
3071 4057 3167 4110 per
3199 4056 3260 4097 se
3286 4042 3465 4098 subsi-

1883 4136 1997 4202 stit,
2035 4146 2212 4203 neque
2243 4140 2530 4201 postquam
2570 4128 2843 4200 prolatum
2873 4140 2959 4186 est
2989 4139 3189 4195 manet,
3220 4131 3315 4185 sed
3344 4141 3461 4185 sta-

1887 4224 1980 4278 tim
2024 4223 2079 4278 in
2116 4220 2342 4276 nihilum
2375 4221 2676 4286 evanescit,
2721 4234 2845 4275 eum
2887 4219 3177 4289 explicarit
3205 4222 3350 4300 quod
3378 4221 3465 4278 Iov

1883 4331 2056 4387 quens
2082 4323 2263 4371 mente
2284 4322 2629 4385 conceperat,
2654 4327 2890 4383 eumque
2915 4312 3274 4384 cogitationes
3295 4314 3463 4371 animi

1885 4406 2223 4478 patefecerit.
3442 4400 3449 4410 ’

2390 4517 2596 4574 Salutio
2635 4519 2967 4590 objectiom'a.

1961 4635 2020 4693 Si
2048 4634 2191 4690 Deus
2229 4633 2452 4704 perinde
2484 4642 2566 4688 est
2599 4641 2766 4703 atque
2812 4633 3004 4697 homo,
3039 4632 3198 4713 177
3227 4632 3468 4703 nihilque

1887 4726 2124 4798 amplius
2171 4724 2224 4779 in
2257 4737 2322 4778 eo
2372 4731 2455 4779 est
2483 4737 2646 4797 quam
2686 4723 2738 4777 in
2786 4723 2986 4779 nobis:
3031 4722 3266 4777 humana
3298 4724 3472 4779 etiam

1887 4818 1942 4873 in
1965 4818 2084 4888 ipso
2118 4816 2298 4871 locum
2335 4815 2593 4879 habeant,
2641 4820 2695 4869 et
2726 4811 2841 4883 ipse
2884 4825 3101 4882 quoque
3138 4812 3288 4880 prior
3316 4816 3467 4869 exsiiv

1887 4918 1999 4966 stat
2025 4906 2165 4963 Filio
2197 4920 2319 4970 suo,
2352 4917 2411 4960 ut
2438 4918 2562 4969 nos,
2586 4914 2641 4959 et
2664 4918 2732 4963 ex
2760 4903 2931 4961 nihilo
2960 4902 3052 4973 sit,
3087 4903 3228 4973 quod
3259 4917 3326 4957 ex
3351 4903 3474 4973 ipso

1892 4997 2152 5070 procedit.
2185 4996 2254 5051 At
2286 5011 2416 5052 vero
2439 4998 2483 5052 si
2505 4995 2689 5051 Deitas
2705 4994 2863 5066 longe
2879 5007 2908 5046 a
2933 5004 3115 5048 nostra
3147 5002 3339 5048 natura
3359 4994 3467 5048 dif-

1889 5089 2019 5153 fert,
2058 5088 2298 5157 nihilque
2340 5087 2390 5143 ei
2425 5086 2705 5143 nobiscum
2740 5100 3029 5143 commune
3070 5092 3175 5149 est,
3206 5092 3469 5155 quantum

1894 5181 1961 5234 ad
1990 5180 2257 5234 rationem
2286 5177 2604 5234 substantiae
2634 5180 2826 5236 attinet
2858 5195 2871 5231 :
2897 5192 3005 5248 quo
3034 5186 3192 5249 pacto
3217 5191 3339 5237 eam
3366 5178 3466 5232 bu-

1892 5271 2068 5328 manis
2118 5271 2481 5327 incommodis
2517 5280 2573 5325 ct
2617 5270 2776 5327 malis
2807 5270 3135 5341 astringunt,
3176 5276 3230 5322 et
3265 5276 3469 5323 nostra:

1892 5363 2204 5420 necessitati
2238 5362 2504 5431 subjicere
2541 5378 2649 5419 non
2686 5359 2986 5421 verentur?
3020 5357 3291 5427 Quantum
3321 5360 3468 5415 enim

1895 5455 2188 5511 humanam
2240 5462 2489 5508 naturam
2541 5452 2778 5519 excellit,
2833 5459 3037 5506 tantum
3072 5449 3235 5507 etiam
3283 5456 3468 5507 nostra

180 5555 362 5629 οἶμαι,
393 5558 493 5612 καὶ
516 5555 633 5611 τῶν
654 5553 786 5624 παρ’
810 5554 945 5623 ἡμῖν
960 5549 1100 5604 ὲοῶν
1126 5565 1184 5601 τε
1215 5547 1308 5602 καὶ
1333 5547 1512 5619 νόμων
1543 5543 1778 5616 φυσικῶν

1895 5546 2285 5602 consuetudine
2327 5554 2381 5602 et
2434 5544 2773 5601 naturalibus
2822 5543 3030 5615 legibus
3069 5551 3154 5601 est
3197 5542 3469 5629 superior:

186 5627 342 5703 ισται
371 5648 472 5704 καὶ
494 5646 762 5719 ἀμείνων.
779 5641 988 5697 Οὐκοῦν
1006 5639 1236 5711 φθαρτοὶ
1260 5638 1357 5709 μὲν
1380 5639 1562 5709 ἡμεῖς,
1581 5635 1778 5707 ἄφθαρ·

1898 5636 2008 5693 Nos
2038 5636 2222 5707 itaque
2248 5633 2632 5705 corruptibiles
2662 5651 2676 5690 :
2708 5630 2852 5690 Deus
2877 5643 3057 5689 autem
3081 5627 3471 5702 incorruptibi-

263 5822 310 5856 “
338 5820 498 5879 Joan.
530 5835 647 5888 xiv,
682 5818 772 5874 ll.
851 5817 896 5847 "
923 5815 1078 5871 Joan.
1117 5830 1174 5875 κ.
1201 5815 1293 5869 50.
1373 5814 1416 5845 ¹³
1448 5811 1604 5877 Joan.
1642 5824 1778 5880 XIV,‘

604 5916 880 5982 PATROL.
925 5913 1040 5973 Gn.
1083 5908 1317 5974 LXXV.

2584 5893 2587 5899 ’
2930 5893 3108 5956 η10
