3996 6412
556 382 665 439 299

1545 384 1602 438 S.
1639 382 1909 438 CYRILLI
1952 381 2425 438 ALEXANDRINI
2467 382 2784 440 AliClllEP.

3716 387 3828 445 τοο

562 502 648 555 lis.
698 499 809 556 Nos
855 516 916 554 ex
966 501 1135 556 nihilo
1181 502 1245 556 ad
1282 514 1398 555 esse
1452 500 1683 554 traducti
1727 515 1954 553 sumus:
1989 500 2128 552 Deus

2235 519 2321 566 τος
2347 503 2403 556 65
2425 503 2453 555 6
2474 501 2627 563 Θεός.
2647 502 2738 553 Ἐκ
2763 500 2857 552 τοῦ
2892 497 2964 570 μὴ
2994 500 3143 584 ὅντρς
3177 499 3256 562 είς
3281 499 3339 552 τὸ
3365 497 3503 553 εἶναι
3531 502 3829 575 παρήχθη-

566 607 701 646 vero
739 608 953 662 semper
987 602 1036 646 et
1065 602 1202 658 erat,
1231 601 1284 646 et
1311 592 1435 646 erit.
1471 591 1653 656 Qualis
1683 607 1810 644 vero
1845 601 1928 644 est
1968 592 2012 643 is
2035 590 2126 660 qui

559 682 753 751 gignit,
797 683 954 736 talem
991 683 1153 736 etiam
1201 696 1322 736 esse
1369 690 1579 750 Oportet
1611 681 1700 750 qui
1743 695 1806 733 ex
1859 695 1923 734 co
1955 679 2126 749 gigni-

560 782 666 826 tur.
701 773 957 828 [Eternus
1009 783 1186 827 autem
1229 783 1313 827 est
1359 773 1499 826 Deus
1551 788 1613 826 ac
1645 773 1822 836 Pater,
1867 783 2128 826 mternum

565 861 740 928 itaque
811 863 968 914 etiam
1037 863 1177 929 quod
1239 877 1304 914 ex
1374 861 1488 930 ipso
1545 861 1786 930 procedit
1834 859 2038 923 lumen,
2079 871 2134 914 et

561 963 700 1018 erat,
731 963 782 1006 et
801 963 905 1008 est.
935 954 1136 1008 Aderat
1165 955 1329 1023 igitur
1352 954 1539 1008 lumini
1569 953 1839 1023 splendor.
1867 953 2131 1008 Przeterea

561 1045 783 1098 verbum
829 1046 968 1112 quod
997 1061 1062 1100 ex
1098 1046 1315 1100 homine
1347 1045 1611 1115 procedit,
1654 1045 1705 1098 in
1742 1045 1966 1098 nihilum
2001 1059 2128 1098 eva-

562 1136 757 1200 nescit,
789 1147 843 1190 et
869 1152 1046 1205 neque
1082 1137 1262 1190 vivum
1291 1145 1399 1199 est,
1435 1150 1611 1205 neque
1641 1133 1848 1189 ellicax.
1879 1134 2010 1189 Nam
2040 1136 2130 1202 qui

557 1226 686 1280 illud
711 1225 882 1296 gignit
923 1227 1086 1281 homo
1125 1244 1188 1281 ex
1225 1227 1392 1282 nihilo
1425 1237 1528 1292 est,
1573 1236 1626 1282 et
1664 1226 1996 1294 corruptioni
2032 1226 2130 1280 0b-

556 1319 772 1375 noxius.
821 1317 1053 1374 Verbum
1090 1328 1269 1373 autem
1302 1320 1396 1375 Dei
1448 1321 1628 1373 vivum
1667 1329 1770 1379 εει,
1809 1327 1862 1372 et
1897 1333 1962 1372 ex
2011 1318 2133 1372 vivo

555 1410 881 1478 procedens,
930 1420 1048 1464 erat
1095 1420 1150 1465 et
1192 1419 1274 1466 est
1311 1425 1545 1482 semper.
1592 1409 1774 1479 Neque
1815 1409 1955 1464 enim
1992 1408 2131 1463 Deus

557 1517 793 1570 unquam
844 1511 936 1556 aut
969 1511 1107 1568 erat,
1159 1511 1251 1557 aut
1301 1503 1406 1556 erit
1449 1502 1651 1572 absque
1681 1500 1878 1556 Verbo.
1928 1499 2132 1554 Idcirco

558 1593 758 1647 Paulus
789 1593 855 1648 de
891 1594 1008 1664 ipso
1041 1594 1247 1663 inquit:
1275 1614 1292 1646 ι
1328 1594 1530 1670 Vivum~
1552 1604 1633 1649 est
1669 1593 1904 1647 Verbum
1938 1592 2029 1646 Dei
2057 1601 2134 1645 at-

557 1697 665 1752 que
707 1681 894 1738 eﬂicax
920 1683 984 1738 ".
1020 1703 1037 1736 ι
1077 1683 1303 1739 Creator
1344 1685 1527 1754 itaque
1569 1693 1673 1749 est,
1722 1693 1777 1739 et
1820 1683 2000 1738 omnia
2035 1699 2132 1752 per

2235 608 2333 661 μεν
2353 609 2365 621 ο
2399 591 2485 644 ἀεὶ
2512 584 2657 659 δὲῆν
2682 588 2774 641 καὶ
2804 587 2956 642 ἔσται
2987 589 3138 652 Θεός.
3158 589 3367 652 Ὀποῖος
3396 589 3440 642 δ’
3473 591 3538 642 ἂν
3567 593 3594 642 6
3623 589 3831 646 τίκτων

2233 684 2474 753 ὑπάρχῃ,
2505 680 2743 734 τοιοῦτον
2777 676 2913 734 εἶναι
2945 680 3052 752 χρὴ
3083 681 3178 734 καὶ
3213 682 3302 734 τὸν
3337 681 3396 745 ἐξ
3442 682 3609 735 αὐτοῦ
3642 683 3832 736 τικτό-

2235 791 2413 845 μενον.
2434 775 2626 838 Ἀἲδιος
2667 773 2723 826 65
2753 775 2780 826 6
2811 774 2940 838 Θεὸς
2988 775 3079 828 καὶ
3110 775 3322 846 Πατὴρ,
3363 775 3533 829 ἀΐδιον
3578 776 3688 847 ἄρα
3733 777 3836 830 καὶ

2231 865 2291 918 τὸ
2318 865 2375 930 ἐξ
2407 865 2572 919 αὐτοῦ
2603 864 2719 935 φῶς
2751 861 2818 936 ἦν
2846 865 2937 919 καὶ
2962 865 3096 919 ἔστι.
3131 867 3302 937 Συνῆν
3329 866 3438 937 ἄρα
3475 866 3554 937 τῷ
3591 869 3732 935 φωτὶ
3765 869 3837 920 τὸ

2233 957 2590 1027 ἀπαύγασμα.
2623 957 2733 1010 Καὶ
2781 959 2809 1010 6
2860 957 2957 1027 μὲν
3001 959 3059 1023 ἐξ
3105 957 3392 1028 ἀνθρώπου
3417 959 3834 1029 προερχόμενος

2233 1048 2409 1116 λόγος,
2441 1050 2521 1111 εἰς
2545 1049 2604 1100 τὸ
2643 1047 2716 1119 μὴ
2764 1047 2822 1100 ὃν
2870 1047 3180 1108 ἀναλύεται,
3215 1048 3308 1101 καὶ
3336 1046 3459 1100 οὔτε
3493 1048 3604 1112 ζῶν
3645 1051 3826 1114 ἐστιν,

2233 1136 2357 1190 οὔτε
2387 1138 2637 1208 ἐνεργής.
2660 1138 2770 1189 Ka‘t
2798 1135 2908 1206 γὰρ
2934 1136 3028 1188 καὶ
3054 1136 3082 1187 6
3103 1134 3291 1188 τοῦτον
3319 1135 3588 1204 γεννήσας
3610 1135 3825 1206 ἄνθρω-

2234 1247 2354 1293 πος,
2386 1231 2449 1281 ὲκ
2475 1228 2567 1282 τοῦ
2599 1229 2673 1299 μὴ
2697 1228 2848 1292 ὄντος
2880 1229 2994 1281 ἐστὶ
3017 1228 3111 1281 καὶ
3146 1226 3430 1280 ὑπόκειται
3463 1227 3662 1299 φθορᾷ.
3682 1229 3742 1280 Ὀ
3767 1230 3834 1281 δὲ

2232 1320 2326 1374 τοῦ
2352 1319 2488 1374 Θεοῦ
2516 1321 2689 1388 Λόγος
2727 1318 2834 1383 ζῶν
2871 1321 2985 1372 ἐστι
3007 1334 3020 1348 ·
3054 1319 3146 1371 καὶ
3179 1319 3242 1371 ὲκ
3272 1317 3474 1381 ζῶντος
3514 1319 3833 1388 προελθὼν,

2231 1408 2299 1482 ἦν
2339 1411 2425 1464 ἀεὶ
2452 1413 2546 1464 καὶ
2578 1410 2746 1464 ἐστιν.
2772 1410 2845 1462 Ού
2875 1409 2981 1478 γὰρ
3007 1404 3096 1478 ἦν,
3130 1409 3250 1462 οὐδὲ
3281 1408 3432 1462 ἔσται
3465 1410 3616 1475 ποτὲ,
3647 1414 3836 1482 χωρὶς

2234 1505 2406 1572 Λόγου
2424 1503 2575 1566 Θεός.
2607 1502 2717 1557 Kai.
2746 1503 2874 1570 γοῦν
2899 1503 2927 1554 6
2955 1500 3168 1564 Παῦλός
3197 1518 3329 1571 φησι
3362 1502 3489 1572 περὶ
3513 1502 3710 1567 αὐτοῦ,
3740 1504 3831 1557 ὅτι

2240 1616 2257 1646 ι
2287 1596 2401 1648 Ζῶν
2437 1596 2466 1647 6
2498 1594 2669 1662 Λόγος
2697 1593 2789 1646 τοῦ
2818 1591 2953 1646 Θεοῦ
3006 1594 3100 1645 καὶ
3139 1593 3386 1662 ἐνεργής.
3424 1611 3442 1643 ι
3479 1595 3834 1665 Δημιουργὸς

2233 1681 2364 1750 γοῦν
2391 1683 2528 1742 ἐστι,
2557 1680 2652 1734 καὶ
2682 1680 2857 1733 πάντα
2885 1668 3075 1748 γέγονε
3102 1680 3170 1734 δι’
3194 1680 3380 1745 αὑτοῦ,
3413 1683 3506 1734 καὶ
3527 1683 3701 1754 χωρὶς
3729 1683 3834 1738 αὖ·

559 1775 731 1844 ipsum
763 1775 903 1832 facta
944 1785 1090 1842 sunt,
1124 1785 1178 1831 et
1204 1777 1321 1831 sine
1355 1777 1471 1846 ipso
1504 1776 1702 1832 factum
1735 1785 1817 1831 est
1851 1776 1981 1830 nihil
2009 1776 2070 1828 η.
2107 1795 2124 1827 ι

2235 1772 2324 1825 τοῦ
2356 1771 2571 1839 ἐγένετο
2598 1770 2720 1823 οὐδὲ
2746 1770 2824 1823 ἓν.

1225 1888 1456 1947 ALIUD.

930 2003 1012 2058 Ex.
1051 2005 1335 2073 objections
1361 2007 1754 2061 haereticorum.

627 2133 741 2188 Non
768 2143 873 2199 est,
915 2135 1190 2205 inquiunt,
1231 2135 1485 2192 Christus
1529 2138 1712 2192 innata
1740 2147 1900 2208 atque
1935 2139 2131 2194 mexsi-

553 2233 705 2280 stens
727 2224 833 2279 Deo
863 2226 1099 2294 potentia
1129 2241 1190 2282 ac
1215 2229 1503 2296 sapientia,
1537 2231 1631 2284 sed
1662 2229 1878 2286 diversa
1910 2231 2128 2301 quidem

555 2323 641 2371 est
686 2315 797 2380 illa,
839 2317 904 2371 de
950 2332 1054 2386 qua
1105 2317 1306 2373 Paulus
1338 2319 1600 2387 inquit“,
1634 2320 1856 2377 lEterna
1885 2329 2004 2391 ejus
2033 2339 2130 2392 po-

554 2407 725 2462 tentia
769 2415 823 2462 et
866 2407 1042 2463 deitas
1078 2429 1090 2464 :
1124 2409 1266 2465 alius
1310 2425 1441 2466 vero
1475 2411 1544 2465 ab
1579 2412 1680 2466 hac
1729 2423 1813 2466 est
1858 2412 2127 2481 Christus,

551 2498 780 2568 aliaeque
831 2499 1012 2555 multae
1059 2515 1180 2555 eum
1237 2501 1356 2570 ipso
1409 2511 1702 2571 potestates
1750 2513 1803 2558 et
1852 2505 2132 2573 sapientia:

554 2590 861 2659 appellatas.
896 2585 1058 2661 Atqui
1113 2592 1294 2647 innata
1342 2609 1406 2649 ac
1443 2610 1572 2650 vera
1621 2595 1714 2650 Dei
1769 2599 2006 2665 potentia
2046 2609 2130 2654 est

552 2682 790 2736 creatrix
826 2684 1243 2749 universorum;
1280 2688 1360 2742 hae
1393 2703 1520 2743 vero
1555 2689 1624 2743 ab
1652 2691 1763 2759 ipsa
1793 2691 1952 2746 facta:
1978 2703 2125 2758 sunt,

551 2773 768 2827 tametsi
821 2773 1020 2827 eximia
1075 2774 1323 2843 quaedam
1371 2777 1463 2832 Dei
1509 2781 1748 2847 potentia
1799 2797 1960 2852 supra
1999 2784 2130 2839 reli-

558 2879 694 2932 quas
725 2865 796 2919 sit
833 2864 1109 2932 Christus,
1145 2866 1348 2922 idcirco
1381 2867 1520 2924 facta
1551 2880 1608 2923 ut
1635 2871 1890 2928 virtutem
1935 2889 1999 2929 ac
2033 2891 2130 2946 po-

547 2951 778 3006 tentiam
814 2953 1014 3008 tribuat
1044 2955 1109 3010 iis
1140 2957 1228 3026 qui
1261 2971 1322 3011 ea
1355 2969 1514 3028 egent
1549 2978 1561 3013 :
1595 2969 1648 3016 et
1678 2964 1998 3032 sapientiam
2035 2970 2125 3024 det

551 3058 615 3098 ea
660 3046 960 3116 egentibus,
1006 3057 1173 3116 utque
1212 3049 1360 3117 justa
1409 3050 1604 3106 clliciat
1639 3068 1756 3123 qua:
1784 3055 1992 3122 iustitia
2035 3074 2127 3114 ca-

552 3142 694 3189 rent.
734 3133 828 3189 Est
867 3135 1070 3205 itaque,
1103 3137 1276 3202 aiunt,
1313 3140 1493 3195 innata
1529 3142 1621 3198 Dei
1651 3147 1886 3213 potentia
1921 3148 2124 3216 princi-

549 3225 639 3293 pio
661 3240 855 3282 carens
888 3236 942 3281 et
969 3243 1074 3282 non
1106 3228 1272 3297 facta,
1303 3231 1369 3285 ab
1393 3242 1595 3290 aeterno
1633 3237 1684 3290 in
1712 3235 1896 3292 Patre.
1928 3239 2128 3297 Factus

548 3324 634 3370 est
668 3325 844 3370 autem
880 3318 1132 3375 Christus
1177 3322 1334 3378 dictis
1369 3325 1433 3380 de
1477 3329 1675 3382 causis.
1727 3329 1783 3383 Si
1822 3344 1953 3385 vero
1986 3344 2126 3385 non-

551 3407 686 3460 nulli
718 3407 1037 3462 existimant
1071 3409 1346 3466 Christum
1380 3414 1555 3482 ipsum
1584 3433 1712 3473 esse
1753 3419 2000 3474 innatam
2031 3421 2125 3475 Dei

551 3498 874 3565 potentiam,
907 3501 1031 3568 quia
1059 3499 1256 3558 Paulus
1282 3506 1475 3561 scribit
1505 3522 1520 3561 :
1555 3526 1575 3560 ι
1605 3509 1856 3566 Christus
1883 3513 2124 3582 potentia

551 3585 670 3651 Dei,
713 3596 767 3642 et
822 3589 1088 3658 sapientia
1127 3591 1224 3647 Dei
1251 3593 1291 3627 ⁸³
1326 3612 1340 3650 :
1377 3614 1396 3648 ι
1428 3597 1558 3666 quid
1615 3598 1797 3654 dicent
1842 3600 2128 3657 audientes

551 3675 718 3731 Deum
774 3677 1041 3734 dicentem
1093 3682 1162 3737 de
1207 3698 1370 3739 eruca
1413 3704 1427 3740 :
1469 3705 1488 3738 ι
1521 3686 1768 3743 Potentia
1806 3689 1970 3760 1'78
2010 3707 2126 3744 mea

550 3779 743 3837 magna
771 3767 854 3822 '3?
884 3787 903 3820 ι
937 3770 1045 3824 Aut
1075 3774 1203 3842 quid
1230 3774 1458 3842 facient,
1502 3793 1624 3830 cum
1654 3777 1940 3834 Psalmista
1991 3783 2126 3836 mul-

549 3863 636 3912 tas
673 3856 770 3915 Dei
806 3861 1033 3918 virtutes
1067 3879 1130 3920 ac
1156 3868 1426 3933 potentias
1456 3877 1682 3934 statuat,
1713 3869 1900 3926 dicens
1927 3887 1941 3924 :
1978 3891 1996 3923 ι
2028 3872 2125 3928 Be-

547 3947 782 4006 nedicite
813 3951 1002 4020 Deum,
1043 3969 1231 4012 omnes
1265 3958 1521 4026 potentiae
1554 3957 1668 4026 ejus
1695 3960 1736 3991 ¹⁹
1762 3959 1785 4011 ?
1815 3978 1833 4009 ν

1055 4158 1260 4214 Salutio
1285 4158 1608 4226 objectionis.

2929 1887 3130 1941 ΛΛΛΟ.

2469 1998 2568 2063 Ὠς
2608 1996 2677 2062 ἐξ
2715 1997 3072 2065 ἀντιθέσεως
3111 1999 3228 2053 τῶν
3262 2002 3590 2071 αἱρετικῶν.

2309 2129 2422 2182 Οὐκ
2453 2128 2588 2194 ἔστι,
2621 2131 2807 2198 φασὶν,
2835 2132 2864 2183 6
2890 2131 3124 2202 Χριστὸς
3163 2133 3195 2202 ή
3249 2132 3490 2203 ἔμφυτος
3523 2135 3622 2188 καὶ
3653 2135 3831 2188 ἐνυπ-

2239 2221 2480 2290 άρχουσα
2513 2221 2590 2290 τῷ
2616 2219 2734 2291 Θεῷ
2759 2221 2991 2292 δύναμις
3035 2222 3130 2274 καὶ
3170 2222 3348 2291 σοφία,
3383 2223 3497 2277 ἀλλ’
3521 2224 3688 2295 ἑτέρα
3726 2226 3833 2295 μὲν

2239 2311 2420 2381 ἐκείνη
2453 2311 2579 2380 περὶ
2604 2307 2672 2383 ἧς
2699 2313 2794 2364 καὶ
2817 2313 2844 2363 6
2863 2311 3077 2375 Παῦλός
3107 2329 3292 2382 φησιν,
3312 2314 3346 2383 ἦ
3371 2331 3430 2366 τε
3462 2314 3634 2378 ἀΐδιος
3656 2316 3824 2369 αὑτοῦ

2237 2403 2466 2472 δύναμις
2501 2403 2595 2455 καὶ
2627 2403 2817 2473 θεότης
2837 2419 2850 2433 ⁸
2891 2403 3078 2474 ἔτερος
3116 2405 3172 2458 65
3220 2407 3351 2476 παρ’
3382 2405 3600 2479 ἐκείνην
3631 2408 3659 2460 6
3686 2409 3824 2479 Χρι-

2240 2493 2390 2556 στὸς,
2429 2493 2524 2546 καὶ
2567 2493 2752 2564 ἕτεραι
2791 2493 2982 2548 πολλώ⁸
3018 2495 3117 2548 σὺν
3162 2495 3311 2567 αὐτῷ
3341 2497 3600 2567 δυνάμεις
3632 2516 3693 2551 τε
3731 2501 3832 2553 καὶ

2230 2585 2422 2654 -σοφίαι
2465 2584 2816 2655 καλούμεναι.
2865 2586 2974 2639 Καὶ
3017 2588 3051 2655 ἠ
3091 2586 3189 2656 μὲν
3236 2588 3476 2657 ἔμφυτος
3517 2590 3687 2654 ὄντως
3730 2593 3835 2645 καὶ

2237 2675 2443 2746 ἀληθὴς
2467 2673 2559 2727 τοῦ
2590 2674 2725 2728 Θεοῦ
2759 2675 3012 2746 δύναμις,
3040 2678 3299 2750 ποιητικὴ
3333 2679 3441 2734 τῶν
3475 2680 3611 2735 ὅλων
3643 2683 3831 2736 ἐστίν·

2239 2766 2295 2819 αἱ
2334 2765 2390 2818 δὲ
2433 2765 2689 2833 γεγόνασι
2723 2767 2854 2836 παρ’
2879 2768 3070 2838 αὐτῆς,
3098 2769 3145 2821 εί
3178 2768 3270 2821 καί
3299 2785 3384 2831 τις
3420 2769 3702 2842 ἐξαίρετος
3731 2773 3832 2826 τοῦ

2238 2856 2372 2910 Θεοῦ
2397 2856 2626 2926 δύναμις
2656 2858 2807 2926 παρὰ
2856 2858 2953 2922 τὰς
2995 2859 3157 2924 ἄλλοις
3188 2861 3422 2933 ὑπάρχει
3459 2864 3714 2933 Χριστὸς,
3746 2867 3836 2928 εἰς

2237 2946 2394 3000 τοῦτο
2410 2948 2698 3018 γενομένη,
2721 2949 2806 3002 ἴνα
2828 2949 3118 3022 δυναμὼσῃ
3140 2953 3209 3007 τὰ
3224 2953 3505 3024 δυνάμεως
3523 2955 3832 3025 χρῄζοντα·

2237 3039 2322 3092 ἵνα
2371 3038 2588 3109 σοφὼσῃ
2624 3040 2692 3093 τὰ
2717 3041 2947 3111 δεόμενα
2998 3044 3290 3115 σοφισμοῦ,
3321 3047 3408 3099 ἶνα
3448 3048 3718 3121 δικαιώσῃ
3761 3052 3837 3104 τὰ

2236 3129 2580 3200 δικαιοσύνην
2620 3132 2718 3185 οὐκ
2773 3132 2983 3203 ἔχοντα.
3008 3136 3196 3189 Ἔστιν
3236 3132 3350 3202 οῦν,
3401 3141 3590 3208 φησιν,
3637 3143 3670 3210 ή
3725 3144 3836 3211 μὲν

2233 3219 2476 3289 ἔμφυτος
2500 3221 2594 3274 τοῦ
2626 3221 2762 3274 Θεοῦ
2795 3223 3024 3294 δύναμις
3053 3224 3288 3299 ἄναρχός
3309 3244 3369 3280 τε
3401 3227 3495 3280 καὶ
3527 3229 3830 3299 ἀγένητος,

2231 3308 2412 3372 ἀϊδίως
2441 3311 2500 3361 ὲν
2529 3310 2726 3381 Πατρί.
2763 3311 2957 3380 Γέγονε
2986 3313 3042 3366 65
3073 3315 3102 3366 6
3136 3314 3370 3387 Χριστὸς
3399 3318 3491 3370 ἐπὶ
3519 3322 3641 3382 ταῖς
3667 3321 3836 3391 εἰρη-

2233 3397 2422 3467 μέναις
2448 3398 2672 3462 αἰτίαις.
2702 3399 2766 3452 Et
2793 3400 2850 3453 65
2875 3399 3159 3470 νομίζουσί
3195 3419 3341 3468 τινες
3367 3405 3530 3459 αὐτὸν
3557 3401 3706 3461 εἶναι
3735 3410 3837 3464 τὸν

2229 3488 2464 3558 Χριστὸν
2494 3489 2592 3559 τὴν
2625 3487 2865 3559 ἔμφυτον
2913 3491 3007 3544 τοῦ
3057 3491 3192 3546 Θεοῦ
3226 3493 3458 3566 δύναμιν
3497 3496 3586 3549 διὰ
3618 3498 3685 3550 τὸ
3729 3517 3834 3570 γε-

2228 3581 2473 3651 γράφθαι
2510 3582 2663 3653 παρὰ
2695 3582 2894 3654 Παύλῳ
2915 3599 2929 3612 ·
2965 3603 2984 3635 ι
3014 3585 3248 3656 Χριστὸς
3291 3587 3426 3641 Θεοῦ
3467 3590 3707 3661 δύναμις
3733 3596 3834 3648 καὶ

2229 3669 2362 3722 Θεοῦ
2406 3671 2586 3740 σοφία,
2621 3690 2638 3722 ι
2685 3671 2738 3723 τε
2788 3671 2895 3743 ἄρα
2937 3673 3157 3743 ἐροῦσιν
3204 3676 3496 3742 ἀκούοντες
3537 3679 3633 3733 τοῦ
3689 3683 3830 3738 Θεοῦ

2228 3761 2482 3830 λέγοντος
2518 3763 2647 3834 περὶ
2677 3763 2777 3834 τῆς
2815 3765 3043 3835 κὰμπης
3068 3783 3080 3794 ·
3126 3787 3143 3818 ι
3167 3769 3230 3821 Ἦ
3267 3769 3497 3838 δύναμίς
3533 3789 3639 3842 μου
3667 3775 3702 3846 ἡ
3727 3793 3817 3844 με-

2227 3853 2404 3922 γάλη;
2437 3874 2455 3906 ι
2492 3855 2558 3907 Τί
2602 3854 2658 3907 65
2701 3857 2986 3928 ποιήσουσι
3021 3861 3223 3924 πολλὰς
3251 3863 3385 3916 Θεοῦ
3419 3863 3685 3935 δυνάμεις
3727 3884 3820 3938 ση-

2230 3945 2516 4014 μαίνοντος
2544 3945 2638 3998 τοῦ
2679 3947 3008 4018 Ψαλμῳδοῦ,
3048 3951 3116 4004 δι’
3141 3945 3216 4006 ὧν
3246 3970 3412 4024 φησιν
3431 3971 3446 3986 ο
3478 3975 3498 4007 ε
3531 3957 3821 4026 Εὐλογεῖτε

2225 4037 2316 4092 τὸν
2346 4037 2571 4110 Κύριον,
2599 4042 2769 4095 πᾶσαι
2802 4042 2856 4094 αἱ
2882 4042 3140 4113 δυνάμεις
3169 4046 3366 4112 αὐτοῦ;
3400 4067 3418 4098 ο

2720 4155 2867 4222 Πρὸς
2910 4155 3096 4209 ταῦτα
3132 4160 3336 4227 λύσις.

613 4267 676 4324 Si
720 4269 922 4326 ideirco
969 4272 1148 4327 factus
1195 4279 1280 4327 est
1311 4271 1584 4338 Christus,
1620 4281 1676 4326 ut
1703 4273 1997 4342 justitiam,
2037 4290 2125 4330 sa-

2298 4267 2360 4320 Εί
2401 4266 2489 4320 διὰ
2535 4265 2694 4319 τοῦτο
2737 4266 2962 4334 γέγονεν
2994 4269 3020 4320 ὁ
3045 4269 3301 4338 Χριστὸς,
3337 4271 3424 4325 ἵνα
3453 4272 3722 4346 δικαιώσῃ
3753 4280 3828 4330 τὰ

543 4362 827 4432 pientiam,
866 4364 1120 4419 virtutem
1161 4364 1277 4418 sive
1309 4364 1605 4433 potentiam
1640 4363 1904 4435 largiatur
1936 4366 2002 4420 iis
2029 4367 2122 4436 qui

2235 4358 2574 4429 δικαιοσύνης
2617 4358 2867 4429 δεόμενα,
2896 4360 2982 4413 ἵνα
3022 4360 3244 4434 σοφὼσῃ
3277 4362 3343 4416 τὰ
3389 4365 3619 4434 δεόμενα
3664 4386 3828 4440 σοφι-

544 4454 783 4526 indigent
813 4473 826 4511 :
860 4471 956 4511 nos
992 4469 1122 4526 ergo
1186 4469 1351 4510 causa
1425 4469 1615 4510 sumus
1659 4469 1754 4510 cur
1801 4457 1914 4522 ipse
1947 4456 2126 4512 factus

2235 4449 2389 4519 σμοῦ,
2427 4450 2516 4504 ἵνα
2560 4447 2855 4521 δυναμώσῃ
2897 4449 2965 4503 τὰ
3005 4450 3287 4522 δυνάμεως
3331 4453 3624 4525 χρῄζοντα,
3653 4459 3828 4529 ἡμεῖς

542 4545 649 4611 sit;
697 4561 871 4615 neque
906 4545 1082 4600 factus
1120 4543 1312 4600 fuisset
1369 4545 1537 4600 nostri
1584 4544 1798 4608 similis,
1839 4545 1940 4598 nisi
1979 4544 2121 4599 Dens

2235 4542 2334 4613 ipa
2385 4540 2534 4612 αὑτῷ
2579 4542 2886 4611 γεγόναμεν
2925 4542 3019 4595 τοῦ
3057 4539 3197 4596 εἶναι
3243 4543 3429 4610 αίτιοι,
3473 4548 3565 4600 καὶ
3609 4550 3724 4603 οὐδ’
3754 4553 3826 4605 ἂν

545 4637 780 4704 primum
809 4634 878 4690 de
916 4633 1280 4705 producendis
1309 4634 1581 4688 creaturis
1615 4633 1928 4702 cositasset.
1964 4631 2028 4686 Et
2075 4635 2119 4688 si

2235 4632 2440 4701 ἐγένετο
2467 4631 2586 4684 καθ’
2611 4633 2778 4702 ἡμᾶς,
2810 4633 2858 4684 εἰ
2898 4632 2972 4705 μὴ
3001 4634 3134 4697 Θεὸς
3156 4635 3516 4690 ἐϐουλεύσατο
3550 4638 3823 4712 δημιουρ»

543 4731 656 4783 haec
681 4729 796 4798 ipsa
837 4737 922 4783 est
952 4724 1126 4780 nostri
1151 4739 1282 4781 usus
1308 4740 1496 4793 causa,
1529 4739 1659 4794 ergo
1698 4725 2119 4779 instrumentum

2235 4724 2387 4793 γῆσαι
2437 4721 2509 4775 τὰ
2555 4724 2778 4793 γενητά.
2813 4724 2919 4776 Ka‘t
2969 4725 3018 4777 εἰ
3053 4726 3153 4794 τῆς
3205 4727 3365 4797 ήμῶν
3408 4729 3571 4782 ἕνεκα
3623 4735 3823 4802 χρείας

537 4829 624 4874 est
654 4827 852 4875 nostra:
882 4816 1200 4882 creationis,
1226 4832 1334 4872 non
1369 4833 1435 4871 ex
1465 4816 1650 4885 seipso
1675 4815 1798 4869 talis
1827 4816 2118 4883 exsistens,

2235 4814 2396 4868 ταῦτά
2443 4817 2628 4878 ἐστιν,
2672 4815 2904 4886 ὄργανον
2947 4817 3054 4888 ἄρα
3093 4819 3192 4889 τῆς
3240 4819 3398 4889 ἡμῶν
3444 4824 3824 4896 δημιουργίας

539 4910 634 4965 sed
679 4911 749 4963 ita
780 4908 956 4963 factus
996 4916 1220 4977 propter
1267 4916 1390 4965 nos.
1445 4905 1914 4973 Quemadmodum
1957 4909 2124 4976 igitur

2235 4905 2390 4970 ἐστὶν,
2424 4904 2525 4957 ούκ
2571 4903 2632 4969 ἐξ
2669 4906 2863 4959 ἑαυτοῦ
2908 4907 3150 4972 τοιοῦτος
3194 4909 3478 4981 ὑπάρχων,
3521 4912 3642 4966 ἀλλ’
3673 4916 3825 4972 οὕτω

537 5010 763 5056 vocatur
787 4997 1055 5070 potentia,
1087 5007 1310 5066 propter
1347 5012 1409 5052 ea
1435 4997 1634 5067 quibus
1662 4999 1902 5065 potentia
1933 4997 2115 5066 datur,

2235 4993 2464 5065 γεγονὼς
2513 4995 2581 5048 δι’
2610 4993 2909 5068 ήμᾶςῖΑρ¹
2942 4995 3033 5051 οῦν
3077 4999 3266 5070 ὥσπερ
3294 5000 3540 5055 καλεῖται
3581 5004 3827 5077 δύναμις

537 5101 594 5146 et
641 5089 929 5160 sapientia,
978 5096 1202 5157 propter
1248 5100 1309 5140 ea
1352 5087 1547 5157 quibus
1580 5089 1848 5158 sapientia
1899 5088 2119 5144 confer-

2235 5089 2312 5142 sta
2357 5088 2423 5141 τὰ
2453 5089 2854 5160 δυναμούμενα,
2884 5091 2979 5143 καὶ
3026 5092 3188 5160 σοφία
3231 5092 3320 5145 διὰ
3359 5095 3426 5147 τὰ
3472 5096 3823 5168 σοφούμενα,

539 5195 627 5239 tur
672 5201 686 5238 :
727 5183 802 5238 ita
855 5179 1016 5234 etiam
1069 5178 1212 5234 ﬁlius
1259 5180 1572 5247 vocabitur,
1613 5191 1832 5252 propter
1874 5194 1970 5236 eos
2024 5181 2116 5250 qui

2235 5181 2365 5234 >ὖτω
2393 5181 2489 5234 καὶ
2523 5182 2552 5234 6
2587 5181 2710 5243 Υἱδς
2737 5181 2825 5234 διὰ
2853 5181 2921 5234 τὰ
2947 5183 3354 5255 υίοποιούμενα,
3383 5187 3476 5239 καὶ
3503 5189 3662 5242 οὐδέν
3700 5193 3823 5245 ἐστι

536 5274 675 5330 ﬁunt
703 5273 796 5327 ﬁlii
827 5292 840 5327 :
887 5269 1132 5340 nihilque
1162 5270 1268 5326 erit
1315 5275 1532 5343 proprie
1563 5289 1660 5345 per
1691 5289 1772 5343 se,
1809 5274 1904 5330 sed
1933 5273 2115 5328 omnia

2235 5273 2426 5344 κυρίως
2454 5271 2521 5325 δι’
2552 5273 2764 5335 ἑαυτὸν,
2794 5274 2971 5327 πάντα
2996 5275 3052 5327 δὲ
3078 5276 3249 5329 ταῦτα
3274 5276 3340 5331 δι’
3363 5281 3532 5348 ἡμᾶς.
3568 5283 3701 5347 Πῶς
3724 5282 3824 5339 οὖν

529 5367 653 5421 haec
693 5371 914 5434 propter
946 5375 1068 5417 nos.
1113 5359 1231 5428 Quo
1263 5374 1420 5433 pacto
1456 5365 1621 5436 igitur
1668 5365 1941 5421 constabit
1985 5363 2115 5419 illud

2235 5365 2531 5436 ςωθήσεται
2557 5365 2617 5418 τὸ
2657 5368 2716 5418 ὲν
2745 5365 2994 5437 Ψαλμοῖς
3016 5365 3274 5439 ᾀδόμενον
3293 5386 3308 5400 ·
3340 5389 3358 5421 ι
3387 5372 3562 5436 Αὐτὸς
3584 5376 3823 5446 ἐποίησε

528 5457 679 5527 quod
722 5455 774 5508 in
819 5451 1050 5509 Psalmis
1095 5455 1326 5524 canitur,
1372 5476 1392 5510 ‹
1423 5457 1543 5528 Ipse
1587 5458 1716 5514 fecit
1749 5471 1870 5523 nos,
1916 5465 1972 5511 et
2006 5471 2111 5511 non

2235 5456 2388 5526 ἡμᾶς,
2423 5455 2516 5508 καὶ
2540 5454 2638 5524 οὐχ
2665 5457 2846 5526 ἡμεῖς,
2877 5475 2895 5509 ι
2926 5457 3085 5529 εἴπερ
3122 5461 3286 5529 ἡμεῖς
3318 5461 3468 5532 αὐτῷ
3493 5463 3822 5536 δεδώκαμεν

530 5547 638 5616 ipsi
682 5559 781 5601 nos
800 5545 847 5576 '°
904 5562 924 5597 ι
967 5543 1012 5600 si
1057 5561 1155 5604 nos
1195 5547 1270 5603 illi
1320 5563 1510 5605 sumus
1562 5558 1814 5604 auctores
1854 5554 1910 5602 et
1948 5561 2111 5605 causa

2235 5544 2312 5599 τοῦ
2345 5541 2488 5600 εἶναι
2517 5545 2615 5609 τὰς
2646 5546 2859 5614 αίτίας;
2885 5549 2945 5602 Et
2979 5549 3088 5622 γὰρ
3115 5552 3208 5604 καὶ
3240 5553 3404 5616 αὐτὸς
3438 5554 3690 5622 φαίνοιτο
3718 5559 3821 5630 τῆς

607 5717 653 5751 ιδ
669 5718 832 5794 Hebr.
864 5740 938 5792 tv,
972 5723 1061 5782 12.
1146 5725 1190 5759 ¹⁸
1217 5722 1374 5782 Joan.
1409 5740 1446 5791 ι,
1476 5723 1532 5780 5.
1611 5723 1653 5756 “
1689 5721 1705 5778 Ι
1735 5723 1858 5780 Cor.
1889 5739 1928 5794 ι,
1957 5722 2048 5779 24.
2137 5722 2180 5756 ⁸⁷
2209 5721 2343 5779 lbid.

2447 5721 2490 5752 ¹⁸
2517 5719 2630 5777 Joel
2656 5737 2718 5789 ιι,
2745 5720 2836 5781 Ξὶί.
2923 5725 2965 5756 ’⁸
2995 5723 3140 5780 Psal.
3165 5741 3390 5796 chvnI,
3435 5729 3492 5781 2.

533 5802 679 5856 seu,
710 5789 762 5846 ἃ.

3581 5730 3628 5764 ⁸⁰
3659 5730 3812 5789 Psal.
