3996 6412
108 411 199 469 3M
1513 408 1951 466 TllESAURUS.

3292 417 3400 474 502

409 528 591 598 ἡμῶν
625 529 955 604 αὐτουργὸς,
982 533 1099 587 ἀλλ’
1123 535 1281 605 ἡμεῖς
1314 532 1465 603 αὐτῷ
1494 533 1725 602 γεγόνα-

1857 534 2166 591 ικείειεηιίἰῖ
2204 534 2317 589 Etst
2375 534 2519 590 enim
2558 535 2806 592 videatur
2862 538 3155 594 creatiouis
3200 551 3405 597 nostra:

124 636 217 692 μεν
257 616 347 670 τοῦ
385 610 549 671 εἶναι
579 616 662 671 τὰ
690 618 1015 690 σπέρματα,
1047 623 1144 675 καὶ
1179 620 1269 675 διὰ
1308 620 1409 691 τὴν
1449 619 1724 692 ἡμετέραν

131 710 305 784 χρείαν
338 707 611 780 ἐκτίσθη,
640 709 772 763 καθ’
806 711 1192 782 ὕμᾶς.Ὥσπερ
1216 712 1408 784 ἀμέλει
1438 711 1532 765 καὶ
1571 711 1602 764 6
1638 710 1727 763 οὐ·

142 802 296 875 ρανδς,
323 802 401 855 ἵνα
437 800 720 873 καλύπτῃ
773 802 903 866 τοὺς
952 804 1047 856 ἐπὶ
1096 804 1221 874 γῆς,
1253 803 1349 858 καὶ
1383 804 1413 856 6
1444 802 1596 874 ¹ἣλιος
1640 802 1727 857 ἴνα

142 891 282 963 φαίνῃ
304 892 409 952 τοῖς
436 890 644 959 φωτὸς
674 890 958 954 δεομένοις
980 908 993 921 ·
1029 893 1122 946 καὶ
1154 895 1188 964 ἡ
1220 893 1290 963 γῆ
1318 891 1375 945 δὲ
1402 892 1605 963 ὁμοίως
1639 892 1728 945 ἵνα

137 982 281 1052 τρέφῃ
306 982 374 1034 τὰ
395 982 634 1052 τροφῆς
662 982 925 1054 δεόμενα.
954 985 1066 1039 Καὶ
1108 985 1166 1039 τὸ
1212 984 1464 1055 περιττὸν
1488 984 1641 1039 οὐδὲν
1669 987 1727 1038 ὲν

141 1072 233 1145 ι’ιῴ
256 1073 343 1126 καὶ
372 1074 724 1146 κτίσμασιν,
754 1076 810 1129 εί
840 1093 904 1146 γε
942 1079 1040 1131 καὶ
1065 1078 1227 1142 αὐτὸς
1255 1078 1331 1142 ὡς
1361 1079 1549 1132 ἐκεῖνα
1572 1077 1727 1143 τάξιν

133 1164 230 1238 εχει
259 1167 352 1237 τὴν
377 1166 756 1240 ὕπουργικήν
777 1185 793 1202 ο
826 1168 999 1238 φεῦγε
1029 1168 1124 1223 τοῦ
1151 1170 1310 1240 λόγου
1339 1169 1440 1243 τὴν
1470 1169 1724 1226 ἀτοπίαν.

556 1464 787 1528 ΔΛΔΟ,
825 1464 896 1518 ἐκ
935 1465 1054 1520 τῶν
1089 1466 1306 1522 αὐτῶν.

220 1572 513 1643 “Qualem;
572 1575 679 1627 καὶ
728 1576 905 1641 ἄκων,
937 1577 1205 1649 αἱρετικὲ,
1235 1577 1334 1650 τὴν
1366 1578 1604 1650 ἔμφυτον
1632 1582 1730 1635 τοῦ

149 1664 267 1717 Θεοῦ
289 1667 472 1735 σοφίαν
513 1666 620 1717 καὶ
664 1665 928 1739 δύναμιν,
962 1669 1243 1742 ἀγενήτως
1275 1672 1605 1743 ἐνυπάρχειν
1637 1673 1732 1726 αὐ-

148 1759 243 1828 τῷ·
271 1760 388 1812 ὅταν
428 1754 524 1812 οὖν
574 1758 834 1831 ἀκούσῃς
862 1760 1129 1833 ἀγένητον
1153 1761 1244 1815 τὸν
1280 1762 1427 1827 Υίὸν,
1460 1763 1534 1834 μὴ
1569 1763 1731 1817 πάλιν

1826 640 1950 682 esse
1991 626 2196 697 opifex,
2232 640 2332 682 nos
2365 634 2545 682 tamen
2592 642 2779 683 sumus
2817 643 2978 683 causa
3024 639 3078 684 et
3106 631 3263 699 quasi
3311 644 3404 686 se-

1828 717 1975 772 mina
2006 717 2179 788 ipsius
2208 717 2562 783 exsistentiaa,
2601 728 2657 773 et
2685 719 2739 773 in
2775 727 3021 775 nostrum
3056 736 3213 775 usum
3247 736 3403 776 creu-

1829 818 1914 864 tus
1947 817 2055 874 est,
2093 820 2155 865 ut
2182 825 2279 866 vos
2303 810 2491 866 vultis.
2524 809 2995 876 Quemadmodum
3023 812 3255 868 fortasse
3292 826 3408 869 em-

1830 899 1939 955 lum
1970 910 2029 955 ut
2055 909 2201 972 tegat
2236 916 2330 958 eos
2354 902 2447 972 qui
2480 902 2533 956 in
2566 904 2728 959 terris
2753 912 2900 969 sunt,
2933 913 2987 958 et
3024 904 3101 959 sol
3143 914 3202 958 ut
3227 903 3407 958 luceat

1830 992 1900 1047 iis
1932 992 2023 1061 qui
2068 992 2272 1048 lumine
2318 1002 2502 1064 egent,
2549 1004 2604 1050 et
2640 1002 2783 1049 terra
2825 1006 2885 1049 ut
2932 997 3135 1050 nutriat
3175 1011 3238 1050 ea
3285 1011 3405 1065 qua:

1820 1084 2166 1141 nutrimento
2198 1085 2463 1156 indigent.
2500 1087 2677 1157 Atque
2710 1087 2785 1142 ita
2812 1087 2944 1141 nihil
2975 1088 3204 1158 amplius
3230 1088 3284 1143 in
3316 1088 3405 1143 Fi-

1833 1173 1923 1239 lio,
1968 1189 2131 1244 quam
2177 1174 2232 1229 in
2271 1176 2577 1243 creaturis;
2625 1177 2892 1247 siquidem
2936 1186 2991 1232 et
3022 1178 3138 1247 ipse
3182 1179 3407 1248 perinde

1831 1275 1992 1335 atque
2034 1265 2140 1320 illa:
2186 1266 2532 1323 ministrandi
2570 1284 2767 1323 munus
2810 1268 2970 1325 habet
3000 1288 3013 1323 :
3038 1272 3178 1340 quod
3214 1271 3266 1325 in
3299 1270 3413 1339 pri-

1832 1359 1937 1416 mis
1962 1360 2255 1416 absnrdum
2289 1369 2389 1416 est.

2338 1475 2569 1543 ALIUD,
2599 1494 2662 1532 ea:
2690 1478 2895 1533 iisdem.

1904 1588 2121 1648 Fateris
2151 1592 2311 1648 etiam
2340 1592 2564 1661 invitus,
2596 1594 2872 1660 haeretice,
2914 1594 3157 1648 innatam
3193 1595 3285 1649 Dei
3318 1565 3413 1650 sa-

1836 1684 2098 1754 pientiam
2128 1699 2193 1740 ac
2216 1684 2516 1755 potentiam
2549 1684 2846 1739 increatam
2881 1683 2932 1738 in
2962 1685 3077 1753 ipso
3100 1684 3366 1740 exsistere
3395 1706 3412 1738 :

1836 1791 1958 1832 eum
2010 1775 2179 1846 igitur
2213 1775 2406 1830 audies
2446 1774 2743 1845 ingenitum
2782 1790 2906 1831 esse
2934 1774 3154 1842 Filium,
3182 1790 3251 1831 ne
3292 1790 3409 1830 rur-

149 1846 294 1921 λέγεο
324 1850 418 1904 Δύο
443 1848 535 1906 οὖν
567 1851 843 1922 ἀγένητα.
877 1852 1056 1925 Αὐτὴν
1081 1852 1138 1906 δὲ
1168 1853 1372 1924 ταύτην
1395 1853 1491 1927 τὴν
1516 1857 1574 1908 ὲν
1613 1856 1733 1929 Θεῷ

1857 1883 1955 1921 tum
2013 1867 2202 1922 dicas:
2238 1866 2351 1921 Duo
2398 1866 2562 1937 igitur
2597 1875 2725 1920 sunt
2757 1865 3016 1937 ingenita.
3059 1864 3213 1920 Hanc
3267 1867 3415 1920 enim

164 1944 339 2012 σοφίαν
361 1945 453 1996 καὶ
475 1943 711 2012 δύναμιν
746 1943 1035 2014 ἀγενήτως
1059 1963 1119 1998 τε
1152 1946 1244 1999 καὶ
1282 1947 1525 2019 ἀχρόνως
1554 1948 1732 2021 ὑπάρ-

170 2050 359 2106 χουσαν
383 2034 701 2104 πιστεύομεν
726 2031 876 2088 εἶναι
898 2036 993 2089 τὸν
1012 2036 1165 2100 Υίὸν,
1185 2037 1244 2100 ὃς
1265 2039 1358 2090 καὶ
1384 2039 1562 2093 πάντα
1589 2040 1736 2111 δεδη-

176 2127 479 2199 μιούργηκε,
496 2126 582 2181 καὶ
600 2127 662 2180 δι’
691 2129 850 2199 ἡμᾶς
875 2127 1070 2197 γέγονε
1101 2127 1257 2199 σὰρξ,
1280 2129 1421 2183 κατὰ
1441 2131 1541 2203 τὴν
1558 2131 1736 2186 Ἰωάν-

169 2236 256 2275 νιυ
281 2221 473 2292 φωνήν.

156 2335 345 2397 MAO,
381 2334 463 2402 ὡς
494 2334 570 2388 ἐν
602 2333 970 2407 ἐρωτήσεως
1006 2336 1292 2407 σχήματι,
1313 2337 1740 2406 ἀποδεικτικὴν

707 2406 862 2475 ἕχον
898 2405 1183 2477 δύναμιν.
1561 2436 1569 2447 ι

224 2516 364 2569 Atat!
396 2517 462 2570 τὰ
508 2517 708 2571 πάντα
746 2520 777 2572 6
821 2518 1016 2591 Πατὴρ
1067 2520 1363 2591 ἐργάζεται
1409 2522 1479 2576 δι’
1507 2522 1672 2588 Υἱοῦς
1704 2523 1737 2593 ἢ

158 2608 292 2663 διατὶ
332 2610 481 2663 πάλιν
509 2612 575 2663 ἐν
623 2609 715 2681 τῷ
756 2610 904 2682 ἁγίῳ
934 2610 1271 2684 βαπτίσματι
1297 2614 1394 2668 καὶ
1431 2615 1460 2667 6
1492 2612 1622 2677 Υἱὸς
1664 2612 1742 2684 τῷ

153 2700 315 2772 Harp!
358 2701 923 2772 συγ-κατονομάζεται
950 2719 965 2769 ;
1016 2704 1171 2759 Διατί
1198 2702 1257 2758 δὲ
1293 2705 1529 2776 γενητῆς
1561 2703 1741 2774 ὑπάρ-

148 2809 248 2863 χων
266 2794 497 2863 φύσεως,
532 2793 670 2849 καθ’
707 2794 880 2865 ὑμᾶς,
908 2795 1331 2867 συναριθμεῖται
1356 2795 1434 2865 τῷ
1459 2795 1741 2860 κτίσαντι;

150 2886 235 2950 Τίς
272 2887 327 2941 δὲ
370 2886 537 2959 χρεία
580 2886 683 2941 τοῦ
716 2887 1096 2958 πεποιημένου
1140 2890 1221 2951 εἰς
1257 2887 1359 2959 τὴν
1386 2886 1493 2942 τῶν
1528 2887 1743 2943 πάντων

158 2977 409 3031 τελείωσιν
440 2979 543 3032 καὶ
584 2978 908 3049 ἀγιασμόν;
960 2977 1086 3041 Πῶς
1109 2978 1166 3032 δὲ
1203 2978 1396 3049 βοηθὸν
1430 2979 1593 3034 αὑτὸν
1625 2980 1746 3033 ἑπι-

168 3068 483 3140 κιὶοὺμεθα;
520 3069 738 3123 Καίτοι
785 3068 960 3124 πολλὰ
1007 3070 1106 3141 μὲν
1137 3070 1233 3124 καὶ
1273 3070 1437 3141 ἔτερα
1469 3070 1746 3142 κτίσματα

174 3160 394 3225 γεγονότα
430 3159 729 3228 φαίνεται,
761 3158 898 3212 ἀλλὰ
930 3159 1136 3214 τούτων
1167 3160 1320 3215 οὐδὲν
1366 3163 1448 3226 εἰς
1488 3162 1589 3233 τὴν
1636 3162 1746 3216 τῶν

1840 1959 2009 2030 ipsam
2048 1959 2100 2013 in
2143 1958 2251 2013 Deo
2291 1958 2613 2029 sapientiam
2662 1966 2717 2013 et
2743 1958 3041 2028 potentiam
3090 1957 3416 2021 iucreatam,

1839 2060 2002 2122 atque
2053 2051 2122 2106 ab
2177 2060 2381 2106 aeterno
2430 2050 2533 2120 ipsi
2587 2049 2992 2106 inessistenlem
3040 2049 3239 2104 Filium
3293 2064 3415 2105 esse

1840 2141 2132 2208 credimus,
2162 2142 2255 2211 qui
2283 2141 2465 2197 omnia
2507 2141 2735 2208 creavit,
2775 2149 2830 2196 et
2856 2148 3077 2211 propter
3111 2156 3235 2207 nos,
3260 2138 3415 2212 juxta

1838 2231 2063 2289 Joannis
2084 2246 2272 2289 vocem
2296 2233 2363 2298 “,
2396 2233 2571 2289 factus
2605 2243 2690 2290 est
2712 2249 2860 2289 caro.

1840 2343 2074 2411 ALIUD,
2121 2360 2214 2413 per
2254 2343 2740 2413 interrogationem,
2788 2341 3262 2398 demonstrationis
3313 2344 3416 2398 vim

2530 2413 2745 2468 habens.

1914 2527 2274 2595 Quamobrem
2320 2526 2480 2581 Pater
2522 2526 2703 2581 omnia
2751 2540 2848 2595 per
2891 2523 3085 2580 Filium
3131 2526 3420 2594 operatur?

1843 2628 1939 2673 aut
1973 2634 2143 2688 quare
2185 2619 2238 2672 in
2287 2627 2479 2674 sancto
2519 2616 2845 2688 baptismate
2882 2618 3043 2672 etiam
3092 2615 3263 2673 Filius
3298 2631 3420 2672 cum

1845 2707 2008 2765 Patre
2057 2708 2408 2764 nominatur?
2454 2708 2571 2776 Qua
2621 2709 2689 2764 de
2734 2720 2898 2763 causa
2944 2707 3131 2771 etiam,
3180 2722 3303 2762 cum
3353 2707 3420 2762 sit

1845 2807 2045 2855 creatae
2091 2808 2330 2865 naturae,
2373 2808 2436 2855 ut
2479 2813 2577 2854 vos
2631 2798 3428 2868 opinamini,oconnumeratur

1847 2891 2126 2948 creatori?
2168 2890 2300 2958 Quae
2353 2906 2482 2947 vero
2532 2891 2830 2948 necessitas
2881 2899 3001 2946 erat
3047 2899 3311 2945 creaturae
3360 2892 3428 2946 ad

1847 2983 2090 3038 omnium
2120 2981 2505 3052 perfectionem
2532 2965 2603 3039 ἐι
2633 2982 3163 3039 sanetiﬂcationem?
3196 2984 3305 3039 Aut
3332 2999 3430 3039 cur

1848 3075 2229 3131 auxiliatorem
2300 3085 2546 3130 nostrum
2613 3075 2969 3132 invocamus?
3023 3076 3189 3144 Atqui
3249 3074 3431 3130 multa:

1850 3167 2014 3222 etiam
2041 3166 2160 3222 alia:
2189 3176 2458 3222 creaturae
2483 3166 2641 3222 factae
2666 3176 2964 3237 apparent:
2987 3167 3151 3238 179
3170 3166 3265 3223 sed
3287 3167 3427 3223 nulla

178 3220 680 3322 εἰρημένων-χρείαν
710 3220 1206 3321 παραλαμϐάνεται
1226 3266 1241 3281 ⁸
1286 3220 1448 3321 μόνος
1478 3220 1593 3306 δὲίδ
1621 3252 1743 3316 Υἱὸς

1857 3259 2044 3314 harum
2074 3259 2142 3315 ad
2173 3259 2459 3327 praedictos
2489 3274 2623 3315 usus
2655 3220 3146 3325 accommoda-tur:
3165 3259 3257 3315 sed
3283 3258 3429 3314 solus

181 3341 251 3395 ἀεὶ
277 3343 635 3414 συνυπάρχων
668 3340 755 3413 τῷ
784 3341 980 3413 Πατρί.
1018 3343 1176 3396 Ποῖον
1215 3341 1326 3415 γὰρ
1351 3342 1464 3413 ἔχει
1494 3342 1671 3412 λόγον,
1702 3344 1743 3397 εί

1857 3345 2027 3402 Filius
2053 3360 2268 3417 semper
2285 3348 2626 3403 coexsistens
2651 3347 2822 3402 Patri.
2857 3347 3116 3414 Quaenam
3146 3346 3298 3417 igitut
3340 3360 3430 3400 ra-

187 3430 254 3503 μὴ
276 3432 656 3507 Θεὺςῦπᾶρχοι
691 3435 791 3487 καὶ
826 3432 1011 3498 αὐτὸς,
1047 3435 1125 3498 είς
1157 3434 1382 3504 κτίστην
1409 3434 1505 3488 καὶ
1548 3434 1751 3504 κτίσμα

185 3526 274 3596 τὴν
315 3527 477 3581 πίστιν
516 3525 948 3598 κυρήττεσθαι;
990 3526 1143 3580 Διατί
1190 3526 1247 3579 δὲ
1299 3525 1393 3581 καὶ
1421 3526 1753 3597 δημιουργὸς

182 3616 489 3688 ὀνομάζεται,
519 3620 576 3672 εἰ
619 3619 702 3688 μὴ
732 3616 892 3670 τοῦτὸ
914 3619 1032 3670 ἐστι
1066 3616 1209 3670 κατὰ
1241 3616 1403 3687 φύσιν
1432 3618 1570 3689 ὅπερ
1603 3617 1699 3671 καὶ
1726 3619 1753 3671 6

170 3708 366 3780 Hafﬁp;
393 3711 507 3765 Καὶ
544 3710 662 3782 μὴν
703 3708 869 3774 αὐτὸς
908 3707 1111 3779 ἔφησεν
1144 3710 1174 3762 6
1200 3707 1357 3772 Υἱός·
1402 3727 1421 3760 ι
1449 3708 1635 3763 Πάντα
1654 3710 1755 3764 ὅσα

157 3801 260 3872 ἔχει
284 3803 313 3855 6
344 3803 568 3874 Πατὴρ,
607 3800 727 3873 ἐμά
755 3802 898 3854 ἐστι.
936 3801 1121 3871 »Ἔχει
1145 3799 1201 3853 δὲ
1231 3803 1259 3854 6
1283 3800 1474 3871 Πατὴρ
1500 3800 1561 3853 τὸ
1592 3800 1753 3854 δύνα-

154 3891 269 3946 σθαι
290 3894 687 3965 δημιουργεῖν,
714 3892 877 3946 τοῦτο
906 3891 1001 3946 καὶ
1030 3893 1088 3946 ὲν
1112 3891 1227 3964 Υίῷ
1252 3891 1505 3957 σώζεται.
1523 3893 1754 3965 Ὁμοίως

150 3986 210 4040 τὸ
231 3988 513 4055 ἁγιάζειν,
555 3985 626 4040 τὸ
653 3984 875 4049 σώζειν,
908 3985 1004 4039 καὶ
1042 3985 1144 4039 ὅσα
1175 3985 1374 4057 πρέπει
1412 3986 1551 4057 Θεῷ,
1577 3988 1755 4042 πάντα

149 4078 210 4131 δι’
236 4080 389 4134 Υἱοῦ.
422 4079 678 4133 Σύνεστι
711 4076 825 4147 γὰρ
858 4076 946 4131 ἀεὶ
981 4074 1061 4147 τῷ
1095 4078 1291 4148 Πατρὶ,
1324 4076 1401 4141 ὡς
1430 4077 1508 4149 τῷ
1534 4079 1674 4147 φωτὶ
1695 4077 1756 4131 τὸ

151 4168 521 4242 ἀπαύγασμα.
571 4168 713 4233 Θεὸς
744 4170 854 4242 ἄρα
890 4167 1041 4232 Υἱὸς,
1071 4169 1133 4222 οὑ
1173 4169 1558 4241 πεποιημένος,
1584 4170 1755 4224 καθά-

153 4276 245 4333 περ
296 4263 519 4317 ἐκεῖνοι
577 4260 910 4332 ψευδόμενοι
951 4259 1226 4328 λέγουσιν,
1265 4259 1381 4313 ἀλλ’
1409 4261 1475 4314 ἐκ
1516 4261 1615 4332 τῆς
1662 4260 1755 4315 τοῦ

151 4353 354 4427 Πατρὸς
384 4354 597 4418 οὐσίας
630 4351 915 4425 προελθὼν
944 4353 1167 4423 γνήσιον
1193 4351 1456 4423 γέννημα.

679 4475 1043 4561 ΛΟΓΟΣ
1117 4473 1265 4558 ΙΖ’.

152 4632 274 4688 ὀτι
310 4635 439 4689 τῶν
472 4632 844 4701 προσόντων
891 4631 973 4698 τῷ
1032 4631 1163 4698 Υἱῷ,
1206 4632 1387 4688 οὐδὲν
1440 4632 1517 4701 τῇ
1559 4631 1754 4688 κτίσει

216 4700 527 4771 πρίσεστὶ
586 4700 883 4773 φυσικῶς-ο
944 4701 1145 4773 πάντα
1186 4701 1254 4773 δὲ
1300 4704 1369 4773 ἐκ
1408 4700 1674 4772 μετοχῆς
1713 4703 1750 4770 ἢ

214 4776 344 4828 καθ’
374 4771 688 4843 ὁμοίωσιν
730 4771 846 4838 τὴν
900 4772 1052 4840 πρὸς
1084 4772 1195 4843 τὸν
1225 4771 1470 4825 διδόντα
1496 4771 1686 4843 spoper
1722 4776 1754 4826 ὀ

215 4843 283 4897 δὲ
310 4842 454 4910 Υἱὸς
481 4848 604 4912 οὐχ
638 4842 849 4907 οὕτως.
892 4843 1106 4911 Διόπερ
1142 4842 1346 4909 ἕτερος
1376 4844 1513 4911 παρ’
1536 4842 1750 4910 αὑτήν.

222 4914 285 4967 Ei
313 4915 388 4968 δὲ
410 4914 626 4978 τοῦτο,
647 4912 761 4965 οὐκ
787 4912 901 4981 ἄρα
920 4913 1145 4980 κτίσμα
1170 4912 1364 4966 ἐστίν.

619 5042 943 5112 Ἀπολογία
978 5042 1314 5106 αὐτολεξεί.

236 5154 470 5210 Elatia:
506 5156 541 5226 ὴ
596 5153 779 5216 κτίσις
808 5153 867 5204 ὲν
920 5152 1115 5224 ἀγνοίᾳ
1156 5152 1463 5223 καθέστηκε
1515 5157 1583 5224 τῇ
1628 5155 1757 5225 περὶ

161 5243 249 5298 τὸν
283 5245 552 5316 Πατέρα,
602 5241 783 5306 οὐδεὶς
823 5242 932 5310 γὰρ
978 5237 1087 5297 οἶδε
1136 5242 1222 5304 τίς
1264 5244 1412 5295 ἐστιν
1460 5244 1489 5296 6
1523 5242 1753 5314 Πατὴρ,

161 5329 259 5389 οἶδε
283 5337 345 5389 δὲ
378 5338 546 5408 μόνος
581 5335 612 5386 6
638 5333 786 5398 Υἱὸς,
817 5335 916 5386 οὐκ
940 5333 1049 5404 ἄρα
1084 5335 1291 5405 κτίσμα
1310 5336 1592 5419 τυγχάνει.

860 5446 1064 5499 ᾹΔΛΟ.

229 5557 293 5609 ει
329 5558 502 5627 μηδὲν
532 5556 646 5610 τῶν
682 5556 986 5626 γεγονότων
1032 5558 1152 5612 ἐστὶ
1186 5558 1343 5628 φύσει
1382 5559 1536 5625 Θεὸς,
1592 5561 1758 5631 φύσει

1856 3436 1931 3490 tio
1963 3444 2067 3503 est,
2094 3436 2141 3490 si
2176 3437 2291 3505 ipse
2321 3451 2429 3491 non
2461 3436 2533 3491 sit
2565 3436 2728 3501 Deus,
2768 3436 2823 3491 in
2854 3445 3160 3491 creatorem
3189 3443 3244 3489 et
3271 3447 3428 3489 crea—

1855 3537 2030 3582 turam
2065 3526 2323 3582 credere?
2356 3526 2464 3581 Aut
2500 3540 2669 3597 quare
2705 3536 2923 3582 creator
2960 3534 3208 3593 vocatur,
3242 3529 3286 3581 si
3316 3539 3425 3581 non

1855 3628 1939 3675 est
1958 3626 2152 3673 natura
2180 3618 2231 3673 id
2260 3618 2403 3688 quod
2427 3618 2621 3673 Pater?
2646 3619 2710 3673 At
2742 3633 2871 3673 vero
2903 3617 3071 3672 Filius
3101 3618 3179 3671 ait
3204 3636 3216 3671 :
3247 3635 3265 3669 ι
3299 3616 3431 3673 Om-

1857 3711 1945 3765 nia
1990 3725 2109 3780 qua:
2143 3710 2321 3766 ‘habet
2366 3709 2526 3765 Pater
2576 3725 2694 3765 mea
2750 3717 2873 3765 sunt
2894 3709 2959 3761 “.
2993 3726 3011 3759 ι
3053 3705 3212 3763 Pater
3254 3720 3434 3763 auletn

1857 3800 2021 3855 habet
2054 3800 2367 3856 facultatem
2401 3798 2644 3864 creandi,
2677 3799 2840 3854 habet
2871 3811 3000 3868 ergo
3029 3806 3085 3851 et
3118 3795 3306 3852 Filius.
3346 3796 3435 3850 Si-

1858 3890 2063 3946 militer
2084 3901 2138 3945 et
2161 3890 2522 3953 sanetillcare,
2546 3899 2602 3945 et
2630 3903 2870 3954 servare,
2894 3899 2947 3942 et
2971 3901 3304 3957 quaecunque
3327 3887 3437 3942 Deo

1859 3984 2215 4046 conveniunt,
2257 3981 2437 4035 omnia
2470 3995 2569 4050 per
2605 3979 2828 4034 Filium.
2884 3978 3112 4047 Semper
3151 3979 3297 4032 enim
3329 3960 3434 4031 nuit

1859 4091 1981 4131 cum
2032 4075 2192 4130 Patre
2239 4072 2472 4138 exsistit,
2519 4070 2971 4140 quemadmodum
3021 4069 3280 4138 Splendor
3313 4083 3435 4123 cum

1860 4166 2088 4222 lumine.
2137 4165 2280 4219 Deus
2327 4164 2510 4231 itaque
2545 4170 2628 4217 est
2671 4160 2863 4224 Filius,
2912 4172 3017 4212 non
3056 4158 3258 4224 factus,
3299 4160 3438 4214 sicut

1861 4258 1936 4313 illi
1970 4257 2294 4312 mentientes
2324 4263 2596 4317 asserunt,
2628 4252 2722 4307 sed
2763 4249 3082 4305 naturaliter
3110 4265 3175 4305 ex
3205 4251 3439 4306 essentia

1864 4349 2039 4404 Patris
2075 4348 2326 4416 genitnen
2360 4345 2681 4417 procedens.

2158 4475 2735 4567 ASSERTIO
2806 4480 3126 4570 XVII.

1865 4629 2019 4696 Quod
2060 4644 2240 4683 eorum
2286 4643 2402 4698 qua:
2436 4625 2581 4680 Filio
2625 4627 2824 4693 insunt,
2870 4626 3002 4698 nihil
3035 4628 3314 4698 creaturis
3342 4643 3441 4679 na.

1934 4699 2186 4753 turaliter
2213 4695 2365 4759 insit,
2409 4698 2499 4750 sed
2545 4712 2605 4748 ea
2634 4713 2726 4764 per
2752 4696 3209 4763 participationem
3236 4695 3314 4748 vel
3358 4712 3433 4764 se-

1936 4770 2167 4822 cundum
2209 4767 2612 4821 similitudinem
2641 4770 2757 4834 ejus
2787 4766 2876 4834 qui
2920 4765 3009 4816 dat
3049 4765 3275 4817 habeant
3300 4779 3319 4817 :
3349 4763 3442 4816 Fi-

1934 4839 2038 4892 lius
2068 4848 2246 4891 autem
2283 4853 2385 4891 non
2417 4837 2511 4888 ita.
2555 4834 2721 4903 Atque
2743 4836 2943 4888 ideirco
2975 4835 3039 4885 ab
3076 4836 3139 4887 iis
3177 4836 3440 4887 diuersus.

1814 4949 1832 4961 ,
1936 4907 2089 4972 Quod
2123 4923 2241 4961 cum
2266 4908 2343 4961 ita
2374 4906 2466 4970 sit,
2497 4903 2700 4958 Filium
2736 4904 3039 4958 creaturant'
3070 4920 3175 4957 non
3199 4918 3332 4958 esse.

2081 5039 2330 5108 Defensio
2358 5037 2580 5107 simplex
2615 5054 2680 5092 ea:
2703 5039 2849 5106 puris
2882 5036 3224 5107 syllogismis.

1938 5153 1996 5207 Si
2029 5153 2209 5208 onmis
2256 5163 2504 5207 creatura
2538 5153 2831 5207 constituta
2881 5160 2960 5205 est
3013 5152 3065 5204 in
3104 5150 3444 5222 ignoratione

1862 5247 2062 5310 Patris,
2100 5260 2262 5301 nemo
2301 5246 2443 5301 enim
2481 5246 2628 5299 novit
2665 5245 2788 5314 quis
2826 5247 2897 5299 sit
2945 5244 3125 5307 Pater,
3173 5245 3320 5299 novit
3349 5258 3444 5298 au-

1870 5351 1975 5394 tem
2013 5338 2161 5395 solus
2190 5337 2394 5425 Filius:
2427 5352 2532 5392 non
2568 5347 2653 5391 est
2685 5351 2814 5404 ergo
2843 5346 3123 5392 creatura.

2541 5449 2769 5505 ALIUD.

1880 5596 1881 5599 η
1943 5563 2001 5618 Si
2031 5563 2166 5619 nihil
2195 5577 2386 5629 eorum
2414 5578 2535 5633 qua:
2572 5561 2716 5615 facta
2741 5568 2887 5626 sunt,
2923 5569 3007 5616 est
3055 5570 3246 5616 natura
3284 5562 3444 5627 Deus,

163 5644 216 5698 δὲ
239 5647 377 5713 Θεὸς
412 5652 442 5702 6
471 5648 623 5715 Υἱὸς,
653 5649 755 5703 οὐκ
787 5647 897 5721 ἄρα
953 5649 1061 5701 τῶν
1115 5652 1411 5721 γεγονότων
1456 5652 1624 5709 ἐστίν.
1651 5649 1743 5707 Ἷίπ

1870 5652 2041 5712 Filius
2068 5663 2252 5712 autem
2281 5666 2366 5712 ext
2391 5662 2581 5710 natura
2620 5652 2759 5709 Deus
2788 5670 2801 5706 :
2833 5666 2942 5707 non
2974 5661 3057 5708 est
3089 5653 3251 5722 igitur
3278 5666 3344 5707 ex
3379 5653 3453 5709 iis

235 5822 277 5854 "
315 5820 474 5880 Joan.
505 5840 545 5894 ι,
573 5825 657 5881 Η.
736 5827 784 5860 ’³
816 5824 973 5881 Joan.
1009 5841 1120 5894 ιιι,
1154 5827 1239 5881 15.
