3996 6418
619 415 722 474 503

1609 398 1664 451 S.
1705 393 1980 450 CYRILLI
2020 391 2492 449 ALEXANDRINI
2533 394 2855 449 ARCIIIEP.
3747 400 3830 455 3M

621 487 911 600 quat-facta
949 526 1094 575 sunt.
1127 513 1287 584 Atqui
1329 512 1372 566 si
1430 510 1654 567 ridicula
1696 511 1792 564 luit
1837 511 1982 580 prior
2010 519 2194 600 nostra

2305 511 2342 565 δ’
2365 512 2521 584 ἡμῶν
2551 511 2952 579 καταγέλαστος
2985 512 3012 562 6
3065 509 3327 581 πρότερος
3371 507 3501 577 βίος,
3540 509 3616 561 ὅτι
3645 512 3712 584 μὴ
3736 510 3833 570 οὖσι

622 598 755 681 vita,
804 612 946 682 quod
994 608 1098 663 diis
1134 605 1224 673 qui
1264 609 1457 656 natura
1512 614 1617 654 non
1664 608 1903 666 exstant,
1947 598 2200 654 servieri-

623 721 774 770 utus;
827 712 974 756 certe
1013 711 1153 752 nunc
1179 693 1350 750 mullo
1389 692 1701 748 miseriores
1735 691 1946 746 censeri
1975 691 2202 746 debere-

625 813 761 862 mus,
793 794 934 864 quod
961 803 1084 846 eum
1111 786 1204 856 qui
1249 793 1440 840 natura
1487 785 1622 838 deus
1644 798 1749 840 non
1777 783 1868 848 sil,
1908 782 2151 838 colamus
2183 800 2193 836 :

622 887 763 958 quod
797 882 1088 939 absurdum
1117 886 1216 933 est.

1290 992 1516 1048 ALIUD.

691 1117 745 1169 Si
775 1113 916 1181 quod
945 1111 1145 1164 factum
1183 1118 1287 1169 est,
1325 1107 1600 1161 diversum
1632 1114 1716 1161 est
1746 1103 1969 1159 omnino
2005 1111 2197 1156 natura

619 1210 686 1264 ab
723 1222 788 1262 eo
816 1204 958 1275 quod
1005 1200 1207 1255 factum
1257 1214 1362 1252 non
1409 1208 1510 1262 est,
1562 1213 1666 1252 non
1699 1206 1877 1268 potest
1920 1194 2201 1265 aequaliter

619 1299 764 1354 illius
787 1295 970 1366 gloria:
1012 1291 1285 1360 particeps
1315 1303 1457 1344 esse.
1499 1308 1514 1338 ι
1548 1288 1788 1342 Gloriam
1825 1287 1967 1341 enim
2002 1302 2198 1352 meam,

620 1389 817 1458 inquit,
849 1385 1004 1440 altcri
1048 1397 1152 1437 nou
1195 1381 1334 1436 dabo
1357 1381 1421 1433 ’³.
1459 1398 1476 1431 ι
1515 1380 1570 1433 Si
1603 1394 1728 1434 vero
1771 1379 2048 1448 aequaliter
2079 1393 2201 1447 par-

622 1482 794 1550 ticeps
827 1487 911 1533 est
941 1475 1110 1530 Filius
1142 1472 1366 1527 veniens
1394 1471 1449 1526 in
1483 1471 1654 1541 gloria
1702 1469 1880 1525 Patris
1913 1488 1926 1524 :
1960 1485 2067 1524 non
2117 1477 2202 1524 est

621 1574 780 1643 igitur
807 1578 1080 1633 creatura,
1107 1567 1199 1637 qui
1231 1565 1456 1621 iucreati
1490 1564 1718 1638 gloriam
1752 1563 1971 1618 indutus
2008 1570 2110 1616 est.

1193 1677 1358 1747 130
1395 1673 1628 1731 ALIUD.

694 1794 875 1850 Sacrae
930 1790 1228 1860 Scriptura!
1263 1787 1457 1844 Filium
1507 1801 1690 1841 verum
1740 1785 1906 1840 Demn
1956 1796 2198 1841 vocant:

2303 605 2464 674 φύσει
2503 606 2647 668 θεοῖς
2675 603 3092 673 ἐδουλεύσαμεν,
3119 600 3302 670 πολλῷ
3357 601 3551 670 μᾶλλον
3584 601 3670 655 νῦν
3696 606 3832 674 ἐσμεν

2301 695 2642 766 ἀθλιώτεροι,
2670 692 2749 763 τῷ
2781 692 2855 762 μὴ
2881 691 3040 760 φύσει
3090 689 3197 760 θεῷ
3247 689 3603 761 προσάγοντες
3645 691 3734 761 τὴν
3760 695 3835 747 λα.

2301 788 2508 861 τρείανο
2547 787 2713 858 φεῦγε
2746 787 2804 840 τὸ
2831 787 3049 841 ἄτοπον.

2985 993 3188 1046 ΔΑΜ).

2373 1111 2436 1162 Εἰ
2462 1111 2566 1162 πᾶν
2595 1110 2656 1161 τὸ
2676 1109 2902 1179 γενητὸν
2931 1108 3118 1178 ἕτερόν
3149 1107 3263 1158 ἐστι
3296 1105 3474 1176 πάντη
3493 1105 3582 1159 τοῦ
3609 1107 3836 1178 ἀγενήτου

2303 1203 2444 1257 κατὰ
2466 1203 2564 1273 τὴν
2599 1201 2783 1272 φύσιν,
2813 1203 2873 1254 οὐ
2895 1201 3118 1254 δύναται
3142 1199 3241 1269 τῆς
3274 1199 3485 1252 ἐκείνου
3509 1199 3657 1269 δόξης
3685 1201 3836 1271 ἰσομέ-

2300 1313 2445 1366 τρως
2479 1297 2775 1348 κοινωνεῖν.
2811 1313 2828 1343 ι
2857 1293 2966 1363 Τὴν
2995 1293 3102 1362 γὰρ
3131 1290 3288 1355 δόξαν
3335 1307 3458 1361 μου,
3496 1293 3650 1360 φησιν
3675 1293 3838 1358 ὁΘεὸς,

2303 1386 2474 1456 ἑτέρῳ
2502 1385 2563 1437 οὐ
2593 1383 2769 1439 δώσω.
2803 1404 2820 1436 ι
2866 1385 2930 1436 Ei
2958 1383 3014 1436 δὲ
3067 1384 3314 1435 κοινωνεῖ
3345 1384 3373 1434 6
3407 1381 3534 1444 Υἱὸς
3587 1377 3840 1452 ἐρχόμενος

2302 1475 2360 1527 ὲν
2391 1477 2454 1546 τῇ
2495 1473 2621 1544 δόξῃ
2647 1472 2742 1525 τοῦ
2775 1472 3007 1546 Πατρὸς,
3043 1472 3144 1524 οὐκ
3174 1472 3282 1542 ἄρα
3316 1471 3522 1542 κτίσμα
3564 1474 3699 1525 ἐστὶν
3720 1475 3744 1525 ὁ
3765 1474 3841 1542 τὴν

2301 1565 2395 1620 τοῦ
2426 1567 2684 1621 ἁκτίστου
2706 1565 2864 1630 δόξαν
2887 1563 3284 1636 ἠμφιεσμένος.

2997 1679 3199 1731 ΛΛΛΟ.

2375 1793 2505 1846 Θεὸν
2527 1791 2780 1864 ἀληθινὸν
2826 1790 3196 1844 ἀποκαλοῦσιν
3246 1791 3302 1844 ai
3357 1789 3496 1842 Θεῖαι
3547 1786 3741 1859 Γραφαὶ
3773 1787 3839 1839 τὸν

627 1898 790 1959 atque
837 1887 911 1941 ita
958 1885 1254 1940 credimus.
1300 1880 1356 1936 Si
1390 1894 1518 1935 vero
1549 1879 1808 1948 quidquid
1851 1878 2051 1933 factum
2095 1888 2198 1947 est,

2305 1885 2455 1951 Υίὸν,
2483 1885 2576 1937 καὶ
2605 1883 2746 1937 οὕτω
2781 1882 3132 1953 πιστεύομεν.
3160 1883 3220 1935 Εἰ
3253 1881 3311 1934 δὲ
3345 1882 3452 1934 πᾶν
3497 1879 3557 1932 τὸ
3593 1877 3839 1947 γενόμενον

621 1993 809 2035 recens
835 1985 915 2033 est
946 1983 1194 2046 respectu
1221 1973 1445 2029 increati
1469 1987 1483 2037 ;
1513 1986 1690 2040 neque
1715 1986 1812 2041 par
1839 1981 1922 2025 est
1953 1982 2010 2024 ut
2035 1972 2200 2025 Deum

622 2079 898 2128 recentem
948 2082 1012 2123 ac
1071 2081 1267 2122 novum
1305 2063 1591 2119 colamus:
1625 2078 1730 2117 nou
1784 2071 1868 2117 est
1911 2062 2074 2130 igitur
2114 2062 2203 2116 Fi-
2237 2074 2242 2078 ·

621 2164 725 2218 lius
759 2163 898 2217 Deus
928 2174 1139 2226 recens,
1189 2157 1394 2226 quippe
1426 2153 1518 2225 qui
1564 2163 1646 2210 est
1689 2154 1740 2210 id
1781 2154 1923 2225 quod
1959 2162 2201 2210 creatum

621 2270 727 2312 non
760 2263 864 2311 est.

1298 2359 1528 2418 ALIUD.

694 2481 753 2538 Si
783 2479 926 2552 quod
963 2486 1205 2536 creatum
1251 2485 1358 2542 est,
1389 2475 1664 2551 diversum
1693 2475 1852 2544 plane
1896 2484 1982 2531 est
2011 2476 2079 2532 ab
2121 2476 2201 2531 in-

616 2579 824 2634 creato,
869 2567 1086 2624 adorari
1145 2581 1251 2621 non
1299 2565 1482 2621 debet.
1534 2564 1726 2619 Divino
1762 2565 1904 2620 enim
1933 2576 2201 2636 praecepto

621 2665 723 2718 hoc
753 2661 979 2716 vetitum
1027 2669 1132 2716 est.
1178 2659 1237 2713 Si
1280 2671 1406 2713 vero
1434 2655 1631 2712 Filiqu
1657 2657 1909 2727 jubemur
1947 2659 2198 2725 adorare,

621 2768 727 2808 non
762 2760 941 2806 autem
979 2749 1144 2823 alium
1183 2749 1362 2814 deum,
1397 2748 1490 2820 qui
1521 2747 1591 2806 sit
1621 2758 1837 2806 creatus
1875 2768 1886 2803 :
1923 2749 2199 2806 increatus

621 2844 786 2916 igitur
813 2855 896 2901 est
921 2841 1111 2898 Filius.

1290 2951 1522 3009 ALIUD.

692 3067 748 3122 Si
779 3065 1039 3136 quidquid
1068 3064 1272 3119 factum
1315 3073 1419 3131 est,
1473 3079 1688 3121 servum
1736 3075 1818 3120 est
1851 3065 1991 3135 ejus,
2024 3081 2052 3120 a
2095 3081 2202 3137 quo

619 3160 824 3216 factum
858 3167 943 3215 est
972 3174 986 3214 :
1014 3157 1350 3227 impossibile
1381 3156 1546 3228 igitur
1581 3157 1655 3213 illi
1683 3165 1766 3213 est
1791 3158 2095 3213 libertatem
2122 3159 2199 3213 al-

622 3253 721 3308 teri
751 3249 1004 3306 conferre
1033 3263 1195 3319 quam
1231 3263 1337 3304 non
1379 3249 1561 3305 habet.
1597 3248 1654 3304 Si
1689 3259 1868 3304 autem
1908 3265 2026 3304 eam
2066 3264 2197 3307 con-

625 3344 727 3399 fert
751 3342 944 3403 Filius,
971 3353 1160 3395 servus
1186 3341 1370 3410 itaque
1405 3355 1513 3395 non
1547 3349 1652 3407 est,
1687 3341 1780 3394 sed
1809 3341 1987 3409 potius
2017 3341 2200 3397 Domi-

625 3450 726 3490 nus
751 3446 803 3489 ει
833 3436 992 3488 Deus.

1293 3545 1518 3602 ALIUD.

693 3659 749 3714 Si
782 3658 958 3714 omnis
991 3669 1241 3715 creatura
1293 3658 1395 3714 sub
1433 3666 1627 3711 natura
1655 3657 1961 3712 consistens
1995 3665 2200 3714 naturae

621 3749 718 3817 illi,
751 3751 851 3805 sub
879 3765 983 3819 qua
1018 3763 1103 3806 εει
1150 3761 1205 3804 ει
1239 3749 1378 3804 facta
1418 3756 1525 3814 est,
1559 3749 1750 3812 servit,
1804 3750 1976 3804 deitas
2017 3760 2196 3805 autem

622 3841 787 3896 libera
829 3849 930 3906 est,
970 3842 1230 3911 omnique
1259 3839 1495 3894 naturali
1545 3842 1872 3896 necessitate
1907 3843 2194 3910 superior:

621 3933 966 3987 manifestum
1021 3941 1106 3986 est
1157 3931 1326 3986 Deum
1367 3946 1470 3986 non
1519 3932 1724 3988 servire
1781 3941 2006 3988 naturae.
2062 3933 2196 3990 Cum

616 4038 742 4079 vero
775 4023 942 4079 Filius
989 4024 1061 4078 sit
1107 4025 1272 4088 Deus,
1325 4035 1471 4078 certe
1520 4033 1725 4078 naturae
1765 4024 2040 4094 subjectus
2090 4041 2196 4082 non

613 4113 736 4179 erit,
780 4112 923 4182 quod
973 4112 1244 4167 creaturis
1286 4113 1561 4182 proprium
1606 4122 1708 4168 εει.
1756 4115 1825 4167 At
1859 4113 1950 4182 qui
1997 4129 2197 4185 cogna-

616 4203 761 4258 tione
791 4203 1022 4258 naturali
1069 4217 1098 4254 a
1136 4211 1386 4257 creatura
1432 4199 1630 4265 dill‘ert,
1663 4215 1768 4270 quo
1801 4212 1957 4270 pacto
1989 4217 2096 4256 nou
2126 4202 2198 4258 sit

614 4289 844 4347 diversa:
876 4291 942 4345 ab
979 4306 1041 4344 ea
1077 4291 1320 4346 uatum?

1282 4421 1512 4480 ALIUD.

689 4535 747 4590 Si
783 4534 923 4589 nulla
959 4544 1212 4591 creatura
1254 4535 1578 4590 naturaliter
1606 4531 1960 4602 perlecteque
1988 4533 2100 4590 Deo
2130 4549 2195 4590 ac

614 4626 763 4681 Patri
801 4626 993 4682 similis
1021 4637 1127 4692 est,
1163 4627 1360 4682 similis
1390 4635 1571 4682 autem
1603 4633 1690 4682 est
1717 4624 1912 4690 Filius,
1959 4628 2094 4682 adeo
2136 4637 2196 4682 ut

614 4718 706 4786 qui
761 4733 885 4770 eutu
935 4717 1137 4782 videat,
1190 4715 1409 4772 Patrem
1467 4716 1696 4771 videat:
1739 4729 1848 4769 non
1894 4725 1980 4772 est
2037 4717 2198 4786 igitur

614 4817 888 4872 creatura,
923 4810 1014 4876 qui
1058 4809 1357 4877 perfectam
1389 4805 1803 4876 absolutamque
1835 4806 2011 4864 Patris
2043 4808 2195 4864 simi-

615 4899 896 4953 litudinem
926 4893 1121 4968 gestat.

1284 5009 1518 5091 sunt).

680 5131 741 5191 Si
790 5141 980 5184 omnes
1024 5132 1287 5182 creaturae
1347 5124 1458 5180 Deo
1509 5124 1789 5191 serviunt,
1845 5141 1952 5183 non
2008 5137 2187 5182 autem

609 5232 739 5282 sunt
777 5219 1009 5279 dominae
1053 5217 1257 5290 gloriae,
1305 5217 1474 5274 Filius
1505 5233 1632 5276 vero
1655 5233 1758 5275 non
1799 5219 1894 5286 ita,
1935 5221 2030 5278 sed
2081 5221 2185 5277 Do.

603 5317 790 5372 minus
817 5311 1003 5382 gloriae
1020 5311 1106 5365 ’δε
1141 5325 1245 5365 non
1282 5319 1366 5368 est
1403 5311 1566 5382 igitur
1603 5321 1873 5368 creatura.

1277 5423 1509 5480 ALIUD.

676 5535 738 5596 Si
760 5535 1021 5610 quidquid
1047 5551 1114 5594 ex
1141 5537 1310 5592 nihilo
1341 5538 1406 5592 ad
1439 5551 1561 5594 esse
1597 5540 1903 5596 traductum
1936 5550 2038 5608 est,
2068 5543 2181 5597 ﬁeri

2306 1977 2619 2049 πρόσφατόν
2651 1979 2799 2030 ἐστιν
2827 1975 2901 2040 ὡς
2922 1975 3060 2046 πρὸς
3117 1975 3177 2028 τὸ
3207 1975 3495 2044 ἀγένητονο
3530 1973 3623 2042 οὺχ
3651 1972 3772 2023 ὅσιον
3797 1969 3839 2019 δὲ

2303 2065 2442 2124 εἶναι
2475 2068 2609 2123 Θεὸν
2631 2069 2945 2140 πρόσφατον
2975 2070 3032 2121 ὲν
3057 2067 3211 2138 ἡμῖν,
3257 2066 3364 2119 οὐκ
3409 2064 3562 2121 ἔσται
3601 2063 3698 2134 ἄρα
3737 2060 3839 2120 Θεὸς

2302 2161 2613 2233 πρόσφατος
2645 2161 2674 2212 6
2696 2159 2842 2227 Υἱὸς,
2873 2160 3010 2229 ὅπερ
3039 2159 3154 2210 ἐστὶ
3193 2155 3253 2209 τὸ
3295 2154 3581 2226 ἀγένητον.

2989 2365 3195 2420 ΑΛΛΟ.

2372 2480 2436 2534 Ei
2459 2478 2519 2533 τὸ
2557 2478 2782 2548 γενητὸν
2818 2476 3046 2531 καθόλου
3081 2475 3271 2546 ἕτερόν
3301 2475 3420 2528 ἐστι
3468 2471 3559 2526 τοῦ
3585 2471 3833 2541 ἀγενήτου,

2301 2571 2363 2626 οὐ
2400 2571 2481 2624 δεῖ
2507 2569 2657 2642 αὐτῷ
2687 2571 3036 2642 προσκυνεῖν.
3085 2568 3465 2638 Ἀπηγόρευσε
3504 2565 3609 2636 γὰρ
3646 2561 3778 2614 τοῦτο
3798 2561 3838 2610 τὸ

2302 2665 2445 2720 θεῖον
2479 2664 2680 2732 λόγιον.
2725 2663 2787 2716 Ei
2819 2662 2876 2716 δὲ
2929 2662 3008 2733 τῷ
3055 2659 3168 2731 Υἱῷ
3223 2657 3678 2732 προστασσόμεὼι
3713 2669 3839 2722 προσ-

2302 2755 2505 2819 κυνεῖν,
2535 2753 2634 2805 οὑκ
2661 2751 2742 2805 ἔτι
2769 2751 2824 2805 δὲ
2857 2751 2952 2804 καὶ
2984 2749 3155 2823 ἑτέρῳ
3187 2749 3330 2820 Θεῷ,
3391 2750 3529 2818 ὅπερ
3559 2747 3668 2800 ἐστὶ
3699 2743 3750 2797 τὸ
3771 2758 3839 2810 γε·

2301 2845 2478 2916 νητόν·
2502 2845 2560 2898 οὐ
2591 2843 2814 2914 γενητὸς
2841 2843 2949 2914 ἄρα
2977 2845 3005 2897 6
3031 2843 3178 2906 Υἱός.

2992 2958 3196 3012 ΑΛΛΟ.

2373 3078 2437 3131 Εἰ
2468 3079 2576 3130 πᾶν
2600 3076 2660 3130 τὸ
2683 3074 2975 3144 γενόμενον
2999 3072 3187 3127 δοῦλόν
3217 3073 3340 3125 ἐστι
3379 3070 3474 3124 τοῦ
3505 3065 3846 3136 πεποιηκότος,

2305 3171 2582 3232 ἀδυνάτως
2609 3169 2715 3240 ἄρα
2759 3166 2870 3237 ἔχει
2909 3165 3080 3236 ἑτέρῳ
3131 3164 3230 3235 τὴν
3294 3161 3606 3234 ἐλευθερίαν
3644 3158 3847 3230 ὀρέγειν.

2302 3255 2370 3330 ἦς
2398 3261 2532 3312 αὐτὸ
2569 3259 2668 3312 οὐκ
2699 3257 2907 3327 ἔτυχεν.
2968 3259 3029 3309 Εἰ
3054 3256 3110 3309 δὲ
3164 3256 3408 3327 παρέχει
3439 3258 3466 3309 6
3498 3255 3639 3318 Υἱὸς,
3660 3252 3747 3320 οὐχ
3792 3247 3848 3307 ὼς

2301 3351 2484 3415 δοῦλος
2511 3350 2772 3422 δηλονότι,
2797 3349 3002 3420 Κύριος
3024 3348 3079 3401 δὲ
3106 3347 3318 3420 μᾶλλον
3351 3349 3446 3402 καὶ
3478 3347 3624 3410 Θεὸς.

3006 3546 3212 3600 ΑΛΛΟ.

2373 3663 2435 3718 Εἰ
2459 3663 2672 3733 πᾶσαή
2708 3659 2885 3723 κτίσις
2939 3660 3045 3714 ὑπὸ
3099 3661 3270 3730 φύσιν
3299 3656 3439 3716 οὖσα
3477 3666 3542 3734 τῇ
3580 3661 3726 3730 φύσει
3757 3660 3846 3712 δον-

2299 3756 2446 3810 λεύει
2484 3754 2573 3823 ὑφ’
2609 3754 2676 3825 ἢν
2699 3753 2793 3806 καὶ
2822 3752 3135 3824 πεποίηται,
3197 3753 3495 3826 ἐλεύθερον
3534 3755 3590 3808 δὲ
3620 3753 3765 3820 πάντη
3792 3748 3834 3799 τὸ

2299 3847 2441 3900 θεῖον
2472 3845 2566 3897 καὶ
2601 3843 2844 3914 κρεῖττον
2872 3841 3118 3911 ἀνάγκης
3173 3845 3442 3912 φυσικῆς,
3505 3843 3659 3912 δῆλον
3705 3839 3759 3901 ὼς
3793 3835 3834 3885 οὐ

2299 3933 2618 3988 δεδούλωται
2653 3931 2810 4000 φύσει
2849 3931 3001 3992 Θεός.
3044 3930 3198 3983 Ἐπεὶ
3254 3932 3312 3984 δὲ
3367 3932 3503 3996 Θεὸς
3546 3933 3575 3985 6
3617 3931 3746 3994 Υἱὸς,
3773 3926 3844 3979 οὐκ

2301 4024 2456 4078 ἔσται
2481 4023 2589 4094 ἄρα
2609 4022 2715 4076 ὑπὸ
2743 4022 2930 4092 φύσιν,
2961 4022 3098 4092 ὅπερ
3125 4021 3238 4076 τῶν
3285 4025 3595 4093 γεγονότων
3629 4021 3757 4074 ἐστὶν
3793 4018 3848 4068 oi-

2299 4119 2470 4171 κεῖον.
2513 4117 2571 4168 Ὁ
2600 4115 2658 4169 δὲ
2678 4118 2776 4186 τῆς
2797 4113 2934 4186 πρὸς
2956 4115 3054 4184 τὴν
3090 4115 3270 4170 κτίσιν
3303 4117 3628 4188 ὀμογενείας
3652 4107 3850 4184 φυσικῶς

2298 4205 2708 4276 ἀπῳκισμένος,
2755 4203 2872 4268 πῶς
2905 4204 3006 4258 οὐκ
3054 4203 3120 4257 ἂν
3185 4205 3278 4277 εἴη
3316 4207 3452 4279 παρ’
3485 4207 3652 4277 αὐτὴν
3702 4205 3851 4269 itepo-

2299 4298 2442 4368 φυής
2463 4314 2523 4350 τε
2549 4297 2642 4351 καὶ
2673 4294 2818 4363 ξένος
2843 4313 2858 4363 ;

2989 4435 3196 4489 AAAO.

2370 4544 2434 4598 Ei
2459 4545 2626 4617 μηδὲν
2652 4544 2764 4600 τῶν
2795 4547 2853 4601 ἐν
2890 4549 2957 4618 τῇ
2991 4547 3167 4600 κτίσει
3208 4547 3469 4616 φυσικῶς
3509 4544 3856 4618 ἀπηκρίϐωται

2300 4637 2439 4710 πρὸς
2472 4639 2569 4712 τὴν
2592 4639 2684 4694 τοῦ
2709 4640 2845 4694 Θεοῦ
2879 4640 2973 4694 καὶ
2997 4640 3213 4712 Πατρὸς
3253 4641 3582 4713 ὁμοιότητα,
3629 4641 3796 4710 ὅμοιος
3815 4634 3860 4683 δὲ

2299 4733 2328 4786 6
2360 4731 2509 4797 Υἱὸς,
2538 4733 2616 4796 ὼς
2642 4732 2734 4786 τὸν
2765 4732 2978 4803 ὁρῶντα
3007 4731 3190 4798 αὑτὸν,
3221 4733 3318 4786 τὸν
3361 4734 3586 4805 Πατέρα
3613 4733 3756 4803 ὁρᾷν,
3781 4726 3862 4779 οὐκ

2297 4824 2406 4895 ἄρα
2436 4823 2645 4895 κτίσμα
2685 4825 2714 4876 6
2767 4825 2866 4897 τὴν
2910 4824 3119 4878 ἐκείνου
3184 4825 3678 4897 ἀπηκριϐωμένως
3708 4820 3861 4891 φέρων

2294 4915 2607 4986 ὁμοιότητα.

2988 5027 3193 5083 ΑΛΛΟ.

2365 5139 2430 5193 Ei
2461 5139 2637 5194 πάντα
2665 5139 2730 5194 τὰ
2751 5139 3027 5210 κτίσματα
3053 5139 3215 5193 δοῦλα
3236 5139 3338 5194 τοῦ
3371 5143 3536 5207 Θεοῦ,
3571 5139 3755 5196 ἀλλὀὐ
3782 5133 3866 5188 κό-

2297 5251 2388 5305 ρια
2417 5233 2515 5303 τῆς
2539 5233 2715 5304 δόξης,
2748 5233 2931 5287 οὐκέτι
2960 5233 3016 5286 δὲ
3042 5236 3070 5287 ὁ
3102 5234 3252 5297 Υἱός·
3293 5239 3398 5308 τῆς
3436 5238 3548 5308 γὰρ
3579 5234 3732 5306 δόξης
3771 5226 3864 5285 K6-

2293 5338 2426 5392 ριοςο
2463 5323 2562 5375 οὐκ
2594 5323 2704 5394 ἄρα
2732 5322 2935 5392 κτίσμα
2965 5324 3249 5394 τυγχάνει.

2975 5436 3065 5487 ΑΛ
3073 5437 3180 5489 ΑΟ.

2363 5548 2426 5600 Ei
2460 5548 2568 5600 πᾶν
2594 5547 2655 5600 τὸ
2675 5549 2739 5600 ἐκ
2760 5547 2852 5600 τοῦ
2878 5548 2954 5620 μὴ
2982 5548 3136 5613 ὖντος
3161 5550 3246 5613 εἰς
3267 5550 3332 5604 τὸ
3363 5547 3505 5607 εἶναι
3536 5545 3863 5622 παρενεχθὲν,

604 5636 786 5702 potest
819 5629 1097 5685 utiterutu
1135 5630 1190 5684 iu
1218 5632 1444 5686 nihilum
1479 5631 1777 5703 redigatur,
1831 5634 1942 5693 hoc
1971 5650 2099 5694 vero
2130 5639 2184 5693 iu

2305 5633 2445 5704 ιῦθις
2469 5638 2739 5710 ἐνδέχεται
2775 5642 2870 5696 καὶ
2898 5642 2977 5705 είς
3000 5641 3060 5696 τὸ
3088 5643 3162 5713 μὴ
3218 5640 3281 5696 ὃν
3312 5645 3586 5716 χωρῆσαι,
3633 5643 3727 5697 οὐκ
3765 5638 3864 5692 ἔστι

679 5810 724 5843 ³³
753 5808 857 5864 Isa.
888 5825 1016 5880 xui,
1051 5813 1103 5867 8.
1180 5812 1228 5845 "‘
1267 5812 1436 5868 ICor.
1463 5827 1527 5879 tt,
1555 5812 1608 5868 8.
