3996 6406
174 397 283 454 3υό
1204 420 1213 423 '
1580 420 1852 482 THESAU
1863 424 2021 482 RUS.
3352 439 3455 497 506

171 516 223 569 ἓ
248 514 399 569 τοῦτο
425 515 799 589 ἐνδεχόμενον
860 522 957 577 ἐπὶ
999 525 1095 580 τοῦ
1159 526 1312 591 Υἱοῦ,
1353 529 1514 603 εἴπερ
1569 533 1753 602 ἁληοῶ

1889 537 2082 592 Filium
2117 539 2313 595 cadere
2349 554 2455 596 non
2485 549 2682 611 potest,
2717 544 2982 615 siquidem
3014 560 3143 603 vere
3171 556 3252 602 est
3276 547 3451 607 Deus:

173 607 283 659 ἐστι
313 606 463 672 Θεὸς,
498 608 610 662 οὐκ
640 609 756 682 ἄρα
786 615 854 666 ὲκ
895 615 991 668 τοῦ
1023 617 1097 688 μὴ
1123 617 1274 683 ὄντος
1322 623 1351 675 6
1394 622 1541 689 Υἱὸς,
1577 625 1690 679 ἀλλ’
1713 628 1753 679 ὲ]

1885 641 1991 681 non
2024 627 2188 699 igitur
2223 643 2289 685 ex
2323 606 2501 688 nihilo
2518 606 2699 690 factus
2745 606 2830 690 est
2879 634 3067 701 Filius,
3098 637 3193 692 sed
3224 651 3291 691 ex
3324 652 3455 694 vero

183 697 269 751 τοῦ
300 698 454 762 ὅπως
478 700 720 770 Πατρδς
742 707 995 777 γενητός.

1881 718 2041 775 Patre
2069 721 2305 791 genitus.

868 818 1076 874 AAAO.

242 922 298 977 ει
325 926 658 995 κτισμάτων
685 928 822 985 ἴδιον
853 932 919 985 τὸ
945 932 1207 990 δύνασθαι
1261 938 1623 1009 ἁμαρτάνειν,
1675 941 1775 995 οὐκ

178 1015 243 1067 ἔτι
268 1014 317 1068 δὲ
340 1018 434 1070 καὶ
460 1017 568 1071 τοῦ
606 1020 780 1084 Υἱοῦ,
807 1024 912 1077 οὐκ
942 1024 1051 1096 ἄρα
1079 1028 1288 1099 κτίσμα
1316 1031 1596 1101 τυγχάνει.

873 1135 1081 1193 ΔΛΛΟ.

2546 839 2774 898 ALIUD.

1947 943 2006 999 Si
2045 947 2323 1015 proprium
2368 950 2636 1005 creaturis
2686 961 2769 1007 est
2808 960 3057 1023 peccare,
3101 953 3223 1011 Filii
3270 966 3449 1013 autem

1877 1049 2223 1108 nequaquam
2245 1039 2292 1071 ³⁸
2317 1055 2334 1095 :
2376 1054 2484 1096 non
2508 1042 2672 1113 igitur
2689 1054 2771 1099 est
2798 1054 3071 1101 creatura.

2551 1155 2779 1215 ALIUD.

1949 1242 2007 1300 Si
2040 1244 2174 1301 nihil
2204 1260 2270 1301 ex
2301 1247 2368 1303 iis
2397 1240 2517 1319 quae
2542 1248 2686 1305 facta
2714 1260 2862 1317 sunt,
2902 1248 3059 1323 181
3090 1252 3448 1309 substantiam

1873 1352 1939 1392 ex
1981 1336 2152 1392 nihilo
2202 1352 2392 1396 creare
2426 1341 2617 1410 possit,
2665 1350 2845 1413 potest
2887 1354 3066 1400 autem
3095 1344 3307 1401 Filius:
3341 1360 3449 1416 quo

1874 1435 2034 1496 pacto
2064 1441 2128 1483 ex
2159 1442 2346 1484 eorum
2382 1445 2609 1486 numero
2642 1433 2771 1499 erit,
2799 1434 2920 1504 qua:
2951 1433 3090 1490 facta
3116 1436 3283 1491 sunt?

888 1544 1094 1603 ΑΛΛΟ.

2547 1541 2778 1600 ALIUD.

236 1645 292 1698 ει
321 1647 425 1701 πᾶν
458 1649 527 1702 τὺ
550 1654 798 1723 γενητὸν
823 1656 1012 1727 ὅμοιον
1037 1658 1115 1724 ὡς
1147 1662 1285 1730 πρὸς
1319 1664 1480 1719 ἑαυτὸ
1509 1654 1651 1721 κατά
1676 1669 1753 1723 τὸι

1944 1653 2001 1708 Si
2042 1656 2224 1709 omnia
2280 1665 2465 1712 creata
2520 1659 2718 1713 similia
2773 1658 2878 1714 sibi
2925 1667 3053 1713 sunt
3105 1658 3157 1713 in
3216 1673 3281 1715 eo
3304 1658 3447 1728 quod

172 1735 629 1831 τονπεποιῆσθαι
663 1744 855 1815 λόγον,
910 1751 1005 1803 καὶ
1060 1752 1215 1824 οὐδὲν
1257 1755 1471 1821 οὐδενὸς
1517 1759 1753 1831 διαφέρει

1881 1753 2052 1798 creata
2085 1754 2234 1809 sunt,
2260 1747 2514 1817 nullaque
2544 1756 2791 1802 creatura
2825 1748 2894 1802 ab
2923 1747 3028 1802 alia
3061 1745 3240 1803 differt
3260 1761 3324 1801 ea
3355 1762 3445 1801 ra-

174 1829 297 1881 καθὸ
324 1831 548 1901 γέγονεν
577 1836 845 1893 ἕκαστον·
882 1841 998 1895 ἔστι
1035 1842 1092 1897 δὲ
1140 1847 1366 1918 γενητὸς
1395 1850 1489 1904 καὶ
1528 1853 1557 1904 6
1600 1829 1753 1919 Υἱδς,

1881 1835 2027 1892 tione
2045 1850 2150 1905 qua
2179 1836 2332 1893 facta:
2361 1848 2508 1905 sunt,
2551 1838 2726 1894 laetus
2776 1847 2956 1894 autem
3015 1848 3101 1894 est
3128 1848 3183 1894 et
3225 1838 3443 1894 Filius:

178 1921 372 1985 οὐδενὸς
397 1924 508 1996 ἄρα
528 1926 685 1983 ἔσται
718 1931 1008 2005 διαφέρων
1100 1902 1197 1991 κά).
1229 1902 1753 2010 αὑτδςγγέγονενῗὶεὲ

1889 1946 1918 1983 n
1946 1902 2090 1983 nulla
2123 1929 2304 1999 itaque
2342 1946 2401 1985 re
2430 1902 2663 1997 dilleret,
2694 1932 2822 2002 quia
2854 1939 2907 1987 et
2930 1932 3047 2000 ipse
3074 1931 3250 1987 factus
3264 1941 3369 1986 est.
3384 1930 3443 1985 Si

183 2013 237 2107 se
272 2014 487 2070 πάντων
508 2019 618 2073 τῶν
646 2024 907 2094 γενητῶν
936 2028 1081 2082 κατὰ
1111 2030 1287 2085 πάντα
1314 2032 1582 2106 διαφέρει,
1604 2036 1753 2107 δῆλον

1881 2035 1994 2075 tero
2013 2021 2081 2076 ab
2095 2023 2347 2077 omnibus
2367 2022 2563 2077 creatis
2577 2037 2672 2092 per
2687 2023 2866 2077 omnia
2884 2022 3061 2078 diﬂ‘ert
3078 2040 3093 2077 :
3110 2030 3257 2078 certe
3275 2021 3437 2077 etiam

186 2104 261 2159 ὅτι
282 2106 376 2160 καὶ
403 2109 545 2163 κατά
572 2111 654 2165 τὸν
677 2115 787 2184 τῆς
813 2117 1087 2184 γενέσεως
1113 2121 1315 2192 τρόπον
1333 2164 1347 2188 ,
1377 2104 1513 2195 ὅπερ
1550 2104 1667 2179 ἐστι
1701 2127 1753 2181 τὲ

1881 2112 2228 2178 generationis
2253 2113 2430 2177 modo,
2462 2114 2716 2168 nimirum
2751 2115 2895 2184 quod
2956 2111 3130 2170 factus
3192 2128 3299 2168 non
3347 2112 3439 2167 sit.

179 2195 251 2265 μὴ
270 2198 534 2264 γενέσθαι.
562 2201 725 2257 Οὕτω
758 2205 874 2277 γὰρ
903 2207 1093 2263 διοίσει
1114 2190 1223 2266 τῶν
1260 2190 1577 2283 γεγονότων.
1614 2218 1676 2272 Εἰ
1703 2217 1753 2272 δὲ

1881 2190 1940 2257 "ta
1973 2203 2117 2257 enim
2140 2201 2350 2259 ditl‘eret
2371 2219 2399 2259 a
2422 2205 2640 2261 creatis.
2663 2205 2816 2271 Quod
2844 2206 2890 2262 si
2916 2203 2987 2261 ita
3012 2214 3095 2261 est
3123 2223 3135 2258 :
3165 2202 3437 2276 quomodo

170 2284 328 2353 τοῦτο,
362 2290 477 2355 πῶς
512 2293 577 2345 οὐ
610 2293 795 2362 Θεός;

1881 2309 1968 2351 ton
1995 2296 2068 2352 sit
2091 2295 2276 2353 Deus?

861 2391 1071 2448 AAAO.

226 2487 288 2542 Ei.
315 2492 459 2546 πᾶσα
485 2495 519 2564 ἡ
549 2498 745 2563 κτίσις
772 2501 832 2554 ὲν
852 2500 1181 2576 διαστήματι
1230 2509 1348 2580 ἦτοι
1399 2513 1573 2583 χρόνῳ
1601 2514 1761 2584 γέγοο

165 2597 263 2677 νεν,
289 2584 431 2640 οὐδὲν
456 2586 515 2641 δὲ
549 2590 778 2645 τούτων
812 2597 1189 2666 προλαμϐάνει
1215 2602 1458 2672 τῆν’Υἱοῦ
1479 2605 1754 2677 γέννησιν,

154 2675 243 2729 οὐκ
266 2677 369 2749 ἄρα
395 2680 637 2750 γέγονεν
659 2685 856 2749 αὑτός.
880 2688 945 2741 Εἰ
970 2689 1028 2744 δὲ
1067 2693 1513 2765 προλαμϐάνεται
1531 2675 1754 2769 sum;

148 2785 264 2837 ματι
295 2773 546 2865 χροναῷ
576 2793 642 2830 τε
688 2782 789 2831 καὶ
821 2783 1058 2855 γενητῷ,
1088 2786 1209 2851 πῶς
1259 2792 1477 2845 πάντων
1510 2794 1626 2845 ἐστὶ
1658 2795 1754 2865 δη-

150 2863 414 2933 μιονργδς,
446 2866 809 2940 διαστήματι
858 2875 1379 2951 προλαμϐανόμενος
1417 2885 1662 2955 γενητῷς
1690 2863 1752 2941 Eg
1854 2878 1939 2925 est
1963 2871 2204 2925 omnium
2225 2880 2460 2937 creator,
2484 2886 2642 2940 quem
2675 2872 2907 2940 spatium
2931 2879 3172 2971 creatum
3201 2881 3386 2971 pmice:

152 2950 187 3003 δ’
211 2952 475 3050 ἀγένητον
500 2959 597 3031 εἴη
630 2959 800 3017 τοῦτο
830 2964 892 3018 τὸ
922 2950 1227 3040 διάστημα,
1248 2950 1575 3045 συνάμιλλον
1596 2950 1753 3050 εὑρή-

1884 2962 2054 3016 it?At
2082 2963 2126 3017 si
2152 2965 2390 3032 spatium
2451 2963 2578 3019 illud
2639 2964 2755 3021 sive
2806 2963 3289 3020 duratioincreata
3342 2960 3435 3026 sit,

159 3057 225 3139 σει
253 3046 384 3112 Θεὸς
410 3049 521 3120 τῆς
551 3052 764 3108 ἑαυτοῦ
787 3057 1087 3130 ἀγενησίας
1141 3063 1204 3116 τὸ
1258 3065 1555 3139 διάστημα.
1598 3046 1750 3124 Εἰήδε

1881 3054 1954 3109 rit
1975 3055 2190 3124 aliquod
2229 3056 2466 3126 Spatium
2496 3057 2612 3111 sive
2629 3057 2847 3112 duratio
2895 3055 3094 3111 divinae
3142 3053 3433 3109 aeternitati

162 3135 476 3234 nim—ﬁat,
538 3145 693 3215 μήτε
726 3146 1024 3221 διάστημα,
1077 3153 1215 3226 μήτε
1253 3155 1382 3210 ἄλλο
1404 3135 1607 3215 ut...
1642 3163 1748 3234 πρὸ

1881 3164 1968 3204 ιπ.
2006 3148 2063 3204 Si
2095 3163 2224 3204 vero
2256 3150 2460 3204 nullum
2495 3159 2828 3205 momentum
2881 3148 2967 3204 vel
3002 3149 3238 3218 spatium
3295 3156 3435 3202 tem-

158 3226 236 3325 τεν
258 3228 404 3297 Υἱοῦ,
442 3234 624 3291 πόθεν
659 3242 1049 3314 προϋπάρχειν
1085 3246 1302 3317 λέγουσι
1359 3249 1453 3304 τὸν
1488 3226 1743 3325 Πατέρα,

1881 3240 2021 3307 mis,
2065 3255 2241 3311 neque
2288 3241 2435 3297 aliud
2519 3242 2813 3311 quidquam
2882 3240 3078 3295 Filium
3137 3237 3436 3309 prazcessit,

155 3321 294 3378 τοῦτο
325 3330 730 3403 προϋπάρχειν
779 3335 1144 3407 σημαίνοντος
1191 3342 1289 3413 οὐχ
1317 3321 1745 3417 εὑρισκομένου;

1881 3331 2122 3401 μιοηιοιίο
2208 3332 2361 3386 aiunt
2424 3332 2642 3387 Patrem
2721 3333 2877 3403 prius
2943 3330 3242 3396 exstitisse,
3308 3343 3432 3384 cum

1853 3419 1908 3475 id
1980 3418 2126 3489 quod
2198 3420 2349 3488 prius
2429 3430 2649 3478 exstare
2727 3421 2998 3492 signiticet
3031 3460 3047 3489 ,
3114 3435 3225 3477 non
3285 3418 3435 3475 inve;

1855 3510 2036 3567 niant?
2644 3522 2657 3537 ί
2980 3530 2991 3539 '

226 1237 282 1290 Ei
304 1238 507 1333 μηδὲν-
538 1243 660 1296 τῶν
711 1248 1022 1316 γεγονότων
1080 1252 1363 1328 ἀνεδείχθη
1408 1258 1539 1312 ποτὲ
1596 1231 1659 1314 ἐκ
1698 1260 1775 1333 μὴ

161 1326 313 1381 ὄντων
342 1329 549 1385 ποιοῦν
576 1333 811 1401 οὐσίας,
849 1343 997 1393 ποιεῖ
1038 1340 1096 1395 δὲ
1135 1345 1163 1397 6
1200 1326 1496 1413 manu;
1524 1349 1632 1404 τῶν
1679 1326 1772 1421 γεί

168 1419 378 1487 Mm
411 1423 615 1489 ἐστξν;

2534 2388 2766 2449 ALIUD.

1932 2504 1989 2561 Si
2035 2508 2216 2563 omnis
2249 2517 2502 2563 creatura
2533 2509 2584 2563 in
2640 2509 2819 2578 spatio
2853 2507 2970 2563 sive
2997 2515 3239 2576 tempore
3294 2503 3437 2559 facta

1857 2607 1961 2664 est,
1999 2598 2136 2653 nihil
2160 2613 2288 2653 vero
2306 2599 2500 2654 horum
2530 2598 2651 2654 Filii
2681 2597 3089 2671 generationem
3124 2594 3436 2665 prmcessit:

1856 2689 2032 2746 factus
2065 2691 2247 2760 itaque
2293 2706 2399 2746 non
2454 2699 2559 2746 est.
2626 2690 2682 2746 Si
2720 2704 2852 2746 vero
2898 2689 3050 2744 illum
3082 2686 3314 2758 spatium
3340 2685 3441 2740 ali-

1854 2784 1997 2853 quod
2024 2782 2409 2852 temporarium
2435 2783 2517 2836 vel
2567 2782 2768 2837 factum
2825 2781 3127 2851 prazcessit,
3167 2778 3440 2848 quomodo

1854 2878 1939 2925 est
1963 2871 2204 2925 omnium
2225 2880 2460 2937 creator,
2484 2886 2642 2940 quem
2675 2872 2907 2940 spatium
2931 2879 3172 2926 creatum
3201 2881 3440 2938 prazces-

2527 3602 2743 3663 ALIUD

1930 3716 1987 3775 Si
2014 3716 2171 3778 nihil.
2198 3732 2388 3775 eorum
2421 3733 2545 3789 qua:
2582 3718 2727 3775 facta
2781 3727 2932 3785 sunt,
2971 3717 3175 3774 dicitur
3202 3723 3296 3773 aut
3349 3724 3437 3773 est

1854 3808 2229 3866 universorum
2258 3807 2425 3874 Deus,
2479 3808 2648 3866 Filius
2681 3818 2864 3865 autem
2891 3807 3230 3866 estomnium
3255 3806 3430 3863 Deus:

1852 3916 1961 3956 non
2022 3910 2106 3958 est
2169 3901 2333 3972 igitur
2388 3914 2456 3956 ex
2506 3902 2574 3956 iis
2631 3915 2753 3972 qua:
2814 3901 2956 3957 facta
3013 3909 3159 3956 sunt.
3189 3899 3247 3954 Si
3296 3910 3428 3953 vero

1849 3991 2020 4047 Filius
2083 4007 2206 4047 cum
2257 3993 2330 4048 sit
2380 3991 2623 4047 omnium
2680 3990 2848 4059 Deus,
2897 3991 3073 4049 factus
3111 3989 3275 4044 etiam
3320 3996 3425 4053 est,

1848 4080 2015 4137 Pater
2090 4068 2270 4138 autem
2346 4082 2509 4137 etiam
2576 4081 2818 4136 omnium
2882 4079 3027 4135 Deus
3079 4087 3158 4135 est
3217 4094 3232 4135 :
3281 4087 3432 4134 certe

1848 4173 1954 4230 erit
1982 4173 2177 4241 lactus,
2197 4174 2494 4230 secundum
2524 4170 2670 4236 illos,
2710 4172 2859 4241 quod
2906 4171 3132 4241 impium
3191 4168 3431 4242 cogitattt

1847 4275 1951 4322 est.

840 3604 1046 3663 AAAO.

202 3703 269 3757 Ei
295 3707 466 3779 μηδὲν
521 3711 648 3765 τῶν
694 3716 1014 3786 γενομένων
1067 3719 1316 3778 λέλεκται
1352 3742 1413 3779 τε
1474 3729 1568 3782 καὶ
1591 3729 1745 3786 ἔστιν

123 3794 220 3890 ἔξει
247 3798 474 3890 τεάν-των
505 3802 676 3869 Θεὸς,
715 3804 836 3860 ἐστι
860 3807 917 3861 δὲ
942 3811 1039 3863 ἐπὶ
1094 3812 1311 3869 πάντων
1355 3816 1486 3883 Θεὸς
1509 3821 1539 3873 6
1575 3822 1705 3886 Υἱὸς
1725 3862 1741 3890 ,

126 3886 223 3941 οὐκ
252 3889 367 3961 ἄρα
392 3894 513 3947 τῶν
540 3897 870 3967 γενομένων
895 3902 1065 3958 ἐστίν.
1117 3906 1181 3960 Ei
1204 3907 1262 3961 δὲ
1300 3909 1434 3975 Θεὸς
1465 3912 1561 3966 ἐπὶ
1608 3886 1746 3969 πάνζ

129 3994 231 4069 των
264 3983 542 4057 ὑπάρχων
568 3989 601 4041 6
631 3989 786 4056 Υἱὸς,
821 3995 915 4047 καὶ
948 3998 1175 4069 γενητός
1225 4001 1395 4068 ἐστιν,
1435 4004 1633 4061 ἔστιδὲ
1655 4009 1747 4062 ἐπὶ

134 4067 349 4123 πάντων
379 4071 522 4138 Θεὸς
551 4076 655 4129 καὶ
709 4079 740 4131 6
789 4081 1002 4154 Πατὴρ,
1027 4067 1253 4158 γενητὸς
1293 4067 1445 4146 ἔσται
1490 4096 1617 4149 κατ’-
1650 4098 1748 4151 αὐ-

141 4158 272 4229 τῠὺς,
298 4162 447 4236 ὅπερ
477 4168 685 4233 ἀσεσὲς
710 4169 930 4229 ἐννοεῖν.

2524 4379 2757 4439 ALIUD.

1921 4497 1980 4554 Si
2009 4498 2140 4554 nihil
2173 4512 2360 4553 eorum
2391 4510 2511 4565 qua:
2544 4495 2685 4552 facta
2715 4503 2840 4552 sunt
2864 4496 3054 4553 eadem
3087 4498 3268 4565 potest
3293 4510 3431 4566 prat-

855 4378 1061 4436 ΑΛΛΟ.

210 4475 276 4531 Ei
310 4481 483 4552 μηδὲν
505 4485 623 4539 τῶν
646 4488 964 4560 γενομένων
1012 4494 1081 4550 τὰ
1120 4496 1261 4551 αὐτὰ
1307 4498 1536 4557 δύναται
1566 4506 1747 4561 ποιεῖν

149 4564 226 4668 τῷ
246 4567 584 4668 afﬂari-ivra
609 4576 667 4631 δὲ
690 4578 729 4633 ἃ
749 4584 901 4635 ποιεῖ
918 4585 947 4638 6
967 4584 1179 4661 Πατὴρ,
1196 4591 1399 4663 ὁμοίως
1420 4595 1513 4649 καὶ
1539 4597 1568 4650 6
1591 4596 1739 4668 Υἱὸς,

1881 4601 1995 4647 tare
2024 4605 2144 4661 qua:
2169 4589 2328 4657 Deus,
2381 4564 2562 4644 omnia
2624 4600 2757 4643 vero
2822 4603 2941 4658 quae
2996 4564 3423 4657 praestatl’ater,

151 4654 249 4709 οὐκ
275 4660 386 4731 ἄρα
401 4664 514 4719 τῶν
541 4669 857 4740 γενομένων
879 4674 1049 4731 ἐστίν.

842 4784 1048 4842 ΑΛΛΟ.

224 4880 288 4978 εἰ
309 4888 485 4943 πάντα
516 4890 585 4945 τά
616 4894 824 4966 γενητὰ
866 4897 926 4965 ἐξ
954 4898 1144 4971 ἐτέρου
1176 4903 1237 4956 τὸ
1266 4899 1404 4960 εἶναι
1444 4907 1579 4978 ἔχει,
1611 4910 1735 4964 πολ-

1846 4694 2073 4757 przcstat
2094 4693 2148 4739 et
2180 4683 2349 4739 Filius
2378 4696 2393 4737 :
2427 4697 2533 4739 non
2562 4691 2647 4737 est
2672 4681 2836 4750 igitur
2860 4679 3055 4735 lactus.

2520 4788 2757 4848 ALIUD.

1920 4911 1975 4966 Si
2003 4923 2341 4981 quaecunque
2367 4906 2511 4964 facta
2554 4914 2680 4963 sunt
2732 4905 2799 4962 ab
2850 4903 2958 4959 alio
2985 4918 3106 4959 esse
3134 4917 3290 4977 suum
3328 4902 3424 4956 ba-

168 4967 243 5075 ’ἑῷ
271 4979 459 5075 μᾶλλον
480 4983 546 5075 τὸ
577 4985 837 5056 λέγεσθαι
890 4967 1087 5058 αὐτοῧς
1125 4992 1302 5062 θεούς.
1352 4991 1416 5052 Εἰ
1444 4967 1507 5053 δξ
1538 4967 1738 5075 μετοχῇ

1881 5011 1994 5071 ent,
2020 4967 2408 5071 multomagis
2455 4998 2678 5056 deorum
2725 4998 3161 5069 appellationem.
3188 4993 3244 5050 Si
3293 5008 3423 5049 vero

177 5060 333 5166 ἔρδει
360 5073 421 5127 τὺ
449 5071 593 5166 εἶναι
626 5078 740 5133 θεοὶ
771 5078 866 5153 (οὐ
904 5082 1064 5153 φύσει
1092 5060 1333 5159 δηλονότι
1354 5089 1463 5144 θεοὶ
1490 5060 1557 5145 τά
1582 5060 1746 5166 γενᾞί.

1881 5092 1939 5149 er
1971 5093 2442 5165 participationem
2464 5100 2592 5147 sunt
2616 5089 2690 5147 dii
2710 5092 2910 5162 (neque
2965 5089 3110 5144 enim
3158 5095 3421 5143 creatura:

172 5150 305 5251 τᾷ),
345 5166 455 5228 τοῖς
499 5165 545 5218 δ’
582 5167 647 5222 οὐ
689 5150 850 5238 φύσει
886 5150 1031 5236 θεοῖς
1068 5150 1396 5245 προσκυνεῖν
1428 5150 1741 5251 ἀπαγορειί-

1842 5194 2033 5242 natura
2103 5193 2228 5241 sunt
2261 5184 2378 5254 dii),
2414 5191 2469 5239 et.
2506 5185 2598 5255 qui
2647 5193 2839 5239 natura
2879 5178 2950 5236 dii
2973 5196 3090 5236 non
3132 5178 3277 5246 sunt,
3322 5179 3419 5233 ad-

330 5253 389 5308 Ei
417 5254 476 5311 δὲ
506 5259 723 5325 τούτοις
753 5261 855 5334 μὲν
877 5263 1308 5337 ἀπαγορευτέον,
1335 5269 1518 5325 οὐκέτι
1546 5245 1624 5326 δὲ·
1644 5273 1737 5326 καὶ

1881 5276 1984 5333 rari
2011 5245 2397 5348 prohibentur,
2418 5245 2585 5330 Filius
2616 5285 2795 5329 autem
2821 5272 3035 5328 adorari
3063 5270 3305 5340 jiibetur,
3336 5278 3424 5322 ut-

165 5337 244 5407 τῷ
267 5341 403 5415 Υἰῷ,
440 5351 541 5422 οὐχ
570 5350 648 5417 ὡς
692 5354 768 5425 μὴ
826 5354 987 5424 φύσει
1029 5357 1137 5431 ἄρα
1186 5360 1307 5433 Θεῷ
1354 5363 1490 5435 ὅπερ
1523 5364 1643 5418 ἐστὶ
1667 5363 1735 5419 τὰ

1881 5378 1967 5425 ote
1991 5337 2183 5425 natura
2212 5375 2374 5435 Deus,
2401 5368 2541 5439 quod
2580 5366 2846 5423 creaturae
2904 5381 3010 5422 non
3045 5370 3171 5420 sunt
3203 5382 3217 5422 :
3276 5362 3420 5421 aliud

168 5441 405 5507 γεννητά.

838 5565 1045 5619 ΔΛΛΟ.

242 5658 296 5713 ΕΞ
322 5663 407 5719 τὸν
437 5660 500 5722 ἔκ
526 5669 604 5743 μὴ
631 5671 802 5729 ὄντων
859 5676 1173 5747 ὑφιστῶντα
1228 5680 1413 5749 οὐσίας
1462 5683 1736 5757 ἐνεδέχετο

242 5818 282 5850 ³⁸
301 5821 323 5878 ι
345 5823 481 5885 Petr.
527 5845 593 5901 ιι,
619 5831 710 5887 22.

1842 5458 2008 5530 igitur
2038 5467 2118 5516 est
2141 5460 2300 5529 quam
2329 5468 2598 5515 creatura.

2512 5567 2747 5626 ALIUD.

1917 5684 1973 5744 Si
2005 5685 2261 5758 possibile
2282 5694 2448 5756 esset,
2482 5693 2542 5743 ut
2578 5686 2624 5745 is
2657 5684 2749 5757 qui
2775 5701 2843 5745 ex
2874 5682 3045 5744 nihilo
3088 5660 3423 5746 substantias
