3996 6422
575 438 683 498 507

1590 437 1648 491 S.
1691 435 1969 490 CYRILLI
2009 436 2478 498 ALEXANDIIINI
2520 444 2839 501 ARCIIIIZP.

3732 456 3854 516 308

576 556 825 628 producit
844 553 1472 628 atqueconstituil,lieret
1491 554 1603 609 sive
1628 566 1906 609 crearetur
1938 555 2005 609 ab
2030 554 2153 620 alio,

2275 561 2353 633 ὕφ’
2384 564 2572 635 ἐτέρου
2599 565 2871 635 γενέσθαι,
2898 570 3040 621 ποιεῖ
3065 568 3119 622 δὲ
3147 570 3209 623 ἐκ
3236 569 3312 640 μὴ
3352 569 3519 623 ὄντων
3545 571 3575 624 ὁ
3609 571 3850 644 Πατὴρ’

578 652 739 706 Pater
764 664 891 705 vero
919 663 982 704 ex
1008 648 1178 702 nihilo
1200 656 1379 701 creat:
1413 646 1528 701 fieri
1553 648 1731 716 itaque
1749 657 1950 717 potest,
1973 664 2036 702 ex
2079 649 2145 702 il-

579 744 751 796 lorum
790 740 1076 805 sententia,
1108 749 1165 792 ut
1193 749 1244 793 ct
1274 739 1432 793 Pater
1469 756 1534 794 ex
1560 741 1726 794 nihilo
1750 741 1863 795 fiat.
1893 740 1961 795 At
1981 742 2024 796 si
2048 741 2149 797 hoc

581 836 983 900 inconveniens,
1024 842 1185 904 atque
1210 836 1345 889 adeo
1404 835 1739 904 impossibile
1783 846 1889 902 est,
1946 846 2005 891 ut
2056 837 2147 908 qui

577 928 714 983 alias
742 935 967 982 naturas
1003 936 1175 993 creat,
1211 928 1370 998 182
1413 928 1482 983 ab
1543 927 1647 982 alia
1682 938 1875 982 natura
1935 938 2147 984 creatus

528 1036 535 1037 ί
578 1020 648 1073 sit
683 1035 698 1072 ε
732 1018 889 1088 longe
925 1018 1168 1088 profecto
1206 1020 1498 1076 absurdius
1541 1028 1645 1086 est,
1687 1022 1952 1077 universae
1992 1030 2150 1075 natu-

577 1124 650 1163 rae
672 1108 918 1175 opillcem
961 1112 1027 1165 ab
1053 1111 1156 1164 alia
1190 1121 1383 1166 natura
1412 1119 1652 1168 creatum
1668 1127 1788 1166 esse
1810 1113 2146 1167 existimare.

574 1198 711 1253 Nam
741 1199 883 1267 quod
923 1210 1331 1257 createreatum
1351 1212 1516 1267 esset,
1553 1212 1605 1257 et
1633 1202 1776 1272 quod
1806 1211 2046 1258 creatum
2067 1213 2151 1258 est

576 1301 808 1358 crearet,
855 1294 900 1349 si
934 1293 1099 1349 Filius
1131 1310 1253 1350 cum
1281 1294 1351 1350 sit
1380 1295 1578 1360 factus,
1602 1304 1658 1350 ut
1699 1295 1798 1365 ipsi
1830 1297 2145 1365 opinantur,

574 1380 814 1447 faceret,
867 1385 1007 1452 quod
1064 1394 1147 1440 est
1201 1386 1694 1441 absurdissimum:
1730 1386 1997 1457 siquidem
2046 1387 2145 1443 soli

575 1482 783 1527 natum
817 1475 1010 1529 divinae
1054 1477 1337 1531 tribuenda
1367 1487 1420 1531 et
1457 1477 1807 1545 relinquenda
1830 1486 1976 1542 sunt,
2029 1492 2148 1545 qua:

577 1556 746 1629 ipsius
776 1571 905 1615 sunt
930 1563 1143 1633 propria
1170 1575 1223 1619 et
1259 1565 1570 1634 peculiaria,
1628 1580 1857 1634 quorum
1894 1581 2057 1620 unum
2085 1581 2148 1621 ac

579 1653 907 1721 praecipuum
935 1664 1039 1722 est,
1072 1670 1139 1710 ex
1171 1656 1341 1712 nihilo
1367 1672 1555 1714 creare
1586 1673 1763 1728 posse.

844 1781 1417 1875 ASSERTIO
1490 1787 1861 1879 XVIII.

580 1925 732 1990 Quod
764 1943 865 1979 non
894 1928 1122 2005 sit_idem
1153 1941 1397 2005 creatura
1429 1942 1475 1987 et
1507 1934 1651 2002 ﬁlius
1685 1951 1703 1988 :
1738 1951 1898 2005 neque
1918 1937 1973 1989 in
2022 1937 2127 1989 Deo

647 2011 826 2048 creare
850 2006 903 2076 ¹ει
926 1999 1138 2076 gignere
1166 2015 1185 2053 :
1213 2000 1430 2076 aliaque
1455 1999 1842 2076 conclusionem
1870 2007 2149 2076 inferentia

646 2081 737 2128 per
770 2067 1120 2122 reductionem
1154 2071 1222 2123 ad
1254 2067 1591 2139 impossibile.

790 2223 1030 2293 Defensio
1062 2226 1283 2294 simplex
1310 2242 1373 2279 ea:
1407 2227 1561 2280 nudis
1596 2231 1933 2298 argumentis.

650 2335 706 2388 Si
740 2336 961 2405 gignere
990 2344 1045 2390 et
1069 2350 1256 2391 creare
1272 2337 1412 2393 idem
1444 2346 1590 2392 esset
1622 2338 1673 2391 in
1695 2337 1822 2404 Deo,
1878 2354 1983 2393 non
2013 2338 2150 2395 fuis-

577 2435 664 2480 set
686 2425 791 2479 lata
816 2426 867 2480 in
896 2425 1240 2496 Unigenitum
1269 2442 1369 2481 vox
1401 2427 1512 2492 illa,
1532 2446 1551 2480 (
1578 2427 1676 2483 llic
1705 2438 1788 2484 est
1812 2427 1979 2485 Filius
1999 2447 2149 2488 meus

566 2520 806 2574 dilectus
837 2519 883 2551 "
911 2538 923 2574 :
957 2537 975 2571 ι
1010 2534 1132 2574 cum
1157 2519 1319 2574 etiam
1346 2535 1409 2574 ea
1441 2534 1562 2589 quae
1612 2529 1803 2574 natura
1845 2521 2144 2577 inanimata

578 2621 723 2675 sunt,
758 2611 851 2666 lilii
879 2610 970 2666 Dei
1025 2610 1154 2677 sint,
1213 2609 1260 2665 si
1293 2611 1432 2666 idem
1483 2620 1568 2666 est
1613 2622 1864 2667 creatura
1912 2621 1966 2668 et
2000 2614 2149 2683 geni-

580 2718 727 2757 men.

1252 2816 1483 2872 ALIUD.

648 2928 728 2995 Si,
768 2929 1220 3000 quemadmodum
1265 2938 1514 2985 creatura
1579 2932 1796 3001 proprie
1839 2931 2037 2988 dicitur
2087 2934 2155 2988 de

579 3024 754 3090 nobis,
788 3023 859 3079 ita
890 3025 1053 3079 etiam
1078 3023 1349 3095 genimen,
1378 3037 1441 3079 ac
1470 3023 1695 3095 perinde
1726 3028 1792 3078 de
1821 3024 1953 3081 Filio
1979 3045 1993 3081 :
2023 3027 2155 3081 nihil

579 3115 811 3183 amplius
841 3129 1001 3184 quam
1027 3129 1126 3171 nos
1150 3114 1387 3180 habebit,
1416 3129 1541 3171 cum
1571 3115 1643 3171 sit
1661 3117 1878 3186 proprie
1906 3126 2152 3173 creatura

579 3213 633 3258 et
669 3205 938 3273 genimen.

1255 3313 1482 3371 ALIUD.

656 3430 714 3484 Si
738 3429 989 3500 genimen
1019 3437 1070 3484 et
1091 3436 1339 3484 creatura
1369 3439 1498 3486 sunt
1524 3429 1684 3497 idem,
1718 3443 1800 3488 est
1835 3446 1961 3490 vero
1988 3435 2154 3490 etiam

586 3521 823 3591 Spiritus
865 3527 1101 3586 sanctus,
1130 3528 1189 3574 ut
1219 3519 1308 3576 isti
1355 3520 1562 3586 volunt,
1586 3530 1871 3578 creatura:
1907 3533 2053 3579 certe
2103 3533 2160 3579 et

586 3615 858 3683 genimen.
881 3613 938 3667 Si
966 3624 1142 3669 autem
1162 3621 1216 3670 et
1243 3613 1477 3686 Spiritus
1501 3626 1721 3674 sanctus
1752 3627 1839 3674 est
1880 3618 2154 3687 genimen,

586 3716 640 3760 et
669 3705 836 3761 Filius
863 3705 960 3759 Dei
1008 3712 1092 3760 est
1120 3706 1386 3776 genimen,
1447 3712 1739 3778 omniaque
1795 3717 1930 3764 sunt
2005 3710 2160 3784 geni;-

588 3795 775 3849 mina:
822 3797 1090 3865 quomodo
1122 3797 1434 3870 unigenitus
1468 3801 1670 3857 dicitur
1695 3800 1869 3858 Filius
1890 3802 1943 3857 in
1976 3801 2159 3857 multis

588 3887 848 3943 fratribus
878 3888 964 3942 ³⁷9

1254 4002 1487 4060 ALIUD.
1805 4054 1816 4062 .

657 4094 714 4150 Si
748 4096 1006 4167 quidquid
1054 4106 1306 4153 creatura
1359 4096 1452 4153 Dei
1500 4104 1607 4163 est,
1646 4095 1897 4167 genimen
1949 4110 2163 4168 quoque

586 4194 712 4241 est:
750 4186 880 4242 nihil
909 4201 1095 4243 eorum
1113 4203 1233 4259 quae
1264 4187 1404 4242 facta
1461 4196 1607 4254 sunt,
1664 4189 1732 4243 ab
1768 4186 2054 4257 adoptione
2104 4190 2161 4243 in

587 4276 725 4333 ﬁlios
755 4287 841 4334 est
881 4278 1137 4334 alienum.
1193 4279 1344 4347 Quod
1371 4278 1415 4334 si
1446 4292 1634 4333 verum
1653 4287 1757 4345 est,
1799 4279 2000 4333 frustra
2059 4293 2158 4334 no-

588 4369 671 4423 bis
705 4368 1047 4439 adoptionem
1079 4369 1365 4425 annuntiat
1409 4369 1571 4436 Deus,
1623 4385 1743 4425 eum
1789 4380 1844 4425 et
1870 4371 2163 4426 inanimata

587 4459 911 4516 naturaliter
987 4476 1107 4516 eam
1187 4469 1624 4529 consequantur:
1659 4461 1928 4531 siquidem
2010 4463 2165 4532 quid-

588 4547 719 4618 quid
772 4558 854 4605 est
879 4590 895 4617 ,

585 4648 688 4695 CSI.

1258 4732 1490 4789 ALIUD.

657 4846 713 4901 Si
748 4849 995 4920 genimen
1018 4858 1073 4903 et
1104 4856 1359 4904 creatura
1390 4847 1532 4902 idem
1558 4855 1705 4913 sunt,
1733 4848 1873 4919 quod
1912 4865 2042 4907 vero
2070 4865 2165 4921 ge-

467 4981 479 4995 .
588 4941 759 4995 nitum
805 4951 852 4993 a‘
892 4940 1003 4994 Deo
1057 4948 1160 5005 est,
1217 4947 1468 4993 creatura
1518 4939 1840 4996 naturaliter
1863 4951 1948 4996 est
1985 4959 1999 4996 :
2031 4957 2162 5014 ergo

586 5040 836 5088 creatura
864 5029 958 5086 Dei
991 5039 1047 5086 et
1068 5029 1315 5084 naturale
1342 5030 1589 5101 genimen
1621 5030 1713 5087 Dei
1762 5032 1900 5087 idem
1932 5043 2076 5088 sunt.
2104 5033 2160 5087 Si

589 5138 714 5179 vero
739 5124 792 5180 id
817 5123 958 5195 quod
985 5131 1202 5189 natura,
1230 5136 1335 5176 non
1366 5130 1548 5179 autem
1576 5124 1718 5195 quod
1742 5125 2031 5195 adoptione
2067 5140 2162 5195 ge-

589 5216 758 5269 nitum
806 5221 907 5279 est,
967 5212 1424 5270 consubstantiale
1494 5215 1604 5270 Deo
1656 5224 1738 5270 est
1762 5235 1785 5294 ,ε
1821 5231 1983 5271 omne
2020 5217 2160 5285 quod

594 5305 753 5376 183
783 5303 984 5359 factum
1022 5317 1126 5372 εει,
1160 5314 1350 5362 natura
1386 5305 1490 5361 tale
1515 5307 1818 5363 invenietur
1849 5321 1865 5361 :
1897 5307 2161 5376 siquidem

592 5405 838 5450 creatura
866 5396 1113 5466 genimen
1136 5412 1351 5469 quoque
1376 5408 1567 5456 natura
1599 5406 1700 5467 est,
1725 5408 1779 5453 et
1808 5414 1913 5453 non
1952 5400 2167 5469 partici-

591 5488 825 5554 patione.

1261 5577 1492 5634 ALIUD.

602 5750 607 5753 ν
663 5686 723 5740 Si
785 5697 1027 5745 creatura
1073 5691 1235 5745 etiam
1300 5690 1553 5760 genimen
1611 5689 1828 5758 proprie
1889 5698 1992 5760 est,
2017 5701 2165 5749 certe

665 5847 709 5881 ”
735 5845 923 5905 Matth.
957 5865 1037 5917 Ill,
1073 5849 1172 5918 i7;
1205 5864 1336 5916 xvtt,
1373 5848 1424 5905 5.
1503 5850 1546 5881 "’
1577 5847 1733 5907 Rom.
1768 5864 1884 5922 rm,
1920 5848 2009 5907 29.

970 4552 1219 4623 genimen
1291 4565 1505 4620 quoque
1570 4550 1684 4605 sive
1748 4550 1887 4607 ﬁlius
1947 4554 2236 4625 proprieD

2257 654 2532 726 ἐνδέχεται
2564 657 2673 728 ἄρα
2694 658 2875 724 αὐτὸν,
2905 659 3024 712 κατ’
3052 659 3269 724 αὐτοὺς,
3291 663 3354 714 ἐκ
3378 661 3452 733 μὴ
3475 661 3646 716 ὄντων
3673 680 3845 732 γεγοο

2256 743 2424 797 νέναι.
2458 745 2520 797 Εί
2552 744 2609 797 δὲ
2659 746 2902 815 ἀπρεπὲς
2946 749 3041 801 καὶ
3081 748 3341 802 ἀδύνατον
3380 750 3584 821 ἐτέρων
3613 753 3849 820 φύσεων

2256 835 2586 906 δημιουργὸν
2634 838 2834 892 ἐννοεῖν
2889 839 2981 908 ὑφ’
3025 839 3220 910 ἑτέρας
3279 842 3526 896 ἐκτίσθαι
3588 843 3845 911 φύσεως.

2257 925 2602 998 ἀτοπώτερον
2627 928 2752 999 ἄρα,
2789 928 2881 982 τὸν
2914 929 3133 1001 ἁπάσης
3168 931 3384 1000 φύσεως
3413 932 3715 1003 αὐτουργὸν
3745 935 3844 1002 ὑφ’

2257 1018 2446 1089 ἑτέρας
2495 1020 2943 1090 δημιουργεῖσθαι
2990 1021 3207 1092 φύσεως
3268 1023 3693 1095 ὑπολαμϐάνειν.
3723 1028 3845 1081 Καὶ

2256 1108 2363 1180 γὰρ
2391 1110 2457 1164 ἂν
2476 1109 2537 1163 τὸ
2570 1109 2756 1164 ποιοῦν
2788 1112 2995 1181 ἐγίνετο
3053 1115 3150 1168 καὶ
3208 1115 3271 1169 τὸ
3297 1116 3581 1187 γινόμενον
3617 1118 3800 1171 ἐποίει
3824 1158 3841 1183 ,

2256 1199 2414 1271 εἴπερ
2445 1201 2473 1253 6
2497 1199 2626 1264 Υίὸς
2675 1202 2957 1272 γινόμενος
2998 1205 3191 1272 ὲποίει,
3227 1206 3348 1261 κατ’
3391 1207 3655 1271 ἐκείνους,
3695 1209 3844 1280 ὅπερ

2259 1291 2408 1344 ἐστὶν
2434 1290 2815 1347 ἀτοπώτατον·
2864 1295 2917 1347 εί
2945 1312 3008 1363 γε
3053 1295 3189 1367 μόνῃ
3240 1298 3506 1368 προσήκει
3544 1299 3843 1370 τηρεῖσθαι

2257 1384 2325 1453 τῇ
2361 1380 2481 1454 θείᾳ
2518 1382 2677 1449 φύσει
2712 1383 2780 1437 τὰ
2810 1385 2979 1455 αὐτῆς
3007 1385 3284 1457 ἐξαίρετα,
3312 1380 3388 1442 ὧν
3437 1387 3494 1441 ἓν
3540 1389 3634 1443 καὶ
3682 1389 3844 1460 πρῶ-

2257 1492 2348 1527 τον
2377 1475 2611 1547 ὑπάρχει
2642 1476 2703 1530 τὸ
2737 1477 2800 1530 ὲκ
2843 1477 2918 1549 μὴ
2940 1477 3108 1534 ὄντων
3140 1478 3401 1534 δύνασθαι
3452 1482 3842 1553 δημιουργεῖν.

2729 1777 3090 1864 ΛΟΓΟΣ
3165 1769 3306 1865 IH'
3321 1844 3339 1862 .

2261 1935 2388 1987 Ὅτι
2417 1931 2501 2001 μὴ
2553 1930 2775 1987 ταυτὸν
2820 1934 3043 2003 κτίσμα
3079 1933 3177 1987 καί
3223 1932 3525 2003 γέννημα,
3559 1931 3719 2003 mea
3757 1930 3846 2003 ξῷ

2327 1999 2539 2063 κτίζειν
2575 2002 2641 2055 τὸ
2682 2003 2906 2072 γεννᾷν
2938 1999 3037 2057 ἐπὶ
3074 1999 3241 2058 Θεοῦ³
3275 2002 3373 2056 καί
3405 1999 3572 2057 ἄλλα
3595 2001 3694 2056 διὰ
3730 1999 3847 2072 τῆς

2322 2078 2409 2140 εὶς
2487 2071 2714 2126 dtoaor
2788 2072 3108 2143 ἀπαγωγῆς
3175 2074 3394 2141 ἔχοντα
3467 2073 3536 2127 τὸ
3606 2071 3847 2161 συμπέ-

2316 2158 2540 2214 ρασμα.

2708 2239 3020 2308 Ἀπολογία
3056 2235 3389 2301 αὑτολεξεί.

2326 2359 2386 2412 Εἰ
2415 2360 2476 2413 τὸ
2512 2358 2758 2430 γέννημα
2780 2357 2857 2427 τῷ
2883 2355 3138 2427 κτίσματι
3186 2351 3380 2406 ταυτὸν
3408 2347 3475 2421 ᾖν
3515 2347 3671 2418 παρὰ
3693 2345 3827 2416 Θεῷ,

2255 2451 2354 2505 οὐκ
2385 2451 2451 2505 ἂν
2473 2451 2566 2504 ε’πὶ
2586 2449 2678 2503 τὸν
2698 2447 2979 2518 Μονογενῆ
3000 2447 3225 2520 ἐφέρετο
3245 2443 3420 2514 φωνή’
3454 2461 3473 2497 ι
3498 2433 3669 2503 Οὗτός
3689 2440 3834 2492 ἐστιν

2254 2544 2283 2595 6
2311 2542 2436 2605 Υἱός
2475 2558 2574 2609 μου
2611 2541 2640 2593 6
2691 2539 2993 2611 ἀγαπητός·
3033 2558 3050 2589 ι
3096 2537 3193 2591 an
3244 2535 3310 2606 δὴ
3358 2532 3582 2589 καὶτῶν
3612 2531 3842 2599 ἀψύχων

2255 2632 2395 2687 κατὰ
2424 2632 2586 2703 φύσιν
2614 2630 2744 2684 υίῶν
2773 2629 2942 2682 ὄντων
2974 2626 3131 2694 Θεοῦ,
3165 2627 3324 2698 εἴπερ
3364 2624 3426 2678 τὺ
3473 2623 3679 2694 κτίσμα
3708 2638 3845 2674 ταυ-

2256 2723 2344 2776 τὸν
2370 2721 2447 2792 τῷ
2470 2724 2764 2793 γεννήματι
2798 2720 3074 2790 τυγχάνει.

2569 2895 2573 2901 ν
2944 2834 3147 2888 ΑᾹΛΟ.

2328 2950 2390 3001 Εἰ
2418 2948 2606 3018 ὥσπερ
2628 2947 2689 3000 τὸ
2742 2947 2947 3017 κτίσμα
2993 2945 3196 3017 κυρίως
3249 2943 3466 3012 λέγεται
3520 2941 3609 3011 ἐφ’
3646 2939 3844 3010 ἡμῶν,

2257 3038 2430 3105 οὓτως
2453 3042 2544 3095 καὶ
2565 3040 2626 3094 τὸ
2655 3039 2923 3111 γέννημα,
2947 3037 3210 3101 ὡσαύτως
3236 3037 3294 3092 δὲ
3326 3036 3419 3091 καὶ
3447 3037 3540 3089 ἐπὶ
3561 3034 3660 3088 τοῦ
3686 3032 3845 3096 Υίοῦ,

2257 3133 2408 3186 οὐδὲν
2436 3130 2592 3201 ἡμῶν
2641 3129 2754 3194 ἕξει
2799 3128 2962 3183 πλέον
3021 3128 3102 3192 είς
3158 3124 3433 3197 ὑπεροχὴν
3505 3122 3717 3193 κτίσμα
3751 3120 3851 3174 καὶ

2181 3227 2226 3287 C
2259 3226 2503 3295 γέννημα
2546 3223 2751 3295 κυρίως
2796 3220 2892 3277 ῶν.

2932 3337 3138 3391 ΔΑΛΟ.

2330 3453 2393 3506 Εἰ
2419 3453 2479 3507 τὸ
2505 3452 2751 3524 γέννημα
2784 3452 2880 3506 καὶ
2926 3450 2988 3504 τὸ
3040 3450 3245 3520 κτίσμα
3289 3445 3485 3502 ταυτὸν
3547 3445 3847 3516 τυγχάνει,

2259 3544 2451 3599 ἔστιδὲ
2489 3544 2692 3616 κτίσμα
2712 3545 2809 3599 καὶ
2845 3543 2906 3597 τὸ
2937 3543 3162 3613 Πνεῦμα
3187 3540 3250 3594 τὸ
3270 3540 3446 3609 ἅγιον,
3477 3537 3599 3593 κατ’
3619 3539 3847 3603 αὐτοὺς,

2260 3638 2419 3710 δῆλον
2447 3638 2529 3691 ὅτι
2558 3637 2652 3691 καὶ
2677 3637 2945 3706 γέννημα.
2995 3635 3056 3688 Ei
3095 3632 3153 3686 δὲ
3200 3632 3293 3685 καὶ
3329 3630 3390 3683 τδ
3446 3628 3679 3698 Πνεῦμα
3722 3629 3845 3698 γέν-

2259 3745 2433 3799 νημα,
2455 3728 2548 3782 καὶ
2570 3730 2599 3781 6
2632 3726 2761 3790 Υἱὸς
2788 3725 2883 3779 τοῦ
2912 3722 3047 3778 Θεοῦ
3070 3723 3340 3793 γέννημα,
3399 3720 3494 3774 καὶ
3535 3718 3607 3772 τὰ
3671 3720 3841 3773 πάντα

2262 3822 2574 3893 γεννήματα
2597 3860 2612 3885 ,
2665 3820 2778 3882 πῶς
2833 3815 3125 3889 μονογενὴς
3157 3818 3185 3869 6
3208 3814 3338 3878 Υἱὸς
3362 3814 3402 3866 6
3454 3810 3595 3883 μετὰ
3633 3807 3833 3863 πολλῶν

2263 3913 2506 3985 ἀδελφῶν
2537 3911 2725 3980 είσαγό
2731 3927 2890 3982 μενος
2912 3927 2925 3973 ;

2946 4025 3149 4078 ΑΛΛΟ.

2334 4122 2417 4188 EI,
2448 4120 2501 4174 εί
2526 4139 2580 4175 τι
2612 4120 2816 4191 κτίσμα
2837 4117 2994 4179 Θεοῦ,
3049 4115 3207 4169 τοῦτο
3254 4111 3350 4167 καὶ
3384 4110 3646 4179 γέννημα,
3694 4100 3850 4161 οὐδὲν

2262 4214 2369 4268 τῶν
2396 4213 2698 4283 γεγονότων
2726 4211 2972 4264 λείπεται
3005 4207 3105 4278 τῆς
3153 4204 3445 4268 υἱοθεσίας.
3484 4201 3547 4256 Et
3569 4200 3624 4254 δὲ
3648 4198 3813 4254 τοῦτο
3833 4240 3849 4264 ,

2266 4309 2446 4379 μάτην
2481 4307 2611 4376 ἡμῖν
2639 4303 2909 4357 υἱοθεσίαν
2958 4298 3323 4372 ἐπηγγείλατο
3349 4299 3378 4350 6
3431 4294 3584 4357 Θεὸς,
3626 4292 3728 4347 an
3786 4292 3855 4361 δὴ

2265 4397 2492 4453 καὶτῶν
2527 4394 2750 4465 ἀψύχως
2794 4393 3026 4465 ἐχόντων
3057 4389 3215 4444 τοῦτο
3259 4385 3400 4441 κατὰ
3451 4386 3633 4454 φύσιν,
3665 4384 3851 4453 εἴπερ,

2266 4489 2318 4542 εἴ
2342 4507 2392 4543 τι
2418 4486 2641 4557 κτίσμα,
2671 4483 2831 4538 τοῦτο
2859 4482 2954 4536 καὶ
2980 4481 3226 4551 γέννημα
3259 4475 3462 4548 κυρίως
3485 4472 3657 4527 ἐστίν.

2963 4746 3168 4802 ΑΛΛΟ.

2336 4868 2400 4921 Εἰ
2430 4866 2491 4920 τὸ
2525 4865 2771 4937 γέννημα
2795 4863 2888 4919 καὶ
2915 4863 2976 4916 τὸ
2997 4859 3203 4931 κτίσμα
3221 4856 3419 4913 ταυτόν
3446 4856 3615 4918 ἐστιν,
3656 4853 3777 4906 ἔστι
3799 4852 3860 4906 δὲ

2264 4959 2326 5012 τὸ
2356 4957 2644 5029 γενόμενον
2673 4956 2805 5012 Θεοῦ
2836 4955 3040 5026 κτίσμα
3058 4953 3237 5024 φύσει,
3268 4948 3473 5018 κτίσμα
3498 4944 3636 4999 Θεοῦ
3665 4945 3863 5015 δηλον-

2269 5052 2351 5105 ότι
2401 5050 2495 5104 καὶ
2537 5049 2698 5119 φύσει
2734 5047 2978 5118 γέννημα
3016 5043 3150 5098 Θεοῦ
3185 5042 3248 5095 τὸ
3274 5039 3426 5094 αὐτό.
3464 5039 3526 5091 Εἰ
3554 5036 3617 5090 δὲ
3649 5035 3712 5089 τὸ
3754 5034 3863 5104 φύκ

2273 5161 2374 5207 σει,
2391 5141 2502 5196 ἀλλ’
2529 5142 2589 5195 οὐ
2620 5140 2766 5194 θέσει
2787 5137 3148 5208 γεννώμενον,
3169 5131 3452 5206 ὁμοούσιον
3479 5128 3558 5200 τῷ
3579 5125 3727 5198 Θεῷ,
3752 5128 3862 5181 πᾶν

2269 5234 2330 5289 τὸ
2356 5234 2643 5303 γενόμενον
2697 5232 3050 5304 εὑρεθήσεται
3091 5227 3268 5298 φύσει,
3324 5224 3482 5295 εἴπερ
3538 5220 3604 5274 τὸ
3647 5220 3861 5290 κτίσμα

2270 5324 2428 5397 φύσει
2460 5325 2552 5379 καὶ
2570 5324 2815 5396 γέννημα
2835 5320 3110 5391 τυγχάνει,
3136 5319 3229 5372 καὶ
3254 5316 3315 5371 οὐ
3344 5315 3567 5387 μετοχῇ.
3674 5380 3687 5391 ο

2958 5575 3165 5630 ΑΛΛΟ.

2338 5691 2399 5745 Εἰ
2428 5690 2487 5744 τὸ
2513 5689 2715 5764 κτίσμα
2736 5690 2892 5745 τοῦτο
2925 5690 3017 5744 καὶ
3048 5689 3296 5759 γέννημα
3326 5683 3530 5756 κυρίως
3549 5677 3639 5753 ἦν,
3678 5676 3857 5751 πολλῷ
