3996 6410
191 415 294 468 509

1605 408 2048 466 THESAURUS.

3384 417 3486 473 5ΐο

194 531 392 599 μᾶλλον
428 528 582 598 ὑπὲρ
604 528 675 580 τὰ
717 524 858 582 ἄλλα
885 523 1028 598 ἦσαν
1070 529 1120 581 οἱ
1168 527 1388 598 ἄγγελοι
1439 527 1642 599 κυρίως
1677 527 1801 580 υἱοί.

1936 525 2078 582 nullo
2111 528 2279 598 magis
2305 527 2519 598 proprie
2564 542 2674 598 pra:
2709 527 2928 598 reliquis
2966 531 3142 599 angeli
3185 541 3342 586 erunt
3373 533 3488 587 lilii.

200 624 261 675 EI.
285 621 339 674 δὲ
362 620 436 672 τὰ
466 620 665 691 πο).λῷ
722 619 1016 688 κρείττονα
1063 619 1245 690 μέτρῳ
1281 617 1484 689 κυρίως
1533 619 1633 672 οὐκ
1672 617 1808 670 είσὶν

211 714 307 766 υἱοὶ
335 712 567 781 (οὐδενὶ
597 712 716 782 γάρ
753 729 888 764 ποτε
929 711 1039 764 τῶν
1063 711 1311 779 ἀγγέλων
1341 705 1518 763 εἷπεν·
1553 709 1683 771 Υἱός
1707 724 1806 778 μου

215 799 257 854 εἷ
281 804 334 854 σὺ
353 802 372 870 )
391 842 407 864 ,
439 801 552 854 οὐκ
579 801 750 855 ἔσται
777 802 888 872 ἄρα
912 800 974 853 τὸ
1017 799 1221 870 κτίσμα
1252 799 1412 853 τοῦτο
1440 799 1533 853 καὶ
1562 798 1808 870 γέννημα

214 892 412 962 κυρίως.

813 1045 822 1050 .
917 999 1125 1054 ΑΑΑΟ.

263 1119 323 1171 El
374 1116 600 1186 κτίσμα
669 1116 770 1170 καὶ
826 1115 1076 1185 γέννημα
1109 1115 1302 1168 ταυτόν
1340 1115 1511 1177 ἐστιν,
1550 1115 1579 1167 6
1611 1113 1810 1176 κτίζων

200 1212 339 1262 ἔσται
375 1210 472 1261 καὶ
515 1209 748 1277 Πατήρ.
783 1208 846 1260 EI
868 1208 924 1260 δὲ
961 1207 1132 1273 κτίζει
1175 1210 1202 1261 6
1235 1208 1384 1272 Υίὸς,
1422 1207 1626 1260 ἔσταιὸ
1650 1206 1810 1269 αὐτὸς

199 1301 287 1352 καὶ
315 1299 540 1368 Πατήρ.
604 1301 674 1352 Εί
741 1299 804 1351 δὲ
864 1298 1041 1362 τοῦτο,
1089 1297 1242 1353 ἔσται
1297 1299 1508 1369 Πατρὸς
1559 1297 1749 1367 Πατὴρ
1781 1299 1809 1350 6

197 1391 476 1458 ἀγένητος.
506 1389 675 1440 οὐδὲν
702 1390 868 1442 πλέον
895 1391 1034 1460 ἔχων
1067 1390 1166 1459 τῆς
1193 1389 1316 1443 καθ’
1348 1391 1496 1460 ἡμᾶς
1547 1405 1808 1460 πραγμα-

209 1484 342 1545 τείας
369 1484 429 1534 ὲν
459 1485 536 1552 τῇ
565 1483 778 1536 ἑαυτοῦ
803 1482 1076 1553 θεογονίᾳ,
1104 1483 1263 1554 είπερ
1291 1483 1351 1537 τὺ
1381 1483 1627 1552 γέννημα
1652 1481 1809 1535 τοῦτο

213 1575 240 1626 6
261 1576 342 1628 καὶ
378 1574 600 1645 κτίσμα
631 1574 922 1644 τυγχάνει.

910 1690 1116 1743 ΑΛΛΟ.

274 1805 335 1858 Εἰ
356 1804 415 1856 τὸ
437 1805 655 1873 κτίσμα
683 1804 838 1856 ἐστὶν
868 1803 1085 1874 ἀληθῶς
1114 1804 1208 1858 καὶ
1242 1803 1507 1876 γέννημα,
1557 1806 1809 1877 καθάπερ

1913 615 1972 670 Si
1991 632 2118 671 vero
2168 633 2287 688 qua:
2316 619 2691 687 praestantiora
2727 620 2894 674 multo
2916 629 3059 684 sunt,
3091 637 3194 674 non
3213 631 3337 676 sunt
3393 623 3488 678 ﬁlii

1913 709 2135 779 (nemini
2161 711 2304 764 enim
2335 726 2574 780 unquam
2623 712 2934 781 angelorum
2992 713 3132 766 dixit
3170 711 3311 768 Deus
3348 732 3362 768 :
3397 714 3491 770 Fi-

1913 799 2014 854 lius
2039 815 2192 856 meus
2221 815 2279 856 es
2340 805 2418 872 tu)
2447 820 2460 856 :
2490 819 2593 859 non
2623 804 2730 859 erit
2761 804 2946 874 itaque
2989 814 3238 859 creatura
3270 808 3490 877 proprie

1910 892 2180 960 genimen.

2581 1008 2810 1063 ALIUD.
2862 1005 2936 1086 ᾖ

1987 1121 2043 1174 Si
2072 1130 2322 1176 creatura
2348 1131 2401 1178 et
2433 1123 2682 1191 genimen
2731 1136 2859 1180 sunt
2881 1127 3045 1191 idem,
3075 1131 3164 1198 qui
3195 1134 3348 1184 creat
3388 1129 3493 1183 erit

1912 1212 2088 1266 Pater.
2125 1213 2180 1266 Si
2215 1222 2394 1269 autem
2427 1226 2575 1270 creat
2609 1216 2796 1280 Filius,
2829 1219 2935 1274 erit
2965 1220 3077 1288 ipse
3119 1221 3284 1276 etiam
3306 1221 3488 1276 Pater.

1911 1306 2063 1371 Quod
2091 1307 2134 1359 si
2173 1321 2356 1361 verum
2377 1317 2478 1371 est,
2513 1309 2617 1362 erit
2641 1307 2820 1365 Patris
2844 1309 3003 1365 Pater
3042 1312 3333 1379 ingenitus,
3360 1313 3492 1366 nihil

1914 1398 2142 1466 amplius
2175 1399 2379 1454 habens
2410 1415 2571 1469 quam
2612 1417 2710 1456 nos
2746 1403 2796 1456 in
2827 1418 2922 1458 sua
2967 1404 3149 1458 divina
3183 1406 3492 1474 generatio-

1915 1506 2004 1555 ne,
2034 1489 2301 1560 siquidem
2332 1492 2579 1561 genimen
2609 1503 2664 1548 et
2693 1505 2941 1549 creatura
2977 1496 3114 1550 idem
3141 1505 3245 1550 est.

2589 1692 2822 1750 ALIUD.

1991 1801 2046 1856 Si
2080 1812 2327 1857 creatura
2359 1817 2484 1858 vere
2531 1805 2698 1859 etiam
2761 1813 2845 1861 est
2897 1807 3170 1874 genimen,
3225 1806 3365 1862 sicut
3401 1807 3495 1862 Fi-

216 1898 245 1948 δ
271 1894 415 1959 mg,
435 1863 589 1947 ισταὶ
613 1892 728 1946 τῶν
757 1863 982 1947 πάντων
1011 1863 1294 1963 ἁδελφὸς-’ὀ
1316 1863 1462 1958 τιέξ,
1480 1863 1540 1948 eo
1570 1895 1676 1966 μὴν
1699 1863 1810 1948 κέ.

1942 1893 2021 1946 ius
2056 1908 2070 1950 :
2102 1893 2242 1953 cerit
2275 1903 2422 1947 certe
2447 1893 2616 1948 Filius
2639 1895 2881 1948 einnium
2933 1895 3124 1960 frater,
3166 1911 3270 1949 non
3315 1905 3494 1950 autem

232 2005 338 2057 ριος
365 1989 393 2039 6
427 1987 574 2050 Θεὸς.
630 1987 698 2039 EI
725 1987 789 2040 δὲ
831 1985 946 2038 ἔστι
1008 1985 1210 2057 Κύριος
1252 1987 1346 2041 καὶ
1380 1987 1533 2051 Θεὸς,
1575 1989 1674 2042 οὐκ
1705 1987 1812 2059 ἄρα

234 2079 470 2148 ἁδελφός.
525 2080 585 2132 EI
625 2078 817 2132 τοίνυν
873 2078 952 2148 τῷ
1013 2078 1126 2148 Υἱῷ
1176 2079 1291 2132 ὖντι
1339 2082 1614 2150 μονογενεί
1659 2080 1812 2134 οὐδὲν

234 2169 337 2221 τῶν
361 2169 522 2222 ὄντων
563 2169 714 2221 ἐστὶν
768 2167 1025 2236 ἀδελφὸν,
1082 2167 1202 2220 οὐδὲ
1253 2169 1573 2240 γεννήματα
1606 2170 1812 2240 κυρίως

222 2259 324 2311 εἰσὶ
355 2258 618 2322 calami,
657 2259 771 2311 εἰσὶ
820 2258 878 2311 δὲ
924 2258 1197 2329 κτίσματα
1252 2260 1489 2331 κυρίως*
1524 2260 1641 2325 πῶς
1701 2261 1808 2331 ἄρα

214 2349 396 2401 ταυτὸν
424 2349 639 2420 κτίσμα
670 2351 769 2403 καὶ
796 2351 1043 2421 γέννημα
1069 2367 1084 2414 ;

914 2557 1120 2611 AAAO.

275 2673 334 2728 Ei
351 2676 409 2728 τὸ
430 2673 665 2745 ποίημα
686 2672 842 2725 ἔσται
875 2671 970 2724 καὶ
995 2671 1264 2741 γέννημα,
1287 2672 1316 2724 ὁ
1351 2670 1522 2725 ποιῶν
1546 2671 1698 2726 ἔσται
1719 2671 1813 2724 καὶ

205 2768 502 2838 γεννήτωρ.
543 2765 665 2818 Καὶ
721 2763 984 2835 προάγων
1031 2763 1130 2834 μὲν
1165 2762 1229 2815 τὸ
1278 2764 1387 2817 πᾶν
1431 2763 1491 2828 ἐξ
1513 2763 1705 2817 ἑαυτοῦ
1736 2764 1812 2827 ὡς

203 2861 502 2930 γεννήτωρ,
530 2857 743 2925 ἔξωθεν
767 2855 823 2908 δὲ
852 2855 913 2909 τὸ
969 2855 1101 2908 αὐτὸ
1137 2855 1304 2910 ποιῶν
1351 2855 1427 2919 ὡς
1457 2856 1809 2927 δημιουργός.

207 2949 335 3002 Είδὲ
360 2947 576 3013 ἔξωθεν
617 2947 783 3000 τοῦτο
813 2949 959 3000 ποιεῖ
994 2947 1022 2999 ὃ
1049 2946 1144 2999 καὶ
1177 2947 1381 3000 τίκτειν
1412 2945 1472 3012 ἐξ
1496 2947 1691 3002 ἑαυτοῦ
1721 2947 1814 3000 δύο

211 3057 372 3102 ναται,
401 3039 530 3102 ἑνὸς
563 3038 726 3100 ὄντος
776 3035 878 3107 ἤδη
907 3033 1004 3088 τοῦ
1041 3034 1129 3088 ἐπ’
1164 3035 1366 3106 ἀμφοῖν
1415 3036 1638 3108 τρόπου,
1696 3037 1814 3101 πῶς

215 3131 266 3181 το
285 3132 336 3184 ὲν
361 3132 444 3183 ἑνὶ
507 3129 815 3199 πράγματι
868 3125 1154 3196 συναχθὲν,
1217 3125 1311 3178 δύο
1367 3127 1711 3198 πραγμάτων
1745 3127 1812 3181 ἃν

1923 1985 2178 2038 Dominus
2214 1985 2372 2038 Deus.
2407 1984 2460 2038 Si
2495 2001 2624 2041 vero
2656 1995 2737 2040 est
2785 1986 3040 2043 Dominus
3076 1999 3129 2041 et
3166 1986 3326 2052 Deus,
3391 2003 3496 2043 non

1919 2074 2082 2144 igitur
2108 2075 2292 2129 frater.
2333 2074 2388 2130 Si
2414 2092 2544 2146 ergo
2587 2076 2746 2141 Filio,
2777 2091 2900 2132 cum
2952 2079 3024 2133 sit
3061 2078 3498 2148 unigenitus,ni-

1920 2166 1992 2220 hil
2020 2181 2084 2220 ex
2127 2165 2192 2220 iis
2228 2181 2350 2236 quae
2385 2169 2657 2223 exsistunt
2697 2167 2870 2238 possit
2928 2168 3035 2223 diei
3085 2169 3272 2232 frater,
3314 2166 3500 2238 profe-

1919 2271 2008 2315 cto
2039 2262 2245 2331 reliqua
2284 2264 2552 2331 genimiua
2581 2265 2794 2334 proprie
2815 2279 2922 2318 non
2948 2272 3128 2325 erunt.
3154 2265 3249 2318 sed
3278 2263 3498 2334 proprie

1918 2359 2200 2406 creaturie.
2237 2352 2521 2418 Quomodo
2544 2367 2675 2423 ergo
2708 2353 2846 2409 idem
2887 2354 2999 2410 sint
3043 2363 3291 2409 creatura
3323 2361 3378 2408 et
3407 2366 3501 2422 ge-

1921 2442 2135 2497 nhuen?

2583 2552 2814 2610 ALIUD.

1991 2671 2046 2726 Si
2086 2686 2219 2740 opus
2250 2678 2303 2726 et
2330 2671 2581 2741 genimen
2639 2678 2766 2724 sunt
2809 2669 2974 2733 idem,
3033 2667 3213 2737 opifex
3257 2668 3420 2723 etiam
3450 2675 3506 2722 et

1919 2767 2132 2838 genitor
2165 2764 2305 2820 idem
2333 2772 2514 2818 erunt.
2546 2761 2612 2817 Et
2642 2762 2949 2832 producens
2980 2762 3200 2831 quidem
3227 2761 3410 2816 omnia
3435 2775 3501 2816 ex

1919 2872 1978 2911 se
2015 2863 2073 2910 ut
2106 2857 2355 2926 genitor,
2390 2853 2728 2910 extrinsecus
2754 2868 2884 2908 vero
2913 2853 3015 2908 hoc
3037 2851 3243 2908 faciens
3275 2863 3504 2908 nterea-

1920 2957 2023 3002 tor.
2051 2948 2108 3002 Si
2141 2963 2267 3003 vero
2303 2947 2643 3004 extrinsecus
2669 2946 2810 3000 idem
2843 2945 2994 3009 facit,
3032 2947 3174 3014 quod
3201 2951 3256 3000 et
3283 2945 3504 3016 gignere

1919 3054 1985 3096 ex
2013 3055 2073 3094 se
2090 3047 2286 3110 potest,
2313 3054 2435 3094 cum
2473 3053 2576 3093 una
2613 3037 2911 3106 eademque
2938 3037 3010 3091 sit
3037 3037 3090 3091 in
3148 3047 3379 3106 utroque
3425 3053 3505 3091 ra-

1921 3131 2018 3197 tio,
2049 3131 2322 3200 quomodo
2350 3130 2494 3200 quod
2528 3130 2580 3183 in
2614 3143 2775 3183 unam
2806 3143 2920 3182 rem
2945 3127 3202 3181 collatum
3237 3137 3340 3192 est,
3377 3129 3503 3181 dua-

221 3221 317 3290 ἓχοι
343 3221 757 3292 προσηγορίας,
797 3221 846 3272 εί
900 3218 974 3289 μὴ
999 3219 1110 3291 ἄρα
1142 3218 1346 3291 Οατέρα
1397 3218 1578 3274 αὐτῶν
1603 3219 1690 3290 εἴη
1732 3219 1814 3272 δι-

1936 3237 2038 3280 'um
2070 3237 2249 3278 rerum
2281 3221 2697 3292 appellationem
2756 3220 2974 3287 habeat,
3011 3219 3114 3274 nisi
3177 3219 3504 3275 alterutrum

226 3311 514 3383 εᾲευσμένη
539 3329 556 3376 ;

923 3424 1126 3478 ΑΛΛΟ.

302 3539 431 3590 lii-.6
470 3538 693 3608 κτίσμα
738 3535 901 3589 τοῦτο
952 3537 1046 3589 καὶ
1082 3536 1349 3608 γέννημα,
1394 3537 1601 3610 κτίσμα
1625 3539 1700 3604 δὲ,
1742 3539 1818 3604 ὥς

236 3645 372 3697 φασι,
412 3631 468 3683 τὸ
519 3628 784 3699 Πνεῦμα,
809 3627 966 3699 δῆλον
996 3628 1078 3682 ὅτι
1140 3631 1235 3684 καὶ
1286 3629 1559 3700 γέννημα.
1600 3631 1738 3685 Ἀλλ’
1771 3632 1820 3685 εί

221 3719 314 3786 μέν
361 3719 585 3790 Πατρὸς
608 3758 623 3780 ,
689 3718 876 3771 οὐκέτι
911 3718 1204 3790 μονογενὴς
1243 3721 1272 3772 6
1303 3719 1449 3782 Υἱός.
1474 3721 1536 3774 Ei
1556 3720 1614 3774 δὲ
1645 3721 1777 3774 Υίοῦ
1802 3760 1818 3786 ,

212 3807 354 3859 ἔσται
397 3807 536 3872 Υἱος
562 3806 728 3871 Υίοῦ,
760 3807 918 3876 εἴπερ
939 3807 1000 3860 τὸ
1030 3807 1232 3879 κτίσμα
1282 3809 1440 3863 τοῦτο
1461 3810 1554 3864 καὶ
1576 3810 1814 3882 γέννημα

1936 3819 2026 3874 erit
2087 3821 2392 3890 unigenitus
2461 3818 2630 3874 Filius

207 3899 487 3969 τυγχάνει.

209 4124 329 4178 Ὀτι
353 4121 456 4192 μὴ
492 4121 578 4185 τῷ
619 4120 842 4180 κτίζειν
876 4121 1212 4246 τὸΘγεζνᾷν
1251 4125 1472 4180 ταυτόν
1510 4125 1681 4178 ἐστιν
1713 4123 1815 4178 ἐδτι

995 4209 1118 4246 εου.

995 4209 1118 4246 εου.

266 4308 332 4362 Εἰ
359 4309 426 4362 τὸ
460 4307 671 4376 γεννᾷν
701 4305 872 4359 καὶτὸ
902 4309 1075 4358 ποιεῖν
1117 4307 1313 4360 ταυτόν
1333 4307 1447 4361 ἐστι
1489 4309 1640 4379 παρὰ
1672 4307 1818 4379 Θεῷ,

195 4402 366 4471 γεννᾷ
390 4400 466 4452 δὲ
499 4398 598 4451 τὸν
626 4397 756 4450 Υίὸν
787 4395 1178 4467 ἁμεσιτεύτως,
1220 4398 1381 4468 δῆλον
1405 4398 1486 4451 ὅτι
1517 4399 1608 4451 καὶ
1639 4398 1820 4452 πάντα

196 4493 365 4562 γεννᾷ
401 4490 446 4560 ἢ
482 4491 638 4542 ποιεῖ
661 4487 1054 4553 ἀμεσιτεύτως.
1095 4487 1231 4541 Εἰδὲ
1280 4491 1444 4558 γεννᾷ
1486 4488 1584 4559 μὲν
1620 4489 1682 4541 οὐ
1732 4489 1822 4542 διά

1928 3330 2112 3370 eorum
2141 3316 2211 3370 sit
2249 3313 2476 3370 falsum?
2563 3335 2568 3339 ·

2592 3427 2828 3485 ALIUD.

1998 3545 2056 3598 Si
2086 3552 2336 3600 creatura
2361 3551 2416 3599 et
2441 3542 2693 3614 genimen
2725 3542 2868 3598 idem
2901 3550 3051 3608 sunt,
3100 3549 3351 3597 creatura
3405 3555 3504 3606 au—

1926 3646 2032 3693 tem
2067 3645 2174 3702 est.
2197 3646 2258 3692 ut
2288 3637 2439 3691 aiunt
2466 3637 2563 3702 illi,
2602 3634 2842 3704 Spiritus
2868 3642 3114 3700 sanctus,
3149 3643 3299 3690 certe
3327 3641 3382 3688 et
3409 3648 3506 3701 ge-

1925 3729 2106 3784 nimen
2141 3731 2269 3784 erit.
2297 3729 2460 3798 Atqui
2505 3729 2548 3782 si
2578 3728 2757 3784 Patris
2791 3728 3043 3797 genimen
3095 3735 3198 3792 est,
3229 3725 3338 3793 jam
3401 3740 3506 3780 non

2689 3836 2704 3872 :
2750 3818 2797 3873 si
2847 3832 2975 3873 vero
3024 3817 3187 3881 Filii,
3242 3817 3348 3898 erit
3425 3813 3510 3870 Fi-

1924 3910 2028 3965 lius
2101 3911 2246 3978 Filii,
2303 3911 2572 3982 siquidem
2625 3919 2875 3965 creatura
2931 3917 2987 3964 et
3065 3908 3314 3978 genimen
3364 3905 3504 3961 idem

1924 4011 2070 4057 sunt.

2033 4135 2185 4202 Quod
2209 4150 2386 4188 creare
2406 4144 2453 4188 et
2476 4134 2686 4204 gignere
2704 4150 2807 4188 non
2842 4143 2967 4188 sunt
2989 4133 3130 4188 idem
3180 4134 3237 4215 in
3260 4132 3398 4188 Deo.

1996 4311 2052 4367 Si
2085 4311 2305 4382 gignere
2328 4319 2385 4366 et
2417 4325 2604 4366 creare
2627 4310 2766 4366 idem
2799 4319 2879 4366 est
2908 4311 2961 4366 in
2992 4309 3124 4378 Deo,
3151 4317 3381 4382 generat
3407 4324 3506 4366 au:-

1928 4412 2032 4457 tem
2062 4402 2256 4456 Filium
2305 4401 2618 4457 immediate
2671 4417 2768 4471 per
2797 4417 2857 4459 se
2884 4419 2899 4459 :
2931 4412 3081 4458 certe
3110 4403 3273 4459 etiam
3326 4403 3508 4459 omnia

1927 4492 2240 4546 immediate
2261 4508 2356 4561 per
2382 4505 2440 4545 se
2471 4501 2696 4562 generat
2723 4491 2806 4546 vel
2838 4491 2988 4546 facit.
3038 4490 3096 4546 Si
3129 4502 3310 4547 autem
3343 4507 3508 4563 gene-

194 4600 365 4646 τινος,
424 4581 630 4634 οὐκέτι
686 4579 743 4632 δὲ
784 4579 877 4632 καὶ
917 4579 989 4632 τὰ
1040 4580 1218 4632 πάντα
1255 4583 1398 4632 ποιεῖ
1421 4580 1814 4650 ἀμεσιτεύτως,

1936 4591 2014 4636 rat
2045 4599 2149 4637 non
2181 4597 2279 4652 per
2301 4583 2562 4652 aliquem,
2596 4591 2649 4635 at
2681 4597 2788 4636 non
2813 4583 2994 4643 omnia
3023 4581 3154 4636 facit
3200 4581 3511 4648 immediate

198 4675 313 4737 πῶς
343 4675 414 4728 τὸ
448 4673 658 4742 γεννᾷν
694 4670 888 4723 ταυτόν
948 4671 1064 4724 ἐστι
1115 4669 1194 4740 τῷ
1237 4672 1410 4723 ποιεῖν
1460 4672 1611 4742 παρὰ
1665 4671 1820 4742 Θεῴ;

198 4768 352 4820 ῐῐοιεῖ
373 4765 443 4819 δὲ
482 4763 734 4832 σεισμὸν,
783 4761 990 4831 λοιμὸν,
1024 4761 1428 4831 κατακλυσμὸν,
1466 4763 1638 4818 ταῦτα
1669 4765 1822 4818 ἔσται

199 4858 418 4922 γεννῶν
451 4855 688 4919 ἃποιεί,
724 4855 883 4924 εἴπερ
934 4854 1012 4924 τῷ
1043 4856 1216 4908 ποιεῖν
1258 4853 1318 4906 τὸ
1374 4856 1568 4926 γεννᾷν
1619 4858 1819 4910 ταυτὸν

202 4948 313 5003 ἐστι
342 4967 431 5002 πα
440 4947 500 5020 ρ’
530 4945 706 5016 αὐτῷ.

932 5057 1133 5110 AAAO.

272 5177 335 5230 Ei.
370 5175 517 5231 ὅθεν
561 5172 730 5242 γεννᾷ
779 5170 949 5234 Θεὸς,
1007 5171 1217 5225 ἐκεῖθεν
1270 5173 1363 5225 καὶ
1406 5172 1614 5238 κτίζει,
1669 5174 1820 5228 οὐδὲν

203 5268 459 5339 ἀραχνου
485 5265 704 5326 διοίσει,
737 5264 857 5318 κατ’
884 5263 1098 5327 αὐτοὺς,
1125 5264 1220 5318 τοῦ
1248 5265 1309 5318 τὸ
1339 5265 1544 5329 κτίζειν
1583 5267 1734 5337 παρὰ
1763 5269 1822 5321 τὸ

207 5362 410 5430 γεννᾷν
444 5357 554 5412 οὐκ
582 5355 760 5420 ἄλλως
786 5355 1019 5426 ἔχοντος.
1057 5356 1197 5409 Ἀλλ’
1221 5348 1377 5420 οὗτος
1420 5357 1519 5426 μὲν
1542 5357 1692 5430 νόμῳ
1723 5358 1824 5428 φύν

205 5467 346 5513 σεως
380 5449 688 5518 ἀγόμενος,
720 5447 843 5500 ὅθεν
872 5449 1053 5518 γεννᾷ,
1087 5448 1295 5502 ἐκεῖθεν
1337 5449 1431 5503 καὶ
1464 5448 1660 5513 κτίζει.
1685 5450 1822 5514 Θεὸς

197 5539 281 5603 δὲ,
300 5541 410 5593 οὐκ
431 5536 512 5591 ὢν
537 5537 646 5590 ὑπὸ
672 5537 853 5604 φύσιν,
879 5538 955 5600 ὡς
984 5538 1196 5608 ἀνάγκη
1219 5539 1433 5607 φύσεως
1463 5541 1822 5610 ὑποκείμενος

212 5633 345 5700 παρ’
375 5629 567 5686 αὐτῶν
601 5628 949 5699 ἀτιμάζεται.

923 5743 1130 5796 ΑΛΛΟ.

285 5855 360 5909 Εἰ
390 5856 514 5909 ἐπεὶ
543 5854 840 5933 ἀσύνθετον
872 5857 930 5910 τὸ
960 5857 1134 5923 Θεῖον,
1165 5857 1421 5923 ὡσαύτως
1455 5857 1566 5924 ἔχει
1594 5857 1669 5923 τῷ
1696 5872 1820 5923 γεν-

1926 4689 2021 4745 per
2056 4689 2135 4739 se,
2193 4674 2463 4742 quomodo
2505 4673 2644 4726 idem
2683 4673 2785 4724 erit
2824 4686 3086 4738 generare
3125 4681 3180 4724 et
3231 4670 3413 4724 facere
3453 4672 3508 4726 in

1929 4765 2079 4820 Deo?
2106 4763 2260 4818 Facit
2289 4777 2419 4818 vero
2455 4770 2613 4817 terra:
2665 4769 2894 4823 motum,
2929 4767 3159 4828 pestem.
3191 4758 3455 4814 diluvium
3489 4779 3505 4816 :

1927 4871 2058 4924 ergo
2085 4865 2140 4911 et
2171 4862 2398 4926 generat
2431 4867 2550 4923 quae
2572 4851 2721 4917 facit,
2753 4851 2799 4905 si
2838 4851 2997 4906 modo
3019 4865 3282 4920 generare
3338 4859 3394 4906 et
3426 4851 3507 4905 t‘ao

1929 4962 2052 5003 cere.
2083 4947 2226 5002 idem
2258 4947 2311 5002 in
2340 4946 2458 5017 ipso
2477 4952 2580 5000 est.

2491 5056 2653 5130 134
2707 5054 2940 5112 ALIUD.

1997 5175 2052 5228 Si
2083 5173 2225 5227 unde
2241 5181 2469 5244 generat
2512 5173 2676 5238 Deus,
2711 5171 2834 5226 inde
2860 5170 3022 5226 etiam
3044 5175 3217 5233 creat,
3253 5167 3386 5222 nihil
3440 5168 3512 5222 ab

1931 5277 2129 5318 araneo
2155 5261 2387 5329 diﬂeret,
2412 5262 2570 5332 juxta
2603 5262 2742 5325 illos,
2774 5261 2863 5330 qui
2901 5275 3005 5314 non
3031 5259 3134 5311 alia
3170 5258 3380 5311 ratione
3411 5270 3508 5324 ge-

1930 5364 2106 5421 nerat,
2129 5370 2288 5423 quam
2319 5353 2466 5408 facit.
2500 5353 2603 5407 Sed
2634 5353 2720 5408 hic
2753 5351 2969 5421 quidem
2999 5349 3113 5419 lege
3137 5359 3340 5403 natura:
3400 5348 3505 5401 du-

1931 5455 2072 5510 ctus,
2098 5445 2238 5499 unde
2268 5451 2513 5514 generat,
2539 5443 2665 5497 inde
2689 5450 2743 5496 et
2762 5449 2930 5496 creat.
2987 5438 3129 5494 Deus
3177 5448 3358 5492 autem
3386 5452 3510 5490 cum

1934 5553 2038 5592 non
2071 5536 2143 5592 sit
2177 5547 2388 5590 natura:
2418 5533 2713 5601 subjectus,
2755 5541 3012 5601 tanquam
3062 5539 3270 5585 natura:
3303 5527 3514 5599 legibus

1928 5627 2173 5683 subditus
2202 5604 2271 5680 ab
2297 5626 2427 5695 ipsis
2453 5624 2839 5681 contemnitur.

2607 5735 2839 5793 ALIUD.

2007 5851 2066 5909 Si
2093 5853 2349 5921 quoniam
2394 5851 2661 5910 Divinitas
2703 5851 3003 5917 composita
3047 5865 3156 5908 non
3187 5857 3290 5914 est.
3319 5851 3509 5907 eadem
