3996 6440
483 412 580 470 511

1517 416 1574 471 S.
1618 414 1898 471 CYRILLI
1933 409 2404 468 ALEXANDRINI
2443 414 2759 470 ARCHIEP.

3641 407 3763 467 513

491 525 700 582 ratione
730 534 972 597 generat,
1029 542 1134 597 qua
1190 535 1381 582 creat:
1411 529 1599 583 eadem
1640 529 1805 584 etiam
1855 529 2062 584 ratione

2188 530 2263 600 ιᾷν
2285 531 2345 582 rb
2384 532 2556 582 ποιεῖν
2581 570 2594 593 ,
2641 528 2900 590 ὡσαύτως
2958 527 3067 592 ἕξει
3113 528 3205 581 καὶ
3243 526 3303 580 τὸ
3342 525 3763 597 προγινώσκειν

489 628 926 688 ρτιεηοεεει,ιιιιε
961 618 1147 685 faciet,
1177 626 1234 673 ut
1255 618 1508 673 nimirum
1531 619 1694 675 etiam
1721 621 1823 675 hac
1852 621 2060 674 ratione

490 708 562 761 sit
581 723 684 763 non
718 709 1037 777 composita.
1065 707 1213 775 Quod
1229 707 1276 763 si
1305 708 1376 762 ita
1405 717 1506 775 est,
1537 712 1875 766 eritomnino
1897 710 2061 766 etiam

492 799 698 854 faciens
758 798 896 853 mala
947 813 1067 865 quae
1122 799 1433 868 praenoscit,
1462 801 1508 855 si
1551 804 1710 856 modo
1741 802 1882 856 idem
1936 811 2066 856 sunt

493 889 607 944 haec
655 889 708 942 in
749 888 884 957 ipso,
935 887 1075 957 quod
1115 889 1331 958 quidem
1375 898 1458 944 est
1487 906 1590 945 non
1629 905 1750 947 esse
1798 890 2064 962 composi-

497 991 628 1034 tum.

1161 1091 1395 1148 ALIUD.

564 1199 620 1253 Si
649 1198 790 1256 Deus
813 1202 1001 1257 eadem
1032 1203 1239 1258 ratione
1255 1212 1479 1274 generat
1499 1216 1554 1259 et
1583 1214 1753 1272 creat,
1782 1205 1905 1274 quia
1928 1218 2068 1258 com-

481 1279 702 1359 positus
730 1305 838 1345 non
871 1300 953 1346 est
983 1311 997 1347 :
1051 1293 1236 1348 videre
1260 1303 1314 1348 et
1339 1309 1598 1363 generare
1628 1294 1767 1350 idem
1816 1294 1978 1348 etiam
2013 1293 2067 1348 in

497 1383 614 1452 ipso
644 1383 830 1452 fuerit,
864 1393 922 1439 ut
951 1385 1005 1439 in
1025 1385 1334 1442 universum
1367 1403 1472 1442 non
1497 1387 1568 1442 sit
1619 1387 1972 1457 compositus.
2010 1384 2066 1440 Si

495 1489 625 1530 vero
690 1476 806 1532 haec
872 1491 977 1532 non
1031 1487 1158 1533 sunt
1210 1479 1264 1534 in
1315 1494 1380 1536 eo
1427 1478 1784 1534 indifferentia
1816 1519 1830 1542 ,
1910 1487 2071 1546 atque

494 1565 688 1620 eadem
735 1566 930 1637 (neque
970 1568 1113 1623 enim
1177 1572 1319 1639 qttod
1382 1569 1547 1634 videt,
1592 1571 1697 1624 hoc
1747 1579 1801 1624 et
1826 1567 2070 1639 generat)

497 1654 818 1724 simplicitas
864 1656 980 1725 ejus
1041 1673 1145 1712 non
1200 1659 1414 1714 laeditur
1450 1676 1462 1711 :
1501 1674 1568 1714 ne
1597 1659 1648 1714 id
1683 1658 1896 1728 quidem
1929 1660 2072 1727 quod

501 1745 658 1801 aliter
707 1759 949 1818 generet,
999 1750 1156 1806 aliter
1209 1759 1377 1818 creet,
1428 1749 1622 1806 elliciet
1678 1759 1734 1805 ut
1793 1750 1863 1806 sit
1912 1764 2068 1808 com-

499 1839 726 1906 positus.
1673 1849 1675 1852 ‘

1164 1952 1396 2010 ALIUD.

568 2065 625 2119 Si
652 2066 924 2135 inquibus
954 2082 1216 2138 generare
1245 2080 1299 2124 et
1347 2082 1536 2125 creare
1595 2069 1808 2124 diversa
1835 2079 1982 2135 sunt,
2037 2071 2074 2123 ii

493 2168 757 2227 generant
785 2174 851 2215 ex
883 2161 1098 2231 seipsis,
1151 2171 1339 2218 creant
1391 2177 1520 2217 vero
1569 2163 1952 2218 extrinsecus:
2021 2163 2073 2217 in

493 2249 694 2320 quibus
717 2265 842 2306 vero
867 2265 1128 2322 generare
1155 2260 1210 2307 et
1230 2266 1422 2307 creare
1452 2250 1592 2307 idem
1615 2261 1718 2317 est,
1744 2254 1796 2308 in
1822 2253 1888 2308 iis
1918 2268 2043 2311 crea
2061 2282 2075 2294 -

495 2357 558 2398 re
586 2342 926 2412 extrinsecus
958 2359 1063 2398 non
1111 2344 1348 2409 exsistit,
1393 2345 1846 2414 quemadmodum
1901 2360 2076 2414 neque

491 2449 564 2486 ex
599 2447 721 2488 sese
754 2447 1037 2502 generare.
1071 2435 1128 2489 Si
1191 2449 1322 2490 vero
1381 2437 1717 2491 extrinsecus
1753 2443 1960 2490 tantum
1997 2436 2071 2490 illi

491 2524 820 2589 concedunt,
847 2526 987 2593 quod
1020 2525 1236 2594 quidem
1271 2535 1353 2582 est
1375 2525 1574 2591 facere,
1622 2540 1889 2596 generare
1949 2539 2076 2580 vero

492 2625 600 2664 non
631 2610 757 2666 item
795 2629 807 2666 :
837 2613 1120 2683 adoptione
1155 2613 1258 2668 erit
1288 2623 1461 2682 pater,
1495 2614 1585 2682 qui
1622 2616 1888 2672 naturalis
1912 2629 2070 2670 crea-

495 2711 581 2756 lOI’
608 2712 709 2759 831.

1167 2817 1398 2875 ALIUD.

570 2928 626 2982 Si
659 2943 920 2998 generare
977 2939 1032 2984 et
1082 2944 1272 2986 creare
1316 2931 1400 2986 in.
1427 2931 1557 2998 Deo,
1589 2933 1716 3002 quia
1742 2932 2076 3003 compositus

498 3032 604 3072 non
631 3029 734 3084 est,
776 3019 916 3074 idem
947 3030 1095 3086 sunt,
1123 3035 1228 3076 non
1260 3029 1439 3077 autem
1463 3021 1626 3077 etiam
1657 3023 1710 3076 in
1745 3023 1922 3089 nobis,
1949 3023 2076 3092 quia

498 3111 632 3167 tales
660 3125 764 3166 non
790 3126 976 3168 sumus
1011 3129 1024 3165 :
1062 3113 1202 3170 idem
1220 3115 1326 3170 erit
1355 3115 1407 3168 in
1427 3113 1518 3168 illo
1539 3128 1877 3183 praenoscere
1905 3125 1958 3170 et
1985 3129 2075 3184 ge-

2163 620 2242 690 τῷ
2278 624 2471 687 ποιεῖν,
2500 623 2586 674 ἵνα
2611 622 2704 674 καὶ
2729 622 2899 693 ταύτῃ
3004 621 3313 674 ἀσύνθετον.
3357 621 3419 672 Et
3469 619 3524 671 δὲ
3552 619 3723 672 τοῦτο
3741 663 3755 680 ,

2167 710 2318 763 ἔσται
2345 710 2515 765 ποιῶν
2533 711 2569 764 ἂ
2603 711 2962 782 προγινώσκει
2986 711 3152 774 κακὰ,
3175 711 3334 781 εἴπερ
3357 710 3550 763 ταυτὸν
3568 709 3763 762 ταῦτα

2167 805 2298 873 παρ’
2333 803 2499 875 αὐτῷ,
2531 805 2612 858 ὅτι
2639 804 2702 875 δὴ
2731 806 2823 858 καὶ⁵
2851 802 3159 858 ἀσύνθετον.

2852 1057 3058 1142 ΑΛΑο.

2243 1201 2304 1252 Ei
2337 1199 2396 1252 rb
2428 1202 2620 1268 γεννᾷν
2657 1198 2754 1252 καὶ
2795 1201 2862 1255 rb
2889 1200 3093 1263 κτίζειν
3136 1198 3400 1262 ὡσαύτως
3435 1197 3547 1269 ἔχει
3575 1199 3714 1263 Θεὸς
3738 1239 3758 1262 ,

2172 1291 2357 1361 ἐπειδὴ
2384 1291 2693 1354 άσύνθετος,
2721 1293 2812 1345 καὶ
2836 1293 2896 1345 rb
2917 1293 3050 1362 ὁρᾷν
3105 1289 3182 1361 τῷ
3214 1292 3410 1362 γεννᾷν
3443 1292 3637 1344 ταυτὸν
3681 1292 3759 1345 ἂν

2172 1382 2256 1454 εἴη
2285 1385 2414 1455 παρ’
2443 1383 2615 1454 αὐτῷ,
2667 1384 2752 1437 ἵνα
2801 1384 2979 1456 πάντη
3003 1388 3061 1438 ὲν
3098 1385 3246 1456 αὐτῷ
3270 1385 3330 1438 τὸ
3357 1384 3651 1438 ἀσύνθετον

2173 1477 2238 1530 Et
2271 1477 2327 1530 δὲ
2355 1475 2428 1548 μὴ
2455 1476 2583 1530 ὄντα
2611 1478 2738 1549 παρ’
2773 1477 2922 1548 αὒτῷ
2984 1477 3156 1531 ταῦτα
3202 1477 3473 1549 ἀδιάφορα
3513 1476 3595 1548 (οὐ
3638 1477 3760 1548 γὰρ

2173 1570 2309 1640 ὅπερ
2338 1571 2457 1640 ὁρᾷ,
2487 1569 2646 1622 τοῦτο
2674 1571 2889 1633 πάντως
2917 1570 3011 1623 καὶ
3039 1568 3260 1641 τίκτει),
3277 1570 3338 1624 rb
3365 1570 3566 1624 ἁπλοῦν
3587 1569 3759 1623 αὑτοῦ

2174 1661 2234 1714 ού
2274 1660 2613 1732 λυμαίνεται,
2631 1662 2750 1715 οὐδὲ
2777 1662 2836 1716 τὸ
2855 1663 3050 1732 γεννᾷν
3080 1661 3321 1732 δηλονότι
3358 1661 3517 1714 αὑτὸν
3546 1661 3760 1732 ἑτέρως

2174 1755 2269 1808 καὶ
2321 1755 2521 1819 κτίζειν
2575 1754 2768 1819 ἄλλως,
2827 1753 3080 1825 στέρησιν
3127 1753 3274 1824 αύτῷ
3312 1752 3406 1806 τοῦ
3457 1751 3758 1807 ἀσυνθέτου

2100 1862 2148 1922 Β
2175 1844 2484 1916 ἐργάζεται.

2861 1955 3066 2008 AAAO.

2248 2073 2310 2124 Et
2344 2071 2471 2141 παρ’
2507 2063 2589 2132 οἷς
2638 2068 2733 2122 τοῦ
2785 2067 2977 2138 γεννᾷν
3017 2066 3077 2119 rb
3137 2065 3341 2130 κτίζειν
3369 2063 3577 2134 ἕτερον,
3606 2063 3760 2133 παρὰ

2175 2164 2385 2224 τούτοις
2409 2160 2470 2214 rb
2497 2159 2556 2224 ἐξ
2585 2158 2793 2212 ἑαυτῶν
2813 2158 3028 2228 γεννᾷν,
3055 2155 3255 2221 ἔξωθεν
3275 2155 3330 2208 δὲ
3362 2154 3566 2219 κτίζειν
3589 2153 3761 2224 ὑπάρ-

2177 2270 2282 2323 χει,
2311 2252 2437 2322 παρ’
2470 2244 2514 2318 ᾧ
2542 2250 2598 2303 δὲ
2628 2249 2689 2302 rb
2707 2250 2902 2318 γεννᾷν
2921 2247 3001 2318 τῷ
3033 2247 3238 2311 κτίζειν
3277 2247 3492 2308 ταυτὸν,
3523 2245 3585 2298 rb
3627 2245 3759 2310 ἕξω-

2178 2343 2268 2397 θεν
2302 2341 2505 2405 κτίζειν
2526 2342 2624 2410 οὺχ
2647 2339 2904 2410 ὑπάρχει,
2955 2336 3031 2402 ὡς
3059 2338 3181 2392 οὐδὲ
3209 2337 3272 2390 τὸ
3291 2335 3502 2390 οἴκοθεν
3538 2336 3748 2405 γεννᾷν.

2178 2436 2240 2487 El
2271 2435 2326 2486 δὲ
2352 2434 2412 2487 τὸ
2446 2432 2645 2496 ἔξωθεν
2669 2431 2826 2500 μόνον
2860 2431 3009 2502 αύτῷ
3036 2429 3429 2500 συγχωροῦσιν,
3459 2429 3488 2482 ὅ
3518 2429 3634 2480 ἐστι
3661 2426 3759 2498 μὲν

2179 2528 2372 2592 ποιεῖν,
2407 2526 2602 2596 γεννᾷν
2633 2524 2690 2576 δὲ
2722 2524 2780 2576 ού
2809 2523 3046 2589 θέλουσι,
3105 2522 3252 2576 θέσει
3297 2521 3449 2576 ἔσται
3499 2519 3686 2592 πατὴρ
3735 2518 3764 2570 ὀ

2180 2618 2321 2672 κατὰ
2344 2616 2502 2686 φύσιν
2534 2614 2884 2686 δημιουργός.

2848 2812 3049 2864 ΑΛΛΟ.

2250 2930 2312 2981 Ei
2366 2927 2425 2980 rb
2468 2925 2659 2995 γεννᾷν
2712 2923 2804 2977 καὶ
2839 2922 2901 2975 rb
2947 2919 3154 2984 κτίζειν
3195 2917 3347 2988 παρὰ
3379 2916 3518 2987 Θεῷ,
3573 2914 3768 2985 ἐπειδὴ

2181 3019 2493 3084 άσύνθετος,
2518 3016 2711 3071 ταύτόν
2742 3017 2910 3077 ἐστιν,
2941 3013 3126 3066 οὐκέτι
3178 3010 3235 3064 δὲ
3287 3010 3382 3064 καὶ
3416 3010 3546 3078 παρ’
3592 3008 3767 3077 ἡμῖν,

2180 3114 2303 3169 ἐπεὶ
2340 3112 2414 3184 μὴ
2439 3110 2692 3174 τοιοῦτοι,
2714 3108 2868 3161 ἔσται
2885 3106 3081 3160 ταυτὸν
3116 3106 3243 3174 παρ’
3263 3102 3410 3172 αύτῷ
3427 3101 3487 3155 τὸ
3516 3102 3771 3170 προνοεῖν

498 3203 848 3258 nerare.Non
871 3203 1016 3258 enim
1044 3203 1146 3260 hoc
1183 3205 1235 3259 in
1261 3205 1417 3260 nobis
1443 3204 1585 3259 idem
1617 3215 1719 3271 est,
1755 3206 1882 3275 quia
1921 3218 2065 3278 com-

2188 3207 2256 3279 τῷ
2285 3207 2498 3277 γεννᾷν.
2521 3204 2594 3257 Οὐ
2619 3201 2728 3274 γὰρ
2746 3200 2914 3255 ταυτὸ
2942 3196 3100 3252 τοῦτο
3127 3197 3254 3266 παρ’
3277 3197 3430 3267 ἡμῖν,
3461 3194 3544 3247 ὅτι
3575 3192 3772 3246 σύνθεο

497 3291 657 3360 positi
682 3306 890 3347 sumus.
917 3290 974 3346 Si
1009 3307 1138 3347 vero
1159 3294 1387 3362 simplex
1419 3293 1565 3348 illius
1594 3301 1786 3348 natura
1826 3300 1878 3346 et
1926 3305 2073 3346 com-

499 3383 783 3449 positionis
809 3397 1023 3452 expers,
1081 3397 1202 3438 eam
1256 3398 1376 3452 quae
1404 3384 1455 3437 in
1483 3383 1639 3437 nobis
1673 3390 1776 3448 est,
1816 3380 2074 3436 differen-

500 3473 652 3540 tiam,
690 3488 794 3527 non
830 3474 1099 3529 diversam
1133 3476 1200 3530 ab
1234 3489 1299 3529 eo
1346 3489 1466 3529 esse
1490 3474 1664 3542 coegit
1692 3491 1705 3526 :
1734 3487 1801 3527 ne
1829 3471 1929 3527 hoc
1964 3472 2076 3540 qui-

500 3564 622 3618 dem
649 3564 794 3633 quod
821 3565 980 3621 aliter
1009 3572 1252 3632 generet,
1291 3563 1454 3620 aliter
1479 3574 1648 3630 creet,
1687 3562 1880 3618 emciet
1913 3571 1970 3618 ut
2003 3561 2076 3617 sit

498 3657 852 3726 compositus.
1169 3673 1174 3678 '

1178 3769 1401 3824 ALIUD.

573 3883 628 3936 Si
676 3897 931 3951 generare
970 3885 1108 3938 idem
1143 3893 1227 3937 est
1252 3884 1395 3952 quod
1422 3897 1630 3949 creare,
1678 3897 1946 3952 generans
1973 3886 2074 3940 erit

500 3988 689 4028 creans
717 3973 766 4027 id
827 3975 968 4044 quod
1026 3982 1344 4043 generatum
1410 3983 1511 4038 est,
1577 3983 1631 4028 et
1690 3989 1960 4043 generans
2023 3976 2075 4030 id

499 4065 640 4134 quod
664 4076 903 4121 creatum
935 4075 1036 4122 est.
1063 4067 1132 4121 At
1164 4079 1292 4120 vero
1350 4065 1527 4121 facere
1581 4067 1694 4120 sive
1738 4081 1930 4122 creare
1989 4077 2074 4122 est

499 4159 849 4226 operationis,
909 4173 1172 4228 generare
1200 4174 1328 4215 vero
1356 4167 1580 4214 naturae.
1615 4157 1820 4213 Natura
1892 4168 2072 4213 autem

497 4259 554 4302 et
583 4250 822 4320 Operatio
843 4266 948 4305 non
973 4260 1093 4307 sunt
1124 4251 1263 4307 idem
1290 4267 1305 4307 :
1332 4265 1593 4321 generare
1617 4249 1781 4320 igitur
1801 4259 1854 4305 ct
1888 4264 2075 4306 creare

499 4354 603 4398 non
634 4349 758 4396 sunt
793 4341 954 4396 idem.

1139 4424 1393 4511 Ἀιηηλ

2182 3301 2354 3355 τοι·εί
2387 3299 2444 3353 δὲ
2467 3298 2528 3351 rb
2561 3294 2766 3351 ἁπλοῦν
2809 3291 2974 3347 αὑτοῦ
3017 3290 3110 3344 καὶ
3149 3288 3440 3343 ἀσύνθετον
3494 3286 3595 3356 τὴν
3633 3284 3772 3355 παρ’

2185 3394 2314 3463 ἡμῖν
2335 3388 2597 3460 διαφορὰν
2621 3388 2720 3440 οὐκ
2756 3386 2974 3439 ἀλλοίαν
3008 3378 3146 3435 εἷναι
3185 3382 3318 3450 παρ’
3353 3377 3502 3448 αύτῷ
3548 3377 3775 3444 ἐξεϐιά-

2187 3503 2334 3550 σατο,
2352 3484 2471 3537 οὐδὲ
2499 3483 2560 3536 rb
2582 3481 2778 3551 γεννᾷν
2803 3478 2963 3532 αὐτὸν
2984 3475 3178 3538 ἄλλως,
3197 3475 3290 3528 καὶ
3312 3472 3514 3538 κτίζειν
3539 3470 3774 3541 ἑτέρως,

2186 3573 2439 3647 στέρησιν
2470 3570 2614 3642 αύτῷ
2646 3569 2738 3624 τοῦ
2773 3566 3066 3622 άσυνθὲτου
3096 3561 3410 3634 ἐργάζεται.

2877 3767 3077 3822 ΛΔΛΟ.

2256 3889 2318 3942 Et
2342 3887 2417 3956 τῷ
2437 3885 2629 3954 γεννᾷν
2659 3882 2852 3936 ταυτόν
2887 3883 3002 3933 ἐστι
3027 3878 3086 3931 rb
3112 3878 3304 3940 ποιεῖν,
3328 3879 3355 3929 ὁ
3378 3872 3586 3942 γεννῶν
3613 3872 3766 3925 ἔσται

2185 3980 2353 4034 ποιῶν
2400 3979 2460 4031 τὸ
2509 3974 2874 4045 γεννώμενον,
2926 3971 3019 4025 καὶ
3062 3967 3265 4038 γεννῶν
3306 3967 3365 4020 rb
3417 3964 3768 4034 ποιούμενον.

2197 4071 2355 4126 Ἀλλὰ
2387 4071 2448 4122 rb
2473 4069 2572 4136 μὲν
2599 4070 2794 4131 ποιεῖν,
2831 4064 3111 4134 ἐνεργείας
3164 4062 3300 4127 ἐστὶ,
3357 4059 3571 4129 φύσεως
3621 4057 3681 4109 δὲ
3709 4055 3771 4108 rb

2184 4164 2398 4233 γεννᾷν.
2431 4161 2596 4223 Φύσις
2621 4159 2679 4212 δὲ
2721 4158 2814 4212 καὶ
2877 4155 3128 4226 ἐνέργεια
3171 4154 3232 4206 ού
3285 4151 3498 4206 ταυτὸν·
3531 4149 3630 4202 οὐκ
3655 4147 3768 4217 ἄρα

2181 4255 2259 4309 τῶ
2290 4255 2482 4324 γεννᾷν
2525 4252 2586 4305 rb
2625 4251 2799 4304 ποιεῖν
2830 4247 3023 4302 ταυτὸν
3054 4245 3228 4298 ἔσται.

3387 4319 3412 4339 ο

2874 4452 3078 4524 ΑΛΛΟ.

569 4566 625 4620 Si
679 4567 767 4635 qui
793 4566 993 4636 aliquid
1030 4568 1160 4623 facit
1195 4566 1373 4633 Opil‘ex
1404 4576 1506 4631 est,
1542 4567 1632 4636 qui
1687 4580 1813 4619 vero
1853 4577 2070 4635 generat

2249 4572 2311 4624 Ei
2335 4569 2411 4639 τῷ
2440 4570 2612 4621 ποιεῖν
2641 4564 2970 4636 δημιουργός
2993 4563 3074 4626 τίς
3096 4563 3232 4627 ἐστι,
3257 4558 3334 4630 τῷ
3353 4559 3410 4612 δὲ
3438 4558 3630 4626 γεννᾷν
3660 4571 3766 4608 πα-

499 4665 671 4724 pater,
697 4667 841 4711 certe
869 4673 973 4710 non
999 4665 1122 4711 sunt
1146 4657 1286 4710 idem
1346 4655 1524 4711 facere
1567 4666 1622 4710 et
1652 4670 1848 4724 genera
1867 4671 1921 4710 re
1951 4675 1964 4712 :
1995 4659 2068 4712 si-

496 4747 713 4818 quidem
754 4748 897 4803 aliud
938 4746 1096 4816 185
1145 4748 1358 4816 quidem
1403 4757 1487 4802 est
1525 4760 1696 4817 pater,
1740 4755 1794 4803 et
1837 4749 2072 4805 vicissim

497 4839 676 4911 opifex
707 4840 872 4896 aliud.
897 4839 952 4892 Si
988 4854 1111 4892 vero
1136 4838 1314 4894 facere
1334 4840 1472 4893 idem
1506 4849 1588 4894 est
1619 4840 1762 4910 quod
1782 4855 2065 4910 generare,

497 4933 671 5002 opifex
723 4933 825 4988 erit
889 4941 945 4986 et
1012 4940 1184 5000 pater.
1235 4932 1290 4986 Si
1346 4940 1526 4987 autem
1579 4932 1720 4988 lilius
1765 4943 1848 4989 est
1899 4935 2072 4990 factor

497 5041 600 5078 una
652 5040 772 5078 cum
837 5033 1010 5092 patre,
1072 5024 1161 5091 qui
1206 5039 1337 5079 vero
1391 5024 1564 5079 factor
1625 5037 1729 5091 est,
1764 5036 1846 5082 est
1907 5028 2068 5080 etiam

497 5122 649 5180 pater
683 5129 696 5165 :
732 5112 874 5167 lilius
923 5112 1083 5165 etiam
1123 5112 1237 5183 ipse
1280 5114 1385 5168 erit
1412 5125 1582 5184 pater,
1605 5119 1744 5187 quod
1774 5119 2068 5172 absurdum

498 5213 602 5260 est.

1171 5315 1400 5374 ALIUD.

570 5448 627 5504 Si
658 5447 798 5502 idem
829 5457 955 5502 sunt
978 5457 1130 5518 pater
1150 5461 1201 5506 et
1234 5461 1468 5519 creator,
1505 5454 1770 5524 siquidem
1808 5469 2070 5524 generare

497 5539 755 5594 etfacere
781 5538 922 5593 idem
941 5547 1086 5606 sunt,
1109 5550 1163 5597 et
1189 5553 1402 5599 creator
1430 5556 1514 5600 est
1552 5559 1749 5600 nomen
1797 5546 2068 5613 operatio-

499 5630 584 5686 nis
613 5643 626 5678 :
665 5635 819 5694 pater
841 5645 1055 5699 quoque
1079 5635 1268 5688 merito
1289 5635 1646 5703 operationis,
1697 5650 1802 5690 non
1855 5636 2070 5691 relatio-

498 5721 585 5779 nis
611 5734 806 5777 nomen
840 5721 1018 5778 fuerit.
1056 5722 1108 5779 Si
1145 5740 1272 5780 vero
1299 5735 1353 5782 et
1405 5725 1506 5780 hoc
1539 5737 1592 5780 et
1626 5727 1752 5780 illud
1799 5729 2068 5797 operatio-

497 5813 584 5875 ιιὶε
607 5825 798 5873 nomen
846 5826 970 5871 est:
1015 5826 1159 5873 certe
1212 5835 1317 5875 uno
1362 5827 1521 5890 atque
1583 5819 1770 5875 eodem
1829 5830 2067 5890 tempore

2181 4667 2304 4734 τὴρ,
2355 4661 2455 4715 οὐκ
2499 4661 2563 4713 ἂν
2595 4661 2678 4729 εἴη
2710 4657 2904 4710 ταυτὸν
2932 4656 2991 4708 rb
3018 4657 3193 4708 ποιεῖν
3243 4652 3320 4723 τῷ
3353 4652 3568 4720 γεννᾷν,
3603 4648 3769 4717 εἴπερ

2179 4755 2363 4824 ἕτερον
2392 4753 2489 4822 μὲν
2521 4751 2634 4804 ἔστι
2664 4750 2866 4820 πατὴρ,
2891 4746 3220 4818 δημιουργὸς
3247 4745 3302 4797 δὲ
3330 4743 3530 4812 ὁμοίως
3554 4741 3763 4811 ἕτερον.

2181 4847 2241 4898 Εἰ
2273 4845 2329 4896 δὲ
2349 4843 2427 4912 τῷ
2451 4845 2621 4895 ποιεῖν
2658 4841 2854 4894 ταυτόν
2883 4841 2998 4891 ἐστι
3034 4838 3094 4889 τὸ
3119 4837 3333 4906 γεννᾷν,
3359 4837 3386 4888 ὁ
3415 4833 3584 4885 ποιῶν
3609 4831 3766 4884 ἔσται

2180 4938 2274 4992 καὶ
2305 4938 2504 5006 πατὴρ.
2536 4937 2598 4988 Εἰ
2643 4934 2700 4987 δὲ
2754 4933 2868 4986 ἐστι
2901 4929 3128 5001 ποιητὴς
3168 4929 3196 4981 ὁ
3228 4927 3343 4988 υἱὸς
3390 4924 3506 4993 ἅμα
3541 4922 3618 4992 τῷ
3659 4938 3768 4974 πα·-

2179 5033 2286 5103 τρὶ,
2321 5033 2348 5082 ὁ
2384 5029 2440 5080 δὲ
2506 5027 2674 5080 ποιῶν
2722 5022 2965 5077 ἐστικαὶ
3023 5020 3223 5089 πατὴρ,
3269 5017 3419 5070 ἔσται
3453 5014 3545 5068 καὶ
3600 5011 3765 5074 αὐτὸς

2179 5120 2378 5193 πατὴρ,
2410 5121 2543 5188 ὅπερ
2577 5119 2791 5173 ἄτοπον.

2861 5311 3062 5364 ΛΑΛΟ.

2250 5455 2313 5507 Ei.
2334 5454 2527 5506 ταυτὸν
2556 5453 2668 5504 ἐστι
2706 5447 2889 5518 πατὴρ
2914 5447 3007 5500 καὶ
3036 5444 3390 5514 δημιουργὸς,
3411 5442 3534 5494 ἐπεὶ
3565 5443 3660 5495 καὶ
3681 5443 3766 5513 τῷ

2178 5547 2371 5616 γεννᾷν
2399 5545 2460 5596 rb
2492 5545 2662 5595 ποιεῖν
2698 5540 2892 5593 ταυτὺν
2920 5578 2933 5600 ,
2970 5537 3084 5590 ἔστι
3119 5537 3176 5589 δὲ
3220 5535 3498 5606 ἐνεργείας
3529 5535 3701 5605 ὄνομα
3733 5536 3765 5588 ὁ

2176 5635 2526 5707 δημιουργὸς,
2563 5633 2655 5686 καὶ
2683 5631 2741 5683 τὸ
2771 5629 2950 5700 πατὴρ
2977 5630 3198 5691 εἰκότως
3229 5628 3525 5699 ἐνεργείας,
3558 5627 3675 5680 ἀλλ’
3697 5628 3760 5680 οὐ

2182 5728 2419 5798 σχέσεως
2458 5726 2522 5778 ἂν
2550 5724 2635 5795 εἴη
2658 5740 2672 5753 ο
2704 5725 2752 5775 εἰ
2791 5723 2846 5775 δὲ
2877 5722 2970 5776 καὶ
3015 5724 3172 5775 τοῦτο
3217 5723 3437 5774 κάκεῖνο
3472 5721 3757 5788 ἐνεργείας

2178 5821 2315 5888 ἐστι,
2351 5817 2489 5874 κατᾶ
2520 5817 2607 5870 τον
2635 5813 2796 5870 αὑτὸν
2825 5815 3014 5884 χρόνον
3041 5815 3191 5869 ἔσται
3223 5813 3423 5884 γεννῶν
3457 5812 3550 5867 καὶ
3581 5809 3760 5864 ποιῶν
