3996 6408
202 403 299 461 313

1603 380 2047 473 russauuus.

3376 422 3488 480 314

202 520 395 584 δθεδς,
442 519 556 590 τῆς
591 520 887 593 ἐνεργείας
923 525 1019 580 καὶ
1044 524 1103 581 ὲν
1131 525 1210 597 τῷ
1255 529 1447 599 γεννᾷν
1495 529 1588 583 καὶ
1621 531 1681 584 ὲν
1720 530 1770 585 τε

1901 533 2162 591 eritDeus
2214 544 2270 592 et
2301 550 2588 607 generans,
2619 544 2674 593 et
2702 548 3076 604 creans;cum
3133 538 3375 608 operatio
3427 549 3488 596 et

209 612 393 677 κτίζειν
405 612 515 666 οὐκ
544 612 736 679 ἄλλως
761 615 1018 689 ἐχούσης.

663 819 1043 908 ΛΟΓΟΣ
1115 821 1283 912 ΙΘ’.

214 972 799 1044 “etM-1W?

267 1043 364 1123 νός
385 1045 599 1123 ,Λότρς
786 1043 1043 1123 Πατρός,
1249 1049 1453 1123 ἕτερός
1486 1052 1625 1123 eota
1659 1043 1800 1122 παρ’

265 1114 444 1166 αὐτὸν
461 1112 546 1181 τῇ
560 1116 764 1183 φύσει
796 1112 1115 1184 smiles-0c,
1151 1116 1218 1170 τὸ
1250 1118 1318 1171 δὲ
1338 1112 1620 1175 ἓνέεῦθεν
1651 1112 1799 1177 av}-

265 1183 581 1259 gpiysror,
608 1184 709 1259 ἂι
731 1186 843 1259 ’καί
872 1183 1196 1259 ῥμοούσιος
1216 1186 1296 1253 τῷ
1324 1191 1528 1259 Πατρὶ,
1553 1191 1651 1245 καὶ
1685 1194 1799 1247 οὐκ

260 1253 497 1318 ἔξωθεν,
534 1253 691 1309 ἀλλ’
717 1256 793 1309 ὲκ
831 1253 945 1325 τῆς
974 1258 1193 1324 οὐσίας
1225 1259 1400 1313 ἐστίν
1436 1253 1652 1316 ὰύτοῦ.

436 1361 790 1431 Ἀντίθεσις
828 1365 911 1432 ὡς
949 1367 1020 1422 ἐκ
1059 1368 1181 1424 τῶν
1207 1372 1538 1443 Εὐνομίου.

268 1478 326 1529 Εἰ
344 1475 533 1544 Λόγος,
571 1479 775 1547 φησὶν,
804 1479 833 1532 6
862 1480 994 1545 Υἱός
1022 1482 1190 1551 ἔστιν,
1234 1483 1521 1555 ὁμοούσιον
1548 1486 1603 1541 δὲ
1653 1483 1796 1541 εἷναί

1908 624 1960 677 iu
1975 626 2230 694 creando,
2252 633 2308 682 et
2342 626 2394 681 in
2447 628 2757 696 generando
2781 628 2974 684 eodem
3011 630 3172 684 modo
3206 642 3327 684 sese
3380 629 3481 684 ba-

1905 714 2051 772 beat.

2232 844 2804 940 ASSERTIO
2883 849 3150 938 XIX.

799 993 894 1063 ας,
923 978 1013 1063 ὅτι
1033 978 1070 1031 6
1255 980 1367 1063 οὐκ
1394 980 1565 1063 ξστιν
1587 983 1767 1050 ἀληθι

1904 991 2166 1063 Aduersus
2188 992 2441 1057 dicentes,
2471 995 2613 1063 quod
2633 992 2808 1049 Filius
2832 1012 2935 1050 non
2960 997 3028 1051 sit
3054 1014 3227 1053 verum
3259 997 3480 1053 Verbum

1977 1060 2161 1139 Patris
2189 1079 2207 1116 :
2246 1060 2593 1139 sed__diversus
2624 1065 2687 1139 ab
2736 1066 2871 1139 ipso,
2904 1077 2950 1120 et
2972 1079 3296 1139 extraneas;
3321 1080 3477 1139 atque

1976 1133 2096 1185 hinc
2124 1132 2475 1204 concluditur,
2506 1134 2645 1199 quod
2668 1136 3131 1191 consubstantialis
3146 1138 3211 1190 sit
3238 1132 3410 1204 Patri,
3429 1147 3479 1192 et

1977 1216 2081 1254 non
2112 1201 2455 1265 extrinsecus,
2485 1204 2574 1256 sed
2592 1219 2657 1257 ea:
2673 1204 2837 1274 ipsius
2869 1209 3115 1260 essentia.

2440 1374 2684 1446 Objectio
2739 1373 3012 1435 Eunomii.

1918 1490 2025 1551 .Si
2063 1489 2264 1553 Filius,
2319 1490 2516 1559 inquit,
2567 1497 2653 1544 est
2708 1488 2969 1555 Verbum,
3020 1488 3481 1548 consubSIautiale

216 1582 328 1634 φατε
344 1565 414 1635 τῷ
439 1566 655 1638 Πατρὶ,
699 1568 777 1638 μὴ
827 1569 1193 1628 διαλλαττέτω
1243 1576 1384 1629 κατά
1433 1594 1483 1629 τι
1534 1578 1668 1648 γοῦν
1718 1579 1770 1631 ὡς

1898 1597 2026 1637 vero
2058 1582 2109 1636 id
2143 1596 2263 1638 esse
2294 1582 2473 1639 dicitis
2498 1579 2648 1635 Patri
2680 1594 2694 1631 :
2731 1580 2880 1635 nulla
2921 1581 3087 1651 igitur
3112 1582 3165 1635 in
3222 1594 3376 1651 parte
3409 1584 3479 1639 ab

212 1657 327 1727 πρὸς
355 1655 516 1711 αὐτόν
545 1674 562 1689 ·
614 1655 770 1710 οὕτω
816 1660 925 1730 γὰρ
953 1660 1022 1714 ἂν
1044 1660 1129 1733 εἴη
1161 1664 1256 1717 καὶ
1289 1664 1595 1734 όμουύσιος.
1642 1667 1707 1720 El
1736 1667 1770 1720 δὲ

1895 1688 1960 1730 eo
1992 1670 2233 1729 differat:
2268 1674 2339 1728 ita
2365 1672 2510 1727 enim
2572 1672 3051 1729 consubstantialis
3099 1671 3280 1727 fuerit.
3325 1674 3479 1740 Quod

207 1747 368 1811 τοῦτο,
394 1747 675 1802 καλείσθω
706 1749 803 1804 καὶ
834 1749 977 1804 ἔστω
1014 1752 1189 1821 Λόγος
1217 1754 1312 1809 καὶ
1341 1755 1371 1807 6
1410 1756 1623 1828 Πατήρ.
1645 1755 1792 1809 Ἀλλ’

1894 1767 1939 1821 si
1971 1767 2042 1820 ita
2073 1772 2178 1830 est,
2213 1772 2439 1820 vocetur
2466 1773 2522 1819 et
2570 1764 2641 1818 sit
2668 1763 2903 1819 Verbum
2934 1764 3096 1819 etiam
3138 1756 3318 1818 Pater.
3368 1764 3479 1819 Sed

210 1841 264 1893 οὔ
294 1841 643 1912 παραδέξεται
690 1841 855 1895 τοῦτο
894 1843 995 1914 τῆς
1042 1843 1194 1908 Θείας
1223 1846 1449 1919 Γραφῆς
1497 1849 1525 1901 6
1558 1849 1770 1913 σκοπὸς

1892 1857 2085 1913 divinae
2120 1856 2415 1926 Scriptura:
2454 1869 2671 1924 scopus,
2715 1864 2769 1932 et
2821 1866 3132 1911 sanctorum
3190 1856 3475 1926 apestolo—

216 1932 301 1984 καὶ
315 1932 414 1985 τῶν
445 1932 607 1999 ἁγίων
633 1932 964 1987 ἀποστόλων
992 1933 1052 1987 τὸ
1089 1936 1370 2008 κήρυγμα.
1425 1939 1646 2011 Πατέρα
1676 1940 1785 2013 γὰρ

224 2018 320 2077 οἶδε
344 2024 429 2077 τὸν
466 2024 679 2095 Πατέρα
711 2024 813 2077 καὶ
845 2025 945 2096 οὐχ
968 2025 1098 2080 Υίόν
1114 2043 1128 2057 ’
1155 2028 1249 2081 καὶ
1278 2029 1439 2084 πάλιν
1464 2029 1553 2084 τὸν
1577 2031 1705 2086 Υίὸν
1727 2034 1785 2087 ὲν

227 2116 350 2188 μόνῃ
380 2118 438 2187 τῇ
462 2114 553 2168 τοῦ
585 2115 711 2169 Υξοῦ
740 2117 1093 2190 προσηγορίᾳ
1124 2122 1314 2190 τηρεῖ,
1361 2122 1462 2176 οὐκ
1500 2122 1648 2178 eam
1677 2141 1785 2178 κα-

216 2206 402 2259 λεῖσθαι
429 2206 540 2260 οὐδὲ
571 2203 717 2259 εἶναι
747 2205 977 2279 Πατέρα
999 2224 1012 2238 ·
1044 2208 1232 2281 ἔτερος
1282 2210 1391 2283 ἄρα
1439 2214 1570 2285 παρ’
1620 2214 1784 2269 αὐτόν

203 2300 306 2351 ἐστι
334 2298 418 2350 καί
456 2297 771 2370 διεστηκὼς
822 2298 966 2353 κατὰ
995 2299 1097 2371 τὴν
1129 2301 1339 2358 ούσίαν.
1394 2303 1607 2359 Οὐκοῦν
1661 2306 1783 2360 οὐδὲ

199 2389 352 2459 Λόγος
371 2389 651 2462 ἀληθινὸς,
685 2390 813 2444 οὐδὲ
845 2389 906 2456 ἐξ
924 2391 1091 2445 αὑτοῦ
1123 2393 1403 2465 προελθὼν
1428 2397 1458 2450 6
1490 2395 1652 2466 φύσει
1685 2414 1785 2468 με-

210 2484 525 2556 μερισμένος·

683 2597 846 2667 Πρὸς
877 2598 1054 2653 τοῦτο
1079 2599 1282 2668 λύσις.

249 2710 348 2763 Καὶ
380 2710 479 2763 τοῦ
510 2711 613 2764 τὸν
659 2709 942 2782 Ἰωάννην,
975 2704 1023 2764 ὧ
1056 2710 1321 2781 βέλτιστε,
1364 2712 1572 2784 θήσεις,
1602 2714 1779 2783 Λόγον

186 2801 544 2855 ἀποκαλοῦντα
578 2802 683 2855 τὸν
706 2801 859 2867 Υίὸν,
890 2802 986 2857 καὶ
1005 2802 1213 2873 ταύτην
1240 2802 1391 2874 αὐτῷ
1433 2805 1780 2876 κυριωτάτην

190 2895 482 2950 ἀνατιθέντα
508 2895 621 2966 τὴν
642 2894 972 2965 ἐπωνυμίαν
998 2897 1092 2949 καὶ
1119 2896 1221 2965 τῆς
1242 2897 1433 2961 οὐσίας
1472 2897 1640 2951 αὐτοῦ
1669 2898 1778 2968 μά-

192 2984 323 3040 λιστα
378 2987 787 3059 σημαντικήν;
828 2986 1034 3041 Φάσκει
1091 2987 1236 3057 γάρ·
1273 3006 1292 3039 ι
1339 2989 1427 3041 Ἐν
1461 2990 1606 3061 ἀρχῇ
1652 2984 1776 3061 ἦνό

200 3076 357 3144 Λόγος,
385 3078 485 3132 καὶ
511 3080 544 3131 6
575 3077 762 3146 Λόγος
790 3072 861 3148 ἦν
891 3077 1030 3149 πρὸς
1056 3076 1148 3132 τὸν
1171 3077 1326 3143 Θεὸν,
1364 3078 1459 3131 καὶ
1486 3078 1622 3144 Θεὸς
1649 3066 1725 3152 ἦν’
1746 3081 1776 3133 6

202 3165 354 3234 Λόγος.
382 3187 399 3219 ι
426 3169 604 3240 Ὁρᾷς
646 3169 807 3232 ὅπως
827 3168 930 3239 τῆς
957 3169 1150 3233 οὐσίας
1180 3169 1275 3223 τοῦ
1314 3170 1446 3225 Υίοῦ
1485 3188 1770 3243 παραστα-

1890 1963 2006 2003 rum
2035 1946 2348 2018 prasdieatio
2382 1945 2434 2002 id
2465 1958 2569 1999 non
2595 1944 2801 1998 ferunt.
2840 1942 3055 1998 Patrem
3111 1945 3257 1997 enim
3299 1946 3477 2000 sciunt
3520 1967 3524 1971 ·

1886 2049 2005 2093 esse
2029 2034 2242 2091 Patrem
2275 2045 2330 2090 et
2355 2050 2460 2089 non
2490 2032 2683 2089 Filium
2717 2050 2730 2088 :
2762 2043 2818 2089 et
2841 2033 3079 2090 vicissim
3120 2031 3280 2094 .Filio
3305 2035 3473 2089 solam

1885 2128 2007 2184 Filii
2042 2127 2453 2199 appellationem
2484 2127 2751 2191 tribuunt,
2783 2141 2887 2181 non
2952 2136 3127 2181 autem
3154 2129 3475 2196 permittunt

1885 2226 1946 2273 ut
1972 2228 2199 2274 vocetur
2233 2224 2325 2271 aut
2349 2216 2417 2270 sit
2444 2211 2648 2269 Pater:
2681 2214 2821 2268 alius
2868 2215 3050 2283 itaque
3086 2218 3154 2270 ab
3215 2216 3331 2285 ipso
3361 2229 3467 2282 est,

1882 2319 1937 2366 et
1962 2308 2289 2365 substantire
2305 2306 2513 2362 ratione
2541 2305 2808 2359 diversus.
2840 2303 3104 2371 Quocirca
3136 2319 3310 2374 neque
3337 2304 3472 2359 Ver-

1880 2402 2007 2459 bum
2033 2414 2183 2466 vere,
2218 2412 2395 2470 neque
2418 2412 2486 2455 ex
2516 2398 2636 2468 ipso
2669 2396 2935 2468 procedit,
2997 2410 3118 2452 cum
3172 2397 3242 2453 sit
3276 2402 3469 2454 natura

1822 2552 1825 2555 η
1882 2491 2200 2561 disiunctus.

2419 2597 2625 2658 Salutio
2657 2596 2989 2672 objectionir.

1949 2717 2021 2771 At
2042 2717 2192 2787 quid,
2237 2716 2487 2782 obsecro,
2517 2716 2584 2771 de
2614 2714 2823 2771 Joanne
2879 2722 3113 2783 statues,
3144 2715 3236 2785 qui
3264 2714 3464 2770 Filium

1879 2819 2036 2863 vocat
2068 2806 2331 2873 Verbum,
2365 2817 2528 2877 atque
2551 2808 2693 2862 hanc
2722 2806 2958 2861 maxime
2984 2807 3257 2877 propriam
3288 2806 3469 2877 appel-

1879 2893 2134 2950 lationem
2163 2896 2210 2949 ei
2262 2894 2710 2964 tribuit,quaeque
2739 2893 3033 2949 essentiam
3089 2894 3259 2960 ipsius
3289 2894 3465 2963 signi-

1880 2984 2194 3041 ﬁcatissirne
2215 2984 2528 3052 exprimat?
2554 2972 2644 3039 Ᾱίι
2673 2987 2816 3040 enim
2848 3002 2863 3040 :
2906 3004 2925 3037 ι
2962 2985 3019 3040 1η
3046 2986 3312 3055 principio
3342 2995 3466 3040 erat

1878 3077 2137 3144 Verbum,
2163 3084 2219 3132 et
2246 3074 2479 3131 Verbum
2512 3086 2633 3130 erat
2671 3077 2814 3145 apud
2856 3078 3047 3140 Deum,
3069 3086 3124 3130 et
3177 3078 3318 3133 Deus
3344 3086 3465 3132 erat

1880 3166 2111 3225 Verbum
2145 3167 2213 3221 ".
2250 3185 2270 3219 ι
2306 3167 2467 3223 Vides
2496 3166 2769 3237 quomodo
2799 3165 2971 3236 ipsam
3002 3165 3122 3221 Filii
3156 3168 3458 3221 essentiam

203 3259 320 3311 τιιάι
353 3260 464 3312 ἔστι
494 3258 798 3329 τοῦνομα,
841 3260 939 3313 καὶ
976 3260 1036 3313 τὸ
1068 3259 1353 3316 καλεῖσθαι
1389 3262 1586 3330 Λόγον,
1630 3264 1769 3336 ὅπερ

1879 3258 1987 3313 haec
2009 3271 2111 3310 vox
2140 3255 2462 3326 explicet,et
2487 3269 2606 3309 cum
2635 3262 2857 3309 vocetur
2874 3252 3307 3327 Verbum,186
3334 3255 3478 3339 quid.

204 3348 299 3402 lost
322 3351 446 3404 κατά
466 3352 645 3421 φύσιν
685 3351 970 3421 σημαίνει.
999 3350 1135 3416 Θεὸς
1168 3351 1279 3423 γὰρ
1300 3348 1370 3424 ἦν
1394 3355 1425 3407 6
1448 3354 1642 3422 Λόγος,
1666 3370 1798 3425 φη-.

209 3437 375 3494 σίν.Εί
399 3442 451 3494 ἃ
484 3442 569 3512 μὴ
613 3441 846 3511 φύσεως
876 3442 963 3513 είη
999 3442 1219 3512 καὶτῆς
1242 3443 1431 3508 οὐσίας
1471 3444 1769 3516 δηλωτικὸν

210 3528 289 3583 ἐπὶ
314 3528 393 3582 τοῦ
419 3531 547 3584 Υίοῦ
590 3530 659 3584 τὸ
692 3530 890 3599 Λόγος
920 3530 1113 3602 ὄνομα,
1158 3532 1416 3603 σημαίνει
1446 3550 1499 3586 τι
1548 3535 1766 3602 πάντως

198 3617 368 3690 ἕτερον.
388 3623 491 3676 Καὶ
525 3622 653 3692 γὰρ
687 3620 877 3691 ζητεῖν
898 3623 1218 3691 ἀναγκαῖον,
1243 3623 1295 3678 τί
1326 3625 1470 3678 κατὰ
1499 3625 1662 3695 φύσιν
1689 3626 1767 3682 ὣν

187 3710 212 3762 6
238 3711 358 3776 Υἱὸς,
381 3713 602 3785 ἐκλήθη
625 3713 829 3782 Λόγος,
853 3715 903 3766 εί
933 3713 1008 3784 μὴ
1038 3713 1137 3784 τὴν
1155 3714 1346 3769 οὐσίαν
1372 3715 1537 3770 αὑτοῦ
1567 3719 1767 3790 σημαί-

176 3819 245 3855 νει
258 3803 512 3875 τοῦνομα.
554 3800 691 3858 υἷον
730 3804 965 3859 τέκτονά
999 3823 1085 3870 τις
1113 3806 1286 3860 εἰπὼν
1305 3846 1320 3871 ,
1356 3807 1389 3878 ἢ
1419 3807 1661 3874 λιθοξόον
1681 3849 1697 3874 ,
1729 3810 1761 3882 ἦ

168 3897 529 3965 ταχυγρὰφον,
557 3896 624 3949 οὐ
648 3895 706 3948 τί
726 3897 844 3949 ἐστι
865 3896 1010 3950 κατὰ
1038 3897 1200 3967 φύσιν
1220 3899 1619 3971 σημαινόμενον
1646 3901 1763 3972 ὀρί-

163 3983 317 4047 ζεται,
346 3985 472 4039 ἀλλ’
505 3978 631 4039 οἷον
662 3983 779 4054 ἔχει
810 3984 871 4037 τὸ
900 3986 1241 4056 ἐπιτήδευμα
1261 3985 1475 4057 μηνύει.
1494 3986 1556 4040 El
1582 3985 1763 4041 τοίνυν

160 4074 211 4126 o6
234 4078 328 4147 τὴν
355 4076 571 4129 οὐσίαν
599 4074 700 4128 τοῦ
734 4075 867 4129 Υίοῦ
895 4076 1150 4146 σημαίνει
1174 4075 1436 4147 τοῦνομα,
1463 4077 1632 4131 καὶτὸ
1658 4095 1760 4131 κα-

160 4163 350 4218 λεῖσθαι
384 4165 610 4233 Λόγον,
641 4163 706 4217 ού
736 4163 790 4216 τί
834 4163 984 4217 ἐστιν
1030 4165 1172 4220 κατὰ
1229 4163 1391 4233 φύσιν
1430 4167 1761 4238 παρίστησιν

159 4257 322 4323 αὑτὸν,
344 4257 502 4311 ἀλλὰ
540 4256 683 4347 iege
717 4256 896 4310 εἰπεῖν
928 4251 1041 4309 οἷον
1062 4256 1175 4328 ἔχει
1208 4258 1268 4310 τὸ
1306 4258 1668 4329 ἐπιτήδευμα,
1707 4258 1760 4311 τί

156 4348 316 4417 μάτην
346 4349 457 4402 τὸν
486 4346 897 4419 εὐαγγελιστὴν
921 4346 1308 4418 θαυμάζομεν;
1343 4348 1468 4410 Πῶς
1495 4346 1551 4400 δὲ
1582 4349 1611 4401 6
1645 4347 1760 4411 υίὸς

153 4440 339 4513 ἐκλήθη
367 4440 629 4513 βροντῆς
659 4439 736 4503 ὡς
767 4439 911 4510 μέγα
935 4456 989 4491 τι
1015 4438 1258 4511 λαλήσας
1287 4440 1385 4494 καὶ
1416 4439 1756 4511 ὑπέρογκον;

1872 3347 2612 3418 naturalitersitsigniiicet?
2657 3349 2797 3402 Deus
2857 3347 3028 3412 enim,
3090 3348 3285 3418 inquit,
3334 3355 3454 3403 erat

1873 3438 2128 3496 Verbum.
2163 3435 2219 3494 Si
2250 3453 2378 3494 vero
2398 3453 2502 3493 vox
2547 3437 2682 3501 haec,
2722 3437 2971 3505 Verbum,
3008 3454 3116 3495 non
3159 3438 3464 3509 explicaret

1869 3530 2042 3601 ipsam
2077 3539 2327 3585 naturam
2378 3539 2541 3601 atque
2567 3530 2864 3586 essentiam
2888 3529 3047 3597 Filii,
3083 3530 3227 3585 aliud
3254 3528 3462 3601 aliquid

1868 3620 2113 3692 profecto
2156 3620 2453 3690 signiﬁcat.
2509 3619 2871 3686 Quaerendum
2932 3634 3097 3690 porro
3132 3621 3290 3676 nobis
3340 3626 3451 3685 est,

1868 3713 2127 3782 quidnam
2159 3722 2350 3767 natura
2381 3710 2835 3768 exsistensFilius
2890 3722 3123 3768 vocatus
3186 3712 3259 3768 sit
3325 3709 3463 3768 Ver-

1867 3804 2017 3871 bum,
2039 3804 2141 3860 nisi
2157 3818 2256 3859 vox
2278 3805 2393 3859 haec
2410 3803 2701 3860 essentiam
2731 3803 2900 3873 ipsius
2922 3804 3215 3874 signiﬁcat.
3251 3804 3457 3870 Quem-

1866 3896 2155 3951 admodum
2192 3895 2236 3950 si
2268 3895 2391 3964 quis
2436 3893 2647 3949 fabrum
2682 3904 2778 3948 aut
2812 3895 3132 3949 statuarium
3158 3938 3173 3959 ,
3224 3905 3317 3949 aut
3353 3911 3456 3950 no-

1867 3987 2062 4042 tarium
2093 3986 2260 4050 dicat,
2295 4000 2403 4039 non
2448 3985 2575 4054 quid
2642 3986 2971 4039 naturaliter
3041 3986 3135 4049 sit,
3166 3985 3261 4039 sed
3289 3986 3451 4057 quale

1805 4110 1818 4123 -
1864 4081 1988 4134 vitae
2017 4079 2321 4132 institutum
2357 4084 2618 4142 sectetur,
2646 4075 2901 4143 explicat.
2943 4074 3001 4129 Si
3028 4091 3158 4146 ergo
3193 4060 3453 4145 vox‘hazc,

1874 4169 2124 4235 Verbum,
2154 4167 2441 4224 essentiam
2477 4166 2603 4222 Filii
2636 4183 2739 4222 non
2758 4166 3047 4236 signiﬁcat,
3086 4183 3260 4238 neque
3284 4169 3456 4238 ipsius

1862 4271 2108 4317 naturam
2138 4258 2400 4324 declarat,
2435 4259 2531 4314 sed
2564 4259 2691 4313 vita:
2732 4259 2900 4328 ipsius
2946 4260 3281 4326 institutum,
3353 4276 3453 4317 cur

1861 4351 2065 4406 frustra
2109 4348 2495 4419 evangelistam
2534 4349 2911 4405 admiramur?
2955 4349 3060 4405 Aut
3100 4365 3198 4406 cur
3223 4364 3344 4407 eum
3388 4353 3457 4410 ii-

1861 4440 1991 4493 lium
2031 4440 2253 4494 lOnitrui
2286 4454 2566 4507 vocamus,
2622 4441 2776 4512 quasi
2830 4457 3085 4511 magnum
3146 4444 3351 4516 aliquid
3398 4455 3455 4502 et

154 4531 330 4585 Καίτοι
387 4533 632 4595 πολλοῖς
679 4531 893 4604 ἑτέροις
930 4530 1193 4601 ὀνόμασιν
1234 4530 1621 4603 ἀποκαλούσης
1665 4531 1759 4586 τὸν

1879 4529 2093 4586 sublime
2124 4530 2352 4586 dixerit?
2385 4531 2546 4602 Atqui
2578 4548 2702 4586 cum
2741 4532 2925 4588 multis
2972 4536 3093 4590 aliis
3135 4538 3464 4593 nominibus-

155 4622 262 4676 Υξὸν
282 4626 381 4697 τῆς
427 4623 596 4688 Θείας
627 4623 873 4695 Γῳφῆς,
903 4622 1040 4677 ἀλλὰ
1064 4624 1237 4693 Λόγον
1268 4623 1506 4698 εἰρηκὼς
1528 4664 1543 4689 ,
1574 4626 1752 4699 παρὰ·

153 4712 284 4779 ἔοξόν
311 4735 365 4770 τι
394 4715 507 4769 καὶ
535 4715 821 4787 ὑπερφυὲς
861 4714 1200 4784 ὲφθέγξατο’
1244 4716 1340 4769 καὶ
1387 4717 1539 4769 οὐδὲν
1568 4718 1755 4791 ἕτερον

155 4803 226 4856 ἐπ’
252 4806 408 4878 αὐτῷ
444 4804 866 4877 προστέθεικεν,
884 4799 997 4859 οἷον
1018 4806 1109 4859 ἐπὶ
1128 4805 1221 4860 τοῦ
1243 4807 1455 4861 Παύλου
1479 4808 1751 4877 φαίνεται,

157 4894 223 4959 τὸ,
248 4917 266 4950 ι
293 4898 531 4961 Παῦλος
568 4896 897 4962 ἀπόστολος.
938 4917 956 4948 ι
1001 4897 1279 4969 Ἠρκὲσθη
1333 4898 1391 4952 δὲ
1436 4900 1513 4971 τῷ
1553 4902 1751 4967 εἰπεῖν,

165 4988 329 5059 Λόγον,
363 4995 464 5056 εἰς
493 4990 559 5044 τὸ
589 4991 948 5061 παραστῆσαι
976 4990 1066 5044 τοῦ
1100 4990 1233 5044 Υίοῦ
1264 4991 1363 5063 τὴν
1404 4992 1611 5047 οὐσίαν.
1644 4995 1754 5047 Λύ-

165 5078 235 5144 τὸς
260 5086 364 5156 ἄρα
407 5083 577 5138 ἐστὶν
606 5084 636 5136 6
660 5081 917 5152 ἀληθινὸς
943 5083 1115 5153 Λόγος
1151 5082 1246 5137 τοῦ
1281 5082 1516 5153 Πατρὸς,
1545 5085 1638 5139 καὶ
1654 5086 1753 5157 οὐχ

163 5170 321 5244 ἕτερός
346 5194 447 5241 τις
486 5176 626 5246 παρ’
654 5176 887 5228 ἐκεῖνον.

856 5288 1060 5343 ΔΛΛΟ.

214 5404 274 5457 Εἰ
294 5403 622 5473 διὰταύτην
647 5402 986 5474 ὑπειλήφασι
1027 5404 1125 5475 τὴν
1156 5404 1334 5459 αἰτίαν
1366 5407 1414 5460 οἱ
1454 5406 1750 5477 χριστομά-

154 5512 231 5565 χοι
263 5498 340 5567 μὴ
370 5494 514 5551 εἶναι
544 5496 641 5549 τὸν
666 5495 798 5548 Υίὸν
825 5495 1113 5565 όμοούσιον
1135 5496 1214 5567 τῷ
1246 5499 1439 5569 Πατρὶ,
1459 5499 1583 5555 ἐπεὶ
1611 5499 1749 5570 μήτε

153 5588 182 5638 6
207 5589 395 5660 Πατὴρ
421 5589 602 5658 Λόγος
634 5585 781 5649 ἐστὶ,
818 5587 957 5655 μήτε
990 5588 1020 5639 6
1051 5586 1226 5655 Λόγος
1258 5589 1447 5659 Πατὴρ
1467 5628 1485 5654 ,
1522 5588 1620 5642 καὶ
1650 5588 1751 5660 τὴν

159 5677 381 5751 ἑνότητα
400 5682 502 5752 τῆς
534 5680 760 5751 φύσεως
789 5677 871 5749 τῷ
902 5678 1146 5752 διαφόρῳ
1178 5680 1286 5734 τῶν
1324 5682 1606 5754 ὀνομάτων
1636 5683 1750 5743 δια-

223 5837 272 5871 “
299 5838 448 5900 Joan.
482 5860 524 5911 ι,
559 5843 607 5897 i.
692 5841 739 5874 "
774 5837 817 5895 ll
849 5838 977 5898 Cor.
1012 5852 1054 5908 I,
1094 5839 1118 5895 1
1154 5849 1206 5896 et
1241 5839 1386 5895 alibi.

1864 4636 2019 4679 sacra
2044 4620 2323 4692 Scriptura
2350 4620 2542 4676 Filium
2575 4620 2826 4690 appellet,
2864 4638 2987 4677 cum
3053 4623 3286 4679 Verbum
3348 4640 3449 4681 vo-

1862 4722 1972 4778 cat,
1999 4713 2371 4767 admirandnm
2410 4713 2611 4782 aliquid
2630 4721 2794 4781 atque
2841 4714 3100 4768 eximium
3172 4715 3342 4783 dixit;
3374 4717 3451 4772 ui-

1863 4805 2048 4876 h'ilque
2069 4805 2214 4859 aliud
2241 4806 2306 4858 ad
2338 4805 2473 4858 hanc
2509 4817 2697 4857 vocem
2726 4801 2942 4869 adjecit,
2970 4812 3028 4857 ut
3070 4803 3122 4856 in
3168 4804 3335 4861 Paulo
3366 4807 3452 4861 vi-

1860 4896 2018 4953 detur
2043 4898 2191 4963 illud,
2221 4917 2240 4950 ι
2276 4896 2471 4951 Paulus
2507 4895 2782 4964 apostolus
2808 4894 2874 4949 ".
2908 4912 2927 4946 ι
2964 4892 3189 4950 Suﬂ‘ecit
3215 4897 3359 4951 enim
3394 4898 3446 4953 ei

1856 4992 2078 5056 dixisse,
2112 4987 2373 5053 Verbum,
2407 4990 2474 5043 ad
2498 4988 2793 5043 essentiam
2860 4986 2983 5042 Filii
3036 4987 3443 5044 declarandam.

1855 5083 1973 5153 Ipse
1999 5085 2179 5151 itaque
2207 5090 2290 5136 est
2316 5095 2507 5135 verum
2565 5078 2804 5137 Verbum
2860 5079 3056 5147 Patris,
3097 5094 3202 5134 non
3262 5087 3443 5135 autem

1853 5173 2052 5243 aliquis
2084 5171 2222 5227 alius
2248 5178 2442 5241 praeter
2468 5170 2665 5241 ipsum.

2533 5279 2766 5337 ALIUD.

1925 5398 1979 5454 Si
2008 5412 2127 5453 eam
2157 5395 2227 5451 ob
2252 5410 2467 5451 causam
2501 5394 2819 5449 existimant
2865 5392 3054 5449 hostes
3112 5388 3314 5445 Christi
3358 5388 3444 5447 Fi-

1853 5490 1985 5546 lium
2018 5505 2122 5545 non
2148 5501 2269 5543 esse
2302 5483 2820 5541 consubstantialem
2880 5479 3053 5546 Patri,
3087 5481 3213 5550 quia
3267 5494 3449 5549 neque

1855 5582 2015 5638 Pater
2043 5590 2127 5637 est
2158 5579 2414 5643 Verbum,
2449 5590 2624 5646 neque
2651 5573 2887 5629 Verbum
2917 5572 3100 5639 Pater,
3151 5580 3207 5628 et
3260 5572 3437 5626 unita-

1854 5687 1960 5735 tem
1992 5685 2200 5732 naturas
2227 5676 2296 5733 ob
2323 5670 2679 5731 diﬂerentiam
2708 5668 2985 5727 nominum
3021 5666 3251 5726 convelli
3283 5682 3440 5737 posse
