3996 6404
519 393 625 448 515

1545 391 1604 445 S.
1645 384 1925 446 CYRILIJ
1962 379 2434 438 ALEXANDle
2471 382 2792 442 ARCHIEP.

3680 389 3745 446 3-1
3759 389 3796 444 6

517 509 868 566 crediderunt
906 527 920 566 :
949 512 1135 568 dicant
1165 512 1317 568 nobis
1351 512 1620 579 quomodo
1665 511 1874 581 primus
1902 517 2096 578 parens

2206 504 2422 575 τέμνειν
2442 505 2704 560 δύνασθαι
2735 505 3153 572 πεπιστεύκασι,
3177 506 3479 576 λεγέτωσαν
3501 506 3636 578 ἡμῖν
3666 506 3800 570 πῶς

518 599 688 652 Adam
707 600 1180 658 consubstantialis
1208 601 1310 655 erit
1340 600 1415 653 illi
1451 601 1541 668 qui
1565 615 1632 654 ex
1664 614 1723 654 se
1749 598 1965 668 genitus
1991 607 2098 663 est,

520 705 640 744 cum
677 707 850 761 neque
875 693 987 762 ipse
1022 694 1190 762 possit
1219 708 1340 747 esse
1380 693 1534 756 Abel,
1573 706 1748 762 neque
1811 691 1945 746 Abel
2001 706 2102 744 un-

520 795 682 850 quam
712 781 924 837 futurus
955 783 1256 837 sitAdam?
1282 780 1443 853 Atqui
1477 784 1761 840 nominum
1793 783 2098 839 diﬂ‘erentia

520 874 839 928 substantiae
866 875 1199 928 identitatem
1226 891 1330 929 non
1359 875 1515 930 tollit.
1547 876 1726 946 Atque
1748 877 1852 932 hoc
1879 877 2098 945 quidem

523 961 575 1013 in
599 961 734 1016 facta
776 972 827 1018 et
857 975 1037 1018 creata
1065 974 1278 1018 natura.
1312 966 1594 1031 Quomodo
1639 967 1804 1036 igitur
1853 983 1958 1022 non
1996 967 2103 1023 fue-

521 1053 592 1105 rit
616 1053 835 1122 impium
873 1055 922 1108 in
957 1065 1148 1108 natura
1171 1057 1433 1120 increata,
1467 1072 1586 1126 qum
1615 1059 1872 1114 omnibus
1895 1060 2097 1123 creatis

521 1143 674 1213 longe
701 1145 1139 1213 antecellit,illud
1170 1148 1447 1202 statuere?
1499 1148 1963 1215 Quemadmodum
1999 1150 2098 1218 igi-

520 1242 606 1286 tur
634 1234 676 1288 si
706 1245 851 1290 esset
880 1237 1107 1292 diversa:
1127 1239 1399 1304 essentiae,
1433 1255 1539 1294 non
1574 1250 1719 1294 esset
1742 1255 1926 1294 verum
1959 1241 2096 1296 Ver-

520 1325 757 1390 bum,ita
793 1342 913 1382 cum
946 1327 1740 1398 sitconsubstantialis,verum
1776 1332 1938 1386 etiam
1965 1330 2102 1387 Ver-

520 1417 644 1470 bum
667 1425 774 1474 est.

1190 1512 1418 1569 ALIUD.

591 1599 819 1657 Nomina
847 1619 966 1673 qua:
998 1606 1356 1662 substantiam
1391 1621 1572 1662 rerum
1592 1608 1869 1664 declarant
1924 1610 2098 1679 prima

523 1693 867 1762 maximeque
891 1698 1107 1766 pr0pria
1135 1709 1262 1752 sunt
1297 1716 1312 1754 :
1344 1699 1570 1753 multam
1607 1709 1787 1754 tamen
1819 1700 1870 1754 in
1902 1700 1968 1755 iis
1993 1699 2097 1756 dif-

2201 595 2230 647 0
2258 597 2558 669 προπάτωρ
2599 597 2771 667 Ἀδὰμ
2799 597 3086 668 ὀμοούσιος
3114 597 3268 650 ἔσται
3302 598 3441 668 πρὸς
3472 598 3564 651 τὸν
3589 597 3652 664 ἐξ
3681 598 3794 651 a6-

2201 687 2298 741 τοῦ
2319 689 2600 757 γεγονότα,
2635 688 2759 741 οὔτε
2786 689 2950 752 αὐτὸς
2970 689 3137 742 Ἀϐελ
3165 684 3302 742 εἶναι
3322 689 3638 760 δυνάμενος,
3659 686 3795 742 οὔτε

2206 780 2313 849 μὴν
2336 778 2430 831 τοῦ
2470 779 2634 831 ’Ἅϐελ
2672 778 2930 850 ἐσομένου
2957 780 3090 833 ποτὲ
3129 781 3320 850 Ἀδάμ.
3385 780 3524 834 Ἀλλ’
3553 779 3654 833 οὐκ
3691 781 3797 834 ἐκ·

2203 869 2390 924 ϐάλλει
2438 871 2536 942 τῆς
2587 871 2775 936 οὐσίας
2802 873 2902 943 τὴν
2931 874 3254 944 ταυτότητα,
3288 876 3322 944 ἡ
3365 872 3473 926 τῶν
3499 873 3795 944 ὀνομάτων

2201 963 2452 1034 διαφορά.
2486 964 2598 1018 Kal.
2625 963 2781 1018 τοῦτο
2811 966 2904 1018 ἐπὶ
2926 965 3162 1036 γενητῆς
3185 966 3280 1018 καὶ
3309 966 3537 1037 κτιστῆς
3568 967 3792 1030 οὐσίας.

2203 1055 2326 1118 Πῶς
2345 1049 2436 1108 οὖν
2459 1055 2559 1107 ούκ
2587 1054 2779 1119 ἀσεϐὲς
2799 1055 2892 1108 ἐπὶ
2922 1055 3021 1126 τῆς
3060 1055 3326 1126 ἀγενήτου
3362 1055 3578 1124 φύσεως
3605 1057 3795 1108 ἐκεῖνο

2201 1147 2465 1213 δοξάζειν,
2497 1146 2678 1200 πάντα
2723 1146 3125 1218 ὑπερκειμένης
3149 1146 3228 1217 ,τὰ
3268 1147 3506 1218 γενητὰ;
3567 1148 3655 1211 Ὧς
3687 1142 3795 1201 οὖν

2201 1238 2360 1308 εἴπερ
2380 1234 2448 1309 ἦν
2472 1237 2828 1309 ὲτεροούσιος,
2863 1239 2962 1291 οὐκ
2991 1238 3058 1292 ἂν
3085 1234 3154 1309 ἦν
3184 1238 3356 1306 Λόγος
3387 1237 3660 1309 ἀληθινὸς,
3687 1238 3796 1292 οὗ·

2198 1346 2308 1393 τως
2343 1330 2638 1402 ἐπειδήπερ
2670 1331 2975 1402 ὀμοούσιος,
3007 1331 3257 1400 ἀληθινὸς
3294 1329 3362 1386 ἂν
3392 1329 3482 1402 εἴη
3512 1331 3709 1399 Λόγος.

2892 1510 3097 1564 ΔΛΛΟ.

2273 1598 2592 1669 Σημαντικὰ
2644 1599 2743 1670 μὲν
2785 1599 2854 1653 τὰ
2881 1600 3124 1672 ὀνόματα
3171 1600 3280 1656 τῶν
3319 1603 3516 1656 οὐσιῶν
3548 1605 3688 1668 ἐστι,
3720 1606 3796 1658 τὰ

2203 1693 2392 1762 πρῶτα
2428 1691 2489 1763 δὴ
2531 1692 2768 1763 μάλιστα
2811 1696 2906 1748 καὶ
2936 1695 3006 1748 τὰ
3035 1695 3348 1767 κυριώτατα
3373 1715 3387 1729 ο
3418 1697 3554 1750 ἀλλὰ
3584 1696 3796 1768 πολλὴν

521 1783 803 1839 ferentiam
844 1787 1024 1843 videre
1051 1789 1199 1844 licet.
1222 1791 1340 1846 Alia
1377 1793 1519 1846 enim
1584 1791 1948 1849 universalius
2013 1808 2096 1850 res

2205 1783 2268 1836 ἄν
2294 1801 2377 1847 τις
2403 1785 2460 1836 ὲν
2491 1786 2705 1850 τούτοις
2728 1785 2826 1839 ῐδοι
2848 1785 2945 1857 τὴν
2975 1787 3262 1861 διαφοράν.
3294 1788 3375 1841 Τὰ
3416 1789 3514 1858 μὲν
3544 1789 3654 1860 γὰρ
3687 1806 3795 1842 κα-

524 1877 668 1944 ipsas
693 1879 1026 1948 signiﬁcant,
1053 1890 1106 1935 et
1133 1883 1461 1952 generaliter
1491 1883 1792 1952 explicant;
1840 1885 1945 1940 alia
1972 1900 2096 1941 vero

2207 1875 2564 1950 θολικώτερον
2587 1877 2654 1931 τὰ
2675 1878 2805 1931 ὄντα
2850 1853 3256 1949 σήμαινε-ιίκαὶ
3302 1853 3523 1951 γενικὴν
3551 1853 3791 1934 ποιεῖται

521 1966 844 2022 universalia
887 1970 1257 2040 insingularia
1295 1982 1506 2037 secant,
1537 1974 1841 2043 multasque
1879 1989 1969 2031 res
2012 1991 2101 2047 ap-

519 2071 707 2123 parere
728 2057 953 2118 faciunt.
982 2061 1226 2132 Exempli
1259 2064 1452 2134 gratia,
1488 2065 1722 2120 hominis
1749 2081 1941 2121 nomen
1967 2067 2100 2122 sim-

519 2146 731 2213 pliciter
760 2159 922 2219 atque
947 2153 1194 2208 absolute
1221 2154 1444 2220 dictum,
1473 2157 1787 2214 universum
1810 2174 1982 2229 genus
2005 2160 2100 2213 lio-

520 2236 725 2291 ininum
758 2239 1046 2309 signiﬁcat,
1094 2252 1186 2295 aut
1233 2245 1588 2300 substantiam
1644 2248 1811 2318 ipsam
1849 2267 1863 2302 :
1900 2249 2096 2303 Paulus

519 2341 649 2382 vero
679 2330 1000 2398 autPetrus,
1041 2333 1199 2404 187
1229 2343 1321 2390 aut
1350 2334 1603 2404 Iacobus,
1643 2349 1735 2394 aut
1759 2340 1976 2409 Cepbas
2005 2342 2100 2396 lm-

517 2420 833 2475 manitatem
867 2423 919 2477 in
950 2423 1241 2495 singularia
1276 2429 1531 2496 partitur,
1567 2431 1870 2502 multosque
1928 2433 2099 2489 homi-

516 2525 614 2566 nes
641 2513 940 2568 constituit.
970 2514 1258 2572 Nominum
1286 2517 1470 2590 itaque
1492 2521 1795 2578 differentia
1828 2525 2098 2594 accipitur

414 2598 416 2601 ’
515 2601 734 2668 quidem
765 2602 816 2656 in
855 2603 920 2658 iis
952 2605 1043 2675 qui
1064 2604 1304 2673 ejusdem
1351 2600 1676 2666 substantiae
1733 2623 1880 2677 sunt,
1922 2629 2100 2684 neque

516 2689 656 2744 tollit
703 2707 890 2746 eorum
924 2709 1043 2764 quae
1077 2695 1317 2766 ejusdem
1366 2701 1563 2768 speciei
1611 2712 1756 2762 sunt,
1791 2703 2095 2759 naturalem

516 2780 656 2835 inter
684 2798 742 2838 se
765 2784 1198 2842 similitudinem.
1235 2788 1390 2870 Cum.
1439 2791 1602 2862 igitur
1691 2792 1853 2847 Pater
1889 2794 2101 2849 dicatur

517 2871 701 2939 Pater,
728 2875 901 2933 Filius
924 2893 1052 2934 vero
1085 2879 1339 2951 Verbum,
1367 2899 1474 2940 non
1503 2886 1610 2941 erit
1649 2885 1733 2940 vel
1763 2886 1852 2943 hic
1893 2887 1989 2955 illi,
2017 2889 2100 2945 vel

517 2966 608 3020 ille
633 2967 758 3022 huic
788 2970 1064 3028 dissimilis
1101 2986 1313 3042 natura,
1345 2992 1467 3032 cum
1493 2977 1623 3033 solis
1647 2979 1960 3037 nominibus
1985 2981 2096 3038 dis-

518 3058 854 3128 tinguantur.
907 3062 1197 3120 Ostensum
1255 3077 1435 3123 autem
1479 3077 1586 3134 est,
1635 3070 1916 3126 nominum
1951 3071 2099 3128 diffe-

517 3152 744 3204 rentiam
765 3154 1067 3210 naturalem
1092 3157 1233 3213 inter
1253 3173 1312 3214 se
1338 3158 1744 3216 similitudinem
1766 3175 1954 3218 eorum
1978 3179 2099 3234 qua:
2125 3195 2170 3255 ο

516 3244 998 3301 consubstantialia
1030 3259 1159 3304 sunt
1199 3264 1542 3321 nequaquam
1568 3253 1906 3310 subvertere.
1950 3254 2098 3311 Nihil

517 3332 701 3402 itaque
724 3337 902 3390 obstat
931 3341 1222 3407 quominus
1260 3341 1429 3397 Filius
1497 3345 1979 3403 consubstantialis
2026 3347 2098 3402 sit

517 3421 685 3490 Patri,
713 3429 924 3484 tametsi
948 3439 1168 3486 vocetur
1197 3431 1390 3498 Filius,
1417 3443 1472 3488 et
1493 3449 1598 3489 non
1661 3435 1730 3490 sit
1784 3437 1946 3492 Pater
1976 3440 2092 3508 ipse

514 3528 704 3569 verum
739 3519 906 3586 ipsius
949 3521 1208 3577 Verbum.
1231 3524 1364 3578 Cum
1398 3524 1543 3578 enim
1565 3526 1635 3580 sit
1658 3527 1888 3597 simplex
1919 3528 2097 3584 Patris

516 3609 771 3674 essentia,
796 3612 1000 3666 nullum
1024 3614 1168 3669 aliud
1194 3616 1575 3672 intermedium
1607 3621 1839 3691 excipiet
1874 3636 2096 3693 genera-

518 3699 715 3755 tionem
754 3703 910 3759 Verbi
947 3708 1266 3762 naturaliter
1288 3723 1355 3764 ex
1386 3710 1501 3781 ipso
1529 3714 1891 3782 procedentis.
1914 3715 2097 3783 Quod-

516 3807 623 3862 que
660 3811 822 3850 unum
855 3813 1044 3853 revera
1087 3815 1208 3854 cum
1235 3800 1350 3869 ipso
1377 3812 1479 3869 est,
1519 3817 1787 3875 quatenus
1833 3809 2096 3864 naturali-

517 3895 601 3940 ter
629 3889 787 3944 etiam
817 3891 932 3959 ipse
965 3901 1049 3946 cst
1087 3891 1248 3959 Deus,
1292 3906 1343 3951 et
1378 3899 1564 3955 vivens
1592 3915 1622 3957 e
1658 3903 1777 3956 vivo
1821 3901 1976 3957 Patre
2019 3903 2097 3958 ef-

517 3977 684 4034 fulsit.

930 4096 1014 4152 Ea:
1058 4099 1350 4170 abjectione
1385 4104 1662 4163 Eunomii.

586 4186 645 4238 In
693 4185 1024 4257 Evangeliis,
1066 4193 1162 4255 ait,
1197 4192 1368 4251 Filius
1412 4199 1478 4252 ad
1527 4199 1744 4256 Patrem
1793 4203 1865 4258 ita
1915 4205 2092 4260 dicit:

515 4295 536 4326 Ι
567 4275 747 4344 Pater,
786 4279 1027 4348 gloriﬁca
1057 4284 1248 4340 Filium
1284 4297 1468 4356 tuum;
1504 4309 1522 4341 ι
1567 4291 1736 4347 Filius
1767 4305 1958 4349 contra
1997 4313 2098 4350 au-

513 4371 634 4427 dit:
679 4389 698 4423 ‹
750 4373 815 4427 Ει
862 4375 1180 4444 gloriﬁcavi,
1231 4389 1286 4435 et
1351 4399 1541 4438 rursus
1589 4386 1906 4452 gloriﬁcabo
1947 4389 2016 4444 ³ο.
2071 4410 2090 4443 ι

509 4461 578 4515 At
607 4477 711 4531 quo
737 4476 893 4533 pacto
923 4468 1092 4538 possit
1120 4471 1291 4526 Filius
1315 4488 1442 4528 vere
1472 4488 1594 4529 esse
1626 4475 1858 4532 Verbum
1888 4480 2089 4547 Patris,

2203 1967 2302 2039 τὴν
2330 1969 2562 2039 δήλωσιν
2583 1985 2596 1999 °
2624 1968 2692 2023 τὰ
2719 1969 2775 2023 δὲ
2799 1972 2880 2034 εἰς
2906 1969 2969 2023 τὸ
2998 1959 3203 2024 καθ’ἑν
3232 1969 3302 2024 τὰ
3330 1969 3558 2025 καθόλου
3589 1989 3793 2043 σημαι-

2203 2061 2406 2132 νόμενα
2432 2061 2809 2132 διατέμνοντα,
2839 2061 3012 2116 πολλὰ
3047 2061 3116 2117 τὰ
3149 2063 3276 2116 ὅντα
3304 2062 3589 2133 φαίνεσθαι
3619 2067 3791 2117 ποιεῖ.

2204 2147 2328 2204 Οἷον
2365 2155 2498 2222 φέρε
2529 2155 2722 2219 εἰπεῖν,
2758 2152 2819 2205 τὸ
2857 2153 3146 2223 ἄνθρωπος
3183 2153 3356 2225 ὄνομα
3393 2154 3580 2217 ἁπλῶς
3608 2172 3668 2208 τε
3692 2155 3794 2209 καὶ

2203 2241 2435 2295 ἀπολελυ
2445 2241 2622 2312 μένως
2643 2243 2953 2314 λεγόμενον,
2977 2243 3038 2297 σύ
3049 2262 3198 2314 μπαν
3221 2261 3288 2315 ση
3298 2245 3479 2315 μαίνει
3501 2246 3559 2298 τὸ
3576 2246 3674 2300 ἀνθ
3685 2247 3789 2316 ρώι

2203 2350 2356 2386 πειον
2388 2334 2565 2402 γένος,
2617 2335 2650 2406 ἢ
2678 2333 2774 2404 τὴν
2817 2335 3005 2389 οὐσίαν
3034 2336 3204 2408 αὐτήν
3225 2351 3237 2364 ⁸
3273 2337 3333 2390 τὸ
3371 2337 3426 2390 δὲ
3459 2336 3672 2401 Παῦλος
3696 2355 3782 2390 τυ-

2201 2427 2355 2499 χὸνῆ
2405 2429 2640 2498 Πέτρος,
2691 2428 2944 2492 Ἰάκωϐος
2975 2428 3008 2499 ἢ
3051 2430 3250 2500 Κηφᾶς
3272 2469 3288 2493 ,
3329 2430 3410 2493 εἰς
3441 2429 3503 2482 τὸ
3540 2429 3664 2482 καθ’
3693 2430 3787 2482 ἕνα

2205 2521 2388 2592 σχίζον
2409 2521 2508 2592 τὴν
2539 2521 2958 2594 ἀνθρωπότητα,
2988 2522 3216 2586 πολλοὺς
3245 2518 3384 2576 εἶναι
3413 2523 3540 2586 τοὺς
3567 2522 3786 2592 ἀνθρώ-

2204 2629 2339 2676 πους
2365 2615 2526 2666 ποιεῖ.
2553 2612 2761 2666 Οὐκοῦν
2785 2614 2819 2683 ἡ
2845 2612 2952 2665 τῶν
2989 2611 3271 2683 ὀνομάτων
3302 2611 3534 2683 διαφορᾶ
3573 2611 3789 2683 λαμϐά-

2206 2720 2354 2757 νεται
2386 2705 2482 2773 μὲν
2507 2703 2602 2756 ἐπὶ
2633 2703 2743 2758 τῶν
2787 2704 3122 2774 ὀμοουσίων,
3152 2703 3214 2756 οὐ
3260 2703 3368 2774 μὴν
3409 2703 3661 2757 ἐκϐάλλει
3685 2703 3790 2774 τῆς

2206 2797 2342 2868 πρὸς
2364 2797 2569 2868 ἄλληλα
2595 2797 2832 2867 φυσικῆς
2855 2797 3153 2868 ὲμφερείας
3189 2797 3260 2850 τὰ
3283 2798 3398 2858 τοῖς
3437 2797 3622 2858 αὐτοῖς
3649 2795 3793 2849 εῖδε-

2206 2906 2290 2942 σιν
2319 2889 2714 2943 ὑποπίπτοντα.
2769 2891 2938 2943 Ὅταν
2969 2882 3062 2942 οὖν
3107 2890 3136 2942 0
3185 2888 3284 2959 μὲν
3325 2888 3515 2958 Πατὴρ
3554 2886 3790 2956 λέγηται

2205 2982 2414 3054 Πατὴρ,
2451 2983 2479 3035 0
2501 2981 2558 3036 δὲ
2577 2981 2707 3044 Υἱὸς
2734 2981 2926 3049 Λόγος,
2959 2982 3062 3034 οὐκ
3083 2980 3238 3033 ἔσται
3256 2980 3355 3051 τὴν
3381 2979 3544 3050 φύσιν
3574 2978 3609 3049 ἢ
3630 2973 3790 3041 οὗτος

2206 3071 2342 3142 πρὸς
2367 3074 2593 3136 ἐκεῖνον,
2624 3071 2656 3142 ἢ
2689 3075 2899 3135 ἐκεῖνος
2917 3073 2994 3135 ὡς
3024 3073 3161 3142 πρὸς
3186 3071 3377 3126 τοῦτον
3418 3073 3692 3143 ἀνόμοιος,
3725 3072 3790 3126 ἐν

2206 3164 2388 3234 μόνοις
2402 3163 2658 3234 ὀνόμασιν
2683 3163 2900 3235 ἔχοντες
2923 3163 3020 3235 τὴν
3042 3164 3345 3235 διαστολὴν.
3370 3164 3655 3244 Δέδεικται,
3673 3163 3791 3236 γὰρ

2204 3255 2280 3320 ῶς
2322 3257 2420 3310 οὐκ
2463 3256 2760 3328 ἀνατρέψει
2803 3257 2912 3309 τῶν
2959 3256 3216 3326 ὁμοφυῶν
3262 3259 3361 3327 τὴν
3395 3256 3530 3329 πρὸς
3577 3256 3791 3328 ἄλληλα

2205 3349 2442 3419 φυσικὴν
2478 3350 2774 3419 ὁμοιότητα
2799 3346 2907 3401 τῶν
2935 3349 3216 3419 ὀνομάτων
3257 3350 3290 3420 ἡ
3320 3348 3571 3419 διαφορά.
3617 3349 3791 3403 Οὐδὲν

2203 3442 2311 3511 ἄρα
2341 3441 2539 3494 κωλύει
2565 3440 2659 3494 τὸν
2691 3441 2822 3495 Υἱὸν
2855 3440 3141 3511 ὀμοούσιον
3174 3437 3312 3496 εἶναι
3341 3440 3420 3512 τῷ
3450 3443 3648 3512 Πατρὶ,
3681 3444 3792 3496 κᾶν

2202 3531 2330 3596 Υἱὸς
2357 3532 2603 3586 καλεῖται
2631 3533 2725 3586 καὶ
2756 3531 2832 3604 μὴ
2861 3533 3050 3605 Πατὴρ
3081 3532 3242 3595 αὐτός
3289 3534 3437 3584 ἐστιν
3476 3532 3504 3583 0
3532 3531 3795 3602 ἀληθινὸς

2203 3625 2366 3678 αὐτοῦ
2402 3625 2594 3692 Λόγος.
2630 3625 2805 3696 Ἀπλῆ
2832 3624 2941 3696 γὰρ
2971 3621 3156 3694 οὗσαή
3209 3623 3304 3676 τοῦ
3342 3623 3557 3694 Πατρὸς
3603 3623 3790 3688 οὐσία,

2201 3717 2353 3770 οὐδὲν
2379 3717 2464 3769 ἓτε
2476 3734 2566 3787 ρον
2594 3717 2900 3783 ὲπιδέξεται
2930 3715 3265 3786 μεσολαϐοὖν
3287 3714 3385 3786 τὴν
3406 3715 3666 3784 γέννησιν
3694 3714 3788 3766 τοῦ

2203 3810 2262 3874 ἐξ
2289 3809 2456 3863 αὑτοῦ
2486 3809 2734 3879 φυσικῶς
2759 3809 3117 3880 προελθόντος
3147 3809 3345 3876 Λόγου,
3379 3808 3472 3862 καὶ
3504 3807 3580 3870 ὡς
3609 3807 3669 3860 ἓν
3694 3806 3776 3858 ὀν-

2202 3918 2310 3962 τως
2342 3900 2477 3971 πρὸς
2502 3899 2685 3966 αὑτὸν,
2716 3899 2852 3952 καθό
2885 3900 3042 3968 φύσει
3067 3901 3162 3954 καὶ
3197 3899 3360 3964 αὐτὸς
3388 3897 3520 3958 Θεὸς
3551 3899 3646 3951 καὶ
3678 3897 3788 3962 ζῶν

2203 3991 2266 4044 ἐκ
2286 3991 2488 4055 ζῶντος
2522 3991 2835 4063 ἐξελάμφθη
2860 3993 3094 4061 Πατρός.

2485 4105 2818 4172 Ἀντίθεσις
2841 4105 2921 4172 ὡς
2945 4105 3013 4159 ἐκ
3043 4102 3162 4159 τῶν
3183 4105 3508 4174 Εῠνομίου.

2286 4199 2375 4252 Ἐν
2403 4201 2514 4262 τοῖς
2543 4198 2917 4267 Εὖαγγελίοις,
2950 4199 3140 4270 φησὶν,
3187 4196 3518 4268 εὑρίσκομεν
3551 4197 3783 4265 λέγοντα

2200 4290 2291 4344 τὸν
2321 4290 2448 4343 Υἱὸν
2472 4290 2548 4354 ὡς
2574 4289 2709 4362 πρὸς
2730 4289 2820 4343 τὸν
2853 4290 3072 4362 Πατέρα
3094 4307 3107 4320 ο
3143 4309 3160 4341 ι
3202 4291 3412 4361 Πάτερ,
3430 4289 3652 4352 δόξασόν
3687 4305 3786 4343 σου

2198 4381 2290 4435 τὸν
2319 4381 2467 4446 Υἱὸν,
2503 4400 2521 4432 ι
2562 4380 2932 4435 ἀντακούοντα
2959 4380 3016 4433 δὲ
3057 4383 3189 4452 παρ’
3220 4380 3387 4435 αὐτοῦ
3409 4397 3423 4412 ο
3458 4400 3476 4433 ι
3516 4381 3627 4434 Καὶ
3659 4380 3787 4435 ὲδό-

2203 4473 2364 4538 ξασα,
2399 4474 2494 4527 καὶ
2519 4473 2679 4527 πάλιν
2700 4471 2929 4540 δοξάσω.
2977 4490 2994 4523 ›
3029 4473 3141 4526 Καὶ
3167 4474 3282 4536 πῶς
3307 4472 3372 4526 ἂν
3393 4469 3532 4525 εἶναι
3560 4471 3788 4525 δύναιτο

509 4570 632 4608 cum
675 4554 833 4612 Pater
873 4560 1045 4629 ipsum
1083 4564 1438 4634 alloquatur?
1469 4567 1725 4622 allocutio
1757 4579 1938 4626 autem
1965 4573 2091 4627 abs-

2204 4567 2374 4634 Λόγος
2402 4566 2497 4620 τοῦ
2529 4567 2741 4638 Πατρὸς
2765 4565 2908 4619 κατὰ
2940 4564 3196 4635 ἀλήθειαν
3229 4567 3257 4619 ὀ
3290 4565 3440 4628 Υἱὸς,
3467 4565 3601 4642 ἱπου
3648 4564 3783 4634 φαι-

509 4659 615 4712 que
650 4650 817 4703 verbo
872 4652 986 4707 ﬁeri
1024 4669 1128 4707 non
1163 4665 1364 4721 potest.
1395 4656 1502 4708 Aut.
1544 4658 1708 4726 igitur
1742 4661 1972 4729 ipsemet
2001 4678 2090 4718 se-

509 4753 632 4792 cum
668 4741 924 4812 loquitur,
960 4756 1053 4801 aut
1086 4749 1129 4801 si
1158 4746 1322 4803 Pater
1378 4766 1568 4806 revera
1613 4751 1810 4805 Filium
1857 4754 2091 4825 alloqui-

511 4840 618 4890 tur,
651 4831 788 4888 alius
815 4837 1058 4903 profecto
1089 4839 1193 4890 erit
1225 4853 1253 4891 a
1286 4839 1463 4895 Verbo
1481 4843 1622 4910 quod
1658 4843 1883 4898 insitum
1920 4855 2086 4915 atque

509 4920 837 4982 inexsistens
875 4927 981 4983 Deo
1004 4930 1300 4983 secundum
1331 4940 1581 4987 naturam
1605 4943 1708 5002 cst,
1737 4937 1882 5007 quod
1912 4939 2085 5008 ipsum

508 5011 822 5085 alloquitur,
847 5017 1002 5087 juxta
1031 5020 1361 5075 voluntatem
1397 5023 1602 5083 Patris.

1005 5195 1216 5251 Soiutio
1250 5201 1584 5271 objectiouis.

578 5282 694 5339 Non
730 5287 939 5340 desinet
975 5289 1075 5342 iste
1125 5290 1500 5362 incorporeum
1538 5303 1832 5357 essentiam
1875 5309 2083 5363 calum-

509 5377 670 5437 niari,
704 5377 1038 5443 persuadens
1066 5379 1166 5435 sibi
1201 5399 1505 5442 sermonem
1546 5406 1609 5444 ex
1645 5409 1706 5445 ea
1740 5395 1972 5463 proferri
2003 5409 2081 5454 la—

510 5468 634 5529 lem,
667 5467 841 5534 qualis
881 5478 966 5522 est
1018 5471 1304 5543 humanus,
1335 5480 1426 5549 qui
1475 5482 1739 5540 labiorum
1787 5498 1842 5542 et
1888 5490 2083 5560 linguae

508 5557 838 5612 adminiculo
866 5567 1265 5635 pronuntietur,
1299 5580 1462 5641 atque
1497 5574 1585 5629 illa
1618 5579 1954 5634 adstantium
1970 5557 2083 5636 'au-

510 5646 681 5699 ditum
711 5647 884 5716 feriat,
923 5663 981 5707 ut
1017 5655 1088 5712 ita
1127 5659 1396 5729 loquentis
1431 5665 1673 5722 voluntas
1702 5667 1926 5742 intelligi
1961 5688 2082 5742 pos-

577 5801 626 5834 “
653 5799 803 5860 Joan.
838 5823 935 5878 xu,
974 5809 1062 5870 28.

2197 4675 2346 4712 νεται
2377 4661 2512 4730 πρὸς
2540 4659 2701 4713 αὐτὸν
2721 4657 3105 4726 διαλεγόμενος
3133 4658 3162 4709 ὀ
3202 4658 3427 4727 Πατήρ;
3460 4656 3698 4723 διάλεξις
3723 4656 3784 4710 δὲ

2196 4753 2354 4821 λόγου
2379 4751 2548 4822 χωρὶς
2577 4751 2678 4805 οὐκ
2707 4751 2775 4804 ἂν
2823 4749 3032 4818 γένοιτό
3079 4765 3231 4804 ποτε.
3286 4750 3357 4801 Ἦ
3393 4748 3573 4802 τοίνυν
3617 4749 3782 4812 αὐτὸς

2196 4843 2376 4914 ἑαυτῷ
2431 4844 2581 4897 ἔσται
2635 4841 3039 4912 διαλεγόμενος,
3069 4842 3102 4912 ἢ
3133 4841 3292 4911 εἴπερ
3324 4838 3494 4900 ὄντως
3532 4837 3686 4906 λέγει
3727 4855 3779 4890 τι

2195 4938 2333 5009 πρὸς
2371 4937 2533 4990 αὐτὸν
2559 4939 2586 4990 0
2622 4936 2830 5006 Πατὴρ,
2862 4935 3049 5006 ἕτερός
3084 4935 3198 4986 ἐστι
3231 4931 3382 5003 παρὰ
3419 4931 3510 4983 τὸν
3537 4930 3779 4984 ἐνδιάθε-

2193 5045 2283 5081 τον
2317 5027 2409 5080 καὶ
2452 5027 2826 5097 ἐνυπάρχοντα
2862 5023 2941 5094 τῷ
2979 5022 3098 5092 Θεῷ
3133 5023 3272 5076 κατὰ
3309 5021 3469 5091 φύσιν
3491 5021 3687 5089 Λόγον,
3720 5020 3779 5086 ὃς

2193 5119 2345 5173 λαλεῖ
2383 5119 2517 5189 πρὸς
2549 5117 2729 5178 αὐτὸν,
2763 5114 2905 5169 κατὰ
2935 5115 3188 5186 βούλησιν
3205 5113 3296 5166 τοῦ
3329 5113 3563 5185 Πατρός.

2679 5209 2836 5277 Πρὸς
2867 5208 3053 5262 ταῦτα
3079 5207 3280 5272 λύσις.

2265 5306 2339 5360 Οὐ
2363 5304 2548 5376 παύσῃ
2576 5301 2927 5371 συκοφαντῶν
2945 5300 3040 5372 τὴν
3064 5300 3357 5370 ἀσώματον
3381 5298 3591 5363 οὐσίαν,
3620 5297 3781 5366 λόγον

2193 5399 2250 5466 ἐξ
2277 5398 2446 5467 αὐτῆς
2481 5393 2863 5450 ἀποτελεῖσθαι
2891 5392 3164 5446 πιστεύων
3210 5389 3470 5454 τοιοῦτον,
3502 5391 3688 5454 ὁποῖος
3711 5389 3781 5443 ἂν

2192 5492 2275 5558 εἴη
2305 5490 2397 5543 καὶ
2423 5491 2451 5542 0
2480 5487 2839 5558 ἀνθρώπινος,
2863 5484 2952 5538 διὰ
2979 5483 3204 5554 χειλέων
3234 5483 3329 5535 καὶ
3357 5479 3607 5552 γλώττης
3638 5483 3782 5534 ἀπο-

2193 5579 2401 5632 κτυπού
2411 5595 2570 5648 μενος
2590 5595 2606 5611 ο
2625 5577 2717 5630 καὶ
2738 5576 2835 5646 τὴν
2856 5576 2949 5628 τοῦ
2971 5575 3141 5638 πέλας
3163 5573 3562 5644 προσαράσσων
3579 5573 3780 5641 ἀκοὴν,

2194 5674 2280 5727 ἵνα
2305 5671 2367 5743 δὴ
2394 5673 2486 5727 καὶ
2516 5671 2725 5739 γένοιτο
2751 5668 2929 5739 σαφὴς
2972 5667 3067 5721 τοῦ
3108 5664 3395 5729 λαλοῦντος
3426 5666 3457 5735 ἡ
3494 5663 3774 5735 βούλησις.
