3996 6406
231 416 328 475 5n
971 468 976 473 .
1645 419 1850 478 THES.‘

1957 426 2080 482 iUS.
2773 472 2796 482 ..
3423 449 3535 503 3,“;

234 541 290 592 El
325 536 437 608 γὰρ
466 536 782 610 ἐθελήσαις
808 539 1121 606 ἀποσώζειν
1160 544 1224 612 τῇ
1261 541 1536 614 ἀσωμάτῳ
1575 543 1734 612 φύσει
1756 544 1847 596 τὸν

1957 549 2042 602 sit.
2081 547 2214 604 Nam
2259 554 2305 608 si
2337 553 2472 610 velis
2515 570 2738 612 servare
2772 557 3104 630 incorporea:
3141 572 3345 617 naturae
3394 582 3527 620 con-

240 630 361 697 αὒτῇ
395 627 764 700 κατάλληλον
787 630 949 698 λόγον
972 632 1072 701 (1),
1102 631 1164 685 ού
1188 631 1443 704 τοιαύτην
1469 629 1610 687 εἶναι
1637 637 1844 703 νομιεῖς

1957 638 2353 696 venientem'ei
2406 645 2701 710 rationem,
2755 663 2858 702 non
2900 651 3057 704 talem
3107 666 3228 706 esse
3278 657 3528 710 censebis

251 719 328 771 τού
349 719 574 788 Πατρὸς
601 721 711 790 τὴν
740 723 949 793 φωνὴν,
974 723 1050 786 ὠς
1079 725 1159 786 εἰς
1180 723 1350 794 ἀκοὴν
1375 716 1636 794 φέρεσθαι
1663 742 1847 794 σωμα-

1957 727 2129 784 Patris
2193 747 2400 799 vocem,
2453 745 2509 789 ut
2556 737 2609 790 in
2671 739 2910 793 auditum
2979 745 3336 812 corporaliter
3378 747 3527 801 fera-

251 811 408 872 τιιῶς.
429 810 512 862 Ού
547 809 672 882 γὰρ
697 813 868 882 μόνος
891 815 919 867 ὁ
941 814 1146 886 Κύριος
1171 815 1481 886 ἠκροάσατο
1511 817 1604 870 τοῦ
1632 817 1847 888 Πατρὸς

1957 831 2057 875 lur.
2139 821 2325 894 Neque
2385 827 2528 880 enim
2599 828 2744 883 solus
2815 809 3087 887 Dominusi
3141 835 3350 890 audivit
3420 837 3526 891 Pa-

249 902 509 968 λὲγοντος·
556 921 577 954 ι
611 903 734 956 Καὶ
775 904 1028 969 ἐδόξασα,
1058 905 1156 959 καὶ
1190 906 1352 960 πάλιν
1376 906 1586 973 δοξάσω
1609 923 1623 938 ·
1654 925 1672 957 ι
1713 906 1848 960 ἀλλὰ

1957 922 2087 968 trem
2147 915 2418 972 dicentem
2452 934 2467 970 :
2515 937 2534 971 ι
2577 919 2644 972 Ει
2677 920 2994 991 glorificavi,
3031 933 3084 978 et
3126 926 3327 981 iterum
3360 928 3528 997 glori-

243 992 336 1060 τέιρ
363 994 458 1044 καὶ
487 993 544 1045 οἱ
573 993 844 1058 συνόντες
859 995 1029 1066 αὐτῷ.
1060 997 1340 1051 Διδάσκων
1367 997 1425 1050 δὲ
1461 999 1695 1065 σαφῶςό
1713 999 1848 1070 Χριο

1957 1005 2148 1071 ﬁcabo,
2187 1027 2206 1060 ι
2243 1009 2337 1063 sed
2371 1009 2534 1064 etiam
2568 1011 2661 1080 qui
2711 1013 2940 1069 Domino
2984 1017 3233 1073 aderant.
3272 992 3528 1074 Christus

245 1084 372 1146 στος,
401 1085 488 1136 ὅτι
511 1086 744 1155 κυρίως
779 1087 874 1139 καὶ
899 1087 1147 1156 φυσικῶς
1177 1088 1278 1140 οὐκ
1305 1087 1487 1158 ἐκείνη
1512 1088 1606 1141 τοῦ
1634 1090 1847 1161 Πατρὸς

1957 1109 2136 1152 autem
2180 1100 2466 1156 manifeste
2512 1104 2711 1158 docens
2756 1106 2898 1174 quod
2931 1109 3151 1178 proprie
3187 1123 3252 1164 ac
3301 1119 3526 1164 natura-

241 1172 298 1245 ἦν
332 1178 363 1246 ἡ
393 1177 577 1246 φωνὴ,
617 1177 771 1231 ἀλλά
795 1196 880 1241 τις
914 1178 1120 1242 κτύπος
1148 1182 1295 1251 φωνῇ
1320 1179 1658 1250 προσεοικὼς
1690 1182 1848 1254 ἐξήγ-

1957 1189 2085 1244 liter
2128 1207 2236 1246 non
2268 1203 2385 1247 erat
2438 1194 2616 1250 Patris
2666 1196 2752 1250 illa
2795 1213 2921 1262 vox,
2964 1199 3057 1253 sed
3105 1214 3270 1256 sonus
3308 1202 3526 1270 quidam

240 1268 383 1337 γελλε
417 1269 518 1321 τοῦ
548 1269 785 1340 Πατρὸς
805 1270 905 1340 τὴν
936 1273 1024 1340 ἐφ’
1056 1272 1172 1342 Υἱῷ
1215 1271 1490 1342 βούλησιν.
1519 1273 1628 1326 Καὶ
1653 1275 1845 1347 ὅτιπερ

1957 1281 2071 1334 voci
2107 1281 2305 1337 similis
2350 1285 2654 1340 enuntiavit
2692 1285 2868 1343 Patris
2911 1290 2979 1343 de
3009 1287 3146 1344 Filio
3174 1268 3528 1349 voluntatem.

239 1360 315 1430 εἴη
350 1361 539 1430 τίμιος
575 1362 722 1434 παρ’
740 1362 917 1433 αὐτῷ,
947 1362 1099 1430 λέγει
1128 1363 1264 1435 πρὸς
1291 1365 1417 1426 τοὺς
1439 1365 1844 1436 ἀκροωμένους·

1965 1372 2131 1443 188
2163 1372 2314 1440 Quod
2343 1383 2523 1431 autem
2566 1392 2672 1431 non
2715 1378 2780 1433 ad
2824 1394 2883 1434 se
2925 1378 3065 1434 facta
3107 1381 3290 1449 fuerit,
3328 1384 3393 1438 ad
3436 1400 3530 1441 eos

255 1452 356 1505 ιῦὖ
385 1452 450 1504 δι’
476 1452 586 1523 ἐμὲ
621 1453 658 1522 ἡ
696 1454 857 1524 φωνὴ
883 1452 1024 1525 αὕτη
1061 1454 1309 1523 γέγονεν,
1355 1455 1490 1508 ἀλλὰ
1517 1457 1582 1509 δι’
1620 1458 1783 1527 ὑμᾶς.
1821 1477 1840 1512 ι

1957 1465 2044 1534 qui
2095 1481 2217 1520 eum
2258 1482 2451 1522 sonum
2495 1468 2802 1536 audierant,
2836 1474 2908 1525 ita
2957 1473 3073 1529 ait:
3107 1492 3126 1525 ι
3163 1473 3278 1529 Non
3311 1483 3532 1546 propter

255 1544 470 1615 Πρόσχες
497 1546 618 1615 γὰρ
643 1545 904 1616 ἀκριϐῶς
919 1546 995 1610 ὡς
1018 1547 1118 1600 οὐκ
1142 1547 1364 1618 ἔφησεν,
1382 1549 1457 1602 Οὐ
1479 1549 1546 1602 δι’
1569 1550 1669 1618 ἐμὲ
1691 1549 1847 1604 λελά-

1957 1571 2035 1610 me
2076 1573 2175 1612 vox
2225 1559 2328 1614 ista
2364 1560 2507 1616 facta
2548 1571 2650 1626 est,
2685 1563 2779 1618 sed
2807 1575 3029 1633 propter
3056 1580 3154 1622 vos
3180 1565 3244 1620 ³¹.
3283 1544 3530 1622 {An—im-

255 1636 396 1707 ὶῃκεν
435 1639 463 1690 ὁ
503 1639 733 1709 Πατὴρ,
801 1638 834 1709 ἢ
890 1639 1206 1712 ἐδόησεν,ἢ
1261 1642 1448 1714 ἕτερόν
1495 1659 1546 1696 τι
1581 1643 1842 1709 τοιοῦτον,

1957 1651 2171 1704 adverte
2229 1651 2373 1706 enim
2427 1653 2732 1724 diligenter,
2785 1672 2892 1726 quo
2943 1665 3098 1726 pacto
3142 1673 3248 1713 non
3287 1659 3529 1715 dixerit:
3582 1690 3585 1692 -

380 1732 458 1784 ὅτι
485 1751 503 1782 ι
529 1733 609 1784 υύ
639 1731 714 1784 δι’
754 1731 860 1802 ἐμὲ
879 1731 1157 1804 γέγονενὴ
1186 1733 1359 1804 φωνὴ,
1383 1733 1519 1788 ἀλλὰ
1539 1734 1605 1787 δι’
1631 1736 1797 1805 ὑμᾶς.
1821 1755 1838 1786 ι

1957 1741 2068 1796 Νοιι
2107 1753 2331 1813 propter
2363 1761 2449 1799 me
2494 1746 2707 1802 locutus
2747 1758 2832 1803 est
2878 1747 3062 1814 Pater,
3109 1759 3201 1805 aut
3248 1751 3529 1818 clamavit,

259 1823 316 1874 Ei.
341 1822 504 1875 τοίνυν
535 1823 633 1876 διά
664 1841 824 1886 τινος
855 1823 1010 1887 θείας
1033 1825 1318 1895 ἐνεργείας
1341 1826 1565 1893 γέγονεν
1599 1828 1632 1896 ἡ
1670 1826 1841 1898 φωνὴ,

1957 1835 2637 1905 antaliquidejuscemodi,
2668 1839 2786 1905 sed,
2819 1858 2838 1890 ‹
2863 1840 2976 1894 Non
3013 1853 3236 1911 propter
3268 1859 3355 1897 me
3389 1843 3530 1900 facta

272 1915 327 1967 οὔ
349 1913 432 1967 διὰ
455 1914 714 1985 Χριστὸν,
753 1915 835 1979 ὡς
856 1915 1024 1979 αὐτός
1059 1933 1244 1986 φησιν,
1284 1917 1418 1970 ἀλλὰ
1447 1917 1536 1971 διὰ
1559 1919 1686 1982 τοὺς
1719 1935 1845 1972 συν-

1957 1935 2034 1979 est
2065 1925 2180 1980 haec
2209 1941 2336 1994 vox,
2361 1929 2454 1983 sed
2484 1939 2707 1998 propler
2735 1945 2850 1986 vos.
2885 1951 2902 1983 ι
2942 1932 3000 1986 Si
3030 1947 3164 2002 ergo
3193 1933 3375 1988 divina
3395 1949 3532 2003 qua-

281 2007 421 2068 οντες
462 2005 616 2075 αὐτῷ,
645 2006 954 2076 ἀμήχανον
983 2007 1043 2060 δὲ
1075 2003 1142 2078 ἦν
1183 2007 1506 2079 ἀνθρώπους
1535 2008 1696 2072 ὄντας
1727 2009 1846 2061 ἐτέ-

1957 2017 2074 2070 dam
2109 2015 2349 2071 eilicacia
2378 2031 2482 2072 vox
2519 2018 2606 2072 illa
2647 2018 2792 2074 facta
2836 2036 2942 2075 non
2979 2031 3200 2092 propter
3226 2022 3528 2089 Christum,

289 2116 385 2168 ρως
402 2097 634 2151 δύνασθαι
669 2098 883 2168 μαθεῖν
912 2097 1006 2152 τοῦ
1027 2099 1241 2170 Πατρὺς
1261 2101 1362 2170 τὴν
1387 2099 1665 2172 βούλησιν,
1699 2103 1748 2155 εί
1773 2103 1848 2172 μὴ

1957 2118 2014 2161 ιιι
2064 2110 2295 2176 ipsemet
2343 2118 2609 2176 testatur,
2652 2112 2748 2166 sed
2794 2121 3016 2182 propter
3071 2127 3167 2168 eos
3207 2114 3299 2183 qui
3342 2115 3389 2170 ei
3435 2115 3532 2168 ad-

277 2189 559 2259 ἁνθρωπεία
588 2191 734 2259 πρὸς
773 2190 979 2254 αὐτοὺς
1011 2191 1232 2257 ἐγένετο
1263 2193 1454 2263 φωνή·
1484 2193 1539 2245 τί
1573 2193 1751 2263 μάτην
1781 2194 1850 2246 τά

1957 2209 2126 2264 erant,
2173 2201 2510 2271 impossibile
2550 2218 2678 2258 vero
2705 2213 2853 2269 erat,
2885 2220 3007 2259 cum
3043 2205 3292 2260 homines
3327 2217 3534 2272 essent,

265 2283 595 2352 οἰκονομικῶς
625 2282 909 2353 γεγονότα
944 2284 1040 2336 καὶ
1092 2283 1451 2354 ἀνθρωπίνως
1499 2284 1850 2356 διοικούμενα

1957 2301 2014 2347 ιιι
2050 2291 2390 2347 voluntatem
2442 2293 2622 2348 Patris
2673 2293 2782 2348 alia
2820 2294 3033 2349 ratione
3084 2294 3376 2360 discerent,
3427 2295 3533 2349 nisi

258 2372 320 2424 δι’
335 2374 469 2442 ἡμᾶς
497 2375 670 2428 πάλιν
695 2373 1007 2448 ἀναφέρεις
1045 2375 1138 2429 ἐπὶ
1176 2377 1282 2448 τὴν
1315 2375 1608 2448 ἀσώματον
1636 2377 1846 2443 ούσίαν,

1957 2384 2192 2439 humana
2221 2398 2355 2440 voce
2378 2384 2746 2441 docerentur:
2777 2387 2905 2456 quid
2938 2387 3144 2441 frustra
3199 2401 3321 2456 quae
3367 2385 3538 2440 ratio-

267 2464 636 2532 ῥιψοκινδύνως
664 2465 741 2518 τὰ
770 2468 842 2536 τῇ
871 2468 1077 2536 γενητῇ
1113 2466 1397 2537 πρέποντα
1441 2466 1602 2537 φύσει
1630 2468 1725 2522 καὶ
1757 2467 1850 2521 ἐπὶ

1957 2492 2024 2531 ne
2075 2477 2471 2533 incarnationis
2525 2487 2581 2532 et
2633 2480 2873 2533 humano
2958 2494 3108 2534 more
3153 2478 3536 2534 administrata

267 2558 354 2630 τὴν
375 2560 628 2632 ἀγένητον
655 2559 979 2628 ἀνατιθείς;

1957 2575 2086 2622 sunt
2112 2568 2284 2623 nostri
2307 2584 2492 2633 causa,
2528 2568 2596 2622 ad
2620 2569 3000 2638 incorpoream
3024 2574 3317 2625 essentiam
3340 2570 3536 2635 refers,
3567 2637 3576 2649 .

1957 2659 2246 2714 temerarie
2275 2661 2564 2716 admodum
2584 2677 2702 2732 quae
2721 2670 2918 2719 creatae
2942 2671 3152 2719 natura:
3183 2663 3537 2729 conveniunt,

1956 2751 2215 2807 increatae
2253 2753 2538 2810 tribuens?

945 2846 1153 2901 ΑΛΛΟ.

2621 2847 2853 2906 ALIUD.

530 2939 876 3005 Ἀντίθεσις
899 2938 981 3005 ὡς
1009 2938 1078 2992 ἐκ
1103 2935 1224 2991 τῶν
1245 2938 1563 3007 Εὐνομίου.

2458 2938 2698 3010 Objectio
2740 2940 3012 2996 Eunomii.

314 3034 562 3088 Φαίνεταί
614 3051 728 3087 που
780 3033 981 3100 λέγων,
1041 3031 1230 3100 φασιν,
1282 3032 1310 3083 ό
1342 3031 1534 3101 Πατὴρ
1579 3028 1716 3100 πρὸς
1760 3029 1850 3084 τὸν

2030 3033 2310 3088 Invenitur
2345 3033 2570 3102 alicubi,
2605 3035 2880 3104 inquiunt,
2917 3035 3083 3090 Pater
3117 3035 3185 3090 ad
3217 3035 3418 3091 Filium
3451 3036 3537 3092 di-

262 3123 393 3178 Υίόν·
423 3143 441 3175 ι
479 3125 833 3194 Ποιήσωμεν
861 3122 1171 3192 ἄνθρωπον.
1207 3141 1226 3172 ι
1258 3120 1369 3174 Καὶ
1400 3121 1560 3183 αὐτὸς
1592 3119 1656 3191 δὴ
1688 3120 1850 3174 πάλιν

1958 3136 2089 3177 cens
2123 3141 2136 3177 :
2190 3142 2210 3174 ι
2255 3123 2545 3179 Faciamus
2601 3125 2875 3180 hominem
2903 3126 2970 3178 ".
3008 3143 3028 3176 ι
3074 3125 3138 3179 Ει
3169 3126 3285 3194 ipse
3326 3141 3542 3181 rursum

261 3218 478 3289 όΣιωτὴρ
521 3217 678 3287 πρὸς
725 3215 1018 3278 Ἰουδαίους
1042 3214 1425 3285 διαλεγόμενος
1458 3215 1610 3282 λέγει
1637 3229 1651 3244 ·
1683 3233 1701 3264 ι
1723 3209 1850 3267 Ἀπ’

1964 3212 2222 3302 Servator
2251 3213 2466 3271 Judmos
2496 3216 2801 3286 alloquens,
2829 3217 2960 3271 dicit
2994 3234 3007 3271 :
3043 3235 3062 3269 ι
3103 3215 3218 3288 Ego
3249 3231 3276 3271 a
3314 3233 3399 3272 me
3427 3219 3544 3287 ipso

266 3311 471 3382 ἐμαυτοῦ
503 3311 580 3364 οὐ
603 3308 786 3372 λαλῶ,
812 3305 932 3362 ἀλλ’
953 3308 1055 3361 ὅσα
1079 3307 1288 3378 ἤκουσα
1318 3304 1470 3377 παρὰ
1495 3304 1589 3358 τού
1617 3305 1850 3374 Πατρὸς,

1961 3316 2068 3354 non
2120 3301 2333 3371 loquor,
2369 3304 2464 3358 sed
2496 3318 2615 3372 quae
2655 3305 2835 3359 audivi
2885 3321 2914 3358 a
2957 3304 3141 3374 Patre,
3192 3306 3309 3360 haec
3350 3311 3545 3363 nuntio

271 3401 410 3456 ταῦτα
436 3400 797 3470 ἀπαγγέλλω
827 3400 980 3471 ὑμῖν.
1010 3417 1028 3450 ι
1060 3393 1188 3469 'Ap‘
1207 3393 1302 3451 οὖν
1327 3395 1480 3460 εἴτις
1509 3397 1654 3467 ὑμᾶς
1674 3395 1850 3467 ἔροιτο

1960 3394 2112 3449 vobis
2132 3394 2198 3449 ³³.
2223 3412 2242 3446 ι
2283 3395 2340 3450 Si
2372 3395 2495 3466 quis
2517 3395 2690 3466 igitur
2721 3397 3020 3467 interroget
3055 3411 3171 3465 vos,
3194 3399 3285 3467 qui
3316 3398 3544 3468 dogma-

281 3495 383 3557 τοτδς
399 3496 476 3548 ἐπὶ
502 3493 830 3565 δογμάτων
868 3490 1126 3563 ὀρθότητι
1150 3487 1724 3561 μεγαλαυχουμένους,
1753 3487 1850 3539 πό-

1961 3497 2072 3542 tum
2102 3489 2433 3543 rectitudine
2461 3489 2791 3558 gloriamini,
2835 3499 3016 3544 utrum
3052 3491 3118 3545 ad
3156 3491 3419 3546 scientem
3453 3489 3546 3546 Fi-

276 3587 406 3657 τερόν
433 3605 562 3640 ποτε
603 3585 691 3649 ὡς
725 3583 865 3656 πρὸς
898 3582 1080 3636 εἰδότα
1125 3581 1217 3634 τὸν
1253 3580 1378 3636 Υίδν
1425 3581 1454 3632 ό
1501 3578 1850 3651 Πατὴροὸπερ

1959 3579 2088 3633 Ιίιιιιι
2117 3577 2280 3634 Pater
2307 3580 2452 3649 quod
2477 3580 2728 3635 dicturus
2754 3589 2898 3643 erat,
2932 3595 2999 3634 an
3030 3594 3160 3635 vero
3189 3580 3258 3634 ad
3289 3579 3543 3635 nescien-

265 3679 452 3747 ἔμελλεν
481 3681 654 3752 ἐρεῖν
695 3675 1044 3744 διαλέγεται,
1088 3673 1121 3745 ἢ
1156 3674 1232 3738 ὡς
1259 3672 1397 3745 πρὸς
1445 3672 1521 3743 μὴ
1561 3672 1762 3736 εἰδότα,
1800 3673 1850 3724 τί

1963 3679 2068 3724 tem
2119 3669 2334 3727 locutus
2375 3673 2468 3737 sit,
2525 3672 2784 3741 quidnam
2838 3671 3254 3741 respondeatis?
3301 3670 3438 3726 Nam
3500 3673 3547 3728 si

251 3771 308 3824 ἂν
328 3769 785 3844 ἀποκρίνοισθε“;
835 3769 900 3821 Εἰ
935 3767 1034 3838 μὲν
1060 3763 1153 3821 οὖν
1177 3767 1277 3820 οὐκ
1309 3763 1440 3829 οἶδε,
1501 3764 1764 3835 μανθάνει
1795 3764 1850 3818 δὲ

1960 3761 2222 3828 nescivit,
2262 3777 2326 3817 ac
2388 3771 2498 3817 tum
2545 3762 2780 3832 primum
2827 3762 3034 3826 didicit,
3087 3761 3305 3832 quando
3365 3762 3548 3817 Patris

247 3866 353 3917 τότε
383 3867 512 3918 ὃταν
540 3866 577 3917 ὁ
603 3860 706 3916 τοῦ
742 3861 961 3932 [ἰατρὸς
1009 3860 1168 3929 λόγος
1225 3859 1364 3930 πρὸς
1409 3857 1571 3911 αὑτὸν
1624 3858 1850 3929 γένηται

1959 3867 2140 3908 sermo
2171 3853 2448 3923 quapiam
2485 3854 2552 3908 de
2587 3870 2645 3909 re
2674 3855 2740 3908 ad
2776 3853 2923 3908 illum
2957 3853 3175 3908 habitus
3203 3863 3308 3919 est,
3370 3854 3548 3908 diver-

245 3957 362 4029 περί
394 3975 586 4022 τινος,
610 3954 804 4024 ἕτερός
828 3955 946 4005 ἐστι
979 3952 1129 4023 παρὰ
1165 3951 1255 4004 τὸν
1286 3949 1416 4003 ὄντα
1459 3950 1621 4018 φύσει
1645 3966 1659 3981 ο
1714 3951 1762 4002 εἰ
1799 3949 1850 4001 δὲ

1959 3960 2054 4001 sus
2097 3946 2205 4001 erit
2259 3947 2328 4000 ab
2360 3960 2426 4000 eo
2467 3946 2558 4014 qui
2604 3953 2796 4000 natura
2827 3945 3084 4000 exsistit:
3113 3945 3159 3999 si
3197 3959 3328 4000 vero
3366 3944 3546 4011 scivit,

241 4043 361 4111 οἶδε,
389 4047 513 4109 πῶς
554 4045 668 4097 οὐκ
708 4040 929 4113 ἀμαθὲς
963 4041 1059 4092 καὶ⁸
1113 4039 1338 4108 ἀνόητον
1380 4037 1444 4090 τὸ
1490 4036 1627 4105 πρὸς
1676 4034 1850 4087 εἰδότα

1969 4037 2242 4108 quomodo
2276 4053 2381 4092 non
2419 4037 2584 4092 fuerit
2625 4038 2916 4092 absurdum
2958 4038 3024 4091 ad
3067 4038 3331 4093 scientem
3373 4037 3545 4107 loqui,

239 4139 412 4208 λέγειν
451 4140 668 4206 ὥσπερ
715 4135 816 4188 οὒκ
858 4133 1078 4197 altiora;
1132 4131 1242 4184 Καὶ
1277 4129 1363 4182 ἐπ’
1411 4129 1715 4200 ἀνθρώπων
1747 4127 1850 4198 γὰρ

1970 4141 2229 4202 tanquam
2262 4146 2368 4185 non
2403 4129 2701 4185 scientem?
2728 4131 2888 4198 Atqui
2922 4129 3084 4185 etiam
3114 4130 3259 4184 inter
3286 4129 3547 4185 homines

235 4234 330 4286 οὐκ
378 4233 488 4297 ἔξω
541 4230 719 4298 λόγου
752 4227 819 4280 τὸ
864 4225 1108 4280 τοιοῦτον
1139 4225 1400 4279 κείσεται.
1458 4223 1522 4274 Ei
1563 4221 1621 4274 δὲ
1653 4221 1850 4275 ἄτοπον

1960 4223 2064 4279 hoc
2101 4223 2389 4277 ridiculum
2420 4221 2605 4276 fuerit.
2630 4219 2762 4276 Cum
2799 4221 2963 4290 igitur
3001 4220 3293 4275 absurdum
3322 4221 3393 4275 sit
3426 4220 3530 4275 hoc

235 4324 466 4395 τοιούτῳ
499 4323 629 4376 τινὶ
666 4318 1027 4391 περιπίπτειν
1068 4317 1236 4386 φάναι
1269 4315 1360 4370 τὸν
1391 4314 1546 4378 Θεὸν,
1584 4313 1741 4383 δῆλον
1773 4314 1850 4366 ὅτι

1962 4315 2072 4370 Deo
2121 4314 2384 4381 tribuere,
2452 4313 2797 4369 manifestum
2840 4321 2944 4379 est,
2984 4313 3051 4366 ad
3106 4327 3210 4366 non
3259 4313 3524 4367 scientem

238 4417 306 4479 ὡς
333 4418 479 4488 πρὸς
531 4416 648 4468 οὐκ
682 4411 861 4465 εἰδότα
902 4410 1074 4479 λέγει.
1125 4407 1262 4462 Οὔτε
1305 4401 1398 4460 οὖν
1440 4406 1603 4468 αὑτός
1636 4405 1784 4457 ἐστιν
1829 4405 1850 4457 ό

1983 4407 2227 4462 loculum
2274 4405 2465 4462 fuisse.
2508 4404 2623 4459 Non
2657 4413 2741 4460 est
2775 4405 2938 4474 igitur
2978 4405 3094 4475 ipse
3132 4403 3360 4460 Verbum
3398 4402 3545 4458 Patri

238 4501 561 4568 ἐνδιάθετος
626 4502 824 4570 Λόγος,
860 4499 986 4554 οὔτε
1037 4497 1144 4570 μὴν
1183 4494 1324 4552 οἶδεν
1376 4495 1521 4567 ἅπερ
1555 4493 1850 4566 βούλεταιό

1985 4497 2232 4562 insitum,
2278 4512 2453 4567 neque
2495 4496 2745 4552 scivisset
2775 4511 2894 4565 qua:
2926 4495 3038 4550 vult
3078 4494 3221 4551 Dens
3267 4510 3331 4550 ac
3363 4494 3545 4560 Pater,

240 4598 368 4662 Θεὸς
405 4599 511 4652 καὶ
546 4594 771 4666 Πατὴρ,
820 4595 867 4646 εἰ
919 4591 995 4664 μὴ
1027 4593 1240 4661 γένοιτο
1287 4588 1424 4660 πρὸς
1473 4586 1638 4640 αὑτὸν
1667 4585 1697 4638 ὁ
1729 4584 1850 4655 παρ’

1971 4589 2076 4646 nisi
2125 4604 2307 4645 sermo
2337 4588 2518 4644 Patris
2557 4589 2623 4643 ad
2657 4590 2829 4658 ipsum
2861 4587 3075 4642 habitus
3107 4586 3319 4642 fuisset.

243 4691 406 4746 αὑτοῦ
436 4691 642 4758 λόγος.
2701 4701 2707 4707 “

765 4801 922 4872 Πρὸς
946 4801 1122 4856 τοῦτο
1158 4799 1361 4864 λύσις.

2469 4792 2676 4848 Salutio
2722 4792 3044 4862 objectiunis.
3403 4827 3434 4844 κ

313 4923 492 4977 Οὐδὲν
521 4913 626 4974 οὗν
648 4918 836 4971 διοίσει
865 4913 1162 4987 προφητῶν
1191 4916 1219 4967 ὁ
1246 4914 1305 4966 ὲν
1345 4911 1655 4983 προφήταις
1685 4909 1850 4962 λαλῶν

2035 4908 2177 4964 Nihil
2222 4909 2387 4979 igitur
2438 4906 2652 4962 differet
2696 4921 2724 4961 a
2770 4905 3048 4977 prophetis
3089 4902 3328 4959 Verbum
3363 4904 3458 4962 Dei
3497 4907 3548 4960 in

252 5013 335 5066 τοῦ
365 5011 519 5065 Θεοῦ
555 5010 755 5076 Λόγος,
785 5007 881 5060 καὶ
907 5005 977 5059 τά
1010 5003 1245 5074 ἐσόμενα
1271 5000 1606 5072 προμηνύων
1637 5000 1850 5062 αὐτοῖς·

1975 5004 2254 5087 prophetis
2292 5001 2520 5073 loquens
2566 5011 2620 5056 et
2663 4999 2843 5056 futura
2890 4999 2970 5054 eis
3001 4997 3300 5069 praedicens
3331 5013 3343 5050 :
3379 5011 3553 5066 neque

254 5104 305 5155 εὖ
336 5103 458 5172 γὰρ
495 5096 654 5170 εἶχον
689 5098 747 5163 ἐξ
788 5094 997 5150 ἑαυτῶν
1031 5093 1093 5147 τὸ
1123 5093 1324 5146 είδέναι
1362 5091 1570 5144 ταῦτα·
1619 5091 1767 5161 μόνῳ
1805 5090 1850 5143 δὲ

1970 5098 2113 5152 enim
2164 5111 2233 5150 ex
2282 5095 2483 5164 seipsis
2521 5095 2716 5149 horum
2779 5091 3026 5148 notitiam
3077 5089 3394 5145 habebant:
3448 5090 3550 5144 soli

256 5195 497 5267 ἁρμόζει
528 5191 658 5260 Θεῴ
694 5189 1024 5260 ὲσομένωνὴ
1058 5187 1384 5258 πρόγνωσις.
1417 5183 1527 5236 Καὶ
1547 5184 1597 5236 τί
1627 5184 1850 5254 ποιήσω-

1975 5202 2211 5255 namque
2263 5187 2374 5241 Deo
2425 5186 2679 5241 convenit
2732 5184 3037 5238 futurorum
3090 5180 3372 5252 prmnotio.
3413 5178 3554 5247 Quid

253 5305 376 5354 μεν,
415 5285 523 5340 τοῦ
571 5283 782 5354 Κυρίου
822 5281 1013 5350 σαφῶς
1052 5279 1246 5334 ἑαυτὸν
1294 5277 1394 5347 τῆς
1444 5275 1582 5347 πρὸς
1625 5275 1850 5337 ἐκείνους

1967 5295 2096 5335 vero
2129 5278 2412 5344 faciemus,
2436 5293 2560 5334 cum
2588 5279 2848 5333 Dominus
2900 5274 3188 5332 manifeste
3232 5287 3292 5329 se
3335 5275 3406 5328 ab
3437 5271 3554 5327 illo-

258 5380 520 5450 ἰσότητος
558 5373 1039 5446 ἀποδιορίζοντοςς
1089 5371 1156 5425 δι’
1187 5363 1262 5424 ὧν
1313 5367 1457 5422 οὕτω
1511 5368 1712 5438 φησίνο
1752 5386 1770 5419 ι
1801 5369 1840 5421 Ε

1968 5387 2085 5429 rum
2133 5372 2487 5427 similitudine
2534 5371 2774 5426 eximat?
2827 5371 2900 5426 ita
2972 5369 3200 5424 dicens:
3247 5384 3267 5418 ι
3325 5363 3382 5420 Si
3436 5365 3556 5421 illos

261 5471 516 5533 ἐκείνους
546 5463 672 5521 εἶπε
707 5466 887 5530 θεοὺς,
916 5465 1050 5536 πρὸς
1080 5461 1175 5526 οὓς
1211 5464 1239 5516 ὁ
1267 5460 1424 5530 λόγος
1454 5459 1547 5512 τοῦ
1577 5458 1713 5513 Θεοῦ
1744 5461 1850 5528 ὲγέ-

1971 5466 2107 5520 dixit
2138 5465 2270 5520 deos
2296 5464 2363 5520 ad
2393 5478 2528 5533 quos
2553 5477 2735 5520 sermo
2764 5461 2858 5516 Dei
2885 5461 3060 5518 factus
3086 5469 3192 5527 est,
3225 5466 3281 5514 et
3314 5472 3422 5514 non
3455 5471 3556 5527 po-

334 5623 379 5655 "
410 5623 577 5678 Joan.
611 5636 714 5687 xu,
740 5620 831 5675 50.
907 5619 953 5651 ³¹
976 5617 1113 5674 Gen.
1153 5633 1192 5684 ι,
1221 5615 1312 5670 ‘26.
1389 5614 1436 5647 ³³
1460 5613 1615 5670 Joan.
1654 5630 1750 5683 xu,
1780 5617 1866 5674 49.

343 5802 424 5868 (ι)
462 5800 554 5854 Sic.
581 5799 816 5856 Colelur.
851 5800 902 5853 in
927 5797 1162 5852 Monum.
1193 5796 1256 5851 Ε.
1288 5795 1352 5851 G.
1379 5793 1587 5865 H.59l.
1797 5794 1850 5848 AI

1989 5797 2077 5851 τὸν
2110 5796 2272 5850 αὑτὸν
2313 5797 2431 5849 κατ’
2460 5791 2689 5864 annm
2717 5791 2891 5860 λόγον.
2924 5788 3063 5845 Nam
3089 5789 3132 5844 si
3157 5789 3212 5842 in
3248 5794 3437 5840 natura
3467 5781 3550 5834 iu-

273 5866 536 5940 cc-rpor'ca
573 5871 690 5940 ﬁeri
723 5870 845 5924 velis
882 5877 1121 5923 mutuum
1161 5868 1296 5922 hunc
1332 5881 1641 5922 sermonem.
1681 5866 1835 5920 Enl'r.
