3996 6412
489 386 592 441 ειν

1525 382 1581 437 S.
1627 378 1894 438 CYRILLI
1934 374 2406 434 ALEXANDRINI
2444 378 2767 438 ARCHIEP.

3667 387 3776 441 330

495 513 593 559 test
635 503 770 559 solvi
819 502 1139 570 Scriptura;
1190 518 1350 574 quem
1403 503 1543 559 Deus
1593 501 1980 566 sanctitieavit,
2019 515 2053 555 ω

2174 509 2294 554 νετο
2319 542 2332 566 ,
2386 503 2478 557 καὶ
2510 505 2571 558 οὐ
2601 504 2830 559 δύναται
2872 503 3099 575 λυθῆναι
3138 506 3171 576 ή
3215 501 3432 576 Γραφὴ,
3479 505 3537 559 ὃν
3567 507 3595 558 6
3639 508 3776 571 Θεὸς

490 597 640 649 misit
687 597 739 651 in
787 599 1069 663 mundum,
1123 612 1221 652 vos
1266 597 1447 652 dicitis
1513 597 1639 665 quia
1699 596 2072 665 Blaspltemas,

489 687 616 755 quia
661 687 769 740 dixi
801 709 812 740 :
854 686 1021 742 Filius
1056 688 1146 742 Dei
1180 702 1299 741 sum
1330 687 1396 741 “.
1435 707 1454 739 ι
1490 686 1546 741 Si
1583 687 1730 742 enim
1764 687 2070 742 naturalem

489 790 610 826 cum
657 776 936 845 prophetis
969 775 1380 831 similitudinem
1408 777 1710 842 habuisset,
1747 792 1853 832 non
1887 779 2074 846 utique

487 865 650 919 veluti
690 881 718 918 a
755 865 916 935 189
942 866 1243 920 minoribus
1287 881 1346 922 se
1391 868 1853 934 comparationem
1905 867 2072 950 fecist-

487 965 590 1009 set.
633 955 764 1009 Nam
802 972 920 1010 cum
953 958 1112 1023 dixit,
1148 976 1166 1010 (
1203 957 1258 1013 Si
1294 959 1414 1014 illos
1445 960 1586 1015 dixit
1621 960 1774 1026 deos,
1817 962 1884 1015 ad
1933 976 2072 1030 quos

487 1063 666 1101 sermo
703 1045 796 1102 Dei
849 1047 1026 1102 factus
1059 1061 1162 1116 est,
1194 1051 1486 1106 manifeste
1518 1053 1756 1106 ostendit
1805 1054 1899 1107 Dei
1951 1067 2070 1107 scr~

486 1152 696 1190 monem
732 1137 797 1191 ad
833 1154 892 1192 se
941 1137 1142 1192 factum
1181 1154 1286 1192 non
1315 1154 1459 1204 esse,
1497 1141 1644 1195 sicut
1682 1142 1747 1194 ad
1782 1140 1937 1195 illos:
1973 1141 2069 1196 sed

483 1227 624 1292 quod
671 1226 787 1296 ipse
829 1231 905 1283 sit
955 1244 1139 1285 sermo
1189 1231 1366 1288 Patris
1419 1227 1487 1288 ad
1537 1236 1828 1304 prophetas
1865 1235 2062 1289 dictus.

483 1316 767 1380 Quomodo
819 1319 985 1386 igitur
1024 1321 1092 1385 is,
1122 1323 1214 1392 qui
1257 1331 1406 1377 tanto
1457 1324 1743 1379 intervallo
1773 1326 2066 1394 prophetas

481 1420 724 1477 superat,
754 1410 889 1464 nihil
918 1412 1079 1467 habet
1103 1414 1336 1483 amplius
1368 1430 1529 1484 quam
1562 1417 1860 1486 prophetae,
1896 1426 1951 1472 ut
1985 1426 2062 1484 tu,

481 1497 814 1570 blaspheme,
843 1504 1311 1574 impudentissime
1337 1507 1572 1562 asseris?

1146 1791 1376 1847 ALIUD.

547 1900 603 1954 Si
634 1901 858 1956 nescivit
897 1901 1068 1956 Filius
1112 1903 1441 1960 voluntatem
1483 1903 1686 1973 Patris,
1715 1907 1832 1971 sed,
1861 1922 2053 1977 quem-

473 1995 760 2048 admodum
822 1996 1006 2051 hostes
1065 1995 1269 2051 Christi
1327 2006 1604 2061 asserunt,
1637 2013 1944 2054 sermonem
1986 2000 2056 2055 ab

472 2085 588 2152 ipso
610 2086 861 2156 suscipit,
887 2098 943 2142 ut
964 2089 1034 2141 ita
1054 2087 1248 2151 discat,
1269 2099 1323 2143 et
1342 2089 1564 2157 perinde
1582 2105 1647 2144 ac
1669 2092 2052 2159 prophetarum

470 2177 706 2246 aliquem
737 2179 897 2234 l’ater
919 2180 1092 2248 ipsum
1125 2179 1422 2249 alloquitur
1453 2197 1467 2234 :
1508 2181 1740 2250 mqualis
1775 2182 1940 2251 igitur
1969 2191 2054 2238 est

466 2268 767 2336 prophetis.
805 2269 945 2334 Quid
983 2269 1152 2340 igitur
1184 2285 1402 2324 rursum
1434 2278 1672 2326 statuent
1712 2274 1778 2326 de
1815 2271 2050 2327 Psalmi-

464 2367 575 2420 sta,
608 2359 659 2411 in
699 2357 906 2428 Spiritu
935 2361 1150 2415 dicente
1181 2379 1194 2414 :
1233 2378 1252 2412 ‹
1287 2360 1419 2426 Quis
1449 2361 1503 2416 in
1536 2362 1770 2418 nubibus
1801 2377 2050 2432 exequa-

465 2447 614 2501 bitur
649 2449 920 2505 Domino?
963 2462 1017 2506 et
1051 2454 1174 2522 quis
1205 2454 1400 2508 similis
1437 2455 1543 2510 erit.
1575 2456 1803 2512 Donnino
1833 2457 1885 2511 in
1924 2456 2048 2513 ﬁliis

465 2539 741 2593 hominum
768 2541 894 2596 "7»
937 2543 1123 2598 Viden’
1167 2560 1276 2613 quo
1311 2555 1472 2614 pacto
1531 2555 1718 2615 aperte
1773 2547 2046 2603 neminem

415 2621 422 2628 ’
465 2631 639 2696 inquit
658 2632 712 2686 in
734 2635 1039 2702 prophetis,
1061 2651 1198 2703 quos
1223 2637 1452 2706 ﬁgurate
1476 2639 1647 2712 nubes
1671 2647 1849 2704 vocat,
1873 2653 2048 2710 neque

461 2721 514 2775 in
553 2723 641 2790 iis,
672 2727 762 2796 qui
808 2743 906 2796 per
948 2729 1180 2797 gratiam
1236 2731 1287 2783 in
1320 2729 1461 2785 ﬁlios
1491 2729 1584 2786 Dei
1621 2730 1862 2800 adoptati
1896 2739 2044 2798 sunt,

459 2814 722 2880 aequalem
772 2818 887 2871 fore
925 2819 1060 2873 Filio
1090 2820 1364 2874 naturali?
1390 2823 1668 2888 Quomodo
1707 2823 1870 2891 igitur
1903 2839 2046 2878 cen-

459 2907 663 2960 sendus
689 2916 770 2960 est
802 2925 928 2962 vere
958 2911 1100 2979 loqui
1131 2910 1324 2978 David,
1359 2915 1450 2982 qui
1486 2913 1612 2968 talia
1641 2915 1692 2968 in
1721 2915 1930 2984 Spiritu
1958 2918 2042 2970 di-

2180 591 2373 660 ἡγίασε
2409 593 2501 646 καὶ
2530 593 2850 648 ἀπέστειλεν
2884 596 2966 658 είς
2989 594 3082 648 τὸν
3112 595 3318 663 κόσμον
3339 635 3354 661 ,
3395 596 3555 666 ὑμεῖς
3579 596 3773 666 λέγετε

2177 681 2257 734 ὅτι
2289 682 2660 753 Βλασφημεῖς,
2694 685 2778 738 ὅτι
2803 681 2957 739 εἷπον
2978 701 2992 716 ⁶
3022 685 3151 749 Υἱὸς
3172 685 3264 738 τοῦ
3296 685 3432 738 Θεοῦ
3454 687 3626 757 εἰμι.»
3653 689 3772 741 Καὶ

2176 775 2282 846 γὰρ
2315 777 2363 828 εί
2392 776 2490 846 τὴν
2523 776 2664 847 πρὸς
2690 779 2817 842 τοὺς
2849 779 3136 849 προφήτας
3171 773 3318 850 εἶχεν
3355 779 3579 850 ἰσότητα
3603 767 3772 848 φυσι-

2175 865 2299 936 κὴν,
2342 867 2444 919 οὑκ
2493 866 2558 921 ἃν
2615 867 2692 931 ὡς
2741 869 2806 921 ἐκ
2831 868 2925 921 τοῦ
2953 868 3237 932 ἐλάττονος
3279 868 3387 922 τῶν
3414 869 3536 923 καθ’
3573 869 3773 922 ἑαυτὸν

2173 957 2411 1009 ἐποιεῖτο
2460 957 2560 1026 τὴν
2615 957 3035 1029 σύγκρισιν,-τά
3078 958 3306 1012 ἐκείνων
3348 957 3642 1028 λαμϐάνων
3687 960 3772 1021 εἰς

2173 1047 2613 1118 παραδείγματος
2649 1049 2902 1120 δύναμιν.
2948 1051 3142 1118 Λέγων
3190 1050 3320 1122 γὰρ,
3362 1071 3381 1103 ι
3417 1052 3480 1104 Ei
3515 1051 3769 1114 ἐκείνους

2171 1135 2293 1192 εἷπε
2320 1139 2498 1204 θεοὺς,
2522 1140 2658 1210 πρὸς
2684 1140 2778 1205 οὓς
2809 1142 2838 1192 6
2859 1141 3014 1210 λόγος
3034 1140 3130 1194 τοῦ
3163 1142 3297 1195 Θεοῦ
3338 1143 3579 1211 ἐγένετο,
3609 1162 3628 1195 ι
3663 1160 3767 1198 σα-

2171 1229 2288 1297 φῶς
2316 1228 2699 1282 ἀποδείκνυσιν
2722 1229 2781 1282 οὺ
2809 1229 2964 1298 λόγον
2989 1229 3322 1300 γεγενῆσθαι
3343 1230 3476 1282 Θεοῦ
3506 1231 3643 1301 πρὸς
3664 1231 3770 1283 αὐ·-

2168 1322 2280 1386 τὸν,
2307 1321 2498 1393 ὥσπερ
2529 1323 2624 1376 καὶ
2649 1321 2784 1393 πρὸς
2818 1321 3084 1386 ἐκείνους,
3121 1321 3237 1375 ἀλλ’
3256 1322 3448 1394 ὅτιπερ
3483 1321 3647 1384 αὐτὸς
3672 1324 3763 1392 εἴη

2167 1411 2260 1465 τοῦ
2289 1412 2500 1482 Πατρὸς
2519 1413 2546 1465 6
2570 1413 2728 1481 λόγος
2759 1414 2787 1464 6
2817 1413 2952 1483 πρὸς
2983 1414 3110 1476 τοὺς
3135 1413 3420 1484 προφήτας
3446 1413 3764 1482 λεγόμενος.

2168 1496 2292 1562 Πῶς
2319 1493 2411 1551 οὖν
2442 1501 2470 1551 6
2499 1499 2757 1552 τοσοῦτον
2789 1499 2899 1553 τῶν
2943 1501 3242 1571 προφητῶν
3267 1502 3764 1572 ἀπεσχοινισμένος

2167 1587 2263 1640 καὶ⁴
2292 1587 2404 1640 ἄνω
2437 1605 2538 1641 που
2571 1588 2846 1660 κείμενος,
2893 1590 3048 1644 οὐδὲν
3075 1591 3186 1656 ἕξει
3213 1591 3376 1646 πλέον
3403 1591 3583 1646 αὐτῶν
3618 1593 3764 1646 κατά

2164 1676 2262 1746 τὴν
2287 1679 2406 1749 σὴν,
2433 1672 2477 1732 ὦ
2513 1677 2826 1750 βλάσφημε,
2853 1682 3061 1752 τόλμαν
3083 1699 3097 1748 ;

2853 1794 3060 1848 ΑΛΛΟ.

2235 1903 2298 1956 Ei
2327 1904 2427 1957 οὐκ
2447 1900 2588 1959 οἶδεν
2611 1905 2640 1958 6
2668 1905 2795 1969 Υἱὸς
2811 1905 2908 1978 τήν
2929 1907 3021 1961 τοῦ
3051 1907 3266 1980 Πατρδς
3297 1910 3574 1983 βούλησιν,
3604 1913 3760 1967 ἐκδέ-

2163 2011 2316 2063 χεται
2343 1995 2420 2059 δὲ,
2444 1997 2695 2066 καθάπερ
2713 1999 2762 2050 οἱ
2787 1998 3146 2069 χριστομάχοι
3173 2001 3476 2070 νομίζουσι,
3503 2004 3596 2056 τὸν
3621 2006 3756 2075 παρ’

2161 2085 2329 2139 αὑτοῦ
2351 2086 2528 2154 λόγον,
2565 2087 2651 2140 ἵνα
2682 2087 2744 2158 δή
2768 2105 2901 2140 ποτε
2933 2089 3030 2142 καὶ
3062 2088 3244 2159 μάθοι,
3281 2093 3374 2144 καὶ
3394 2092 3586 2164 ὥσπερ
3619 2095 3759 2163 πρός

2158 2194 2280 2230 τινα
2314 2177 2421 2230 τῶν
2459 2179 2756 2250 προφητῶν
2783 2182 2810 2233 ό
2842 2179 3032 2252 Πατὴρ
3062 2181 3369 2252 διαλέγεται
3394 2183 3532 2255 πρὸς
3563 2185 3753 2248 αὑτὸν,

2162 2268 2275 2332 ῑσος
2308 2269 2416 2340 ἄρα
2447 2271 2750 2340 προφήταις
2781 2271 2919 2324 ἐστί.
2957 2272 3058 2325 Ποῖ
3107 2272 3172 2344 δὴ
3217 2269 3310 2328 οῦν
3345 2275 3452 2344 ἄρα
3504 2277 3750 2346 χωρήσει

2159 2359 2324 2412 πάλιν
2371 2362 2504 2430 ἡμῖν
2547 2363 2576 2413 6
2628 2361 2783 2428 ἅγιος
2812 2362 3117 2433 Ψαλμῳδὸς
3147 2367 3206 2417 ὲν
3237 2366 3518 2435 Πνεῦματι
3551 2366 3741 2434 λέγων,

2158 2450 2241 2503 ὅτι
2279 2469 2297 2502 ι
2338 2451 2434 2514 Τίς
2487 2452 2546 2504 ὲν
2578 2453 2830 2521 νεφέλαις
2872 2455 3200 2527 ίσωθήσεται
3243 2457 3320 2527 τῷ
3367 2458 3602 2529 Κυρίῳς
3654 2458 3752 2510 καὶ

2157 2542 2240 2605 τίς
2287 2542 2690 2613 ὁμοιωθήσεται
2728 2545 2806 2616 τῷ
2847 2546 3038 2618 Κυρίῳ
3070 2548 3128 2602 έν
3159 2550 3296 2623 υἱοῖς
3328 2549 3498 2611 Θεοῦ;
3542 2568 3559 2602 ι
3618 2550 3753 2604 Ἰδοὺ

2156 2634 2264 2705 γὰρ
2289 2634 2478 2688 ἐνθάδε
2505 2637 2694 2705 σαφῶς
2725 2638 2916 2692 οὐδένα
2951 2641 3115 2710 φησιν
3142 2639 3268 2693 οὔτε
3312 2643 3371 2694 ὲν
3408 2643 3749 2712 προφήταις,

2153 2725 2248 2791 οὓς
2281 2725 2373 2779 καὶ
2402 2727 2636 2795 νεφέλας
2661 2728 3072 2802 τροπικώτερον
3105 2731 3256 2800 λέγει
3276 2772 3291 2798 ,
3343 2731 3468 2785 οὔτε
3499 2734 3606 2803 μὴν
3631 2733 3748 2795 τοῖς

2121 2819 2232 2881 ἐίς
2267 2818 2489 2888 υἱότητα
2520 2817 2655 2871 Θεοῦ
2702 2823 3200 2891 καταταττομένοις
3231 2822 3321 2875 διὰ
3352 2823 3452 2894 τῆς
3496 2825 3748 2894 χάριτος,

2152 2909 2267 2962 ἴσον
2287 2909 2505 2964 ἔσεσθαι
2536 2911 2614 2982 τῷ
2642 2915 2786 2968 κατά
2813 2915 2975 2985 φύσιν
2998 2917 3133 2988 Υίῷ.
3178 2918 3304 2980 Πῶς
3329 2914 3423 2972 οῦν
3450 2918 3750 2990 ἀληθεύσει

460 2997 552 3061 cit,
587 2999 633 3052 si
681 3014 860 3054 sermo
895 3000 1070 3058 Patris
1113 3005 1276 3059 etiam
1325 3008 1392 3060 ad
1439 3005 1616 3076 ipsum
1663 3008 1740 3072 ﬁt,
1789 3007 1932 3062 sicut
1975 3009 2042 3064 ad

2164 3000 2313 3054 la6‘t6
2331 3001 2358 3052 6
2381 3001 2438 3054 ὲν
2455 3001 2734 3074 Πνεύματι
2751 3004 2822 3058 τὰ
2843 3005 3068 3062 τοιαῦτα
3088 3007 3280 3077 λέγων,
3296 3009 3454 3078 εἰπερ
3471 3009 3566 3062 καὶ
3581 3008 3749 3076 λόγος

458 3098 698 3155 sanctos,
727 3102 780 3146 ei
804 3109 908 3146 non
951 3096 1100 3149 novit
1127 3097 1458 3152 voluntatem
1484 3097 1664 3154 Patris
1704 3099 1926 3168 perinde
1955 3111 2041 3156 at-

2164 3092 2242 3145 ro6
2276 3094 2486 3165 Πατρὸς
2517 3095 2652 3166 πρὸς
2685 3097 2848 3150 αὑτὸν
2879 3098 3119 3166 γίνεται,
3155 3101 3405 3172 καθάπερ
3447 3100 3585 3170 πρὸς
3612 3103 3748 3164 τοὺς

455 3196 563 3250 que
592 3182 686 3243 illi,
709 3193 762 3237 et
789 3201 884 3254 per
908 3187 1151 3242 auditum
1179 3189 1572 3245 revelationem
1606 3189 1750 3246 illius
1770 3193 2038 3262 suscipit?

2164 3184 2359 3252 ὶγίους,
2392 3185 2488 3238 καὶ¹
2515 3187 2617 3240 οὐκ
2644 3181 2753 3241 οἶδε
2787 3188 2888 3260 τὴν
2917 3191 3011 3242 τοῦ
3037 3191 3251 3260 Πατρὸς
3277 3189 3534 3261 βούλησιν
3563 3190 3748 3244 καθά-

456 3274 526 3326 At
563 3274 606 3328 si
646 3273 1025 3344 blasphcmum
1057 3287 1140 3334 est
1165 3281 1366 3347 dicere,
1397 3281 1667 3350 Spiritum
1703 3285 1946 3349 mentiri,
1983 3295 2042 3339 ut

2164 3291 2252 3345 τερ
2286 3277 2505 3339 ἐκεῖνοι,
2563 3276 2680 3329 ἀλλ’
2720 3277 3007 3348 ἐκδέχεται
3055 3280 3154 3351 τὴν
3187 3280 3529 3350 ἀποκάλυψιν
3567 3281 3749 3352 αὐτῆς

453 3363 678 3416 omnino
707 3375 789 3418 est
811 3365 1204 3435 hlaspbemum,
1233 3385 1407 3440 neque
1437 3371 1599 3426 aliter
1629 3383 1686 3427 se
1721 3389 1807 3428 res
1841 3374 2037 3430 habet:

2164 3365 2230 3419 ἱιά
2259 3366 2358 3436 τῆς
2410 3367 2769 3438 ἀκροάσεως;
2808 3372 2871 3424 Ei
2903 3372 2959 3424 δὲ
3007 3371 3292 3444 δύσφημον
3335 3372 3397 3425 τὸ
3442 3372 3745 3443 ψεύδεσθαι

459 3462 608 3508 certe
651 3453 793 3510 Deus
828 3455 1236 3529 incomparabili
1271 3462 1593 3516 excellentia
1630 3465 1911 3534 prophetis
1943 3481 2034 3522 su-

2164 3457 2202 3510 :6
2233 3458 2459 3529 Πνεῦμα
2506 3459 2689 3528 λέγειν
2713 3500 2728 3526 ,
2765 3461 3052 3535 δύσφημον
3085 3465 3141 3518 δὲ
3178 3465 3398 3526 πάντως
3421 3505 3437 3532 ,
3493 3464 3589 3516 καὶ
3641 3463 3747 3535 οὐχ

459 3541 641 3608 perior
665 3544 790 3608 erit,
818 3545 1017 3616 quippe
1043 3549 1136 3618 qui
1169 3564 1331 3606 verus
1363 3564 1569 3617 sermo,
1607 3561 1663 3607 et
1700 3553 1948 3611 voluntas
1975 3569 2039 3609 ac

2164 3548 2346 3619 ,τέρως
2374 3549 2517 3619 ἔχον,
2543 3551 2800 3622 ὑπερέξει
2833 3555 3128 3625 προφητῶν
3152 3557 3180 3609 6
3219 3555 3422 3626 Κύριος
3464 3555 3743 3626 άσυγκρί-

453 3631 721 3698 sapientia
749 3634 944 3692 Patris.

2164 3655 2254 3704 τοις
2281 3641 2601 3712 ὑπεροχαῖς,
2633 3643 2795 3708 αὐτὸς
2819 3644 2896 3698 ὢν
2928 3648 2957 3698 6
2987 3647 3240 3716 ἀληθινὸς
3276 3647 3434 3716 λόγος
3462 3648 3555 3700 καὶ⁵
3583 3649 3619 3717 ἡ
3644 3648 3740 3701 τοῦ

2141 3730 2355 3802 Πατρὺς
2380 3730 2639 3802 βούλησις
2673 3733 2769 3785 καὶ
2797 3734 2980 3803 σοφία.

1129 3836 1361 3892 ALIUD.

2829 3848 3034 3900 ΑΛΛΟ.

523 3942 579 3998 Si
609 3942 843 4000 Verbum
867 3947 1016 4002 Patri
1043 3949 1361 4006 naturaliter
1414 3955 1742 4014 inexsistens
1770 3961 1919 4017 aliud
1947 3971 2036 4019 est

2207 3960 2270 4013 Ei
2293 3960 2479 4032 ἕτερός
2506 3962 2654 4016 ἐστιν
2683 3963 2712 4014 6
2739 3961 3061 4035 ἐνυπάρχων
3091 3961 3169 4032 τῷ
3201 3961 3377 4032 Πατρὶ
3400 3961 3544 4015 κατά
3570 3961 3732 4031 φύσιν

445 4030 516 4086 ab
550 4045 614 4087 eo
642 4036 784 4103 quod
823 4051 993 4091 sacra:
1037 4037 1335 4107 Scriptura:
1378 4045 1535 4099 nobis
1579 4061 1911 4118 proponunt,
1976 4061 2035 4106 ut

2164 4049 2272 4114 νεὸς
2306 4030 2480 4120 Λόγος
2510 4053 2664 4124 παρά
2687 4053 2777 4106 τὸν
2806 4054 2864 4108 ὲν
3053 4030 3226 4117 θείαις
3257 4030 3503 4125 Γραφαίς
3535 4030 3735 4124 σημαι-

361 4141 363 4143 '
449 4124 521 4178 sit
546 4127 815 4194 quoddam
847 4129 1122 4184 occultum
1152 4142 1206 4186 et
1237 4131 1408 4190 latens
1435 4137 1485 4191 in
1518 4137 1700 4208 Patre,
1759 4142 1904 4198 aliud
1942 4157 2036 4197 ve-

2165 4143 2376 4211 όμενον,
2397 4145 2489 4197 καὶ
2505 4149 2678 4198 κεῖται
2709 4147 2808 4214 μέν
2829 4162 2914 4209 τις
2940 4147 2996 4198 ἐν
3023 4147 3198 4216 Πατρὶ
3228 4124 3617 4218 κεκρυμμένος
3637 4148 3732 4200 καὶ

449 4229 510 4268 ro
562 4219 704 4284 quod
763 4220 1011 4275 enuntiat
1061 4237 1178 4292 quae
1232 4225 1393 4282 Pater
1444 4229 1709 4299 loquitur,
1767 4217 1930 4303 quem
1977 4246 2032 4290 et

2166 4237 2456 4302 νδιάθετος·
2485 4239 2572 4292 έτε
2580 4257 2672 4312 ρος
2689 4240 2746 4292 δέ
2771 4239 2853 4303 τίς
2875 4240 3021 4292 ἐστιν
3057 4217 3441 4309 ἐξαγγελτικὸς
3463 4239 3572 4293 τῶν
3598 4239 3729 4310 παρ’

445 4305 682 4363 Joannes
721 4310 885 4364 Deum
926 4327 1049 4369 esse
1075 4315 1240 4372 dicit:
1282 4321 1553 4382 quomodo
1596 4322 1762 4391 igitur
1800 4325 2031 4395 simplex

2164 4329 2300 4382 ιύτοῦ
2323 4305 2692 4401 λαλουμένων,
2725 4331 2783 4384 ὃν
2815 4331 2909 4384 καὶ
2950 4305 3358 4401 Ἰωάννης-Θεὸν
3381 4331 3554 4400 Λόγον
3588 4305 3730 4385 εἷναί

447 4408 502 4452 ct
538 4403 946 4470 compositionis
983 4421 1180 4476 expers
1209 4426 1330 4464 esse
1361 4412 1712 4468 censebitur?
1748 4413 2027 4486 Siquidem

2164 4439 2299 4492 ιησι,
2360 4421 2478 4486 πῶς
2520 4422 2598 4475 ἔτι
2643 4422 2722 4494 τῷ
2763 4421 2881 4494 Θεῴ
2919 4423 3016 4477 καὶ
3061 4424 3235 4495 [Ia-cpi
3270 4424 3330 4476 1:6
3372 4423 3580 4477 ἁπλοῦν
3631 4426 3729 4478 καὶ

451 4495 764 4547 necessario
795 4495 885 4562 qui
939 4496 1144 4566 aliquid
1182 4501 1457 4555 occultum
1494 4511 1548 4556 et
1592 4503 1802 4571 aliquid
1857 4522 2022 4574 appa-

2164 4510 2430 4564 ισύνθετον
2460 4511 2794 4582 σωθήσεται;
2833 4511 3006 4583 Εἴπερ
3055 4512 3368 4580 ἀναγκαίως
3415 4513 3443 4565 6
3477 4531 3729 4584 κεκρυμ-

455 4594 577 4635 rens
607 4579 786 4647 habet,
814 4600 919 4639 non
954 4587 1202 4657 simplex,
1243 4589 1336 4644 sed
1375 4590 1552 4659 potius
1576 4594 1911 4662 compositus
1941 4606 2026 4651 est

2164 4601 2297 4653 ιένον
2329 4618 2381 4652 τι
2409 4602 2502 4656 καὶ
2533 4602 2776 4671 ἐμφανὲς
2797 4602 2957 4672 ἔχων,
2991 4601 3198 4666 ἀπλοῦς
3225 4603 3328 4656 οὐκ
3363 4602 3428 4656 ἀν
3457 4603 3567 4674 εἴη,
3600 4604 3727 4657 σῦν-

443 4679 501 4723 et
529 4685 595 4724 ex
626 4671 837 4729 duobus
880 4689 1159 4732 constans.
1191 4682 1352 4750 Atqui
1394 4682 1536 4737 Deus
1571 4693 1655 4738 est
1692 4695 1886 4740 natura
1926 4702 2025 4742 sua

2165 4706 2285 4752 ετος
2314 4689 2371 4742 δὲ
2427 4691 2630 4759 μᾶλλον
2662 4691 2756 4744 καὶ
2802 4671 2864 4742 ἐκ
2917 4690 3007 4742 δύο
3043 4691 3419 4761 συγκείμενος.
3461 4671 3622 4745 Ἐστι
3669 4694 3723 4746 δὲ

443 4762 695 4832 simplex,
732 4767 976 4838 nihilque
1023 4771 1074 4824 in
1119 4786 1178 4825 se
1230 4773 1394 4828 habet
1441 4776 1826 4844 compositum.
1874 4779 2027 4836 Unus

2164 4780 2334 4843 ,πλοῦς
2365 4781 2506 4834 κατά
2541 4781 2701 4850 φύσιν
2729 4785 2756 4834 6
2788 4781 2920 4844 Θεὸς
2945 4823 2961 4847 ,
3013 4783 3108 4836 καὶ
3140 4782 3292 4836 οὐδὲν
3321 4783 3378 4835 ὲν
3403 4782 3552 4853 αὐτῷ
3594 4783 3723 4837 σῦν-

444 4853 626 4924 itaquc
655 4857 707 4912 in
735 4859 849 4928 ipso
879 4870 962 4916 est
991 4863 1256 4919 naturalis
1280 4873 1334 4919 et
1363 4865 1558 4922 insitus
1584 4867 1772 4925 Filius.

2164 4889 2304 4926 ετον.
2339 4867 2434 4935 Εἷς
2465 4872 2572 4944 ἄρα
2605 4873 2778 4942 Λόγος
2807 4874 2872 4926 -ἐν
2903 4872 3051 4944 αὺτῷ
3076 4874 3306 4943 φυσικός
3330 4891 3389 4926 τε
3418 4875 3514 4928 καὶ
3543 4875 3726 4929 ἐνδιά-

2130 4962 2282 5027 θετος
2315 4965 2343 5016 6
2372 4963 2518 5027 Υἱός.

1123 5063 1354 5119 ALIUD.

515 5172 594 5236 Si,
623 5173 1078 5240 quemadmodum
1125 5177 1308 5233 hostes
1347 5180 1548 5236 Christi
1603 5183 1763 5256 190
1820 5190 2021 5245 andem

439 5265 642 5328 dicere,
673 5264 911 5321 Verbum
947 5268 1092 5335 quod
1152 5269 1204 5322 in
1244 5271 1536 5342 Evangelia
1567 5279 1719 5333 nobis
1754 5281 2015 5348 prmdica-

439 5369 549 5422 tur,
583 5358 856 5411 diversum
901 5368 984 5412 est
1007 5360 1096 5414 'ab
1135 5373 1202 5416 eo
1235 5365 1374 5431 quod
1404 5365 1549 5421 Patri
1595 5379 1786 5425 natura
1819 5373 2019 5428 inexsi-

2819 5079 3026 5135 ΑΛΛΟ.

2201 5187 2548 5259 Εί,καοάπερ
2573 5190 2621 5240 oi
2645 5192 3003 5260 χριστομάχοι
3026 5190 3265 5260 τολμῶσι
3292 5192 3495 5260 λέγειν,
3529 5196 3724 5269 ἕτερος

2125 5280 2201 5332 ὢν
2234 5281 2380 5351 παρά
2419 5280 2510 5333 τὸν
2542 5283 2922 5352 ἐνυπάρχοντα
2971 5281 3132 5349 φύσει
3173 5283 3306 5336 Θεὸν
3362 5285 3537 5352 Λόγος
3568 5291 3597 5341 ὁ
3631 5290 3721 5344 διὰ

2123 5372 2233 5424 τῶν
2265 5373 2618 5441 Εὑαγγελίων
2646 5375 2778 5443 ἡμῖν
2810 5375 3235 5445 κηρυττόμενος,
3268 5377 3366 5428 οὐκ
3388 5374 3497 5430 οἶδε
3529 5381 3598 5432 τά
3628 5399 3720 5434 κε-

438 5449 556 5510 stit,
593 5461 767 5515 neque
805 5449 953 5502 novit
994 5463 1189 5507 arcana
1225 5453 1423 5522 Patris,
1460 5459 1555 5512 sed
1596 5459 1756 5514 discit
1797 5446 2016 5531 quando

2164 5465 2416 5534 ρυμμένα
2448 5464 2542 5517 τοῦ
2586 5466 2817 5535 Πατρέις,
2859 5467 3116 5536 μανθάνει
3159 5467 3213 5518 δὲ
3242 5468 3330 5520 ὅτε
3366 5469 3504 5538 πρὸς
3551 5473 3718 5526 αὐτὸν

438 5552 562 5589 eum
598 5535 944 5604 alloquitur.:
987 5555 1118 5612 ergo
1147 5560 1210 5598 ex
1257 5547 1562 5615 ignorantia
1613 5550 1679 5602 ad
1734 5552 2015 5608 scientiam

2164 5559 2465 5626 aléyecat'
2505 5559 2562 5624 ἐξ
2612 5559 2886 5625 ἀγνωσίας
2925 5560 3031 5630 ἄρα
3075 5562 3154 5622 είς
3207 5559 3408 5626 γνῶσιν
3465 5561 3712 5631 ἔρχεται,

444 5625 771 5682 traducitur.
815 5629 976 5700 Atqui
1023 5648 1126 5702 quo
1168 5648 1334 5705 pacto
1367 5654 1494 5694 vere
1543 5642 1709 5695 dicit:
1748 5662 1765 5694 ‹
1810 5644 1920 5714 ligo
1961 5658 2015 5702 ct

2164 5649 2217 5700 αἱ
2248 5647 2304 5714 ἐξ
2337 5648 2520 5724 ἀνοίας
2550 5651 2627 5711 εἰς
2653 5649 2856 5717 νόησιν.
2892 5650 3001 5701 Καὶ
3042 5651 3155 5714 πῶς
3194 5650 3486 5722 ἀληθεύσει
3508 5651 3709 5722 λέγων’

515 5775 557 5807 ³⁵
593 5777 746 5836 Joau.
780 5801 831 5851 κ,
865 5785 954 5852 55,
985 5788 1071 5844 56.
1154 5792 1194 5822 ³⁸
1227 5791 1367 5847 l‘sal.
1406 5811 1671 5864 Lsxxvm,
1703 5798 1752 5850 7.
