3996 6408
214 424 298 480 521

1586 409 2029 468 Tl-IESAURUS.

3362 405 3466 459 δὴ

224 564 241 595 ι
271 538 394 604 Ἐγὼ
415 532 509 586 καὶ
545 535 577 585 6
615 533 810 601 Πατὴρ
842 531 901 584 ἓν
935 531 1122 602 ἐσμεν.
1158 548 1175 582 ι
1209 529 1330 593 Ilii;
1373 527 1429 582 δὲ
1474 529 1791 600 ἀπαράλλα-

1902 531 2056 584 Pater
2092 543 2254 582 unum
2301 540 2489 582 sumus
2521 526 2601 578 36?
2652 527 2757 578 Aut
2799 539 2906 594 quo
2943 532 3099 594 pacto
3135 523 3238 576 erit
3287 525 3463 577 muni-

227 648 334 692 ιτος
358 624 516 680 εἰκὼν
545 623 709 678 ἔσται
740 621 838 675 τοῦ
875 622 1289 692 γεγεννηκότος,
1321 621 1368 673 εί
1412 620 1664 691 καθάπερ
1691 620 1785 672 ἄν-

238 724 406 792 θρωπος
423 715 630 784 ἀγνοίᾳ,
659 716 951 784 κρατεῖται
973 730 988 778 ;
1010 713 1128 784 Χρὴ
1157 713 1264 783 γὰρ
1287 713 1502 774 πάντως
1526 712 1559 782 ἢ
1584 713 1678 764 καὶ
1699 709 1788 762 τὸν

240 811 407 878 Πατέρα
435 806 626 873 λέγειν
653 823 709 858 τι
749 805 862 858 τῶν
905 805 1181 874 ἐσομένων
1212 804 1505 874 άγνοεῖν,ἢ
1535 806 1582 857 εἰ
1613 803 1788 856 πάντα

236 902 466 972 genista,
486 899 587 952 καὶ
616 898 812 952 εἰκόνα
843 897 943 967 τῆς
971 897 1108 961 ιδίας
1133 897 1432 968 άῖδιότητος
1450 897 1526 966 (1)
1563 895 1674 965 ἔχει
1698 883 1787 946 τὸν

234 998 346 1059 my,
372 991 641 1046 ἀδύνατον
679 992 761 1062 μὴ
786 991 1044 1062 τοιαύτην
1074 991 1217 1061 ἔχειν
1245 991 1408 1046 αὐτὸν
1442 990 1541 1061 τὴν
1567 988 1785 1058 γνῶσιν,

227 1085 383 1138 ὁποίαν
404 1083 497 1136 καὶ
523 1083 553 1135 6
581 1083 810 1155 Πατὴρ,
847 1075 909 1136 οὗ
943 1085 1036 1136 καὶ
1060 1083 1176 1136 ἔστι
1201 1083 1482 1157 χαρακτὴρ
1509 1080 1601 1135 καὶ
1626 1079 1789 1133 εἰκὼν

226 1175 634 1246 ἀπαράλλακτος.
695 1188 706 1194 ’

467 1285 822 1351 Ἀντίθεσις
850 1286 934 1353 ὡς
963 1286 1032 1342 ἐκ
1058 1288 1165 1341 τοῦ
1185 1289 1504 1364 Εὐνομίου.

279 1398 372 1451 Καὶ
393 1397 475 1460 τίς
501 1394 683 1460 οὕτω,
722 1397 916 1467 φησιν,
945 1397 1164 1469 ἀμαθὴς
1205 1399 1280 1464 ὼς
1317 1401 1587 1472 τολμῆσαι
1613 1404 1792 1474 λέγειν

231 1488 288 1542 τὰ
323 1486 542 1556 ὁνόματα
585 1486 741 1539 κατὰ
792 1487 1140 1558 πραγμάτων
1197 1489 1448 1561 κείμενα,
1511 1494 1586 1565 μὴ
1625 1495 1789 1568 ἔτερα

237 1577 343 1634 εἶναι
377 1580 496 1651 παρ’
534 1580 722 1645 αὑτά;
771 1581 903 1634 Ἰδοὺ
947 1581 1057 1652 γὰρ
1081 1624 1096 1647 ,
1131 1584 1158 1635 6
1191 1583 1291 1652 μὲν
1344 1584 1592 1656 οὐρανὸς,
1629 1586 1788 1658 ἔργον

231 1674 347 1727 οὕτω
373 1673 503 1740 μέγα
528 1673 632 1725 καὶ
670 1671 960 1744 ἐξαίρετον
987 1672 1126 1726 Θεοῦ
1153 1691 1166 1705 ·
1199 1674 1260 1727 τὸ
1305 1675 1362 1728 δὲ
1392 1675 1563 1747 ὄνομα
1584 1718 1599 1744 ,
1629 1678 1696 1730 δι’
1730 1673 1790 1732 οὗ

235 1762 537 1832 σημαίνεται,
565 1763 771 1832 ἕτερόν
813 1765 933 1816 ἐστι
962 1766 1096 1835 παρ’
1123 1764 1313 1817 αὐτόν·
1349 1767 1443 1819 καὶ
1471 1767 1793 1838 γνωσόμεθα

236 1854 370 1909 τοῦτο
394 1852 658 1908 ἐντεῦθεν.
697 1854 760 1907 Ὁ
807 1855 907 1924 μὲν
939 1853 1050 1926 γὰρ
1083 1854 1312 1926 οὐρανὸς
1367 1855 1600 1926 πρᾶγμά
1646 1859 1793 1912 ἐστιν

243 1945 430 2015 ὁρατὸν,
449 1945 502 1997 τι
517 1943 572 1998 δὲ
603 1947 697 1998 ἐπ’
729 1944 887 2014 αὑτῷ
910 1945 1162 2015 κείμενον
1191 1946 1362 2016 ὄνομα
1381 1948 1441 1999 οὐ
1465 1950 1586 2010 ταῖς
1607 1947 1795 2017 ὄψεσιν

253 2038 527 2102 ὑποπίπτει,
552 2038 666 2090 ἀλλ’
703 2036 830 2090 ἐστι
858 2037 1020 2107 μόνον
1049 2037 1336 2092 άκουστόν.
1372 2039 1486 2092 Οὐκ
1511 2035 1603 2094 οὖν
1625 2039 1710 2093 διὰ
1736 2041 1796 2094 τὸ

253 2129 468 2197 λέγεσθαι
498 2130 663 2198 Λόγος
687 2131 718 2181 6
747 2128 907 2194 Υἱὸς,
948 2130 1165 2194 πάντως
1204 2131 1325 2183 ἐστὶ
1371 2130 1532 2183 τοῦτο
1566 2130 1594 2183 ὃ
1615 2131 1795 2184 νοοῦσί

246 2237 394 2285 τινες,
424 2219 541 2272 ἀλλὰ
574 2221 839 2274 καλεῖται
888 2219 990 2294 μὲν
1020 2221 1216 2291 Λόγος.
1251 2222 1369 2276 ἔστι
1416 2222 1472 2275 δὲ
1526 2221 1712 2294 ἕτερόν
1742 2241 1796 2276 τι

235 2312 358 2365 κατὰ
375 2311 533 2380 φύσιν.

683 2422 848 2492 Πρὸς
888 2421 1078 2477 ταῦτα
1107 2422 1310 2489 λύσις.

299 2540 482 2609 Σιωπᾷν
512 2539 660 2601 ἔδει,
708 2539 808 2592 καὶ
865 2536 1034 2608 μηδὲν
1079 2535 1474 2607 ἀποκρίνεσθαι
1518 2537 1653 2606 πρὸς
1697 2535 1796 2607 τὴν

237 2632 381 2694 οὕτως
399 2631 623 2702 ἀνόητον
655 2628 755 2682 τοῦ
787 2628 949 2696 λόγου
982 2631 1350 2700 κατασκευήν.
1391 2630 1580 2700 Ὅμως
1611 2629 1657 2681 δ’
1704 2624 1796 2682 οὖν

228 2722 490 2791 ἑρωτητέον
522 2723 666 2784 τοὺς
694 2721 814 2773 ὅσοι
839 2703 909 2773 τ’ὸι
931 2719 1158 2773 τοιαῦτά
1189 2737 1375 2789 φασιν,
1405 2721 1451 2772 εί
1484 2719 1559 2790 μὴ
1587 2719 1655 2772 τά
1683 2721 1797 2773 όνό-

226 2826 352 2879 ματα
378 2810 580 2880 κυρίως
612 2809 768 2862 κατὰ
805 2808 1150 2880 πραγμάτων
1193 2809 1452 2880 κείμενα,
1484 2809 1581 2873 τὰς
1609 2811 1798 2876 οὐσίας

227 2901 380 2954 αὐτῶν
409 2903 704 2971 σημαίνει,
724 2900 832 2954 κᾶν
853 2899 1020 2973 ἕτερα
1043 2900 1196 2972 παρὰ
1217 2902 1390 2954 ταῦτα
1403 2904 1668 2973 τυγχάνῃ.
1689 2904 1798 2956 Καὶ

229 2993 335 3061 γοῦν
355 2994 411 3046 τὸ
436 2993 738 3062 ἄνθρωπος
763 2983 955 3061 ὄνομα,
979 2993 1234 3063 σημαίνει
1265 2994 1364 3062 μὲν
1391 2993 1485 3046 τοῦ
1510 2995 1795 3065 ἀνθρώπου

233 3085 309 3154 τὴν
330 3083 497 3152 φύσιν,
533 3083 740 3152 ἕτερον
767 3081 826 3134 δέ
852 3082 902 3134 τί
930 3083 1048 3134 ἐστι
1077 3081 1207 3152 παρ’
1243 3083 1430 3135 αὐτόν.
1482 3084 1541 3135 '0
1566 3084 1664 3153 μὲν
1691 3085 1797 3154 γὰρ

236 3173 475 3246 ἄνθρωπος
502 3173 667 3246 πρᾶγ
678 3187 761 3242 μα
787 3172 1006 3244 ὁρατὸν,
1030 3172 1090 3225 τὸ
1121 3173 1177 3226 δὲ
1207 3173 1294 3225 ἐπ’
1322 3172 1471 3243 αὺτῷ
1499 3173 1669 3246 ὄνομα
1699 3174 1797 3246 μό-

238 3284 306 3320 νον
340 3267 621 3321 ἀκουστὸν.
682 3263 900 3317 Οὐκοῦν
958 3264 1122 3326 εἴτις
1173 3263 1462 3334 ἄνθρωπον
1498 3265 1794 3334 ὀνομάσαι,

243 3357 392 3428 ἐπειδὴ
435 3359 507 3429 μή
555 3357 731 3411 τοῦτό
787 3359 904 3408 ἐστι
936 3356 1154 3420 πάντως
1193 3356 1220 3408 ὃ
1255 3356 1510 3426 σημαίνει
1539 3355 1796 3427 τοῦνομα,

248 3451 361 3502 κατὰ
375 3451 447 3503 τον
476 3450 724 3503 ἐκείνων
759 3446 1145 3517 συλλογισμὸν,
1177 3447 1364 3518 ἕτερόν
1382 3465 1434 3500 τι
1462 3448 1670 3514 νοείτω,
1704 3451 1799 3502 καὶ

253 3540 314 3608 μή
333 3543 510 3606 πάντως
546 3540 727 3595 τοῦτο
765 3539 794 3592 6
828 3538 1084 3608 σημαίνει
1105 3537 1364 3608 τοῦνομα.
1406 3539 1470 3591 Ei
1512 3539 1569 3592 δὲ
1602 3541 1799 3610 μανίας

241 3631 495 3700 ἀνάμπον
525 3631 702 3686 τοῦτό
730 3648 817 3699 γε,
847 3630 948 3683 οὐκ
972 3629 1308 3700 ἀποϐλητέον
1345 3629 1443 3694 τὰς
1471 3630 1580 3684 τῶν
1602 3633 1799 3702 ὀνομά-

227 3736 317 3773 των
340 3725 716 3794 κυριο).ογίας,
739 3721 864 3774 οὐδὲ
887 3720 1076 3791 ἕτερόν
1109 3738 1161 3774 τι
1190 3721 1339 3794 παρὰ
1367 3721 1428 3774 τὸ
1464 3723 1800 3794 σημαινόμε-

217 3829 294 3866 νον
327 3815 388 3866 δι’
418 3815 610 3868 αὐτῶν
633 3812 892 3883 νοητέονο
927 3812 1160 3883 ἀργήσει
1186 3813 1296 3884 γάρ
1324 3812 1466 3865 οὕτω
1504 3813 1611 3866 τῶν
1649 3815 1800 3884 αἱρε-

213 3905 418 3977 τικῶνή
448 3904 653 3976 μανία.
694 3902 972 3957 Δεικνύτω
1015 3902 1071 3956 δὲ
1101 3904 1232 3974 ἡμῖν
1263 3905 1291 3956 6
1337 3903 1506 3976 δεινὸς
1542 3906 1621 3968 είς
1655 3905 1800 3973 λογι-

211 3997 367 4065 σμοὺς
388 3997 470 4049 ὅτι
507 3997 590 4066 μὴ
617 3993 817 4065 κύριον
843 3993 1020 4065 ὄνομα
1048 3993 1124 4065 τῷ
1155 3993 1268 4065 Υίῷ
1301 3993 1393 4047 τοῦ
1443 3992 1576 4046 Θεοῦ
1609 3994 1669 4047 τὸ
1699 3994 1800 4048 Λό-

206 4105 310 4155 γος,
341 4090 435 4142 καὶ
466 4086 891 4142 ἁντιταττέσθω
929 4088 1048 4150 ταῖς
1083 4085 1256 4148 θείαις
1290 4086 1534 4156 Γραφαῖς
1553 4127 1566 4151 ,
1599 4083 1697 4140 καὶ
1723 4085 1800 4156 τῷ

205 4183 453 4254 μακαρίῳ
490 4179 870 4249 εὐαγγελιστῇ
910 4178 1133 4248 Ἰωάννῃ
1153 4204 1188 4239 ,-
1209 4178 1676 4248 πρεπωδεστάτην
1705 4179 1801 4232 καὶ

203 4275 572 4342 κυριωτάτην
621 4271 786 4322 εἰδότι
841 4267 933 4322 τοῦ
964 4267 1092 4321 Υἱοῦ
1145 4269 1244 4339 τὴν
1297 4267 1668 4339 προσηγορίαν
1712 4268 1800 4322 διὰ

199 4362 286 4415 τοῦ
316 4361 622 4416 καλεῖσθαι
647 4360 820 4428 Λόγον
842 4375 857 4390 ⁸
901 4378 922 4406 ο
977 4360 1065 4412 Ἐν
1095 4359 1237 4430 ἀρχῇ
1270 4359 1378 4431 γὰρ
1404 4399 1419 4422 ,
1453 4359 1637 4430 φησιν,
1667 4354 1736 4430 ἦν
1772 4360 1802 4412 6

202 4455 390 4523 Λόγος.
433 4476 453 4507 ι

482 4586 826 4648 Ἀντίθεσις
855 4583 936 4649 ὡς
963 4583 1032 4636 ἐκ
1058 4581 1177 4636 τῶν
1201 4582 1525 4650 Εὐνομίου.

267 4701 381 4754 Καὶ
411 4700 542 4762 πῶς
576 4698 643 4750 ἂν
675 4697 913 4757 δύναιτο,
941 4697 1096 4766 φησι,
1119 4696 1276 4764 λόγος
1301 4691 1440 4748 εἶναι
1471 4695 1562 4748 τοῦ
1591 4695 1804 4767 Πατρός

201 4795 292 4846 καὶ
317 4794 491 4861 σοφία
523 4794 554 4845 6
586 4791 732 4854 Υἱὸς,
763 4791 922 4862 εἴπερ
954 4791 986 4861 ή
1021 4790 1121 4860 μὲν
1149 4789 1310 4858 σοφία
1330 4789 1606 4860 ἐπιστήμη
1633 4789 1802 4855 ἐστὶν,

204 4881 230 4932 6
267 4883 325 4934 δὲ
362 4883 537 4948 λόγος
595 4881 838 4950 ῥήματος
869 4877 1014 4950 ἀργὴ
1061 4879 1351 4950 προφορά;
1391 4879 1698 4949 Ἐπιστήμη
1746 4877 1804 4931 δὲ

206 4974 295 5025 οὐκ
319 4971 710 5024 ἐνυπόστατόν
738 4970 791 5022 τί
823 4972 992 5034 ἐστιν,
1025 4970 1140 5022 ἀλλ’
1171 4969 1294 5022 οὐδὲ
1322 4967 1459 5031 ζῶον
1519 4969 1615 5022 καὶ
1648 4969 1806 5036 λόγος

207 5064 426 5129 ὁμοίως.
483 5061 544 5112 Ὀ
573 5060 628 5111 δὲ
664 5060 789 5122 Υἱὸς
819 5060 957 5122 ζῶόν
989 5062 1170 5113 ἐστιν’
1206 5060 1307 5112 οὐκ
1350 5058 1458 5128 ἄρα
1501 5060 1800 5130 ἐπιστήμη,

210 5153 315 5205 οὐδὲ
361 5151 548 5218 σοφία
574 5192 588 5212 ,
619 5149 742 5202 οὐδὲ
787 5150 964 5218 λόγος.
997 5146 1130 5203 Εἶτα
1173 5149 1310 5219 πρὸς
1342 5148 1518 5220 τούτῳ
1544 5189 1559 5213 ,
1597 5151 1714 5213 πῶς
1742 5150 1808 5204 ἂν

206 5245 422 5311 γένοιτο
464 5241 620 5310 λόγος
656 5243 713 5296 ὲν
755 5242 925 5313 λόγῳ,
958 5242 1216 5296 ἀδυνάτου
1266 5242 1622 5296 παντάπασιν
1655 5245 1808 5308 ὄντος

204 5335 295 5388 τοῦ
327 5336 394 5389 τὸ
429 5335 624 5404 ὅμοιον
646 5333 704 5387 ὲν
729 5334 900 5404 ὁμοίῳ
923 5334 1191 5403 γίνεσθαι;
1217 5335 1336 5388 οὐδὲ
1364 5335 1472 5408 γὰρ
1501 5335 1566 5387 ἂν
1601 5335 1810 5404 γένοιτο

206 5427 415 5498 χρῶμα
452 5429 510 5480 ἐν
545 5425 818 5498 χρώματι.
848 5427 1018 5498 Εἴπερ
1051 5421 1142 5480 οὖν
1186 5422 1255 5496 ἦν
1303 5429 1332 5480 6
1379 5426 1535 5495 λόγος
1579 5427 1748 5492 ὅντως
1780 5431 1809 5482 6

279 5582 328 5614 ³⁸
366 5585 531 5642 Joan.
560 5605 616 5657 κ,
646 5589 739 5643 30.
816 5586 860 5620 ³⁷
887 5585 1051 5641 Hebr.
1080 5601 1117 5652 ι,
1147 5586 1200 5641 5.
1275 5585 1318 5620 ³⁸
1349 5584 1503 5640 Jaan.
1532 5602 1570 5653 ι,
1611 5587 1662 5644 1.

285 5764 372 5831 (1)
408 5761 544 5835 Lege
571 5765 858 5836 ἰδιότητος,
890 5772 944 5818 et
960 5770 1152 5836 __verte,
1176 5763 1452 5836 imaginem
1490 5779 1600 5817 sua:
1623 5779 1787 5836 pecu-

218 5831 372 5888 liaris
399 5831 738 5904 proprietatis
762 5835 912 5889 habet
951 5833 1174 5890 Filium.
1211 5831 1300 5890 Sic
1324 5834 1485 5899 infra,
1525 5850 1575 5904 ι).
1610 5835 1702 5902 60,
1729 5836 1786 5888 ὲν

1897 622 2054 673 moda
2090 617 2388 673 similitudo
2403 614 2602 680 Patris,
2632 615 2674 668 si
2699 615 3097 684 periudcatque
3122 619 3287 668 homo
3315 616 3468 683 igno—

1894 711 2068 764 rantia
2102 709 2352 763 laborat?
2381 708 2758 763 Necessarium
2803 705 2948 761 enim
2990 715 3091 770 est,
3141 714 3202 758 ut
3230 715 3322 757 aut
3363 704 3468 758 Pa-

1898 814 2031 858 trem
2081 803 2284 872 aliquid
2334 801 2633 856 futurorum
2682 800 2933 868 ignorare
2967 797 3249 852 dicamus:
3285 806 3378 850 aut
3420 797 3462 850 si

1893 898 2076 951 omnia
2129 895 2298 960 novit,
2343 901 2400 948 et
2451 891 2740 961 imaginem
2775 887 3098 944 aeternitatis
3147 902 3258 941 suae
3304 887 3468 942 habet

1891 987 2116 1053 Filium,
2173 986 2288 1040 ﬁeri
2334 998 2440 1038 non
2473 993 2673 1054 potest,
2705 981 2833 1050 quin
2874 980 3062 1035 eadem
3100 978 3360 1049 praeditus
3395 977 3466 1032 sit

1894 1079 2083 1134 notitia
2116 1092 2222 1148 qua
2250 1075 2435 1144 Pater,
2474 1073 2628 1144 cujus
2659 1073 2946 1129 character
2977 1079 3082 1138 est,
3116 1079 3172 1127 et
3199 1070 3466 1128 omnimo-

1892 1172 1959 1227 da
1991 1169 2291 1228 similitudo
2314 1169 2381 1224 ³⁷.

2403 1279 2642 1350 Objectio
2678 1278 2950 1334 Eunomii.

1964 1397 2130 1466 Atqui
2167 1397 2416 1465 quisnam
2453 1395 2590 1451 adeo
2617 1394 2900 1463 imperitus
2933 1393 3118 1461 fuerit,
3145 1394 3244 1458 ait,
3273 1401 3331 1447 ut
3365 1405 3464 1448 au<

1895 1489 2022 1544 deat
2053 1489 2260 1555 dicere,
2297 1488 2514 1544 nomina
2545 1503 2665 1558 qua:
2696 1486 2860 1542 rebus
2893 1485 3138 1554 imposita
3169 1493 3312 1551 sunt,
3358 1502 3464 1539 non

1894 1595 2014 1638 esse
2049 1582 2263 1637 diversa
2298 1595 2330 1635 a
2362 1583 2523 1636 rebus
2555 1581 2724 1651 ipsis?
2766 1579 2901 1636 Nam
2949 1581 3169 1643 coelum,
3216 1593 3466 1646 maguum

1894 1673 2024 1728 illud
2056 1684 2218 1744 atque
2247 1674 2503 1729 eximium
2538 1675 2632 1729 Dei
2663 1689 2824 1744 opus,
2855 1673 3000 1727 aliud
3049 1683 3131 1728 est
3173 1687 3203 1724 a
3254 1670 3469 1724 nomine

1895 1779 2000 1833 quo
2035 1763 2391 1832 signiﬁcatur,
2429 1750 2573 1834 quod
2615 1764 2833 1833 quidem
2887 1764 3011 1819 inde
3053 1774 3465 1832 cognoscemus.

1828 1890 1870 1945 Β
1897 1852 2030 1907 Nam
2077 1853 2273 1909 ca'lum
2321 1868 2408 1908 res
2437 1864 2520 1908 est
2551 1853 2803 1918 visibilis,
2837 1868 3030 1907 nomen
3067 1866 3196 1906 vero
3227 1850 3300 1904 illi
3334 1849 3470 1904 indi-

1900 1951 2008 1996 tum
2044 1943 2098 1996 in
2127 1951 2410 2014 aspectum
2443 1957 2549 1996 non
2578 1943 2743 2008 cadit,
2765 1943 2857 1996 scd
2893 1949 3099 1997 tantum
3130 1939 3316 1994 auditu
3346 1954 3470 2008 per-

1894 2034 1999 2102 cipi
2031 2043 2226 2103 potest.
2258 2035 2429 2090 Filius
2455 2034 2658 2104 itaque,
2698 2049 2804 2090 non
2843 2035 3046 2089 idcirco
3072 2035 3200 2102 quia
3236 2040 3467 2086 vocatur

1897 2126 2154 2191 Verbum,
2182 2136 2267 2182 est
2302 2128 2354 2181 in
2387 2128 2700 2182 universum
2750 2125 2802 2181 id
2834 2126 2978 2195 quod
3024 2125 3246 2196 quidam
3278 2123 3469 2176 existi-

1895 2227 2066 2282 mant,
2110 2223 2203 2273 sed
2231 2229 2454 2273 vocatur
2493 2219 2713 2289 quidem
2745 2217 3004 2286 Verbum,
3041 2228 3124 2274 est
3165 2231 3296 2272 vero
3323 2216 3470 2272 aliud

1895 2307 2026 2378 quid
2052 2309 2345 2365 secundum
2376 2319 2650 2364 naturam.

2392 2421 2596 2477 Salutio
2619 2423 2962 2493 'objectt'om's.

1970 2531 2280 2588 Tacendum
2339 2542 2442 2599 est,
2486 2534 2731 2604 nihilque
2779 2535 2846 2589 ad
2894 2534 3197 2604 huiusmodi
3243 2535 3472 2606 ineptias

1898 2625 2354 2693 respondendum.
2391 2625 2635 2696 Rogandi
2678 2635 2856 2681 tamen
2903 2637 3051 2691 sunt,
3085 2629 3175 2696 qui
3203 2627 3468 2695 ejusmodi

1896 2716 2167 2782 eﬂ'utittnt,
2204 2733 2383 2770 annon
2418 2719 2632 2771 nomina
2654 2724 2772 2788 qua?
2796 2718 3012 2788 proprie
3036 2719 3197 2774 rebus
3225 2719 3472 2788 imposita

1897 2818 2044 2873 sunt,
2066 2799 2430 2864 substaufiam
2456 2824 2645 2864 earum
2664 2809 2993 2878 signiﬁcent,
3016 2811 3230 2866 tametsi
3258 2811 3471 2866 diversa

1897 2903 1964 2956 ab
1992 2902 2061 2957 iis
2106 2902 2238 2957 sint.
2281 2901 2486 2956 Nomen
2529 2904 2694 2968 enim,
2724 2903 2907 2967 homo,
2941 2897 3213 2974 Signiﬁcat
3239 2904 3473 2959 hominis

1897 3003 2143 3049 naturam
2176 3014 2189 3049 :
2226 3003 2311 3050 est
2353 3002 2533 3050 tamen
2571 2996 2842 3051 diversum
2887 2996 3012 3065 quid
3059 2997 3127 3051 ab
3171 2999 3306 3066 ipso.
3339 2996 3474 3051 Nam

1897 3086 2060 3142 homo
2087 3095 2171 3141 est
2207 3101 2293 3140 res
2340 3087 2596 3153 visibilis,
2652 3102 2848 3142 nomen
2891 3102 3023 3142 vero
3063 3088 3111 3142 ei
3161 3089 3475 3158 impositum

1900 3180 2085 3235 auditu
2119 3188 2324 3234 tantum
2366 3181 2569 3249 percipi
2602 3189 2800 3250 potest.
2843 3181 3113 3250 Quocirca
3145 3183 3190 3237 si
3222 3184 3346 3252 quis
3373 3185 3473 3238 ho-

1903 3273 2104 3326 minem
2136 3272 2399 3336 nominet,
2429 3272 2866 3340 quandoquidem
2910 3288 3016 3327 non
3061 3273 3291 3342 idipsum
3329 3275 3474 3344 quod

1899 3371 1983 3419 est
2016 3378 2211 3417 nomen
2239 3363 2473 3418 hominis
2495 3363 2782 3432 signiﬁcat,
2810 3373 2870 3419 ut
2900 3363 2975 3420 illi
3002 3374 3472 3436 argumentantur.

1901 3453 2044 3507 aliud
2081 3454 2245 3523 igitur
2269 3454 2468 3522 aliquid
2505 3469 2626 3508 esse
2655 3466 2968 3519 censeatur,
3005 3463 3060 3508 et
3092 3469 3198 3508 non
3232 3455 3390 3524 plane
3423 3455 3478 3509 id

1899 3545 2041 3612 quod
2079 3559 2278 3598 nomen
2311 3543 2602 3618 signiﬁcat.
2645 3543 2715 3598 At
2751 3544 2797 3599 si
2843 3546 2946 3599 hoc
2993 3545 3215 3600 insania:
3255 3544 3475 3614 plenum

1899 3637 2312 3691 estznon‘sunt
2338 3636 2503 3706 igitur
2545 3636 2860 3706 rejicienda:
2912 3639 3143 3706 propriae
3195 3637 3475 3690 nominum

1900 3725 2351 3796 signiﬁcationes,
2417 3740 2595 3796 neque
2641 3727 2783 3781 aliud
2836 3727 3126 3797 quidquam
3177 3736 3388 3796 praeter
3425 3726 3476 3780 id

1900 3817 2041 3885 quod
2068 3817 2404 3888 signiﬁcatur
2444 3833 2542 3886 per
2571 3819 2683 3886 ipsa
2713 3818 3123 3887 intelligendum
3152 3828 3270 3882 est;
3314 3829 3480 3887 atque
3548 3813 3552 3818 ’

1902 3906 1976 3961 ita
2006 3907 2389 3961 hereticorum
2430 3907 2640 3960 insania
2671 3907 3018 3976 reprimetur.
3053 3905 3315 3961 Ostendat
3352 3921 3481 3960 vero

1903 3996 2060 4052 nobis
2087 3997 2265 4068 gravis
2293 3999 2395 4064 iste
2419 3998 2746 4065 disputator,
2778 3996 3015 4052 Verbum
3061 4012 3163 4052 non
3197 4012 3318 4052 esse
3351 4013 3479 4067 pro-

1901 4089 2078 4158 prium
2124 4087 2246 4141 Filii
2279 4087 2374 4141 Dei
2425 4103 2659 4141 nomen:
2713 4097 3084 4158 repugnetque
3122 4089 3295 4143 sacris
3330 4089 3479 4143 Scri—

1900 4179 2076 4248 pturis
2094 4192 2156 4231 ac
2179 4177 2336 4232 beato
2359 4175 2552 4231 Joanni
2573 4177 2934 4248 evangelistae,
2955 4179 3045 4247 qui
3079 4177 3481 4233 convenientis-

1902 4272 2095 4324 simam
2164 4269 2512 4336 maximeque
2562 4267 2835 4337 propriam
2891 4266 3016 4323 Filii
3065 4268 3479 4339 appellationem

1904 4362 2075 4426 novit,
2101 4375 2222 4416 cum
2254 4369 2408 4414 vocet
2444 4359 2678 4414 Verbum
2705 4378 2718 4416 :
2759 4378 2778 4412 ι
2818 4359 2872 4414 1η
2915 4361 3182 4432 principio
3203 4363 3368 4429 enim,
3399 4362 3479 4417 in.

1901 4455 2038 4524 quit,
2070 4463 2189 4508 erat
2217 4451 2450 4507 Verbum
2476 4452 2544 4504 ³⁸.
2587 4469 2605 4502 ι

2244 4585 2399 4656 191
2438 4585 2560 4638 Alia
2608 4583 2827 4654 objectt'o
2886 4583 3147 4638 Eunomit'.

1976 4701 2045 4754 At
2079 4715 2184 4769 quo
2216 4708 2394 4768 pacto,
2433 4699 2628 4766 inquit,
2667 4700 2841 4765 pOSsit
2868 4699 3040 4752 Filius
3069 4713 3188 4752 esse
3221 4713 3402 4752 sermo
3431 4708 3483 4753 et

1906 4792 2174 4863 sapientia
2203 4790 2404 4858 Patris,
2435 4806 2556 4846 cum
2593 4790 2860 4859 sapientia
2895 4790 2965 4842 sit
3015 4789 3262 4854 scientia,
3303 4805 3484 4844 sermo

1908 4894 2086 4940 autem
2139 4883 2282 4938 nuda
2330 4882 2479 4937 verbi
2516 4881 2789 4951 prolatio?
2817 4877 3057 4936 Scientia
3089 4894 3220 4933 vero
3254 4895 3360 4933 non
3400 4889 3479 4933 est

1909 4977 2108 5046 aliquid
2146 4976 2485 5046 hypostatice
2520 4975 2869 5040 inexsistens,
2899 4974 2992 5028 sed
3026 4987 3092 5026 ne
3123 4971 3322 5025 animal
3357 4972 3483 5042 qui-

1912 5069 2033 5123 dem
2059 5085 2074 5134 ;
2105 5071 2292 5123 eadem
2328 5085 2454 5124 vero
2490 5070 2627 5124 ratio
2651 5080 2735 5124 est
2771 5079 2826 5123 et
2857 5069 3146 5124 sermonis.
3182 5067 3350 5121 Filius
3389 5082 3485 5120 au-

1907 5168 2016 5213 tem
2048 5169 2133 5213 est
2164 5160 2363 5214 animal
2393 5179 2406 5215 :
2441 5177 2544 5215 non
2579 5161 2746 5232 igitur
2775 5160 3026 5223 scientia,
3054 5173 3231 5228 neque
3262 5157 3484 5228 sapien-

1907 5250 2004 5314 tia,
2047 5264 2221 5320 neque
2267 5265 2468 5306 sermo.
2519 5252 2722 5306 Deinde
2785 5251 3056 5322 quomodo
3103 5251 3175 5304 sit
3214 5265 3393 5304 sermo
3431 5249 3486 5308 in

1907 5353 2180 5405 sermone,
2220 5354 2342 5394 cum
2381 5340 2714 5408 impossibile
2744 5356 2970 5408 prorsus
3001 5340 3071 5395 sit
3110 5349 3167 5393 ut
3208 5340 3384 5395 simile
3415 5342 3485 5395 sit

1906 5430 1958 5484 in
1988 5431 2190 5485 simili?
2225 5447 2399 5502 neque
2424 5431 2569 5486 enim
2613 5431 2779 5486 fuerit
2802 5433 2953 5488 color
2984 5435 3036 5486 in
3073 5431 3275 5488 colore.
3304 5430 3360 5487 Si
3393 5445 3484 5486 er-

1892 5763 1959 5832 τῇ
1995 5761 2098 5832 ἰδίᾳ
2122 5762 2453 5833 ἰδιότητιηει
2481 5761 2692 5833 dialogo
2724 5779 2796 5817 vn
2825 5765 2890 5817 de
2934 5763 3218 5826 Trinitate,
3252 5780 3304 5832 p.
3350 5762 3472 5833 GM,

1896 5831 2032 5897 ἰδίας
2063 5831 2338 5902 ἰδιότητος.
2364 5831 2648 5888 Curtii.an
2686 5833 2830 5888 Eccl.
2869 5833 2960 5890 Gr.
2993 5836 3230 5890 Monum.
3257 5831 3311 5899 il,
3348 5832 3474 5888 556.
