3996 6422
469 392 577 447 525
1465 386 1523 442 s.
1570 384 1844 442 CYRlLLI
1882 384 2351 441 ALEXANDRINI
2390 383 2706 441 ancump.
3626 382 3740 462 ’⁵3⁵

472 526 542 583 go
577 510 669 579 qui
707 508 874 563 Filius
929 506 1023 561 Dei
1075 514 1269 561 natura
1315 514 1418 571 est,
1456 517 1573 562 erat
1613 521 1801 563 revera
1850 521 2052 571 sermo,

2177 508 2319 577 ρύσει
2348 509 2443 563 τοῦ
2479 509 2689 580 [ἰατρὸς
2722 507 2870 575 Υἱὸς,
2910 506 3024 572 πῶς
3057 507 3123 562 ἂν
3157 506 3292 579 πρὸς
3325 506 3489 561 αὑτὸν
3517 508 3745 576 ἐγένετο

468 603 742 671 quomodo
788 599 964 654 factus
1008 606 1092 652 est
1141 599 1208 650 ad
1262 596 1417 650 illum
1455 611 1670 662 sermo,
1720 612 1846 653 cum
1916 600 2053 653 dixit

2177 601 2347 668 .όγος,
2393 601 2527 673 φέρε
2577 602 2782 665 εἰπεῖν,
2834 601 2893 654 ἐν
2931 597 3046 670 τῷ,
3097 616 3117 649 ι
3161 600 3488 670 Ποιήσωμεν
3523 599 3742 671 ἂνθρω-

474 695 639 759 Detts,
674 708 692 742 ι
724 690 1010 773 Faciamus
1041 687 1316 742 hominem
1346 686 1430 740 3’?
1459 706 1480 741 ι

968 820 1178 876 Salutio
1232 821 1562 893 objectionis.

548 939 760 992 Rursus
801 936 1054 1006 impingis
1082 977 1096 1000 ,
1150 950 1254 990 non
1291 934 1543 991 attollens
1580 944 1634 991 te
1672 935 1815 990 ultra
1867 936 2060 990 huma-

479 1046 578 1087 nas
612 1028 998 1100 cogitationes,
1042 1044 1107 1081 ac
1138 1027 1307 1083 veluti
1350 1028 1555 1083 oblitus
1595 1027 1736 1097 quod
1779 1027 1847 1082 de
1880 1027 2058 1081 divina

477 1121 711 1177 essentia
760 1132 1072 1173 sermonem
1119 1117 1342 1187 habeas,
1382 1132 1449 1172 ex
1498 1118 1566 1173 iis
1595 1132 1716 1186 quae
1754 1117 1911 1171 nobis
1939 1132 2062 1187 pro-

479 1215 594 1284 pria
646 1221 811 1277 sunt,
859 1211 1010 1266 illam
1056 1211 1291 1266 metiris.
1333 1211 1410 1264 An
1452 1211 1670 1281 ignoras
1711 1210 2059 1264 Divinitatem

480 1305 795 1361 nominibus
856 1304 1015 1360 nobis
1074 1305 1291 1359 usitatis
1354 1303 1650 1375 appellari,
1704 1304 1886 1359 omnia
1934 1317 2062 1358 vero

479 1396 636 1463 longe
660 1394 820 1449 aliter
840 1410 1003 1464 quam
1030 1396 1212 1448 nostra
1244 1408 1303 1448 se
1342 1395 1581 1450 habere?
1613 1392 1730 1448 Non
1764 1393 1908 1448 enim
1937 1393 2061 1462 quia

479 1489 706 1541 verbum
736 1485 855 1539 sive
895 1500 1079 1541 sermo
1113 1486 1351 1540 [nominis
1382 1486 1720 1556 hypostatice
1743 1500 1848 1538 non
1887 1485 2063 1539 subsi-

481 1579 602 1646 stit,
628 1589 683 1632 et
723 1578 936 1633 sonitus
957 1578 1175 1647 quidam
1224 1577 1418 1648 lingua:
1462 1587 1547 1633 est
1582 1578 1633 1630 in
1680 1591 1858 1631 aerem
1900 1575 2065 1630 emis-

480 1685 608 1725 sus:
651 1669 774 1723 ideo
808 1668 1024 1723 divinus
1058 1670 1224 1723 etiam
1267 1682 1446 1723 sermo
1494 1669 1563 1722 ita
1625 1682 1686 1722 se
1728 1667 1926 1734 habet;
1971 1666 2064 1721 sed

481 1759 668 1815 vivens
700 1776 764 1815 ex
793 1760 938 1824 vivo,
973 1768 1137 1829 atque
1168 1759 1508 1829 hypostatice
1556 1758 1823 1813 exsistens
1871 1772 1937 1812 ex
1968 1755 2067 1825 hy-

2157 707 2295 758 mv;
2344 710 2365 744 ι

2647 825 2804 896 Πρὸς
2835 825 3012 881 τοῦτο
3041 826 3249 891 λύσις.

2229 937 2569 1014 Σκανδαλίζῃ
2597 939 2760 994 πάλιν
2791 940 2892 994 οὐκ
2919 938 3227 995 ἀναϐαίνων
3256 938 3328 993 τὰ
3375 939 3698 1012 ἀνθρώπινα
3719 952 3738 971 ⁸

2161 1028 2275 1084 ἀλλ’
2306 1031 2497 1103 ὥσπερ
2524 1032 2947 1103 ἐπιλελησμένος
2966 1033 3049 1086 ὅτι
3076 1049 3158 1086 σοι
3181 1033 3311 1104 περὶ
3336 1032 3438 1103 τῆς
3468 1033 3621 1096 θείας
3642 1034 3740 1086 οὐ·

2164 1121 2285 1186 σίας
2314 1124 2343 1175 ό
2370 1122 2528 1190 λόγος
2555 1123 2724 1189 ἐστὶν,
2743 1125 2807 1177 ἐκ
2831 1123 2938 1177 τῶν
2968 1123 3090 1176 καθ’
3113 1125 3259 1194 ἡμᾶς
3277 1123 3435 1195 ὁρίζῃ
3464 1123 3533 1177 τά
3553 1125 3741 1195 ἐκείνῃ

2163 1213 2453 1284 προσόντα.
2491 1215 2563 1267 Ἢ
2596 1214 2697 1267 οὐκ
2728 1210 2883 1267 οἶσθα
2910 1214 2993 1267 ὅτι
3025 1217 3135 1277 τοῖς
3169 1215 3292 1268 καθ’
3328 1215 3477 1286 ἡμᾶς
3504 1215 3743 1285 ὀνόμασι

2162 1305 2223 1357 rb
2243 1305 2397 1359 Θεῖον
2424 1305 2802 1370 ἀποκαλεῖται,
2829 1307 3006 1360 πάντα
3028 1305 3084 1359 δέ
3112 1305 3314 1377 ἑτέρως
3339 1306 3485 1360 ἐστὶν
3514 1307 3546 1377 ἦ
3575 1306 3745 1361 καθά-

2166 1414 2271 1466 περ
2302 1398 2496 1467 ήμεῖς;
2524 1396 2600 1450 Οὐ
2623 1397 2733 1468 γάρ
2761 1398 3063 1469 ἐπειδήπερ
3088 1399 3117 1451 ὁ
3142 1397 3242 1469 μέν
3262 1397 3549 1469 ἀνθρώπου
3582 1399 3746 1465 λόγος

2165 1488 2535 1552 ἀνυπόστατος
2550 1488 2646 1542 καὶ
2662 1487 2910 1561 γλώττης
2936 1489 3102 1559 ἐξήχη
3114 1505 3191 1560 μα
3210 1489 3348 1561 πρὸς
3369 1490 3509 1560 ἀέρα
3527 1508 3595 1542 πε
3603 1491 3747 1560 μπόκ

2169 1598 2350 1652 μενον,
2395 1580 2486 1634 διὰ
2532 1579 2691 1634 τοῦτο
2722 1581 2819 1635 καὶ
2849 1583 2878 1634 ὁ
2907 1581 3049 1640 θεῖος
3098 1580 3360 1647 ὡσαύτως
3401 1581 3512 1649 ἕξει
3560 1582 3742 1651 λόγος,

2166 1671 2301 1725 ἀλλὰ
2328 1670 2437 1734 ζῶν
2463 1672 2526 1724 ἐκ
2552 1669 2773 1734 ζῶντος,
2804 1671 2900 1725 καὶ
2926 1670 3253 1742 ὑφεστηκὼς
3278 1670 3340 1735 ἐξ
3370 1670 3747 1741 ὑφεστηκότος

2168 1763 2303 1815 ἐστί.
2343 1764 2452 1816 Καὶ
2476 1762 2659 1826 πάλιν,
2693 1763 2794 1816 οὐκ
2819 1763 3120 1834 ἐπειδήπερ
3145 1765 3177 1833 ὴ
3204 1764 3263 1815 ἐν
3291 1765 3424 1834 ἡμῖν
3453 1766 3614 1832 σοφία
3649 1764 3749 1817 καὶ

487 1854 759 1923 postatice
789 1854 1089 1909 exsistente
1112 1852 1372 1923 procedit.
1412 1850 1642 1916 Rursus,
1676 1865 1782 1905 non
1824 1850 1950 1919 quia
1981 1863 2066 1904 sa-

2177 1855 2447 1926 ἐπιστήμη
2485 1856 2585 1908 οὐκ
2623 1856 2681 1907 ἐν
2709 1855 3004 1908 ὑποστάσει
3035 1857 3211 1908 κεῖται
3253 1853 3374 1908 καθ’
3400 1854 3622 1924 ἑαυτὴν,
3658 1854 3748 1906 διά

483 1945 681 2014 pientis
712 1951 766 1998 et
806 1944 1039 1997 scientia
1072 1957 1195 2012 quae
1242 1942 1295 1997 in
1340 1942 1494 1996 nobis
1523 1950 1630 2006 est,
1668 1941 2063 2013 hypostaticam

482 2050 580 2105 per
614 2050 674 2090 se
720 2034 1098 2089 exsistentiam
1157 2049 1264 2089 non
1303 2034 1512 2089 habet:
1552 2033 1756 2088 idcirco
1799 2032 2067 2101 sapientia

481 2142 603 2198 qua:
637 2128 689 2181 in
725 2126 837 2182 Deo
862 2134 949 2181 est
982 2141 1087 2181 non
1119 2126 1227 2181 erit
1254 2124 1610 2196 hypostatica.
1644 2124 1712 2177 At
1742 2139 1875 2178 vero
1906 2124 1952 2177 si
1988 2122 2070 2176 fa-

484 2218 616 2275 teris
646 2218 813 2273 Deum
851 2231 957 2271 non
990 2231 1114 2272 esse
1152 2215 1309 2270 nobis
1332 2214 1592 2277 similem,
1624 2212 1882 2268 fateberis
1904 2214 2065 2268 etiam

485 2307 676 2363 omnia
714 2307 884 2376 ipsius
910 2322 1014 2361 non
1040 2320 1163 2362 esse
1189 2313 1396 2370 nostra,
1436 2305 1529 2359 sed
1558 2313 1711 2358 tanto
1737 2319 1858 2359 esse
1889 2304 2071 2360 excel-

483 2398 716 2453 lentiora
749 2399 975 2462 nostris,
1004 2406 1211 2470 quanto
1244 2397 1360 2466 ipse
1385 2396 1551 2451 etiam
1576 2396 1826 2452 assentire
1855 2397 2068 2454 ratione

480 2498 566 2547 est
597 2492 961 2562 prmstantior.

1016 2599 1245 2668 ALIUD,
1284 2601 1339 2656 in
1375 2601 1537 2657 idem.

552 2737 668 2794 Non
694 2734 1077 2792 animadvertit
1099 2710 1395 2805 pmclarus
1417 2733 1519 2788 iste
1542 2739 1980 2805 argumentatur,
2007 2731 2062 2787 in

2168 1944 2326 1998 τοῦτο
2363 1945 2458 1998 καὶ
2502 1947 2536 2015 ή
2567 1946 2951 2016 ἐνυπάρχουσα
2991 1944 3068 2017 τῷ
3110 1945 3231 2017 Θεῷ
3260 1944 3422 2014 σοφία
3451 1945 3512 1997 rb
3550 1944 3749 1997 ἐνυπό-

2169 2052 2363 2099 στατος
2389 2031 2528 2089 εἶναι
2556 2035 2679 2089 καθ’
2705 2036 2904 2107 ἑαυτὴν
2938 2034 3371 2107 ζημιωθήσεται.
3412 2034 3558 2088 Ἀλλ’
3585 2034 3748 2107 εἴπερ

2166 2128 2449 2199 ὁμολογεῖς
2479 2129 2556 2199 μὴ
2582 2128 2703 2182 καθ’
2745 2130 2896 2200 ἡμᾶς
2940 2124 3078 2183 εἶναι
3128 2127 3219 2182 τὸν
3262 2127 3415 2191 Θεὸν,
3462 2127 3751 2197 ὁμολογεῖς

2167 2221 2408 2291 δηλονότι
2442 2221 2536 2275 καί
2570 2238 2686 2285 πως
2716 2221 2786 2274 τὰ
2811 2220 2979 2275 αὐτοῦ
3008 2220 3082 2292 μὴ
3116 2215 3253 2274 εἶναι
3279 2217 3389 2272 τῶν
3416 2217 3553 2287 καθ’,
3572 2219 3741 2288 ἡμᾶς,

2168 2314 2285 2369 ἀλλ’
2321 2315 2462 2385 ὑπὲρ
2491 2316 2641 2385 ἡμᾶς
2666 2315 2941 2381 τοσοῦτον,
2964 2314 3088 2369 ὅσον
3112 2314 3212 2369 καὶ
3239 2312 3382 2368 κατὰ
3408 2312 3499 2366 τὸν
3526 2310 3631 2381 τῆς
3658 2310 3740 2363 οὐ⁹

2171 2404 2293 2468 σίας
2322 2405 2477 2475 λόγον
2504 2406 2807 2477 διέστηκεν.

2625 2603 2827 2669 ΑΛΛΟ,
2854 2603 3003 2672 πρὸς
3035 2603 3101 2658 τὸ
3135 2605 3304 2659 αὐτό.
3324 2638 3351 2689 τ

2253 2732 2549 2804 Ἦγνόησεν
2567 2732 2596 2785 6
2618 2733 2801 2802 σοφὸς,
2827 2735 2903 2798 ὡς
2930 2690 3122 2801 olera;
3145 2734 3242 2789 καὶ
3271 2732 3397 2800 ὀξὺς
3426 2735 3508 2798 είς
3527 2734 3588 2789 rb
3604 2737 3752 2789 νοεῖν

480 2844 645 2900 quam
672 2828 957 2898 ingentem
988 2824 1384 2896 blasphemiam
1413 2833 1574 2879 ruat:
1604 2824 1892 2878 Dominum
1925 2824 2067 2879 enim

2177 2821 2396 2893 ἀμέτρῳ
2429 2820 2745 2891 περιπεσὼν
2788 2808 3102 2896 δυσφημίᾳ·
3155 2823 3293 2888 ζῶον
3338 2824 3446 2895 γὰρ
3489 2827 3754 2897 ὀνομάζει

482 2917 719 2989 appellat
762 2913 986 2980 animal,
1027 2928 1135 2968 non
1180 2913 1487 2983 intelligens
1520 2913 1666 2967 aliud
1710 2927 1831 2967 esse
1868 2912 2070 2967 animal

2177 2913 2261 2966 τὸν
2278 2911 2511 2984 ¹Κύριον,
2539 2915 2639 2967 οὐκ
2671 2911 2825 2976 είδὼς
2854 2914 2938 2967 ὅτι
2965 2914 3027 2968 rb
3055 2914 3192 2980 ζῶον
3222 2915 3408 2986 ἐτερὸν
3445 2919 3561 2969 ἐστι
3595 2918 3751 2989 παρὰ

483 3026 646 3081 quam
680 3009 868 3072 vitam,
892 3004 1346 3076 quemadmodum
1374 3004 1604 3058 scientia
1634 3002 1777 3056 aliud
1801 3012 1886 3057 est
1908 3017 2068 3073 quam

2177 3004 2270 3075 τὴν
2300 3004 2467 3075 ζωὴν,
2497 3001 2687 3072 ὥσπερ
2713 3003 2747 3073 ή
2777 3004 3052 3074 ἐπιστήμη
3083 3002 3235 3074 παρὰ
3268 3003 3357 3057 τὸν
3384 3005 3749 3074 ἐπιστήμονα.

484 3100 686 3156 sciens.
709 3097 842 3153 Nam
871 3099 914 3153 si
941 3097 1065 3167 quis
1093 3097 1238 3151 dicat
1264 3095 1452 3161 vitam,
1480 3096 1755 3165 signiﬁcat
1782 3110 1893 3150 rem
1922 3094 2067 3150 illam

2177 3095 2333 3167 Ζωήν
2358 3098 2459 3166 μὲν
2487 3094 2597 3166 γὰρ
2618 3093 2672 3146 εἴ
2697 3111 2781 3158 τις
2801 3092 2971 3162 λέγοι,
2989 3093 3122 3148 αὐτὸ
3152 3095 3408 3166 σημαίνει
3431 3095 3494 3148 rb
3514 3096 3757 3167 πρᾶγμα

484 3206 605 3262 quae
636 3191 681 3247 si
711 3190 874 3247 alicui
910 3188 1059 3255 insit,
1090 3189 1271 3243 vivum
1304 3195 1362 3241 ut
1384 3185 1674 3241 sitellicit:
1706 3185 1909 3240 animal
1933 3199 2066 3240 vero

2177 3186 2234 3239 rb
2267 3186 2325 3239 ἐν
2350 3203 2461 3240 τισι
2501 3189 2785 3257 γινόμενον
2828 3186 2923 3241 καὶ
2968 3186 3266 3251 ζωοποιοῦν
3296 3176 3466 3242 αὐτάο
3510 3186 3650 3252 ζῶον
3691 3188 3755 3240 δέ

484 3293 568 3339 est
613 3282 668 3337 id
712 3282 855 3351 quod
885 3282 1005 3351 ejus
1044 3280 1124 3335 rei
1169 3293 1291 3349 qua:
1332 3279 1598 3342 viviﬁcat,
1642 3276 1916 3347 particeps
1963 3287 2064 3331 est.

485 3374 652 3443 Atqui
690 3372 954 3428 Dominus
995 3387 1102 3426 non
1148 3371 1221 3424 ita
1267 3369 1507 3440 seipsum
1538 3378 1715 3434 vocat,
1746 3370 1841 3423 sed
1889 3368 2072 3437 potius

483 3466 673 3522 vitam.
696 3465 752 3521 Si
776 3479 929 3531 vero,
951 3477 1074 3518 cum
1107 3461 1179 3516 sit
1207 3462 1339 3526 vita,
1369 3471 1453 3515 est
1482 3460 1647 3515 etiam
1679 3458 2070 3527 animal,juxta

489 3558 630 3613 illius
673 3557 941 3612 insaniam
967 3594 982 3619 ,
1025 3555 1238 3609 dicatur
1274 3553 1441 3607 etiam
1488 3551 1648 3606 Pater
1685 3566 1804 3606 esse
1850 3548 2071 3617 anim‘al,

487 3663 610 3704 cum
637 3647 752 3716 ipse
781 3649 848 3702 de
871 3662 931 3702 se
951 3646 1135 3702 dicat:
1170 3662 1188 3697 ι
1220 3644 1357 3699 Vivo
1379 3658 1498 3714 ego,
1528 3644 1656 3699 dicit
1682 3642 2019 3700 Dominus“.
2045 3660 2065 3696 ι

489 3738 597 3795 Sed
632 3738 813 3793 valere
836 3738 1006 3807 jussis
1037 3737 1236 3806 perditi
1265 3735 1507 3790 hominis
1545 3735 1724 3804 nugis,
1761 3743 1816 3789 et
1854 3744 2073 3805 aposto-

489 3831 653 3887 licum
702 3829 837 3885 illud
867 3830 916 3884 ei
945 3830 1189 3884 dicentes
1218 3847 1233 3883 :
1273 3845 1293 3879 ι
1330 3826 1698 3896 Cogitationes
1730 3827 1838 3881 sint
1886 3826 1984 3880 tibi
2016 3828 2069 3880 in

490 3922 849 3992 perditionem
883 3920 950 3988 ιι,
989 3940 1009 3973 ι
1052 3921 1117 3975 ad
1157 3919 1315 3990 192
1352 3919 1633 3975 veritatem
1675 3919 1935 3974 doctrina:
1975 3932 2073 3972 nos

488 4013 860 4079 conferamus,
899 4021 953 4067 et
985 4012 1275 4068 Dominum
1329 4026 1437 4066 non
1470 4010 1696 4077 animal,
1740 4019 1796 4065 ut
1841 4010 1940 4075 illi,
1977 4008 2072 4063 sed

491 4104 657 4159 vitam
689 4104 860 4173 ipsam
905 4117 1027 4158 esse
1058 4103 1324 4167 dicamus,
1362 4118 1482 4172 qua:
1521 4105 1701 4159 omnia
1736 4103 1976 4158 vivificat
2001 4103 2069 4168 ",

489 4196 687 4266 quippe
710 4209 829 4264 quae
863 4194 915 4248 in
941 4194 1079 4265 ipso,
1106 4193 1258 4262 juxta
1290 4192 1444 4249 Pauli
1472 4194 1818 4262 sententiam,
1866 4201 1920 4250 et
1952 4208 2070 4249 mo—

490 4294 742 4354 veantur,
771 4295 825 4343 et
866 4287 975 4342 sint
1011 4287 1080 4341 “.

806 4418 1036 4489 ALIUD,
1072 4422 1126 4475 in
1150 4424 1388 4478 eamdem
1418 4423 1754 4479 sententiam.
1802 4454 1809 4469 ι

2177 3276 2370 3345 λέγων,
2400 3276 2461 3330 rb
2485 3278 2709 3348 μετέχον
2729 3277 2823 3332 τοῦ
2852 3278 3241 3343 ζωοποιοῦντός
3269 3296 3454 3351 φησιν.
3491 3279 3634 3332 Ἀλλ’
3652 3279 3756 3351 οὐχ

2177 3365 2349 3430 οὕτως
2376 3368 2565 3432 ἐαυτὸν
2592 3370 2620 3421 ὁ
2654 3368 2854 3439 Κύριος
2887 3369 3170 3440 ὀνομάζων
3197 3369 3468 3441 φαίνεται,
3515 3369 3663 3443 ζωὴν
3694 3370 3755 3424 δὲ

2182 3456 2383 3526 μᾶλλον
2414 3456 2700 3513 ἀποκαλεῖ.
2737 3459 2802 3511 Et
2835 3458 2892 3512 δὲ
2923 3457 3037 3529 ζωὴ
3065 3460 3324 3531 ὑπάρχων
3348 3462 3442 3515 καὶ
3474 3460 3613 3525 ζῶόν
3636 3463 3757 3514 ἐστι

2178 3547 2321 3602 κατὰ
2352 3548 2451 3620 τὴν
2481 3549 2690 3603 ἐκείνου
2723 3549 3170 3619 φρενοϐλάϐειαν,
3192 3551 3438 3620 λεγέσθω
3464 3553 3558 3605 καὶ
3584 3554 3614 3606 6
3639 3553 3760 3606 Πα-

2177 3640 2280 3711 τὴρ
2312 3638 2472 3706 ζῶον,
2504 3641 2804 3712 ἐπειδήπερ
2834 3641 3085 3711 φαίνεται
3112 3642 3308 3711 λέγων·
3345 3660 3363 3696 ι
3389 3644 3474 3697 Ζῶ
3498 3643 3633 3712 ἐγὼ,
3664 3644 3756 3698 λέ⁸

2177 3747 2264 3799 γει
2286 3730 2513 3802 Κύριος.
2540 3751 2559 3784 ι
2579 3731 2744 3786 Ἀλλά
2771 3734 2892 3796 ταῖς
2921 3732 3128 3787 ἐκείνου
3165 3734 3456 3806 φλυαρίαις
3479 3735 3746 3805 ἐρρῶσθαι

2179 3823 2489 3895 φράσαντες
2510 3862 2525 3886 ,
2556 3823 2652 3876 καὶ
2688 3823 2750 3877 rb
2783 3823 3138 3878 ἀποστολικὺν
3171 3826 3347 3879 ἐκεῖνο
3389 3826 3741 3898 προσθέντες·

2186 3933 2203 3966 ι
2238 3915 2318 3968 Τὰ
2348 3915 2598 3987 νοήματά
2630 3932 2723 3969 σου
2756 3916 2853 3970 σὺν
2899 3917 2981 3970 σοὶ
3024 3918 3111 3988 εἴη
3146 3920 3227 3982 εἰς
3258 3917 3567 3986 ἀπώλειαν,
3602 3937 3623 3971 ι
3662 3919 3756 3971 ἐπὶ

2178 4006 2273 4078 τὴν
2290 4007 2556 4079 ὀρθότητα
2581 4007 2688 4062 τῶν
2713 4008 2999 4081 δογμάτων
3013 4010 3392 4081 δραμούμεθα,
3413 4011 3505 4065 καὶ
3529 4012 3589 4065 οὐ
3612 3998 3757 4074 ζῶον

2177 4100 2298 4153 κατ’
2335 4099 2600 4165 ἐκείνους,
2626 4100 2762 4154 ἀλλὰ
2796 4101 2945 4174 ζωὴν
2978 4102 3210 4173 ἐροῦμεν
3239 4104 3328 4156 τὸν
3360 4104 3586 4174 Κύριον,
3618 4102 3758 4167 ζωοσ

2176 4186 2442 4258 γονοῠσαν
2468 4189 2537 4243 τὰ
2571 4188 2750 4243 πάντα
2792 4191 2868 4254 ὡς
2904 4193 2962 4245 ἐν
2994 4188 3141 4262 ἀύτῷ
3170 4193 3435 4247 κινεῖσθαι
3464 4193 3557 4248 καὶ
3586 4189 3756 4261 εἶναι,

2180 4281 2323 4336 κατὰ
2345 4281 2444 4353 τὴν
2467 4280 2685 4335 Παύλου
2713 4284 2916 4354 φωνήν.

2677 4418 2881 4485 AAAU,
2906 4419 2992 4485 εὶς
3014 4378 3079 4472 τὸ
3102 4420 3269 4473 αὑτό.

560 4550 784 4609 Sacram
842 4554 1179 4626 Sertpturam
1227 4555 1422 4611 Filium
1472 4571 1668 4611 vocare
1718 4553 1954 4611 Verbum
1993 4556 2072 4631 ⁸⁵,

2254 4551 2424 4619 Λόγον
2453 4551 2486 4621 ή
2523 4549 2644 4603 θεία
2662 4550 2853 4622 Γραφὴ
2881 4551 2974 4606 τὸν
3008 4552 3136 4605 Υίδν
3169 4552 3477 4623 ὀνομάζειν,
3501 4557 3597 4609 καὶ
3628 4573 3767 4629 προ-

490 4642 594 4700 hoc
636 4654 745 4711 est,
801 4646 1163 4723 prolationem
1228 4647 1497 4717 ejusmodi
1563 4647 1851 4700 verborum
1898 4646 2078 4716 qualia

492 4744 622 4790 sunt
645 4737 901 4803 humana,
946 4743 1275 4793 temerarius
1319 4738 1421 4792 iste
1456 4752 1518 4792 ac
1544 4737 1838 4808 praeclarus
1872 4737 2082 4792 scilicet

492 4842 813 4884 arcanorum
861 4828 959 4884 Dei
1003 4831 1280 4900 interpres
1327 4829 1690 4901 imaginatur:
1736 4844 1842 4882 non
1882 4828 2083 4883 intelli-

492 4933 624 4988 gens
662 4920 807 4990 quod
839 4936 1007 4976 sacrae
1031 4920 1255 4976 Littera:
1279 4919 1429 4975 illum
1475 4923 1545 4975 ita
1594 4936 1659 4975 ex
1705 4930 1888 4975 nostro
1926 4934 2078 4974 more

492 5011 783 5080 appellent.
820 5010 1084 5080 Loquitur
1112 5014 1257 5066 enim
1290 5011 1455 5067 Pater
1486 5028 1685 5085 arcane
1730 5021 1892 5081 atque
1937 5010 2075 5065 inef-

493 5100 724 5156 fabiliter
751 5102 818 5156 ad
865 5101 1088 5166 Filium,
1136 5104 1221 5156 cui
1273 5104 1593 5158 naturaliter
1622 5103 1875 5157 voluntas
1903 5100 2080 5156 Patris

492 5192 703 5260 cognita
732 5199 838 5255 est,
868 5204 1044 5258 neque
1070 5200 1351 5259 exspectat
1397 5207 1729 5257 sermonem,
1759 5191 1849 5260 qui
1898 5190 2078 5246 occul-

490 5287 600 5334 tam
656 5281 799 5335 illius
846 5280 1178 5335 voluntatem
1225 5282 1479 5353 explicet.
1515 5282 1741 5349 Quando
1785 5283 1954 5350 igitur
2001 5283 2072 5336 de

491 5371 602 5426 Deo
627 5372 828 5426 dicitur
854 5372 972 5426 sive
1007 5374 1334 5442 praedicatur
1360 5370 1560 5443 aliquid
1592 5390 1781 5429 eorum
1814 5390 1935 5445 quae
1977 5375 2073 5428 ho-

492 5457 729 5510 minibus
758 5458 939 5525 potius
973 5462 1324 5526 conveniunt,
1362 5463 1576 5517 auditor
1600 5463 1739 5517 ultra
1771 5463 2068 5517 humanum

493 5559 699 5598 morem
744 5546 1122 5619 cogitationem
1166 5567 1323 5609 suam
1367 5554 1564 5624 erigat,
1604 5563 1660 5611 et
1705 5554 1773 5610 ad
1813 5556 2070 5626 spiritua-

561 5719 609 5803 "_
631 5716 766 5773 Gen.
796 5737 837 5789 ι,
860 5724 947 5782 26.
1025 5730 1070 5764 ⁸ο
1104 5730 1301 5788 Ezech.
1340 5748 1538 5800 χχχιιι,
1576 5734 1664 5790 ll.
1743 5735 1784 5767 “
1818 5734 1941 5791 Act.
1978 5688 2094 5803 thll.
2125 5733 2216 5790 90·

514 5806 554 5857 ι,
591 5789 611 5844 1
644 5804 795 5862 scqq.

2182 4640 2353 4713 φορὰν
2388 4642 2648 4712 ῥημάτων
2683 4641 2939 4696 τοιούτων
2976 4644 3136 4697 ὁποῖά
3165 4645 3280 4698 ἐστι
3308 4645 3376 4698 τὰ
3412 4645 3763 4719 ἀνθρώπινα,

2180 4726 2513 4797 φαντάζεται
2539 4731 2702 4785 πάλιν
2724 4733 2752 4785 ὁ
2773 4731 2972 4803 γοργὸς
2998 4735 3079 4797 είς
3101 4732 3357 4787 ἀϐουλίαν
3389 4736 3481 4789 καὶ
3506 4740 3766 4803 νεανικὸς

2179 4824 2260 4884 είς
2291 4822 2352 4875 rb
2393 4823 2470 4893 μὴ
2497 4826 2636 4877 νοεῖν
2679 4824 2853 4895 ὀρθῶς
2879 4824 2950 4878 τὰ
2979 4823 3097 4878 θεῖα
3130 4827 3436 4898 μυστήριαο
3470 4829 3572 4882 οὐκ
3597 4830 3763 4897 εἰδὼς

2182 4913 2264 4966 ὅτι
2298 4914 2438 4967 κατὰ
2470 4914 2571 4985 μὲν
2599 4916 2697 4988 τὴν
2725 4916 3006 4987 ἡμετέραν
3052 4917 3340 4989 συνήθειαν
3382 4918 3556 4984 οὕτως
3590 4924 3763 4977 αὐτὸν

2178 5006 2234 5057 αἱ
2274 5004 2415 5059 θεῖαι
2451 5007 2778 5077 κηρύττουσι
2807 5008 2847 5060 Γ
2854 5008 3039 5078 ραφαί.
3069 5009 3384 5078 Διαλέγεται
3412 5011 3470 5064 δὲ
3495 5013 3764 5084 ἀρρήτως

2180 5096 2369 5169 Πατὴρ
2397 5098 2532 5170 πρὸς
2558 5098 2702 5163 Υίὸν,
2732 5097 2948 5170 ἔχοντος
2969 5100 3132 5154 αὐτοῦ
3159 5102 3406 5171 φυσικῶς
3430 5105 3526 5156 τοῦ
3552 5106 3762 5160 εἰδέναι

2178 5188 2271 5242 τοῦ
2301 5188 2554 5253 τεκόντος
2579 5190 2679 5261 τὴν
2709 5190 2985 5262 βούλησιν,
3016 5191 3076 5244 οὐ
3106 5191 3263 5260 λόγον
3284 5192 3563 5263 ἐκφαίνειν
3589 5195 3760 5249 δυνά-

2182 5297 2342 5351 μενον
2375 5281 2444 5335 τὰ
2482 5283 2842 5354 κεκρυμμένα
2869 5278 3253 5355 περιμένοντος
3276 5327 3290 5351 ,
3321 5284 3445 5338 ἐπεὶ
3472 5287 3566 5339 καὶ
3590 5290 3762 5356 αὑτὰς

2179 5377 2328 5428 ἐστιν
2360 5377 2388 5428 ὀ
2419 5375 2610 5445 Λόγος.
2640 5377 2769 5430 "Ore
2802 5378 2979 5433 τοίνυν
3023 5379 3117 5432 ἐπὶ
3151 5378 3288 5434 Θεοῦ
3317 5397 3368 5434 τι
3392 5380 3612 5450 λέγεται
3646 5384 3762 5437 τῶν

2174 5466 2278 5521 ὅσα
2324 5467 2528 5539 μᾶλλον
2555 5467 2865 5546 ἀνθρώποις
2893 5468 3012 5523 ἐστὶ
3048 5471 3492 5542 πρεπωδέστερα,
3522 5470 3759 5526 ἀναϐαι-

2174 5559 2312 5612 νέτω
2362 5559 2432 5613 τά
2474 5558 2596 5613 καθ’
2655 5560 2804 5632 ἡμᾶς
2847 5563 2876 5615 ὁ
2923 5561 3310 5635 ἀκροώμενος,
3365 5565 3457 5618 καὶ
3513 5564 3610 5617 ἐπὶ
3651 5564 3757 5633 τὴν

2328 5736 2373 5769 ⁴²
2407 5736 2423 5791 l
2456 5735 2595 5792 Tim.
2625 5752 2700 5804 vi,
2742 5738 2826 5794 15.
2902 5739 2949 5775 ⁸³
2989 5743 3108 5799 Art.
3135 5702 3267 5813 nm,
3305 5742 3398 5800 28.
3474 5743 3522 5778 “
3547 5740 3710 5800 Joan.
