3996 6406
142 402 244 460 3‘25

1542 385 1986 443 THESAURUS.

3324 388 3430 444 526

153 512 528 590 πνευματικὴν
584 511 682 567 καὶ
732 510 831 585 τὴν
876 511 935 565 ἐν
987 509 1170 583 νοήσει
1216 511 1284 582 τῇ
1335 507 1457 580 θείᾳ
1506 507 1748 579 τρεχέτω

1878 523 1982 574 em,
2014 506 2213 578 quique
2257 506 2308 561 in
2351 506 2533 560 divino
2574 506 2847 563 intellectu
2891 507 3159 576 consistit,
3209 523 3428 565 sensum

157 606 463 679 κατάληψιν.

408 718 761 784 nrt/06mg
786 715 870 784 ὡς
906 716 977 772 ἐκ
1009 715 1130 772 τῶν
1151 713 1472 786 Εὐνομίου.

245 855 359 913 Ἀλλ’
399 855 507 908 οὐκ
560 854 821 926 ἐξαρκεῖ,
871 854 1059 924 φησιν,
1105 853 1187 916 είς
1235 851 1366 907 Υίοῦ
1409 852 1640 925 δήλωσιν
1690 855 1752 908 τὸ

173 953 314 1020 Λόγος
335 947 534 1017 ὄνομα,
585 945 708 1000 οὐδ’
742 944 812 998 ἂν
843 943 1058 1014 γένοιτο
1107 942 1284 1016 σαφὴς
1319 946 1353 1016 ἡ
1381 945 1539 999 οὐσία
1583 944 1751 999 αὐτοῦ

172 1044 241 1097 διὰ
280 1041 371 1112 τῆς
413 1038 654 1093 τοιᾶσδε
713 1035 1130 1108 προσηγορίας·
1189 1034 1418 1107 φέρεται
1483 1035 1592 1108 γὰρ
1655 1038 1753 1091 καὶ

170 1134 289 1189 κατὰ
314 1129 532 1187 πολλῶν
556 1129 782 1201 ἑτέρων
812 1128 1080 1201 ῥημάτων
1117 1127 1304 1199 ἀργῶν
1328 1145 1389 1181 τε
1420 1130 1515 1183 καὶ
1548 1129 1753 1183 ἀνυπο-

164 1241 367 1280 πατων.

636 1334 806 1406 Πρὸς
831 1333 1021 1390 ταῦτα
1047 1333 1253 1399 λύσις.

234 1471 418 1529 ὒὺκοῦν
465 1469 746 1541 ἀτονήσει
804 1467 945 1541 πρὸς
981 1469 1043 1522 τὸ
1086 1466 1442 1540 παραστῆσαι
1487 1465 1580 1520 τοῦ
1617 1466 1753 1522 Θεοῦ

182 1566 268 1638 τὴν
290 1564 458 1618 οὐσίαν
506 1560 575 1615 τὸ
625 1560 772 1624 Θεὸς
798 1559 993 1630 ὄνομα.
1046 1556 1426 1631 Φέρεται,γὰρ
1472 1560 1565 1611 καὶ
1614 1556 1758 1611 κατὰ

183 1659 275 1711 τῶν
299 1657 368 1729 μὴ
387 1655 546 1725 φύσει
570 1651 746 1716 θεῶν,
772 1651 917 1706 κατὰ
940 1650 1024 1715 τὸ,
1046 1669 1065 1701 ι
1088 1648 1231 1719 Ἐγὼ
1256 1643 1404 1703 εἴπω
1423 1648 1547 1702 Θεοί
1572 1651 1716 1702 ἐστε.
1732 1666 1750 1700 ι

183 1749 239 1802 τί
268 1749 319 1802 δὲ
345 1746 573 1801 κωλύσει
606 1746 848 1798 κάκεῖνο
874 1742 1080 1811 λέγειν,
1103 1741 1177 1805 ὡς
1205 1740 1438 1813 ἐπείπερ
1462 1739 1526 1793 τὸ
1550 1740 1758 1804 δίκαιος

185 1840 356 1913 ὂνομα,
386 1838 475 1892 καὶ
502 1837 564 1891 τὸ
596 1836 840 1905 ἀγαθὸς,
872 1834 970 1888 καὶ
996 1832 1058 1887 τδ
1091 1832 1265 1901 ἅγιος,
1294 1830 1391 1884 καὶ
1430 1832 1516 1885 ἐπ’
1549 1830 1761 1902 ἀνθρώ-

1854 599 2208 657 conscendat.

2277 711 2362 765 Ex
2400 712 2690 783 objections
2733 709 3005 766 Eunomii.

1923 848 2088 918 Atqui
2125 862 2233 902 non
2269 846 2487 915 sufﬁcit,
2514 850 2712 919 inquit,
2747 849 2904 905 Verbi
2940 865 3134 906 nomen
3165 850 3232 904 ad
3263 850 3432 919 signi-

1858 940 2170 997 ﬁcationem
2229 942 2374 1009 Filii,
2418 956 2592 1010 neque
2623 957 2687 997 ex
2721 941 3024 1009 hujusmodi
3079 941 3436 1013 appellatione

1853 1033 2090 1090 essentia
2149 1032 2268 1101 ejus
2313 1033 2659 1103 explicatur:
2695 1033 2930 1088 refertur
2960 1034 3106 1089 enim
3157 1034 3317 1088 etiam
3366 1034 3435 1087 ad

1854 1125 1960 1181 alia
1989 1124 2156 1180 multa
2185 1125 2350 1180 verba
2375 1140 2495 1196 quae
2531 1125 2874 1197 liypostatice
2899 1140 3004 1181 non
3036 1126 3327 1181 exsistunt.

2344 1323 2554 1380 Salutio
2588 1322 2922 1394 objectionis.

1926 1457 2069 1530 Ergo
2103 1472 2171 1514 ne
2193 1457 2288 1514 Dei
2314 1459 2531 1529 quidem
2583 1470 2777 1513 nomen
2816 1456 3013 1511 sufﬁcit
3048 1456 3114 1509 ad
3145 1455 3437 1511 essentiam

1868 1546 1963 1603 Dei
2013 1547 2417 1618 explicandam.
2450 1547 2711 1604 Refertur
2744 1549 2887 1603 enim
2927 1548 3091 1602 etiam
3130 1545 3197 1600 ad
3224 1560 3318 1600 eos
3348 1546 3439 1614 qui

1860 1650 2054 1694 natura
2088 1638 2162 1693 dii
2217 1653 2321 1693 non
2359 1647 2506 1705 sunt,
2537 1636 2694 1707 juxta
2732 1637 2865 1693 illud
2898 1656 2911 1692 :
2954 1657 2973 1690 ι
3022 1637 3134 1707 Ego
3169 1637 3323 1692 dixi:
3358 1636 3440 1690 Dii

1860 1728 1994 1783 estis
2025 1727 2093 1781 ".
2131 1745 2150 1779 ι
2182 1727 2323 1794 Quid
2358 1742 2489 1783 vero
2526 1727 2803 1783 obstiterit
2832 1727 3122 1797 quominus
3165 1728 3329 1781 etiam
3378 1725 3446 1780 il-

1861 1821 1953 1875 lud
1988 1819 2270 1876 dicamus:
2308 1834 2430 1874 cum
2459 1833 2657 1874 nomen
2680 1816 2888 1887 justus,
2924 1826 2978 1872 et
3005 1820 3195 1882 bonus,
3235 1824 3289 1870 et
3317 1830 3446 1871 san-

194 1908 300 1986 πων
337 1932 571 1985 τάττεται
620 1926 868 2000 (πολλοὶ
911 1925 1023 1997 γὰρ
1056 1923 1287 1978 τοιοῦτοι
1335 1922 1477 1977 κατὰ
1522 1922 1758 1995 μετοχὴν

1878 1924 1987 1967 :tus
2019 1912 2184 1969 etiam
2230 1913 2298 1967 de
2334 1911 2649 1966 hominibus
2677 1910 2892 1966 dicatur
2918 1908 3092 1982 (multi
3137 1908 3281 1963 enim
3315 1908 3456 1962 sunt‘

202 2024 288 2079 τοῦ
325 2023 436 2078 κατ’
466 2021 718 2093 ἀλήθειαν
767 2020 869 2073 καὶ
908 2017 1079 2081 ὅντως
1126 2013 1333 2086 ἀγαθοῦ
1404 2015 1501 2069 καὶ
1544 2013 1757 2068 δικαίου

205 2115 578 2187 τυγχάνοντος),
627 2113 693 2166 οῦ
737 2110 953 2183 κυρίως
993 2110 1087 2162 ἐπὶ
1137 2106 1274 2161 Θεοῦ
1316 2105 1601 2171 τετάξεται
1648 2103 1760 2158 τῶν

201 2207 475 2279 εἰρημένων
496 2205 761 2271 ἔκαστον;
798 2203 862 2256 Ei
882 2201 941 2256 δὲ
974 2198 1131 2255 κοινὰ
1160 2199 1259 2271 μὲν
1282 2200 1416 2269 ἡμῖν
1442 2197 1579 2270 πρὸς
1598 2195 1759 2250 αὑτὸν

188 2277 507 2368 τὰήόνόματα,
542 2296 706 2367 αὐτῷ
748 2294 810 2348 δὲ
855 2293 1004 2365 μόνῳ
1047 2291 1189 2347 κατὰ
1222 2290 1384 2360 φύσιν
1429 2289 1491 2344 τὸ
1525 2290 1761 2361 πρᾶγμα

183 2389 572 2462 ἐπαληθεύεται,
614 2387 783 2440 οὐδὲν
810 2384 1052 2439 κωλύσει
1086 2384 1180 2438 καὶ
1210 2383 1382 2453 Λόγον
1418 2380 1625 2452 κυρίως
1661 2397 1758 2433 κε-

189 2478 396 2549 κλῆσθαι
414 2478 499 2531 τόν
522 2477 690 2543 Υἱὸν,
724 2473 1148 2545 παραστατικήν
1167 2488 1228 2525 τε
1254 2471 1355 2540 τῆς
1382 2469 1569 2533 οὐσίας
1593 2465 1758 2522 αὑτοῦ

192 2570 370 2641 ταύτην
392 2571 526 2641 ἔχειν
566 2568 685 2640 τὴν
729 2565 1092 2637 ἐπωνυμίαν,
1147 2566 1196 2617 εί
1248 2562 1344 2616 καὶ
1386 2560 1565 2632 ἕτεροι
1609 2559 1760 2628 λόγοι

187 2663 349 2718 πολλοί
382 2680 520 2726 τινες
553 2657 681 2715 εἶεν
710 2655 1177 2730 καταχρηστικῶς
1208 2654 1304 2709 καὶ
1342 2652 1480 2726 πρὸς
1525 2651 1759 2724 μίμησιν

178 2756 262 2807 τοῦ
288 2755 397 2809 κατ’
440 2752 724 2825 ἀλήθειαν
760 2748 1128 2822 κεκλημένου.
1161 2746 1263 2800 Διὰ
1290 2746 1400 2819 γὰρ
1425 2745 1630 2816 ταύτην
1661 2744 1759 2813 τὴν

180 2848 334 2900 αἰτίαν
359 2846 481 2919 περὶ
501 2843 720 2900 ἑαυτοῦ
753 2859 923 2914 φησιν
947 2843 977 2895 ὁ
1018 2840 1147 2904 Υἱός
1165 2855 1179 2870 ο
1206 2858 1225 2891 ι
1249 2837 1542 2908 Ἐγώ-εἰμι
1569 2839 1602 2909 ή
1629 2837 1760 2909 ἁλή-

186 2937 299 2991 θεια.
320 2936 513 2989 rem
546 2937 700 3006 ὅπερ
720 2934 791 2988 ἄν
810 2949 895 2996 τις
924 2929 1070 2984 εἴποι
1098 2928 1227 3002 περὶ
1250 2926 1417 2982 αὑτοῦ
1451 2926 1761 2998 θεοπρεπὲς

191 3048 237 3084 τε
258 3031 344 3085 καὶ
363 3030 510 3095 ἄξιον
536 3028 648 3099 τῆς
680 3024 837 3089 θείας
862 3022 1194 3093 γεννήσεως,
1214 3020 1331 3091 ὲρεῖ
1361 3018 1459 3090 μὲν
1485 3017 1572 3070 ἐπ’
1592 3014 1759 3069 αὑτοῦ

199 3119 379 3191 κυρίως,
398 3119 490 3172 ἐπὶ
510 3116 577 3171 δὲ
604 3114 724 3169 τῶν
757 3108 967 3183 ἐτέρων
985 3108 1193 3169 οὐκέτι,
1222 3103 1681 3180 καταχρηστικῶς
1704 3103 1761 3157 δὲ

203 3210 381 3282 μᾶλλον,
412 3208 687 3279 καθάπερ
712 3206 956 3277 εἴρηται.

431 3345 778 3408 Ἆντίθεσις
802 3341 885 3407 ὡς
913 3339 985 3393 ἐκ
1017 3336 1140 3392 τῶν
1161 3335 1487 3407 Εὐνομίου.

267 3482 407 3551 Λόγος
427 3484 659 3555 εἴρηται
684 3521 701 3546 ,
739 3477 880 3548 φησὶ
899 3514 913 3540 ,
946 3473 1100 3545 παρὰ
1129 3474 1252 3537 ταῖς
1285 3470 1460 3533 θείαις
1488 3468 1765 3540 Γραφαῖς,

210 3575 293 3646 οὐχ
313 3577 375 3641 ὡς
394 3577 447 3630 ἐκ
474 3574 719 3646 [ἰατρὸς
753 3570 903 3627 κατὰ
930 3568 1095 3640 φύσιν
1124 3568 1409 3638 ὑπάρχων.
1441 3563 1475 3635 ἢ
1500 3562 1662 3624 αὐτὸς
1691 3561 1769 3614 ὢν

200 3671 226 3723 ὁ
261 3670 537 3734 ἐνδιάθετος
590 3668 766 3736 λόγος
792 3704 808 3730 ,
866 3662 985 3719 ἀλλ’
1058 3661 1140 3715 ὅτι
1198 3660 1291 3715 τὸν
1344 3657 1561 3728 Πατρδς
1613 3654 1770 3724 λόγον

184 3759 393 3826 ἀκούσας
447 3762 558 3816 καὶ
629 3760 773 3830 ἡμῖν
848 3752 1203 3830 ἐξαγγέλλει·
1267 3749 1456 3820 ὥσπερ
1518 3741 1612 3801 οὗν
1676 3745 1771 3799 καὶ

178 3853 423 3926 ἁγιασμὸς
452 3855 699 3926 εἴρηται
722 3891 739 3916 ,
769 3850 853 3903 ὅτι
879 3846 1135 3917 ἁγιάζει,
1171 3843 1267 3898 καὶ
1298 3838 1614 3910 δικαιοσύνη
1633 3877 1649 3905 ,
1688 3837 1770 3892 ὅτι

172 3944 371 4001 δικαιοῖ.

693 4052 855 4123 Πρὸς
885 4050 1065 4106 τοῦτο
1089 4049 1294 4116 λύσις.

228 4198 287 4251 El
317 4197 500 4266 Λόγος
533 4190 752 4263 ὶκλήθη
781 4229 796 4253 ,
823 4187 971 4243 κατὰ
1002 4186 1102 4257 τὴν
1130 4185 1248 4256 σὴν,
1275 4177 1321 4237 ὦ
1348 4181 1616 4253 βέλτιστε,
1645 4178 1773 4233 δυσ-

171 4287 386 4359 φημίαν,
419 4286 534 4355 οὐχ
564 4282 655 4335 ὅτι
702 4280 847 4333 κατὰ
885 4276 1049 4346 φύσιν
1082 4274 1243 4328 τοῦτό
1282 4275 1432 4326 ἐστιν
1463 4273 1529 4325 ὲκ
1559 4267 1775 4339 Πατρὸς

168 4378 439 4451 προελθὼν
464 4417 481 4441 ,
515 4374 629 4428 καὶ
658 4373 761 4441 τῆς
787 4368 885 4423 τοῦ
922 4367 1177 4430 τεκόντος
1208 4364 1397 4427 οὐσίας
1426 4359 1774 4431 ὲκφαντικδς,

167 4450 270 4521 ἀλλ’
292 4468 377 4520 ὅτι
405 4465 510 4521 τὸν
536 4461 700 4533 παρὰ
727 4457 944 4530 Πατρδς
966 4455 1207 4518 ἀκούσας
1253 4454 1433 4522 λόγον,
1459 4450 1776 4520 ἐξαγγέλλει

168 4558 347 4611 τοῦτον
379 4557 469 4621 είς
512 4552 677 4623 ἡμᾶς
698 4565 712 4579 ·
746 4549 908 4620 τήρει
948 4547 1044 4602 καὶ
1076 4547 1135 4599 ὲν
1164 4547 1279 4609 τοῖς
1317 4542 1497 4606 ἄλλοις
1525 4541 1624 4613 τὴν
1652 4540 1776 4609 ίσην

1868 2004 2006 2060 tales
2051 2019 2152 2076 per
2201 2003 2677 2074 participationem
2722 2000 2837 2071 ejus
2862 2001 2958 2072 qui
2991 2014 3119 2055 vere
3153 2009 3318 2069 atque
3352 2013 3446 2053 re-

1866 2096 1983 2168 ipsa
2005 2096 2181 2152 bonus
2220 2094 2471 2164 etjustus
2498 2096 2624 2165 est),
2662 2109 2768 2150 non
2810 2094 3030 2164 proprie
3074 2093 3286 2163 singula
3330 2093 3447 2148 haec

1867 2202 1987 2259 quae
2033 2188 2269 2243 diximus
2315 2188 2383 2243 de
2432 2187 2543 2242 Deo
2585 2185 2912 2257 praedicari?
2938 2187 3009 2242 At
3051 2186 3099 2240 si
3141 2186 3446 2242 communia

1866 2275 2085 2346 quidem
2139 2273 2297 2330 nobis
2341 2283 2623 2334 suntcum
2669 2274 2764 2329 illo
2791 2275 3033 2341 nomina,
3081 2275 3175 2331 sed
3218 2277 3285 2330 de
3331 2275 3452 2347 ipso

1871 2375 2077 2421 tantum
2113 2380 2242 2421 vere
2269 2367 2566 2422 secundum
2593 2374 2848 2421 naturam
2880 2366 3154 2432 dicuntur,
3186 2365 3321 2421 nihil
3348 2367 3449 2422 im-

1868 2456 2018 2525 pedit
2046 2455 2342 2524 quominus
2377 2453 2546 2511 Filius
2578 2456 2799 2524 proprie
2824 2456 3040 2511 dicatur
3068 2455 3330 2520 Verbum,
3357 2468 3452 2510 ea-

1870 2561 1976 2617 que
2000 2547 2290 2617 appellatio
2320 2548 2619 2603 essentiam
2658 2547 2778 2618 eius
2808 2548 3063 2618 explicet,
3094 2547 3318 2603 tametsi
3343 2547 3451 2602 alia

1867 2654 2084 2711 quoque
2112 2639 2279 2694 multa
2302 2639 2412 2717 sint
2440 2638 2603 2695 verba
2631 2640 2859 2717 abusive
2912 2650 2966 2697 et
2996 2641 3064 2714 ad
3091 2641 3451 2697 imitationem

1869 2732 2015 2788 illius
2048 2733 2194 2803 quod
2230 2716 2359 2788 vere
2394 2732 2467 2787 ita
2503 2716 2912 2788 vocatum-Eam
2940 2733 3086 2789 enim
3128 2734 3198 2789 ob
3227 2749 3450 2791 causam

1866 2822 2041 2881 Filius
2058 2824 2125 2879 de
2141 2825 2324 2895 seipso
2356 2824 2570 2893 inquit:
2597 2842 2616 2877 ι
2644 2824 2754 2896 Ego
2781 2839 2902 2881 sum
2929 2825 3133 2882 veritas
3163 2826 3233 2881 “.
3269 2846 3289 2880 ι
3310 2829 3456 2895 Quo—

1867 2916 2013 2973 circa
2049 2917 2311 2988 quidquid
2359 2918 2427 2975 de
2482 2933 2550 2975 eo
2581 2918 2788 2973 dixeris
2833 2918 3103 2974 divinitati
3147 2919 3455 2991 divinaeque

1868 3007 1988 3078 ejus
2019 3008 2357 3078 generationi
2391 3009 2726 3065 conveniens
2750 3017 2806 3063 et
2831 3023 2952 3078 par,
2980 3008 3201 3080 proprie
3232 3010 3452 3080 quidem

1868 3098 1935 3155 de
1966 3100 2086 3171 ipso
2118 3100 2303 3167 dices;
2340 3101 2406 3156 de
2445 3101 2569 3156 aliis
2596 3114 2728 3155 vero
2785 3115 2893 3155 non
2933 3099 3089 3171 item,
3134 3101 3230 3157 sed
3277 3103 3457 3172 potius

1870 3191 2116 3258 abusive,
2154 3202 2215 3249 ut
2239 3196 2444 3249 dictant
2475 3201 2580 3248 est.

2266 3326 2424 3398 193
2460 3326 2703 3396 Objectia
2755 3324 3032 3385 Eunomii.

1940 3461 2210 3524 Verbum.
2227 3460 2423 3531 inquit,
2444 3460 2649 3516 dictum
2666 3468 2749 3517 est
2772 3460 2825 3515 in
2847 3475 3001 3517 sacra
3026 3457 3329 3532 Scriptura,
3348 3475 3463 3517 non

1872 3554 2001 3626 quia
2035 3568 2100 3609 ex
2134 3553 2298 3610 Patre
2327 3554 2625 3609 secundum
2648 3562 2898 3607 naturam
2919 3554 3169 3617 exsistat,
3199 3563 3293 3608 aut
3318 3553 3461 3623 quod

1870 3649 1943 3704 sit
1972 3648 2329 3704 intrinsecum
2361 3647 2478 3703 sive
2508 3645 2730 3701 insitum
2753 3645 2902 3701 Patri
2936 3647 3183 3714 verbum,
3208 3646 3302 3702 sed
3331 3645 3465 3714 quia

1871 3741 2049 3797 Patris
2075 3740 2303 3795 verbum
2342 3740 2591 3805 audiens,
2622 3738 2675 3793 id
2704 3738 2861 3794 nobis
2892 3740 3174 3794 annuntiat
3202 3757 3216 3793 :
3242 3740 3384 3793 sicut
3408 3747 3466 3793 et

1873 3832 2237 3888 sanctificatio
2266 3831 2445 3887 dictus
2477 3838 2583 3896 est,
2608 3828 2736 3898 quia
2783 3829 3112 3896 sanctificat,
3148 3837 3203 3883 et
3228 3827 3463 3898 justitia,

1870 3924 1998 3997 quia
2016 3925 2305 3993 iustificat.
2828 3922 2834 3929 ‘

2393 4034 2599 4091 Salutio
2631 4034 2959 4105 objectionis.

1947 4171 2203 4244 Si,juxta
2241 4180 2388 4226 tuam
2419 4169 2837 4240 blaSpliemiam,
2859 4167 3095 4224 Verbum
3128 4165 3329 4221 dictum
3357 4173 3463 4230 est,

1876 4280 1983 4321 non
2015 4265 2159 4335 quod
2191 4263 2517 4318 naturaliter
2547 4263 2651 4317 hoc
2672 4262 2745 4317 sit
2772 4276 2839 4318 ex
2874 4260 3036 4315 Patre
3064 4257 3383 4329 procedens,
3409 4265 3466 4313 ct

1879 4356 2155 4432 genitoris.
2172 4356 2255 4411 sui
2293 4355 2589 4410 essentiam
2616 4353 2928 4419 declarans,
2964 4352 3059 4409 sed
3091 4351 3236 4422 quod
3282 4350 3465 4405 Patris

1879 4449 2103 4504 verbum
2134 4448 2385 4512 audiens,
2421 4446 2579 4502 nobis
2611 4445 2662 4501 id
2695 4446 3003 4510 annuntiet,
3033 4445 3260 4501 observa
3302 4442 3467 4498 etiam

1882 4541 1936 4596 in
1967 4540 2090 4596 aliis
2123 4540 2369 4595 eamdem
2404 4539 2668 4594 rationem
2691 4547 2746 4593 et
2763 4538 3229 4608 consequentiam,
3256 4544 3314 4590 ut
3343 4551 3469 4604 gra-

171 4626 520 4708 ἀκολουθίαν,
573 4642 666 4695 ἴνα
690 4638 786 4693 καὶ
822 4637 1087 4709 μειζόνως
1119 4634 1530 4705 ἀσχημονήσῃς.
1564 4632 1628 4686 Et
1665 4631 1766 4702 γὰρ

1881 4631 2003 4686 vius
2063 4634 2412 4701 apertiusque
2454 4631 2760 4699 delinquas.
2807 4626 2944 4682 Nam
2996 4628 3045 4681 si
3099 4627 3332 4681 Verbum
3381 4633 3468 4679 est

171 4741 333 4810 Λόγος
364 4740 533 4792 ἐστὶν
558 4774 579 4802 ,
628 4734 714 4787 ὅτι
759 4731 918 4800 λόγον
969 4728 1227 4799 ἀκήκοεν,
1278 4728 1572 4796 ἀναγκαῖον
1611 4725 1766 4777 είπείι

1887 4726 2014 4797 quia
2046 4726 2272 4781 verbum
2313 4721 2541 4785 audivit,
2582 4719 2948 4775 necessarium
2984 4726 3064 4772 est
3088 4718 3252 4772 etiam
3292 4716 3468 4787 ipsum

174 4831 246 4886 ὅτι
273 4834 370 4886 καὶ
398 4823 745 4894 δικαιοσύνη
789 4823 887 4876 καὶ
922 4821 1199 4891 ἁγιασμὸς
1242 4820 1412 4882 ἐστιν,
1462 4816 1537 4881 ὼς
1570 4816 1781 4870 δικαιο-

180 4921 330 4996 σύνης
376 4922 487 4978 καὶ
546 4913 831 4987 ἁγιασμοῦ
882 4913 1134 4985 μέτοχος,
1183 4911 1278 4965 κοιλ⁵
1320 4910 1382 4963 ού
1431 4908 1575 4964 κατὰ
1620 4907 1784 4979 φύσιν

185 5012 332 5067 ταῦτα
357 5013 672 5082 ὑπάρχων.
702 5005 787 5059 Τὰ
827 5004 884 5059 δὲ
913 5005 991 5075 μὴ
1024 5003 1168 5056 κατὰ
1207 5000 1370 5071 φύσιν
1404 4998 1679 5071 προσόντα
1709 5015 1783 5051 τι-

192 5107 276 5175 σὶν,
300 5108 425 5163 ἀλλ’
463 5101 681 5173 ἔξωθεν
720 5099 1111 5170 ὲπιγεγονότα,
1166 5096 1363 5169 ῥᾳδίως
1395 5093 1783 5164 ἀποσυμϐήσε-

185 5216 277 5256 ται.
316 5201 437 5256 Καί
490 5212 636 5252 ποτε
683 5192 1034 5263 δικαιοσύνης
1072 5190 1168 5245 καὶ
1226 5186 1503 5257 ἁγιασμοῦ
1546 5186 1783 5258 ἔρημος,

178 5289 288 5345 καθ’
322 5292 510 5363 ὑμᾶς,
538 5289 572 5342 ὁ
602 5283 701 5340 τοῦ
727 5281 865 5336 Θεοῦ
898 5281 1074 5349 Λόγος
1110 5281 1380 5349 φανεῖται,
1412 5279 1440 5330 ὁ
1468 5275 1663 5344 λέγων·
1683 5293 1701 5326 ι
1724 5276 1781 5328 Ὀ

179 5381 441 5454 ἑωρακὼς
494 5377 644 5449 ἐμὲ,
690 5373 907 5446 ἑώρακε
968 5372 1061 5426 τὸν
1114 5369 1357 5442 Πατέρα.
1394 5386 1414 5421 ι
1464 5366 1780 5434 Φθανούσης

180 5472 479 5545 τοιγαροῦν
548 5471 649 5523 καὶ⁵
704 5468 786 5532 είς
842 5464 1007 5520 αὐτὸν
1071 5463 1172 5535 ἠδη
1228 5462 1323 5516 τὸν
1393 5460 1615 5532 Πατέρα
1681 5462 1781 5531 τῆς

182 5565 542 5636 δυσφημίας,
580 5557 953 5632 παραιτητέον
989 5553 1098 5609 τῶν
1141 5553 1530 5626 χριστομάχων
1558 5551 1659 5622 τὴν
1684 5569 1781 5606 κα-

188 5654 429 5711 κόνοιαν.
1131 5663 1139 5673 ’

1885 4834 2011 4877 esse
2047 4818 2314 4887 justitiam
2357 4824 2410 4871 et
2466 4811 2955 4868 sanctificationem
2991 4806 3116 4879 quia
3149 4808 3374 4879 justitiae
3412 4818 3472 4864 ct

1885 4908 2336 4967 sanetiiicationis
2360 4913 2446 4962 est
2475 4904 2772 4974 particeps,
2802 4917 2908 4956 non
2935 4909 3115 4955 autem
3152 4897 3471 4953 naturaliter

1883 5003 1936 5058 id
1965 5017 2108 5057 esse.
2144 5000 2275 5066 Quae
2300 5012 2432 5053 vero
2463 5011 2568 5051 non
2602 4994 2920 5050 naturaliter
2944 4990 3106 5053 alicui
3141 4991 3346 5054 insunt,
3374 4989 3469 5043 sed

1881 5092 2219 5149 extrinsecus
2244 5089 2525 5152 accidunt,
2550 5086 2712 5142 facile
2735 5087 2898 5141 etiam
2926 5091 3152 5153 possunt
3186 5096 3292 5136 non
3324 5081 3470 5134 acci-

1880 5183 2029 5238 dere.
2056 5180 2320 5252 Atqueita
2355 5179 2668 5249 aliquando,
2689 5176 2848 5248 juxta
2872 5186 3109 5231 vestram
3131 5173 3467 5243 opinionem,

1878 5274 2089 5346 justitia
2111 5280 2167 5329 et
2190 5270 2620 5327 sanctificatione
2668 5283 2903 5325 vacuum
2938 5267 3045 5322 erit
3072 5265 3162 5319 Dei
3197 5262 3462 5329 Verbum,

1882 5366 2029 5436 ‘quod
2054 5365 2120 5420 de
2143 5380 2202 5420 se
2223 5363 2386 5419 dicit:
2413 5380 2433 5414 ι
2461 5360 2560 5427 Qui
2588 5360 2721 5415 vidit
2748 5374 2855 5423 me,
2879 5358 3082 5413 viditet
3110 5355 3327 5411 Patrem
3351 5353 3415 5410 δ’.
3447 5374 3467 5408 ι

1885 5455 2021 5511 Cum
2057 5454 2220 5526 igitur
2244 5453 2313 5509 ad
2342 5451 2563 5508 Patrem
2593 5451 2769 5521 ipsum
2794 5450 2912 5505 haec
2940 5448 3271 5519 blasphemia
3299 5447 3476 5518 perti-

1886 5556 2034 5613 neat,
2068 5545 2383 5600 detestanda
2424 5542 2618 5600 merito
2648 5547 2734 5599 est
2776 5540 2895 5597 hazc
2948 5539 3202 5596 immanis
3236 5538 3474 5596 hostium

1884 5638 2085 5696 Christi
2106 5638 2455 5710 perversitas.

225 5831 272 5864 "
301 5831 456 5888 Psal.
496 5846 681 5899 um,
716 5829 782 5898 6;
812 5826 971 5882 Joan.
1004 5840 1059 5894 ι,
1091 5825 1181 5880 54.
1259 5824 1305 5856 ⁴⁶
1334 5821 1490 5877 Joan.
1523 5838 1629 5889 xw,
1662 5822 1716 5879 6.
1746 5882 1759 5887 ,

1878 5817 2020 5874 loan.
2055 5833 2162 5881 xw,
2195 5819 2248 5874 9.
