3996 6412
535 375 635 432 327

1209 486 1436 541 ALIUD.

601 606 679 661 Ne
708 605 884 660 sacris
921 602 1220 672 Scripturis
1272 600 1442 669 legem
1494 599 1762 667 imponas,
1801 595 2056 650 lueretice
2099 612 2111 646 :

531 714 687 752 nemo
722 712 851 752 vero
886 697 955 749 ita
1003 701 1195 749 emota:
1228 691 1427 745 mentis
1465 689 1591 753 erit,
1625 697 1686 742 ut
1725 703 1845 742 cum
1884 685 2117 756 Spiritus

530 798 752 843 sanctus
805 786 906 840 alia
956 781 1210 854 praedicet
1256 779 1322 835 de
1373 778 1545 844 Filio,
1602 777 1710 832 tuis
1765 775 2117 840 cavillatoriis

527 876 958 948 expositionibus
980 872 1160 943 potius
1190 885 1350 940 quam
1384 867 1458 922 illi
1493 868 1649 922 ﬁdem
1679 865 1949 920 adhibeat.
1987 863 2112 932 Spi-

528 971 666 1023 ritus
716 968 882 1038 igitur
925 973 1146 1020 sanctus
1186 961 1418 1032 appellat
1465 959 1662 1014 Filium
1716 956 1946 1012 Verbum
1996 974 2008 1009 :
2059 965 2111 1008 tu

524 1073 658 1116 vero
692 1074 796 1113 non
840 1057 1096 1121 Verbum,
1131 1055 1225 1108 sed
1251 1051 1413 1106 Verbi
1447 1049 1765 1120 participem
1798 1062 1920 1102 eum
1956 1046 2109 1100 facis.

523 1151 658 1206 Nam
707 1151 750 1205 si
798 1149 1001 1204 idcirco
1030 1147 1204 1219 ipsum
1240 1143 1376 1199 dicis
1408 1151 1658 1196 vocatum
1695 1139 1954 1205 Verbum,
1985 1138 2110 1206 quia

523 1245 574 1298 id
609 1244 750 1314 quod
807 1242 957 1296 audit
997 1255 1026 1294 a
1075 1239 1257 1304 Patre,
1303 1235 1458 1290 nobis
1505 1233 1811 1297 annuntiat,
1844 1230 2112 1300 quomodo

522 1352 627 1390 non
653 1335 891 1388 delirare
919 1329 1234 1386 censearis?
1261 1327 1360 1394 Qui
1394 1326 1539 1379 enim
1570 1325 1689 1379 talis
1723 1331 1824 1388 est,
1861 1337 1964 1376 non
1992 1335 2109 1373 am-

519 1427 660 1496 plius
694 1424 954 1489 Verbum,
985 1423 1079 1478 sed
1118 1420 1274 1475 Verbi
1301 1418 1571 1489 particeps
1606 1427 1687 1470 est
1715 1433 1727 1468 :
1770 1429 1940 1482 neque
1963 1413 2108 1467 enim

524 1519 666 1572 idem
699 1531 793 1586 per
822 1531 882 1569 se
908 1514 1070 1568 fuerit
1096 1513 1366 1582 particeps
1395 1517 1447 1564 et
1479 1509 1879 1577 participatum.
1917 1505 2111 1559 Exem-

519 1610 592 1678 pli
645 1609 843 1678 gratia,
901 1607 1048 1660 aliud
1099 1616 1182 1660 est
1225 1603 1512 1672 sapientia,
1565 1599 1710 1654 aliud
1753 1599 1971 1667 sapiens
2017 1597 2109 1665 qui

519 1700 800 1772 sapientia:
847 1700 1120 1769 particeps
1169 1705 1282 1761 est;
1340 1695 1487 1748 aliud
1543 1692 1922 1764 grammatica,
1963 1689 2108 1746 aliud

519 1791 911 1860 grammaticus
943 1805 958 1843 :
1009 1789 1240 1844 alterum
1276 1789 1420 1842 enim
1454 1794 1538 1841 est
1571 1799 1656 1838 res
1694 1785 1831 1852 ipsa,
1877 1783 2107 1838 alterum

517 1884 609 1953 qui
650 1883 726 1938 rei
769 1883 911 1936 illius
945 1880 1223 1951 particeps
1259 1887 1364 1934 est.
1399 1875 1776 1932 Necessarium
1812 1873 1975 1943 igitur
2005 1881 2107 1939 est,

514 1985 609 2028 aut
638 1973 873 2028 Verbum
921 1987 1050 2027 esse
1095 1971 1280 2034 fateri,
1313 1980 1368 2024 et
1415 1985 1520 2023 non
1559 1967 1718 2022 Vetbi
1746 1966 2061 2036 participem
2095 1984 2107 2020 :

517 2075 612 2119 aut
638 2067 682 2120 si
713 2065 987 2140 particeps
1013 2075 1096 2120 est
1131 2063 1318 2128 Verbi,
1350 2077 1456 2116 non
1489 2061 1593 2129 iam
1629 2058 1862 2114 Verbum
1893 2071 2107 2112 vocare.

515 2156 649 2211 Nam
680 2167 972 2224 utrumque
1017 2154 1181 2210 simul
1224 2162 1470 2222 respectu
1515 2151 1598 2206 sui
1645 2151 1818 2218 ipsius
1845 2163 1966 2203 esse
2002 2163 2107 2201 non

516 2258 714 2319 potest.
774 2248 1046 2316 Planeque
1103 2260 1324 2300 necesse
1385 2254 1488 2306 est,
1549 2252 1605 2297 ut
1651 2241 1820 2297 Filius
1877 2241 2106 2294 alterum

515 2343 708 2396 horum
743 2340 814 2394 sit
861 2357 876 2393 :
907 2347 1202 2406 utrumque
1233 2351 1362 2392 vero
1403 2349 1766 2403 nequaquam.
1813 2331 1948 2387 Cum
1981 2344 2108 2385 vero

512 2433 698 2488 divina
743 2429 1027 2498 Scriptura
1065 2429 1238 2499 ipsum
1291 2425 1524 2498 appellet
1574 2424 1843 2489 Verbum,
1890 2421 2105 2477 valeant

521 2523 598 2577 illi
643 2523 731 2590 qui
772 2521 946 2591 ipsum
993 2535 1099 2574 non
1141 2517 1404 2581 Verbum,
1439 2516 1531 2571 sed
1583 2515 1739 2569 Verbi
1788 2516 2104 2584 participem

511 2630 638 2671 esse
673 2615 882 2670 volunt.

871 2737 1456 2842 ASSEBTIO
1527 2738 1742 2826 XX.

517 2891 677 2964 1%
719 2890 971 2964 Ittjllttd
997 2906 1023 2964 :_
1057 2907 1076 2942 ι
1104 2887 1367 2964 Sustinuit
1401 2900 1610 2964 eruperit
1641 2883 1934 2964 ignominia
1979 2899 2104 2964 con-

582 2952 772 3031 ῗεῆριη
803 2961 872 3025 ⁸⁸,
920 2961 1114 3031 idcirco
1142 2969 1188 3013 et
1215 2957 1358 3011 Deus
1384 2954 1631 3014 exultavit
1667 2954 1837 3031 illum,
1881 2964 1926 3005 et
1957 2952 2100 3006 dedit

582 3034 632 3087 ei
663 3021 872 3096 nomen,
905 3030 1043 3101 quod
1071 3038 1146 3083 est
1171 3043 1327 3096 super
1356 3041 1506 3080 omne
1529 3039 1713 3079 nomen
1744 3021 1808 3074 ⁸³.
1846 3041 1862 3072 ι

973 3142 1206 3212 Objectio
1253 3139 1636 3194 haereticorum.

582 3256 858 3326 Scriptum
893 3263 997 3322 est,
1035 3253 1292 3322 inquiunt
1323 3270 1334 3304 :
1377 3269 1395 3302 ι
1425 3250 1669 3319 Cogitate
1697 3249 1800 3303 hoc
1828 3246 2020 3318 singuli
2047 3246 2098 3301 in

509 3345 685 3410 vobis,
717 3344 932 3410 fratres,
952 3341 1094 3411 quod
1112 3350 1166 3396 et
1196 3341 1250 3395 in
1281 3338 1502 3395 Christo
1521 3338 1667 3404 Jesn,
1691 3337 1781 3406 qui
1807 3353 1926 3390 cum
1957 3345 2100 3392 esset

513 3435 568 3490 in
604 3434 776 3488 forma
814 3433 930 3496 Dei,
970 3447 1075 3486 non
1119 3431 1362 3499 rapinam
1409 3430 1712 3484 atbitratus
1756 3438 1840 3483 est
1877 3443 1935 3482 se
1977 3443 2099 3484 esse

511 3525 772 3596 aequalem
803 3523 949 3588 Deo;
989 3541 1005 3574 ι
1041 3536 1212 3590 usque
1241 3536 1306 3582 eo
1333 3536 1347 3573 :
1385 3540 1402 3571 ι
1434 3519 1558 3575 Ideo
1585 3529 1641 3575 et
1676 3521 1815 3578 Deus
1842 3518 2102 3576 exaltavit

511 3617 688 3680 illum,
717 3626 770 3670 et
799 3615 946 3670 dedit
987 3615 1036 3668 ei
1083 3627 1281 3668 nomen
1320 3611 1464 3680 quod
1497 3621 1581 3666 est
1615 3627 1774 3680 super
1812 3625 1972 3666 omne
2001 3625 2100 3666 nos

513 3727 637 3767 men
655 3711 724 3763 ⁸ο.
747 3727 765 3762 ι
792 3709 848 3764 Si
877 3723 1007 3778 ergo
1030 3706 1300 3764 exaltatus
1322 3713 1409 3761 est
1437 3720 1467 3759 a
1500 3703 1632 3770 Deo,
1661 3712 1714 3760 et
1741 3701 2098 3774 gloriﬁcatus,

510 3817 578 3856 ac
606 3799 766 3855 veluti
823 3814 919 3869 per
961 3798 1192 3868 gratiam
1241 3796 1448 3864 accepit
1480 3809 1672 3850 nomen
1723 3809 1888 3864 super
1931 3807 2098 3848 omne

510 3906 734 3955 nomen,
766 3890 890 3958 quia
937 3889 1242 3944 humiliavit
1267 3889 1502 3956 seipsum
1526 3901 1696 3954 usque
1732 3886 1798 3940 ad
1833 3894 2094 3940 mortem:

508 3997 639 4052 ergo
672 3982 932 4035 honorem
961 3979 1102 4033 hunc
1121 3988 1175 4034 et
1199 3994 1392 4034 nomen
1411 3991 1572 4048 super
1587 3976 1768 4032 omnia
1793 3974 2097 4030 mercedem

510 4085 624 4129 sua!
654 4073 980 4127 humilitatis
1008 4071 1238 4140 accepit,
1274 4086 1379 4125 non
1417 4080 1612 4124 natura
1655 4069 1928 4122 exsistens
1958 4067 2100 4121 Deus

507 4173 603 4218 aut
634 4162 823 4229 Filius,
869 4163 964 4218 sed
1011 4162 1327 4218 accessione
1356 4161 1593 4232 quadam
1642 4160 1694 4214 id
1739 4157 1985 4214 effectus.
2042 4157 2097 4212 Id

507 4270 642 4313 vero
667 4257 812 4325 quod
840 4253 1144 4324 adiectione
1175 4254 1356 4324 aliqua
1388 4262 1529 4321 eget,
1574 4249 1950 4319 imperfectum
1991 4257 2096 4316 est,

510 4360 689 4416 neque
719 4346 772 4399 in
806 4359 904 4400 sua
935 4353 1129 4400 natura
1162 4346 1466 4401 absolutum
1497 4352 1664 4413 atque
1701 4343 2010 4413 integrum;
2043 4353 2098 4398 et

511 4437 656 4508 quod
684 4437 982 4490 exaltatum
1019 4437 1311 4504 aliquando
1346 4435 1465 4501 fuit,
1496 4448 1718 4488 necesse
1745 4445 1829 4488 est
1855 4449 1920 4489 ex
1953 4435 2092 4490 infe-

1565 367 1622 420 Β.
1669 362 1944 420 CVRILLI
1983 358 2448 414 ALEXANDRINI
2494 359 2807 414 ARCllIEP.

3693 364 3801 419 328

2897 480 2983 531 AA
2994 480 3100 532 ΛΟ.

2288 595 2401 647 Οὐκ
2428 594 2929 664 ἐπινομοθετήσεις,
2979 585 3024 646 ὦ
3071 592 3430 662 χριστομάχε,
3467 593 3582 656 ταῖς
3623 591 3798 656 θείαις

2221 687 2465 758 Γραφαῖς
2486 703 2500 717 ·
2550 685 2657 739 οὐδ’
2689 686 2754 740 ἂν
2781 685 2992 754 γένοιτό
3030 701 3114 748 τις
3147 683 3366 756 ἔκφρων
3404 683 3684 748 τοσοῦτον,
3724 685 3798 748 ὼς

2217 779 2381 850 ἕτερα
2415 779 2666 846 λέγοντος
2694 778 2787 831 τοῦ
2819 777 2965 831 θείου
3003 776 3318 848 Πνεῦματος
3349 776 3477 847 περὶ
3510 775 3606 828 τοῦ
3640 776 3798 839 Υίοῦ,

2215 872 2328 933 τοῖς
2363 872 2470 934 σοῖς
2515 868 2798 922 πείθεσθαι
2825 869 2998 932 νόθοις
3023 869 3322 939 σοφίσμασι
3349 867 3570 938 μᾶλλον,
3591 869 3690 920 καὶ
3722 867 3798 940 μὴ

2215 961 2409 1032 ἐκείνῳ
2455 961 2770 1031 προσέχειν.
2833 961 3006 1028 Λόγον
3052 959 3342 1030 τοιγαροῦν
3396 959 3652 1029 ὀνομάζει
3703 961 3796 1013 τὸν

2215 1051 2346 1104 Υίδν
2377 1049 2437 1103 τὸ
2467 1051 2693 1121 Πνεῦμα
2717 1051 2778 1104 τὸ
2803 1051 2957 1119 ἅγιον
2977 1065 2991 1080 ⁶
3035 1049 3196 1113 αὐτὸς
3227 1051 3282 1103 δὲ
3317 1051 3376 1102 οὐ
3403 1051 3575 1118 Λόγον
3606 1051 3794 1120 εἰσφέ-

2215 1159 2352 1212 ρεις,
2381 1141 2518 1194 ἀλλὰ
2556 1143 2732 1210 Λόγου
2769 1143 3013 1212 μέτοχον.
3045 1143 3108 1194 Ei
3137 1141 3247 1210 γὰρ
3279 1141 3367 1195 διὰ
3391 1141 3551 1194 τοῦτο
3595 1142 3799 1210 κεκλῆ-

2215 1233 2337 1286 σθαι
2388 1233 2492 1302 φὴς
2542 1233 2704 1285 αὐτὸν
2752 1233 2946 1301 Λόγον,
3002 1233 3301 1304 ἐπειδήπερ
3349 1233 3510 1299 λόγον
3552 1233 3797 1294 ἀκούσας

2213 1320 2364 1392 παρὰ
2396 1320 2489 1374 τοῦ
2522 1322 2755 1393 Πατρὸς,
2791 1324 2978 1375 τοῦτον
3021 1325 3100 1386 εἰς
3129 1316 3279 1394 ἡμᾶς
3320 1323 3628 1394 ἐξήγγειλε,
3675 1323 3795 1386 πῶς

2211 1414 2312 1482 οὐχ
2338 1413 2614 1485 εὑρεθήσῃ
2645 1413 2708 1482 λη
2718 1413 2825 1484 ρῶν
2847 1415 2940 1480 ;⁹υ
2960 1415 3069 1486 γάρ
3100 1415 3344 1478 τοιοῦτος
3392 1415 3578 1469 οὐκέτι
3619 1415 3796 1482 Λόγος

2211 1508 2382 1570 ἐστὶν,
2431 1506 2570 1559 ἀλλὰ
2611 1507 2786 1575 Λόγου
2838 1507 3090 1577 μέτοχος·
3133 1507 3193 1559 οὐ
3235 1505 3344 1578 γὰρ
3379 1506 3444 1561 ἂν
3477 1507 3564 1577 εἴη
3595 1503 3797 1559 ταυτὸν

2209 1598 2288 1661 ὡς
2319 1599 2454 1670 πρὸς
2488 1598 2646 1652 ἑαυτὸ
2678 1598 2740 1651 τὸ
2793 1599 3016 1670 μέτοχόν
3063 1616 3208 1662 τινος
3259 1600 3356 1654 καὶ
3409 1599 3793 1670 μετεχόμενον.

2212 1689 2337 1746 Οἷον
2386 1693 2518 1765 φέρε
2551 1695 2747 1760 εἰπεῖν,
2795 1693 2828 1763 ή
2865 1692 3027 1762 σοφία
3064 1694 3200 1763 πρὸς
3229 1693 3320 1746 τὸν
3351 1692 3512 1761 σοφὸν
3541 1692 3634 1744 τὸν
3667 1708 3796 1760 μετ-

2211 1783 2404 1854 έχοντα
2447 1783 2616 1853 αὐτῆς
2641 1825 2655 1846 ,
2691 1783 2810 1836 οὐδὲ
2839 1785 2872 1854 ἡ
2911 1783 3274 1855 γραμματικὴ
3310 1782 3448 1853 πρὸς
3485 1780 3578 1835 τὸν
3607 1798 3797 1851 γραμ-

2218 1875 2445 1945 ματικὸν
2477 1875 2567 1928 τὸν
2593 1874 2890 1945 μετέχοντα
2916 1874 3240 1944 αὑτῆς.Ἒτε
3252 1891 3340 1944 ρον
3359 1874 3465 1944 γάρ
3490 1891 3541 1925 τι
3564 1875 3802 1942 πρᾶγμα

2215 1967 2307 2020 καὶ
2335 1966 2522 2038 ἕτερόν
2554 1967 2720 2020 ἐστιν.
2763 1965 3000 2036 Ἀνάγκη
3029 1965 3208 2018 τοίνυν
3237 1965 3270 2036 ἢ
3303 1965 3474 2032 Λόγον
3509 1963 3799 2034 ὁμολογεῖν

2212 2058 2307 2111 καὶ
2335 2058 2395 2110 οὐ
2424 2057 2597 2126 Λόγου
2641 2057 2864 2130 μέτοχον
2886 2074 2897 2086 ·
2933 2056 2966 2129 ἢ
3001 2059 3049 2112 εί
3089 2058 3308 2129 μετέχει
3341 2057 3515 2125 Λόγου
3536 2097 3552 2123 ,
3592 2055 3799 2126 μηκέτι

2212 2150 2384 2218 Λόγον
2428 2148 2736 2219 ὀνομάζειν.
2793 2149 3032 2219 Ἀναιρεῖ
3071 2148 3181 2220 γὰρ
3227 2147 3384 2201 τοῦτο
3429 2149 3626 2200 ἐκεῖνο.
3687 2147 3800 2199 Καὶ

2209 2240 2401 2308 ἐκείνῳ
2431 2239 2590 2294 τοῦτο
2625 2240 2879 2311 μάχεται,
2933 2239 3024 2292 καί
3051 2239 3130 2290 δεῖ
3159 2238 3376 2300 πάντως
3409 2238 3465 2289 ἓν
3492 2254 3544 2288 τι
3577 2237 3692 2288 τῶν
3723 2238 3796 2287 εἱ-

2217 2332 2466 2403 ρημένων
2511 2332 2778 2402 ὑπάρχειν
2805 2330 2897 2383 τὸν
2927 2329 3054 2383 Υίόν
3078 2345 3090 2360 ⁸
3119 2329 3404 2400 ἀμφότερα
3433 2328 3489 2380 δὲ
3515 2328 3781 2398 οὐδαμῶς.

2211 2423 2384 2488 Λόγον
2413 2423 2469 2474 δὲ
2501 2421 2664 2475 αὑτὸν
2693 2420 3068 2493 όνομαζούσης
3098 2422 3196 2490 τῆς
3231 2419 3380 2483 θείας
3415 2420 3666 2491 Γραφῆς,
3701 2421 3788 2489 sf:-

2209 2511 2416 2582 ρὦθαι
2441 2511 2742 2583 φράσωμεν
2767 2511 2992 2576 εἰκότως
3019 2513 3130 2575 τοῖς
3161 2512 3507 2583 εἰσφέρουσιν
3541 2512 3710 2566 αὐτὸν
3734 2511 3795 2562 οὐ

2207 2605 2402 2674 Λόγον,
2435 2604 2574 2658 ἀλλὰ
2598 2605 2770 2676 Λόγου
2800 2605 3049 2676 μέτοχον.

2717 2729 3084 2815 ΛΟΓΟΣ
3159 2727 3281 2814 K'.

2206 2885 2310 2946 Εἰς
2339 2884 2428 2957 τὸ,
2462 2902 2479 2936 ι
2525 2884 2820 2957 ’Υπέμεινε
2851 2888 3117 2957 σταυρὸν
3153 2889 3452 2956 αἰσχύνης
3493 2901 3798 2957 καταφροῗ

2276 2953 2506 3024 νήσας,
2549 2953 2782 3010 διάκίά
2817 2960 2849 3011 ό
2883 2953 3024 3024 Θεέξ-
3053 2959 3238 3012 αὑτὸν
3263 2953 3656 3024 ὖπερύψωσε,
3692 2953 3798 3007 καὶ

2275 3023 2597 3092 ἐχαρίσατο
2619 3027 2779 3092 αὐτῷ
2804 3027 2871 3080 τὸ
2900 3023 3086 3097 ὄνομα
3118 3029 3180 3082 τὸ
3209 3028 3362 3096 ὑπὲρ
3384 3023 3520 3080 ίπᾶν
3540 3025 3756 3094 ὄνομα.
3773 3043 3793 3076 ι

2446 3137 2766 3206 Ἄντίθεσις
2795 3141 2875 3206 ὡς
2895 3141 2962 3195 ἐκ
2995 3140 3113 3196 τῶν
3137 3142 3211 3196 δι’
3248 3141 3548 3207 ἐναντίας.

2281 3248 2614 3320 Γέγραπται,
2669 3251 2862 3318 φασίν⁶
2902 3252 3202 3306 ιἜκαστοι
3236 3251 3394 3305 τοῦτο
3443 3250 3693 3320 φρονεῖτε
3735 3247 3800 3301 ὲν

2209 3339 2358 3409 ὑμῖν,
2399 3341 2428 3393 ὃ
2463 3342 2556 3395 καὶ
2599 3345 2657 3397 ὲν
2689 3345 2910 3417 Χριστῷ
2969 3344 3176 3414 Ἰησοῦ,
3223 3344 3281 3408 ὃς
3321 3345 3380 3397 ὲν
3434 3344 3617 3413 μορφῇ
3653 3339 3799 3394 Θεοῦ

2207 3431 2491 3504 ὑπάρχων,
2519 3435 2616 3504 οὐχ
2647 3436 2940 3508 ἁρπαγμὸν
2973 3437 3218 3508 ἡγήσατο
3237 3436 3298 3489 τὸ
3326 3433 3464 3488 εἶναι
3493 3436 3584 3487 τσα
3609 3432 3792 3502 Θεῷοι

2206 3523 2310 3588 ἕως
2363 3524 2479 3591 τοῦ,
2537 3544 2557 3578 ι
2587 3528 2678 3580 Διὸ
2711 3529 2806 3582 καὶ
2849 3530 2878 3580 ὁ
2919 3529 3050 3592 Θεὸς
3083 3529 3245 3600 αὐτὸν
3281 3525 3611 3598 ὑπερύψωσε
3634 3563 3650 3589 ,
3697 3526 3799 3577 καὶ

2205 3615 2498 3686 ἐχαρίσατο
2553 3619 2702 3690 αὐτῷ
2752 3619 2924 3691 ὄνομα
2975 3620 3038 3672 τὸ
3083 3620 3223 3691 ὑπὲρ
3275 3621 3382 3673 πᾶν
3425 3618 3620 3690 ὄνομα.
3662 3636 3680 3668 ι
3730 3617 3794 3669 ΕΞ

2204 3709 2384 3764 τοίνυν
2411 3709 2600 3782 ὑψώθη
2633 3712 2786 3783 παρὰ
2806 3712 2900 3766 τοῦ
2927 3711 3086 3774 Θεοῦ,
3121 3713 3215 3766 καὶ
3246 3709 3506 3780 ἐδοξάσθη
3531 3751 3546 3775 ,
3581 3711 3680 3763 καὶ

2207 3802 2265 3854 ἐν
2316 3801 2656 3872 χαρίσματος
2696 3804 2853 3874 μέρει
2899 3803 3025 3875 ἔσχε
3075 3804 3136 3856 τὸ
3181 3804 3351 3874 ὄνομα
3388 3801 3448 3855 τὸ
3489 3799 3636 3872 ὑπὲρ
3675 3800 3776 3852 πᾶν

2205 3891 2396 3962 ὄνομα,
2444 3893 2526 3946 ὅτι
2571 3895 2936 3948 ἐταπείνωσεν
2967 3895 3162 3948 ἑαυτὸν
3199 3895 3359 3966 μέχρι
3389 3892 3624 3946 θανάτου
3647 3931 3662 3955 ,
3701 3910 3787 3961 μισ-

2206 3982 2330 4036 σθὸν
2357 3982 2470 4053 ἔχει
2504 3983 2604 4053 τῆς
2630 3984 3011 4048 ταπεινώσεως
3052 3985 3150 4054 τὴν
3189 3985 3353 4055 τιμὴν
3392 3984 3486 4037 καὶ
3521 3983 3584 4035 τὸ
3611 3982 3792 4051 ὄνομα

2203 4073 2263 4126 τὸ
2309 4074 2451 4145 ὑπὲρ
2493 4076 2705 4129 πάντα’
2746 4076 2806 4129 οὐ
2837 4075 2997 4143 φύσει
3045 4075 3178 4139 Θεὸς
3206 4075 3282 4128 ὢν
3319 4076 3352 4146 ἢ
3395 4073 3543 4137 Υἱὸς,
3573 4073 3692 4127 ἀλλ’
3723 4074 3793 4124 ἐκ

2203 4163 2525 4234 προσθήκης
2553 4165 2726 4219 ταῦτα
2759 4167 3073 4237 γενόμενος.
3121 4166 3193 4219 Τὸ
3227 4167 3283 4219 δὲ
3319 4165 3636 4238 προσθήκης
3666 4164 3790 4217 δεό-

2205 4271 2386 4324 μενον,
2421 4255 2610 4318 ἀτελὲς
2639 4255 2706 4308 ἂν
2739 4256 2824 4326 εἴη
2874 4259 2968 4310 καὶ
3012 4256 3228 4320 ἐλλιπὲς
3275 4257 3400 4310 ὅσον
3439 4259 3518 4318 είς
3568 4257 3675 4325 τὴν
3704 4257 3794 4308 οἱ-

2201 4346 2356 4402 κείαν
2379 4347 2558 4416 φύσιν.
2586 4350 2697 4402 Καὶ
2717 4351 2777 4402 τὸ
2807 4350 3110 4421 ὑψούμενόν
3141 4367 3266 4414 που,
3288 4349 3534 4404 κάτωθεν
3563 4349 3795 4420 ἀνάγκη

2199 4437 2339 4508 πρὸς
2371 4437 2529 4490 τοῦτο
2563 4438 2889 4508 ἐπαίρεσθαι
2911 4456 2922 4468 ·
2957 4440 3052 4492 καὶ
3073 4439 3135 4492 τὸ
3165 4440 3324 4511 χάριν
3353 4439 3640 4509 δεχόμενον
3675 4439 3802 4493 δεῖ-

509 4529 656 4582 riore
683 4537 825 4582 statu
856 4541 922 4581 eo
947 4527 1220 4584 sublatum
1249 4540 1368 4582 esse
1401 4543 1415 4580 :
1448 4535 1504 4580 et
1527 4525 1671 4594 quod
1695 4525 1923 4594 gratiam
1952 4527 2098 4581 acci-

2215 4527 2329 4580 σθαι
2357 4527 2462 4599 χρὴ
2494 4529 2713 4592 πάντως
2745 4523 2806 4583 οῦ
2845 4531 3091 4601 δέχεται·
3144 4533 3238 4586 καὶ
3288 4531 3349 4584 τὸ
3389 4529 3655 4600 τιμᾶσθαι
3689 4529 3803 4599 ζη-

508 4621 612 4690 pit,
656 4634 718 4674 ea
773 4621 995 4672 omnino
1044 4619 1286 4688 indigeat
1335 4634 1350 4672 :
1395 4626 1450 4670 ει
1473 4618 1574 4685 .qui
1625 4617 1880 4671 honorari
1929 4618 2097 4686 cupit,

510 4720 723 4780 Oportet
760 4719 820 4764 ut
866 4711 992 4764 talis
1037 4725 1143 4763 non
1180 4708 1362 4773 luerit,
1411 4708 1585 4776 qualis
1612 4722 1731 4762 esse
1756 4708 1996 4777 optabat.
2041 4707 2098 4761 Si

510 4817 643 4870 ergo
673 4803 855 4856 datum
892 4799 976 4856 est
1005 4801 1080 4855 illi
1111 4814 1306 4854 nomen
1336 4813 1499 4868 super
1521 4813 1682 4852 omne
1708 4812 1923 4863 nomen,
1951 4807 2100 4853 certe

509 4909 576 4948 ex
610 4901 800 4947 natura
827 4907 924 4944 sua
958 4893 1058 4944 hoc
1094 4907 1198 4945 non
1225 4899 1364 4954 erat,
1411 4891 1504 4944 sed
1537 4889 1819 4958 postmodo
1845 4903 1941 4957 per
1973 4903 2098 4958 gra-

513 4987 642 5039 tiam
673 4985 776 5038 hoc
813 4982 986 5036 factus
1019 4991 1122 5036 est.
1166 4982 1320 5047 Quod
1364 4995 1490 5035 vero
1526 4981 1597 5034 ita
1641 4995 1700 5036 se
1736 4980 1916 5044 habet,
1949 4979 2093 5035 Deus

511 5091 632 5131 esse
667 5090 772 5129 non
813 5082 1028 5142 potest:
1065 5088 1256 5127 recens
1281 5073 1426 5126 enim
1457 5079 1562 5128 est.
1999 5083 2012 5089 ‘

823 5183 1001 5237 Brm‘s
1032 5181 1186 5250 hujus
1227 5182 1535 5262 objectionis
1569 5183 1779 5236 solutio.

581 5295 897 5362 Qualisnam
941 5308 1066 5347 vero
1101 5295 1340 5349 accessio
1382 5295 1604 5350 honoris
1643 5295 1696 5350 in
1727 5309 1792 5351 eo
1833 5295 1974 5352 facta
2009 5305 2092 5351 est

511 5389 603 5456 qui
636 5400 756 5438 cum
782 5395 924 5438 esset
958 5385 1010 5436 in
1044 5384 1215 5437 l'orma
1260 5387 1371 5451 Dei,
1417 5388 1557 5440 servi
1596 5387 1822 5442 formam
1875 5388 2090 5442 induit?

512 5481 582 5532 At
612 5479 884 5546 quomodo
915 5492 1017 5530 non
1039 5479 1218 5546 potius
1241 5479 1544 5533 imminutio
1573 5480 1795 5535 dicenda
1824 5489 1928 5545 est,
1965 5496 2087 5536 cum

514 5567 702 5621 relicto
757 5566 978 5635 majore,
1035 5567 1086 5621 id
1141 5570 1281 5638 quod
1331 5570 1510 5624 minus
1565 5580 1648 5624 est
1696 5571 2088 5640 assumpserit?

585 5740 628 5771 ⁸⁸
660 5738 824 5795 Hebr.
857 5755 953 5812 xu,
979 5743 1035 5800 2.
1111 5743 1155 5776 ⁸⁹
1189 5743 1418 5816 Philipp.
1452 5760 1511 5808 tt,
1551 5743 1604 5798 9.
1682 5743 1726 5775 ⁵ο
1753 5742 1882 5798 Ibid.
1917 5744 2030 5799 5-9.

2203 4619 2347 4684 τοῦν,
2373 4611 2639 4676 οὐκέῐναι
2678 4621 2918 4677 τοιοῦτον
2946 4625 3159 4694 ἀνάγκη
3189 4623 3387 4690 λέγειν,
3414 4623 3550 4692 ὅπερ
3580 4620 3642 4691 δὴ
3688 4623 3800 4675 καὶ

2201 4709 2454 4776 γενέσθαι
2502 4712 2769 4781 βούλεται.
2808 4713 2870 4764 Εἰ
2897 4709 2989 4765 οὖν
3024 4713 3288 4785 ἐχαρίσθη
3319 4711 3468 4782 αὐτῷ
3511 4711 3572 4763 τὸ
3610 4711 3798 4780 ὄνομα.

2204 4801 2264 4852 τὸ
2292 4801 2431 4871 ὑπὲρ
2461 4804 2569 4855 πᾶν
2597 4803 2792 4874 ὄνομα,
2832 4802 2992 4873 φύσει
3022 4803 3122 4874 μὲν
3151 4803 3310 4857 τοῦτο
3335 4803 3434 4856 οὐκ
3462 4798 3550 4874 ἦν,
3585 4801 3796 4870 γέγονε

2201 4891 2258 4944 δὲ
2293 4892 2522 4963 ὕστερον
2551 4895 2692 4948 κατά
2741 4894 2902 4965 χάριν
2929 4912 2942 4926 ’
2978 4896 3040 4946 τὸ
3081 4895 3137 4947 δὲ
3176 4893 3349 4958 οὕτως
3381 4893 3526 4964 ἔχον,
3567 4893 3668 4947 οὐκ
3721 4893 3802 4947 ἂν

2200 4983 2286 5054 εἴη
2315 4984 2444 5047 Θεὸς
2463 5023 2477 5046 ,
2506 4985 2819 5054 πρόσφατον
2852 4987 2979 5056 γάρ.

2308 5186 2462 5255 Πρὸς
2503 5188 2688 5242 ταῦτα
2717 5189 2901 5254 λύσις
2937 5187 3159 5258 ἐφεξῆς
3191 5188 3270 5253 ὡς
3297 5187 3366 5240 ἑν
3398 5184 3672 5256 ἐπιτομῇ.

2269 5300 2380 5352 Καὶ
2412 5301 2538 5354 ποία
2564 5301 2753 5372 γέγονε
2781 5301 3070 5373 προσθήκη
3096 5301 3259 5372 τιμῆς
3293 5299 3370 5369 τῷ
3393 5300 3449 5350 ὲν
3471 5300 3656 5369 μορφῇ
3683 5300 3802 5369 μὲν

2199 5389 2498 5460 ὑπάρχοντι
2525 5391 2681 5454 Θεοῦ,
2711 5391 3058 5461 ἐνδυσαμένῳ
3083 5390 3139 5442 δὲ
3172 5391 3271 5460 τὴν
3299 5389 3393 5441 τοῦ
3427 5387 3619 5440 δούλου
3649 5405 3798 5457 μορ-

2197 5481 2337 5550 (ρήνς
2369 5481 2492 5544 Πῶς
2519 5482 2576 5534 δὲ
2603 5483 2802 5552 μᾶλλον
2831 5483 2930 5534 οὐκ
2953 5481 3295 5552 ήλαττῶσθαι
3325 5479 3525 5546 δόξειεν
3551 5479 3639 5539 ἂν,
3661 5479 3691 5530 ὁ
3721 5479 3798 5530 τὸ

2199 5571 2382 5640 μεῖζον
2432 5573 2592 5642 ἀφεὶς
2627 5574 2723 5627 καὶ
2769 5574 2853 5650 τὸ.
2882 5573 3102 5628 ἔλαττον
3137 5570 3451 5640 ἁναλαϐών;
3492 5568 3627 5634 Θεὸς
3677 5569 3798 5622 ὑπ-
