  <div class='ocr_page' id='page_1' title='image "/cluster/home/n/w/nwhite01/storage/ocr_20150623/75:no.8/coo.31924054869767/172.png"; bbox 0 0 3996 6432; ppageno 0'>
   <div class='ocr_carea' id='block_1_1' title="bbox 206 372 300 426">
    <p class='ocr_par' dir='ltr' id='par_1_1' title="bbox 206 372 300 426">
     <span class='ocr_line' id='line_1_1' title="bbox 206 372 300 426; baseline -0.011 0"><span class='ocrx_word' id='word_1_1' title='bbox 206 372 300 426; x_wconf 69' lang='lat'><strong>329</strong></span> 
     </span>
    </p>
   </div>
   <div class='ocr_carea' id='block_1_2' title="bbox 1590 363 2027 424">
    <p class='ocr_par' dir='ltr' id='par_1_2' title="bbox 1590 363 2027 424">
     <span class='ocr_line' id='line_1_2' title="bbox 1590 363 2027 424; baseline 0.009 -5"><span class='ocrx_word' id='word_1_2' title='bbox 1590 363 2027 424; x_wconf 70' lang='lat' dir='ltr'><strong>THESAURUS.</strong></span> 
     </span>
    </p>
   </div>
   <div class='ocr_carea' id='block_1_3' title="bbox 3366 364 3472 420">
    <p class='ocr_par' dir='ltr' id='par_1_3' title="bbox 3366 364 3472 420">
     <span class='ocr_line' id='line_1_3' title="bbox 3366 364 3472 420; baseline -0.057 1"><span class='ocrx_word' id='word_1_3' title='bbox 3366 364 3472 420; x_wconf 71' lang='lat'><strong>550</strong></span> 
     </span>
    </p>
   </div>
   <div class='ocr_carea' id='block_1_4' title="bbox 207 479 1792 561">
    <p class='ocr_par' dir='ltr' id='par_1_4' title="bbox 207 479 1789 561">
     <span class='ocr_line' id='line_1_4' title="bbox 207 479 1789 561; baseline -0.002 -22"><span class='ocrx_word' id='word_1_4' title='bbox 207 490 374 561; x_wconf 67' lang='grc' dir='ltr'>ἅρχων</span> <span class='ocrx_word' id='word_1_5' title='bbox 398 481 637 552; x_wconf 77' lang='grc' dir='ltr'>γέγονεν</span> <span class='ocrx_word' id='word_1_6' title='bbox 658 479 977 552; x_wconf 75' lang='grc' dir='ltr'>ἄνθρωπος,</span> <span class='ocrx_word' id='word_1_7' title='bbox 1007 481 1098 535; x_wconf 73' lang='grc' dir='ltr'><strong>ἴνα</strong></span> <span class='ocrx_word' id='word_1_8' title='bbox 1118 482 1269 535; x_wconf 78' lang='grc' dir='ltr'>ποῖον</span> <span class='ocrx_word' id='word_1_9' title='bbox 1296 480 1437 555; x_wconf 77' lang='grc' dir='ltr'>εὕρῃ</span> <span class='ocrx_word' id='word_1_10' title='bbox 1463 482 1654 552; x_wconf 82' lang='grc' dir='ltr'>μισθόν</span> <span class='ocrx_word' id='word_1_11' title='bbox 1675 499 1690 550; x_wconf 88' lang='grc'><strong>;</strong></span> <span class='ocrx_word' id='word_1_12' title='bbox 1717 484 1789 536; x_wconf 80' lang='grc' dir='ltr'><strong>’Π</strong></span> 
     </span>
    </p>
   </div>
   <div class='ocr_carea' id='block_1_5' title="bbox 1903 479 3471 561">
    <p class='ocr_par' dir='ltr' id='par_1_5' title="bbox 1903 480 3471 551">
     <span class='ocr_line' id='line_1_5' title="bbox 1903 480 3471 551; baseline 0 -14"><span class='ocrx_word' id='word_1_13' title='bbox 1903 484 2034 537; x_wconf 86' lang='lat' dir='ltr'><strong>Deus</strong></span> <span class='ocrx_word' id='word_1_14' title='bbox 2055 483 2321 537; x_wconf 80' lang='lat' dir='ltr'><strong>essistens</strong></span> <span class='ocrx_word' id='word_1_15' title='bbox 2349 482 2526 538; x_wconf 79' lang='lat' dir='ltr'><strong>factus</strong></span> <span class='ocrx_word' id='word_1_16' title='bbox 2545 492 2628 538; x_wconf 86' lang='lat' dir='ltr'><strong>est</strong></span> <span class='ocrx_word' id='word_1_17' title='bbox 2653 482 2837 548; x_wconf 88' lang='lat' dir='ltr'><strong>homo,</strong></span> <span class='ocrx_word' id='word_1_18' title='bbox 2855 480 3139 551; x_wconf 86' lang='lat' dir='ltr'><strong>qualemne</strong></span> <span class='ocrx_word' id='word_1_19' title='bbox 3169 482 3471 537; x_wconf 87' lang='lat' dir='ltr'><strong>mercedem</strong></span> 
     </span>
    </p>
   </div>
   <div class='ocr_carea' id='block_1_6' title="bbox 207 570 1786 644">
    <p class='ocr_par' dir='ltr' id='par_1_6' title="bbox 207 570 1786 644">
     <span class='ocr_line' id='line_1_6' title="bbox 207 570 1786 644; baseline 0.002 -20"><span class='ocrx_word' id='word_1_20' title='bbox 207 578 308 641; x_wconf 59' lang='lat' dir='ltr'><strong>g3;</strong></span> <span class='ocrx_word' id='word_1_21' title='bbox 326 571 598 643; x_wconf 76' lang='grc' dir='ltr'><strong>ἐδοξάσθη</strong></span> <span class='ocrx_word' id='word_1_22' title='bbox 622 573 653 626; x_wconf 99' lang='lat'><strong>6</strong></span> <span class='ocrx_word' id='word_1_23' title='bbox 683 571 795 625; x_wconf 77' lang='grc' dir='ltr'>ἀπὺ</span> <span class='ocrx_word' id='word_1_24' title='bbox 808 570 971 642; x_wconf 80' lang='grc' dir='ltr'>δόξης</span> <span class='ocrx_word' id='word_1_25' title='bbox 996 573 1079 636; x_wconf 84' lang='grc' dir='ltr'>είς</span> <span class='ocrx_word' id='word_1_26' title='bbox 1103 572 1331 643; x_wconf 81' lang='grc' dir='ltr'><strong>ἀτιμίαν</strong></span> <span class='ocrx_word' id='word_1_27' title='bbox 1355 572 1786 644; x_wconf 76' lang='grc' dir='ltr'><strong>καταῦεὸηκὼς;</strong></span> 
     </span>
    </p>
   </div>
   <div class='ocr_carea' id='block_1_7' title="bbox 212 660 1791 734">
    <p class='ocr_par' dir='ltr' id='par_1_7' title="bbox 212 660 1791 734">
     <span class='ocr_line' id='line_1_7' title="bbox 212 660 1791 734; baseline -0.003 -12"><span class='ocrx_word' id='word_1_28' title='bbox 212 667 321 730; x_wconf 78' lang='grc' dir='ltr'><strong>Πῶς</strong></span> <span class='ocrx_word' id='word_1_29' title='bbox 344 665 397 719; x_wconf 81' lang='grc' dir='ltr'><strong>δὲ</strong></span> <span class='ocrx_word' id='word_1_30' title='bbox 426 665 667 732; x_wconf 79' lang='grc' dir='ltr'>γέγονεν</span> <span class='ocrx_word' id='word_1_31' title='bbox 713 660 923 734; x_wconf 71' lang='grc' dir='ltr'>ὑψηλὸς</span> <span class='ocrx_word' id='word_1_32' title='bbox 974 664 1003 716; x_wconf 84' lang='grc' dir='ltr'><strong>ὁ</strong></span> <span class='ocrx_word' id='word_1_33' title='bbox 1045 663 1147 733; x_wconf 82' lang='grc' dir='ltr'><strong>τῆς</strong></span> <span class='ocrx_word' id='word_1_34' title='bbox 1190 661 1444 734; x_wconf 83' lang='grc' dir='ltr'>θεότητος</span> <span class='ocrx_word' id='word_1_35' title='bbox 1475 663 1536 717; x_wconf 82' lang='grc' dir='ltr'><strong>τὸ</strong></span> <span class='ocrx_word' id='word_1_36' title='bbox 1570 661 1791 734; x_wconf 81' lang='grc' dir='ltr'>ἀξίωμα</span> 
     </span>
    </p>
   </div>
   <div class='ocr_carea' id='block_1_8' title="bbox 224 753 1789 829">
    <p class='ocr_par' dir='ltr' id='par_1_8' title="bbox 224 753 1789 829">
     <span class='ocr_line' id='line_1_8' title="bbox 224 753 1789 829; baseline 0.001 -20"><span class='ocrx_word' id='word_1_37' title='bbox 224 756 484 829; x_wconf 69' lang='grc' dir='ltr'>ὑπεριδὼν,</span> <span class='ocrx_word' id='word_1_38' title='bbox 522 754 625 807; x_wconf 73' lang='grc' dir='ltr'>καὶ</span> <span class='ocrx_word' id='word_1_39' title='bbox 662 754 750 818; x_wconf 85' lang='grc' dir='ltr'>είς</span> <span class='ocrx_word' id='word_1_40' title='bbox 782 753 1187 825; x_wconf 78' lang='grc' dir='ltr'>ἅνθρωπότητα</span> <span class='ocrx_word' id='word_1_41' title='bbox 1227 754 1539 821; x_wconf 80' lang='grc' dir='ltr'>κατελθών;</span> <span class='ocrx_word' id='word_1_42' title='bbox 1588 756 1713 821; x_wconf 81' lang='grc' dir='ltr'><strong>Πῶς</strong></span> <span class='ocrx_word' id='word_1_43' title='bbox 1759 759 1789 810; x_wconf 87' lang='lat'><strong>6</strong></span> 
     </span>
    </p>
   </div>
   <div class='ocr_carea' id='block_1_9' title="bbox 223 844 1788 918">
    <p class='ocr_par' dir='ltr' id='par_1_9' title="bbox 223 844 1788 918">
     <span class='ocr_line' id='line_1_9' title="bbox 223 844 1788 918; baseline -0.004 -13"><span class='ocrx_word' id='word_1_44' title='bbox 223 847 481 911; x_wconf 65' lang='grc' dir='ltr'>κατελθὼν,</span> <span class='ocrx_word' id='word_1_45' title='bbox 512 845 757 914; x_wconf 81' lang='grc' dir='ltr'>γέγονεν</span> <span class='ocrx_word' id='word_1_46' title='bbox 800 844 951 910; x_wconf 58' lang='lat' dir='ltr'><strong>avo);</strong></span> <span class='ocrx_word' id='word_1_47' title='bbox 998 845 1168 900; x_wconf 81' lang='grc' dir='ltr'><strong>Ποίαν</strong></span> <span class='ocrx_word' id='word_1_48' title='bbox 1199 846 1310 917; x_wconf 72' lang='grc' dir='ltr'><strong>ἔχει</strong></span> <span class='ocrx_word' id='word_1_49' title='bbox 1354 846 1636 918; x_wconf 58' lang='grc' dir='ltr'><strong>ιθρελτίωσιν</strong></span> <span class='ocrx_word' id='word_1_50' title='bbox 1669 849 1698 902; x_wconf 89' lang='lat'><strong>6</strong></span> <span class='ocrx_word' id='word_1_51' title='bbox 1730 848 1788 900; x_wconf 76' lang='grc' dir='ltr'><strong>ἐν</strong></span> 
     </span>
    </p>
   </div>
   <div class='ocr_carea' id='block_1_10' title="bbox 219 930 1787 1009">
    <p class='ocr_par' dir='ltr' id='par_1_10' title="bbox 219 930 1787 1009">
     <span class='ocr_line' id='line_1_10' title="bbox 219 930 1787 1009; baseline -0.001 -17"><span class='ocrx_word' id='word_1_52' title='bbox 219 942 429 996; x_wconf 67' lang='grc' dir='ltr'>ἐλάττοσι</span> <span class='ocrx_word' id='word_1_53' title='bbox 462 936 725 1006; x_wconf 79' lang='grc' dir='ltr'><strong>γεγονὼς</strong></span> <span class='ocrx_word' id='word_1_54' title='bbox 753 936 814 1000; x_wconf 80' lang='grc' dir='ltr'><strong>ἐξ</strong></span> <span class='ocrx_word' id='word_1_55' title='bbox 840 936 1177 1006; x_wconf 76' lang='grc' dir='ltr'>ἁμεινόνων;</span> <span class='ocrx_word' id='word_1_56' title='bbox 1211 939 1274 990; x_wconf 75' lang='lat' dir='ltr'><strong>Ei</strong></span> <span class='ocrx_word' id='word_1_57' title='bbox 1299 930 1433 1000; x_wconf 76' lang='grc' dir='ltr'>Θεὸς</span> <span class='ocrx_word' id='word_1_58' title='bbox 1458 937 1534 990; x_wconf 85' lang='grc' dir='ltr'><strong>ὢν</strong></span> <span class='ocrx_word' id='word_1_59' title='bbox 1566 937 1787 1009; x_wconf 79' lang='grc' dir='ltr'><strong>ὕψιστος</strong></span> 
     </span>
    </p>
   </div>
   <div class='ocr_carea' id='block_1_11' title="bbox 216 1026 1789 1098">
    <p class='ocr_par' dir='ltr' id='par_1_11' title="bbox 216 1026 1789 1098">
     <span class='ocr_line' id='line_1_11' title="bbox 216 1026 1789 1098; baseline -0.002 -12"><span class='ocrx_word' id='word_1_60' title='bbox 216 1033 288 1086; x_wconf 71' lang='grc' dir='ltr'>καὶ</span> <span class='ocrx_word' id='word_1_61' title='bbox 311 1032 363 1084; x_wconf 82' lang='grc' dir='ltr'>ὲν</span> <span class='ocrx_word' id='word_1_62' title='bbox 396 1027 640 1098; x_wconf 68' lang='grc' dir='ltr'>ὑψηλοῖς</span> <span class='ocrx_word' id='word_1_63' title='bbox 688 1028 970 1081; x_wconf 80' lang='grc' dir='ltr'>κατοικῶν</span> <span class='ocrx_word' id='word_1_64' title='bbox 1022 1026 1287 1097; x_wconf 76' lang='grc' dir='ltr'>ὑψοῦσθαι</span> <span class='ocrx_word' id='word_1_65' title='bbox 1329 1028 1569 1098; x_wconf 81' lang='grc' dir='ltr'>λέγεται,</span> <span class='ocrx_word' id='word_1_66' title='bbox 1604 1031 1698 1083; x_wconf 87' lang='grc' dir='ltr'>ποῖ</span> <span class='ocrx_word' id='word_1_67' title='bbox 1733 1028 1789 1083; x_wconf 82' lang='grc' dir='ltr'>δὲ</span> 
     </span>
    </p>
   </div>
   <div class='ocr_carea' id='block_1_12' title="bbox 213 1117 1789 1194">
    <p class='ocr_par' dir='ltr' id='par_1_12' title="bbox 213 1117 1789 1194">
     <span class='ocr_line' id='line_1_12' title="bbox 213 1117 1789 1194; baseline -0.003 -17"><span class='ocrx_word' id='word_1_68' title='bbox 213 1125 278 1180; x_wconf 72' lang='grc' dir='ltr'>ἑτι</span> <span class='ocrx_word' id='word_1_69' title='bbox 302 1121 433 1194; x_wconf 76' lang='grc' dir='ltr'>μετὰ</span> <span class='ocrx_word' id='word_1_70' title='bbox 460 1118 565 1190; x_wconf 79' lang='grc' dir='ltr'><strong>τὴν</strong></span> <span class='ocrx_word' id='word_1_71' title='bbox 599 1117 702 1172; x_wconf 80' lang='grc' dir='ltr'>τοῦ</span> <span class='ocrx_word' id='word_1_72' title='bbox 731 1117 869 1172; x_wconf 87' lang='grc' dir='ltr'>Θεοῦ</span> <span class='ocrx_word' id='word_1_73' title='bbox 897 1117 1060 1186; x_wconf 77' lang='grc' dir='ltr'>φύσιν</span> <span class='ocrx_word' id='word_1_74' title='bbox 1095 1118 1431 1190; x_wconf 77' lang='grc' dir='ltr'>ἀναϐήσεται</span> <span class='ocrx_word' id='word_1_75' title='bbox 1457 1119 1518 1174; x_wconf 80' lang='grc' dir='ltr'>τὸ</span> <span class='ocrx_word' id='word_1_76' title='bbox 1549 1118 1789 1190; x_wconf 76' lang='grc' dir='ltr'>ὑψούμε-</span> 
     </span>
    </p>
   </div>
   <div class='ocr_carea' id='block_1_13' title="bbox 211 1207 1790 1284">
    <p class='ocr_par' dir='ltr' id='par_1_13' title="bbox 211 1207 1790 1284">
     <span class='ocr_line' id='line_1_13' title="bbox 211 1207 1790 1284; baseline -0.001 -17"><span class='ocrx_word' id='word_1_77' title='bbox 211 1234 312 1279; x_wconf 70' lang='lat' dir='ltr'><strong>vov;</strong></span> <span class='ocrx_word' id='word_1_78' title='bbox 346 1213 466 1277; x_wconf 79' lang='grc' dir='ltr'><strong>Πῶς</strong></span> <span class='ocrx_word' id='word_1_79' title='bbox 492 1212 556 1265; x_wconf 79' lang='grc' dir='ltr'><strong>δὲ</strong></span> <span class='ocrx_word' id='word_1_80' title='bbox 588 1207 663 1283; x_wconf 76' lang='grc' dir='ltr'>ἦν</span> <span class='ocrx_word' id='word_1_81' title='bbox 695 1212 960 1276; x_wconf 82' lang='grc' dir='ltr'>ταπεινὸς</span> <span class='ocrx_word' id='word_1_82' title='bbox 986 1212 1016 1264; x_wconf 92' lang='lat'><strong>6</strong></span> <span class='ocrx_word' id='word_1_83' title='bbox 1039 1212 1097 1266; x_wconf 84' lang='grc' dir='ltr'>ὲν</span> <span class='ocrx_word' id='word_1_84' title='bbox 1125 1212 1348 1276; x_wconf 78' lang='grc' dir='ltr'><strong>κόλποις</strong></span> <span class='ocrx_word' id='word_1_85' title='bbox 1367 1211 1442 1266; x_wconf 81' lang='grc' dir='ltr'>ὢν</span> <span class='ocrx_word' id='word_1_86' title='bbox 1466 1211 1562 1266; x_wconf 79' lang='grc' dir='ltr'>τοῦ</span> <span class='ocrx_word' id='word_1_87' title='bbox 1591 1212 1790 1284; x_wconf 78' lang='grc' dir='ltr'>ὑψηλο-</span> 
     </span>
    </p>
   </div>
   <div class='ocr_carea' id='block_1_14' title="bbox 207 1303 1787 1376">
    <p class='ocr_par' dir='ltr' id='par_1_14' title="bbox 207 1303 1787 1376">
     <span class='ocr_line' id='line_1_14' title="bbox 207 1303 1787 1376; baseline -0.004 -12"><span class='ocrx_word' id='word_1_88' title='bbox 207 1309 345 1364; x_wconf 74' lang='grc' dir='ltr'>τάτου</span> <span class='ocrx_word' id='word_1_89' title='bbox 374 1305 640 1376; x_wconf 79' lang='grc' dir='ltr'><strong>Πατρόςς</strong></span> <span class='ocrx_word' id='word_1_90' title='bbox 670 1303 845 1367; x_wconf 84' lang='grc' dir='ltr'>Ποίας</span> <span class='ocrx_word' id='word_1_91' title='bbox 871 1303 1193 1375; x_wconf 79' lang='grc' dir='ltr'><strong>προσθήκης</strong></span> <span class='ocrx_word' id='word_1_92' title='bbox 1216 1304 1385 1358; x_wconf 79' lang='grc' dir='ltr'>ἐδεῖτο</span> <span class='ocrx_word' id='word_1_93' title='bbox 1414 1304 1576 1371; x_wconf 83' lang='grc' dir='ltr'>Θεός;</span> <span class='ocrx_word' id='word_1_94' title='bbox 1610 1306 1675 1360; x_wconf 82' lang='grc' dir='ltr'><strong>Εἰ</strong></span> <span class='ocrx_word' id='word_1_95' title='bbox 1700 1303 1787 1358; x_wconf 77' lang='grc' dir='ltr'><strong>διὰ</strong></span> 
     </span>
    </p>
   </div>
   <div class='ocr_carea' id='block_1_15' title="bbox 207 1392 1787 1468">
    <p class='ocr_par' dir='ltr' id='par_1_15' title="bbox 207 1392 1787 1468">
     <span class='ocr_line' id='line_1_15' title="bbox 207 1392 1787 1468; baseline 0.007 -19"><span class='ocrx_word' id='word_1_96' title='bbox 207 1398 343 1452; x_wconf 77' lang='grc' dir='ltr'>τοῦτο</span> <span class='ocrx_word' id='word_1_97' title='bbox 365 1395 788 1466; x_wconf 74' lang='grc' dir='ltr'><strong>καταϐέϐηκεν,</strong></span> <span class='ocrx_word' id='word_1_98' title='bbox 809 1395 899 1448; x_wconf 80' lang='grc' dir='ltr'>ἵνα</span> <span class='ocrx_word' id='word_1_99' title='bbox 919 1395 1015 1448; x_wconf 78' lang='grc' dir='ltr'><strong>καὶ</strong></span> <span class='ocrx_word' id='word_1_100' title='bbox 1031 1394 1241 1467; x_wconf 70' lang='grc' dir='ltr'>ὑψωθῇ,</span> <span class='ocrx_word' id='word_1_101' title='bbox 1260 1396 1344 1461; x_wconf 83' lang='grc' dir='ltr'>τίς</span> <span class='ocrx_word' id='word_1_102' title='bbox 1366 1392 1435 1468; x_wconf 73' lang='grc' dir='ltr'>ἦν</span> <span class='ocrx_word' id='word_1_103' title='bbox 1456 1398 1493 1467; x_wconf 67' lang='grc' dir='ltr'><strong>»ὴ</strong></span> <span class='ocrx_word' id='word_1_104' title='bbox 1515 1395 1672 1468; x_wconf 87' lang='grc' dir='ltr'>χρεία</span> <span class='ocrx_word' id='word_1_105' title='bbox 1688 1396 1787 1467; x_wconf 83' lang='grc' dir='ltr'><strong>τῆς</strong></span> 
     </span>
    </p>
   </div>
   <div class='ocr_carea' id='block_1_16' title="bbox 218 1485 1788 1553">
    <p class='ocr_par' dir='ltr' id='par_1_16' title="bbox 218 1485 1788 1553">
     <span class='ocr_line' id='line_1_16' title="bbox 218 1485 1788 1553; baseline -0.003 -8"><span class='ocrx_word' id='word_1_106' title='bbox 218 1488 577 1553; x_wconf 47' lang='grc' dir='ltr'>καταβάσεως</span> <span class='ocrx_word' id='word_1_107' title='bbox 619 1487 690 1540; x_wconf 79' lang='lat' dir='ltr'><strong>Ei</strong></span> <span class='ocrx_word' id='word_1_108' title='bbox 720 1485 816 1539; x_wconf 81' lang='grc' dir='ltr'><strong>διὰ</strong></span> <span class='ocrx_word' id='word_1_109' title='bbox 850 1486 1014 1541; x_wconf 75' lang='grc' dir='ltr'>τοῦτο</span> <span class='ocrx_word' id='word_1_110' title='bbox 1043 1486 1411 1540; x_wconf 75' lang='grc' dir='ltr'><strong>ἐταπείνωσεν</strong></span> <span class='ocrx_word' id='word_1_111' title='bbox 1444 1486 1658 1553; x_wconf 80' lang='grc' dir='ltr'>ἑαυτὸν,</span> <span class='ocrx_word' id='word_1_112' title='bbox 1701 1488 1788 1541; x_wconf 76' lang='grc' dir='ltr'><strong>ἵνα</strong></span> 
     </span>
    </p>
   </div>
   <div class='ocr_carea' id='block_1_17' title="bbox 226 1574 1788 1652">
    <p class='ocr_par' dir='ltr' id='par_1_17' title="bbox 226 1574 1788 1652">
     <span class='ocr_line' id='line_1_17' title="bbox 226 1574 1788 1652; baseline -0.001 -18"><span class='ocrx_word' id='word_1_113' title='bbox 226 1584 300 1635; x_wconf 76' lang='grc' dir='ltr'><strong>καὶ</strong></span> <span class='ocrx_word' id='word_1_114' title='bbox 321 1579 567 1651; x_wconf 78' lang='grc' dir='ltr'><strong>δοξασθῇ,</strong></span> <span class='ocrx_word' id='word_1_115' title='bbox 606 1578 698 1641; x_wconf 84' lang='grc' dir='ltr'>τίς</span> <span class='ocrx_word' id='word_1_116' title='bbox 727 1574 802 1652; x_wconf 80' lang='grc' dir='ltr'>ἦν</span> <span class='ocrx_word' id='word_1_117' title='bbox 827 1581 863 1650; x_wconf 86' lang='grc' dir='ltr'><strong>ἡ</strong></span> <span class='ocrx_word' id='word_1_118' title='bbox 895 1578 1055 1650; x_wconf 83' lang='grc' dir='ltr'>χρεία</span> <span class='ocrx_word' id='word_1_119' title='bbox 1080 1578 1180 1649; x_wconf 82' lang='grc' dir='ltr'><strong>τῆς</strong></span> <span class='ocrx_word' id='word_1_120' title='bbox 1213 1577 1629 1647; x_wconf 85' lang='grc' dir='ltr'>ταπεινώσεως;</span> <span class='ocrx_word' id='word_1_121' title='bbox 1662 1579 1788 1644; x_wconf 86' lang='grc' dir='ltr'><strong>Πῶς</strong></span> 
     </span>
    </p>
   </div>
   <div class='ocr_carea' id='block_1_18' title="bbox 222 1668 1788 1744">
    <p class='ocr_par' dir='ltr' id='par_1_18' title="bbox 222 1668 1788 1744">
     <span class='ocr_line' id='line_1_18' title="bbox 222 1668 1788 1744; baseline -0.003 -14"><span class='ocrx_word' id='word_1_122' title='bbox 222 1677 267 1730; x_wconf 72' lang='grc' dir='ltr'>δὲ</span> <span class='ocrx_word' id='word_1_123' title='bbox 289 1676 374 1730; x_wconf 76' lang='grc' dir='ltr'><strong>οὐκ</strong></span> <span class='ocrx_word' id='word_1_124' title='bbox 395 1674 603 1743; x_wconf 60' lang='lat' dir='ltr'><strong>imo;</strong></span> <span class='ocrx_word' id='word_1_125' title='bbox 631 1674 665 1726; x_wconf 83' lang='lat'><strong>6</strong></span> <span class='ocrx_word' id='word_1_126' title='bbox 697 1671 846 1743; x_wconf 73' lang='grc' dir='ltr'>μετὰ</span> <span class='ocrx_word' id='word_1_127' title='bbox 872 1672 1038 1726; x_wconf 81' lang='grc' dir='ltr'>πόνου</span> <span class='ocrx_word' id='word_1_128' title='bbox 1064 1672 1264 1743; x_wconf 80' lang='grc' dir='ltr'><strong>ζητῶν,</strong></span> <span class='ocrx_word' id='word_1_129' title='bbox 1293 1670 1322 1725; x_wconf 82' lang='grc' dir='ltr'><strong>ὃ</strong></span> <span class='ocrx_word' id='word_1_130' title='bbox 1347 1674 1441 1726; x_wconf 74' lang='grc' dir='ltr'><strong>καὶ</strong></span> <span class='ocrx_word' id='word_1_131' title='bbox 1455 1672 1582 1744; x_wconf 89' lang='grc' dir='ltr'>δίχα</span> <span class='ocrx_word' id='word_1_132' title='bbox 1610 1668 1788 1727; x_wconf 85' lang='grc' dir='ltr'>πόνων</span> 
     </span>
    </p>
   </div>
   <div class='ocr_carea' id='block_1_19' title="bbox 221 1760 1787 1837">
    <p class='ocr_par' dir='ltr' id='par_1_19' title="bbox 221 1760 1787 1837">
     <span class='ocr_line' id='line_1_19' title="bbox 221 1760 1787 1837; baseline -0.001 -18"><span class='ocrx_word' id='word_1_133' title='bbox 221 1766 343 1837; x_wconf 70' lang='grc' dir='ltr'>ἔχειν</span> <span class='ocrx_word' id='word_1_134' title='bbox 370 1763 629 1828; x_wconf 72' lang='grc' dir='ltr'>ὲδύνατος</span> <span class='ocrx_word' id='word_1_135' title='bbox 675 1761 809 1825; x_wconf 83' lang='grc' dir='ltr'><strong>Πῶς</strong></span> <span class='ocrx_word' id='word_1_136' title='bbox 854 1760 1017 1815; x_wconf 71' lang='grc' dir='ltr'>ἔλαϐε</span> <span class='ocrx_word' id='word_1_137' title='bbox 1067 1760 1129 1815; x_wconf 82' lang='grc' dir='ltr'>τὸ</span> <span class='ocrx_word' id='word_1_138' title='bbox 1176 1761 1348 1834; x_wconf 72' lang='grc' dir='ltr'>ὄνομα</span> <span class='ocrx_word' id='word_1_139' title='bbox 1389 1763 1453 1816; x_wconf 84' lang='grc' dir='ltr'><strong>τὸ</strong></span> <span class='ocrx_word' id='word_1_140' title='bbox 1495 1762 1635 1837; x_wconf 84' lang='grc' dir='ltr'>ὑπὲρ</span> <span class='ocrx_word' id='word_1_141' title='bbox 1673 1764 1787 1817; x_wconf 83' lang='grc' dir='ltr'><strong>πᾶν</strong></span> 
     </span>
    </p>
   </div>
   <div class='ocr_carea' id='block_1_20' title="bbox 222 1853 1621 1929">
    <p class='ocr_par' dir='ltr' id='par_1_20' title="bbox 222 1853 1621 1929">
     <span class='ocr_line' id='line_1_20' title="bbox 222 1853 1621 1929; baseline 0.001 -21"><span class='ocrx_word' id='word_1_142' title='bbox 222 1858 370 1929; x_wconf 68' lang='grc' dir='ltr'>δνομσ.</span> <span class='ocrx_word' id='word_1_143' title='bbox 392 1856 419 1909; x_wconf 79' lang='lat'><strong>6</strong></span> <span class='ocrx_word' id='word_1_144' title='bbox 446 1854 750 1917; x_wconf 80' lang='grc' dir='ltr'>διαπαντὸς</span> <span class='ocrx_word' id='word_1_145' title='bbox 784 1856 841 1907; x_wconf 82' lang='grc' dir='ltr'>ὲν</span> <span class='ocrx_word' id='word_1_146' title='bbox 866 1853 1020 1926; x_wconf 85' lang='grc' dir='ltr'>αὑτῷ</span> <span class='ocrx_word' id='word_1_147' title='bbox 1048 1853 1559 1927; x_wconf 76' lang='grc' dir='ltr'>προσκυνούμενοςς</span> <span class='ocrx_word' id='word_1_148' title='bbox 1617 1865 1621 1871; x_wconf 87' lang='lat'><strong><em>‘</em></strong></span> 
     </span>
    </p>
   </div>
   <div class='ocr_carea' id='block_1_21' title="bbox 1897 572 3476 644">
    <p class='ocr_par' dir='ltr' id='par_1_21' title="bbox 1897 572 3476 644">
     <span class='ocr_line' id='line_1_21' title="bbox 1897 572 3476 644; baseline 0 -17"><span class='ocrx_word' id='word_1_149' title='bbox 1897 573 2257 643; x_wconf 87' lang='lat' dir='ltr'><strong>accepturus?</strong></span> <span class='ocrx_word' id='word_1_150' title='bbox 2306 574 2412 627; x_wconf 85' lang='lat' dir='ltr'><strong>Aut</strong></span> <span class='ocrx_word' id='word_1_151' title='bbox 2463 574 2734 643; x_wconf 88' lang='lat' dir='ltr'><strong>quomodo</strong></span> <span class='ocrx_word' id='word_1_152' title='bbox 2780 572 3112 644; x_wconf 84' lang='lat' dir='ltr'><strong>gloriﬁcatus</strong></span> <span class='ocrx_word' id='word_1_153' title='bbox 3157 583 3242 627; x_wconf 87' lang='lat' dir='ltr'><strong>est</strong></span> <span class='ocrx_word' id='word_1_154' title='bbox 3302 575 3393 643; x_wconf 85' lang='lat' dir='ltr'><strong>qui</strong></span> <span class='ocrx_word' id='word_1_155' title='bbox 3444 589 3476 627; x_wconf 87' lang='lat' dir='ltr'><strong>e</strong></span> 
     </span>
    </p>
   </div>
   <div class='ocr_carea' id='block_1_22' title="bbox 1897 665 3477 735">
    <p class='ocr_par' dir='ltr' id='par_1_22' title="bbox 1897 665 3477 735">
     <span class='ocr_line' id='line_1_22' title="bbox 1897 665 3477 735; baseline 0.001 -16"><span class='ocrx_word' id='word_1_156' title='bbox 1897 666 2066 734; x_wconf 79' lang='lat' dir='ltr'><strong>gioria</strong></span> <span class='ocrx_word' id='word_1_157' title='bbox 2109 666 2176 718; x_wconf 88' lang='lat' dir='ltr'><strong>ad</strong></span> <span class='ocrx_word' id='word_1_158' title='bbox 2230 665 2693 735; x_wconf 87' lang='lat' dir='ltr'><strong>contemptibilem</strong></span> <span class='ocrx_word' id='word_1_159' title='bbox 2746 672 2944 719; x_wconf 86' lang='lat' dir='ltr'><strong>statum</strong></span> <span class='ocrx_word' id='word_1_160' title='bbox 3004 665 3325 718; x_wconf 76' lang='lat' dir='ltr'><strong>descendit?</strong></span> <span class='ocrx_word' id='word_1_161' title='bbox 3371 667 3477 720; x_wconf 80' lang='lat' dir='ltr'><strong>Aut</strong></span> 
     </span>
    </p>
   </div>
   <div class='ocr_carea' id='block_1_23' title="bbox 1896 755 3475 827">
    <p class='ocr_par' dir='ltr' id='par_1_23' title="bbox 1896 755 3475 827">
     <span class='ocr_line' id='line_1_23' title="bbox 1896 755 3475 827; baseline 0.001 -19"><span class='ocrx_word' id='word_1_162' title='bbox 1896 756 2167 825; x_wconf 90' lang='lat' dir='ltr'><strong>quomodo</strong></span> <span class='ocrx_word' id='word_1_163' title='bbox 2207 756 2502 820; x_wconf 86' lang='lat' dir='ltr'><strong>exaltatus,</strong></span> <span class='ocrx_word' id='word_1_164' title='bbox 2557 756 2647 826; x_wconf 85' lang='lat' dir='ltr'><strong>qui</strong></span> <span class='ocrx_word' id='word_1_165' title='bbox 2707 771 2738 809; x_wconf 93' lang='lat' dir='ltr'><strong>e</strong></span> <span class='ocrx_word' id='word_1_166' title='bbox 2804 756 3100 810; x_wconf 67' lang='lat' dir='ltr'><strong>divinitatis</strong></span> <span class='ocrx_word' id='word_1_167' title='bbox 3150 755 3364 827; x_wconf 80' lang='lat' dir='ltr'><strong>fastigio</strong></span> <span class='ocrx_word' id='word_1_168' title='bbox 3412 759 3475 809; x_wconf 88' lang='lat' dir='ltr'><strong>ad</strong></span> 
     </span>
    </p>
   </div>
   <div class='ocr_carea' id='block_1_24' title="bbox 1898 846 3477 917">
    <p class='ocr_par' dir='ltr' id='par_1_24' title="bbox 1898 846 3477 917">
     <span class='ocr_line' id='line_1_24' title="bbox 1898 846 3477 917; baseline 0 -16"><span class='ocrx_word' id='word_1_169' title='bbox 1898 847 2290 901; x_wconf 77' lang='lat' dir='ltr'><strong>humanitatem</strong></span> <span class='ocrx_word' id='word_1_170' title='bbox 2336 862 2395 902; x_wconf 89' lang='lat' dir='ltr'><strong>se</strong></span> <span class='ocrx_word' id='word_1_171' title='bbox 2438 846 2692 902; x_wconf 84' lang='lat' dir='ltr'><strong>demisit?</strong></span> <span class='ocrx_word' id='word_1_172' title='bbox 2721 846 3000 914; x_wconf 87' lang='lat' dir='ltr'><strong>Quomodo</strong></span> <span class='ocrx_word' id='word_1_173' title='bbox 3030 858 3206 902; x_wconf 89' lang='lat' dir='ltr'><strong>autem</strong></span> <span class='ocrx_word' id='word_1_174' title='bbox 3237 846 3328 917; x_wconf 87' lang='lat' dir='ltr'><strong>qui</strong></span> <span class='ocrx_word' id='word_1_175' title='bbox 3377 847 3477 901; x_wconf 82' lang='lat' dir='ltr'><strong>de-</strong></span> 
     </span>
    </p>
   </div>
   <div class='ocr_carea' id='block_1_25' title="bbox 1895 938 3477 1010">
    <p class='ocr_par' dir='ltr' id='par_1_25' title="bbox 1895 938 3477 1010">
     <span class='ocr_line' id='line_1_25' title="bbox 1895 938 3477 1010; baseline -0.003 -17"><span class='ocrx_word' id='word_1_176' title='bbox 1895 938 2124 1001; x_wconf 87' lang='lat' dir='ltr'><strong>scendit,</strong></span> <span class='ocrx_word' id='word_1_177' title='bbox 2173 949 2391 992; x_wconf 86' lang='lat' dir='ltr'><strong>evectus</strong></span> <span class='ocrx_word' id='word_1_178' title='bbox 2439 939 2561 994; x_wconf 88' lang='lat' dir='ltr'><strong>est?</strong></span> <span class='ocrx_word' id='word_1_179' title='bbox 2610 942 2717 994; x_wconf 87' lang='lat' dir='ltr'><strong>Aut</strong></span> <span class='ocrx_word' id='word_1_180' title='bbox 2761 956 2866 1009; x_wconf 91' lang='lat' dir='ltr'><strong>quo</strong></span> <span class='ocrx_word' id='word_1_181' title='bbox 2899 950 3061 1010; x_wconf 82' lang='lat' dir='ltr'><strong>pacto</strong></span> <span class='ocrx_word' id='word_1_182' title='bbox 3113 941 3303 994; x_wconf 86' lang='lat' dir='ltr'><strong>melior</strong></span> <span class='ocrx_word' id='word_1_183' title='bbox 3336 939 3477 994; x_wconf 47' lang='lat' dir='ltr'><strong>illiut-</strong></span> 
     </span>
    </p>
   </div>
   <div class='ocr_carea' id='block_1_26' title="bbox 1895 1028 3473 1099">
    <p class='ocr_par' dir='ltr' id='par_1_26' title="bbox 1895 1028 3473 1099">
     <span class='ocr_line' id='line_1_26' title="bbox 1895 1028 3473 1099; baseline -0.001 -16"><span class='ocrx_word' id='word_1_184' title='bbox 1895 1029 2133 1083; x_wconf 88' lang='lat' dir='ltr'><strong>conditio</strong></span> <span class='ocrx_word' id='word_1_185' title='bbox 2162 1038 2247 1083; x_wconf 88' lang='lat' dir='ltr'><strong>est</strong></span> <span class='ocrx_word' id='word_1_186' title='bbox 2269 1028 2479 1092; x_wconf 81' lang='lat' dir='ltr'><strong>eﬂ&#39;ecta,</strong></span> <span class='ocrx_word' id='word_1_187' title='bbox 2518 1029 2608 1099; x_wconf 89' lang='lat' dir='ltr'><strong>qui</strong></span> <span class='ocrx_word' id='word_1_188' title='bbox 2645 1029 2810 1084; x_wconf 80' lang='lat' dir='ltr'><strong>veluti</strong></span> <span class='ocrx_word' id='word_1_189' title='bbox 2843 1044 2875 1083; x_wconf 90' lang='lat' dir='ltr'><strong>e</strong></span> <span class='ocrx_word' id='word_1_190' title='bbox 2911 1028 3206 1098; x_wconf 85' lang='lat' dir='ltr'><strong>majoribus</strong></span> <span class='ocrx_word' id='word_1_191' title='bbox 3238 1038 3294 1084; x_wconf 91' lang='lat' dir='ltr'><strong>et</strong></span> <span class='ocrx_word' id='word_1_192' title='bbox 3345 1045 3473 1098; x_wconf 69' lang='grc' dir='ltr'><strong>ρισιιε-</strong></span> 
     </span>
    </p>
   </div>
   <div class='ocr_carea' id='block_1_27' title="bbox 1896 1117 3474 1176">
    <p class='ocr_par' dir='ltr' id='par_1_27' title="bbox 1896 1117 3474 1176">
     <span class='ocr_line' id='line_1_27' title="bbox 1896 1117 3474 1176; baseline 0 -3"><span class='ocrx_word' id='word_1_193' title='bbox 1896 1119 2254 1176; x_wconf 87' lang='lat' dir='ltr'><strong>stantioribus</strong></span> <span class='ocrx_word' id='word_1_194' title='bbox 2296 1120 2364 1174; x_wconf 89' lang='lat' dir='ltr'><strong>ad</strong></span> <span class='ocrx_word' id='word_1_195' title='bbox 2399 1119 2609 1175; x_wconf 89' lang='lat' dir='ltr'><strong>minora</strong></span> <span class='ocrx_word' id='word_1_196' title='bbox 2648 1119 2911 1175; x_wconf 84' lang='lat' dir='ltr'><strong>devenit?</strong></span> <span class='ocrx_word' id='word_1_197' title='bbox 2943 1117 2999 1175; x_wconf 91' lang='lat' dir='ltr'><strong>Si</strong></span> <span class='ocrx_word' id='word_1_198' title='bbox 3053 1120 3196 1175; x_wconf 84' lang='lat' dir='ltr'><strong>Dens</strong></span> <span class='ocrx_word' id='word_1_199' title='bbox 3231 1136 3351 1174; x_wconf 89' lang='lat' dir='ltr'><strong>cum</strong></span> <span class='ocrx_word' id='word_1_200' title='bbox 3410 1122 3474 1174; x_wconf 89' lang='lat' dir='ltr'><strong>sit</strong></span> 
     </span>
    </p>
   </div>
   <div class='ocr_carea' id='block_1_28' title="bbox 1894 1205 3477 1278">
    <p class='ocr_par' dir='ltr' id='par_1_28' title="bbox 1894 1205 3477 1278">
     <span class='ocr_line' id='line_1_28' title="bbox 1894 1205 3477 1278; baseline -0.001 -16"><span class='ocrx_word' id='word_1_201' title='bbox 1894 1208 2214 1278; x_wconf 85' lang='lat' dir='ltr'><strong>altissimus,</strong></span> <span class='ocrx_word' id='word_1_202' title='bbox 2245 1219 2300 1265; x_wconf 91' lang='lat' dir='ltr'><strong>et</strong></span> <span class='ocrx_word' id='word_1_203' title='bbox 2328 1208 2379 1264; x_wconf 92' lang='lat' dir='ltr'><strong>in</strong></span> <span class='ocrx_word' id='word_1_204' title='bbox 2427 1205 2657 1264; x_wconf 78' lang='lat' dir='ltr'><strong>excelsis</strong></span> <span class='ocrx_word' id='word_1_205' title='bbox 2686 1208 2956 1275; x_wconf 80' lang='lat' dir='ltr'><strong>habitans,</strong></span> <span class='ocrx_word' id='word_1_206' title='bbox 3000 1209 3227 1264; x_wconf 75' lang='lat' dir='ltr'><strong>exaltari</strong></span> <span class='ocrx_word' id='word_1_207' title='bbox 3259 1208 3477 1267; x_wconf 81' lang='lat' dir='ltr'><strong>dicitur,</strong></span> 
     </span>
    </p>
   </div>
   <div class='ocr_carea' id='block_1_29' title="bbox 1895 1297 3478 1368">
    <p class='ocr_par' dir='ltr' id='par_1_29' title="bbox 1895 1297 3478 1368">
     <span class='ocr_line' id='line_1_29' title="bbox 1895 1297 3478 1368; baseline -0.001 -16"><span class='ocrx_word' id='word_1_208' title='bbox 1895 1313 2129 1367; x_wconf 85' lang='lat' dir='ltr'><strong>quonam</strong></span> <span class='ocrx_word' id='word_1_209' title='bbox 2166 1301 2303 1353; x_wconf 89' lang='lat' dir='ltr'><strong>ultra</strong></span> <span class='ocrx_word' id='word_1_210' title='bbox 2342 1297 2435 1355; x_wconf 88' lang='lat' dir='ltr'><strong>Dei</strong></span> <span class='ocrx_word' id='word_1_211' title='bbox 2479 1309 2725 1354; x_wconf 88' lang='lat' dir='ltr'><strong>naturam</strong></span> <span class='ocrx_word' id='word_1_212' title='bbox 2774 1298 2828 1354; x_wconf 90' lang='lat' dir='ltr'><strong>id</strong></span> <span class='ocrx_word' id='word_1_213' title='bbox 2861 1300 3002 1368; x_wconf 87' lang='lat' dir='ltr'><strong>quod</strong></span> <span class='ocrx_word' id='word_1_214' title='bbox 3042 1301 3310 1352; x_wconf 81' lang='lat' dir='ltr'><strong>exaltatur</strong></span> <span class='ocrx_word' id='word_1_215' title='bbox 3343 1314 3478 1353; x_wconf 84' lang='lat' dir='ltr'><strong>con—</strong></span> 
     </span>
    </p>
   </div>
   <div class='ocr_carea' id='block_1_30' title="bbox 1895 1391 3477 1464">
    <p class='ocr_par' dir='ltr' id='par_1_30' title="bbox 1895 1391 3477 1464">
     <span class='ocr_line' id='line_1_30' title="bbox 1895 1391 3477 1464; baseline -0.003 -15"><span class='ocrx_word' id='word_1_216' title='bbox 1895 1393 2160 1450; x_wconf 89' lang='lat' dir='ltr'><strong>scendet?</strong></span> <span class='ocrx_word' id='word_1_217' title='bbox 2184 1393 2292 1449; x_wconf 84' lang='lat' dir='ltr'><strong>Aut</strong></span> <span class='ocrx_word' id='word_1_218' title='bbox 2319 1395 2587 1464; x_wconf 91' lang='lat' dir='ltr'><strong>quomodo</strong></span> <span class='ocrx_word' id='word_1_219' title='bbox 2619 1392 2835 1448; x_wconf 83' lang='lat' dir='ltr'><strong>humilis</strong></span> <span class='ocrx_word' id='word_1_220' title='bbox 2867 1403 3006 1456; x_wconf 86' lang='lat' dir='ltr'><strong>erat,</strong></span> <span class='ocrx_word' id='word_1_221' title='bbox 3051 1392 3103 1447; x_wconf 92' lang='lat' dir='ltr'><strong>in</strong></span> <span class='ocrx_word' id='word_1_222' title='bbox 3138 1393 3258 1449; x_wconf 80' lang='lat' dir='ltr'><strong>sinu</strong></span> <span class='ocrx_word' id='word_1_223' title='bbox 3301 1391 3477 1447; x_wconf 84' lang='lat' dir='ltr'><strong>excel—</strong></span> 
     </span>
    </p>
   </div>
   <div class='ocr_carea' id='block_1_31' title="bbox 1894 1478 3479 1556">
    <p class='ocr_par' dir='ltr' id='par_1_31' title="bbox 1894 1478 3479 1556">
     <span class='ocr_line' id='line_1_31' title="bbox 1894 1478 3479 1556; baseline -0.001 -15"><span class='ocrx_word' id='word_1_224' title='bbox 1894 1486 2096 1543; x_wconf 86' lang='lat' dir='ltr'><strong>sissimi</strong></span> <span class='ocrx_word' id='word_1_225' title='bbox 2130 1481 2310 1541; x_wconf 84' lang='lat' dir='ltr'><strong>Patris</strong></span> <span class='ocrx_word' id='word_1_226' title='bbox 2355 1478 2668 1542; x_wconf 84' lang='lat' dir='ltr'><strong>exsistens?</strong></span> <span class='ocrx_word' id='word_1_227' title='bbox 2697 1485 2804 1540; x_wconf 90' lang='lat' dir='ltr'><strong>Ant</strong></span> <span class='ocrx_word' id='word_1_228' title='bbox 2850 1502 2956 1556; x_wconf 84' lang='lat' dir='ltr'><strong>qua</strong></span> <span class='ocrx_word' id='word_1_229' title='bbox 3004 1485 3318 1540; x_wconf 81' lang='lat' dir='ltr'><strong>accessione</strong></span> <span class='ocrx_word' id='word_1_230' title='bbox 3363 1487 3479 1539; x_wconf 85' lang='lat' dir='ltr'><strong>sive</strong></span> 
     </span>
    </p>
   </div>
   <div class='ocr_carea' id='block_1_32' title="bbox 1897 1576 3480 1648">
    <p class='ocr_par' dir='ltr' id='par_1_32' title="bbox 1897 1576 3480 1648">
     <span class='ocr_line' id='line_1_32' title="bbox 1897 1576 3480 1648; baseline -0.001 -17"><span class='ocrx_word' id='word_1_231' title='bbox 1897 1577 2234 1633; x_wconf 89' lang='lat' dir='ltr'><strong>incremento</strong></span> <span class='ocrx_word' id='word_1_232' title='bbox 2269 1578 2545 1648; x_wconf 82' lang='lat' dir='ltr'><strong>indigebat</strong></span> <span class='ocrx_word' id='word_1_233' title='bbox 2574 1577 2757 1633; x_wconf 88' lang='lat' dir='ltr'><strong>Dens?</strong></span> <span class='ocrx_word' id='word_1_234' title='bbox 2790 1577 2846 1632; x_wconf 90' lang='lat' dir='ltr'><strong>Si</strong></span> <span class='ocrx_word' id='word_1_235' title='bbox 2878 1577 3084 1632; x_wconf 84' lang='lat' dir='ltr'><strong>idcirco</strong></span> <span class='ocrx_word' id='word_1_236' title='bbox 3112 1576 3394 1631; x_wconf 85' lang='lat' dir='ltr'><strong>descendit</strong></span> <span class='ocrx_word' id='word_1_237' title='bbox 3421 1587 3480 1629; x_wconf 92' lang='lat' dir='ltr'><strong>ut</strong></span> 
     </span>
    </p>
   </div>
   <div class='ocr_carea' id='block_1_33' title="bbox 1894 1668 3478 1742">
    <p class='ocr_par' dir='ltr' id='par_1_33' title="bbox 1894 1668 3478 1742">
     <span class='ocr_line' id='line_1_33' title="bbox 1894 1668 3478 1742; baseline -0.002 -16"><span class='ocrx_word' id='word_1_238' title='bbox 1894 1671 2249 1735; x_wconf 78' lang='lat' dir='ltr'><strong>exaltaretur,</strong></span> <span class='ocrx_word' id='word_1_239' title='bbox 2287 1672 2415 1742; x_wconf 88' lang='lat' dir='ltr'><strong>quid</strong></span> <span class='ocrx_word' id='word_1_240' title='bbox 2444 1680 2562 1726; x_wconf 85' lang='lat' dir='ltr'><strong>erat</strong></span> <span class='ocrx_word' id='word_1_241' title='bbox 2606 1686 2742 1739; x_wconf 86' lang='lat' dir='ltr'><strong>opus</strong></span> <span class='ocrx_word' id='word_1_242' title='bbox 2778 1670 3084 1726; x_wconf 80' lang='lat' dir='ltr'><strong>descensu?</strong></span> <span class='ocrx_word' id='word_1_243' title='bbox 3137 1668 3192 1723; x_wconf 91' lang='lat' dir='ltr'><strong>Si</strong></span> <span class='ocrx_word' id='word_1_244' title='bbox 3232 1669 3351 1723; x_wconf 88' lang='lat' dir='ltr'><strong>ideo</strong></span> <span class='ocrx_word' id='word_1_245' title='bbox 3390 1683 3478 1723; x_wconf 90' lang='lat' dir='ltr'><strong>se-</strong></span> 
     </span>
    </p>
   </div>
   <div class='ocr_carea' id='block_1_34' title="bbox 1895 1759 3481 1832">
    <p class='ocr_par' dir='ltr' id='par_1_34' title="bbox 1895 1759 3481 1832">
     <span class='ocr_line' id='line_1_34' title="bbox 1895 1759 3481 1832; baseline -0.003 -17"><span class='ocrx_word' id='word_1_246' title='bbox 1895 1762 2072 1831; x_wconf 88' lang='lat' dir='ltr'><strong>ipsutn</strong></span> <span class='ocrx_word' id='word_1_247' title='bbox 2121 1762 2444 1827; x_wconf 87' lang='lat' dir='ltr'><strong>humiliavit,</strong></span> <span class='ocrx_word' id='word_1_248' title='bbox 2482 1772 2540 1816; x_wconf 86' lang='grc' dir='ltr'><strong>ιιι</strong></span> <span class='ocrx_word' id='word_1_249' title='bbox 2573 1761 2989 1832; x_wconf 77' lang='lat' dir='ltr'><strong>gloriﬁcaretur,</strong></span> <span class='ocrx_word' id='word_1_250' title='bbox 3022 1759 3179 1831; x_wconf 79' lang='lat'><strong>195</strong></span> <span class='ocrx_word' id='word_1_251' title='bbox 3201 1759 3328 1829; x_wconf 91' lang='lat' dir='ltr'><strong>quid</strong></span> <span class='ocrx_word' id='word_1_252' title='bbox 3362 1769 3481 1814; x_wconf 80' lang='lat' dir='ltr'><strong>erat</strong></span> 
     </span>
    </p>
   </div>
   <div class='ocr_carea' id='block_1_35' title="bbox 1815 1851 3480 1923">
    <p class='ocr_par' dir='ltr' id='par_1_35' title="bbox 1815 1851 3480 1923">
     <span class='ocr_line' id='line_1_35' title="bbox 1815 1851 3480 1923; baseline -0.003 -15"><span class='ocrx_word' id='word_1_253' title='bbox 1815 1854 1856 1908; x_wconf 88' lang='grc' dir='ltr'><strong>Β</strong></span> <span class='ocrx_word' id='word_1_254' title='bbox 1884 1869 2018 1923; x_wconf 89' lang='lat' dir='ltr'><strong>opus</strong></span> <span class='ocrx_word' id='word_1_255' title='bbox 2048 1853 2465 1910; x_wconf 84' lang='lat' dir='ltr'><strong>humiliatione?</strong></span> <span class='ocrx_word' id='word_1_256' title='bbox 2490 1864 2581 1909; x_wconf 89' lang='lat' dir='ltr'><strong>aut</strong></span> <span class='ocrx_word' id='word_1_257' title='bbox 2614 1855 2887 1923; x_wconf 87' lang='lat' dir='ltr'><strong>quomodo</strong></span> <span class='ocrx_word' id='word_1_258' title='bbox 2923 1870 3027 1907; x_wconf 91' lang='lat' dir='ltr'><strong>non</strong></span> <span class='ocrx_word' id='word_1_259' title='bbox 3077 1854 3149 1908; x_wconf 86' lang='lat' dir='ltr'><strong>sit</strong></span> <span class='ocrx_word' id='word_1_260' title='bbox 3176 1851 3480 1906; x_wconf 86' lang='lat' dir='ltr'><strong>censendus</strong></span> 
     </span>
    </p>
   </div>
   <div class='ocr_carea' id='block_1_36' title="bbox 229 1947 3477 2025">
    <p class='ocr_par' dir='ltr' id='par_1_36' title="bbox 229 1947 3477 2025">
     <span class='ocr_line' id='line_1_36' title="bbox 229 1947 3477 2025; baseline -0.003 -15"><span class='ocrx_word' id='word_1_261' title='bbox 229 1954 461 2025; x_wconf 79' lang='lat' dir='ltr'><strong>insipiens</strong></span> <span class='ocrx_word' id='word_1_262' title='bbox 484 1954 569 2023; x_wconf 89' lang='lat' dir='ltr'><strong>qui</strong></span> <span class='ocrx_word' id='word_1_263' title='bbox 613 1951 673 2006; x_wconf 87' lang='lat' dir='ltr'><strong>id</strong></span> <span class='ocrx_word' id='word_1_264' title='bbox 705 1966 908 2020; x_wconf 87' lang='lat' dir='ltr'><strong>magno</strong></span> <span class='ocrx_word' id='word_1_265' title='bbox 943 1965 1068 2006; x_wconf 89' lang='lat' dir='ltr'><strong>cum</strong></span> <span class='ocrx_word' id='word_1_266' title='bbox 1112 1950 1297 2007; x_wconf 87' lang='lat' dir='ltr'><strong>labore</strong></span> <span class='ocrx_word' id='word_1_267' title='bbox 1329 1951 1545 2021; x_wconf 86' lang='lat' dir='ltr'><strong>quaerit,</strong></span> <span class='ocrx_word' id='word_1_268' title='bbox 1583 1950 1725 2022; x_wconf 90' lang='lat' dir='ltr'><strong>quod</strong></span> <span class='ocrx_word' id='word_1_269' title='bbox 1765 1952 1898 2005; x_wconf 89' lang='lat' dir='ltr'><strong>citra</strong></span> <span class='ocrx_word' id='word_1_270' title='bbox 1939 1950 2174 2005; x_wconf 85' lang='lat' dir='ltr'><strong>laborem</strong></span> <span class='ocrx_word' id='word_1_271' title='bbox 2216 1950 2417 2006; x_wconf 86' lang='lat' dir='ltr'><strong>habere</strong></span> <span class='ocrx_word' id='word_1_272' title='bbox 2478 1949 2695 2021; x_wconf 83' lang='lat' dir='ltr'><strong>potest?</strong></span> <span class='ocrx_word' id='word_1_273' title='bbox 2730 1950 2799 2004; x_wconf 85' lang='lat' dir='ltr'><strong>At</strong></span> <span class='ocrx_word' id='word_1_274' title='bbox 2830 1951 3098 2021; x_wconf 90' lang='lat' dir='ltr'><strong>quomodo</strong></span> <span class='ocrx_word' id='word_1_275' title='bbox 3138 1947 3343 2018; x_wconf 86' lang='lat' dir='ltr'><strong>accepit</strong></span> <span class='ocrx_word' id='word_1_276' title='bbox 3379 1963 3477 2001; x_wconf 83' lang='lat' dir='ltr'><strong>no-</strong></span> 
     </span>
    </p>
   </div>
   <div class='ocr_carea' id='block_1_37' title="bbox 240 2030 2299 2117">
    <p class='ocr_par' dir='ltr' id='par_1_37' title="bbox 240 2030 2299 2117">
     <span class='ocr_line' id='line_1_37' title="bbox 240 2030 2299 2117; baseline -0.002 -15"><span class='ocrx_word' id='word_1_277' title='bbox 240 2064 351 2103; x_wconf 76' lang='lat' dir='ltr'><strong>men</strong></span> <span class='ocrx_word' id='word_1_278' title='bbox 382 2051 507 2117; x_wconf 85' lang='lat' dir='ltr'><strong>quod</strong></span> <span class='ocrx_word' id='word_1_279' title='bbox 536 2057 618 2101; x_wconf 86' lang='lat' dir='ltr'><strong>est</strong></span> <span class='ocrx_word' id='word_1_280' title='bbox 647 2060 823 2115; x_wconf 90' lang='lat' dir='ltr'><strong>super</strong></span> <span class='ocrx_word' id='word_1_281' title='bbox 858 2059 1023 2100; x_wconf 90' lang='lat' dir='ltr'><strong>omne</strong></span> <span class='ocrx_word' id='word_1_282' title='bbox 1046 2060 1265 2112; x_wconf 89' lang='lat' dir='ltr'><strong>nomen,</strong></span> <span class='ocrx_word' id='word_1_283' title='bbox 1301 2046 1392 2115; x_wconf 87' lang='lat' dir='ltr'><strong>qui</strong></span> <span class='ocrx_word' id='word_1_284' title='bbox 1422 2059 1637 2117; x_wconf 85' lang='lat' dir='ltr'><strong>semper</strong></span> <span class='ocrx_word' id='word_1_285' title='bbox 1662 2046 1715 2100; x_wconf 92' lang='lat' dir='ltr'><strong>in</strong></span> <span class='ocrx_word' id='word_1_286' title='bbox 1741 2030 1861 2116; x_wconf 75' lang='lat' dir='ltr'><strong>ipso</strong></span> <span class='ocrx_word' id='word_1_287' title='bbox 1882 2054 1967 2101; x_wconf 88' lang='lat' dir='ltr'><strong>est</strong></span> <span class='ocrx_word' id='word_1_288' title='bbox 2003 2044 2299 2101; x_wconf 83' lang='lat' dir='ltr'><strong>adoratus?</strong></span> 
     </span>
    </p>
   </div>
   <div class='ocr_carea' id='block_1_38' title="bbox 613 2159 1383 2230">
    <p class='ocr_par' dir='ltr' id='par_1_38' title="bbox 613 2159 1383 2230">
     <span class='ocr_line' id='line_1_38' title="bbox 613 2159 1383 2230; baseline -0.003 -13"><span class='ocrx_word' id='word_1_289' title='bbox 613 2159 823 2230; x_wconf 80' lang='grc' dir='ltr'><strong>Ῥητὰ,</strong></span> <span class='ocrx_word' id='word_1_290' title='bbox 854 2160 947 2214; x_wconf 79' lang='grc' dir='ltr'><strong>ὅτι</strong></span> <span class='ocrx_word' id='word_1_291' title='bbox 977 2161 1121 2228; x_wconf 75' lang='grc' dir='ltr'>Θεὸς</span> <span class='ocrx_word' id='word_1_292' title='bbox 1150 2164 1184 2216; x_wconf 84' lang='grc' dir='ltr'><em>ὀ</em></span> <span class='ocrx_word' id='word_1_293' title='bbox 1227 2161 1383 2229; x_wconf 77' lang='grc' dir='ltr'><em>Υἱός.</em></span> 
     </span>
    </p>
   </div>
   <div class='ocr_carea' id='block_1_39' title="bbox 301 2268 1790 2344">
    <p class='ocr_par' dir='ltr' id='par_1_39' title="bbox 301 2268 1790 2344">
     <span class='ocr_line' id='line_1_39' title="bbox 301 2268 1790 2344; baseline -0.008 -8"><span class='ocrx_word' id='word_1_294' title='bbox 301 2292 321 2327; x_wconf 71' lang='grc'><strong><em>⁸</em></strong></span> <span class='ocrx_word' id='word_1_295' title='bbox 351 2274 403 2327; x_wconf 85' lang='grc'><em>’0</em></span> <span class='ocrx_word' id='word_1_296' title='bbox 425 2272 543 2336; x_wconf 80' lang='grc' dir='ltr'><strong>Θεὸς</strong></span> <span class='ocrx_word' id='word_1_297' title='bbox 567 2274 629 2327; x_wconf 68' lang='grc' dir='ltr'><strong>ἐν</strong></span> <span class='ocrx_word' id='word_1_298' title='bbox 651 2271 736 2343; x_wconf 82' lang='grc' dir='ltr'>τῷ</span> <span class='ocrx_word' id='word_1_299' title='bbox 761 2268 994 2340; x_wconf 83' lang='grc' dir='ltr'>ὀνόματί</span> <span class='ocrx_word' id='word_1_300' title='bbox 1017 2287 1111 2327; x_wconf 77' lang='grc' dir='ltr'><strong>σοι)</strong></span> <span class='ocrx_word' id='word_1_301' title='bbox 1122 2273 1295 2329; x_wconf 85' lang='grc' dir='ltr'>σῶσόν</span> <span class='ocrx_word' id='word_1_302' title='bbox 1315 2287 1435 2344; x_wconf 78' lang='grc' dir='ltr'><strong>με’»</strong></span> <span class='ocrx_word' id='word_1_303' title='bbox 1462 2270 1574 2333; x_wconf 74' lang='grc' dir='ltr'>καὶ,</span> <span class='ocrx_word' id='word_1_304' title='bbox 1594 2270 1790 2341; x_wconf 79' lang='grc' dir='ltr'>ιΠροσ-</span> 
     </span>
    </p>
   </div>
   <div class='ocr_carea' id='block_1_40' title="bbox 225 2362 1785 2437">
    <p class='ocr_par' dir='ltr' id='par_1_40' title="bbox 225 2362 1785 2437">
     <span class='ocr_line' id='line_1_40' title="bbox 225 2362 1785 2437; baseline -0.001 -17"><span class='ocrx_word' id='word_1_305' title='bbox 225 2368 585 2437; x_wconf 74' lang='grc' dir='ltr'>κυνησάτωσαν</span> <span class='ocrx_word' id='word_1_306' title='bbox 627 2364 715 2435; x_wconf 82' lang='grc' dir='ltr'>τῷ</span> <span class='ocrx_word' id='word_1_307' title='bbox 748 2363 980 2434; x_wconf 86' lang='grc' dir='ltr'>ὀνόματί</span> <span class='ocrx_word' id='word_1_308' title='bbox 1012 2381 1128 2429; x_wconf 89' lang='grc' dir='ltr'>σου,</span> <span class='ocrx_word' id='word_1_309' title='bbox 1167 2363 1373 2434; x_wconf 82' lang='grc' dir='ltr'>Κύριε,</span> <span class='ocrx_word' id='word_1_310' title='bbox 1419 2362 1499 2432; x_wconf 82' lang='grc' dir='ltr'>τῷ</span> <span class='ocrx_word' id='word_1_311' title='bbox 1544 2364 1785 2436; x_wconf 86' lang='grc' dir='ltr'>μεγάλῳ.</span> 
     </span>
    </p>
   </div>
   <div class='ocr_carea' id='block_1_41' title="bbox 224 2451 1789 2527">
    <p class='ocr_par' dir='ltr' id='par_1_41' title="bbox 224 2451 1789 2527">
     <span class='ocr_line' id='line_1_41' title="bbox 224 2451 1789 2527; baseline -0.004 -16"><span class='ocrx_word' id='word_1_312' title='bbox 224 2456 322 2527; x_wconf 70' lang='grc' dir='ltr'><strong>Πρὸ</strong></span> <span class='ocrx_word' id='word_1_313' title='bbox 345 2454 428 2509; x_wconf 72' lang='grc' dir='ltr'><strong>τοῦ</strong></span> <span class='ocrx_word' id='word_1_314' title='bbox 456 2455 614 2526; x_wconf 69' lang='grc' dir='ltr'>ἡλίου</span> <span class='ocrx_word' id='word_1_315' title='bbox 649 2453 909 2523; x_wconf 78' lang='grc' dir='ltr'>διαμένει</span> <span class='ocrx_word' id='word_1_316' title='bbox 945 2452 1010 2506; x_wconf 84' lang='grc' dir='ltr'><strong>τὸ</strong></span> <span class='ocrx_word' id='word_1_317' title='bbox 1038 2453 1211 2523; x_wconf 76' lang='grc' dir='ltr'>ὄνομα</span> <span class='ocrx_word' id='word_1_318' title='bbox 1248 2452 1437 2506; x_wconf 76' lang='grc' dir='ltr'>αὐτοῦ.</span> <span class='ocrx_word' id='word_1_319' title='bbox 1469 2452 1599 2504; x_wconf 80' lang='grc' dir='ltr'>Δότε</span> <span class='ocrx_word' id='word_1_320' title='bbox 1629 2451 1789 2518; x_wconf 76' lang='grc' dir='ltr'>δόξαν</span> 
     </span>
    </p>
   </div>
   <div class='ocr_carea' id='block_1_42' title="bbox 229 2538 1786 2617">
    <p class='ocr_par' dir='ltr' id='par_1_42' title="bbox 229 2538 1786 2617">
     <span class='ocr_line' id='line_1_42' title="bbox 229 2538 1786 2617; baseline -0.003 -17"><span class='ocrx_word' id='word_1_321' title='bbox 229 2548 422 2617; x_wconf 73' lang='grc' dir='ltr'>ὀνόματι</span> <span class='ocrx_word' id='word_1_322' title='bbox 446 2546 642 2600; x_wconf 78' lang='grc' dir='ltr'>αὐτοῦ.</span> <span class='ocrx_word' id='word_1_323' title='bbox 670 2540 837 2599; x_wconf 75' lang='grc' dir='ltr'>Οὗτοι</span> <span class='ocrx_word' id='word_1_324' title='bbox 866 2545 926 2597; x_wconf 79' lang='grc' dir='ltr'>ὲν</span> <span class='ocrx_word' id='word_1_325' title='bbox 958 2544 1169 2615; x_wconf 74' lang='grc' dir='ltr'>ἅρμασι</span> <span class='ocrx_word' id='word_1_326' title='bbox 1200 2544 1291 2596; x_wconf 74' lang='grc' dir='ltr'>καὶ</span> <span class='ocrx_word' id='word_1_327' title='bbox 1314 2538 1460 2598; x_wconf 78' lang='grc' dir='ltr'>οὗτοι</span> <span class='ocrx_word' id='word_1_328' title='bbox 1492 2545 1550 2596; x_wconf 81' lang='grc' dir='ltr'>ἐν</span> <span class='ocrx_word' id='word_1_329' title='bbox 1577 2543 1786 2608; x_wconf 80' lang='grc' dir='ltr'><strong>ἵπποις,</strong></span> 
     </span>
    </p>
   </div>
   <div class='ocr_carea' id='block_1_43' title="bbox 231 2633 1789 2710">
    <p class='ocr_par' dir='ltr' id='par_1_43' title="bbox 231 2633 1789 2710">
     <span class='ocr_line' id='line_1_43' title="bbox 231 2633 1789 2710; baseline -0.003 -17"><span class='ocrx_word' id='word_1_330' title='bbox 231 2642 366 2710; x_wconf 62' lang='grc' dir='ltr'><strong>ἡμεῖς</strong></span> <span class='ocrx_word' id='word_1_331' title='bbox 408 2639 458 2693; x_wconf 73' lang='grc' dir='ltr'><strong>δὲ</strong></span> <span class='ocrx_word' id='word_1_332' title='bbox 506 2641 572 2693; x_wconf 80' lang='grc' dir='ltr'><strong>ὲν</strong></span> <span class='ocrx_word' id='word_1_333' title='bbox 648 2638 886 2708; x_wconf 82' lang='grc' dir='ltr'>ὀνόματι</span> <span class='ocrx_word' id='word_1_334' title='bbox 943 2635 1153 2707; x_wconf 82' lang='grc' dir='ltr'><strong>Κυρίου</strong></span> <span class='ocrx_word' id='word_1_335' title='bbox 1214 2633 1350 2689; x_wconf 81' lang='grc' dir='ltr'>Θεοῦ</span> <span class='ocrx_word' id='word_1_336' title='bbox 1405 2635 1564 2706; x_wconf 79' lang='grc' dir='ltr'>ἡμῶν</span> <span class='ocrx_word' id='word_1_337' title='bbox 1615 2651 1789 2707; x_wconf 86' lang='grc' dir='ltr'>μεγα-</span> 
     </span>
    </p>
   </div>
   <div class='ocr_carea' id='block_1_44' title="bbox 220 2722 1792 2803">
    <p class='ocr_par' dir='ltr' id='par_1_44' title="bbox 220 2722 1792 2803">
     <span class='ocr_line' id='line_1_44' title="bbox 220 2722 1792 2803; baseline -0.001 -20"><span class='ocrx_word' id='word_1_338' title='bbox 220 2731 597 2803; x_wconf 73' lang='grc' dir='ltr'>λυνθησόμεθα.</span> <span class='ocrx_word' id='word_1_339' title='bbox 636 2749 658 2782; x_wconf 75' lang='grc' dir='ltr'><strong>ι</strong></span> <span class='ocrx_word' id='word_1_340' title='bbox 729 2728 859 2794; x_wconf 83' lang='grc' dir='ltr'><strong>Πῶς</strong></span> <span class='ocrx_word' id='word_1_341' title='bbox 912 2722 1008 2783; x_wconf 76' lang='grc' dir='ltr'><strong>οὖν</strong></span> <span class='ocrx_word' id='word_1_342' title='bbox 1050 2726 1277 2793; x_wconf 72' lang='grc' dir='ltr'>ἔλασεν,</span> <span class='ocrx_word' id='word_1_343' title='bbox 1325 2727 1464 2797; x_wconf 83' lang='grc' dir='ltr'>ὅπερ</span> <span class='ocrx_word' id='word_1_344' title='bbox 1510 2725 1651 2799; x_wconf 80' lang='grc' dir='ltr'>ἔχων</span> <span class='ocrx_word' id='word_1_345' title='bbox 1700 2727 1792 2781; x_wconf 81' lang='grc' dir='ltr'><strong>ἀεὶ</strong></span> 
     </span>
    </p>
   </div>
   <div class='ocr_carea' id='block_1_45' title="bbox 213 2825 845 2896">
    <p class='ocr_par' dir='ltr' id='par_1_45' title="bbox 213 2825 845 2896">
     <span class='ocr_line' id='line_1_45' title="bbox 213 2825 845 2896; baseline -0.002 -17"><span class='ocrx_word' id='word_1_346' title='bbox 213 2826 437 2896; x_wconf 76' lang='grc' dir='ltr'>φαίνεται</span> <span class='ocrx_word' id='word_1_347' title='bbox 455 2841 472 2893; x_wconf 89' lang='lat'><strong>;</strong></span> <span class='ocrx_word' id='word_1_348' title='bbox 839 2825 845 2833; x_wconf 86' lang='grc'><em>’</em></span> 
     </span>
    </p>
   </div>
   <div class='ocr_carea' id='block_1_46' title="bbox 787 2934 1205 3008">
    <p class='ocr_par' dir='ltr' id='par_1_46' title="bbox 787 2934 1205 3008">
     <span class='ocr_line' id='line_1_46' title="bbox 787 2934 1205 3008; baseline 0.002 -13"><span class='ocrx_word' id='word_1_349' title='bbox 787 2937 979 3006; x_wconf 80' lang='grc' dir='ltr'><strong>Λύσις</strong></span> <span class='ocrx_word' id='word_1_350' title='bbox 1012 2934 1205 3008; x_wconf 77' lang='grc' dir='ltr'>ἑτέρα.</span> 
     </span>
    </p>
   </div>
   <div class='ocr_carea' id='block_1_47' title="bbox 192 3060 1793 3151">
    <p class='ocr_par' dir='ltr' id='par_1_47' title="bbox 192 3060 1793 3151">
     <span class='ocr_line' id='line_1_47' title="bbox 192 3060 1793 3151; baseline -0.005 -16"><span class='ocrx_word' id='word_1_351' title='bbox 192 3060 199 3103; x_wconf 61' lang='grc' dir='ltr'><strong>ί</strong></span> <span class='ocrx_word' id='word_1_352' title='bbox 279 3081 332 3135; x_wconf 69' lang='grc' dir='ltr'><strong>ιιι</strong></span> <span class='ocrx_word' id='word_1_353' title='bbox 355 3099 375 3133; x_wconf 79' lang='grc' dir='ltr'><strong>ι</strong></span> <span class='ocrx_word' id='word_1_354' title='bbox 398 3082 456 3134; x_wconf 80' lang='grc' dir='ltr'>ἐν</span> <span class='ocrx_word' id='word_1_355' title='bbox 484 3078 649 3151; x_wconf 78' lang='grc' dir='ltr'>ἀρχῇ</span> <span class='ocrx_word' id='word_1_356' title='bbox 677 3071 751 3149; x_wconf 72' lang='grc' dir='ltr'>ἦν</span> <span class='ocrx_word' id='word_1_357' title='bbox 780 3077 810 3129; x_wconf 84' lang='lat'><strong>6</strong></span> <span class='ocrx_word' id='word_1_358' title='bbox 830 3074 1025 3144; x_wconf 82' lang='grc' dir='ltr'><strong>Λόγος,</strong></span> <span class='ocrx_word' id='word_1_359' title='bbox 1059 3074 1156 3129; x_wconf 76' lang='grc' dir='ltr'><strong>και</strong></span> <span class='ocrx_word' id='word_1_360' title='bbox 1177 3071 1310 3137; x_wconf 85' lang='grc' dir='ltr'>Θεὸς</span> <span class='ocrx_word' id='word_1_361' title='bbox 1334 3067 1404 3145; x_wconf 81' lang='grc' dir='ltr'>ἦν</span> <span class='ocrx_word' id='word_1_362' title='bbox 1427 3074 1456 3127; x_wconf 85' lang='grc' dir='ltr'><strong>ὁ</strong></span> <span class='ocrx_word' id='word_1_363' title='bbox 1483 3073 1678 3143; x_wconf 82' lang='grc' dir='ltr'><strong>Λόγος,</strong></span> <span class='ocrx_word' id='word_1_364' title='bbox 1697 3073 1793 3129; x_wconf 76' lang='grc' dir='ltr'>και</span> 
     </span>
    </p>
   </div>
   <div class='ocr_carea' id='block_1_48' title="bbox 228 3161 1793 3243">
    <p class='ocr_par' dir='ltr' id='par_1_48' title="bbox 228 3161 1793 3243">
     <span class='ocr_line' id='line_1_48' title="bbox 228 3161 1793 3243; baseline -0.006 -18"><span class='ocrx_word' id='word_1_365' title='bbox 228 3166 281 3243; x_wconf 65' lang='grc' dir='ltr'>ἢν</span> <span class='ocrx_word' id='word_1_366' title='bbox 313 3174 363 3225; x_wconf 77' lang='grc' dir='ltr'>ὲν</span> <span class='ocrx_word' id='word_1_367' title='bbox 403 3172 555 3242; x_wconf 76' lang='grc' dir='ltr'>ἀρχῇ</span> <span class='ocrx_word' id='word_1_368' title='bbox 595 3166 744 3238; x_wconf 84' lang='grc' dir='ltr'>πρὸς</span> <span class='ocrx_word' id='word_1_369' title='bbox 783 3166 876 3220; x_wconf 81' lang='grc' dir='ltr'><strong>τὸν</strong></span> <span class='ocrx_word' id='word_1_370' title='bbox 909 3164 1067 3229; x_wconf 83' lang='grc' dir='ltr'>Θεὸν,</span> <span class='ocrx_word' id='word_1_371' title='bbox 1102 3182 1122 3216; x_wconf 73' lang='grc' dir='ltr'><strong>ι</strong></span> <span class='ocrx_word' id='word_1_372' title='bbox 1176 3162 1406 3235; x_wconf 73' lang='grc' dir='ltr'>ὕστερον</span> <span class='ocrx_word' id='word_1_373' title='bbox 1452 3161 1510 3215; x_wconf 77' lang='grc' dir='ltr'><strong>δὲ</strong></span> <span class='ocrx_word' id='word_1_374' title='bbox 1551 3162 1641 3216; x_wconf 84' lang='grc' dir='ltr'><strong>διὰ</strong></span> <span class='ocrx_word' id='word_1_375' title='bbox 1690 3162 1793 3234; x_wconf 80' lang='grc' dir='ltr'>τὴν</span> 
     </span>
    </p>
   </div>
   <div class='ocr_carea' id='block_1_49' title="bbox 231 3253 1793 3333">
    <p class='ocr_par' dir='ltr' id='par_1_49' title="bbox 231 3253 1793 3333">
     <span class='ocr_line' id='line_1_49' title="bbox 231 3253 1793 3333; baseline -0.007 -16"><span class='ocrx_word' id='word_1_376' title='bbox 231 3265 457 3333; x_wconf 64' lang='grc' dir='ltr'>ἡμετέραν</span> <span class='ocrx_word' id='word_1_377' title='bbox 478 3259 784 3332; x_wconf 80' lang='grc' dir='ltr'><strong>σωτηρίαν</strong></span> <span class='ocrx_word' id='word_1_378' title='bbox 803 3256 1171 3311; x_wconf 72' lang='grc' dir='ltr'>ἐταπείνωσεν</span> <span class='ocrx_word' id='word_1_379' title='bbox 1199 3253 1414 3317; x_wconf 75' lang='grc' dir='ltr'>ἑαυτὸν,</span> <span class='ocrx_word' id='word_1_380' title='bbox 1436 3253 1527 3307; x_wconf 84' lang='grc' dir='ltr'><strong>διά</strong></span> <span class='ocrx_word' id='word_1_381' title='bbox 1552 3270 1612 3306; x_wconf 90' lang='grc' dir='ltr'><strong>τε</strong></span> <span class='ocrx_word' id='word_1_382' title='bbox 1632 3253 1793 3307; x_wconf 81' lang='grc' dir='ltr'>τοῦτο</span> 
     </span>
    </p>
   </div>
   <div class='ocr_carea' id='block_1_50' title="bbox 234 3343 1790 3421">
    <p class='ocr_par' dir='ltr' id='par_1_50' title="bbox 234 3343 1790 3421">
     <span class='ocr_line' id='line_1_50' title="bbox 234 3343 1790 3421; baseline -0.006 -16"><span class='ocrx_word' id='word_1_383' title='bbox 234 3352 455 3421; x_wconf 52' lang='grc' dir='ltr'>ὑφοῦσθαι</span> <span class='ocrx_word' id='word_1_384' title='bbox 482 3351 730 3419; x_wconf 79' lang='grc' dir='ltr'>λέγεται</span> <span class='ocrx_word' id='word_1_385' title='bbox 754 3388 771 3413; x_wconf 87' lang='grc'><em>,</em></span> <span class='ocrx_word' id='word_1_386' title='bbox 806 3346 924 3411; x_wconf 82' lang='grc' dir='ltr'><strong>πῶς</strong></span> <span class='ocrx_word' id='word_1_387' title='bbox 966 3347 1069 3401; x_wconf 81' lang='grc' dir='ltr'>οὐκ</span> <span class='ocrx_word' id='word_1_388' title='bbox 1099 3345 1253 3400; x_wconf 76' lang='grc' dir='ltr'>ἔσται</span> <span class='ocrx_word' id='word_1_389' title='bbox 1284 3344 1447 3398; x_wconf 87' lang='grc' dir='ltr'>παντί</span> <span class='ocrx_word' id='word_1_390' title='bbox 1474 3361 1553 3415; x_wconf 81' lang='grc' dir='ltr'>τῳ</span> <span class='ocrx_word' id='word_1_391' title='bbox 1595 3343 1790 3411; x_wconf 80' lang='grc' dir='ltr'><strong>σαφὲς,</strong></span> 
     </span>
    </p>
   </div>
   <div class='ocr_carea' id='block_1_51' title="bbox 2167 2159 3217 2233">
    <p class='ocr_par' dir='ltr' id='par_1_51' title="bbox 2167 2159 3217 2233">
     <span class='ocr_line' id='line_1_51' title="bbox 2167 2159 3217 2233; baseline -0.001 -17"><span class='ocrx_word' id='word_1_392' title='bbox 2167 2163 2526 2216; x_wconf 80' lang='lat' dir='ltr'><strong>Auctoritam</strong></span> <span class='ocrx_word' id='word_1_393' title='bbox 2558 2164 2698 2233; x_wconf 84' lang='lat' dir='ltr'><strong>quod</strong></span> <span class='ocrx_word' id='word_1_394' title='bbox 2736 2159 2914 2216; x_wconf 75' lang='lat' dir='ltr'><strong>Filius</strong></span> <span class='ocrx_word' id='word_1_395' title='bbox 2949 2161 3017 2217; x_wconf 79' lang='lat' dir='ltr'><strong>sit</strong></span> <span class='ocrx_word' id='word_1_396' title='bbox 3055 2162 3217 2218; x_wconf 80' lang='lat' dir='ltr'><strong>Deus.</strong></span> 
     </span>
    </p>
   </div>
   <div class='ocr_carea' id='block_1_52' title="bbox 1974 2269 3477 2342">
    <p class='ocr_par' dir='ltr' id='par_1_52' title="bbox 1974 2269 3477 2342">
     <span class='ocr_line' id='line_1_52' title="bbox 1974 2269 3477 2342; baseline 0.004 -19"><span class='ocrx_word' id='word_1_397' title='bbox 1974 2289 1994 2322; x_wconf 84' lang='grc' dir='ltr'><strong>ι</strong></span> <span class='ocrx_word' id='word_1_398' title='bbox 2020 2269 2179 2336; x_wconf 88' lang='lat' dir='ltr'><strong>Deus,</strong></span> <span class='ocrx_word' id='word_1_399' title='bbox 2202 2270 2255 2326; x_wconf 91' lang='lat' dir='ltr'><strong>in</strong></span> <span class='ocrx_word' id='word_1_400' title='bbox 2280 2272 2497 2327; x_wconf 88' lang='lat' dir='ltr'><strong>nomine</strong></span> <span class='ocrx_word' id='word_1_401' title='bbox 2518 2282 2610 2328; x_wconf 89' lang='lat' dir='ltr'><strong>tuo</strong></span> <span class='ocrx_word' id='word_1_402' title='bbox 2624 2272 2831 2329; x_wconf 82' lang='lat' dir='ltr'><strong>salvum</strong></span> <span class='ocrx_word' id='word_1_403' title='bbox 2852 2287 2938 2328; x_wconf 89' lang='lat' dir='ltr'><strong>me</strong></span> <span class='ocrx_word' id='word_1_404' title='bbox 2950 2272 3037 2329; x_wconf 82' lang='lat' dir='ltr'><strong>fac</strong></span> <span class='ocrx_word' id='word_1_405' title='bbox 3053 2275 3131 2342; x_wconf 82' lang='grc'><strong>⁸¹;</strong></span> <span class='ocrx_word' id='word_1_406' title='bbox 3154 2293 3172 2326; x_wconf 79' lang='grc' dir='ltr'><strong>ι</strong></span> <span class='ocrx_word' id='word_1_407' title='bbox 3194 2283 3270 2339; x_wconf 85' lang='lat' dir='ltr'><strong>et,</strong></span> <span class='ocrx_word' id='word_1_408' title='bbox 3293 2293 3313 2326; x_wconf 82' lang='grc' dir='ltr'><strong>ι</strong></span> <span class='ocrx_word' id='word_1_409' title='bbox 3334 2275 3477 2329; x_wconf 82' lang='lat' dir='ltr'><strong>Ado-</strong></span> 
     </span>
    </p>
   </div>
   <div class='ocr_carea' id='block_1_53' title="bbox 1899 2364 3479 2435">
    <p class='ocr_par' dir='ltr' id='par_1_53' title="bbox 1899 2364 3479 2435">
     <span class='ocr_line' id='line_1_53' title="bbox 1899 2364 3479 2435; baseline 0.003 -19"><span class='ocrx_word' id='word_1_410' title='bbox 1899 2373 2022 2417; x_wconf 88' lang='lat' dir='ltr'><strong>rent</strong></span> <span class='ocrx_word' id='word_1_411' title='bbox 2061 2377 2256 2418; x_wconf 87' lang='lat' dir='ltr'><strong>nomen</strong></span> <span class='ocrx_word' id='word_1_412' title='bbox 2276 2373 2450 2430; x_wconf 89' lang='lat' dir='ltr'><strong>tuum,</strong></span> <span class='ocrx_word' id='word_1_413' title='bbox 2476 2364 2729 2430; x_wconf 87' lang='lat' dir='ltr'><strong>Domine,</strong></span> <span class='ocrx_word' id='word_1_414' title='bbox 2758 2379 3016 2435; x_wconf 82' lang='lat' dir='ltr'><strong>magnum</strong></span> <span class='ocrx_word' id='word_1_415' title='bbox 3040 2366 3112 2422; x_wconf 80' lang='lat'><strong>”.</strong></span> <span class='ocrx_word' id='word_1_416' title='bbox 3132 2366 3278 2422; x_wconf 83' lang='lat' dir='ltr'><strong>Ante</strong></span> <span class='ocrx_word' id='word_1_417' title='bbox 3307 2367 3479 2422; x_wconf 81' lang='lat' dir='ltr'><strong>solem</strong></span> 
     </span>
    </p>
   </div>
   <div class='ocr_carea' id='block_1_54' title="bbox 1896 2455 3477 2528">
    <p class='ocr_par' dir='ltr' id='par_1_54' title="bbox 1896 2455 3477 2528">
     <span class='ocr_line' id='line_1_54' title="bbox 1896 2455 3477 2528; baseline 0.003 -20"><span class='ocrx_word' id='word_1_418' title='bbox 1896 2463 2177 2522; x_wconf 88' lang='lat' dir='ltr'><strong>permanet</strong></span> <span class='ocrx_word' id='word_1_419' title='bbox 2194 2468 2389 2511; x_wconf 90' lang='lat' dir='ltr'><strong>nomen</strong></span> <span class='ocrx_word' id='word_1_420' title='bbox 2409 2455 2529 2525; x_wconf 83' lang='lat' dir='ltr'><strong>ejus</strong></span> <span class='ocrx_word' id='word_1_421' title='bbox 2550 2455 2619 2511; x_wconf 85' lang='grc'><strong>⁸⁸.</strong></span> <span class='ocrx_word' id='word_1_422' title='bbox 2648 2455 2780 2511; x_wconf 87' lang='lat' dir='ltr'><strong>Date</strong></span> <span class='ocrx_word' id='word_1_423' title='bbox 2793 2456 3018 2528; x_wconf 75' lang='lat' dir='ltr'><strong>gloriam</strong></span> <span class='ocrx_word' id='word_1_424' title='bbox 3036 2459 3241 2514; x_wconf 89' lang='lat' dir='ltr'><strong>nomini</strong></span> <span class='ocrx_word' id='word_1_425' title='bbox 3269 2459 3387 2528; x_wconf 79' lang='lat' dir='ltr'><strong>ejus</strong></span> <span class='ocrx_word' id='word_1_426' title='bbox 3409 2458 3477 2512; x_wconf 79' lang='lat'><strong>“.</strong></span> 
     </span>
    </p>
   </div>
   <div class='ocr_carea' id='block_1_55' title="bbox 1898 2542 3483 2618">
    <p class='ocr_par' dir='ltr' id='par_1_55' title="bbox 1898 2542 3483 2618">
     <span class='ocr_line' id='line_1_55' title="bbox 1898 2542 3483 2618; baseline 0.005 -20"><span class='ocrx_word' id='word_1_427' title='bbox 1898 2542 1960 2599; x_wconf 93' lang='lat' dir='ltr'><strong>lli</strong></span> <span class='ocrx_word' id='word_1_428' title='bbox 1997 2544 2051 2599; x_wconf 91' lang='lat' dir='ltr'><strong>in</strong></span> <span class='ocrx_word' id='word_1_429' title='bbox 2079 2547 2331 2603; x_wconf 90' lang='lat' dir='ltr'><strong>curribus</strong></span> <span class='ocrx_word' id='word_1_430' title='bbox 2362 2556 2419 2602; x_wconf 90' lang='lat' dir='ltr'><strong>et</strong></span> <span class='ocrx_word' id='word_1_431' title='bbox 2447 2548 2502 2602; x_wconf 91' lang='lat' dir='ltr'><strong>hi</strong></span> <span class='ocrx_word' id='word_1_432' title='bbox 2533 2549 2586 2602; x_wconf 92' lang='lat' dir='ltr'><strong>in</strong></span> <span class='ocrx_word' id='word_1_433' title='bbox 2611 2548 2790 2618; x_wconf 87' lang='lat' dir='ltr'><strong>equis,</strong></span> <span class='ocrx_word' id='word_1_434' title='bbox 2831 2563 2932 2604; x_wconf 89' lang='lat' dir='ltr'><strong>nos</strong></span> <span class='ocrx_word' id='word_1_435' title='bbox 2961 2557 3142 2605; x_wconf 84' lang='lat' dir='ltr'><strong>autem</strong></span> <span class='ocrx_word' id='word_1_436' title='bbox 3180 2550 3232 2604; x_wconf 92' lang='lat' dir='ltr'><strong>in</strong></span> <span class='ocrx_word' id='word_1_437' title='bbox 3262 2551 3483 2606; x_wconf 85' lang='lat' dir='ltr'><strong>nomine</strong></span> 
     </span>
    </p>
   </div>
   <div class='ocr_carea' id='block_1_56' title="bbox 1899 2635 3479 2711">
    <p class='ocr_par' dir='ltr' id='par_1_56' title="bbox 1899 2635 3479 2711">
     <span class='ocr_line' id='line_1_56' title="bbox 1899 2635 3479 2711; baseline 0.008 -22"><span class='ocrx_word' id='word_1_438' title='bbox 1899 2635 2111 2692; x_wconf 90' lang='lat' dir='ltr'><strong>Domini</strong></span> <span class='ocrx_word' id='word_1_439' title='bbox 2145 2638 2239 2694; x_wconf 91' lang='lat' dir='ltr'><strong>Dei</strong></span> <span class='ocrx_word' id='word_1_440' title='bbox 2291 2640 2459 2694; x_wconf 90' lang='lat' dir='ltr'><strong>nostri</strong></span> <span class='ocrx_word' id='word_1_441' title='bbox 2514 2640 2981 2709; x_wconf 79' lang='lat' dir='ltr'><strong>magniﬁcabimur</strong></span> <span class='ocrx_word' id='word_1_442' title='bbox 3011 2642 3080 2697; x_wconf 80' lang='grc'><strong>⁸⁸.</strong></span> <span class='ocrx_word' id='word_1_443' title='bbox 3126 2663 3145 2694; x_wconf 75' lang='grc' dir='ltr'><strong>ι</strong></span> <span class='ocrx_word' id='word_1_444' title='bbox 3194 2642 3479 2711; x_wconf 85' lang='lat' dir='ltr'><strong>Quomodo</strong></span> 
     </span>
    </p>
   </div>
   <div class='ocr_carea' id='block_1_57' title="bbox 1896 2724 3339 2804">
    <p class='ocr_par' dir='ltr' id='par_1_57' title="bbox 1896 2724 3339 2804">
     <span class='ocr_line' id='line_1_57' title="bbox 1896 2724 3339 2804; baseline 0.006 -22"><span class='ocrx_word' id='word_1_445' title='bbox 1896 2727 2063 2800; x_wconf 88' lang='lat' dir='ltr'><strong>igitur</strong></span> <span class='ocrx_word' id='word_1_446' title='bbox 2089 2730 2298 2802; x_wconf 86' lang='lat' dir='ltr'><strong>accepit</strong></span> <span class='ocrx_word' id='word_1_447' title='bbox 2333 2724 2476 2803; x_wconf 87' lang='lat' dir='ltr'><strong>quod</strong></span> <span class='ocrx_word' id='word_1_448' title='bbox 2508 2747 2726 2804; x_wconf 82' lang='lat' dir='ltr'><strong>semper</strong></span> <span class='ocrx_word' id='word_1_449' title='bbox 2760 2724 3020 2792; x_wconf 86' lang='lat' dir='ltr'><strong>habuisse</strong></span> <span class='ocrx_word' id='word_1_450' title='bbox 3054 2736 3339 2792; x_wconf 85' lang='lat' dir='ltr'><strong>cernitur?</strong></span> 
     </span>
    </p>
   </div>
   <div class='ocr_carea' id='block_1_58' title="bbox 2499 2932 2880 2992">
    <p class='ocr_par' dir='ltr' id='par_1_58' title="bbox 2499 2932 2880 2992">
     <span class='ocr_line' id='line_1_58' title="bbox 2499 2932 2880 2992; baseline 0.018 -7"><span class='ocrx_word' id='word_1_451' title='bbox 2499 2932 2622 2989; x_wconf 76' lang='lat' dir='ltr'><strong>Alia</strong></span> <span class='ocrx_word' id='word_1_452' title='bbox 2664 2933 2880 2992; x_wconf 77' lang='lat' dir='ltr'><strong>solutio.</strong></span> 
     </span>
    </p>
   </div>
   <div class='ocr_carea' id='block_1_59' title="bbox 1969 3069 3480 3148">
    <p class='ocr_par' dir='ltr' id='par_1_59' title="bbox 1969 3069 3480 3148">
     <span class='ocr_line' id='line_1_59' title="bbox 1969 3069 3480 3148; baseline 0.007 -23"><span class='ocrx_word' id='word_1_453' title='bbox 1969 3069 2027 3125; x_wconf 88' lang='lat' dir='ltr'><strong>Si</strong></span> <span class='ocrx_word' id='word_1_454' title='bbox 2049 3088 2071 3122; x_wconf 85' lang='grc' dir='ltr'><strong>ι</strong></span> <span class='ocrx_word' id='word_1_455' title='bbox 2094 3069 2328 3126; x_wconf 76' lang='lat' dir='ltr'><strong>Verbum</strong></span> <span class='ocrx_word' id='word_1_456' title='bbox 2350 3079 2466 3126; x_wconf 89' lang='lat' dir='ltr'><strong>erat</strong></span> <span class='ocrx_word' id='word_1_457' title='bbox 2482 3071 2536 3126; x_wconf 91' lang='lat' dir='ltr'><strong>in</strong></span> <span class='ocrx_word' id='word_1_458' title='bbox 2555 3070 2845 3143; x_wconf 87' lang='lat' dir='ltr'><strong>principio,</strong></span> <span class='ocrx_word' id='word_1_459' title='bbox 2859 3082 2915 3129; x_wconf 88' lang='lat' dir='ltr'><strong>et</strong></span> <span class='ocrx_word' id='word_1_460' title='bbox 2928 3072 3070 3130; x_wconf 84' lang='lat' dir='ltr'><strong>Deos</strong></span> <span class='ocrx_word' id='word_1_461' title='bbox 3088 3086 3207 3131; x_wconf 84' lang='lat' dir='ltr'><strong>erat</strong></span> <span class='ocrx_word' id='word_1_462' title='bbox 3223 3075 3480 3148; x_wconf 74' lang='lat' dir='ltr'><strong>Verbum,</strong></span> 
     </span>
    </p>
   </div>
   <div class='ocr_carea' id='block_1_60' title="bbox 1899 3163 3485 3235">
    <p class='ocr_par' dir='ltr' id='par_1_60' title="bbox 1899 3163 3485 3235">
     <span class='ocr_line' id='line_1_60' title="bbox 1899 3163 3485 3235; baseline 0.008 -18"><span class='ocrx_word' id='word_1_463' title='bbox 1899 3171 1953 3218; x_wconf 90' lang='lat' dir='ltr'><strong>et</strong></span> <span class='ocrx_word' id='word_1_464' title='bbox 1979 3172 2094 3217; x_wconf 86' lang='lat' dir='ltr'><strong>erat</strong></span> <span class='ocrx_word' id='word_1_465' title='bbox 2146 3163 2200 3218; x_wconf 89' lang='lat' dir='ltr'><strong>in</strong></span> <span class='ocrx_word' id='word_1_466' title='bbox 2250 3164 2517 3235; x_wconf 86' lang='lat' dir='ltr'><strong>principio</strong></span> <span class='ocrx_word' id='word_1_467' title='bbox 2562 3165 2704 3235; x_wconf 84' lang='lat' dir='ltr'><strong>apud</strong></span> <span class='ocrx_word' id='word_1_468' title='bbox 2745 3166 2909 3220; x_wconf 81' lang='lat' dir='ltr'><strong>Deum</strong></span> <span class='ocrx_word' id='word_1_469' title='bbox 2937 3167 3047 3231; x_wconf 71' lang='grc'><strong>⁸⁸.»</strong></span> <span class='ocrx_word' id='word_1_470' title='bbox 3100 3169 3306 3226; x_wconf 86' lang='lat' dir='ltr'><strong>ultimis</strong></span> <span class='ocrx_word' id='word_1_471' title='bbox 3352 3188 3485 3230; x_wconf 79' lang='lat' dir='ltr'><strong>vero</strong></span> 
     </span>
    </p>
   </div>
   <div class='ocr_carea' id='block_1_61' title="bbox 1902 3254 3543 3326">
    <p class='ocr_par' dir='ltr' id='par_1_61' title="bbox 1902 3254 3543 3326">
     <span class='ocr_line' id='line_1_61' title="bbox 1902 3254 3543 3326; baseline 0.002 -17"><span class='ocrx_word' id='word_1_472' title='bbox 1902 3254 2234 3326; x_wconf 87' lang='lat' dir='ltr'><strong>temporibus</strong></span> <span class='ocrx_word' id='word_1_473' title='bbox 2260 3265 2483 3326; x_wconf 89' lang='lat' dir='ltr'><strong>propter</strong></span> <span class='ocrx_word' id='word_1_474' title='bbox 2511 3264 2751 3311; x_wconf 90' lang='lat' dir='ltr'><strong>nostram</strong></span> <span class='ocrx_word' id='word_1_475' title='bbox 2782 3256 3011 3313; x_wconf 86' lang='lat' dir='ltr'><strong>salutem</strong></span> <span class='ocrx_word' id='word_1_476' title='bbox 3041 3257 3351 3316; x_wconf 76' lang='lat' dir='ltr'><strong>humiliavit</strong></span> <span class='ocrx_word' id='word_1_477' title='bbox 3389 3279 3482 3319; x_wconf 87' lang='lat' dir='ltr'><strong>se-</strong></span> <span class='ocrx_word' id='word_1_478' title='bbox 3534 3304 3543 3312; x_wconf 89' lang='lat'><strong>.</strong></span> 
     </span>
    </p>
   </div>
   <div class='ocr_carea' id='block_1_62' title="bbox 1902 3345 3484 3424">
    <p class='ocr_par' dir='ltr' id='par_1_62' title="bbox 1902 3345 3484 3424">
     <span class='ocr_line' id='line_1_62' title="bbox 1902 3345 3484 3424; baseline 0.005 -24"><span class='ocrx_word' id='word_1_479' title='bbox 1902 3347 2076 3416; x_wconf 85' lang='lat' dir='ltr'><strong>ipsum</strong></span> <span class='ocrx_word' id='word_1_480' title='bbox 2101 3345 2174 3412; x_wconf 89' lang='lat'><strong>&quot;,</strong></span> <span class='ocrx_word' id='word_1_481' title='bbox 2199 3356 2362 3415; x_wconf 88' lang='lat' dir='ltr'><strong>atque</strong></span> <span class='ocrx_word' id='word_1_482' title='bbox 2382 3346 2590 3402; x_wconf 88' lang='lat' dir='ltr'><strong>idcirco</strong></span> <span class='ocrx_word' id='word_1_483' title='bbox 2609 3347 2929 3405; x_wconf 83' lang='lat' dir='ltr'><strong>humiliatus</strong></span> <span class='ocrx_word' id='word_1_484' title='bbox 2957 3363 3076 3406; x_wconf 83' lang='lat' dir='ltr'><strong>esse</strong></span> <span class='ocrx_word' id='word_1_485' title='bbox 3097 3351 3295 3409; x_wconf 80' lang='lat' dir='ltr'><strong>dicitur</strong></span> <span class='ocrx_word' id='word_1_486' title='bbox 3328 3374 3340 3408; x_wconf 91' lang='lat'>:</span> <span class='ocrx_word' id='word_1_487' title='bbox 3372 3369 3484 3424; x_wconf 89' lang='lat' dir='ltr'><strong>quo</strong></span> 
     </span>
    </p>
   </div>
   <div class='ocr_carea' id='block_1_63' title="bbox 237 3426 1792 3513">
    <p class='ocr_par' dir='ltr' id='par_1_63' title="bbox 237 3432 1789 3513">
     <span class='ocr_line' id='line_1_63' title="bbox 237 3432 1789 3513; baseline -0.007 -17"><span class='ocrx_word' id='word_1_488' title='bbox 237 3445 391 3513; x_wconf 58' lang='lat' dir='ltr'><strong>iam?</strong></span> <span class='ocrx_word' id='word_1_489' title='bbox 420 3445 475 3497; x_wconf 73' lang='grc' dir='ltr'><strong>οὐ</strong></span> <span class='ocrx_word' id='word_1_490' title='bbox 510 3441 665 3513; x_wconf 75' lang='grc' dir='ltr'>περὶ</span> <span class='ocrx_word' id='word_1_491' title='bbox 699 3439 802 3510; x_wconf 81' lang='grc' dir='ltr'>τὴν</span> <span class='ocrx_word' id='word_1_492' title='bbox 832 3439 926 3491; x_wconf 77' lang='grc' dir='ltr'><strong>τοῦ</strong></span> <span class='ocrx_word' id='word_1_493' title='bbox 953 3438 1130 3506; x_wconf 80' lang='grc' dir='ltr'><strong>Λόγου</strong></span> <span class='ocrx_word' id='word_1_494' title='bbox 1159 3435 1322 3506; x_wconf 80' lang='grc' dir='ltr'>φύσιν</span> <span class='ocrx_word' id='word_1_495' title='bbox 1352 3432 1513 3488; x_wconf 84' lang='grc' dir='ltr'>τοῦτο</span> <span class='ocrx_word' id='word_1_496' title='bbox 1543 3432 1789 3503; x_wconf 76' lang='grc' dir='ltr'>γίνεσθαι</span> 
     </span>
    </p>
   </div>
   <div class='ocr_carea' id='block_1_64' title="bbox 1903 3426 3482 3513">
    <p class='ocr_par' dir='ltr' id='par_1_64' title="bbox 1903 3437 3482 3510">
     <span class='ocr_line' id='line_1_64' title="bbox 1903 3437 3482 3510; baseline 0.007 -18"><span class='ocrx_word' id='word_1_497' title='bbox 1903 3449 2054 3510; x_wconf 85' lang='lat' dir='ltr'><strong>pacto</strong></span> <span class='ocrx_word' id='word_1_498' title='bbox 2087 3453 2194 3493; x_wconf 92' lang='lat' dir='ltr'><strong>non</strong></span> <span class='ocrx_word' id='word_1_499' title='bbox 2223 3437 2581 3498; x_wconf 82' lang='lat' dir='ltr'><strong>fueritcuivis</strong></span> <span class='ocrx_word' id='word_1_500' title='bbox 2610 3440 2980 3510; x_wconf 81' lang='lat' dir='ltr'><strong>manifestum,</strong></span> <span class='ocrx_word' id='word_1_501' title='bbox 3014 3460 3121 3500; x_wconf 92' lang='lat' dir='ltr'><strong>non</strong></span> <span class='ocrx_word' id='word_1_502' title='bbox 3142 3445 3286 3501; x_wconf 83' lang='lat' dir='ltr'><strong>circa</strong></span> <span class='ocrx_word' id='word_1_503' title='bbox 3319 3445 3482 3503; x_wconf 84' lang='lat' dir='ltr'><strong>Verbi</strong></span> 
     </span>
    </p>
   </div>
   <div class='ocr_carea' id='block_1_65' title="bbox 247 3528 1791 3606">
    <p class='ocr_par' dir='ltr' id='par_1_65' title="bbox 247 3528 1791 3606">
     <span class='ocr_line' id='line_1_65' title="bbox 247 3528 1791 3606; baseline -0.006 -17"><span class='ocrx_word' id='word_1_504' title='bbox 247 3538 498 3606; x_wconf 72' lang='grc' dir='ltr'>σομῦιιίνει,</span> <span class='ocrx_word' id='word_1_505' title='bbox 523 3537 663 3593; x_wconf 80' lang='grc' dir='ltr'>ἀλλ’</span> <span class='ocrx_word' id='word_1_506' title='bbox 701 3536 784 3598; x_wconf 82' lang='grc' dir='ltr'><strong>εἰς</strong></span> <span class='ocrx_word' id='word_1_507' title='bbox 812 3533 875 3587; x_wconf 82' lang='grc' dir='ltr'>τὸ</span> <span class='ocrx_word' id='word_1_508' title='bbox 904 3537 1005 3605; x_wconf 73' lang='grc' dir='ltr'><strong>τῆς</strong></span> <span class='ocrx_word' id='word_1_509' title='bbox 1024 3530 1443 3605; x_wconf 81' lang='grc' dir='ltr'>ἀνθρωπότητος</span> <span class='ocrx_word' id='word_1_510' title='bbox 1472 3528 1791 3600; x_wconf 84' lang='grc' dir='ltr'>μυστήριον;</span> 
     </span>
    </p>
   </div>
   <div class='ocr_carea' id='block_1_66' title="bbox 242 3618 1795 3701">
    <p class='ocr_par' dir='ltr' id='par_1_66' title="bbox 242 3618 1795 3701">
     <span class='ocr_line' id='line_1_66' title="bbox 242 3618 1795 3701; baseline -0.008 -15"><span class='ocrx_word' id='word_1_511' title='bbox 242 3623 300 3701; x_wconf 73' lang='grc' dir='ltr'><strong><em>Ὦ</em></strong></span> <span class='ocrx_word' id='word_1_512' title='bbox 317 3630 405 3700; x_wconf 77' lang='grc' dir='ltr'><strong>γὰρ</strong></span> <span class='ocrx_word' id='word_1_513' title='bbox 420 3631 663 3701; x_wconf 75' lang='grc' dir='ltr'>ἁρμόσει</span> <span class='ocrx_word' id='word_1_514' title='bbox 695 3626 760 3679; x_wconf 71' lang='grc' dir='ltr'>τὸ</span> <span class='ocrx_word' id='word_1_515' title='bbox 796 3625 1078 3690; x_wconf 81' lang='grc' dir='ltr'>ταπεινὸν,</span> <span class='ocrx_word' id='word_1_516' title='bbox 1113 3623 1289 3696; x_wconf 78' lang='grc' dir='ltr'>τούτῳ</span> <span class='ocrx_word' id='word_1_517' title='bbox 1322 3621 1418 3677; x_wconf 71' lang='grc' dir='ltr'><strong>καὶ</strong></span> <span class='ocrx_word' id='word_1_518' title='bbox 1437 3619 1496 3675; x_wconf 83' lang='grc' dir='ltr'><strong>τὸ</strong></span> <span class='ocrx_word' id='word_1_519' title='bbox 1530 3618 1795 3691; x_wconf 73' lang='grc' dir='ltr'>ὑψοῦσθαι</span> 
     </span>
    </p>
   </div>
   <div class='ocr_carea' id='block_1_67' title="bbox 230 3709 1796 3791">
    <p class='ocr_par' dir='ltr' id='par_1_67' title="bbox 230 3709 1796 3791">
     <span class='ocr_line' id='line_1_67' title="bbox 230 3709 1796 3791; baseline -0.004 -20"><span class='ocrx_word' id='word_1_520' title='bbox 230 3720 419 3791; x_wconf 60' lang='grc' dir='ltr'><strong>πρέπων</strong></span> <span class='ocrx_word' id='word_1_521' title='bbox 454 3716 789 3775; x_wconf 78' lang='grc' dir='ltr'>ἀκολουθεῖ.</span> <span class='ocrx_word' id='word_1_522' title='bbox 827 3716 1097 3769; x_wconf 81' lang='grc' dir='ltr'>Ταπεινὸν</span> <span class='ocrx_word' id='word_1_523' title='bbox 1123 3713 1180 3768; x_wconf 76' lang='grc' dir='ltr'><strong>δὲ</strong></span> <span class='ocrx_word' id='word_1_524' title='bbox 1206 3714 1397 3786; x_wconf 83' lang='grc' dir='ltr'>χρῆμα</span> <span class='ocrx_word' id='word_1_525' title='bbox 1442 3714 1477 3783; x_wconf 79' lang='grc' dir='ltr'><strong>ἡ</strong></span> <span class='ocrx_word' id='word_1_526' title='bbox 1514 3709 1796 3782; x_wconf 80' lang='grc' dir='ltr'>ἅνθρωπό-</span> 
     </span>
    </p>
   </div>
   <div class='ocr_carea' id='block_1_68' title="bbox 211 3802 1793 3884">
    <p class='ocr_par' dir='ltr' id='par_1_68' title="bbox 211 3802 1793 3884">
     <span class='ocr_line' id='line_1_68' title="bbox 211 3802 1793 3884; baseline -0.008 -17"><span class='ocrx_word' id='word_1_527' title='bbox 211 3830 326 3883; x_wconf 66' lang='grc' dir='ltr'><strong>τιςς,</strong></span> <span class='ocrx_word' id='word_1_528' title='bbox 356 3813 480 3884; x_wconf 78' lang='grc' dir='ltr'>περὶ</span> <span class='ocrx_word' id='word_1_529' title='bbox 510 3810 711 3880; x_wconf 71' lang='grc' dir='ltr'>αὐτὴν</span> <span class='ocrx_word' id='word_1_530' title='bbox 762 3807 870 3879; x_wconf 79' lang='grc' dir='ltr'>ἄρα</span> <span class='ocrx_word' id='word_1_531' title='bbox 904 3806 1001 3861; x_wconf 73' lang='grc' dir='ltr'>καὶ</span> <span class='ocrx_word' id='word_1_532' title='bbox 1045 3806 1106 3861; x_wconf 89' lang='grc' dir='ltr'>τδ</span> <span class='ocrx_word' id='word_1_533' title='bbox 1137 3803 1405 3876; x_wconf 76' lang='grc' dir='ltr'>ὑψοῦσθαι</span> <span class='ocrx_word' id='word_1_534' title='bbox 1449 3802 1793 3873; x_wconf 85' lang='grc' dir='ltr'>νοηθήσεται.</span> 
     </span>
    </p>
   </div>
   <div class='ocr_carea' id='block_1_69' title="bbox 208 3893 1798 3974">
    <p class='ocr_par' dir='ltr' id='par_1_69' title="bbox 208 3893 1798 3974">
     <span class='ocr_line' id='line_1_69' title="bbox 208 3893 1798 3974; baseline -0.007 -17"><span class='ocrx_word' id='word_1_535' title='bbox 208 3905 273 3957; x_wconf 72' lang='grc' dir='ltr'><strong>Οὐ</strong></span> <span class='ocrx_word' id='word_1_536' title='bbox 302 3906 576 3974; x_wconf 79' lang='grc' dir='ltr'>πρότερον</span> <span class='ocrx_word' id='word_1_537' title='bbox 610 3900 673 3954; x_wconf 83' lang='grc' dir='ltr'><strong>δὲ</strong></span> <span class='ocrx_word' id='word_1_538' title='bbox 706 3900 839 3970; x_wconf 78' lang='grc' dir='ltr'>περὶ</span> <span class='ocrx_word' id='word_1_539' title='bbox 867 3898 963 3952; x_wconf 83' lang='grc' dir='ltr'>τοῦ</span> <span class='ocrx_word' id='word_1_540' title='bbox 990 3897 1124 3952; x_wconf 84' lang='grc' dir='ltr'><strong>Θεοῦ</strong></span> <span class='ocrx_word' id='word_1_541' title='bbox 1153 3897 1329 3967; x_wconf 83' lang='grc' dir='ltr'><strong>Λόγου</strong></span> <span class='ocrx_word' id='word_1_542' title='bbox 1357 3893 1601 3950; x_wconf 81' lang='grc' dir='ltr'>τοιοῦτόν</span> <span class='ocrx_word' id='word_1_543' title='bbox 1627 3911 1681 3947; x_wconf 88' lang='grc' dir='ltr'><strong>τι</strong></span> <span class='ocrx_word' id='word_1_544' title='bbox 1708 3893 1798 3947; x_wconf 81' lang='grc' dir='ltr'><strong>λέ-</strong></span> 
     </span>
    </p>
   </div>
   <div class='ocr_carea' id='block_1_70' title="bbox 201 3986 1794 4068">
    <p class='ocr_par' dir='ltr' id='par_1_70' title="bbox 201 3986 1794 4068">
     <span class='ocr_line' id='line_1_70' title="bbox 201 3986 1794 4068; baseline -0.008 -17"><span class='ocrx_word' id='word_1_545' title='bbox 201 4014 387 4065; x_wconf 69' lang='grc' dir='ltr'>γουσαν</span> <span class='ocrx_word' id='word_1_546' title='bbox 402 3996 739 4068; x_wconf 77' lang='grc' dir='ltr'>εὑρήσομεν</span> <span class='ocrx_word' id='word_1_547' title='bbox 756 3993 858 4063; x_wconf 82' lang='grc' dir='ltr'>τὴν</span> <span class='ocrx_word' id='word_1_548' title='bbox 884 3989 1134 4063; x_wconf 80' lang='grc' dir='ltr'>Γραφὴν,</span> <span class='ocrx_word' id='word_1_549' title='bbox 1154 3992 1205 4044; x_wconf 84' lang='grc' dir='ltr'><strong>εί</strong></span> <span class='ocrx_word' id='word_1_550' title='bbox 1237 3989 1334 4061; x_wconf 85' lang='grc' dir='ltr'><strong>μὴ,</strong></span> <span class='ocrx_word' id='word_1_551' title='bbox 1365 4007 1383 4041; x_wconf 89' lang='grc' dir='ltr'><strong>ι</strong></span> <span class='ocrx_word' id='word_1_552' title='bbox 1405 3987 1550 4060; x_wconf 81' lang='grc' dir='ltr'>Σὰρξ</span> <span class='ocrx_word' id='word_1_553' title='bbox 1579 3986 1794 4056; x_wconf 79' lang='grc' dir='ltr'><strong>γέγονε,</strong></span> 
     </span>
    </p>
   </div>
   <div class='ocr_carea' id='block_1_71' title="bbox 200 4080 1795 4162">
    <p class='ocr_par' dir='ltr' id='par_1_71' title="bbox 200 4080 1795 4162">
     <span class='ocr_line' id='line_1_71' title="bbox 200 4080 1795 4162; baseline -0.007 -19"><span class='ocrx_word' id='word_1_554' title='bbox 200 4092 285 4143; x_wconf 77' lang='grc' dir='ltr'><strong>καὶ</strong></span> <span class='ocrx_word' id='word_1_555' title='bbox 318 4092 659 4162; x_wconf 79' lang='grc' dir='ltr'>ἐσκήνωσεν</span> <span class='ocrx_word' id='word_1_556' title='bbox 697 4089 756 4140; x_wconf 75' lang='grc' dir='ltr'><strong>ἐν</strong></span> <span class='ocrx_word' id='word_1_557' title='bbox 791 4086 946 4157; x_wconf 79' lang='grc' dir='ltr'><strong>ἡμῖν.</strong></span> <span class='ocrx_word' id='word_1_558' title='bbox 991 4102 1010 4136; x_wconf 74' lang='grc' dir='ltr'><strong>ι</strong></span> <span class='ocrx_word' id='word_1_559' title='bbox 1040 4084 1103 4136; x_wconf 80' lang='lat' dir='ltr'><strong>Ei</strong></span> <span class='ocrx_word' id='word_1_560' title='bbox 1131 4082 1313 4138; x_wconf 80' lang='grc' dir='ltr'><strong>τοίνυν</strong></span> <span class='ocrx_word' id='word_1_561' title='bbox 1345 4083 1473 4153; x_wconf 59' lang='grc' dir='ltr'><strong>περ)⁹</strong></span> <span class='ocrx_word' id='word_1_562' title='bbox 1498 4080 1596 4153; x_wconf 81' lang='grc' dir='ltr'>τὴν</span> <span class='ocrx_word' id='word_1_563' title='bbox 1621 4080 1795 4152; x_wconf 88' lang='grc' dir='ltr'>πρόσ-</span> 
     </span>
    </p>
   </div>
   <div class='ocr_carea' id='block_1_72' title="bbox 195 4170 1796 4251">
    <p class='ocr_par' dir='ltr' id='par_1_72' title="bbox 195 4170 1796 4251">
     <span class='ocr_line' id='line_1_72' title="bbox 195 4170 1796 4251; baseline -0.005 -20"><span class='ocrx_word' id='word_1_564' title='bbox 195 4181 345 4251; x_wconf 60' lang='grc' dir='ltr'>ληψιν</span> <span class='ocrx_word' id='word_1_565' title='bbox 367 4179 476 4251; x_wconf 77' lang='grc' dir='ltr'><strong>τῆς</strong></span> <span class='ocrx_word' id='word_1_566' title='bbox 506 4176 730 4248; x_wconf 75' lang='grc' dir='ltr'>σαρκὸς</span> <span class='ocrx_word' id='word_1_567' title='bbox 755 4176 791 4246; x_wconf 81' lang='grc' dir='ltr'>ἡ</span> <span class='ocrx_word' id='word_1_568' title='bbox 826 4173 1158 4237; x_wconf 81' lang='grc' dir='ltr'>ταπείνωσις</span> <span class='ocrx_word' id='word_1_569' title='bbox 1183 4170 1513 4244; x_wconf 79' lang='grc' dir='ltr'>γεγενῆσθαι</span> <span class='ocrx_word' id='word_1_570' title='bbox 1540 4171 1796 4240; x_wconf 81' lang='grc' dir='ltr'>λέγεται,</span> 
     </span>
    </p>
   </div>
   <div class='ocr_carea' id='block_1_73' title="bbox 197 4262 1474 4341">
    <p class='ocr_par' dir='ltr' id='par_1_73' title="bbox 197 4262 1474 4341">
     <span class='ocr_line' id='line_1_73' title="bbox 197 4262 1474 4341; baseline -0.006 -18"><span class='ocrx_word' id='word_1_571' title='bbox 197 4269 252 4322; x_wconf 78' lang='grc' dir='ltr'><strong>δι’</strong></span> <span class='ocrx_word' id='word_1_572' title='bbox 274 4270 448 4341; x_wconf 76' lang='grc' dir='ltr'>αὐτὴν</span> <span class='ocrx_word' id='word_1_573' title='bbox 488 4268 667 4321; x_wconf 72' lang='grc' dir='ltr'>ἔσται</span> <span class='ocrx_word' id='word_1_574' title='bbox 702 4265 800 4318; x_wconf 72' lang='grc' dir='ltr'>καὶ</span> <span class='ocrx_word' id='word_1_575' title='bbox 835 4262 966 4335; x_wconf 73' lang='grc' dir='ltr'>περὶ</span> <span class='ocrx_word' id='word_1_576' title='bbox 987 4262 1158 4335; x_wconf 77' lang='grc' dir='ltr'>αὐτὴν</span> <span class='ocrx_word' id='word_1_577' title='bbox 1180 4265 1214 4334; x_wconf 82' lang='grc' dir='ltr'>ὴ</span> <span class='ocrx_word' id='word_1_578' title='bbox 1247 4262 1474 4333; x_wconf 76' lang='grc' dir='ltr'><strong>ὕψωσις.</strong></span> 
     </span>
    </p>
   </div>
   <div class='ocr_carea' id='block_1_74' title="bbox 709 4395 1336 4463">
    <p class='ocr_par' dir='ltr' id='par_1_74' title="bbox 709 4395 1336 4463">
     <span class='ocr_line' id='line_1_74' title="bbox 709 4395 1336 4463; baseline 0 -13"><span class='ocrx_word' id='word_1_579' title='bbox 709 4396 919 4458; x_wconf 78' lang='grc' dir='ltr'><strong>ΑΛΛΟ,</strong></span> <span class='ocrx_word' id='word_1_580' title='bbox 955 4396 1044 4463; x_wconf 83' lang='grc' dir='ltr'>είς</span> <span class='ocrx_word' id='word_1_581' title='bbox 1074 4395 1142 4449; x_wconf 85' lang='grc' dir='ltr'>τὸ</span> <span class='ocrx_word' id='word_1_582' title='bbox 1168 4396 1336 4451; x_wconf 83' lang='grc' dir='ltr'>αὐτό.</span> 
     </span>
    </p>
   </div>
   <div class='ocr_carea' id='block_1_75' title="bbox 266 4528 1799 4604">
    <p class='ocr_par' dir='ltr' id='par_1_75' title="bbox 266 4528 1799 4604">
     <span class='ocr_line' id='line_1_75' title="bbox 266 4528 1799 4604; baseline -0.007 -11"><span class='ocrx_word' id='word_1_583' title='bbox 266 4536 324 4592; x_wconf 80' lang='lat'><strong>&#39;0</strong></span> <span class='ocrx_word' id='word_1_584' title='bbox 338 4535 579 4598; x_wconf 78' lang='grc' dir='ltr'><strong>Παῦλος</strong></span> <span class='ocrx_word' id='word_1_585' title='bbox 608 4532 942 4588; x_wconf 68' lang='grc' dir='ltr'><strong>ἐπιστέλλων</strong></span> <span class='ocrx_word' id='word_1_586' title='bbox 959 4533 1147 4604; x_wconf 70' lang='grc' dir='ltr'>φησιν,</span> <span class='ocrx_word' id='word_1_587' title='bbox 1169 4534 1252 4586; x_wconf 82' lang='grc' dir='ltr'><strong>ὅτι</strong></span> <span class='ocrx_word' id='word_1_588' title='bbox 1272 4550 1290 4583; x_wconf 88' lang='grc' dir='ltr'><strong>ι</strong></span> <span class='ocrx_word' id='word_1_589' title='bbox 1315 4531 1633 4603; x_wconf 84' lang='grc' dir='ltr'><strong>Πρόδρομος</strong></span> <span class='ocrx_word' id='word_1_590' title='bbox 1658 4528 1799 4601; x_wconf 66' lang='grc' dir='ltr'>ὑπὲρ</span> 
     </span>
    </p>
   </div>
   <div class='ocr_carea' id='block_1_76' title="bbox 191 4620 1800 4700">
    <p class='ocr_par' dir='ltr' id='par_1_76' title="bbox 191 4620 1800 4700">
     <span class='ocr_line' id='line_1_76' title="bbox 191 4620 1800 4700; baseline -0.006 -17"><span class='ocrx_word' id='word_1_591' title='bbox 191 4629 340 4700; x_wconf 73' lang='grc' dir='ltr'><strong>ἡμῶν</strong></span> <span class='ocrx_word' id='word_1_592' title='bbox 365 4625 651 4699; x_wconf 82' lang='grc' dir='ltr'>είσῆλθεν</span> <span class='ocrx_word' id='word_1_593' title='bbox 691 4624 920 4696; x_wconf 81' lang='grc' dir='ltr'><strong>Ἰησοῦς,</strong></span> <span class='ocrx_word' id='word_1_594' title='bbox 945 4627 1047 4678; x_wconf 76' lang='grc' dir='ltr'>οὐκ</span> <span class='ocrx_word' id='word_1_595' title='bbox 1069 4625 1151 4687; x_wconf 83' lang='grc' dir='ltr'><strong>εἰς</strong></span> <span class='ocrx_word' id='word_1_596' title='bbox 1174 4623 1444 4678; x_wconf 84' lang='grc' dir='ltr'>ἀντίτυπα</span> <span class='ocrx_word' id='word_1_597' title='bbox 1474 4621 1586 4675; x_wconf 74' lang='grc' dir='ltr'>τῶν</span> <span class='ocrx_word' id='word_1_598' title='bbox 1610 4620 1800 4692; x_wconf 82' lang='grc' dir='ltr'><strong>ἀληθι-</strong></span> 
     </span>
    </p>
   </div>
   <div class='ocr_carea' id='block_1_77' title="bbox 1898 3533 3481 3609">
    <p class='ocr_par' dir='ltr' id='par_1_77' title="bbox 1898 3533 3481 3609">
     <span class='ocr_line' id='line_1_77' title="bbox 1898 3533 3481 3609; baseline 0.005 -23"><span class='ocrx_word' id='word_1_599' title='bbox 1898 3541 2171 3601; x_wconf 85' lang='lat' dir='ltr'><strong>natnram,</strong></span> <span class='ocrx_word' id='word_1_600' title='bbox 2196 3533 2290 3590; x_wconf 90' lang='lat' dir='ltr'><strong>sed</strong></span> <span class='ocrx_word' id='word_1_601' title='bbox 2325 3534 2471 3590; x_wconf 89' lang='lat' dir='ltr'><strong>circa</strong></span> <span class='ocrx_word' id='word_1_602' title='bbox 2497 3534 2852 3591; x_wconf 86' lang='lat' dir='ltr'><strong>humanitatis</strong></span> <span class='ocrx_word' id='word_1_603' title='bbox 2888 3539 3205 3609; x_wconf 83' lang='lat' dir='ltr'><strong>mysterium</strong></span> <span class='ocrx_word' id='word_1_604' title='bbox 3255 3539 3356 3594; x_wconf 88' lang='lat' dir='ltr'><strong>hoc</strong></span> <span class='ocrx_word' id='word_1_605' title='bbox 3386 3554 3481 3594; x_wconf 86' lang='lat' dir='ltr'><strong>ac-</strong></span> 
     </span>
    </p>
   </div>
   <div class='ocr_carea' id='block_1_78' title="bbox 1896 3625 3480 3701">
    <p class='ocr_par' dir='ltr' id='par_1_78' title="bbox 1896 3625 3480 3701">
     <span class='ocr_line' id='line_1_78' title="bbox 1896 3625 3480 3701; baseline 0.002 -19"><span class='ocrx_word' id='word_1_606' title='bbox 1896 3625 2132 3682; x_wconf 85' lang='lat' dir='ltr'><strong>cidisse?</strong></span> <span class='ocrx_word' id='word_1_607' title='bbox 2198 3626 2335 3683; x_wconf 83' lang='lat' dir='ltr'><strong>Nam</strong></span> <span class='ocrx_word' id='word_1_608' title='bbox 2395 3627 2482 3683; x_wconf 91' lang='lat' dir='ltr'><strong>cui</strong></span> <span class='ocrx_word' id='word_1_609' title='bbox 2549 3628 2828 3685; x_wconf 83' lang='lat' dir='ltr'><strong>humilitas</strong></span> <span class='ocrx_word' id='word_1_610' title='bbox 2878 3630 3149 3701; x_wconf 86' lang='lat' dir='ltr'><strong>congruit,</strong></span> <span class='ocrx_word' id='word_1_611' title='bbox 3204 3631 3256 3686; x_wconf 90' lang='lat' dir='ltr'><strong>ei</strong></span> <span class='ocrx_word' id='word_1_612' title='bbox 3315 3633 3480 3687; x_wconf 87' lang='lat' dir='ltr'><strong>etiam</strong></span> 
     </span>
    </p>
   </div>
   <div class='ocr_carea' id='block_1_79' title="bbox 1895 3717 3481 3792">
    <p class='ocr_par' dir='ltr' id='par_1_79' title="bbox 1895 3717 3481 3792">
     <span class='ocr_line' id='line_1_79' title="bbox 1895 3717 3481 3792; baseline 0.003 -18"><span class='ocrx_word' id='word_1_613' title='bbox 1895 3717 2124 3774; x_wconf 83' lang='lat' dir='ltr'><strong>exaltari</strong></span> <span class='ocrx_word' id='word_1_614' title='bbox 2170 3720 2459 3777; x_wconf 81' lang='lat' dir='ltr'><strong>conveniet</strong></span> <span class='ocrx_word' id='word_1_615' title='bbox 2507 3738 2522 3776; x_wconf 90' lang='lat'><strong>:</strong></span> <span class='ocrx_word' id='word_1_616' title='bbox 2569 3723 2719 3792; x_wconf 83' lang='lat' dir='ltr'><strong>atqui</strong></span> <span class='ocrx_word' id='word_1_617' title='bbox 2770 3722 3082 3779; x_wconf 84' lang='lat' dir='ltr'><strong>humanitas</strong></span> <span class='ocrx_word' id='word_1_618' title='bbox 3127 3724 3348 3779; x_wconf 86' lang='lat' dir='ltr'><strong>humilis</strong></span> <span class='ocrx_word' id='word_1_619' title='bbox 3396 3740 3481 3779; x_wconf 84' lang='lat' dir='ltr'><strong>res</strong></span> 
     </span>
    </p>
   </div>
   <div class='ocr_carea' id='block_1_80' title="bbox 1895 3810 3481 3884">
    <p class='ocr_par' dir='ltr' id='par_1_80' title="bbox 1895 3810 3481 3884">
     <span class='ocr_line' id='line_1_80' title="bbox 1895 3810 3481 3884; baseline 0.001 -18"><span class='ocrx_word' id='word_1_620' title='bbox 1895 3818 1982 3866; x_wconf 88' lang='lat' dir='ltr'><strong>est</strong></span> <span class='ocrx_word' id='word_1_621' title='bbox 2003 3829 2017 3865; x_wconf 88' lang='lat'><strong>:</strong></span> <span class='ocrx_word' id='word_1_622' title='bbox 2038 3810 2164 3866; x_wconf 89' lang='lat' dir='ltr'><strong>huic</strong></span> <span class='ocrx_word' id='word_1_623' title='bbox 2187 3811 2352 3881; x_wconf 77' lang='lat' dir='ltr'><strong>igitur</strong></span> <span class='ocrx_word' id='word_1_624' title='bbox 2378 3813 2635 3868; x_wconf 84' lang='lat' dir='ltr'><strong>exaltatio</strong></span> <span class='ocrx_word' id='word_1_625' title='bbox 2666 3813 2954 3869; x_wconf 88' lang='lat' dir='ltr'><strong>tribuenda</strong></span> <span class='ocrx_word' id='word_1_626' title='bbox 2981 3822 3085 3871; x_wconf 84' lang='lat' dir='ltr'><strong>est.</strong></span> <span class='ocrx_word' id='word_1_627' title='bbox 3118 3812 3303 3884; x_wconf 83' lang='lat' dir='ltr'><strong>Neque</strong></span> <span class='ocrx_word' id='word_1_628' title='bbox 3336 3816 3481 3870; x_wconf 85' lang='lat' dir='ltr'><strong>enim</strong></span> 
     </span>
    </p>
   </div>
   <div class='ocr_carea' id='block_1_81' title="bbox 1895 3899 3484 3974">
    <p class='ocr_par' dir='ltr' id='par_1_81' title="bbox 1895 3899 3484 3974">
     <span class='ocr_line' id='line_1_81' title="bbox 1895 3899 3484 3974; baseline 0.004 -20"><span class='ocrx_word' id='word_1_629' title='bbox 1895 3913 2110 3954; x_wconf 85' lang='lat' dir='ltr'><strong>sacram</strong></span> <span class='ocrx_word' id='word_1_630' title='bbox 2153 3899 2491 3970; x_wconf 85' lang='lat' dir='ltr'><strong>Scripturam</strong></span> <span class='ocrx_word' id='word_1_631' title='bbox 2537 3903 2689 3973; x_wconf 84' lang='lat' dir='ltr'><strong>prius</strong></span> <span class='ocrx_word' id='word_1_632' title='bbox 2737 3904 2845 3959; x_wconf 86' lang='lat' dir='ltr'><strong>tale</strong></span> <span class='ocrx_word' id='word_1_633' title='bbox 2878 3904 3153 3974; x_wconf 89' lang='lat' dir='ltr'><strong>quidpiam</strong></span> <span class='ocrx_word' id='word_1_634' title='bbox 3199 3908 3266 3960; x_wconf 89' lang='lat' dir='ltr'><strong>de</strong></span> <span class='ocrx_word' id='word_1_635' title='bbox 3309 3905 3484 3960; x_wconf 86' lang='lat' dir='ltr'><strong>Verbo</strong></span> 
     </span>
    </p>
   </div>
   <div class='ocr_carea' id='block_1_82' title="bbox 1896 3991 3480 4064">
    <p class='ocr_par' dir='ltr' id='par_1_82' title="bbox 1896 3991 3480 4064">
     <span class='ocr_line' id='line_1_82' title="bbox 1896 3991 3480 4064; baseline 0.002 -18"><span class='ocrx_word' id='word_1_636' title='bbox 1896 3991 2099 4047; x_wconf 84' lang='lat' dir='ltr'><strong>dixisse</strong></span> <span class='ocrx_word' id='word_1_637' title='bbox 2116 3992 2607 4062; x_wconf 87' lang='lat' dir='ltr'><strong>comperies,quam</strong></span> <span class='ocrx_word' id='word_1_638' title='bbox 2626 3997 2957 4064; x_wconf 48' lang='lat' dir='ltr'><strong>quatenus.)</strong></span> <span class='ocrx_word' id='word_1_639' title='bbox 2979 3994 3118 4049; x_wconf 81' lang='lat' dir='ltr'><strong>Caro</strong></span> <span class='ocrx_word' id='word_1_640' title='bbox 3143 3993 3346 4050; x_wconf 82' lang='lat' dir='ltr'><strong>faelnm</strong></span> <span class='ocrx_word' id='word_1_641' title='bbox 3372 4007 3480 4060; x_wconf 87' lang='lat' dir='ltr'><strong>cst,</strong></span> 
     </span>
    </p>
   </div>
   <div class='ocr_carea' id='block_1_83' title="bbox 1895 4082 3480 4155">
    <p class='ocr_par' dir='ltr' id='par_1_83' title="bbox 1895 4082 3480 4155">
     <span class='ocr_line' id='line_1_83' title="bbox 1895 4082 3480 4155; baseline 0.001 -17"><span class='ocrx_word' id='word_1_642' title='bbox 1895 4092 1949 4139; x_wconf 91' lang='lat' dir='ltr'><strong>et</strong></span> <span class='ocrx_word' id='word_1_643' title='bbox 1979 4082 2246 4137; x_wconf 84' lang='lat' dir='ltr'><strong>habitavit</strong></span> <span class='ocrx_word' id='word_1_644' title='bbox 2279 4083 2331 4137; x_wconf 90' lang='lat' dir='ltr'><strong>in</strong></span> <span class='ocrx_word' id='word_1_645' title='bbox 2364 4082 2518 4136; x_wconf 90' lang='lat' dir='ltr'><strong>nobis</strong></span> <span class='ocrx_word' id='word_1_646' title='bbox 2540 4083 2605 4137; x_wconf 77' lang='grc'><strong>⁸⁸.</strong></span> <span class='ocrx_word' id='word_1_647' title='bbox 2638 4102 2657 4134; x_wconf 84' lang='grc' dir='ltr'><strong>ι</strong></span> <span class='ocrx_word' id='word_1_648' title='bbox 2680 4084 2737 4137; x_wconf 90' lang='lat' dir='ltr'><strong>Si</strong></span> <span class='ocrx_word' id='word_1_649' title='bbox 2773 4099 2901 4155; x_wconf 82' lang='lat' dir='ltr'><strong>ergo</strong></span> <span class='ocrx_word' id='word_1_650' title='bbox 2932 4086 3227 4140; x_wconf 89' lang='lat' dir='ltr'><strong>secundum</strong></span> <span class='ocrx_word' id='word_1_651' title='bbox 3265 4102 3480 4142; x_wconf 87' lang='lat' dir='ltr'><strong>assum-</strong></span> 
     </span>
    </p>
   </div>
   <div class='ocr_carea' id='block_1_84' title="bbox 1896 4174 3482 4249">
    <p class='ocr_par' dir='ltr' id='par_1_84' title="bbox 1896 4174 3482 4249">
     <span class='ocr_line' id='line_1_84' title="bbox 1896 4174 3482 4249; baseline 0.003 -19"><span class='ocrx_word' id='word_1_652' title='bbox 1896 4177 2135 4247; x_wconf 88' lang='lat' dir='ltr'><strong>ptionem</strong></span> <span class='ocrx_word' id='word_1_653' title='bbox 2149 4175 2335 4230; x_wconf 88' lang='lat' dir='ltr'><strong>carnis</strong></span> <span class='ocrx_word' id='word_1_654' title='bbox 2361 4174 2666 4231; x_wconf 86' lang='lat' dir='ltr'><strong>humiliatio</strong></span> <span class='ocrx_word' id='word_1_655' title='bbox 2692 4174 2834 4232; x_wconf 80' lang='lat' dir='ltr'><strong>facta</strong></span> <span class='ocrx_word' id='word_1_656' title='bbox 2858 4191 2979 4232; x_wconf 89' lang='lat' dir='ltr'><strong>esse</strong></span> <span class='ocrx_word' id='word_1_657' title='bbox 3005 4177 3227 4243; x_wconf 91' lang='lat' dir='ltr'><strong>dicitur,</strong></span> <span class='ocrx_word' id='word_1_658' title='bbox 3258 4192 3482 4249; x_wconf 89' lang='lat' dir='ltr'><strong>propter</strong></span> 
     </span>
    </p>
   </div>
   <div class='ocr_carea' id='block_1_85' title="bbox 1898 4270 3325 4329">
    <p class='ocr_par' dir='ltr' id='par_1_85' title="bbox 1898 4270 3325 4329">
     <span class='ocr_line' id='line_1_85' title="bbox 1898 4270 3325 4329; baseline 0.002 -3"><span class='ocrx_word' id='word_1_659' title='bbox 1898 4271 2038 4328; x_wconf 77' lang='lat' dir='ltr'><strong>hanc</strong></span> <span class='ocrx_word' id='word_1_660' title='bbox 2061 4281 2117 4327; x_wconf 88' lang='lat' dir='ltr'><strong>et</strong></span> <span class='ocrx_word' id='word_1_661' title='bbox 2136 4270 2281 4327; x_wconf 88' lang='lat' dir='ltr'><strong>circa</strong></span> <span class='ocrx_word' id='word_1_662' title='bbox 2316 4272 2459 4326; x_wconf 88' lang='lat' dir='ltr'><strong>hanc</strong></span> <span class='ocrx_word' id='word_1_663' title='bbox 2487 4272 2653 4326; x_wconf 89' lang='lat' dir='ltr'><strong>etiam</strong></span> <span class='ocrx_word' id='word_1_664' title='bbox 2684 4270 2943 4327; x_wconf 72' lang='lat' dir='ltr'><strong>exultatio</strong></span> <span class='ocrx_word' id='word_1_665' title='bbox 2968 4271 3107 4327; x_wconf 73' lang='lat' dir='ltr'><strong>facta</strong></span> <span class='ocrx_word' id='word_1_666' title='bbox 3143 4274 3325 4329; x_wconf 80' lang='lat' dir='ltr'><strong>fuerit.</strong></span> 
     </span>
    </p>
   </div>
   <div class='ocr_carea' id='block_1_86' title="bbox 2428 4402 2951 4473">
    <p class='ocr_par' dir='ltr' id='par_1_86' title="bbox 2428 4402 2951 4473">
     <span class='ocr_line' id='line_1_86' title="bbox 2428 4402 2951 4473; baseline 0.004 -12"><span class='ocrx_word' id='word_1_667' title='bbox 2428 4402 2662 4473; x_wconf 81' lang='lat' dir='ltr'><strong>ALIUD,</strong></span> <span class='ocrx_word' id='word_1_668' title='bbox 2704 4408 2757 4461; x_wconf 78' lang='lat' dir='ltr'><strong>in</strong></span> <span class='ocrx_word' id='word_1_669' title='bbox 2794 4408 2951 4464; x_wconf 69' lang='lat' dir='ltr'><strong>idem.</strong></span> 
     </span>
    </p>
   </div>
   <div class='ocr_carea' id='block_1_87' title="bbox 1971 4540 3486 4608">
    <p class='ocr_par' dir='ltr' id='par_1_87' title="bbox 1971 4540 3486 4608">
     <span class='ocr_line' id='line_1_87' title="bbox 1971 4540 3486 4608; baseline 0.005 -13"><span class='ocrx_word' id='word_1_670' title='bbox 1971 4540 2167 4598; x_wconf 82' lang='lat' dir='ltr'><strong>Paulus</strong></span> <span class='ocrx_word' id='word_1_671' title='bbox 2195 4543 2262 4597; x_wconf 86' lang='lat' dir='ltr'><strong>ad</strong></span> <span class='ocrx_word' id='word_1_672' title='bbox 2291 4542 2550 4599; x_wconf 81' lang='lat' dir='ltr'><strong>Hebraeos</strong></span> <span class='ocrx_word' id='word_1_673' title='bbox 2574 4542 2840 4608; x_wconf 86' lang='lat' dir='ltr'><strong>scribens,</strong></span> <span class='ocrx_word' id='word_1_674' title='bbox 2866 4543 2938 4598; x_wconf 86' lang='lat' dir='ltr'><strong>ita</strong></span> <span class='ocrx_word' id='word_1_675' title='bbox 2973 4544 3051 4599; x_wconf 85' lang='lat' dir='ltr'><strong>ait</strong></span> <span class='ocrx_word' id='word_1_676' title='bbox 3079 4562 3092 4600; x_wconf 88' lang='lat'><strong>:</strong></span> <span class='ocrx_word' id='word_1_677' title='bbox 3127 4563 3146 4596; x_wconf 84' lang='grc' dir='ltr'><strong>ι</strong></span> <span class='ocrx_word' id='word_1_678' title='bbox 3175 4545 3486 4602; x_wconf 66' lang='grc' dir='ltr'><strong>Ρι-ωοιιιιεοι*</strong></span> 
     </span>
    </p>
   </div>
   <div class='ocr_carea' id='block_1_88' title="bbox 1897 4634 3486 4706">
    <p class='ocr_par' dir='ltr' id='par_1_88' title="bbox 1897 4634 3486 4706">
     <span class='ocr_line' id='line_1_88' title="bbox 1897 4634 3486 4706; baseline 0 -17"><span class='ocrx_word' id='word_1_679' title='bbox 1897 4650 1995 4706; x_wconf 89' lang='lat' dir='ltr'><strong>pro</strong></span> <span class='ocrx_word' id='word_1_680' title='bbox 2020 4635 2179 4691; x_wconf 75' lang='lat' dir='ltr'><strong>nobis</strong></span> <span class='ocrx_word' id='word_1_681' title='bbox 2206 4635 2450 4690; x_wconf 76' lang='lat' dir='ltr'><strong>introivit</strong></span> <span class='ocrx_word' id='word_1_682' title='bbox 2505 4634 2684 4701; x_wconf 79' lang='lat' dir='ltr'><strong>Jesus,</strong></span> <span class='ocrx_word' id='word_1_683' title='bbox 2720 4649 2826 4689; x_wconf 89' lang='lat' dir='ltr'><strong>non</strong></span> <span class='ocrx_word' id='word_1_684' title='bbox 2873 4635 2923 4688; x_wconf 81' lang='lat' dir='ltr'><strong>in</strong></span> <span class='ocrx_word' id='word_1_685' title='bbox 2964 4636 3295 4705; x_wconf 83' lang='lat' dir='ltr'><strong>exemplaria</strong></span> <span class='ocrx_word' id='word_1_686' title='bbox 3330 4651 3486 4690; x_wconf 79' lang='lat' dir='ltr'><strong>vero-</strong></span> 
     </span>
    </p>
   </div>
   <div class='ocr_carea' id='block_1_89' title="bbox 196 4712 1792 4798">
    <p class='ocr_par' dir='ltr' id='par_1_89' title="bbox 196 4712 1792 4786">
     <span class='ocr_line' id='line_1_89' title="bbox 196 4712 1792 4786; baseline -0.004 -13"><span class='ocrx_word' id='word_1_687' title='bbox 196 4721 325 4786; x_wconf 74' lang='grc' dir='ltr'>νιῖιν,</span> <span class='ocrx_word' id='word_1_688' title='bbox 368 4719 497 4773; x_wconf 81' lang='grc' dir='ltr'>ἀλλ’</span> <span class='ocrx_word' id='word_1_689' title='bbox 533 4717 627 4781; x_wconf 86' lang='grc' dir='ltr'><strong>εἰς</strong></span> <span class='ocrx_word' id='word_1_690' title='bbox 665 4714 831 4769; x_wconf 76' lang='grc' dir='ltr'>αὑτὸν</span> <span class='ocrx_word' id='word_1_691' title='bbox 856 4716 947 4768; x_wconf 87' lang='grc' dir='ltr'><strong>τὸν</strong></span> <span class='ocrx_word' id='word_1_692' title='bbox 974 4714 1236 4786; x_wconf 79' lang='grc' dir='ltr'>οὐρανὸν,</span> <span class='ocrx_word' id='word_1_693' title='bbox 1269 4714 1364 4768; x_wconf 81' lang='grc' dir='ltr'>νῦν</span> <span class='ocrx_word' id='word_1_694' title='bbox 1398 4712 1792 4784; x_wconf 75' lang='grc' dir='ltr'><strong>ἐμφανισθῆναι</strong></span> 
     </span>
    </p>
   </div>
   <div class='ocr_carea' id='block_1_90' title="bbox 1903 4712 3482 4798">
    <p class='ocr_par' dir='ltr' id='par_1_90' title="bbox 1903 4727 3482 4798">
     <span class='ocr_line' id='line_1_90' title="bbox 1903 4727 3482 4798; baseline -0.001 -17"><span class='ocrx_word' id='word_1_695' title='bbox 1903 4743 2047 4792; x_wconf 87' lang='lat' dir='ltr'><strong>rum,</strong></span> <span class='ocrx_word' id='word_1_696' title='bbox 2073 4729 2168 4784; x_wconf 83' lang='lat' dir='ltr'><strong>sed</strong></span> <span class='ocrx_word' id='word_1_697' title='bbox 2198 4729 2251 4782; x_wconf 84' lang='lat' dir='ltr'><strong>in</strong></span> <span class='ocrx_word' id='word_1_698' title='bbox 2284 4729 2457 4798; x_wconf 84' lang='lat' dir='ltr'><strong>ipsum</strong></span> <span class='ocrx_word' id='word_1_699' title='bbox 2496 4727 2715 4791; x_wconf 64' lang='lat' dir='ltr'><strong>caelum,</strong></span> <span class='ocrx_word' id='word_1_700' title='bbox 2753 4736 2810 4780; x_wconf 90' lang='lat' dir='ltr'><strong>ut</strong></span> <span class='ocrx_word' id='word_1_701' title='bbox 2844 4738 3104 4795; x_wconf 80' lang='lat' dir='ltr'><strong>appareat</strong></span> <span class='ocrx_word' id='word_1_702' title='bbox 3134 4743 3277 4783; x_wconf 84' lang='lat' dir='ltr'><strong>nunc</strong></span> <span class='ocrx_word' id='word_1_703' title='bbox 3313 4729 3482 4783; x_wconf 72' lang='lat' dir='ltr'><strong>vultui</strong></span> 
     </span>
    </p>
   </div>
   <div class='ocr_carea' id='block_1_91' title="bbox 197 4787 1792 4887">
    <p class='ocr_par' dir='ltr' id='par_1_91' title="bbox 197 4798 1792 4884">
     <span class='ocr_line' id='line_1_91' title="bbox 197 4798 1792 4884; baseline -0.005 -18"><span class='ocrx_word' id='word_1_704' title='bbox 197 4812 262 4882; x_wconf 74' lang='grc' dir='ltr'>τῷ</span> <span class='ocrx_word' id='word_1_705' title='bbox 289 4812 599 4884; x_wconf 83' lang='grc' dir='ltr'>προσώπῳ</span> <span class='ocrx_word' id='word_1_706' title='bbox 633 4806 732 4860; x_wconf 79' lang='grc' dir='ltr'><strong>τοῦ</strong></span> <span class='ocrx_word' id='word_1_707' title='bbox 760 4804 896 4859; x_wconf 86' lang='grc' dir='ltr'>Θεοῦ</span> <span class='ocrx_word' id='word_1_708' title='bbox 930 4806 1072 4876; x_wconf 82' lang='grc' dir='ltr'>ὑπὲρ</span> <span class='ocrx_word' id='word_1_709' title='bbox 1101 4804 1280 4877; x_wconf 78' lang='grc' dir='ltr'>ἡμῶν.</span> <span class='ocrx_word' id='word_1_710' title='bbox 1316 4823 1335 4855; x_wconf 72' lang='grc' dir='ltr'><strong>ι</strong></span> <span class='ocrx_word' id='word_1_711' title='bbox 1365 4804 1577 4876; x_wconf 82' lang='grc' dir='ltr'>Ὥσπερ</span> <span class='ocrx_word' id='word_1_712' title='bbox 1618 4798 1711 4857; x_wconf 76' lang='grc' dir='ltr'>οὖν</span> <span class='ocrx_word' id='word_1_713' title='bbox 1739 4804 1792 4858; x_wconf 82' lang='grc' dir='ltr'>ὲν</span> 
     </span>
    </p>
   </div>
   <div class='ocr_carea' id='block_1_92' title="bbox 1903 4787 3483 4887">
    <p class='ocr_par' dir='ltr' id='par_1_92' title="bbox 1907 4787 3483 4887">
     <span class='ocr_line' id='line_1_92' title="bbox 1907 4787 3483 4887; baseline 0 -16"><span class='ocrx_word' id='word_1_714' title='bbox 1907 4818 1997 4871; x_wconf 88' lang='lat' dir='ltr'><strong>Dei</strong></span> <span class='ocrx_word' id='word_1_715' title='bbox 2028 4787 2127 4886; x_wconf 85' lang='lat' dir='ltr'><strong>pro</strong></span> <span class='ocrx_word' id='word_1_716' title='bbox 2160 4787 2317 4873; x_wconf 74' lang='lat' dir='ltr'><strong>nobis</strong></span> <span class='ocrx_word' id='word_1_717' title='bbox 2344 4818 2411 4870; x_wconf 83' lang='lat'><strong>&quot;.</strong></span> <span class='ocrx_word' id='word_1_718' title='bbox 2453 4836 2472 4868; x_wconf 74' lang='grc' dir='ltr'><strong>ι</strong></span> <span class='ocrx_word' id='word_1_719' title='bbox 2506 4787 2965 4882; x_wconf 77' lang='lat' dir='ltr'><strong>Quemadmodum</strong></span> <span class='ocrx_word' id='word_1_720' title='bbox 2993 4816 3152 4885; x_wconf 79' lang='lat' dir='ltr'><strong>igitur</strong></span> <span class='ocrx_word' id='word_1_721' title='bbox 3181 4833 3398 4887; x_wconf 82' lang='lat' dir='ltr'><strong>semper</strong></span> <span class='ocrx_word' id='word_1_722' title='bbox 3432 4822 3483 4873; x_wconf 87' lang='lat' dir='ltr'><strong>in</strong></span> 
     </span>
    </p>
   </div>
   <div class='ocr_carea' id='block_1_93' title="bbox 200 4895 1799 4977">
    <p class='ocr_par' dir='ltr' id='par_1_93' title="bbox 200 4895 1799 4977">
     <span class='ocr_line' id='line_1_93' title="bbox 200 4895 1799 4977; baseline -0.007 -18"><span class='ocrx_word' id='word_1_723' title='bbox 200 4908 293 4966; x_wconf 75' lang='grc' dir='ltr'><strong>τοῖς</strong></span> <span class='ocrx_word' id='word_1_724' title='bbox 324 4904 615 4977; x_wconf 80' lang='grc' dir='ltr'>οὐρανοῖς</span> <span class='ocrx_word' id='word_1_725' title='bbox 642 4898 742 4953; x_wconf 74' lang='grc' dir='ltr'><strong>καὶ</strong></span> <span class='ocrx_word' id='word_1_726' title='bbox 778 4900 835 4951; x_wconf 79' lang='grc' dir='ltr'>ὲν</span> <span class='ocrx_word' id='word_1_727' title='bbox 863 4897 1144 4968; x_wconf 83' lang='grc' dir='ltr'><strong>προσώπῳ</strong></span> <span class='ocrx_word' id='word_1_728' title='bbox 1167 4896 1265 4951; x_wconf 83' lang='grc' dir='ltr'>τοῦ</span> <span class='ocrx_word' id='word_1_729' title='bbox 1296 4896 1508 4968; x_wconf 79' lang='grc' dir='ltr'>[ἰατρὸς</span> <span class='ocrx_word' id='word_1_730' title='bbox 1536 4895 1799 4966; x_wconf 84' lang='grc' dir='ltr'>ὑπάρχων</span> 
     </span>
    </p>
   </div>
   <div class='ocr_carea' id='block_1_94' title="bbox 204 4985 1796 5062">
    <p class='ocr_par' dir='ltr' id='par_1_94' title="bbox 204 4985 1796 5062">
     <span class='ocr_line' id='line_1_94' title="bbox 204 4985 1796 5062; baseline -0.005 -14"><span class='ocrx_word' id='word_1_731' title='bbox 204 4998 290 5061; x_wconf 71' lang='grc' dir='ltr'>ἀεὶ,</span> <span class='ocrx_word' id='word_1_732' title='bbox 310 4996 412 5049; x_wconf 81' lang='grc' dir='ltr'>νῦν</span> <span class='ocrx_word' id='word_1_733' title='bbox 454 4994 621 5062; x_wconf 77' lang='grc' dir='ltr'>ὑπὲρ</span> <span class='ocrx_word' id='word_1_734' title='bbox 650 4989 812 5061; x_wconf 81' lang='grc' dir='ltr'>ἡμῶν</span> <span class='ocrx_word' id='word_1_735' title='bbox 843 4990 1153 5060; x_wconf 70' lang='grc' dir='ltr'>εἰσέρχεται</span> <span class='ocrx_word' id='word_1_736' title='bbox 1184 4988 1286 5059; x_wconf 82' lang='grc' dir='ltr'><strong>μὲν</strong></span> <span class='ocrx_word' id='word_1_737' title='bbox 1318 4990 1398 5052; x_wconf 77' lang='grc' dir='ltr'>είς</span> <span class='ocrx_word' id='word_1_738' title='bbox 1426 4988 1516 5042; x_wconf 80' lang='grc' dir='ltr'><strong>τὸν</strong></span> <span class='ocrx_word' id='word_1_739' title='bbox 1543 4985 1796 5059; x_wconf 83' lang='grc' dir='ltr'>οὐρανὸν,</span> 
     </span>
    </p>
   </div>
   <div class='ocr_carea' id='block_1_95' title="bbox 210 5079 1800 5154">
    <p class='ocr_par' dir='ltr' id='par_1_95' title="bbox 210 5079 1800 5154">
     <span class='ocr_line' id='line_1_95' title="bbox 210 5079 1800 5154; baseline 0 -21"><span class='ocrx_word' id='word_1_740' title='bbox 210 5087 571 5154; x_wconf 62' lang='grc' dir='ltr'>ἐμφανίζεται</span> <span class='ocrx_word' id='word_1_741' title='bbox 605 5081 663 5136; x_wconf 78' lang='grc' dir='ltr'>δὲ</span> <span class='ocrx_word' id='word_1_742' title='bbox 689 5081 768 5152; x_wconf 83' lang='grc' dir='ltr'>τῷ</span> <span class='ocrx_word' id='word_1_743' title='bbox 797 5081 992 5153; x_wconf 87' lang='grc' dir='ltr'>Πατρί·</span> <span class='ocrx_word' id='word_1_744' title='bbox 1021 5081 1165 5135; x_wconf 77' lang='grc' dir='ltr'>οὕτω</span> <span class='ocrx_word' id='word_1_745' title='bbox 1196 5080 1362 5135; x_wconf 85' lang='grc' dir='ltr'>πάλιν</span> <span class='ocrx_word' id='word_1_746' title='bbox 1401 5081 1496 5133; x_wconf 78' lang='grc' dir='ltr'>καὶ</span> <span class='ocrx_word' id='word_1_747' title='bbox 1522 5080 1619 5135; x_wconf 84' lang='grc' dir='ltr'><strong>νῦν</strong></span> <span class='ocrx_word' id='word_1_748' title='bbox 1657 5079 1800 5152; x_wconf 72' lang='grc' dir='ltr'>ὑπὲρ</span> 
     </span>
    </p>
   </div>
   <div class='ocr_carea' id='block_1_96' title="bbox 210 5170 1799 5247">
    <p class='ocr_par' dir='ltr' id='par_1_96' title="bbox 210 5170 1799 5247">
     <span class='ocr_line' id='line_1_96' title="bbox 210 5170 1799 5247; baseline -0.004 -16"><span class='ocrx_word' id='word_1_749' title='bbox 210 5178 338 5244; x_wconf 57' lang='grc' dir='ltr'><strong>ἡμῶν</strong></span> <span class='ocrx_word' id='word_1_750' title='bbox 356 5175 624 5247; x_wconf 75' lang='grc' dir='ltr'>ὑψοῦται</span> <span class='ocrx_word' id='word_1_751' title='bbox 645 5173 744 5227; x_wconf 78' lang='grc' dir='ltr'><strong>καὶ</strong></span> <span class='ocrx_word' id='word_1_752' title='bbox 760 5172 1067 5240; x_wconf 79' lang='grc' dir='ltr'>δοξάζεται,</span> <span class='ocrx_word' id='word_1_753' title='bbox 1090 5174 1184 5226; x_wconf 76' lang='grc' dir='ltr'><strong>καὶ</strong></span> <span class='ocrx_word' id='word_1_754' title='bbox 1198 5172 1469 5244; x_wconf 78' lang='grc' dir='ltr'>λαμϐάνει</span> <span class='ocrx_word' id='word_1_755' title='bbox 1495 5191 1513 5223; x_wconf 91' lang='grc' dir='ltr'><strong>ι</strong></span> <span class='ocrx_word' id='word_1_756' title='bbox 1544 5171 1604 5225; x_wconf 81' lang='grc' dir='ltr'>τὸ</span> <span class='ocrx_word' id='word_1_757' title='bbox 1624 5170 1799 5242; x_wconf 73' lang='grc' dir='ltr'>ὄνομα</span> 
     </span>
    </p>
   </div>
   <div class='ocr_carea' id='block_1_97' title="bbox 200 5262 1796 5337">
    <p class='ocr_par' dir='ltr' id='par_1_97' title="bbox 200 5262 1796 5337">
     <span class='ocr_line' id='line_1_97' title="bbox 200 5262 1796 5337; baseline 0.003 -24"><span class='ocrx_word' id='word_1_758' title='bbox 200 5266 250 5315; x_wconf 73' lang='grc' dir='ltr'>τὸ</span> <span class='ocrx_word' id='word_1_759' title='bbox 274 5267 421 5337; x_wconf 77' lang='grc' dir='ltr'>ὑπὲρ</span> <span class='ocrx_word' id='word_1_760' title='bbox 464 5265 589 5319; x_wconf 77' lang='grc' dir='ltr'><strong>πᾶν</strong></span> <span class='ocrx_word' id='word_1_761' title='bbox 630 5263 824 5335; x_wconf 62' lang='grc' dir='ltr'>ὄνομα</span> <span class='ocrx_word' id='word_1_762' title='bbox 850 5282 870 5316; x_wconf 71' lang='grc' dir='ltr'>ι</span> <span class='ocrx_word' id='word_1_763' title='bbox 907 5263 973 5317; x_wconf 80' lang='grc' dir='ltr'>ἵν’</span> <span class='ocrx_word' id='word_1_764' title='bbox 1002 5263 1278 5335; x_wconf 53' lang='grc' dir='ltr'>ὣσπερςὲν</span> <span class='ocrx_word' id='word_1_765' title='bbox 1306 5263 1454 5334; x_wconf 79' lang='grc' dir='ltr'>αὐτῷ</span> <span class='ocrx_word' id='word_1_766' title='bbox 1480 5263 1574 5317; x_wconf 74' lang='grc' dir='ltr'><strong>καὶ</strong></span> <span class='ocrx_word' id='word_1_767' title='bbox 1597 5264 1678 5327; x_wconf 82' lang='grc' dir='ltr'><strong>εἰς</strong></span> <span class='ocrx_word' id='word_1_768' title='bbox 1705 5262 1796 5317; x_wconf 83' lang='grc' dir='ltr'><strong>τὸν</strong></span> 
     </span>
    </p>
   </div>
   <div class='ocr_carea' id='block_1_98' title="bbox 194 5354 1797 5429">
    <p class='ocr_par' dir='ltr' id='par_1_98' title="bbox 194 5354 1797 5429">
     <span class='ocr_line' id='line_1_98' title="bbox 194 5354 1797 5429; baseline 0 -21"><span class='ocrx_word' id='word_1_769' title='bbox 194 5356 422 5427; x_wconf 71' lang='grc' dir='ltr'>οὐρανὸν</span> <span class='ocrx_word' id='word_1_770' title='bbox 478 5354 856 5426; x_wconf 70' lang='grc' dir='ltr'>εἰσερχόμεθα</span> <span class='ocrx_word' id='word_1_771' title='bbox 903 5356 999 5410; x_wconf 80' lang='grc' dir='ltr'>καὶ</span> <span class='ocrx_word' id='word_1_772' title='bbox 1036 5356 1450 5428; x_wconf 73' lang='grc' dir='ltr'>ὲμφανιζόμεθα</span> <span class='ocrx_word' id='word_1_773' title='bbox 1479 5355 1556 5428; x_wconf 82' lang='grc' dir='ltr'><strong>τῷ</strong></span> <span class='ocrx_word' id='word_1_774' title='bbox 1598 5357 1797 5429; x_wconf 77' lang='grc' dir='ltr'>Πατρὶ,</span> 
     </span>
    </p>
   </div>
   <div class='ocr_carea' id='block_1_99' title="bbox 192 5446 1799 5521">
    <p class='ocr_par' dir='ltr' id='par_1_99' title="bbox 192 5446 1799 5521">
     <span class='ocr_line' id='line_1_99' title="bbox 192 5446 1799 5521; baseline 0.002 -21"><span class='ocrx_word' id='word_1_775' title='bbox 192 5447 329 5504; x_wconf 72' lang='grc' dir='ltr'>οὕτω</span> <span class='ocrx_word' id='word_1_776' title='bbox 357 5450 626 5519; x_wconf 55' lang='grc' dir='ltr'>πάλινρν</span> <span class='ocrx_word' id='word_1_777' title='bbox 654 5446 807 5518; x_wconf 79' lang='grc' dir='ltr'><strong>αὐτῷ</strong></span> <span class='ocrx_word' id='word_1_778' title='bbox 827 5447 1199 5521; x_wconf 82' lang='grc' dir='ltr'><strong>δοξαζόμενοι,</strong></span> <span class='ocrx_word' id='word_1_779' title='bbox 1230 5451 1327 5504; x_wconf 72' lang='grc' dir='ltr'>καὶ</span> <span class='ocrx_word' id='word_1_780' title='bbox 1356 5447 1675 5521; x_wconf 67' lang='grc' dir='ltr'>ὑψούμενοι,</span> <span class='ocrx_word' id='word_1_781' title='bbox 1703 5451 1799 5505; x_wconf 76' lang='grc' dir='ltr'><strong>καὶ</strong></span> 
     </span>
    </p>
   </div>
   <div class='ocr_carea' id='block_1_100' title="bbox 191 5541 978 5613">
    <p class='ocr_par' dir='ltr' id='par_1_100' title="bbox 191 5541 978 5613">
     <span class='ocr_line' id='line_1_100' title="bbox 191 5541 978 5613; baseline 0.003 -18"><span class='ocrx_word' id='word_1_782' title='bbox 191 5542 305 5595; x_wconf 77' lang='grc' dir='ltr'><strong>υἱοὺ</strong></span> <span class='ocrx_word' id='word_1_783' title='bbox 332 5541 489 5596; x_wconf 74' lang='grc' dir='ltr'>Θεοῦ</span> <span class='ocrx_word' id='word_1_784' title='bbox 520 5541 978 5613; x_wconf 76' lang='grc' dir='ltr'>χρηματίςωμεν.</span> 
     </span>
    </p>
   </div>
   <div class='ocr_carea' id='block_1_101' title="bbox 1901 4911 3485 4981">
    <p class='ocr_par' dir='ltr' id='par_1_101' title="bbox 1901 4911 3485 4981">
     <span class='ocr_line' id='line_1_101' title="bbox 1901 4911 3485 4981; baseline -0.003 -14"><span class='ocrx_word' id='word_1_785' title='bbox 1901 4913 2075 4974; x_wconf 73' lang='grc' dir='ltr'>οωιίε,</span> <span class='ocrx_word' id='word_1_786' title='bbox 2122 4922 2177 4967; x_wconf 92' lang='lat' dir='ltr'><strong>et</strong></span> <span class='ocrx_word' id='word_1_787' title='bbox 2217 4927 2402 4967; x_wconf 79' lang='lat' dir='ltr'><strong>coram</strong></span> <span class='ocrx_word' id='word_1_788' title='bbox 2446 4911 2586 4966; x_wconf 81' lang='lat' dir='ltr'><strong>facie</strong></span> <span class='ocrx_word' id='word_1_789' title='bbox 2631 4911 2809 4966; x_wconf 83' lang='lat' dir='ltr'><strong>Patris</strong></span> <span class='ocrx_word' id='word_1_790' title='bbox 2852 4914 3145 4978; x_wconf 80' lang='lat' dir='ltr'><strong>exsistens,</strong></span> <span class='ocrx_word' id='word_1_791' title='bbox 3194 4929 3337 4967; x_wconf 81' lang='lat' dir='ltr'><strong>nunc</strong></span> <span class='ocrx_word' id='word_1_792' title='bbox 3386 4929 3485 4981; x_wconf 79' lang='lat' dir='ltr'><strong>pro</strong></span> 
     </span>
    </p>
   </div>
   <div class='ocr_carea' id='block_1_102' title="bbox 1901 5002 3487 5073">
    <p class='ocr_par' dir='ltr' id='par_1_102' title="bbox 1901 5002 3487 5073">
     <span class='ocr_line' id='line_1_102' title="bbox 1901 5002 3487 5073; baseline -0.001 -15"><span class='ocrx_word' id='word_1_793' title='bbox 1901 5004 2058 5058; x_wconf 83' lang='lat' dir='ltr'><strong>nobis</strong></span> <span class='ocrx_word' id='word_1_794' title='bbox 2094 5004 2412 5073; x_wconf 72' lang='lat' dir='ltr'><strong>ingreditur,</strong></span> <span class='ocrx_word' id='word_1_795' title='bbox 2463 5013 2521 5057; x_wconf 89' lang='lat' dir='ltr'><strong>et</strong></span> <span class='ocrx_word' id='word_1_796' title='bbox 2569 5013 2793 5073; x_wconf 85' lang='lat' dir='ltr'><strong>apparet</strong></span> <span class='ocrx_word' id='word_1_797' title='bbox 2824 5017 3009 5057; x_wconf 85' lang='lat' dir='ltr'><strong>coram</strong></span> <span class='ocrx_word' id='word_1_798' title='bbox 3050 5002 3211 5059; x_wconf 76' lang='lat' dir='ltr'><strong>Patre</strong></span> <span class='ocrx_word' id='word_1_799' title='bbox 3251 5020 3265 5057; x_wconf 91' lang='lat'><strong>:</strong></span> <span class='ocrx_word' id='word_1_800' title='bbox 3298 5005 3368 5058; x_wconf 81' lang='lat' dir='ltr'><strong>ita</strong></span> <span class='ocrx_word' id='word_1_801' title='bbox 3405 5006 3487 5057; x_wconf 77' lang='lat' dir='ltr'><strong>vi-</strong></span> 
     </span>
    </p>
   </div>
   <div class='ocr_carea' id='block_1_103' title="bbox 1903 5094 3484 5165">
    <p class='ocr_par' dir='ltr' id='par_1_103' title="bbox 1903 5094 3484 5165">
     <span class='ocr_line' id='line_1_103' title="bbox 1903 5094 3484 5165; baseline -0.001 -15"><span class='ocrx_word' id='word_1_802' title='bbox 1903 5095 2085 5150; x_wconf 86' lang='lat' dir='ltr'><strong>cissim</strong></span> <span class='ocrx_word' id='word_1_803' title='bbox 2119 5111 2260 5150; x_wconf 90' lang='lat' dir='ltr'><strong>nunc</strong></span> <span class='ocrx_word' id='word_1_804' title='bbox 2284 5094 2555 5150; x_wconf 82' lang='lat' dir='ltr'><strong>exaltatur</strong></span> <span class='ocrx_word' id='word_1_805' title='bbox 2581 5110 2677 5165; x_wconf 88' lang='lat' dir='ltr'><strong>pro</strong></span> <span class='ocrx_word' id='word_1_806' title='bbox 2704 5095 2858 5150; x_wconf 85' lang='lat' dir='ltr'><strong>nobis</strong></span> <span class='ocrx_word' id='word_1_807' title='bbox 2880 5104 2934 5148; x_wconf 88' lang='lat' dir='ltr'><strong>et</strong></span> <span class='ocrx_word' id='word_1_808' title='bbox 2955 5095 3319 5165; x_wconf 71' lang='lat' dir='ltr'><strong>gloriﬁcatur,</strong></span> <span class='ocrx_word' id='word_1_809' title='bbox 3340 5094 3484 5148; x_wconf 83' lang='lat' dir='ltr'><strong>acci-</strong></span> 
     </span>
    </p>
   </div>
   <div class='ocr_carea' id='block_1_104' title="bbox 1905 5187 3484 5256">
    <p class='ocr_par' dir='ltr' id='par_1_104' title="bbox 1905 5187 3484 5256">
     <span class='ocr_line' id='line_1_104' title="bbox 1905 5187 3484 5256; baseline 0 -16"><span class='ocrx_word' id='word_1_810' title='bbox 1905 5187 2088 5256; x_wconf 89' lang='lat' dir='ltr'><strong>pitque</strong></span> <span class='ocrx_word' id='word_1_811' title='bbox 2122 5205 2141 5237; x_wconf 90' lang='grc' dir='ltr'><strong>ι</strong></span> <span class='ocrx_word' id='word_1_812' title='bbox 2170 5202 2363 5241; x_wconf 89' lang='lat' dir='ltr'><strong>nomen</strong></span> <span class='ocrx_word' id='word_1_813' title='bbox 2390 5187 2533 5256; x_wconf 90' lang='lat' dir='ltr'><strong>quod</strong></span> <span class='ocrx_word' id='word_1_814' title='bbox 2563 5195 2648 5242; x_wconf 88' lang='lat' dir='ltr'><strong>est</strong></span> <span class='ocrx_word' id='word_1_815' title='bbox 2667 5201 2831 5256; x_wconf 85' lang='lat' dir='ltr'><strong>super</strong></span> <span class='ocrx_word' id='word_1_816' title='bbox 2850 5201 3010 5240; x_wconf 89' lang='lat' dir='ltr'><strong>omne</strong></span> <span class='ocrx_word' id='word_1_817' title='bbox 3041 5201 3233 5241; x_wconf 83' lang='lat' dir='ltr'><strong>nomen</strong></span> <span class='ocrx_word' id='word_1_818' title='bbox 3258 5187 3338 5240; x_wconf 75' lang='lat'><strong>‘°:</strong></span> <span class='ocrx_word' id='word_1_819' title='bbox 3374 5204 3393 5237; x_wconf 71' lang='grc' dir='ltr'><strong>ι</strong></span> <span class='ocrx_word' id='word_1_820' title='bbox 3427 5196 3484 5240; x_wconf 86' lang='grc' dir='ltr'><strong>ιιι</strong></span> 
     </span>
    </p>
   </div>
   <div class='ocr_carea' id='block_1_105' title="bbox 1901 5279 3484 5349">
    <p class='ocr_par' dir='ltr' id='par_1_105' title="bbox 1901 5279 3484 5349">
     <span class='ocr_line' id='line_1_105' title="bbox 1901 5279 3484 5349; baseline -0.001 -16"><span class='ocrx_word' id='word_1_821' title='bbox 1901 5279 2356 5349; x_wconf 88' lang='lat' dir='ltr'><strong>quemadmodum</strong></span> <span class='ocrx_word' id='word_1_822' title='bbox 2389 5279 2443 5333; x_wconf 92' lang='lat' dir='ltr'><strong>in</strong></span> <span class='ocrx_word' id='word_1_823' title='bbox 2475 5280 2593 5349; x_wconf 87' lang='lat' dir='ltr'><strong>ipso</strong></span> <span class='ocrx_word' id='word_1_824' title='bbox 2614 5282 2778 5335; x_wconf 88' lang='lat' dir='ltr'><strong>etiam</strong></span> <span class='ocrx_word' id='word_1_825' title='bbox 2812 5280 2864 5334; x_wconf 90' lang='lat' dir='ltr'><strong>in</strong></span> <span class='ocrx_word' id='word_1_826' title='bbox 2900 5279 3092 5333; x_wconf 73' lang='lat' dir='ltr'><strong>(celum</strong></span> <span class='ocrx_word' id='word_1_827' title='bbox 3131 5279 3484 5348; x_wconf 76' lang='lat' dir='ltr'><strong>ingredimur,</strong></span> 
     </span>
    </p>
   </div>
   <div class='ocr_carea' id='block_1_106' title="bbox 1902 5370 3483 5441">
    <p class='ocr_par' dir='ltr' id='par_1_106' title="bbox 1902 5370 3483 5441">
     <span class='ocr_line' id='line_1_106' title="bbox 1902 5370 3483 5441; baseline -0.001 -16"><span class='ocrx_word' id='word_1_828' title='bbox 1902 5379 1956 5425; x_wconf 90' lang='lat' dir='ltr'><strong>et</strong></span> <span class='ocrx_word' id='word_1_829' title='bbox 1980 5385 2301 5439; x_wconf 86' lang='lat' dir='ltr'><strong>apparemus</strong></span> <span class='ocrx_word' id='word_1_830' title='bbox 2323 5385 2503 5424; x_wconf 88' lang='lat' dir='ltr'><strong>coram</strong></span> <span class='ocrx_word' id='word_1_831' title='bbox 2528 5370 2714 5436; x_wconf 89' lang='lat' dir='ltr'><strong>Patre,</strong></span> <span class='ocrx_word' id='word_1_832' title='bbox 2752 5372 2823 5425; x_wconf 87' lang='lat' dir='ltr'><strong>ita</strong></span> <span class='ocrx_word' id='word_1_833' title='bbox 2856 5372 3017 5424; x_wconf 87' lang='lat' dir='ltr'><strong>etiam</strong></span> <span class='ocrx_word' id='word_1_834' title='bbox 3049 5371 3101 5423; x_wconf 93' lang='lat' dir='ltr'><strong>in</strong></span> <span class='ocrx_word' id='word_1_835' title='bbox 3134 5371 3248 5439; x_wconf 80' lang='lat' dir='ltr'><strong>ipso</strong></span> <span class='ocrx_word' id='word_1_836' title='bbox 3276 5370 3483 5441; x_wconf 83' lang='lat' dir='ltr'><strong>glorili-</strong></span> 
     </span>
    </p>
   </div>
   <div class='ocr_carea' id='block_1_107' title="bbox 1903 5463 3247 5535">
    <p class='ocr_par' dir='ltr' id='par_1_107' title="bbox 1903 5463 3247 5535">
     <span class='ocr_line' id='line_1_107' title="bbox 1903 5463 3247 5535; baseline -0.003 -17"><span class='ocrx_word' id='word_1_837' title='bbox 1903 5464 2008 5518; x_wconf 85' lang='lat' dir='ltr'><strong>cati</strong></span> <span class='ocrx_word' id='word_1_838' title='bbox 2036 5474 2090 5518; x_wconf 86' lang='lat' dir='ltr'><strong>et</strong></span> <span class='ocrx_word' id='word_1_839' title='bbox 2118 5463 2360 5528; x_wconf 81' lang='lat' dir='ltr'><strong>exaltati,</strong></span> <span class='ocrx_word' id='word_1_840' title='bbox 2396 5463 2487 5518; x_wconf 81' lang='lat' dir='ltr'><strong>ﬁlii</strong></span> <span class='ocrx_word' id='word_1_841' title='bbox 2520 5464 2614 5519; x_wconf 86' lang='lat' dir='ltr'><strong>Dei</strong></span> <span class='ocrx_word' id='word_1_842' title='bbox 2653 5478 2869 5535; x_wconf 76' lang='grc' dir='ltr'><strong>ιιιιοιιιιο</strong></span> <span class='ocrx_word' id='word_1_843' title='bbox 2902 5477 3158 5519; x_wconf 79' lang='lat' dir='ltr'><strong>vocemur</strong></span> <span class='ocrx_word' id='word_1_844' title='bbox 3182 5464 3247 5514; x_wconf 76' lang='grc'><strong>³⁸.</strong></span> 
     </span>
    </p>
   </div>
   <div class='ocr_carea' id='block_1_108' title="bbox 260 5682 1792 5795">
    <p class='ocr_par' dir='ltr' id='par_1_108' title="bbox 260 5682 1792 5795">
     <span class='ocr_line' id='line_1_108' title="bbox 260 5682 1792 5795; baseline 0.008 -26"><span class='ocrx_word' id='word_1_845' title='bbox 260 5721 485 5795; x_wconf 74' lang='lat' dir='ltr'><strong>“_Psal</strong></span> <span class='ocrx_word' id='word_1_846' title='bbox 540 5744 659 5790; x_wconf 79' lang='grc' dir='ltr'><strong>ιιιι,</strong></span> <span class='ocrx_word' id='word_1_847' title='bbox 693 5729 749 5784; x_wconf 75' lang='lat'><strong>5.</strong></span> <span class='ocrx_word' id='word_1_848' title='bbox 825 5729 872 5763; x_wconf 65' lang='grc' dir='ltr'><strong>δ’</strong></span> <span class='ocrx_word' id='word_1_849' title='bbox 907 5716 1049 5780; x_wconf 82' lang='lat' dir='ltr'><strong>Psal.</strong></span> <span class='ocrx_word' id='word_1_850' title='bbox 1094 5682 1289 5795; x_wconf 57' lang='lat' dir='ltr'><strong>exsul,</strong></span> <span class='ocrx_word' id='word_1_851' title='bbox 1317 5721 1408 5778; x_wconf 73' lang='grc'><strong>21.</strong></span> <span class='ocrx_word' id='word_1_852' title='bbox 1483 5720 1705 5795; x_wconf 68' lang='lat' dir='ltr'><strong>&quot;Psal.</strong></span> <span class='ocrx_word' id='word_1_853' title='bbox 1735 5740 1792 5780; x_wconf 71' lang='lat' dir='ltr'><strong>Lit‘</strong></span> 
     </span>
    </p>
   </div>
   <div class='ocr_carea' id='block_1_109' title="bbox 1903 5682 3480 5795">
    <p class='ocr_par' dir='ltr' id='par_1_109' title="bbox 1903 5722 3480 5795">
     <span class='ocr_line' id='line_1_109' title="bbox 1903 5722 3480 5795; baseline 0.001 -18"><span class='ocrx_word' id='word_1_854' title='bbox 1903 5723 1948 5778; x_wconf 80' lang='grc' dir='ltr'><strong>Ξ.</strong></span> <span class='ocrx_word' id='word_1_855' title='bbox 2027 5722 2072 5795; x_wconf 73' lang='lat'>_”</span> <span class='ocrx_word' id='word_1_856' title='bbox 2114 5722 2252 5795; x_wconf 77' lang='lat' dir='ltr'><strong>Psal.</strong></span> <span class='ocrx_word' id='word_1_857' title='bbox 2292 5739 2440 5790; x_wconf 70' lang='lat' dir='ltr'><strong>LXXI,</strong></span> <span class='ocrx_word' id='word_1_858' title='bbox 2474 5722 2561 5778; x_wconf 82' lang='lat' dir='ltr'><strong>l7.</strong></span> <span class='ocrx_word' id='word_1_859' title='bbox 2638 5724 2684 5757; x_wconf 79' lang='lat'>&quot;</span> <span class='ocrx_word' id='word_1_860' title='bbox 2720 5722 2862 5795; x_wconf 70' lang='lat' dir='ltr'><strong>Psal.</strong></span> <span class='ocrx_word' id='word_1_861' title='bbox 2891 5740 3004 5791; x_wconf 76' lang='lat' dir='ltr'><strong>tm,</strong></span> <span class='ocrx_word' id='word_1_862' title='bbox 3039 5726 3094 5781; x_wconf 87' lang='lat'><strong>8.</strong></span> <span class='ocrx_word' id='word_1_863' title='bbox 3173 5726 3219 5759; x_wconf 79' lang='lat'><strong>&quot;&#39;</strong></span> <span class='ocrx_word' id='word_1_864' title='bbox 3253 5723 3406 5781; x_wconf 66' lang='grc' dir='ltr'><strong>,ἰοί-ιι.</strong></span> <span class='ocrx_word' id='word_1_865' title='bbox 3440 5741 3480 5791; x_wconf 85' lang='grc' dir='ltr'><strong>ι,</strong></span> 
     </span>
    </p>
   </div>
   <div class='ocr_carea' id='block_1_110' title="bbox 225 5792 1792 5871">
    <p class='ocr_par' dir='ltr' id='par_1_110' title="bbox 225 5792 1789 5871">
     <span class='ocr_line' id='line_1_110' title="bbox 225 5792 1789 5871; baseline 0.001 -24"><span class='ocrx_word' id='word_1_866' title='bbox 225 5793 278 5857; x_wconf 75' lang='grc'><strong>1,</strong></span> <span class='ocrx_word' id='word_1_867' title='bbox 303 5793 363 5853; x_wconf 70' lang='grc' dir='ltr'><strong>Ξ,</strong></span> <span class='ocrx_word' id='word_1_868' title='bbox 450 5798 506 5830; x_wconf 77' lang='grc'>⁸⁷</span> <span class='ocrx_word' id='word_1_869' title='bbox 541 5797 773 5871; x_wconf 86' lang='lat' dir='ltr'><strong>Philipp.</strong></span> <span class='ocrx_word' id='word_1_870' title='bbox 798 5816 860 5862; x_wconf 85' lang='grc' dir='ltr'><strong>ιι,</strong></span> <span class='ocrx_word' id='word_1_871' title='bbox 892 5798 943 5852; x_wconf 87' lang='lat'><strong>7.</strong></span> <span class='ocrx_word' id='word_1_872' title='bbox 1024 5796 1070 5827; x_wconf 79' lang='lat'>&quot;</span> <span class='ocrx_word' id='word_1_873' title='bbox 1110 5793 1266 5847; x_wconf 71' lang='lat' dir='ltr'><strong>Joan.</strong></span> <span class='ocrx_word' id='word_1_874' title='bbox 1302 5811 1340 5860; x_wconf 83' lang='grc' dir='ltr'><strong>ι,</strong></span> <span class='ocrx_word' id='word_1_875' title='bbox 1378 5795 1461 5848; x_wconf 74' lang='grc' dir='ltr'><strong>Μ.</strong></span> <span class='ocrx_word' id='word_1_876' title='bbox 1538 5794 1583 5826; x_wconf 66' lang='grc' dir='ltr'>’θ</span> <span class='ocrx_word' id='word_1_877' title='bbox 1625 5792 1789 5855; x_wconf 81' lang='lat' dir='ltr'><strong>Hebr.</strong></span> 
     </span>
    </p>
   </div>
   <div class='ocr_carea' id='block_1_111' title="bbox 1903 5792 3160 5871">
    <p class='ocr_par' dir='ltr' id='par_1_111' title="bbox 1930 5792 3160 5865">
     <span class='ocr_line' id='line_1_111' title="bbox 1930 5792 3160 5865; baseline 0.004 -18"><span class='ocrx_word' id='word_1_878' title='bbox 1930 5792 2031 5848; x_wconf 66' lang='lat' dir='ltr'><strong>Eli.</strong></span> <span class='ocrx_word' id='word_1_879' title='bbox 2096 5795 2142 5825; x_wconf 81' lang='grc'>⁶⁰</span> <span class='ocrx_word' id='word_1_880' title='bbox 2174 5794 2405 5865; x_wconf 74' lang='lat' dir='ltr'><strong>Philipp.</strong></span> <span class='ocrx_word' id='word_1_881' title='bbox 2440 5809 2498 5862; x_wconf 89' lang='lat' dir='ltr'><strong>tt,</strong></span> <span class='ocrx_word' id='word_1_882' title='bbox 2531 5795 2584 5847; x_wconf 83' lang='lat'><strong>9.</strong></span> <span class='ocrx_word' id='word_1_883' title='bbox 2662 5795 2703 5826; x_wconf 82' lang='lat'><strong>&quot;</strong></span> <span class='ocrx_word' id='word_1_884' title='bbox 2748 5793 2767 5848; x_wconf 92' lang='grc' dir='ltr'><strong>ι</strong></span> <span class='ocrx_word' id='word_1_885' title='bbox 2800 5793 2958 5852; x_wconf 82' lang='lat' dir='ltr'><strong>Joan.</strong></span> <span class='ocrx_word' id='word_1_886' title='bbox 2994 5813 3074 5859; x_wconf 86' lang='grc' dir='ltr'><strong>ιιι,</strong></span> <span class='ocrx_word' id='word_1_887' title='bbox 3110 5797 3160 5852; x_wconf 76' lang='grc'><strong>1.</strong></span> 
     </span>
    </p>
   </div>
   <div class='ocr_carea' id='block_1_112' title="bbox 498 5886 1208 5953">
    <p class='ocr_par' dir='ltr' id='par_1_112' title="bbox 498 5886 1208 5953">
     <span class='ocr_line' id='line_1_112' title="bbox 498 5886 1208 5953; baseline -0.003 -3"><span class='ocrx_word' id='word_1_888' title='bbox 498 5891 771 5953; x_wconf 61' lang='lat' dir='ltr'><strong>Parnm.</strong></span> <span class='ocrx_word' id='word_1_889' title='bbox 804 5891 920 5951; x_wconf 77' lang='lat' dir='ltr'><strong>Gn.</strong></span> <span class='ocrx_word' id='word_1_890' title='bbox 961 5890 1055 5952; x_wconf 68' lang='lat' dir='ltr'><strong>LX</strong></span> <span class='ocrx_word' id='word_1_891' title='bbox 1076 5886 1208 5951; x_wconf 67' lang='lat' dir='ltr'><strong>XV.</strong></span> 
     </span>
    </p>
   </div>
   <div class='ocr_carea' id='block_1_113' title="bbox 3058 5889 3121 5952">
    <p class='ocr_par' dir='ltr' id='par_1_113' title="bbox 3058 5889 3121 5952">
     <span class='ocr_line' id='line_1_113' title="bbox 3058 5889 3121 5952; baseline -0.016 0"><span class='ocrx_word' id='word_1_892' title='bbox 3058 5889 3121 5952; x_wconf 86' lang='lat'><strong>11</strong></span> 
     </span>
    </p>
   </div>
  </div>
