3996 6446
475 375 574 432 381
1471 364 1532 420 S.
1573 360 1855 418 CYRILLI
1896 355 2370 414 ALEXANDRINI
2409 359 2730 416 ARCHIEP.
3659 357 3766 410 ὁδὶ

1158 482 1390 538 ALIUD.
2101 478 2146 533 Α

2101 478 2146 533 Α
2866 477 3075 530 ΔΛΛΟ.

550 603 865 660 Servatoris
909 599 1076 656 nostri
1116 598 1167 651 in
1205 597 1402 652 caelum
1453 591 1878 661 assumptionem
1926 587 2078 644 Psal—

2252 588 2358 641 Τοῦ
2396 589 2646 660 Σωτῆρος
2678 588 2852 660 ἡμῶν
2883 586 2984 658 τὴν
3023 588 3102 651 είς
3145 589 3409 660 οὐρανοὺς
3436 588 3702 661 ἀνάληψιν
3737 591 3767 644 6

480 696 638 750 tnista
671 693 956 749 declarans
977 704 1072 760 per
1097 686 1382 756 Spiritum,
1421 684 1492 738 ita
1521 684 1598 738 ait
1627 699 1643 740 :
1679 701 1697 734 ι
1729 680 1926 735 Tollite
1961 694 2058 749 por

2186 680 2487 753 Ψαλμῳδὸς
2532 680 2899 753 ἐξηγούμενος
2942 679 3029 734 διὰ
3072 679 3168 733 τοῦ
3216 680 3536 751 Πνεύματος
3583 681 3764 752 λέγει’

483 783 584 853 tas,
600 785 895 856 principes,
917 788 1146 843 vestras,
1168 785 1222 831 et
1242 775 1552 838 elevamini,
1579 782 1750 844 porta:
1767 771 2061 837 aaternales

2187 795 2204 828 ι
2232 778 2438 848 Ἀρατε
2472 772 2669 841 πύλας,
2705 778 2752 830 οἱ
2785 776 3078 846 ἄρχοντες,
3110 775 3286 847 ὑμῶν,
3323 775 3417 829 καὶ
3456 774 3765 845 ὲπάρθητε,

479 889 532 932 et
560 877 807 932 introibit
834 889 928 928 rex
972 871 1158 942 gloriae
1186 869 1252 922 °’.
1288 887 1307 920 ι
1353 866 1454 922 Hic
1485 867 1630 921 enim
1669 865 1874 920 sanctis
1906 862 2057 919 casio-

2184 868 2349 922 πύλαι
2366 869 2596 934 αἰώνιοι,
2611 869 2704 923 καὶ
2728 867 3093 922 εἰσελεύσεται
3110 869 3138 921 ὁ
3155 866 3420 931 Βασιλεὺς
3433 866 3534 937 τῆς
3548 865 3724 935 δόξης.
3744 886 3762 917 ιν

482 985 599 1022 rum
655 965 945 1020 virtutibus
1001 961 1239 1032 Spiritus
1303 959 1574 1027 imperat,
1631 965 1689 1012 ut
1751 955 2057 1025 ingredient

2194 961 2460 1016 Ἐνταῦθα
2489 961 2597 1032 γὰρ
2627 963 2746 1025 ταῖς
2774 962 2831 1014 ὲν
2859 962 2972 1024 τοῖς
2993 960 3245 1031 οὐρανοῖς
3267 957 3453 1026 ἁγίαις
3472 955 3772 1026 δυνάμεσιν

478 1061 692 1114 Christo
727 1066 911 1126 portas
947 1055 1216 1124 aperiant.
1264 1049 1426 1120 Atqui
1457 1059 1575 1104 erat
1605 1049 1767 1104 etiam
1814 1057 1940 1102 ante
1985 1061 2056 1102 as-

2194 1053 2459 1107 ἐπιτάττει
2483 1051 2543 1106 τὸ
2559 1053 2782 1122 Πνεῦμα
2810 1051 2908 1116 τὰς
2927 1050 3100 1115 πύλας
3129 1049 3368 1118 ἀνοίγειν
3396 1049 3772 1120 είσερχομένῳ

479 1150 847 1218 sumptionem
912 1147 1055 1201 intra
1111 1156 1321 1216 portas,
1377 1153 1434 1198 et
1479 1142 1532 1197 in
1583 1141 1773 1206 caelis,
1822 1150 1881 1195 ut
1910 1139 2052 1196 Deus

2193 1147 2421 1219 Χριστῷ.
2439 1145 2580 1200 Ἀλλ’
2596 1141 2664 1218 ἦν
2686 1145 2780 1199 καὶ
2809 1145 2916 1219 πρὸ
2936 1146 3035 1217 τῆς
3064 1143 3385 1216 ἀναλήψεως
3413 1144 3543 1196 εἵσω
3567 1160 3626 1195 τε
3657 1143 3771 1196 τῶν

484 1245 648 1316 196
680 1243 817 1310 Quid
851 1241 1019 1312 igitur
1039 1254 1178 1309 opus
1211 1237 1310 1292 fuit
1341 1235 1608 1306 ejusmodi
1657 1233 1914 1289 mandato
1953 1230 2062 1304 Spi-

2195 1241 2364 1294 πυλῶν
2389 1240 2484 1294 καὶ
2505 1240 2562 1291 ὲν
2596 1242 2708 1303 τοῖς
2737 1239 2989 1310 οὐρανοῖς
3018 1240 3093 1302 ὡς
3118 1237 3269 1301 Θεός.
3303 1235 3367 1290 Τί
3393 1231 3486 1290 οῦν
3507 1235 3626 1289 seu
3656 1235 3773 1290 τῶν

481 1335 661 1390 ritus?
690 1336 798 1389 Aut
821 1332 1092 1403 quomodo
1123 1329 1216 1401 qui
1258 1330 1404 1385 intus
1449 1337 1554 1392 est,
1590 1325 1814 1380 introire
1838 1323 2059 1379 dicitur'

2197 1333 2434 1387 τοιούτων
2463 1329 2557 1384 τοῦ
2609 1330 2930 1402 Πνεύματος
2979 1329 3450 1401 προσταγμάτωνς
3481 1329 3553 1382 Ἢ
3583 1329 3701 1394 πῶς
3741 1330 3775 1381 ὁ

482 1425 952 1492 Quemadmodum
1010 1423 1178 1494 igitur
1219 1436 1324 1475 non
1360 1428 1628 1489 quatenus
1656 1426 1737 1472 est
1779 1415 1941 1480 Deus,
1982 1428 2058 1469 set

2197 1425 2325 1478 ἔνδον
2354 1422 2429 1477 ὢν
2477 1422 2825 1494 είσέρχεσθαι
2869 1422 3117 1491 λέγεταις
3156 1423 3366 1493 Ὥσπερ
3399 1415 3492 1474 οῦν
3528 1421 3590 1473 οὐ
3630 1418 3775 1477 καθὸ

479 1527 751 1584 quatenus
787 1515 969 1580 homo,
1025 1521 1248 1582 prepter
1289 1525 1387 1564 nos
1437 1519 1492 1564 et
1541 1521 1640 1578 pro
1685 1506 1842 1562 nobis
1888 1515 2057 1574 porta:

2194 1517 2309 1580 Βεός
2339 1517 2508 1582 ἐστιν,
2546 1514 2684 1570 ἀλλά
2718 1515 2854 1569 καθὸ
2884 1513 3190 1586 ἅνθρωπος,
3227 1513 3294 1566 δι’
3327 1514 3476 1584 ἡμᾶς
3505 1513 3601 1568 καὶ
3626 1513 3772 1585 ὑπὲρ

481 1606 741 1661 cmlorum
779 1605 1098 1674 ingreditur,
1135 1617 1231 1656 nos
1269 1602 1322 1654 in
1352 1615 1445 1655 cas
1480 1613 1575 1668 per
1605 1614 1662 1654 se
1701 1597 2059 1652 introdttcens

2195 1607 2336 1678 ἡμῶν
2372 1606 2470 1668 τὰς
2510 1605 2620 1658 τῶν
2649 1603 2896 1676 οὐρανῶν
2929 1602 3240 1674 εἰσέρχεται
3272 1600 3482 1666 πύλας,
3523 1601 3675 1670 ἡμᾶς
3710 1601 3773 1651 ὲν

479 1712 710 1766 eamque
754 1705 975 1767 propter
1023 1710 1120 1749 nos
1167 1695 1307 1748 viam
1357 1691 1685 1746 instauravit
1735 1711 1746 1746 :
1786 1690 1857 1744 ita
1907 1690 2057 1745 etian

2197 1700 2371 1763 ιύταῖς
2417 1697 2656 1766 εἰσάγων
2708 1696 2778 1749 δι’
2823 1694 3041 1758 ἑαυτοῦ,
3103 1694 3196 1746 καὶ
3246 1691 3456 1761 ταύτην
3504 1688 3572 1744 δι’
3620 1691 3775 1760 ἡμᾶς

481 1805 602 1843 cum
634 1789 708 1842 sit
742 1788 1060 1850 altissimus,
1095 1787 1369 1840 exaltatur
1393 1793 1616 1854 propter
1645 1797 1766 1848 nos,
1801 1791 1858 1836 ut
1890 1783 2050 1837 homo

2194 1790 2484 1844 ἑνεκαίνισε
2525 1789 2623 1860 τὴν
2659 1787 2812 1841 ὀδόν·
2847 1786 2990 1840 οῦτω
3039 1784 3133 1838 καὶ
3189 1781 3415 1852 ὕψιστος
3458 1781 3772 1852 τυγχάνων,

482 1891 541 1935 ut
591 1895 687 1935 nos
733 1880 1035 1936 exaltemur
1089 1880 1141 1932 in
1190 1879 1308 1948 ipso
1364 1885 1611 1948 gestante
1659 1873 2056 1930 similitudinen

2197 1883 2414 1953 ὂψοῦται
2442 1882 2510 1936 δι’
2537 1881 2705 1952 ἡμᾶς,
2725 1880 2800 1945 ὼς
2829 1878 3140 1950 ἄνθρωπος,
3171 1878 3239 1929 ἵν’
3270 1877 3434 1947 ἡμεῖς
3460 1871 3775 1944 ύψωθῶμεν

481 1974 681 2040 nostri,
719 1982 885 2042 utque
939 1973 1012 2028 ita
1075 1971 1397 2028 reformaret
1457 1983 1558 2024 nos
1606 1968 1660 2023 in
1710 1967 1951 2038 seipsum
2008 1981 2059 2021 ac

2198 1992 2237 2028 ιν
2288 1974 2439 2046 αὐτῷ
2489 1973 2742 2046 φοροῦντι
2801 1972 2900 2044 τὴν
2951 1971 3088 2044 πρὸς
3133 1970 3282 2041 ἡμᾶς
3323 1969 3606 2038 ὁμοίωσιν,
3675 1968 3776 2020 καὶ

479 2067 770 2138 imaginem
790 2065 1089 2133 Creatoris,
1113 2067 1421 2120 instaurans
1439 2070 1713 2129 naturam,
1733 2060 2057 2130 pristinoqut

2198 2065 2350 2128 ιύτως
2381 2061 2756 2135 ἀναμορφώσῃ
2803 2061 2942 2134 πρὸς
2990 2060 3183 2114 ἑαυτὸν
3219 2061 3300 2123 εἰς
3330 2058 3390 2112 τὸ
3431 2058 3550 2111 κατ’
3582 2057 3776 2111 εἰκόνα.

477 2161 640 2213 ειηιυί
674 2159 991 2215 restituens.

2195 2158 2272 2212 τοῦ
2316 2157 2604 2220 κτίσαντος
2623 2196 2638 2222 ,
2676 2154 3047 2219 ἀνακαινίζων
3071 2153 3171 2224 τὴν
3204 2151 3366 2222 φύσιν
3395 2151 3588 2222 ὥσπερ
3609 2145 3679 2222 ἦν
3712 2151 3773 2216 ἐξ

1390 2343 1395 2350 ,
2177 2254 2376 2324 ἀρχῆςο

457 2361 863 2435 «Αηηοῑαιίοηςε
900 2359 1098 2435 ᾳίὶᾳιιοι
1146 2358 1211 2435 d_e
1256 2358 1636 2435 incarnatione
1686 2355 2035 2435 eodemnpertt

2181 2368 2224 2418 Σ
2227 2363 2580 2435 χόλια,μπερὶ
2610 2360 2973 2435 σαρκώσεως
3001 2360 3105 2435 τὸν
3125 2359 3314 2435 αὑτὸν
3339 2358 3571 2435 ἔχοντα
3585 2355 3759 2435 χοῖον.

551 2441 750 2486 neum.
797 2429 861 2483 In
904 2423 1062 2498 illud,
1097 2447 1117 2480 ι
1151 2428 1306 2501 Dedit
1347 2429 1450 2501 itii,
1490 2447 1509 2480 ›
1547 2437 1679 2501 e_t_c.,
1721 2435 1767 2479 et
1802 2443 1844 2501 _t
1875 2423 2076 2501 βαρεῖ-

2227 2423 2352 2501 ’Ὲίς
2380 2423 2446 2488 τὸ
2474 2474 2488 2498 ,
2519 2423 2564 2484 ἰ
2618 2423 2980 2501 Ἑὶαρίσατὸν
3020 2430 3262 2500 abuius
3317 2423 3436 2501 καὶ,
3491 2447 3510 2478 ι
3557 2428 3763 2501 ’Υπερο

546 2502 795 2574 exultavit
822 2501 1014 2574 ipsum,
1048 2493 1071 2552 λ
1107 2498 1316 2568 aliaque
1345 2493 1606 2569 ejusmodi
1633 2513 1748 2567 qua:
1777 2496 1840 2551 de
1864 2493 2075 2549 Christo

2245 2493 2498 2574 ύψωσεκ
2552 2493 2772 2574 ιιὺτῶ·ζ
2820 2521 2838 2552 ι
2892 2500 2989 2554 καὶ
3051 2493 3170 2556 ὅσα
3219 2493 3477 2554 ’τοιαῦτα
3528 2497 3771 2566 λέγεται

550 2573 798 2624 dicuntur
830 2571 896 2623 ”.

2249 2571 2382 2644 περὶ
2413 2573 2694 2645 Χριστοῦ.

563 2683 801 2739 Verbum
832 2684 922 2739 Dei
943 2692 1260 2754 semperest
1285 2681 1610 2737 altissimum
1641 2690 1698 2736 ut
1732 2679 1895 2749 Deus;
1924 2680 2075 2735 exal-

2250 2689 2513 2761 ’Υψιστος
2541 2690 2568 2742 ὁ
2597 2687 2690 2742 τοῦ
2720 2686 2856 2741 Θεοῦ
2886 2687 3060 2756 Λόγος
3086 2687 3194 2751 ἀεὶ,
3231 2685 3368 2740 καθὸ
3397 2686 3559 2749 Θεός·
3602 2683 3776 2754 ὑψοῦ-

479 2785 626 2831 tatur
665 2786 843 2830 autem
875 2785 936 2828 ut
967 2775 1128 2830 homo
1161 2791 1176 2828 :
1214 2788 1447 2843 cumque
1481 2772 1551 2827 sit
1599 2771 1799 2825 nullius
1837 2770 2052 2841 indigus

2190 2802 2265 2839 rat
2297 2785 2353 2838 δὲ
2398 2783 2473 2847 ὼς
2501 2783 2785 2854 ἅνθρωπος
2805 2797 2818 2812 ·
2851 2781 3108 2853 ἀνενδεὴς
3139 2779 3214 2834 ὢν
3245 2779 3320 2843 ὡς
3348 2779 3498 2844 Θεὸς,
3550 2777 3768 2849 λαμϐά-

479 2881 540 2924 ιιι
584 2868 747 2935 Deus,
805 2867 1007 2922 dicitur
1056 2865 1330 2936 accipere,
1383 2875 1440 2920 ut
1495 2868 1692 2931 homo;
1747 2862 2057 2917 adorabatut

2251 2892 2287 2927 .v
2324 2873 2399 2937 ὡς
2434 2873 2721 2944 ἄνθρωπος
2741 2871 2990 2938 λέγεται·
3024 2873 3418 2943 προσεκυνεῖτο
3447 2870 3600 2942 παρά
3631 2870 3779 2923 πάνυ

477 2974 717 3030 semper,
752 2968 810 3013 ut
854 2957 997 3013 Deus
1049 2976 1062 3012 :
1112 2972 1257 3011 nunc
1307 2957 1680 3012 adorationem
1731 2953 1977 3023 suscipit,
2014 2968 2045 3006 ιι

2257 2982 2284 3018 ν
2333 2965 2410 3026 ὼς
2452 2963 2585 3027 Θεὸς
2607 3003 2620 3028 ,
2654 2963 2867 3034 δέχεται
2898 2963 2993 3016 νῦν
3022 2963 3120 3035 τὴν
3153 2961 3649 3035 προσκύνησιν-ὼς
3677 2963 3778 3015 ἄν·
3824 2945 3830 2980 ³

482 3055 664 3108 Ιιοιιιο.
709 3050 766 3106 Si
810 3059 870 3106 ut
912 3051 1074 3105 homo
1108 3057 1355 3104 mortuus
1393 3056 1500 3113 est,
1561 3045 1664 3100 hoc
1718 3055 1896 3098 tamen
1940 3043 2060 3098 nihil

2199 3066 2414 3131 ιριυπος.
2448 3055 2510 3110 Ei
2544 3056 2622 3120 ὡς
2642 3055 2931 3129 ἄνθρωπος
2955 3056 3219 3124 ἀπέθανε,
3254 3058 3348 3110 καὶ
3370 3056 3541 3125 ψόγον
3574 3055 3777 3108 οὐδένα

477 3146 729 3215 dignitati
775 3144 871 3200 Dei
908 3143 1070 3198 Verbi
1125 3143 1404 3208 detrahit;
1450 3141 1523 3195 ita
1573 3140 1738 3194 etiam
1795 3137 1941 3198 nulla
1989 3151 2049 3192 es

2196 3151 2254 3222 ;ῷ
2298 3148 2420 3221 Θεῷ
2449 3148 2608 3220 Λόγῳ
2639 3148 2799 3202 τοῦτο
2844 3149 3258 3220 προστρίϐεται,
3313 3149 3465 3202 οὐδὲν
3511 3148 3774 3218 ἀδικήσει

475 3236 829 3301 contumelia,
863 3238 909 3291 si
944 3235 1159 3290 dicatur
1187 3232 1466 3304 accepisse
1509 3231 1711 3302 aliquid
1753 3250 1768 3286 :
1809 3230 2053 3314 quem-adt

2195 3243 2270 3296 ιαὶ
2296 3242 2358 3295 τὸ
2389 3241 2648 3310 λέγεσθαι
2673 3240 2890 3293 λαϐεῖν·
2926 3240 3118 3311 ὥσπερ
3149 3239 3260 3311 γὰρ
3291 3241 3471 3293 ἐκεῖνο
3500 3239 3632 3310 περὶ
3667 3239 3773 3308 τὴν

477 3329 696 3382 modum
747 3327 892 3383 enim
925 3325 1071 3381 'illud
1123 3326 1447 3381 humanitati
1503 3323 1722 3386 accidit,
1782 3322 1852 3375 ita
1905 3323 2055 3376 etian

2194 3335 2574 3407 ινθρωπότητα
2637 3331 2881 3402 γέγονεν,
2928 3331 3072 3387 οὕτω
3101 3332 3197 3386 καὶ
3236 3331 3406 3385 ταῦτα
3439 3331 3664 3401 ὁμοίως.
3704 3332 3772 3384 ΕΞ

478 3421 614 3473 haec.
654 3417 712 3474 Si
748 3433 870 3473 cum
901 3417 1222 3472 immortalis
1249 3417 1342 3482 sit,
1377 3425 1440 3469 ut
1473 3415 1636 3477 Deus,
1681 3421 1927 3466 mortuus
1950 3424 2056 3465 esse

2191 3427 2443 3491 ῒθάνατος
2485 3425 2562 3480 ὢν
2611 3425 2765 3490 Θεὸς,
2799 3425 3015 3492 λέγεται
3058 3424 3311 3477 τεθνάναι
3342 3423 3416 3484 ὡς
3450 3420 3769 3492 ἄνθρωπος.

481 3511 682 3566 dicitur
711 3519 768 3565 ut
801 3511 994 3578 homo,
1023 3509 1320 3565 altissimus
1346 3523 1469 3564 cum
1497 3507 1600 3570 sit,
1628 3515 1687 3560 ut
1715 3503 1858 3559 Deus
1879 3543 1894 3570 ,
1921 3501 2059 3558 exal-

2179 3518 2438 3588 ’Υψιστος
2488 3515 2564 3570 ὢν
2617 3516 2691 3579 ὡς
2740 3515 2893 3579 Θεὸς,
2938 3513 3202 3584 ὐψοῦσθαι
3251 3512 3489 3580 λέγεται,
3543 3510 3622 3572 ὡς
3676 3511 3757 3563 ἄν·

488 3613 634 3660 tatus
659 3603 880 3670 dicitur,
910 3613 968 3660 ut
999 3605 1179 3666 homo.

831 3619 880 3670 r,
910 3613 968 3660 ut
999 3605 1179 3666 homo.
2171 3610 2407 3682 θρωπος.

596 3717 872 3784 Quomodo
901 3717 1060 3774 Jews
1095 3716 1339 3772 Christus
1365 3716 1430 3769 sit
1465 3715 1520 3769 in
1551 3712 1722 3784 gloria
1758 3709 1960 3766 Patris.

2210 3724 2344 3792 Πῶς
2379 3723 2623 3793 Ἰησοῦς
2651 3722 2908 3792 Χριστὸς
2939 3723 3027 3788 εἰς
3059 3720 3250 3786 δόξαν
3285 3719 3434 3774 Θεοῦ
3470 3719 3725 3787 Πατρός.

550 3831 685 3900 Quia
716 3847 812 3902 per
845 3832 1203 3887 humanitatis
1248 3829 1675 3900 assumptionem
1709 3827 1850 3897 quod
1888 3823 2070 3896 perdi-

2247 3841 2365 3894 Ὄτι
2409 3837 2500 3894 διὰ
2549 3838 2651 3910 τῆς
2696 3836 3162 3908 ὲνανθρωπήσεως
3214 3834 3274 3887 τὸ
3333 3833 3618 3897 ἀπολωλὸς
3661 3835 3742 3886 ἀν-

482 3935 592 3978 tum
625 3933 743 3980 erat
789 3934 1168 3993 recuperatum
1200 3931 1314 3990 est,
1346 3923 1489 3994 quod
1531 3921 1823 3978 contritum
1862 3919 2060 3973 instau-

2177 3933 2350 4004 εσώθη
2374 3951 2386 3964 ’
2419 3932 2480 3985 τὸ
2511 3929 2970 4002 συντετριμμένον
2991 3927 3420 3998 κατεδεσμεύθη,
3452 3926 3516 3978 τὸ
3546 3925 3755 3980 πλανώ-

481 4025 658 4071 ratutn
687 4026 790 4082 est,
822 4015 966 4086 quod
1008 4017 1229 4070 errabat
1271 4029 1594 4070 conversum
1626 4027 1691 4068 ac
1730 4012 2011 4068 reductum
2050 4027 2059 4064 :

2180 4042 2335 4098 μενον
2386 4023 2739 4096 ἐπεστράφηο
2781 4023 3047 4076 συντείνει
3083 4021 3138 4073 δὲ
3163 4019 3335 4075 ταῦτα
3369 4020 3448 4082 είς
3475 4017 3639 4083 δόξαν
3669 4017 3758 4071 τοῦ

478 4121 598 4177 quae
620 4108 803 4164 omnia
839 4107 1088 4178 spectant
1115 4110 1180 4161 ad
1210 4105 1436 4178 gloriam
1477 4105 1571 4161 Dei
1600 4117 1664 4160 ac
1686 4103 1884 4160 Patris.

1115 4110 1180 4161 ad
1210 4105 1436 4178 gloriam
1477 4105 1571 4161 Dei
1600 4117 1664 4160 ac
1686 4103 1884 4160 Patris.
2165 4117 2305 4172 Θεοῦ
2343 4118 2435 4171 καὶ
2459 4115 2689 4186 Πατρός,

1153 4219 1386 4277 ALIUD.

2856 4229 3057 4282 ΑΛΛΟ.

553 4331 634 4401 Si,
660 4334 805 4390 Deus
831 4349 952 4388 cum
984 4344 1154 4398 esset,
1181 4335 1342 4389 homo
1368 4333 1544 4388 iactus
1569 4345 1675 4398 est,
1699 4342 1861 4402 atque
1890 4334 1992 4388 hoc
2013 4348 2069 4388 re

2237 4345 2301 4398 Εἰ
2331 4344 2464 4408 Θεὸς
2482 4341 2564 4395 ὢν
2591 4343 2814 4413 γέγονεν
2837 4342 3142 4414 ἄνθρωπος,
3171 4341 3265 4396 καὶ
3289 4341 3434 4414 ἔργῳ
3463 4341 3626 4396 τοῦτο
3655 4362 3760 4398 πα-

479 4424 597 4496 ipsa
633 4425 820 4481 subire
849 4425 1039 4492 voluit,
1067 4442 1226 4481 nemo
1263 4427 1570 4482 offendatur
1603 4426 1648 4480 si
1677 4439 1796 4495 qua:
1818 4425 2057 4480 humani-

2193 4437 2282 4488 ἐῖν
2316 4435 2581 4506 ὑπέμεινε
2605 4476 2620 4502 ,
2654 4431 3093 4498 σκανδαλιζέσθω
3125 4433 3314 4506 μηδεὶς
3335 4473 3352 4499 ,
3382 4435 3430 4486 εί
3475 4435 3544 4487 τὰ
3568 4437 3636 4506 τῇ
3670 4437 3771 4488 ἀν-

480 4520 579 4574 tati
625 4528 681 4574 et
717 4519 900 4574 servili
953 4520 1253 4575 conditioni
1293 4521 1642 4586 conveniunt,
1693 4519 1857 4574 etiam
1911 4519 1964 4574 in
2005 4533 2058 4574 se

2183 4527 2486 4601 ὶρωπότητι
2530 4525 2812 4598 πρέποντα
2863 4526 2959 4580 καὶ
2997 4523 3076 4596 τῷ
3115 4526 3355 4596 σχήματι
3394 4523 3471 4596 τῷ
3499 4525 3761 4596 οίκετικῷ

477 4613 748 4684 gestavit;
792 4628 939 4681 nam,
972 4623 1031 4668 ut
1068 4614 1255 4678 homo,
1285 4622 1340 4667 et
1366 4611 1614 4682 accipere
1643 4619 1697 4666 et
1728 4610 1955 4666 exaltari
1981 4611 2055 4665 di-

2186 4621 2399 4690 ρέρεται
2431 4620 2526 4674 καὶ¹
2557 4619 2644 4673 ἐπ’
2672 4618 2836 4673 αὐτοῦ
2859 4637 2871 4649 ·
2908 4619 2984 4682 ὡς
3016 4618 3127 4690 γὰρ
3159 4618 3447 4690 ἄνθρωπος
3490 4619 3588 4672 καὶ
3617 4619 3764 4689 λαμ-

478 4708 636 4760 ιτίιυν.
672 4706 772 4772 Qui
825 4721 952 4760 vero
995 4707 1387 4761 humanitatem
1441 4705 1610 4771 ipsam
1673 4702 1858 4765 subiit,
1915 4712 2056 4758 certe

2187 4711 2359 4766 idvew
2389 4710 2482 4764 καὶ
2507 4709 2775 4781 ὑψοῦσθαι
2804 4710 3040 4779 λέγεται.
3059 4711 3116 4763 '0
3144 4711 3199 4764 δὲ
3226 4711 3327 4781 τὴν
3360 4709 3765 4780 ἀνθρωπότητα

480 4799 802 4868 reprehendi
833 4813 940 4853 non
976 4800 1168 4867 possit,
1205 4799 1251 4853 si
1291 4797 1456 4852 etiam
1489 4810 1552 4850 ea
1585 4809 1707 4864 quae
1736 4795 2058 4851 humanitati

2183 4803 2342 4874 ιύτὴν
2377 4803 2678 4874 ὑπομείνας
2702 4841 2716 4867 ,
2749 4802 2848 4856 οὐκ
2893 4803 2959 4856 ἂν
2999 4802 3239 4872 εὐλόγως
3265 4801 3507 4872 ψέγοιτο,
3555 4802 3654 4856 καὶ
3690 4802 3761 4856 τὰ

479 4891 694 4963 propria
734 4898 861 4946 sunt
894 4891 1081 4945 subire
1109 4905 1215 4945 non
1254 4896 1468 4943 recuset
1504 4905 1518 4943 :
1565 4888 1841 4957 proprium
1881 4895 2057 4942 autem

2181 4890 2272 4962 τῆς
2296 4891 2718 4963 ἀνθρωπότητος
2752 4891 2863 4946 -ῐδια
2911 4893 3140 4964 φορέσαι
3187 4892 3262 4963 μὴ
3293 4893 3759 4964 παραιτούμενος.

480 4983 728 5039 humanae
768 4992 978 5038 naturae
1016 4991 1099 5036 est
1135 4997 1164 5036 a
1193 4981 1306 5036 Deo
1333 4981 1598 5048 accipere,
1627 4980 1779 5050 juxta
1819 4978 1946 5033 illud
1979 4979 2058 5034 di-

2181 4983 2336 5037 Ἴδιον
2362 4983 2419 5038 δὲ
2446 4983 2736 5056 ἀνθρώπου
2769 4985 2989 5054 φύσεως
3010 4985 3072 5038 τὸ
3094 4985 3394 5055 λαμὸἀνειν
3420 4984 3573 5056 παρὰ
3593 4985 3759 5049 Θεοῦ,

477 5087 622 5131 ctum
657 5095 670 5130 :
716 5093 735 5127 ι
765 5075 906 5143 Quid
946 5075 1090 5128 enim
1127 5074 1293 5128 habes
1320 5074 1462 5141 quod
1497 5086 1600 5126 non
1639 5073 1893 5143 accepisti
1930 5071 2055 5142 “?,t

2186 5074 2311 5130 ιατά
2344 5076 2404 5129 τὸ
2433 5075 2596 5147 ῥητὸν
2623 5076 2684 5128 τὸ
2713 5075 2889 5144 λέγον·
2925 5094 2944 5126 ι
2983 5076 3048 5128 Τί
3089 5075 3197 5147 γὰρ
3240 5075 3386 5148 ἔχεις
3427 5075 3456 5129 ὃ
3487 5075 3590 5130 οὐκ
3635 5076 3764 5129 ἔλα-

479 5170 701 5240 Accepit
739 5169 906 5237 igitur
937 5174 996 5219 ut
1033 5165 1194 5220 homo
1241 5180 1337 5234 per
1369 5165 1621 5232 gratiam,
1657 5181 1778 5237 qua:
1820 5173 1879 5222 ut
1921 5166 2057 5222 Deus

2185 5169 2292 5236 ἲες;
2331 5188 2350 5221 ι
2387 5168 2627 5240 Εἴληφεν
2667 5168 2776 5240 ἄρα
2802 5169 2879 5233 ὡς
2903 5168 3190 5240 ἄνθρωπος
3216 5167 3359 5222 κατὰ
3381 5169 3546 5240 χάριν
3565 5210 3582 5237 ,
3612 5169 3763 5239 ἀπερ

479 5261 668 5318 habuit
689 5258 1034 5317 naturaliter.

2166 5257 2313 5334 εῖχεν
2335 5262 2410 5326 ὡς
2435 5261 2570 5326 Θεὸς
2595 5261 2862 5331 φυσικῶς.

1159 5369 1384 5426 Αιιυιλ

1730 5435 1733 5437 ,
2851 5376 3054 5430 ΑΛΛΟ.

549 5486 607 5542 Si
636 5483 800 5540 Pater
829 5484 1009 5540 omnia
1036 5496 1292 5554 operatur
1310 5500 1405 5555 per
1438 5484 1632 5540 Filium
1651 5485 1742 5554 σε’,
1773 5494 1828 5542 et
1854 5485 2060 5556 absque

2236 5488 2300 5542 Εἰ
2345 5487 2523 5543 πάντα
2569 5487 2636 5540 δι’
2669 5485 2800 5540 Υἱοῦ
2842 5488 2871 5540 ὁ
2910 5485 3100 5558 Πατὴρ
3131 5485 3427 5558 ἐργάζεται
3451 5527 3466 5554 ,
3497 5489 3673 5559 χωρίς
3699 5507 3757 5546 τε

479 5583 597 5654 ipso
628 5581 827 5636 factum
875 5589 959 5636 est
995 5579 1130 5635 nihil
1175 5581 1245 5645 θ’,
1283 5581 1591 5636 necessario
1638 5579 1928 5636 dicendum
1974 5586 2057 5638 est

2180 5579 2332 5635 ιύτοῦ
2364 5578 2593 5649 γέγονεν
2616 5578 2792 5643 οὐδὲν,
2819 5579 3118 5646 ἀναγκαῖον
3151 5579 3345 5646 εἰπεῖν,
3375 5579 3570 5652 ὅτιπερ
3593 5581 3758 5645 αὐτὸς

481 5678 655 5747 ipsum
679 5675 780 5731 sibi
812 5673 914 5744 ipsi
939 5674 1324 5730 exaltationem
1359 5674 1596 5741 dedisse,
1631 5674 1975 5745 gratiamque
2027 5689 2057 5729 a

2179 5668 2233 5746 ἣν
2280 5671 2460 5744 ἑαυτῷ
2507 5671 2598 5726 καὶ
2640 5671 2701 5725 τὸ
2747 5669 3013 5741 ὐψοῦσθαι
3061 5669 3258 5739 διδοὺς,
3315 5670 3412 5725 καὶ
3453 5671 3554 5746 τὴν
3606 5671 3757 5744 παρά

549 5833 593 5865 ⁸³
620 5828 765 5888 Psal.
790 5848 948 5898 ut",
977 5832 1027 5886 7.
1107 5832 1151 5864 ⁸³
1177 5829 1408 5900 Philipp.
1451 5845 1507 5896 Il,
1540 5829 1594 5884 9.
1671 5828 1728 5899 “5
1757 5827 1775 5882 1
1814 5828 1944 5884 Cor.
1986 5844 2059 5897 tv,
2094 5828 2124 5882 7

1671 5827 1775 5899 “El
1814 5828 1944 5884 Cor.
1986 5844 2059 5897 tv,
2094 5828 2146 5883 7.
2214 5827 2282 5860 W
2321 5827 2482 5884 Joan.
2521 5845 2572 5894 v,
2608 5829 2694 5882 t7.
2775 5828 2819 5859 ⁸³
2857 5826 3017 5884 Joan.
3049 5844 3089 5892 ι,
3130 5829 3185 5884 5.
