3996 6412
826 384 861 409 ρ

458 435 564 492 555

1462 428 1521 483 s.
1562 426 1838 481 (lYlttLLl
1875 412 2354 482 ALEXANDRiNI
2393 420 2714 484 A'RCHlEP.

3641 405 3752 477 See

456 558 600 630 quod
626 562 846 626 promer
880 566 978 606 nos
1013 545 1616 618 in'Ch'risto‘impletttr,
1646 552 1833 601 ut‘nos
1859 544 1912 600 in
1939 544 2050 615 ipso

2157 544 2224 597 δι’
2257 546 2409 617 ἡμᾶς
2433 547 2490 600 ἐν
2510 543 2733 617 Χριστῷ
2759 541 3165 615 πληρούμενον,
3182 543 3270 597 ἶνα
3290 541 3449 615 ἡμεῖς
3472 540 3755 610 ἀγιασθῶο

457 652 884 709 sanetihcemur.

1132 738 1360 815 ALIUD.

843 897 923 953 Ea;
950 896 1238 967 objectione
1268 891 1657 949 haereticorum.

530 1038 801 1107 Scriptum
838 1044 942 1101 est,
974 1033 1230 1105 inquiunt
1272 1050 1286 1086 :
1320 1050 1340 1083 ι
1375 1026 1621 1083 Dilexisti
1662 1025 2053 1111 jusﬁtiam,'et

461 1131 621 1188 odisti
672 1130 1013 1199 iniquitatem
1032 1167 1059 1193 ,η
1100 1125 1307 1180 idcirco
1350 1119 1511 1177 unxit
1567 1128 1620 1173 te
1675 1117 1858 1184 Deus,
1910 1116 2052 1173 Deus

459 1237 582 1280 tuus
612 1224 680 1277 "°.
708 1242 726 1275 ι
763 1221 876 1276 Νοιι
910 1222 1075 1290 igitur
1108 1219 1161 1272 in
1188 1217 1504 1271 universum
1532 1220 1758 1267 unctum
1783 1224 1906 1266 esse
1937 1209 2050 1265 Do-

457 1318 663 1371 minum
689 1315 962 1376 dabimus,
996 1311 1100 1367 nisi
1130 1302 1411 1364 dilexisset
1453 1304 1724 1377 justitiam
1765 1309 1821 1358 et
1848 1302 2052 1358 odisset

454 1409 821 1479 iniquitatem.
860 1404 978 1459 Vox
1013 1406 1159 1460 enim
1218 1403 1358 1467 haec,
1383 1399 1602 1464 idcirco,
1660 1410 1783 1467 qua:
1827 1409 2048 1450 causam

452 1503 744 1573 signiﬁcat,
798 1501 1029 1568 adjecta,
1076 1496 1385 1553 unctionem
1432 1503 1689 1561 tanquam
1745 1489 2048 1544 mercedem

452 1594 670 1650 virtutis
702 1609 824 1649 esse
849 1592 1110 1647 ostendit.
1142 1588 1198 1644 Si
1230 1603 1357 1643 vero
1388 1585 1594 1641 idcirco
1635 1582 1875 1655 ungitur,
1919 1581 2049 1652 quia

447 1686 718 1755 justitiam
753 1684 940 1739 dilexit
968 1691 1025 1736 et
1065 1680 1181 1736 odit
1216 1676 1593 1748 iniquitatem,
1633 1687 1764 1741 ergo
1803 1671 2049 1728 sanctiﬁ-

453 1779 724 1834 eationem
759 1776 901 1830 dono
945 1772 1165 1843 accipit.
1197 1769 1299 1838 Qui
1338 1783 1469 1825 vero
1520 1766 1830 1838 adiectione
1867 1762 2079 1845 aliqua‘

452 1880 595 1942 eget,
634 1867 986 1940 imperfectus
1020 1866 1092 1922 sit
1119 1870 1357 1933 oportet,
1398 1875 1575 1931 neque
1619 1858 1767 1915 Patri
1802 1855 2049 1929 perfecto

451 1966 668 2021 similis.

954 2092 1176 2150 'Soiutio
1203 2089 1534 2160 objectianis.

527 2235 724 2304 Surge,
750 2234 843 2302 qui
870 2230 1100 2295 dormis,
1119 2237 1172 2283 et
1197 2226 1467 2283 suscitare
1498 2240 1530 2281 e
1553 2222 1783 2280 mortuis
1804 2221 2053 2292 “,atque

449 2330 577 2387 audi
619 2328 885 2391 vicissim,
923 2323 1197 2378 bar-retice.
1234 2322 1371 2389 Quia
1417 2319 1624 2390 inquit,
1680 2335 1699 2370 ι
1731 2315 1903 2373 Odisti
1948 2318 2053 2372 ini-

450 2425 738 2495 quitatem,
793 2430 849 2475 et
899 2416 1138 2473 dilexisti
1184 2415 1481 2485 justitiam,
1534 2413 1739 2469 idcirco
1791 2412 1945 2467 unxit
2000 2420 2052 2467 te

451 2519 590 2573 Deus
618 2533 632 2569 :
669 2532 689 2566 ι
724 2527 831 2567 non
865 2509 1213 2580 utquispiam
1258 2507 1403 2562 illam
1437 2507 1747 2561 unctionem
1777 2504 2049 2560 mercedis

448 2611 566 2665 loco
603 2605 878 2675 accepisse
904 2602 1233 2671 suspicetur,
1273 2599 1367 2655 sed
1413 2607 1475 2652 ut
1514 2598 1820 2668 hocpacto
1843 2596 2049 2651 dictum

448 2697 836 2766 inteiligamus.
866 2693 1083 2748 Primus
1107 2701 1292 2744 noster
1325 2703 1524 2759 parens
1555 2688 1725 2743 Adam
1767 2685 2049 2741 mutabilis

449 2792 552 2847 fuit
580 2799 810 2851 natura),
833 2786 1035 2856 quique
1057 2784 1332 2838 interdum
1357 2783 1573 2851 quidem
1596 2780 1867 2851 justitiam
1902 2792 2051 2832 ama-

450 2893 553 2949 ret,
600 2893 655 2937 et
687 2879 1029 2949 iniquitatem
1066 2877 1273 2931 odisset
1305 2892 1320 2928 :
1362 2873 1638 2928 interdum
1668 2887 1799 2927 vero
1833 2872 1884 2926 in
1915 2885 2049 2927 con-

449 2975 679 3031 trarium
707 2970 952 3026 habitum
979 2967 1297 3022 transiliret.
1319 2965 1454 3022 Cum
1483 2967 1626 3020 enim
1650 2965 1753 3020 hoc
1770 2964 2049 3034 proprium

450 3070 521 3124 sit
556 3074 765 3120 natura:
800 3044 1079 3125 mutabili,
1123 3058 1380 3114 seductus
1421 3056 1525 3112 fuit
1563 3071 1592 3111 a
1636 3055 1867 3111 diabolo.
1913 3053 2047 3135 Cum

449 3172 581 3214 vero
604 3155 671 3212 ad
697 3154 1000 3209 curandum
1034 3152 1179 3231 hunc
1210 3149 1460 3205 morbum
1496 3149 1865 3204 necessarium
1904 3156 2050 3201 esset

450 3263 512 3308 ut
555 3235 896 3307 immutabile
947 3246 1039 3302 Dei
1072 3243 1312 3300 Verbum
1342 3244 1581 3313 seipsum
1618 3255 1717 3312 pro
1750 3241 1904 3295 nobis
1933 3238 2050 3292 dia-

450 3342 574 3398 bolo
602 3346 924 3409 opponeret,
957 3344 1036 3402 ut,
1066 3334 1525 3408 quemadmodum
1557 3348 1653 3404 per
1682 3333 1826 3388 illius
1866 3342 2045 3388 muta-

451 3435 715 3489 bilitatem
770 3431 895 3485 victi
950 3443 1201 3494 eramus,
1268 3428 1342 3482 ita
1390 3436 1492 3496 per
1555 3418 2048 3481 immutabilitatem

450 3521 617 3579 Verbi
654 3523 963 3578 vincamus.
1003 3520 1211 3574 Idcirco
1248 3518 1488 3588 ungitur,
1524 3526 1709 3588 utpote
1754 3532 1969 3587 semper
1997 3526 2051 3573 et

452 3613 867 3671 immutabiliter
934 3612 1205 3683 justitiam
1269 3610 1531 3680 diligens,
1597 3619 1653 3666 et
1708 3610 2048 3680 iniquitatem

452 3722 673 3763 exosam
707 3705 933 3771 habens,
980 3703 1185 3775 quique
1212 3702 1407 3757 mutari
1438 3710 1693 3772 nequeat.
1723 3700 1858 3758 Cum
1889 3702 2052 3772 igitur

453 3800 587 3857 dicit
631 3816 645 3854 :
696 3817 714 3850 ι
752 3797 995 3853 Dilexisti
1047 3795 1315 3867 justitiam
1364 3802 1418 3850 et
1465 3795 1625 3850 odisti
1680 3794 2050 3865 iniquitatem,

454 3892 659 3949 idcirco
691 3892 849 3946 unxit
874 3901 924 3945 te
959 3889 1118 3957 Deus,
1159 3906 1178 3940 ι
1216 3889 1291 3943 ita
1331 3886 1610 3959 intellige:
1650 3886 1785 3943 Cum
1828 3901 1894 3942 ex
1934 3900 2053 3941 om-

456 3984 618 4042 nibus
659 3984 860 4040 creatis
897 3981 1212 4036 mutabilem
1260 3990 1508 4035 naturam
1554 3979 1881 4035 habentibus
1918 3977 2052 4032 nihil

456 4077 672 4134 diabolo
723 4076 992 4132 obsistere
1050 4082 1266 4143 posset;
1321 4081 1376 4126 tu
1426 4086 1555 4127 vero
1604 4085 1669 4127 ex
1722 4068 2051 4126 immutabili

458 4171 617 4225 Patre
648 4167 1001 4224 inmmtabilis
1030 4166 1327 4230 exsisteus,
1360 4165 1501 4220 Deus
1541 4162 1798 4228 Verbum,
1831 4175 2053 4233 semper

453 4262 718 4333 justitiam
764 4259 965 4330 diligis,
1016 4268 1072 4313 et
1118 4258 1464 4326 iniquitatem
1531 4254 1740 4321 odisti,
1796 4255 1951 4309 unxit
2000 4263 2053 4310 te

460 4357 626 4421 Deus,
657 4352 789 4409 utin
818 4361 888 4416 te,
917 4348 1433 4420 etquidem—primo,
1460 4345 1704 4401 hominis
1737 4356 1925 4401 natura
1954 4344 2052 4400 ad-

459 4461 650 4503 versus
670 4461 793 4502 eum
821 4443 1010 4499 victrix
1037 4444 1313 4498 evaderet.

674 4659 902 4731 ALIUD,
952 4675 1017 4715 ea
1045 4659 1225 4714 eodem
1263 4655 1570 4727 syllogismo
1599 4653 1828 4708 illatum.

533 4793 702 4850 Multa
722 4789 1091 4864 hujuscemodi
1112 4790 1163 4843 in
1181 4804 1332 4844 saera
1351 4787 1634 4855 Scriptura
1658 4785 1725 4840 de
1748 4784 1856 4840 Deo
1874 4798 1935 4837 ac
1949 4782 2051 4837 Pa-

470 4898 552 4945 tre
569 4887 841 4950 dicuntur,
859 4882 1003 4954 quod
1032 4881 1194 4952 199
1214 4880 1439 4936 «Justus
1464 4879 1722 4933 Dominus
1740 4888 1794 4933 et
1811 4877 2053 4946 justitias

468 4981 661 5039 dilexit
700 4980 766 5033 ".
801 4997 820 5030 ι
854 4976 920 5030 Ει
963 4989 1157 5029 rursus
1200 4990 1216 5027 :
1262 4991 1281 5025 ι
1314 4970 1488 5028 Odisti
1528 4985 1720 5027 omnes
1764 4979 2052 5041 operantes

463 5071 800 5142 iniquitatem
827 5066 896 5123 ⁷³.
922 5084 942 5117 ι
976 5063 1108 5118 Item
1137 5080 1151 5117 :
1183 5061 1627 5132 «Ego-Dominus
1647 5062 1739 5132 qui
1770 5061 1936 5130 diligo
1960 5060 2051 5131 ju-

459 5162 689 5226 stitiam,
719 5165 773 5212 et
818 5155 908 5211 odi
955 5152 1178 5223 rapinas
1203 5165 1271 5206 ex
1315 5150 1603 5222 iniquitate
1635 5151 1703 5205 ⁷⁸.
1736 5171 1756 5204 ι
1791 5153 1955 5223 Atqui
2002 5153 2047 5208 si

460 5255 584 5324 quis
617 5253 763 5307 dicat
795 5266 810 5303 :
842 5247 1067 5316 Magnus
1094 5244 1355 5301 Dominus
1392 5251 1594 5309 noster,
1625 5244 1753 5316 quia
1779 5244 2048 5316 justitiam

471 5346 647 5417 diligit
692 5352 747 5398 et
772 5341 884 5396 odit
910 5338 1250 5407 iniquitatem
1278 5355 1294 5394 :
1325 5354 1394 5391 au
1437 5338 1625 5395 titulus
1658 5341 1765 5404 hic,
1798 5356 2043 5412 magnus,

468 5440 577 5496 erit
605 5437 719 5490 Deo
747 5449 810 5487 ac
837 5431 982 5486 Patri
1015 5444 1224 5486 merces
1250 5430 1489 5499 virtutis,
1520 5433 1665 5502 quod
1691 5434 1805 5488 [nec
1824 5432 2050 5504 ‘quidem

464 5539 629 5594 amet,
653 5525 737 5580 illa
763 5538 889 5579 vero
904 5522 1292 5580 oderit?Certe
1312 5527 1725 5595 nemoﬁunquam
1747 5526 1883 5580 adeo
1900 5525 2051 5579 insa-

466 5622 647 5675 nierit.
699 5616 1161 5683 Quemadmodum
1204 5616 1369 5685 igitur
1421 5616 1732 5686 hujusmodi
1789 5627 1937 5674 recte
1985 5632 2049 5672 ac

466 5715 550 5782 pie
576 5713 643 5766 de
675 5708 834 5764 Patre
864 5708 1118 5765 dicuntur
1152 5726 1167 5764 :
1206 5708 1282 5765 ita
1317 5712 1484 5766 etlam
1515 5717 1664 5767 recte
1685 5708 1752 5764 de
1794 5709 1933 5764 Filio
1965 5709 2050 5764 in—

511 5887 584 5922 "
613 5887 755 5945 Psal.
783 5904 923 5960 xuv,
955 5890 1006 5947 8.

2157 653 2258 706 μεν
2290 641 2348 690 ἐν
2380 636 2546 706 αύτῷ.
3078 690 3085 694 .

2859 744 3063 805 ΑᾹΛΟ.

2487 885 2582 951 Ὡς
2602 884 2672 949 ἐξ
2707 885 3068 952 ἀντιθέσεως
3100 885 3432 954 αἰρετικῶν.

2224 1019 2564 1091 Γέγραπται,
2602 1018 2787 1088 φασίνο
2823 1037 2843 1070 ι
2899 1018 3222 1089 Ἠγάπησας
3261 1018 3633 1088 δικαιοσύνην,
3659 1005 3763 1073 καὶ

2154 1111 2425 1183 ὲμίσησας
2454 1110 2708 1183 ἀνομίαν,
2733 1111 2821 1166 διὰ
2842 1111 3001 1165 τοῦτο
3025 1111 3211 1184 ἔχρισέ
3246 1129 3305 1165 σε
3330 1114 3360 1166 6
3389 1111 3541 1176 Θεὸς,
3571 1115 3598 1165 6
3617 1112 3763 1173 Sed;

2157 1220 2272 1257 σου.
2308 1221 2327 1255 ι
2361 1203 2475 1257 Οὐκ
2499 1203 2565 1256 ἃν
2592 1197 2687 1257 οὖν
2714 1204 2852 1268 ὅλως
2878 1203 3165 1276 κεχρίοθαι
3208 1203 3301 1258 τὸν
3353 1203 3557 1275 Κύριον
3581 1202 3757 1256 δώσο-

2158 1312 2279 1367 μεν,
2306 1294 2356 1347 εί
2386 1294 2460 1367 μὴ
2490 1293 2838 1366 δικαιοσύνην
2867 1296 3147 1367 ἠγάπησε,
3188 1296 3285 1348 καὶ
3326 1295 3591 1367 ἐμίσησεν
3637 1295 3756 1347 ἀδι-

2155 1385 2299 1440 κίαν.
2319 1385 2377 1439 Ὀ
2406 1385 2516 1457 γάρ
2545 1378 2843 1455 σύνδεσμος
2869 1387 2900 1440 6
2920 1386 3316 1456 αἰτιολογικὸς,
3350 1387 3623 1452 τουτέστι,
3648 1387 3761 1440 διὰ

2155 1477 2352 1543 τοῦτο,
2379 1477 2585 1549 μεταξὺ
2647 1476 2921 1547 κείμενος,
2966 1477 3160 1548 μισθὸν
3200 1476 3408 1551 ὥσπερ
3455 1478 3662 1550 ἀρετῆς
3691 1478 3761 1533 τὸ

2154 1569 2367 1642 χρίσμα
2415 1568 2670 1623 δεικνύει.
2725 1569 2788 1622 Εἰ
2819 1570 2877 1624 δὲ
2928 1569 3020 1624 διὰ
3062 1569 3222 1624 τοῦτο
3264 1572 3503 1645 χρίεται,
3549 1573 3635 1626 ὅτι
3673 1572 3751 1624 δι-

2155 1660 2451 1734 καιοσύνην
2475 1662 2687 1734 ἀγαπᾷ,
2724 1661 2820 1716 καὶ
2852 1663 3069 1716 ἀδικίαν
3106 1666 3276 1734 μισεῖ,
3314 1664 3487 1736 δῶρον
3515 1663 3631 1734 ἔχει
3659 1664 3760 1718 τὸν

2155 1753 2448 1823 ἁγιασμόν.
2489 1753 2547 1807 Ὁ
2575 1753 2632 1806 δὲ
2669 1753 2990 1827 προσθήκης
3015 1754 3161 1818 τινὸς
3184 1755 3421 1827 δεηθεὶς,
3456 1756 3659 1829 ἀτελὴς
3687 1756 3759 1812 ἂν

2155 1846 2265 1916 εἴη,
2299 1847 2394 1901 καὶ
2421 1847 2519 1916 ούχ
2553 1848 2738 1917 ὅμοιος
2778 1845 2854 1917 τῷ
2894 1845 3085 1918 τελείῳ
3120 1847 3318 1919 Πατρί.

2647 2068 2808 2137 Πρὸς
2832 2068 3011 2155 τςῦτο
3048 2068 3251 2136 λύσις.

2208 2183 2478 2278 ’Ἔγειραι
2511 2207 2540 2260 6
2573 2203 2882 2271 καθεύδων,
2911 2205 3007 2258 καὶ
3042 2203 3252 2259 ἀνάστα
3276 2205 3343 2259 ὲκ
3376 2204 3486 2259 τῶν
3514 2207 3757 2279 νεκρῶν,

2151 2301 2247 2356 καὶ
2283 2299 2492 2371 ἀκούσῃ
2515 2298 2696 2365 πάλιν,
2736 2297 3002 2369 αἱρετικέ.
3049 2297 3290 2370 Ἐπειδὴ,
3346 2299 3535 2371 φησὶν,
3570 2319 3590 2352 ι
3631 2300 3752 2371 ὲμίο

2152 2411 2326 2466 σησας
2352 2391 2588 2460 ἀδικίαν,
2620 2391 2719 2445 καὶ
2737 2390 3034 2462 ἠγάπησας
3056 2389 3430 2464 δικαιοσύνην,
3466 2393 3557 2448 διὰ
3588 2393 3745 2447 τοῦτο

2151 2482 2339 2560 ἔχρισέ
2374 2502 2432 2539 σε
2452 2488 2481 2539 6
2505 2484 2639 2548 Θεὸς
2656 2524 2673 2552 ,
2714 2503 2732 2535 ι
2762 2484 2864 2555 οὐχ
2888 2485 2974 2539 ἵνα
3000 2481 3195 2555 μισθὸν
3217 2484 3421 2557 ἀρετῆς
3451 2485 3515 2540 τὸ
3537 2487 3755 2559 χρίσμα

2148 2577 2397 2634 δεδόσθαι
2418 2594 2501 2642 τις
2519 2575 2786 2647 ὑπολάϐῃ,
2818 2574 2935 2629 ἀλλ’
2978 2576 3067 2629 ἴνα
3097 2574 3324 2629 τοιῶσδε
3365 2578 3651 2649 νοήσωμεν
3693 2579 3758 2632 τὸ

2149 2666 2463 2743 λεγόμενον.
2515 2672 2772 2744 Τρεπτῆς
2821 2670 3086 2742 ὑπάρχων
3119 2671 3337 2742 φύσεως
3384 2673 3413 2725 6
3441 2672 3757 2744 προπάτωρ

2164 2767 2353 2838 Ἀδὰμ,
2385 2765 2479 2819 καὶ
2507 2763 2770 2835 πεφυκὼς
2793 2763 3013 2818 ἔσθ’ὅτε
3044 2764 3175 2818 ποτὲ
3207 2764 3308 2836 μὲν
3343 2765 3443 2835 τὴν
3470 2764 3757 2819 δικαιοσύ-

2149 2876 2249 2930 νην
2282 2860 2506 2932 ἀγαπᾷν
2539 2860 2636 2913 καὶ
2666 2860 2851 2930 μισεῖν
2897 2858 2998 2930 τὴν
3054 2859 3294 2923 ἀδικίαν,
3346 2860 3477 2912 ποτὲ
3504 2859 3561 2913 δὲ
3585 2860 3758 2915 πάλιν

2150 2955 2230 3018 είς
2250 2952 2356 3026 ’τὴν
2376 2954 2624 3007 ἐναντίαν
2651 2952 2764 3020 ἕξιν
2788 2951 3125 3026 μεταπηδᾷν,
3158 2953 3253 3007 καὶ
3284 2953 3504 3024 ἀγαπᾷν
3530 2953 3631 3025 μὲν
3653 2953 3758 3025 τὴν

2150 3044 2389 3109 ἀδικίαν,
2444 3046 2625 3117 μισεῖν
2658 3045 2717 3099 δὲ
2743 3046 2845 3116 τὴν
2878 3044 3231 3118 δικαιοσύνην
3276 3043 3471 3116 (τοῦτο
3501 3047 3612 3118 γὰρ
3643 3047 3758 3102 τῶν

2149 3130 2500 3209 τρεπομένην
2563 3135 2798 3208 ἑχόντων
2838 3137 2940 3210 τὴν
2992 3136 3155 3208 φύσιν
3199 3136 3390 3208 ἴδιον),
3425 3136 3756 3210 παρηνέχθη

2152 3228 2306 3302 παρὰ
2332 3226 2426 3284 τοῦ
2449 3227 2723 3283 διαϐόλου.
2768 3228 2987 3301 Ἐπειδὴ
3013 3229 3070 3283 δὲ
3099 3228 3238 3302 πρὸς
3259 3230 3361 3300 τὴν
3389 3228 3482 3284 τοῦ
3505 3230 3756 3285 τοιούτου

2150 3323 2459 3394 νοσήματος
2491 3321 2645 3376 λύσιν
2671 3321 2778 3376 ἔδει
2816 3322 2907 3376 τὸν
2953 3321 3225 3395 ἄτρεπτον
3275 3323 3369 3377 τοῦ
3394 3322 3534 3377 Θεοῦ
3579 3324 3759 3393 Λόγον

2152 3417 2345 3471 ἑαυτὸν
2363 3422 2367 3427 ’
2386 3415 2529 3487 ὑπὲρ
2548 3417 2580 3486 ή
2591 3415 2708 3487 μῶν
2740 3415 3042 3470 ἀντιθεῖναι
3071 3415 3149 3488 τῷ
3184 3417 3428 3489 πονηρῷ,
3470 3417 3540 3472 ἵν’
3559 3417 3760 3491 ὥσπερ

2150 3509 2239 3563 διὰ
2257 3508 2357 3580 τῆς
2387 3508 2600 3562 ἐκείνου
2662 3509 2875 3580 τροπῆς
2907 3508 3282 3580 ὲνικήθημεν,
3341 3508 3486 3564 οὕτω
3532 3511 3625 3566 διὰ
3658 3513 3762 3583 τῆς

2151 3599 2415 3673 ἀτρεψίας
2453 3598 2549 3652 τοῦ
2582 3588 2757 3668 Λόγου
2790 3602 3191 3673 κρατήσωμεν
3228 3601 3318 3655 διὰ
3348 3602 3509 3656 τοῦτο
3538 3604 3764 3675 χρίεται

2152 3690 2229 3755 ὡς
2256 3690 2346 3745 ἀεὶ
2370 3690 2468 3744 καὶ
2486 3688 2976 3763 [ἀ]παραλλάκτως
3017 3691 3368 3765 δικαιοσύνην
3387 3694 3647 3763 ἀγαπῶν,
3662 3697 3757 3750 καὶ

2156 3782 2330 3853 μισῶν
2362 3781 2601 3848 ἀδικίαν,
2651 3783 2744 3837 καὶ
2796 3784 3073 3855 τραπῆναι
3117 3784 3191 3855 μὴ
3230 3784 3553 3856 δυνάμενος.
3586 3788 3746 3841 Ὅταν

2152 3871 2245 3931 οὖν
2277 3876 2436 3948 λέγῃ,
2476 3876 2846 3946 (Ἠγάπησας
2894 3876 3278 3950 δικαιοσύνην,
3332 3878 3429 3932 καὶ
3482 3879 3753 3951 ἐμίσησας

2152 3968 2388 4033 ἀδικίαν,
2413 3967 2500 4022 διά
2526 3968 2685 4021 τοῦτο
2716 3967 2901 4039 ἔχρισέ
2933 3986 2993 4022 σε
3017 3970 3046 4022 6
3086 3968 3250 4033 Θεὸς,
3289 3989 3308 4024 ι
3339 3970 3597 4043 τοιαύτην
3634 3972 3757 4027 τινὰ

2152 4060 2311 4132 δέχου
2344 4059 2582 4115 διάνοιαν
2601 4079 2613 4090 ·
2651 4060 2874 4133 Ἐπειδὴ
2896 4061 3117 4116 πάντων
3141 4062 3252 4117 τῶν
3280 4063 3526 4134 γενητῶν
3550 4081 3760 4136 τρεπο-

2156 4154 2326 4226 μένην
2353 4154 2587 4225 ἑχόντων
2613 4155 2713 4227 τὴν
2739 4153 2902 4224 φύσιν
2935 4153 3086 4207 οὐδὲν
3115 4154 3348 4225 ἠδύνατο
3376 4157 3649 4228 μάχεσθαι
3678 4158 3761 4228 τῷ

2151 4245 2406 4316 διαϐόλῳ,
2456 4247 2521 4303 σὺ
2546 4246 2605 4299 δὲ
2663 4246 2724 4313 ἐξ
2755 4244 3028 4317 ἀτρέπτου
3047 4269 3059 4283 -
3083 4246 3300 4317 Πατρὸς
3341 4246 3755 4320 ἄτρεπτος-ῶν,

2152 4338 2285 4404 Θεὸς
2308 4338 2623 4408 Aci-rogas).
2650 4338 2998 4411 δικαιοσύνην
3025 4339 3276 4411 ἀγαπᾷς,
3300 4342 3411 4413 τήν
3454 4359 3514 4396 τε
3533 4343 3760 4398 ἀδικίαν

2157 4431 2354 4503 μισεῖς,
2379 4430 2566 4502 ἐχρισέ
2592 4448 2651 4483 σε
2682 4433 2710 4485 6
2738 4431 2893 4496 Θεὸς,
2946 4431 3033 4485 ἵνα
3064 4432 3122 4485 ἐν
3150 4434 3235 4487 σοὶ
3285 4434 3379 4487 καὶ
3415 4433 3620 4507 πρώτῳ
3654 4437 3762 4510 τὴν

2153 4522 2445 4595 ἀνθρώπου
2483 4522 2648 4593 φύσιν
2676 4525 2808 4596 παρ’
2838 4523 2979 4579 αὐτὰ
3012 4524 3252 4581 νικῶσαν
3286 4526 3570 4600 θεάσηται.

2086 4663 2128 4716 ι)
2228 4659 2438 4721 ΑΛΛΟ,
2455 4658 2524 4713 ἐκ
2550 4658 2657 4714 τοῦ
2677 4660 2864 4716 αὐτοῦ
2893 4662 3210 4733 συναχθὲν
3229 4666 3686 4736 συλλογισμοῦ.

2224 4794 2557 4869 Εὖρίσκεται
2580 4794 2732 4868 παρά
2759 4798 2825 4868 τῇ
2852 4797 2974 4869 θείᾳ
2995 4798 3187 4872 Γραφῇ
3219 4799 3348 4871 περὶ
3368 4798 3462 4853 τοῦ
3495 4799 3634 4855 Θεοῦ
3659 4803 3758 4857 καὶ⁸

2153 4885 2370 4957 Πατρὸς
2407 4885 2637 4955 κείμενα
2683 4885 2910 4941 τοιαῦτα
2954 4887 3149 4954 πολλὰ,
3183 4889 3266 4943 ὅτι
3300 4909 3318 4941 ι
3369 4889 3593 4954 Δίκαιος
3641 4891 3759 4945 Κύ-

2156 4995 2272 5050 ριος
2306 4977 2401 5032 καὶ
2428 4977 2779 5042 δικαιοσύνας
2798 4977 3078 5052 ἠγάπησε.
3108 4999 3127 5033 ι
3164 4980 3274 5034 Καὶ
3300 4981 3483 5035 πάλινο
3523 4999 3543 5033 ι
3594 4982 3755 5054 Ἐμίο

2156 5087 2331 5142 σησας
2364 5070 2574 5135 πάντας
2598 5072 2726 5136 τοὺς
2763 5073 3167 5146 ἐργαζομένους
3197 5073 3296 5147 τὴν
3316 5060 3572 5146 ἀνομίαν.
3604 5095 3622 5129 ι
3646 5078 3760 5132 Καὶ

2159 5164 2343 5219 πάλιν
2380 5182 2399 5215 ι
2438 5164 2580 5234 Ἐγώ
2599 5165 2717 5236 είμι
2767 5165 2973 5238 Κύριος
3026 5168 3056 5220 6
3103 5166 3334 5237 ἀγαπῶν
3366 5166 3759 5243 δικαιοσύνην,

2160 5261 2256 5308 καὶ
2281 5254 2454 5327 μισῶν
2488 5259 2832 5329 ἁρπάγματα
2878 5258 2937 5325 ἐξ
2979 5259 3217 5325 ἀδικίας.
3262 5278 3282 5312 ι
3324 5254 3435 5333 τΔρ
3468 5256 3564 5315 οὖν
3586 5262 3642 5316 εἰ
3675 5279 3762 5326 τις

2160 5346 2258 5400 καὶ
2280 5347 2368 5401 διὰ
2393 5347 2567 5402 ταῦτα
2596 5348 2763 5419 λέγοι·
2794 5350 2986 5420 Μέγας
3017 5351 3046 5403 6
3098 5350 3303 5422 Κύριος
3342 5351 3524 5423 ἡμῶν,
3556 5353 3641 5407 ὅτι
3660 5355 3763 5424 τὴν

2161 5438 2509 5512 δικαιοσύνην
2555 5443 2765 5514 ἀγαπᾷ,
2819 5447 2970 5513 μισεῖ
3023 5442 3080 5496 δὲ
3133 5444 3235 5516 τὴν
3279 5445 3513 5513 ἀδικίαν,
3566 5448 3764 5517 μισθὸς

2156 5530 2311 5586 ἔσται
2333 5531 2411 5603 τῷ
2442 5531 2562 5604 Θεῷ
2602 5535 2695 5587 καὶ
2722 5535 2900 5605 Πατρὶ
2928 5535 2990 5589 τὸ
3016 5535 3210 5606 μέγας
3235 5538 3331 5591 καὶ
3385 5538 3594 5610 ἀρετῆς
3629 5541 3764 5593 ἀντ-

2158 5621 2452 5690 απόδοσις,
2502 5624 2583 5678 ὅτι
2641 5625 2767 5680 τάδε
2832 5626 2934 5697 μὲν
2966 5629 3190 5701 ἀγαπᾷ,
3226 5633 3375 5700 μισεῖ
3422 5630 3478 5684 δὲ
3530 5633 3761 5699 ὲκεῖνα;

2174 5710 2312 5764 Ἀλλ’
2341 5712 2441 5767 οὐκ
2481 5713 2546 5768 ἀν
2576 5731 2661 5778 τις
2692 5714 2836 5770 οὕτω
2881 5718 3077 5788 μανείη
3108 5720 3261 5774 ποτέ.
3295 5721 3509 5784 Ὥσπερ
3538 5717 3636 5777 οὖν
3665 5726 3765 5788 Ern,

1087 5891 1125 5923 ιι
1165 5889 1364 5961 Ephes.
1390 5904 1443 5958 v,
1476 5890 1564 5945 14.
1642 5890 1687 5923 ν’
1717 5888 1860 5944 Ρεςιι.
1903 5904 1952 5955 x,
1988 5889 2043 5944 8.

2157 5890 2335 5946 Ῥείη.
2368 5907 2420 5961 v,
2457 5893 2507 5947 7.
2593 5894 2637 5926 ⁷⁸
2666 5893 2772 5952 lsa.
2804 5911 2927 5970 με,
2961 5897 3013 5953 8.
