3996 6404
201 404 299 463 33.7

1636 407 2081 479 'i'itEsA-Unus.

3414 415 3533 479 358..

203 516 287 571 τοῦ
317 512 835 585 Πατρὺςεύσεσῶς
879 515 1215 589 νοεῖταιετὰ,
1247 515 1468 570 τοιῶσδε
1521 519 1791 590 λεγόμενα
1812 560 1827 584 ,

1945 522 2102 592 telligi
2146 533 2391 593 possunt.
2430 525 2567 585 Nam
2612 526 2792 598 imago
2821 528 3199 599 archetypum,
3233 535 3288 581 et
3325 527 3518 581 atche-

209 607 369 670 οἰιτως
384 603 458 657 ἂν
480 603 750 673 εὐλόγως
775 608 1080 681 ὲκληφθείη
1114 610 1210 665 καὶ
1251 610 1336 679 ὲφῗ
1366 611 1517 667 Υἱοῦ.
1547 613 1705 684 Πρὸς,
1721 612 1831 684 γὰρ

222 702 275 757 τὸ
294 696 612 769 ἀρχέτυπον
641 701 677 769 ή
721 699 918 769 εἰκὼν,
942 701 1038 756 καὶ
1067 702 1201 772 πρὸς
1230 702 1552 775 τὴνθείκόνᾳ
1585 703 1646 758 τὸ
1675 704 1833 776 ἀρχέ-

223 810 378 848 τυτῡν.

222 913 310 977 Εἰς
341 910 404 965 τὸ
674 911 788 984 τοῦ
824 912 1197 984 ᾏποστὸλου
1231 914 1508 984 τύηλέγον
1527 931 1541 944 ·
1585 935 1604 967 ι
1627 915 1834 972 Ἐκάθ-

274 997 398 1036 ισεν
541 982 736 1055 δεξιᾷ
775 981 892 1051 τῆς
944 981 1501 1054 μεγαλωσύνηςέν
1530 986 1830 1055 ὑψηλοῖς,

274 1053 547 1119 τοσούτῳ
580 1053 887 1122 κρείττων
911 1055 1232 1124 γενόμενος
1255 1055 1375 1109 τῶν
1402 1053 1693 1127 ἀγγέλων.
1736 1075 1757 1109 ι

274 1167 332 1218 οξ
363 1167 464 1237 τῆς
484 1167 701 1232 οὐσίας
728 1168 826 1222 τοῦ
851 1168 989 1222 Θεοῦ
1016 1168 1192 1238 Λόγου
1243 1169 1555 1241 τολμῶντες
1599 1187 1835 1241 κατηγο-

215 1258 336 1328 ρεῖν.
365 1259 463 1311 καὶ
496 1257 604 1313 τὸν
645 1259 786 1313 Υἱὸν
820 1262 934 1324 τοῖς
969 1263 1220 1332 γενητοῖς
1252 1262 1568 1318 συντάττειν
1603 1263 1834 1318 σπουδά-

213 1350 385 1429 ζοντές
409 1368 578 1419 φασι,
630 1352 997 1424 σοφιζόμενοι
1019 1353 1120 1425 τὴν
1156 1352 1435 1426 ἀλήθειανο
1473 1355 1537 1409 Εἰ
1567 1355 1834 1428 κρείττων

220 1443 390 1511 γέγονε
420 1444 537 1496 τῶν
566 1444 841 1513 ἀγγέλων
889 1446 919 1499 ὁ
972 1444 1123 1509 Υἱὸς,
1155 1446 1267 1500 ἀπὸ
1324 1447 1536 1518 τροπῆς
1584 1447 1693 1518 ἄρα
1720 1447 1834 1519 ἔχει

229 1531 362 1599 τοῦτο
386 1536 487 1605 τῆς
523 1535 630 1587 ἐπὶ
668 1534 735 1589 τὸ
764 1533 1014 1606 ἄμεινον·
1043 1533 1072 1587 ὃ
1112 1533 1222 1607 γὰρ
1258 1536 1361 1589 οὐκ
1392 1530 1460 1608 ἦν
1487 1536 1724 1605 ἐγένετο.
1761 1536 1835 1590 Τὸ

230 1624 345 1689 ελως
376 1626 823 1694 μεταποιεῖσθαι
859 1626 1180 1698 δυνάμενον,
1244 1628 1340 1682 καὶ
1396 1630 1504 1683 ἀπό
1554 1648 1700 1695 τινος
1754 1632 1834 1695 είς

228 1715 394 1787 ἕτερον
441 1735 497 1771 τι
548 1718 1020 1791 παραφέρεσθαι,
1066 1720 1310 1791 τρεπτῆς
1353 1721 1421 1775 ἂν
1471 1723 1556 1793 εἴη
1596 1724 1830 1792 φύσεως.

229 1809 289 1862 Εἰ
313 1809 367 1863 δὲ
387 1813 658 1885 τρες-πῆς,
689 1812 863 1885 δῆλον
918 1813 1002 1867 ὅτι
1054 1813 1413 1886 καὶ-γενητῆς
1439 1859 1453 1881 ,
1511 1812 1580 1895 ἧς
1623 1817 1753 1873 ἴδιον
1796 1820 1841 1890 ἠ,

237 1904 420 1974 τροπή.

707 2018 876 2086 Πρὸς
924 2020 1104 2075 τοῦτο
1141 2023 1350 2089 λύσις.

323 2129 527 2199 Πρῶτον
552 2131 648 2201 μὲν
676 2124 783 2184 οὗν
812 2132 1085 2204 προσήκει
1140 2134 1232 2188 τὸν
1288 2137 1370 2199 εἰς
1428 2134 1659 2208 ἔρευναν
1722 2138 1834 2192 τῶν

253 2223 397 2276 θείων
434 2222 787 2281 εέσὸαίνοντα
839 2224 1098 2295 Γραφῶν,
1149 2226 1241 2280 τὸν
1298 2228 1491 2300 καιρὸν
1546 2230 1833 2302 ἐπιτηρεῖν

240 2315 352 2367 καθ’
371 2315 427 2367 ὃν
452 2314 677 2383 λέγεται
724 2315 801 2369 τὸν
822 2316 1182 2388 δηλούμενον,
1246 2320 1343 2374 καὶ
1378 2321 1673 2390 πρόσωπον
1698 2325 1846 2395 παρ’·

234 2402 309 2470 οὗ,
334 2406 367 2477 ἦ
395 2407 457 2461 δι’
491 2400 579 2469 οὗ,
617 2408 657 2479 ἢ
688 2408 829 2477 περὶ
871 2402 933 2469 οὗ
976 2408 1214 2474 λέγεται·
1245 2411 1400 2465 οὔτω-
1422 2414 1531 2485 γὰρ
1559 2414 1627 2467 ἂν
1656 2414 1833 2468 ἀπλα-

241 2499 328 2569 νὴς
356 2502 386 2569 ἡ
411 2499 621 2553 διάνοια
650 2499 966 2571 φυλαχθείη
1002 2504 1114 2566 τοῖς
1146 2501 1325 2575 ὀρθῶς
1362 2504 1611 2559 ἐθέλουσι
1663 2508 1828 2563 νοεῖν.

243 2589 536 2661 Muciuset:
572 2592 688 2663 μὲν
721 2587 822 2645 οὖν
865 2592 928 2647 τὸ
965 2593 1075 2647 ἀπὸ
1119 2593 1215 2647 τοῦ
1268 2595 1466 2666 καιροῦ
1514 2599 1791 2669 χρήσιμον
1814 2637 1831 2666 ,

235 2683 333 2735 τῶν
354 2684 512 2752 ἁγίων
534 2685 881 2740 ἀποστόλων
929 2685 1224 2751 ἀκούοντες
1267 2688 1538 2757 λεγόντων
1568 2691 1795 2763 Χριστῷ
1815 2709 1831 2724 ο

233 2792 256 2826 ι
283 2776 408 2829 Πότε
428 2778 613 2831 ταῦτα
646 2777 832 2839 ἔσται,
867 2778 965 2831 καὶ
993 2777 1047 2831 τί
1070 2779 1132 2832 τὸ
1157 2783 1385 2852 σημεῖον
1424 2783 1523 2852 τῆς
1547 2782 1648 2852 σῆς
1685 2801 1834 2855 παρ-

226 2868 425 2935 ουσίαςς
466 2889 487 2922 ι
536 2872 641 2923 Ἐκ
666 2869 728 2924 δὲ
761 2869 860 2923 τοῦ
882 2869 957 2942 μὴ
980 2871 1181 2925 εἰδέναι
1202 2872 1417 2943 καιρὸν,
1441 2873 1834 2947 ἐζημιώθησαν

230 2962 274 3013 oi
301 2964 420 3034 περὶ
452 2964 772 3034 Ὑμέναιον
804 2965 901 3017 καὶ
954 2964 1323 3035 Ἀλέξανδρον,
1350 2966 1670 3037 νομίσαντες
1699 2968 1833 3022 ἀνά-

237 3066 402 3106 στασιν
428 3054 537 3126 ήδη
579 3053 907 3122 γεγονέναι,
956 3056 1050 3109 καὶ
1097 3056 1256 3110 τοῦτο
1298 3056 1571 3127 λέγοντες.
1626 3059 1748 3113 Ὅτι
1776 3059 1836 3114 δὲ

242 3143 330 3194 τῶν
348 3144 673 3216 προσώπων
731 3147 1012 3215 ἀναγκαία
1055 3149 1149 3202 καὶ
1200 3148 1552 3222 ὲπωφελὴςή
1592 3149 1831 3218 γνῶσις,

1935 627 2092 689 typus
2127 619 2416 691 imaginem
2458 622 2648 678 refert.

1936 907 2006 963 In
2041 909 2243 963 dictum
2278 908 2413 963 illud
2458 908 2615 964 Pauli
2641 928 2659 966 :
2690 930 2707 963 ι
2738 910 2891 966 Sedet
2927 910 2980 964 in
3011 910 3226 964 dextera
3257 908 3519 975 magnitu-

2025 980 2165 1034 dinis
2191 980 2246 1033 in
2271 980 2514 1046 excelsis,
2542 990 2691 1035 tanta
2715 983 2899 1035 melior
2921 981 3094 1050 [actus
3111 981 3330 1051 _angelis
3353 980 3422 1036 ⁷⁸.
3457 998 3475 1030 ι

2006 1155 2109 1224 Qui
2139 1158 2433 1214 essentiam
2470 1157 2631 1215 Verbi
2684 1160 2782 1215 Dei
2833 1158 3159 1215 calumniari
3210 1159 3437 1224 audent,
3467 1167 3525 1212 et

1934 1246 2130 1303 Filium
2165 1250 2307 1305 inter
2329 1258 2615 1306 creaturas
2639 1250 2885 1321 redigere
2910 1260 3202 1318 conantur,
3235 1250 3522 1304 veritatem

1936 1340 2412 1423 adttlterantes'ita
2448 1344 2643 1398 aiunt:
2675 1345 2731 1399 Si
2767 1344 2941 1398 Filius
2982 1344 3161 1399 factus
3203 1351 3291 1398 est
3334 1342 3525 1396 melior

1936 1433 2186 1504 angelis;
2212 1450 2344 1505 ergo
2379 1437 2787 1509 egmutatione
2820 1437 2874 1492 in
2905 1435 3099 1503 melius
3154 1435 3205 1489 id
3256 1444 3523 1489 consecu-

1938 1532 2024 1581 tus
2052 1535 2136 1579 est
2167 1543 2181 1579 :
2215 1526 2388 1583 factus
2415 1527 2697 1597 enimest,
2731 1527 2875 1598 quod
2906 1544 3011 1582 non
3042 1536 3181 1582 erat.
3216 1526 3369 1591 Quod
3395 1538 3525 1580 vero

1938 1616 1991 1670 in
2038 1616 2353 1672 universum
2401 1619 2597 1673 mutari
2651 1628 2831 1690 potest
2885 1626 2940 1672 et
2998 1633 3063 1671 ex
3115 1631 3222 1670 uno
3280 1616 3333 1669 in
3378 1614 3527 1669 aliud

1935 1706 2245 1772 transferri,
2281 1710 2556 1767 mutabilis
2578 1719 2787 1778 natura:
2813 1709 2905 1774 sit,
2943 1723 3167 1763 necesse
3196 1717 3303 1761 est.
3339 1706 3396 1761 Si
3432 1720 3526 1761 ve-

1938 1814 1999 1853 ro
2052 1801 2325 1872 mutabilis
2370 1814 2576 1874 natura:
2634 1803 2894 1875 est,_erit
2951 1807 3116 1858 etiam
3161 1810 3381 1867 creataz,
3437 1799 3525 1855 cui

1864 1904 1905 1961 Β
1935 1892 2151 1961 propria
2187 1902 2274 1949 est
2303 1896 2554 1949 mutatio.

2455 2004 2663 2062 Salutio
2689 2006 3022 2075 objectionis.

2007 2129 2255 2185 Primum
2275 2123 2495 2196 quidem
2534 2129 2752 2193 oportet
2802 2136 2926 2178 eum
2978 2122 3070 2191 qui
3123 2121 3190 2175 ad
3231 2118 3528 2190 investiga-

1937 2222 2136 2279 tionem
2169 2231 2448 2275 sacrarum
2500 2214 2917 2285 Scripturarum
2957 2212 3194 2279 accedit,
3227 2211 3528 2267 observare

1938 2323 2150 2384 tempus
2202 2325 2308 2381 quo
2336 2308 2542 2380 aliquid
2597 2308 2822 2374 dicitur,
2878 2317 2934 2361 et
2984 2320 3275 2377 personam
3306 2320 3333 2358 a
3371 2320 3478 2375 qua
3508 2345 3525 2371 ,

1934 2420 2156 2483 propter
2187 2407 2339 2479 quid,
2374 2413 2429 2463 et
2461 2407 2530 2461 de
2559 2419 2667 2474 quo
2704 2403 2904 2458 dicitur
2928 2419 2944 2459 :
2971 2403 3045 2458 ita
3078 2402 3225 2456 enim
3255 2400 3349 2470 qui
3378 2407 3527 2452 recte

1936 2502 2144 2557 sentire
2194 2500 2398 2566 velint,
2443 2499 2583 2554 citra
2636 2496 2802 2550 ullum
2859 2510 3102 2551 errorem
3151 2509 3271 2564 qua:
3323 2491 3529 2559 scripta

1936 2603 2063 2650 sunt
2097 2592 2424 2662 intelligent.
2463 2590 2751 2661 Temporis
2782 2589 2967 2659 itaque
3000 2587 3292 2642 utilitatem
3326 2598 3529 2653 cogno-

1936 2700 2175 2748 scemus,
2204 2700 2329 2739 cum
2372 2684 2657 2740 audiemus
2701 2692 2926 2739 sanctos
2972 2679 3246 2752 apostolos
3273 2678 3339 2732 ad
3367 2675 3531 2731 Chri-

1936 2783 2078 2830 stum
2128 2774 2371 2828 dicentes
2412 2789 2428 2825 :
2463 2792 2483 2825 ι
2533 2772 2760 2839 Quando
2794 2771 2915 2827 haec
2961 2778 3143 2834 erunt,
3190 2778 3246 2822 et
3276 2767 3420 2838 quod
3455 2766 3531 2821 si-

1936 2882 2101 2938 gnum
2129 2874 2215 2922 est
2262 2866 2340 2922 tui
2381 2858 2650 2922 adventus
2691 2864 2785 2919 7“»?
2825 2883 2843 2917 ι
2901 2862 3225 2935 Hymenaeus
3275 2861 3441 2915 etiam
3475 2869 3531 2912 et

1936 2960 2245 3017 Alexander
2278 2968 2500 3030 propter
2541 2957 2913 3027 ignorantiam
2952 2955 3214 3025 temporis
3251 2963 3529 3014 errarunt,

1937 3064 2246 3119 asserentes
2273 3055 2733 3109 resurrectionem
2761 3053 2873 3121 jam
2905 3052 3107 3107 factam
3145 3066 3269 3106 esse
3288 3050 3357 3105 ⁷⁷.
3376 3049 3531 3116 Quod

1936 3164 2070 3206 vero
2130 3163 2490 3220 personarum
2529 3148 2719 3204 notitia
2762 3147 3074 3202 necessaria
3127 3144 3391 3212 rutilisque
3435 3143 3529 3208 sit,

244 3236 471 3306 εἰσόμεθα
491 3238 697 3302 πάλιν,
716 3239 850 3292 ὅταν
870 3239 900 3291 ὁ
914 3239 1181 3310 Εὑνοῦχος
1205 3241 1340 3313 λέγῃ
1361 3241 1499 3314 πρὸς
1526 3242 1793 3297 Φίλιππον
1811 3260 1826 3274 ·

1945 3257 1997 3298 ex
2049 3256 2132 3297 eo.
2162 3242 2552 3311 intelligemus,
2612 3254 2734 3294 cum
2772 3239 3057 3295 eunuchus
3102 3237 3168 3291 ad
3218 3236 3530 3303 Philippum

250 3344 269 3377 ι
295 3329 473 3399 Δέομαί
505 3348 636 3394 σου,
664 3330 805 3402 περὶ
824 3331 967 3395 τίνος
991 3334 1018 3386 ὁ
1041 3335 1325 3405 προφήτης
1355 3334 1526 3404 λέγει,
1551 3335 1679 3405 περὶ
1702 3337 1831 3389 ἐαυ-

252 3420 381 3494 τοῦῆ
421 3424 556 3497 περὶ
595 3423 800 3496 ἐτέρου
848 3425 1033 3492 τινόςς
1076 3445 1095 3479 ι
1132 3425 1272 3498 ἢὼς
1325 3428 1453 3481 ὅταν
1499 3428 1528 3482 ὁ
1563 3429 1834 3500 μακάριος

259 3511 454 3579 Παῦλος,
474 3516 576 3570 τοῦ
608 3517 876 3588 Σωτῆρος
902 3517 963 3571 τὸ
993 3518 1285 3589 πρόσωπον
1324 3519 1674 3592 εἰσφέρεσθαι
1709 3521 1834 3593 βου-

256 3603 458 3675 λόμενος,
492 3609 669 3681 λέγῃ·
711 3630 729 3661 ι
781 3608 898 3678 Ἐφ’
927 3610 987 3663 ὃν
1012 3610 1120 3684 γὰρ
1169 3610 1389 3681 λέγεται
1432 3613 1625 3678 ταῦτα,
1661 3614 1836 3686 φυλῆς

188 3715 195 3721 '
244 3698 411 3770 ἐτέρας
429 3702 789 3772 μετέσχηκε.
834 3702 1109 3775 Πρόδηλον
1137 3702 1267 3775 γὰρ,
1295 3704 1378 3759 ὅτι
1403 3705 1463 3771 ἐξ
1505 3705 1676 3759 Ἰούδα
1699 3707 1834 3760 ἀναο

230 3790 475 3847 τέταλκεν
513 3794 547 3845 ὁ
584 3792 819 3863 Κύριος.
855 3812 876 3845 ι
936 3793 1061 3852 Ὅτι
1106 3794 1165 3847 δὲ
1206 3796 1300 3850 καὶ
1356 3795 1417 3850 τὺ
1463 3798 1699 3869 πρᾶγμα
1759 3798 1834 3868 μὴ

225 3883 429 3952 ἀγνοεῖν
470 3888 815 3954 ἀναγκαῖον,
838 3885 1090 3940 ἐντεῦθεν
1118 3887 1272 3942 ἔσται
1303 3889 1637 3958 καταφανές.
1665 3890 1836 3946 Ὅταν

221 3974 325 4048 γὰρ
356 3978 405 4029 οἱ
434 3978 737 4048 προφῆται
760 3977 829 4030 τὰ
845 3978 975 4048 περὶ
995 3977 1089 4031 τοῦ
1112 3978 1366 4051 Σωτῆρος
1391 3998 1568 4053 προκη
1579 3981 1834 4052 ρύττωσι,

221 4070 309 4121 καὶ
339 4071 369 4122 ὁ
402 4071 515 4140 μὲν
544 4069 711 4140 λέγῃ·
739 4087 761 4121 ‹
805 4069 938 4123 Ἰδοὺ
974 4070 1007 4142 ἡ
1051 4071 1324 4142 παρθένος
1352 4075 1410 4127 ὲν
1428 4074 1637 4146 γαστρὶ
1660 4074 1830 4139 ἕξει-ι

216 4160 454 4231 ἑτέρωθι
475 4161 539 4213 δὲ
582 4161 771 4224 πάλιν,
811 4179 830 4213 r
854 4160 942 4224 Ὠς
966 4162 1238 4233 πρόϐατον
1261 4163 1356 4217 ἐπὶ
1387 4164 1602 4235 σφαγὴν
1633 4164 1830 4236 ἦχθηοι

218 4254 308 4305 καὶ
340 4253 426 4325 μὴ
458 4253 679 4323 κυρίως
701 4252 775 4306 τὰ
802 4252 1030 4308 τοιαῦτα
1056 4256 1244 4326 νοῆται
1273 4257 1403 4329 περὶ
1433 4256 1706 4329 Χριστοῦ,
1740 4274 1839 4330 μα-

216 4344 353 4415 κράν
393 4361 517 4397 που
575 4345 682 4416 τῆς
719 4344 981 4417 ἀληθείας
1016 4347 1045 4399 ὀ
1095 4345 1220 4412 νοῦς
1249 4349 1553 4420 οἰχήσεται,
1596 4350 1691 4403 καὶ
1727 4348 1837 4404 τῶν

217 4435 473 4489 εὐσεϐῶν
501 4435 1305 4510 ὲκπετασθήσεταινοημάτων.
1339 4436 1640 4506 ’Δναγκαία
1662 4438 1838 4494 τοίνυν

215 4526 319 4579 τῶν
348 4525 685 4598 εἰρημένων
711 4526 745 4597 ἡ
774 4526 1123 4598 ὲπιτήρησις.
1165 4526 1639 4600 Ἐπιτηρηθέντων
1660 4527 1839 4583 τοίνυν

1940 3335 2055 3388 ait:
2091 3350 2110 3385 ι
2136 3331 2247 3388 Oro
2281 3341 2354 3397 te,
2390 3331 2458 3386 de
2482 3344 2592 3401 quo
2622 3330 2867 3401 loquitur
2895 3331 3164 3400 propheta
3194 3327 3318 3381 ?.de
3350 3326 3531 3397 seipso

1941 3434 2037 3481 ant
2068 3426 2133 3482 de
2154 3425 2262 3481 alio
2289 3425 2472 3496 aliquo
2498 3424 2591 3479 ’3?
2629 3442 2648 3478 ι
2679 3424 2787 3479 Aut
2817 3424 3039 3494 quando
3082 3422 3284 3476 Paulus
3329 3421 3533 3475 Serva-

1944 3518 2076 3573 loris
2092 3532 2381 3587 personam
2407 3517 2632 3588 intelligi
2666 3516 2874 3582 volens,
2894 3515 3066 3571 dicit:
3098 3533 3118 3567 r
3155 3512 3231 3569 De
3253 3528 3361 3584 quo
3383 3513 3531 3567 enim

1941 3609 2060 3665 hzec
2103 3610 2386 3674 dicuntur,
2435 3608 2482 3663 is
2516 3609 2584 3665 de
2625 3608 2731 3663 alia
2776 3609 2923 3665 tribu,
2953 3614 3053 3662 est.
3083 3606 3428 3661 Manifestum
3450 3614 3536 3661 est

1941 3703 2084 3772 quod
2125 3718 2193 3758 ex
2222 3702 2358 3758 .luda
2389 3710 2547 3758 ortus
2581 3712 2661 3758 est
2703 3701 2964 3757 Dominus
2995 3702 3066 3757 τι.
3104 3719 3123 3752 ι
3159 3699 3312 3767 Quod
3351 3707 3534 3753 autem

1943 3809 2166 3851 necesse
2204 3796 2276 3850 sit
2309 3811 2424 3850 rem
2459 3795 2631 3867 ipsam
2658 3809 2763 3850 non
2798 3795 3076 3866 ignorare,
3126 3793 3254 3848 inde
3295 3798 3534 3847 constat.

1944 3887 2172 3954 Quando
2207 3887 2353 3941 enim
2408 3888 2690 3958 praphetae
2716 3925 2734 3951 ,
2770 3900 2892 3954 quae
2926 3884 2993 3938 ad
3030 3882 3310 3937 Christum
3366 3881 3536 3949 perti-

1945 3987 2097 4044 nent,
2158 3979 2484 4049 praedicunt,
2525 3988 2693 4048 atque
2730 3978 2820 4032 hic
2859 3976 3078 4046 quidem
3120 3974 3256 4029 dicit
3295 3989 3309 4025 :
3345 3990 3363 4024 ι
3397 3972 3539 4027 Ecce

1947 4070 2112 4141 200
2158 4069 2312 4140 virgo
2358 4069 2415 4123 in
2461 4078 2620 4123 utero
2670 4066 2949 4135 concipiet
2989 4064 3072 4131 ⁸⁰;
3126 4082 3146 4116 ι
3176 4062 3302 4118 alibi
3344 4077 3473 4116 vero
3520 4080 3536 4117 :

1951 4179 1970 4213 ι
2002 4161 2156 4214 Sicut
2180 4158 2299 4213 ovis
2349 4157 2544 4213 ductus
2582 4156 2649 4211 ad
2676 4155 3006 4211 occisionem
3043 4152 3113 4219 ⁸³,
3138 4171 3158 4205 ι
3189 4151 3293 4207 nisi
3321 4151 3541 4222 proprie

1945 4252 2063 4308 haec
2098 4250 2165 4306 de
2193 4249 2416 4305 Christo
2450 4247 2865 4319 intelligantur,
2903 4259 3104 4301 sensus
3162 4244 3320 4314 longe
3367 4257 3398 4297 a
3441 4257 3537 4297 νος

1947 4344 2110 4400 ritate
2131 4342 2433 4409 aberrabit,
2484 4351 2539 4395 et
2578 4354 2609 4395 a
2642 4339 2745 4410 piis
2792 4336 3230 4410 cogitationibus
3264 4333 3536 4391 deﬂectet.

1946 4437 2266 4502 Necessaria
2295 4435 2463 4506 igitur
2492 4440 2575 4489 est
2598 4418 2787 4488 eorum
2830 4446 2951 4502 quae
2991 4429 3250 4486 dicuntur
3289 4425 3538 4484 conside-

1949 4533 2109 4587 ratio.
2145 4529 2351 4603 Siquis
2384 4542 2515 4598 ergo
2552 4532 2804 4582 accurate
2849 4525 3253 4580 animadvertat
3299 4532 3535 4592 tempus,

218 4620 482 4692 ἀκριϐῶς
513 4617 741 4691 καιροῦ,
803 4619 897 4673 καὶ
941 4619 1238 4692 προσώπου
1263 4661 1278 4686 ,
1332 4622 1427 4675 καὶ
1478 4621 1836 4693 πράγματος,

1945 4636 2260 4694 personam,
2291 4629 2346 4675 et
2377 4635 2514 4686 rem,
2573 4618 2675 4674 hoc
2704 4633 2733 4672 a
2770 4617 2939 4673 Paulo
2985 4616 3194 4671 dictum
3230 4628 3357 4669 esse
3384 4629 3536 4669 com»

219 4712 601 4785 εὖρεθήσεται
646 4709 818 4764 ταῦτα
862 4711 1040 4780 λέγων
1084 4713 1113 4765 ὁ
1165 4712 1396 4779 Παῦλος,
1442 4714 1523 4768 ὅτι
1585 4713 1652 4767 δι’
1692 4716 1842 4786 ἡμᾶς

221 4804 668 4879 ὲνηνθρώπησεν
692 4804 723 4855 ὁ
749 4802 845 4857 τοῦ
872 4803 1009 4858 Θεοῦ
1054 4805 1248 4874 Λόγος,
1281 4807 1369 4859 ὅτε
1409 4807 1517 4860 τῶν
1554 4808 1842 4881 ἁμαρτιῶν

223 4894 378 4964 ἡμῶν
412 4892 778 4966 καθαρισμὸν
798 4893 1166 4966 ποιησάμενος
1196 4895 1452 4950 ἐκάθισεν
1476 4898 1534 4951 ὲν
1562 4896 1711 4970 δεξιᾷ
1740 4900 1841 4970 τῆς

230 4986 643 5058 μεγαλωσύνης
668 4987 740 5040 ὲν⁴
787 4986 1032 5059 ὑψηλοῖς,
1063 4989 1184 5042 τότε
1209 4988 1475 5059 κρείττων
1502 4991 1696 5059 γέγονε
1731 4991 1840 5045 τῶν

232 5080 509 5149 ἀγγέλων*
536 5078 605 5132 οὐ
632 5079 732 5148 τὴν
760 5079 922 5148 φύσιν
956 5081 1038 5144 είς
1087 5081 1277 5154 ἕτερόν
1314 5099 1368 5136 τι
1421 5083 1767 5164 μεταϐαλὼν,
1805 5085 1838 5156 ἢ

232 5171 359 5244 ὅπερ
386 5174 501 5227 οὐκ
522 5171 603 5226 ὢν
628 5172 884 5241 φαίνεται
916 5173 1206 5245 πρότερον,
1234 5173 1462 5247 ὕστερον
1496 5175 1759 5246 γεγονώς⁹
1780 5177 1840 5231 οὐ

227 5261 334 5333 γὰρ
360 5263 505 5335 περὶ
530 5262 633 5334 τῆς
665 5261 886 5333 φύσεως
904 5264 1001 5319 τοῦ
1035 5264 1169 5319 Υίοῦ
1202 5266 1299 5321 νῦν
1325 5269 1353 5322 ὁ
1394 5267 1554 5337 λόγος
1594 5270 1713 5323 ἐστὶ
1763 5268 1843 5341 τῷ

230 5357 461 5426 Παύλῳ,
492 5356 635 5410 ἀλλὰ
672 5357 803 5428 περὶ
847 5358 1176 5430 πράγματος
1210 5358 1506 5433 γενομένου
1558 5362 1618 5415 ὲν
1662 5363 1844 5436 καιρῷ

232 5449 332 5519 τῆς
366 5448 870 5521 ὲνανθρωπήσεως.
914 5450 1126 5505 Οὐκοῦν
1166 5453 1226 5506 οὐ
1283 5456 1351 5525 τῇ
1397 5453 1556 5523 φύσει
1609 5455 1720 5509 τῶν
1747 5456 1847 5525 ἁγ-

234 5540 414 5606 γέλων
441 5540 544 5611 τὴν
563 5539 661 5593 τοῦ
690 5538 822 5593 Υίοῦ
857 5540 1018 5612 φύσιν
1039 5543 1427 5615 συγκρίνεσθαι
1451 5546 1642 5614 θέλων,
1664 5548 1848 5619 κρείτ-

238 5648 370 5685 τονα
415 5631 530 5684 τῶν
587 5629 842 5699 ἀγγέλων
900 5632 1064 5686 αὐτὸν
1096 5634 1426 5705 γεγενῆσθαί
1460 5655 1649 5708 φησιν,
1710 5637 1847 5701 ἀλλὰ

333 5791 379 5867 ξε
411 5791 577 5845 llebr.
609 5807 662 5867 ι,
683 5791 738 5856 5,
771 5789 825 5867 _4_.
856 5856 872 5867 _
910 5789 958 5821 ⁷⁸
988 5789 1178 5867 Mattlt_.
1210 5807 1357 5867 utv,
1388 5796 1443 5857 5.
1532 5800 1575 5830 ⁷⁷
1602 5797 1645 5853 ll
1678 5797 1816 5855 Tim.

1960 5798 2047 5866 17,
2084 5798 2169 5856 18.

248 5864 296 5895 ⁵⁸
328 5857 432 5916 ιω.
464 5875 567 5928 vn,
600 5860 692 5915 H.
771 5861 831 5893 εί·
856 5856 959 5917 lsn.
990 5876 1110 5930 LIII,
1145 5862 1197 5917 7.

1947 4717 2142 4789 periet,
2169 4714 2407 4771 Verbum
2463 4712 2559 4768 Dei
2593 4719 2817 4782 propter
2870 4725 2969 4765 nos
3007 4710 3353 4763 inearnatum
3391 4721 3537 4771 esse,

1951 4808 2169 4879 quando
2214 4805 2457 4877 purgatis
2497 4803 2738 4876 peccatis
2783 4801 2988 4858 nostris
3037 4800 3179 4855 sedit
3219 4799 3273 4853 in
3314 4800 3542 4854 dextera

1949 4898 2253 4971 maiestatis
2285 4899 2338 4953 in
2364 4897 2639 4988 excelsis;
2690 4904 2822 4951 tunc
2863 4894 3057 4950 melior
3105 4891 3313 4964 angelis
3356 4892 3535 4947 factus

1948 5002 2032 5049 est
2065 5012 2079 5048 :
2117 5007 2226 5048 non
2266 4987 2477 5047 natura
2507 4991 2678 5061 ipsius
2706 4991 2760 5045 in
2800 4988 2946 5044 aliud
2974 4987 3281 5059 quidpiam'
3304 4994 3511 5040 mutata
3533 5031 3548 5052 ,

1950 5085 2216 5155 autquod
2257 5093 2419 5139 antea
2457 5099 2566 5139 non
2596 5090 2755 5150 erat,
2801 5091 2991 5152 postea
3036 5081 3305 5147 effectus;
3354 5094 3534 5148 neque

1948 5180 2092 5234 enim
2118 5178 2320 5233 Paulus
2356 5192 2501 5233 nunc
2535 5178 2600 5233 de
2624 5186 2818 5231 natura
2855 5174 2982 5230 Filii
3028 5175 3293 5245 loquitur,
3348 5172 3443 5229 sed
3484 5175 3550 5227 dc

1952 5286 2010 5327 re
2040 5285 2160 5340 quae
2187 5270 2329 5325 facta
2359 5278 2444 5324 est
2477 5277 2725 5338 tempore
2770 5267 3189 5322 incarnationis.
3217 5266 3335 5321 Non
3375 5264 3542 5336 igitur

1952 5371 2205 5417 naturam
2234 5360 2360 5417 Filii
2419 5375 2542 5415 cum
2601 5368 2796 5414 natura
2843 5357 3161 5430 angelorum
3220 5370 3547 5426 comparare

1956 5453 2163 5519 volens,
2190 5453 2641 5525 praestantiorem.
2671 5452 2846 5521 ipsum
2867 5450 3079 5520 angelis
3125 5449 3382 5504 eﬂectum
3427 5463 3548 5503 esse

1956 5547 2054 5614 ait,
2087 5549 2182 5603 sed
2214 5560 2302 5602 res
2334 5555 2495 5616 atque
2547 5542 2794 5599 actiones
2844 5542 2987 5596 inter
3016 5554 3076 5597 se
3109 5549 3413 5611 comparat,
3457 5550 3545 5594 at-

1953 5656 2060 5709 que
2091 5640 2192 5695 hac
2223 5639 2431 5694 ratione
2463 5633 2901 5707 praestantiorem
2939 5633 3143 5689 factum
3173 5648 3296 5689 esse
3349 5631 3542 5689 Filium

2271 5798 2318 5830 ⁷⁸
2345 5798 2464 5853 Act.
2504 5810 2621 5862 vm,
2653 5794 2741 5850 '51.
2830 5792 2878 5827 '9
2916 5790 3080 5850 Hebr.
3130 5807 3226 5859 vn,
3277 5792 3337 5847 15
3464 5788 3547 5848 ιε.
