3996 6406
457 419 560 478 5'59

1495 413 1553 470 S.
1593 413 1873 470 CYliILLl
1913 416 2390 473 ALEXANDRINI
2435 412 2737 471 ARCIHEP

3636 417 3746 474 340

456 538 714 596 ostendit.
751 536 847 593 Est
879 551 1010 592 vero
1039 534 1130 592 hic
1184 531 1314 589 dicti
1364 545 1558 587 sensus
1619 550 1632 586 :
1683 530 1879 585 Paulus
1919 545 2043 585 cum

2157 532 2498 603 πραγμάτων
2563 533 2800 587 ποιεῖται
2860 532 3150 606 σύγκρισιν
3174 551 3191 567 ο
3241 535 3339 588 καὶ
3387 534 3534 590 κατὰ
3582 534 3746 590 τοῦτο

458 630 701 686 Hebraeis
720 631 1016 694 disserens,
1036 638 1343 695 magnaque
1375 622 1628 677 libertate
1656 624 2042 676 demonstrare

458 721 650 777 volens
704 718 1066 774 ministerium
1112 714 1316 769 Christi
1362 712 1717 783 praestantius
1768 712 1937 766 fuisse
1990 719 2045 766 et

459 814 845 883 prophetarum
876 808 1135 864 missione
1179 816 1237 862 et
1261 805 1740 861 administratione
1783 804 1917 875 legis
1947 818 2046 873 per

458 907 680 978 angelos
728 905 891 969 facta,
931 917 995 958 ex
1037 900 1300 971 dignitate
1346 913 1711 968 personarum
1752 910 2042 967 compara-

459 1001 660 1055 tionem
693 996 844 1061 facit,
872 1003 928 1052 et
957 994 1171 1066 inquit:
1211 1012 1229 1044 ι
1266 992 1407 1049 Olim
1442 989 1585 1046 Deus
1609 990 1841 1060 loquens
1875 988 2041 1061 patri-

459 1093 560 1148 bus
601 1091 655 1146 in
713 1088 1019 1161 prophetis,
1065 1086 1383 1142 novissimis
1432 1085 1553 1140 istis
1601 1083 1792 1139 diebus
1833 1082 2047 1138 locutus

457 1195 541 1243 est
570 1184 728 1241 nobis
758 1184 811 1239 in
861 1183 1021 1245 Filio.
1048 1196 1209 1253 quem
1259 1178 1544 1236 constituit
1597 1176 1871 1232 hmredem
1921 1176 2045 1229 uni-

457 1294 761 1344 versorum,
800 1292 899 1347 per
932 1291 1093 1346 quem
1134 1273 1264 1330 fecit
1290 1283 1345 1328 et
1389 1273 1611 1329 saecula.
1670 1270 1773 1338 Qui
1814 1284 1939 1324 cum
1973 1270 2047 1324 sit

458 1371 713 1442 splendor
764 1370 994 1440 glorias,
1050 1378 1108 1422 et
1152 1366 1443 1422 character
1500 1362 1828 1418 substantiae
1877 1359 1997 1431 ejus
2026 1398 2042 1424 ,

457 1475 792 1536 portansque
824 1463 1008 1516 omnia
1037 1458 1216 1517 Verbo
1248 1457 1466 1513 virtutis
1490 1470 1621 1520 suae,
1657 1453 2039 1525 purgationem

461 1564 807 1625 peccatorum
845 1554 1072 1618 faciens,
1100 1551 1256 1607 sedet
1297 1550 1366 1604 ad
1403 1548 1686 1603 dexteram
1739 1544 2045 1616 maiestatis

462 1653 514 1704 in
545 1648 774 1705 excelsis
805 1647 875 1703 ".
932 1664 951 1699 ι
1000 1645 1137 1701 Cum
1186 1644 1350 1713 igitur
1395 1652 1599 1697 tantam
1641 1638 1867 1709 gloriam
1907 1637 2049 1696 Filio

460 1740 723 1806 ascribit,
754 1748 809 1795 et
856 1753 976 1812 quas
1015 1745 1226 1791 natura:
1278 1733 1460 1819 Patris
1498 1731 1715 1802 propria
1770 1740 1898 1786 sunt
1945 1729 2046 1800 ipsi

460 1829 838 1885 accommodat
880 1844 895 1882 :
931 1838 1059 1883 tunc
1094 1825 1246 1881 illum
1278 1832 1431 1879 tanto
1464 1823 1906 1893 prastantioreun
1949 1837 2049 1875 au-

2145 623 2432 694 κρείττονα
2473 621 2567 678 τὸν
2614 621 2746 677 Υἱὸν
2800 622 3055 692 γενέσθαι
3113 622 3298 693 φησίν.
3330 623 3526 677 Ἔσται
3559 623 3618 677 δὲ
3645 621 3744 677 τοῦ

2144 714 2438 787 λεγομένου
2464 715 2704 780 τοιοῦτος
2731 716 2761 769 ὁ
2792 716 2937 781 νοῦς·
2971 715 3032 771 Ὀ
3064 716 3276 781 Παῦλος
3316 714 3590 788 Ἑϐραίοις
3626 716 3748 770 δια-

2144 807 2439 879 λεγόμενος
2483 808 2578 862 καὶ
2633 806 2771 877 μετὰ
2821 807 3027 880 πολλῆς
3078 808 3403 883 παρρησίας
3456 807 3747 874 ἀποδεῖξαι

2147 898 2455 971 βουληθεὶς,
2505 899 2588 953 ὅτι
2639 899 2907 971 κρείττων
2927 900 3078 955 ἐστὶν
3134 902 3169 972 ἡ
3222 899 3463 973 Χριστοῦ
3495 900 3749 955 διακονία

2146 990 2243 1044 καὶ
2274 991 2374 1062 τῆς
2406 989 2518 1046 τῶν
2540 990 2842 1063 προφητῶν
2892 991 3202 1063 ἀποστολῆς
3230 993 3325 1047 καὶ
3358 992 3452 1048 τοῦ
3485 992 3749 1065 διακονη-

2148 1082 2333 1143 θέντος
2352 1081 2422 1137 δι’
2446 1082 2695 1152 ἀγγέλων
2754 1083 2947 1155 νόμου,
3003 1084 3113 1139 ἀπὸ
3153 1085 3253 1156 τῆς
3290 1084 3402 1139 τῶν
3429 1085 3751 1156 προσώπων

2148 1175 2302 1242 ἀξίας
2333 1176 2568 1231 ποιεῖται
2596 1176 2697 1249 τὴν
2724 1176 3035 1249 σύγκρισιν,
3070 1176 3164 1232 καί
3196 1194 3352 1249 φησι·
3387 1196 3407 1227 ι
3436 1178 3615 1233 Πάλαι
3643 1176 3751 1233 λα-

2147 1265 2320 1339 λήσας
2357 1267 2387 1320 ὁ
2433 1264 2567 1331 Θεὸς
2614 1268 2731 1330 τοῖς
2767 1266 3043 1339 πατράσιν
3082 1267 3244 1339 ἡμῶν
3297 1269 3355 1321 ἐν
3388 1270 3500 1332 τοῖς
3525 1272 3747 1341 προφή-

2147 1374 2288 1423 ταις,
2340 1357 2427 1412 ἐπ’
2482 1357 2716 1430 ἐσχάτου
2769 1357 2879 1413 τῶν
2945 1359 3170 1431 ἡμερῶν
3235 1361 3444 1416 τούτων
3477 1360 3751 1431 ἐλάλησεν

2150 1454 2281 1525 ἡμῖν
2310 1453 2369 1506 ἐν
2400 1450 2535 1524 Υίῷ,
2566 1452 2626 1507 ὃν
2683 1452 2849 1524 ἔθηκε
2900 1451 3239 1525 κληρονόμον
3293 1452 3533 1522 πάντων,
3585 1454 3655 1508 δι’
3683 1449 3751 1509 οὗ

2148 1544 2244 1599 καὶ
2282 1545 2509 1615 ἐποίησε
2541 1543 2669 1609 τοὺς
2726 1543 2949 1609 αίῶνας.
2999 1546 3096 1608 ’ος
3136 1543 3212 1598 ῶν
3265 1543 3611 1616 ἀπαύγασμα
3645 1546 3752 1617 τῆς

2147 1635 2307 1709 δόξης
2334 1638 2429 1692 καὶ
2450 1637 2741 1709 χαρακτὴρ
2765 1637 2867 1709 τῆς
2886 1636 3237 1703 ὑποστάσεως
3261 1637 3450 1706 αὐτοῦ,
3476 1641 3662 1711 φέρων
3687 1657 3753 1693 τε

2148 1730 2219 1785 τὰ
2245 1728 2424 1783 πάντα
2467 1727 2547 1800 τῷ
2604 1730 2811 1802 ῥήματι
2854 1729 2954 1802 τῆς
3010 1729 3300 1801 δυνάμεως
3346 1731 3535 1796 αὐτοῦ,
3570 1731 3750 1786 καθα-

2154 1821 2347 1893 ρισμὸν
2366 1820 2477 1877 τῶν
2504 1820 2794 1894 ἁμαρτιῶν
2814 1822 3206 1894 ποιησάμενος,
3225 1822 3480 1881 ἐκάθισεν
3511 1823 3569 1878 ἐν
3596 1822 3755 1896 δεξιᾷ

460 1921 593 1994 gclis
621 1920 823 1977 factum
848 1936 966 1976 esse
994 1922 1091 1987 ait,
1112 1928 1316 1990 quanto
1338 1919 1504 1974 etiam
1542 1916 1895 1987 praestantius
1924 1930 2037 1987 pra:

2157 1912 2239 1967 τοῦ
2266 1913 2457 1986 θρόνου
2489 1913 2591 1985 τῆς
2623 1912 3017 1985 μεγαλωσύνης
3037 1915 3096 1967 ἐν
3129 1913 3377 1986 ὑψηλοῖς.
3405 1934 3424 1967 ι
3457 1914 3751 1988 Τοσαύτην

461 2016 571 2071 illis
601 2030 797 2071 nomen
829 2022 913 2069 est
940 2014 1190 2083 adeptus,
1225 2017 1422 2081 utpote
1448 2008 1643 2075 Filius,
1680 2016 1737 2064 et
1761 2009 1958 2074 haeres,
1991 2017 2048 2063 et

457 2107 733 2179 splendor,
762 2114 820 2161 et
853 2106 1164 2170 character,
1205 2114 1262 2160 et
1285 2105 1486 2175 imago.
1510 2111 1568 2158 et
1594 2102 1648 2157 in
1678 2101 1876 2157 eodem
1902 2098 2043 2156 solio

457 2203 676 2267 sedens,
708 2209 764 2254 et
802 2209 1038 2254 creator.
1072 2197 1240 2269 Atqui
1260 2196 1305 2252 si
1337 2209 1438 2267 per
1483 2195 1602 2250 haec
1646 2192 1819 2249 multo
1864 2189 2046 2247 excel-

457 2290 661 2345 lentior
683 2289 890 2358 angelis
938 2298 1217 2356 censetur,
1264 2284 1621 2342 excellentior
1669 2284 1837 2340 etiam
1876 2282 2047 2352 ipsius

458 2384 567 2438 erit
602 2381 1004 2438 administratio
1038 2394 1200 2450 quam
1225 2380 1461 2434 illorum.
1508 2376 1645 2433 Cum
1678 2390 1807 2432 vero
1845 2375 2043 2431 dicitur

460 2472 637 2529 factus
664 2488 808 2537 esse,
837 2489 944 2527 non
979 2472 1126 2543 quod
1161 2486 1224 2526 ex
1270 2469 1443 2525 nihilo
1489 2468 1555 2523 ad
1597 2482 1717 2523 esse
1763 2464 2050 2521 traductus

459 2567 534 2621 sit
571 2565 913 2635 signiﬁcatur
940 2565 1100 2635 (erat
1128 2562 1274 2617 enim
1314 2557 1549 2615 Verbum
1574 2558 1626 2613 in
1651 2556 1919 2625 principio
1952 2554 2048 2626 ⁸³),

462 2673 639 2728 neque
689 2658 833 2727 quod
870 2672 899 2711 α
943 2656 1153 2710 minore
1183 2655 1238 2710 in
1282 2653 1461 2723 majus
1492 2657 1737 2707 mutatus
1775 2651 1848 2705 sit
1901 2647 2051 2720 (per-

463 2752 641 2805 l'ectus
666 2760 671 2765 '
696 2751 841 2807 enim
878 2759 960 2804 est
1011 2747 1187 2803 Filius
1228 2761 1297 2801 ex
1338 2746 1586 2817 perfecto
1658 2740 1910 2813 Patre),
1952 2738 2048 2794 sed

461 2840 607 2908 quod
632 2840 799 2894 veluti
822 2856 888 2894 ex
910 2835 1318 2907 comparatione
1343 2835 1530 2905 gloriae
1557 2841 1613 2889 et
1631 2829 1915 2903 dignitatis
1937 2844 2051 2882 ma-

457 2934 548 3000 jus
569 2933 800 3007 etzol
833 2933 1011 2987 minus
1032 2939 1312 3002 appareat.
1354 2926 1830 2998 Quemadmodum
1859 2924 1904 2979 si
1925 2921 2051 2993 quis

461 3024 738 3082 hominem
778 3040 921 3096 equo
954 3025 1221 3090 conferat,
1260 3024 1407 3080 dicat
1436 3021 1505 3076 ah
1529 3035 1596 3076 eo
1642 3018 1734 3089 qui
1763 3016 2050 3072 aestimarit

462 3116 738 3174 hominem
769 3118 1207 3190 praestantiorem
1248 3115 1476 3180 factum,
1529 3113 1657 3183 quia
1708 3112 1779 3166 sit
1821 3108 2052 3165 rationis

461 3214 755 3284 particeps.
804 3211 941 3266 Nam
974 3210 1118 3281 quod
1150 3210 1254 3263 hoc
1281 3206 1505 3283 verbum
1531 3205 1649 3273 ﬁeri
1702 3219 1806 3259 non
1832 3214 2051 3268 semper

464 3270 688 3362 natura;
725 3270 1083 3361 mutationem
1141 3280 1438 3369 signiticet,
1484 3296 1834 3353 manifestum
1889 3270 2121 3346 fueritC

463 3416 531 3456 ex
567 3400 770 3454 Davide
801 3398 1017 3453 dicente
1044 3396 1113 3450 ad
1148 3394 1317 3451 Deum
1349 3411 1362 3448 ι
1393 3410 1413 3443 ι
1445 3390 1573 3449 Fias
1601 3389 1732 3446 mihi
1786 3389 1838 3441 in
1886 3386 2053 3441 Deum

462 3502 838 3565 protectorem
865 3491 951 3558 3‘;
981 3508 1000 3542 ι
1025 3498 1081 3545 et
1122 3503 1337 3544 rursum
1363 3500 1379 3541 :
1418 3504 1437 3538 ο
1461 3484 1760 3542 Factusest
1790 3480 1920 3535 mihi
1944 3478 2053 3534 Do~

464 3587 648 3641 minus
672 3585 726 3639 in
749 3582 981 3638 salutem
1005 3582 1090 3647 3';
1126 3599 1147 3635 ι
1176 3588 1231 3636 et
1261 3598 1276 3635 :
1316 3597 1335 3631 ι
1360 3577 1562 3634 Factus
1588 3585 1671 3631 est
1702 3573 1831 3630 mihi
1866 3570 2051 3627 Domi-

463 3694 569 3734 nus
603 3678 657 3731 in
710 3676 977 3745 refugium
1020 3676 1090 3728 ⁸⁶.
1140 3693 1160 3727 ι
1214 3667 1728 3728 Administrationis
1773 3667 1941 3738 igitur
1992 3673 2050 3720 et

462 3768 673 3840 gloria.
710 3783 816 3822 nm!
842 3776 1054 3827 natura:
1094 3768 1148 3821 in
1191 3765 1330 3822 Filio
1385 3763 1453 3821 ad
1495 3759 1723 3833 angelos
1765 3772 2051 3829 compara-

463 3861 539 3917 tio
566 3861 644 3917 lit.

463 4066 724 4135 Exempla
756 4065 947 4137 quibus
976 4064 1283 4137 declaratur-
1314 4073 1489 4137 u_oo_e_m
1518 4059 1676 4120 hanc,
1715 4053 1991 4137 ιχιιείὶυϊ,Δ
2027 4069 2046 4104 t

535 4140 593 4193 in
626 4124 782 4191 ἑπτά
813 4133 1090 4205 Scriptura
1120 4134 1283 4189 etiam
1314 4132 1379 4184 de
1408 4131 1474 4184 iis
1504 4142 1625 4201 quae
1646 4125 1877 4205 multum
1914 4124 2054 4205 inter

537 4225 591 4262 se
622 4207 844 4271 distant,
880 4195 971 4260 aut
997 4206 1201 4261 ratione
1236 4213 1464 4265 natura,
1492 4195 1587 4253 (iul
1621 4195 1927 4271 dignitatis,
1960 4204 2050 4248 aut

535 4269 838 4334 secundum
856 4291 1159 4333 mensuram
1183 4272 1373 4347 gratia:
1415 4269 1685 4339 usurpari.

532 4394 808 4463 Quantum
844 4394 911 4449 ad
940 4391 1174 4464 gratiam
1213 4405 1228 4442 :
1272 4404 1292 4443 ι
1330 4384 1520 4442 Melior
1562 4390 1646 4438 est
1690 4380 1806 4436 dies
1859 4394 1964 4434 una
1997 4379 2050 4430 in

463 4487 624 4543 atriis
650 4487 760 4542 tuis
783 4501 948 4557 super
975 4482 1125 4541 mille
1147 4482 1227 4549 ‘7;
1254 4500 1273 4536 ι
1313 4478 1447 4551 quid
1474 4475 1619 4533 enim
1657 4472 1867 4542 tequale
1897 4471 2054 4525 atriis

461 4581 780 4640 celestibus
813 4580 1047 4637 inveniri
1075 4575 1301 4650 potest?
1331 4572 1607 4643 Quantum
1658 4566 1725 4622 ad
1770 4565 2054 4622 dissimili-

462 4675 705 4731 tudinem
740 4683 951 4731 natum
977 4690 994 4733 :
1032 4690 1051 4726 ι
1086 4669 1336 4741 Accipite
1366 4662 1672 4723 doctrinam
1697 4699 1712 4725 ,
1739 4666 1796 4715 et
1816 4672 1923 4712 non
1960 4671 2053 4711 ar-

460 4777 719 4839 gentum;
751 4766 947 4821 melior
993 4763 1140 4821 enim
1192 4770 1279 4817 est
1320 4755 1587 4829 sapientia
1636 4765 1801 4823 quam
1844 4748 2053 4819 lapides

460 4857 618 4914 electi
648 4856 717 4911 “.
763 4874 785 4909 ι
823 4854 997 4909 lsaias
1048 4853 1115 4908 de
1160 4848 1430 4907 eunuchis
1455 4846 1626 4903 Deum
1665 4845 1935 4902 dicentem
1970 4841 2053 4896 in-

460 4950 657 5006 ducit:
688 4969 731 5004 «ο
751 4947 901 5004 Dabo
936 4947 1019 5002 eis
1051 4959 1252 5002 nomen
1293 4951 1584 5010 aeternum,
1618 4939 1760 5011 quod
1804 4945 1891 4994 est
1943 4948 2057 4989 mes»

462 5042 568 5098 lius
596 5057 761 5113 quam
794 5039 891 5095 lilii
934 5048 993 5095 et.
1035 5038 1163 5095 tiliae
1196 5036 1267 5091 ".
1296 5053 1320 5089 ι
1357 5032 1550 5093 Melius
1584 5033 1790 5102 itaque,
1840 5044 1949 5085 non
1986 5027 2054 5081 de

462 5134 656 5204 quavis
686 5131 1017 5197 dill'erentia,
1049 5128 1148 5185 sed
1191 5127 1260 5185 de
1295 5141 1492 5198 magna
1529 5133 1586 5185 et
1633 5118 2049 5195 incomparabili

468 5238 841 5297 Nepenumero
872 5222 1193 5280 excellentia
1224 5220 1446 5278 dicitur.

774 5338 1012 5407 ALIUD,
1038 5338 1098 5395 in
1126 5338 1367 5397 eamdem
1388 5338 1727 5393 sententiam.

535 5456 738 5513 Beatus
792 5453 996 5511 Paulus
1042 5468 1202 5510 suum
1262 5453 1434 5523 ipsius
1486 5452 1690 5515 dictum
1747 5448 2050 5522 explicans,

463 5546 1015 5621 manifestissimeque
1035 5547 1331 5603 ostendens
1354 5545 1611 5616 quidnam
1630 5544 1706 5601 sit
1724 5542 1852 5609 hoc,
1886 5561 1906 5594 ‹
1938 5540 2053 5596 Me-

465 5640 569 5700 lior
606 5639 786 5699 factus
835 5638 1042 5711 angelis
1067 5638 1154 5706 ³⁶,
1208 5656 1227 5691 ι
1269 5638 1335 5693 ad
1379 5651 1442 5693 ea
1494 5649 1616 5706 quae
1657 5632 1800 5689 dixit
1832 5632 2000 5688 int‘ert
2036 5651 2049 5688 :

2147 2005 2329 2061 τοίνυν
2348 2006 2595 2078 περιθεὶς
2618 2006 2695 2079 τῷ
2718 2006 2834 2078 Υἱῷ
2854 2005 2953 2079 τὴν
2972 2006 3157 2089 δόξαν,
3187 2006 3285 2062 καὶ
3314 2008 3383 2062 τά
3409 2008 3510 2079 τῆς
3527 2007 3751 2078 φύσεως

2148 2096 2243 2152 τοῦ
2276 2098 2493 2170 Πατρός
2525 2096 2637 2155 ίδια
2671 2096 2961 2170 προσάψας
2998 2098 3172 2171 αὐτῷ,
3216 2099 3342 2154 τότε
3385 2100 3520 2172 φησὶ
3561 2101 3751 2172 κρείτ-

2147 2205 2279 2246 τονα
2297 2189 2553 2258 γενέσθαι
2574 2189 2684 2244 τῶν
2712 2190 2985 2262 ἀγγέλων,
3006 2191 3118 2264 ὅσῳ
3138 2192 3236 2246 καὶ
3258 2190 3449 2264 μεῖζον
3473 2192 3586 2263 ἔχει
3612 2194 3751 2264 παρ’

2150 2283 2397 2349 ἐκείνους
2445 2283 2508 2339 τὸ
2557 2283 2753 2355 ὄνομα,
2814 2284 2890 2348 ὼς
2941 2285 3071 2350 Υἱὸς
3110 2285 3205 2339 καὶ
3260 2286 3621 2357 κληρονόμος,
3653 2285 3745 2340 καὶ

2151 2378 2518 2449 ἀπαύγασμα,
2540 2379 2635 2432 καὶ
2654 2378 2965 2452 χαρακτὴρ,
2992 2379 3088 2433 καὶ
3107 2377 3292 2445 εἰκὼν,
3312 2379 3407 2432 καὶ
3425 2379 3742 2451 ὁμόθρονος,

2150 2472 2245 2528 καὶ
2276 2473 2530 2544 ποιητής.
2560 2473 2625 2527 Ei
2655 2472 2713 2526 δὲ
2742 2471 2879 2526 πολὺ
2910 2471 3180 2543 κρείττων
3219 2472 3315 2525 καὶ
3340 2469 3750 2542 διαφορώτερος

2149 2562 2261 2617 τῶν
2285 2562 2540 2633 ἀγγέλων
2568 2561 2658 2618 διὰ
2676 2562 2851 2619 ταῦτα
2895 2566 3121 2630 νοεῖται,
3153 2563 3422 2635 κρείττων
3446 2562 3556 2633 ἄρα
3585 2563 3681 2617 καὶ
3715 2563 3755 2635 ἡ

2151 2655 2317 2711 αὐτοῦ
2349 2656 2448 2729 τῆς
2478 2656 2704 2712 ἐκείνων
2732 2656 3035 2723 διακονίας.
3066 2657 3335 2729 Σημαίνοι
3361 2657 3406 2711 δ’
3433 2656 3499 2711 ἂν
3520 2657 3757 2720 εἰκότως

2151 2748 2342 2805 ἐνθάδε
2367 2750 2430 2804 τὸ
2462 2767 2483 2803 ι
2509 2749 2754 2820 γέγονεν,
2783 2769 2801 2802 ι
2830 2751 2893 2805 ού
2920 2752 3019 2822 τὴν
3057 2753 3124 2805 ἐκ
3154 2750 3250 2805 τοῦ
3277 2749 3352 2823 μὴ
3376 2749 3530 2814 ὄντος
3568 2752 3650 2815 είς
3689 2748 3759 2805 τδ

2152 2835 2295 2896 εἶναι
2326 2843 2671 2916 παραγωγὴν
2700 2839 2800 2917 (ἦν
2825 2843 2935 2915 γὰρ
2966 2845 2995 2898 ό
3024 2844 3199 2912 Λόγος
3252 2845 3311 2898 ἐν
3353 2842 3572 2914 ἀρχῇ),
3624 2841 3757 2897 οὐδὲ

2149 2933 2251 3005 τὴν
2272 2932 2333 2999 ἐξ
2353 2934 2636 3000 ἐλάττονος
2660 2935 2741 3001 είς
2763 2954 2818 2991 τι
2845 2937 3029 3008 μεῖζον
3049 2935 3352 3010 μεταϐολὴν
3377 2934 3614 3004 (τέλειος
3636 2934 3758 3006 γὰρ

2152 3028 2219 3082 ἐκ
2247 3027 2457 3082 τελείου
2486 3029 2702 3101 Πατρδς
2734 3029 2982 3102 ὑπῆρχεν
3006 3032 3037 3084 ὁ
3066 3029 3218 3103 Υἱὸς)
3244 3070 3259 3094 ,
3315 3028 3432 3083 ἀλλ’
3465 3026 3659 3097 ῶσπερ
3690 3027 3757 3080 ἐν

2154 3119 2440 3192 συγκρίσει
2463 3119 2626 3193 δόξης
2653 3124 2750 3176 καὶ
2797 3122 3111 3194 ἀξιώματος
3129 3122 3192 3176 τὸ
3229 3120 3415 3194 μεῖζον
3438 3121 3534 3175 καὶ
3565 3120 3759 3190 κρείτο

2153 3230 2244 3267 τον
2275 3212 2464 3284 όφθέν.
2489 3213 2700 3286 Ὥσπερ
2727 3212 2795 3268 ἂν
2816 3213 2869 3268 εί
2894 3232 2979 3279 τις
3012 3215 3297 3288 ἄνθρωπος
3325 3214 3479 3285 ἵππῳ
3518 3211 3757 3283 συγκρί-

2155 3319 2319 3369 νοιτο,
2353 3303 2448 3357 καὶ
2473 3301 2687 3372 λέγοιτο
2735 3304 3001 3375 κρείττων
3044 3304 3211 3360 αὐτοῦ
3230 3303 3563 3375 γεγενῆσθαι
3597 3302 3759 3372 παρὰ

2154 3399 2269 3461 τοῖς
2291 3395 2648 3468 δοκιμάζουσι
2702 3396 2791 3451 διά
2815 3397 2878 3451 τὸ
2927 3395 3068 3452 είναι
3116 3397 3357 3467 λογικόν.
3384 3397 3509 3450 Ὅτι
3537 3395 3653 3467 γὰρ
3692 3394 3760 3449 τὸ

2153 3490 2438 3560 γενέσθαι
2467 3490 2531 3545 οὐ
2553 3492 2773 3556 πάντως
2821 3491 3041 3561 φύσεως
3092 3489 3352 3563 σημαίνει
3407 3487 3758 3560 μεταϐολὴν,

2156 3580 2427 3651 πρόδηλον
2455 3580 2611 3635 ἐσται
2637 3580 2728 3636 διὰ
2747 3581 2843 3636 τοῦ
2871 3582 3121 3651 λέγοντος
3151 3581 3289 3652 πρὸς
3324 3579 3481 3643 Θεόν,
3530 3598 3550 3631 ι
3584 3579 3758 3634 Pavo?)

2158 3690 2249 3745 μοι
2275 3674 2359 3736 εἰς
2383 3673 2519 3727 Θεὸν
2544 3674 2984 3746 ύπερασπιστήν·
3016 3692 3035 3725 ι
3068 3673 3166 3727 καὶ
3208 3672 3394 3726 πάλιν·
3430 3692 3449 3724 ι
3499 3670 3756 3739 Ἐγένετό

2158 3780 2250 3841 μοι
2277 3762 2484 3835 Κύριος
2546 3767 2627 3830 είς
2663 3764 3010 3835 καταφυγήν-
3046 3782 3065 3814 ι
3125 3761 3242 3828 καὶ,
3292 3781 3311 3815 ι
3357 3761 3614 3831 Ἐγένετό
3659 3776 3742 3831 μοι

2155 3854 2360 3928 Κύριος
2388 3858 2468 3920 είς
2518 3857 2816 3929 σωτηρίαν.
2854 3877 2874 3912 ι
2927 3857 3215 3921 Διακονίας
3259 3856 3369 3928 ἄρα
3410 3857 3508 3910 καὶ
3549 3854 3747 3927 δόξης,

2156 3948 2251 4002 καὶ
2276 3948 2340 4002 οὐ
2362 3948 2597 4019 φύσεως,
2626 3950 2703 4021 τῷ
2733 3949 2849 4021 Υίῷ
2875 3948 3012 4022 πρὸς
3049 3949 3317 4020 ἀγγέλους
3347 3950 3382 4020 ἠ
3411 3948 3729 4018 σύγκρισις.

2155 4060 2494 4132 Παρὰθεσις
2506 4060 2712 4129 ῥητῶν
2729 4062 3121 4132 σημαίνουσα
3150 4061 3240 4119 ὅτι
3263 4061 3382 4122 τὸ,‹
3403 4062 3716 4130 κρείττων,
3730 4079 3750 4111 ι

2299 4133 2433 4203 θεία
2464 4132 2676 4203 Γραφὴ
2716 4134 2819 4188 καί
2844 4133 3087 4187 ἐπὶτῶν
3113 4133 3275 4188 πολὺ
3301 4131 3751 4203 διεστηκότων,

2226 4202 2446 4273 ἣνκατὰ
2484 4200 2604 4257 τόγ’
2630 4203 2742 4270 τῆς
2797 4206 3043 4273 μύσεως
3101 4206 3311 4273 λόγον,
3366 4202 3581 4273 ἣκατὰ
3635 4200 3752 4269 τὴν

2228 4272 2413 4339 ἀξίαν
2435 4274 2699 4344 τίθησιν,
2727 4274 2765 4344 ἢ
2797 4272 2951 4331 κατὰ
2980 4274 3046 4329 τὸ
3084 4272 3307 4346 μέτρον
3334 4272 3445 4344 τῆς
3479 4272 3751 4344 χάριτος.

2230 4392 2393 4452 Ὅσον
2452 4391 2533 4456 είς
2562 4391 2661 4465 τὴν
2706 4392 2897 4464 χάριν·
2933 4410 2953 4445 ι
2992 4392 3282 4464 Κρείσσων
3315 4391 3501 4465 ἡμέρα
3552 4391 3658 4463 μία
3693 4393 3756 4445 ἐν

2154 4484 2276 4548 ταῖς
2306 4483 2501 4548 αὐλαῖς
2524 4500 2620 4547 σου
2661 4484 2803 4555 ὑπὲρ
2831 4482 3100 4555 χιλιάδαςο
3127 4503 3148 4539 ι
3196 4467 3256 4538 ’τί
3291 4485 3402 4557 γάρ
3456 4482 3571 4537 ίσον
3597 4483 3760 4538 ἔσται

2155 4574 2266 4629 τῶν
2293 4573 2472 4629 αὐλῶν
2500 4575 2609 4629 τῶν
2640 4574 2816 4630 οὐσῶν
2838 4577 2898 4630 ἐν
2920 4579 3034 4641 τοῖς
3056 4577 3336 4647 οὐρανοῖς;
3364 4575 3459 4639 Εἰς
3495 4574 3762 4645 ἀνομοιόο

2157 4682 2300 4739 τητα
2326 4665 2565 4735 φύσεωςο
2605 4685 2623 4719 ι
2662 4666 2871 4729 Λάϐετε
2904 4667 3146 4733 παιδίαν,
3175 4666 3269 4720 καὶ
3321 4665 3398 4738 μὴ
3446 4666 3716 4738 ἀργύριον
3738 4681 3755 4696 ο

2156 4757 2431 4832 κρείσσων
2450 4758 2561 4832 γὰρ
2590 4759 2753 4829 σοφία
2775 4758 2943 4815 λίθων
2972 4758 3269 4816 ἐκλεκτῶν.
3311 4778 3332 4812 ι
3367 4759 3602 4822 Ἠσαῖας
3625 4759 3759 4829 περὶ

2155 4850 2265 4905 τῶν
2319 4850 2595 4923 εὐνούχων
2654 4852 2902 4925 εἰσφέρει
2940 4851 3174 4922 λέγοντα
3235 4851 3388 4906 Θεόν’
3425 4870 3444 4905 ι
3477 4851 3756 4922 Κρείσσον

2156 4942 2292 5003 υίῶν
2314 4943 2409 4998 καὶ
2456 4942 2775 5017 θυγατέρων
2822 4945 3007 5016 ὅνομα¹
3040 4942 3264 5022 αἰώνιον
3303 4942 3463 4999 δώσω
3487 4944 3698 5009 αὐτοῖς.
3729 4963 3749 4997 ι

2158 5035 2370 5091 Οὐκοῦν
2404 5036 2466 5090 τὸ
2505 5040 2782 5110 κρεῖσσον,
2831 5038 2932 5095 οὐκ
2964 5038 3066 5092 ἐπὶ
3116 5039 3216 5111 τῆς
3255 5036 3530 5109 τυχούσης
3566 5040 3757 5109 διαφο-

2162 5129 2284 5201 ρᾶς,
2316 5128 2454 5183 ἀλλὰ
2474 5129 2572 5185 καὶ
2598 5130 2695 5190 ἐπὶ
2719 5130 2965 5203 μεγάλης
2998 5131 3094 5188 καὶ
3127 5130 3463 5202 άσυγκρίτου
3492 5132 3757 5203 πολλάκις

2162 5219 2436 5292 ὑπεροχῆς
2464 5222 2737 5279 τάττεται.

2649 5336 2855 5402 ΑΔΔΟ,
2877 5338 2961 5404 είς
2989 5337 3058 5392 τὸ
3082 5338 3253 5393 αὐτό.

2241 5446 2715 5520 Ἐπεξηγούμενος
2767 5448 2868 5522 τὴν
2928 5450 3140 5508 οίκείαν
3179 5450 3365 5523 φωνὴν
3413 5454 3442 5506 ὁ
3482 5455 3761 5527 μακάριος

2155 5538 2389 5605 Παῦλος,
2410 5541 2503 5594 καὶ
2535 5542 2850 5612 σαφέστατα
2870 5540 3226 5613 δεικνύων,τί
3247 5543 3368 5596 ἐστι
3387 5544 3470 5609 τὸ,
3507 5566 3528 5598 ι
3558 5548 3762 5619 Κρείτ-

2155 5649 2266 5687 των
2298 5632 2594 5703 γενόμενος
2617 5632 2729 5689 τῶν
2765 5634 3037 5705 ἀγγέλων,
3070 5654 3090 5688 ι
3141 5637 3399 5709 ἐπιφέρει
3461 5642 3577 5703 τοῖς
3610 5641 3761 5714 είρηο

538 5818 583 5851 ⁸⁸
605 5817 771 5873 llehr.
800 5835 839 5886 t,
867 5810 982 5872 1-3.
1059 5815 1107 5849 ⁸³
1133 5813 1291 5886 Joan.
1316 5816 1438 5886 nl.
1516 5809 1729 5886 "Psal.
1761 5813 1991 5886 1:43.35.

2157 5811 2274 5886 ’sal.
2304 5829 2469 5879 cxvu,
2498 5814 2591 5872 28.
2667 5812 2714 5847 ⁸⁸
2736 5813 2880 5872 Psal.
2909 5816 3177 5885 xcut,22.
3253 5818 3300 5852 "
3333 5816 3480 5875 Psal.
3510 5834 3728 5878 ιςχιιιι

466 5888 556 5953 ιι.
605 5861 1012 5954 ’ὂῖῖῖὲσὶῧῖνῦᾗ
1044 5861 1291 5951 ιοξῖῑΤ
1317 5861 1518 5940 ’δι’ίεε.
1548 5861 1742 5950 dij—ii.
1762 5861 2044 5939 "Viniim

2170 5861 2273 5935 ‘vv-v
2309 5861 2367 5868 νγ-
2388 5861 2469 5879 --σι
2503 5861 2556 5870 -κ
2579 5861 2591 5872 ι
2736 5861 2755 5869 —
2782 5861 2880 5872 Uul-
2909 5861 3065 5885 ’σι-11
3087 5861 3177 5876 ν’.
3333 5861 3356 5874 ⁵
3377 5861 3480 5875 .-ΙΙ
3510 5861 3753 5898 υσσιαριιι

2209 5924 2219 5936 I
