1998 3202
92 205 135 232 5H

814 202 1034 233 THESAURUS.

1688 200 1741 227 542

94 264 186 298 μένας
200 270 211 286 ι
233 259 301 287 Τίνι
319 261 377 297 γὰρ
397 259 461 288 εῐπὲ
482 270 548 289 ποτε
561 262 617 289 τῶν
640 262 774 297 ἀγγέλων·
801 261 894 289 Κάθου

979 260 1028 287 Cui
1048 259 1120 287 enim
1144 266 1263 294 unquam
1275 259 1433 294 angelorum
1450 257 1518 286 dixit
1536 266 1543 284 :
1559 257 1630 284 Sede
1643 264 1658 283 a
1675 257 1742 284 dex—

96 311 127 336 ‘nt
138 307 228 339 δεξιῶν
243 315 325 342 μου;
346 317 357 334 ι
377 309 426 335 καὶ
442 308 484 335 ὅτι
508 309 574 344 περὶ
583 308 631 335 τοῦ
648 308 716 342 Υῑοῦ
728 308 895 345 γέγραπται·

105 365 113 379 ι
124 354 171 392 Kal
181 353 466 389 προσκυνησάτωσαν
480 354 555 389 αὐτῷ
567 354 666 386 πάντες
676 353 787 389 ἄγγελοι
799 354 896 382 Θεοῦ.»

104 395 256 433 arma;
277 399 463 435 συγκρίσεως
478 400 576 434 λόγος,
596 400 627 427 τὸ
654 400 703 436 μὲν
722 400 761 432 ὡς
782 400 900 435 συγκαθ-

104 446 214 481 εζόμενον
223 444 267 480 τῷ
274 445 374 481 Πατρὶ
386 446 434 472 καὶ
443 446 681 481 προσκυνούμενον
692 446 826 482 εἰσφέρει,
836 447 900 479 τοὺς

99 492 122 518 ἂ
133 491 167 523 ὤς
179 491 408 527 παρεστηκότας
431 500 460 518 τε
478 492 524 518 καὶ
541 494 702 527 προσκυνεῖν
718 492 899 528 ἐπιτεταγμέ-

99 536 286 571 νωςςοῦωὲπὶ
300 537 357 572 τῆς
371 537 469 569 οὐσίας
493 537 569 564 ἔσται
590 538 698 570 πάντως
720 539 761 568 τὸ,
783 548 791 563 ι
809 538 899 573 κρείτ-

98 591 153 611 air
170 592 182 609 ι
200 582 263 615 an:
287 583 324 609 ἂν
337 584 399 614 τοῖς
418 583 484 619 περὶ
502 584 552 620 τὴν
572 584 667 610 οὐσίαν
689 583 827 618 ἀξιώμασι
853 584 900 610 καὶ

98 628 263 662 {ﬁst
290 628 350 664 τῆς
369 628 481 664 φύσεως
498 631 602 664 τιμαῖς.
629 628 734 656 Οὐκοῦν
756 630 805 663 οὺχ
829 629 858 655 ἓν
874 637 900 655 τι

97 674 280 711 τιῖητςνητῦν
329 675 411 708 Υἱὸς,
427 675 487 702 ἀλλ’
501 676 595 711 ἕτερόν
607 685 632 703 τι
647 676 721 710 παρὰ
731 676 828 707 ταῦτα,
839 685 901 702 του-

102 720 177 755 sum
189 720 279 755 Mm
299 720 375 752 ἴδιος
390 720 439 748 τοῦ
453 721 572 757 Πατρός.

349 777 459 810 ΔΔΔΟ,
469 777 513 810 εὶς
526 777 558 804 τὸ
570 777 652 804 αὐτό.

136 833 171 863 ῗδ
184 842 196 862 ‹
213 834 346 870 γέγονεν,
358 844 369 861 ι
393 835 439 862 ὅτε
453 836 534 871 μόνον
548 836 594 862 καὶ
609 836 670 862 καθ’
688 836 768 863 ἑαυτὸ
781 836 901 870 λέγεται,

107 879 224 918 “nihil
234 881 338 910 πολλά·
353 882 406 909 καὶ
422 882 453 908 οὐ
470 882 580 914 πάντως
595 882 773 914 ὑποστάσεως
785 883 843 908 ἐστι
857 882 903 917 δη-

953 306 1003 333 tris
1021 306 1089 333 meis
1100 306 1147 332 “'1'
1161 315 1169 330 ι
1187 310 1215 332 et
1229 305 1301 339 quod
1318 306 1350 332 de
1372 304 1441 332 F-ilio
1461 304 1592 339 scriptum
1611 308 1653 330 est
1667 311 1674 329 :
1690 302 1743 329 «Et

953 352 1066 379 adorent
1080 359 1142 379 eum
1158 358 1254 379 omnes
1268 350 1357 385 angeli
1374 351 1420 378 Dei
1432 351 1466 377 ".
1493 360 1503 376 ι
1528 349 1558 377 Si
1579 356 1644 376 vero
1666 355 1743 375 com-

952 398 1104 433 parationis
1117 397 1193 425 ratiox
1208 398 1266 424 haec
1279 400 1373 429 esl,.ut
1394 397 1466 424 hunc
1487 396 1597 431 quidem
1621 394 1744 421 assiden-

954 450 1007 473 tem
1023 444 1097 472 Patri
1109 448 1136 472 et
1154 444 1297 471 adoratum
1311 443 1433 475 inducat,
1453 442 1514 470 illos
1537 448 1602 469 vero
1625 441 1744 468 cireum-

953 496 1056 519 stantes
1069 496 1096 518 et
1110 491 1226 517 adorare
1241 489 1334 524 jussos
1349 498 1355 516 :
1370 493 1443 516 certe
1459 488 1535 519 illud,
1564 496 1574 512 ‹
1593 486 1690 514 melior
1702 507 1709 519 ,
1733 495 1743 511 ι

954 544 1008 564 non
1030 536 1062 563 de
1075 535 1197 563 essentia
1212 535 1319 561 dicetur
1333 554 1341 566 ,
1367 533 1414 561 sed
1436 533 1468 560 de
1492 532 1668 565 dignitatibus
1686 538 1745 565 quae

954 583 1113 611 substantia!
1131 582 1268 613 accidunt,
1295 582 1380 615 deque
1398 580 1561 607 extrinsecis
1579 583 1682 605 natura:
1695 578 1744 604 ho-

955 629 1077 656 noribus.
1095 628 1153 655 Non
1167 632 1209 655 est
1224 627 1307 662 igitur
1332 634 1402 652 unus
1420 633 1454 652 ex
1467 625 1568 652 creatis
1582 623 1678 656 Filius,
1699 624 1745 650 sed

955 675 1092 701 diversum
1104 674 1243 708 quidpiam
1255 673 1288 700 ab
1301 672 1343 704 iis,
1360 672 1411 698 hoc
1421 670 1614 705 esl,proprium
1630 668 1745 696 Verbum

955 721 1054 747 Patris.

1221 775 1338 808 ALIUD,
1355 776 1383 802 in
1397 775 1477 802 idem.

994 843 1003 859 ‹
1016 833 1116 860 Factus
1133 837 1195 865 est,
1220 841 1229 858 ι
1245 833 1353 866 quando
1365 831 1463 864 solum,
1476 838 1508 857 ac
1526 838 1573 865 per
1589 837 1618 856 se
1635 828 1746 860 dicitur,

958 882 1041 908 multa
1065 880 1220 915 significat;
1244 888 1332 915 neque
1353 879 1379 906 in
1404 879 1563 906 universum
1582 874 1748 911 hypostasim

107 927 222 962 Μὴν,
246 927 308 957 ἀλλ’
322 928 395 956 ὅταν
409 928 485 963 αὐτῷ
506 936 534 954 τι
552 928 731 963 συνάπτηται.
755 928 814 954 τότε
835 937 902 962 γνω-

964 929 1069 955 Jcnotat
1097 927 1167 954 :sed
1192 935 1253 954 cum
1277 926 1315 953 illi
1340 925 1442 960 aliquid
1466 923 1662 958 coniungitur,
1692 925 1748 947 tum

116 973 164 1008 ptri
174 973 288 1011 τινων
298 971 333 1005 ὦ
345 975 547 1010 κατηγορεῖται
562 974 688 1008 δύναμιν·
703 971 770 1007 οἷον,
782 974 848 1009 φέρε
861 974 901 1000 εί-

119 1019 188 1052 πεῖν.
303 1027 348 1052 τις
361 1019 473 1053 τέκτων
489 1019 505 1055 ἥ
527 1019 656 1052 λιθοξόος,
679 1020 709 1045 οὐ
733 1019 841 1051 πάντως
857 1020 902 1046 ἄν·

122 1065 224 1104 θρωπε
237 1065 277 1097 ἵνα
294 1065 342 1095 καὶ
360 1065 481 1093 τέκτων·
500 1065 559 1092 ἀλλ’
577 1065 727 1101 ἐπειδήπερ
747 1065 901 1101 ἅνθρωπος,

119 1111 331 1146 γέγανεςέιων,
359 1113 415 1148 τῆς
437 1112 536 1147 τέχνης
546 1112 583 1139 ὢν
599 1112 733 1144 δεκτικὸς,
761 1114 807 1139 καὶ
833 1113 904 1140 κατὰ

113 1156 289 1192 MM
301 1157 357 1193 τῆς
372 1158 533 1193 ἐπιστήμης
549 1159 670 1193 χωρήσει
685 1159 714 1184 τὺ
734 1168 742 1183 ι
762 1159 901 1193 γέγονεν,›

110 1202 140 1230 οὗ
152 1202 256 1235 σάπυς
267 1203 346 1230 κατὰ
359 1203 414 1238 τῆς
429 1203 605 1235 ὑποστάσεως
623 1203 639 1238 ἦ
667 1204 717 1239 τῆς
730 1205 769 1236 εἰς
786 1204 816 1230 τὸ
836 1204 904 1230 εἶναι

115 1249 279 1289 παραγωγῆς.
307 1249 422 1276 οὐκοῦν
446 1251 471 1276 εὶ
489 1249 595 1284 λέγοιτο
626 1251 743 1285 Χριστὸς
775 1251 905 1286 κρείττων

115 1293 261 1330 γεγενῆσθαι
287 1294 349 1322 τῶν
371 1295 509 1329 ἀγγέλων,
532 1295 562 1321 οὐ
589 1296 654 1330 περὶ
669 1296 714 1322 τὸν
733 1296 782 1331 τῆς
799 1295 906 1330 φύσεως

111 1338 182 1373 λόγον
206 1338 262 1376 [xu
287 1339 345 1377 τὴν
374 1340 539 1377 σύγκρισιν,
564 1340 632 1367 ἀλλὰ
659 1343 724 1377 περὶ
759 1341 842 1377 τιμὴν
860 1342 906 1368 καὶ

336 1433 444 1465 ΔΛΛο,
469 1433 513 1466 εῙς
535 1433 569 1460 τὸ
593 1434 675 1461 αὐτό.

141 1497 151 1515 ι
163 1489 292 1525 Τοωύτῳ
303 1489 445 1526 κρείττων
456 1489 603 1524 γενόμενος
614 1490 668 1516 τῶν
683 1490 817 1524 ἀγγέλων.
839 1499 848 1516 ι
872 1490 909 1516 Τὸ

115 1535 240 1571 (γέγονεν
258 1546 269 1563 ι
294 1537 322 1563 εἰ
347 1536 398 1563 καὶ
421 1537 493 1563 κατὰ
523 1537 573 1571 τῆς
602 1537 694 1568 οὐσίας
717 1537 840 1563 τάττοιτο
861 1536 908 1562 τοῦ

92 1580 94 1582 ’
116 1579 272 1614 Πελοῦδὲν
285 1582 379 1617 αὐτὴν
393 1582 518 1617 ἀδικήσει
539 1582 587 1617 τῆς
615 1582 714 1614 λέξεως
734 1583 750 1617 ἠ
775 1582 908 1617 δύναμις,

954 975 1013 1010 ejus
1025 976 1057 1002 de
1073 982 1126 1009 quo
1146 974 1311 1009 praedicatur
1326 974 1379 1000 vim
1396 977 1480 1007 atque
1506 972 1636 998 virtutem
1659 968 1749 996 decla-

955 1027 996 1049 rat
1012 1031 1018 1048 :
1035 1027 1073 1054 ut,
1089 1020 1204 1055 exempli
1223 1020 1322 1055 gratia,
1334 1019 1421 1046 factus
1437 1022 1478 1045 est
1492 1017 1589 1050 aliquis
1603 1015 1688 1046 faber,
1707 1013 1749 1040 vel

954 1068 1118 1095 statuarius:
1135 1074 1188 1093 non
1206 1066 1232 1093 in
1246 1065 1400 1092 universum
1416 1064 1495 1091 homo
1515 1067 1541 1089 ut
1556 1067 1581 1089 et
1597 1061 1689 1094 faber;
1702 1061 1748 1088 sed

954 1114 1062 1148 quando
1074 1115 1153 1140 homo
1169 1112 1255 1139 factus
1268 1115 1308 1138 est
1321 1111 1407 1143 faber,
1420 1111 1485 1137 artis
1499 1117 1583 1143 capax
1600 1108 1746 1139 cxsistcns,

956 1162 990 1188 de
1011 1160 1066 1187 sola
1087 1159 1200 1187 scientia
1222 1158 1322 1185 dicitur
1344 1157 1419 1188 illud,
1436 1156 1516 1191 202
1537 1164 1545 1180 ι
1560 1155 1645 1181 factus
1666 1158 1717 1185 est,
1739 1163 1747 1178 ι

956 1214 1009 1233 non
1032 1210 1122 1233 autem
1141 1205 1174 1232 de
1198 1205 1280 1239 ipsius
1305 1203 1456 1238 hyposlasi.
1470 1207 1515 1228 aut
1533 1202 1564 1228 de
1582 1200 1750 1227 traductione

957 1252 989 1277 ad
1011 1259 1081 1279 esse.
1105 1250 1236 1284 Quocirca
1257 1249 1279 1276 si
1305 1248 1410 1275 dicatur
1433 1247 1558 1274 Christus
1580 1245 1667 1272 factus
1692 1251 1751 1271 esse

958 1296 1052 1323 melior
1067 1295 1179 1330 angelis,
1191 1293 1357 1328 comparatio
1373 1293 1430 1319 hate
1450 1291 1482 1318 ad
1499 1291 1630 1318 rationem
1648 1293 1751 1316 natura:

959 1342 1099 1370 referenda
1112 1349 1164 1368 non
1178 1345 1231 1373 est,
1245 1340 1291 1368 sed
1307 1340 1340 1367 ad
1359 1339 1490 1366 honorem
1504 1343 1531 1365 et
1545 1336 1713 1372 dignitatem.

1224 1418 1340 1450 ALIUD.
1352 1419 1379 1445 in
1391 1418 1471 1444 idem.

998 1490 1007 1507 ε
1024 1480 1111 1506 Tanto
1128 1478 1214 1505 factus
1231 1483 1271 1505 est
1291 1477 1386 1504 melior
1401 1475 1516 1510 angelis.
1540 1485 1549 1500 ι
1565 1474 1592 1500 ln
1610 1474 1662 1501 hoc
1677 1473 1752 1500 dicto

960 1527 983 1554 si
1001 1534 1051 1553 vox
1071 1526 1130 1552 hate
1146 1535 1156 1551 ι
1176 1524 1263 1551 factus
1281 1527 1343 1556 est,
1376 1531 1384 1547 ›
1399 1522 1438 1548 .ad
1463 1520 1608 1548 essentiam
1627 1519 1687 1546 Filii
1709 1526 1753 1545 re-

963 1572 1066 1599 feratur
1080 1591 1086 1603 ,
1105 1571 1172 1597 nihil
1189 1570 1226 1596 illi
1244 1568 1343 1596 olliciet
1363 1567 1443 1602 hujus
1464 1566 1539 1593 vocis
1553 1566 1605 1597 vis,
1634 1572 1694 1599 quae
1714 1564 1755 1591 in-

117 1626 256 1664 ἁιηόρως
268 1627 412 1663 κειμένης
430 1627 560 1659 πολλάκις
576 1628 645 1654 κατὰ
657 1627 710 1654 τῶν
721 1628 907 1663 γεννωμένων.

964 1618 1122 1646 diﬂerenter
1142 1623 1330 1651 saepenumero
1348 1616 1380 1641 de
1406 1614 1506 1649 genitis
1528 1612 1647 1647 ponitur.
1673 1611 1753 1645 Atqui

123 1672 228 1711 Ἐπὶμν
240 1672 292 1702 οὖν
307 1674 368 1701 τῶν
383 1673 470 1705 ὅντως
484 1674 635 1709 γινομένων
659 1675 706 1700 καὶ
723 1674 909 1709 ποιουμένων,

123 1719 252 1755 uitii-vs;
265 1713 465 1753 ἐπιδείξαιτο
494 1719 641 1755 γεννᾶσθαι
665 1720 791 1755 κείμενον
808 1720 911 1755 κυρίως

126 1766 166 1794 tu!
178 1764 351 1803 ηῆφύσιν·
365 1767 409 1794 ὅτι
424 1766 478 1793 κᾶν
500 1766 669 1802 γεννώμενον
690 1766 829 1802 φαίνηται,
855 1767 913 1801 ἔχει

122 1811 169 1848 πρὸ
180 1813 272 1841 ἑαυτοῦ
284 1814 319 1840 τδ
334 1813 506 1848 πεποιῆσθαι
529 1813 605 1848 παρὰ
618 1812 665 1839 τοῦ
679 1813 834 1844 κτίσαντος.
850 1811 912 1839 Οἵον

114 1858 246 1896 Mm
265 1860 406 1895 γεννᾶται
427 1859 493 1894 μὲν,
523 1859 669 1894 πεποίηται
693 1859 732 1889 δὲ,
754 1859 800 1885 καὶ
817 1858 913 1894 κύριον

109 1905 186 1948 (Qui
197 1905 286 1934 τοῦτο
303 1905 409 1941 μᾶλλον
423 1905 440 1940 ἢ
452 1905 483 1931 τὺ
494 1903 629 1939 δεύτερον.
646 1905 677 1931 Εἰ
694 1904 721 1930 δὲ
735 1905 782 1930 καὶ
793 1904 914 1938 λέγοιντο

107 1961 175 1986 τινες
188 1953 236 1981 διὰ
249 1952 305 1980 τοῦ
318 1950 482 1987 Πνεὺματος
496 1950 685 1986 γεγεννῆσθαι,
702 1950 771 1977 ἀλλὰ
781 1951 829 1977 καὶ
840 1947 913 1977 οὗτοι

106 1998 173 2036 πρὸς
189 1998 320 2035 μίμησιν
346 1996 394 2024 τοῦ
415 1996 524 2032 ἀληθῶς
551 1996 727 2031 γεννηθέντος
751 1997 783 2022 ὲκ
806 1997 914 2031 Πατρὺς

103 2044 170 2073 Θεοῦ
185 2045 297 2080 Λόγου,
312 2044 363 2071 καὶ
375 2043 425 2069 οὐκ
443 2042 497 2075 ἔξω
521 2042 568 2068 τοῦ
582 2041 747 2077 πεποιῆσθαι
763 2042 914 2077 τυγχάνου-

104 2099 155 2119 σιν·
167 2090 244 2119 ὥστε
267 2090 303 2117 τὸ
327 2089 380 2124 τῆς
405 2089 559 2124 γεννήσεως
582 2088 668 2122 ὄνομα
686 2087 914 2123 καταχρηστικῶς

103 2138 135 2165 ἂν
148 2138 195 2174 εἴη
225 2136 338 2175 μᾶλλον
353 2135 371 2171 ἢ
388 2135 512 2170 φυσικῶς
539 2135 567 2160 ὲν
591 2135 647 2165 τοῖς
674 2135 807 2168 γενητοῖς.
836 2133 872 2159 Τὺ
886 2133 914 2160 δὲ

105 2184 253 2222 MM,
274 2183 332 2210 κᾶν
347 2181 476 2216 γενέσθαι
496 2181 621 2216 λέγηται,
642 2180 719 2206 οὐδὲν
740 2179 871 2214 ὑπομένει
885 2179 915 2205 τὸ

106 2231 217 2268 βλάϐος,
236 2229 449 2266 ἀδιαφορούσης
469 2229 532 2264 περὶ
546 2226 625 2254 τοῦτο
639 2227 687 2262 τῆς
708 2226 781 2257 Θείας
794 2226 913 2261 Γραφῆς.

105 2278 186 2314 Διγει
202 2277 267 2313 γὰρ
281 2277 324 2303 ὅτι
339 2275 466 2309 ἐγένοντο
485 2272 524 2308 τῷ
546 2271 606 2299 ’ῐὼϐ
618 2272 672 2298 υἱοὶ
683 2271 752 2297 ἑπτὰ
773 2271 820 2298 καὶ
835 2270 915 2304 θυγα-
932 2284 954 2312 D

104 2323 185 2359 τὲρες
198 2323 295 2360 τρεῖς.
309 2321 366 2348 Καὶ
377 2320 468 2348 πάλιν·
490 2329 499 2345 ‹
511 2318 565 2345 Ἦν
586 2317 714 2354 ’Λϐραὰμ
735 2318 832 2344 ἑκατὸν
846 2317 914 2343 ἐτῶν

105 2368 286 2404 antefixis-:0
309 2365 386 2401 αὐτῷ
415 2364 509 2392 Ἰσαὰκ
532 2365 546 2390 ὁ
565 2363 623 2394 υἱὸς
647 2362 740 2390 αὑτοῦ.
762 2372 771 2388 ι
791 2363 822 2389 Εἰ
835 2362 862 2389 δὲ
884 2362 915 2388 τὸ

105 2413 289 2450 γεννώμενον
318 2410 448 2446 γενέσθαι
480 2409 588 2444 λέγεται
613 2409 659 2435 καὶ
684 2408 727 2435 ἐπ’
751 2408 913 2444 ἀνθρώπων,

108 2460 301 2496 ἀδιαφορείτω
315 2466 358 2490 τις
371 2456 452 2484 τοῦτο
479 2455 586 2482 ἁκούων
612 2455 660 2481 καὶ
680 2455 745 2490 περὶ
764 2454 811 2480 τοῦ
836 2453 914 2480 Υἱοῦ,

116 2508 177 2535 Ἐπὶ
189 2506 225 2534 δὲ
243 2505 301 2533 τῶν
313 2503 439 2539 γενητῶν
452 2503 502 2529 οὐκ
531 2501 709 2536 ἀδιαφορήσει
727 2500 771 2527 διὰ
785 2500 831 2527 τὸν
846 2508 914 2535 προ-

114 2551 314 2587 ιωδεδομένον
320 2549 412 2584 λόγον.
631 2564 636 2570 .

467 2649 558 2676 ΑΛΛο
563 2668 569 2675 .

220 2713 274 2745 Εἷς
288 2710 322 2738 τὸ
333 2708 426 2746 ῖαὺτὸ,
439 2708 479 2741 ὠς
491 2707 526 2734 ὲκ
545 2705 604 2733 τῶν
617 2705 653 2733 δι’
666 2704 814 2732 ἐναντίας.

150 2769 325 2804 Γέγραπται,
338 2766 421 2802 φησὶ,
429 2765 494 2800 περὶ
504 2763 583 2795 Υἰοῦ,
602 2764 643 2790 ὅτι
666 2772 674 2788 t
688 2746 818 2796 ’Τοσούτῳ
831 2760 920 2795 κρείτ-

117 2825 174 2843 των
189 2815 336 2851 γενόμενος
345 2813 401 2840 τῶν
415 2812 554 2847 ἀγγέλων.
575 2820 584 2836 ι
608 2809 720 2845 Ἐπειδὴ
743 2808 772 2835 δὲ
796 2807 920 2842 φιλοῦσιν

119 2861 149 2888 αἱ
165 2861 327 2897 συγκρίσεις
344 2859 389 2887 ἀεὶ
399 2857 524 2893 γίνεσθαι
540 2856 604 2891 περὶ
620 2855 654 2882 τὰ
667 2854 777 2889 ὁμοειδῆ
788 2852 923 2889 (οὐδὲγὰρ

400 2938 424 2952 ⁹¹
439 2936 504 2965 ibid.
527 2937 552 2963 6.

154 2940 180 2955 ’⁸
195 2939 276 2970 Hebr.
292 2939 356 2973 1,,5.
400 2938 424 2952 ⁹¹
439 2936 504 2965 ibitl.
527 2937 552 2963 6.
594 2936 615 2951 ’³
636 2934 686 2962 Job
702 2942 720 2967 ι,
739 2934 765 2960 2.

963 1665 996 1692 de
1012 1665 1045 1691 iis
1058 1672 1118 1698 qua:
1132 1671 1161 1690 re
1177 1670 1239 1690 vera
1262 1661 1331 1688 facta
1357 1664 1430 1689 sunt.
1450 1667 1530 1686 nemo
1552 1661 1625 1685 certe
1647 1656 1755 1691 proprie

963 1720 995 1739 ac
1020 1711 1181 1739 naturaliter
1201 1709 1253 1736 diei
1279 1708 1403 1735 ostendet
1423 1705 1567 1741 generari;
1597 1704 1658 1739 quia
1689 1708 1757 1730 tam~

962 1759 1011 1786 etsi
1030 1761 1187 1793 generatum
1199 1758 1340 1789 appareat,
1357 1753 1437 1780 habet
1454 1757 1542 1779 tamen
1560 1754 1621 1777 ante
1636 1756 1665 1776 se
1682 1749 1754 1783 quod

964 1804 1064 1831 factum
1083 1804 1117 1830 sit
1135 1810 1148 1829 a
1165 1802 1305 1829 Creatore.
1323 1798 1560 1833 Quemadmodum
1578 1797 1659 1823 homo
1672 1802 1756 1829 gene—

964 1856 1040 1877 ratur
1054 1850 1172 1884 quidem,
1193 1849 1279 1875 factus
1295 1851 1384 1873 tamen
1399 1848 1441 1872 est
1457 1852 1464 1870 ι
1481 1847 1563 1877 atque
1579 1841 1631 1869 hoc
1646 1840 1755 1875 quidem

964 1896 1003 1923 illi
1023 1895 1109 1929 magis
1134 1893 1275 1928 proprium
1291 1895 1356 1922 est,
1383 1896 1466 1924 quam
1494 1886 1570 1914 illud.
1595 1886 1624 1912 Si
1636 1892 1701 1912 vero
1718 1885 1757 1911 di—

964 1945 1062 1968 cantur
1088 1938 1210 1966 nonnulli
1233 1944 1282 1972 per
1307 1935 1439 1970 Spiritum
1467 1933 1552 1968 geniti
1565 1939 1625 1959 esse
1645 1931 1715 1957 :sed
1730 1935 1758 1958 et

965 1987 992 2014 bi
1009 1986 1042 2013 ad
1058 1984 1238 2012 imitationem
1258 1982 1350 2014 Verbi,
1372 1979 1443 2014 quod
1468 1985 1532 2006 vere
1553 1985 1586 2005 ex
1609 1977 1690 2003 Patre
1712 1983 1759 2010 ge-

965 2033 1052 2061 nitum
1066 2034 1120 2063 est,
1142 2030 1179 2057 ita
1195 2032 1329 2056 vocantur
1346 2036 1353 2054 :
1370 2025 1433 2053 facti
1453 2029 1543 2052 tamen
1563 2029 1624 2050 esse
1639 2029 1691 2049 non
1712 2022 1758 2049 de-

965 2079 1078 2109 sinunt;
1100 2075 1226 2110 quocirca
1247 2071 1431 2109 generationis
1449 2076 1546 2097 nomen
1572 2068 1684 2095 abusive
1707 2074 1758 2100 po-

967 2126 1020 2153 tius
1035 2131 1115 2158 quam
1130 2121 1238 2156 proprie
1253 2121 1286 2148 de
1301 2120 1333 2147 iis
1347 2126 1406 2154 qua:
1417 2117 1487 2144 facta
1508 2119 1584 2146 sunt,
1598 2118 1758 2148 usurpatur.

965 2170 1091 2199 Genitum
1107 2176 1182 2200 vero,
1206 2166 1315 2194 tametsi
1342 2166 1448 2193 dicatur
1466 2163 1567 2190 factum
1590 2168 1667 2193 esse,
1693 2160 1760 2188 nihil

968 2217 1061 2245 damni
1080 2216 1142 2243 inde
1169 2214 1296 2249 percipit.
1314 2220 1376 2240 eum
1404 2219 1481 2239 sacra
1510 2210 1652 2244 Scriptura
1677 2206 1759 2234 indif-

968 2263 1088 2291 ferenter
1108 2270 1140 2290 eo
1164 2266 1268 2289 utatur.
1287 2260 1358 2286 Dicit
1380 2258 1453 2293 quod
1479 2257 1543 2283 facti
1559 2256 1614 2283 sint
1634 2253 1685 2281 Job
1713 2253 1760 2280 lilii

969 2315 1083 2344 septem,
1101 2313 1128 2336 et
1143 2308 1205 2335 filiae
1221 2311 1276 2334 tres
1295 2306 1327 2332 ’³.
1341 2305 1407 2332 Item
1425 2311 1432 2330 :
1451 2312 1461 2330 ‹
1479 2302 1545 2329 Erat
1555 2301 1691 2328 Abraham
1716 2307 1762 2326 au-

971 2343 1067 2383 norum
1092 2359 1201 2381 centum
1223 2351 1333 2386 quando
1360 2349 1448 2375 laetus
1474 2351 1516 2374 est
1537 2347 1560 2373 ei
1594 2346 1668 2373 lsaac
1691 2343 1762 2371 ﬁlius

970 2402 1029 2436 ejus
1045 2402 1078 2428 ".
1101 2410 1110 2426 ι
1131 2400 1158 2428 Si
1175 2406 1238 2425 vero
1253 2397 1324 2432 quod
1342 2398 1500 2431 generatum
1519 2398 1571 2424 est,
1585 2390 1688 2418 factum
1701 2397 1762 2417 esse

970 2449 1068 2476 dicitur
1080 2448 1161 2474 etiam
1180 2446 1207 2472 in
1223 2443 1390 2473 hominibus,
1409 2439 1596 2468 indifferenter
1613 2438 1663 2464 hoc
1675 2436 1759 2463 etiam

970 2495 1097 2529 accipiat,
1120 2493 1142 2520 si
1162 2492 1223 2526 quis
1247 2492 1280 2518 de
1304 2490 1372 2516 Filio
1399 2488 1423 2515 id
1441 2486 1493 2514 dici
1517 2484 1645 2512 audierit.
1671 2483 1708 2510 De
1731 2484 1762 2510 iis

973 2544 1062 2568 autem
1080 2547 1140 2574 qum
1160 2539 1230 2565 facta
1257 2542 1330 2568 sunt,
1350 2543 1402 2561 non
1425 2534 1488 2560 item
1509 2531 1695 2559 indifferenter
1718 2536 1764 2557 ac-

972 2587 1065 2622 cipiet,
1085 2586 1120 2613 ob
1135 2586 1267 2612 rationem
1282 2583 1338 2618 jam
1355 2582 1466 2609 dictam.

1308 2638 1424 2666 ALIUD.

1069 2700 1101 2727 lu
1117 2699 1205 2731 idem,
1233 2705 1265 2725 ex
1293 2695 1439 2731 abjeclione
1465 2691 1659 2719 ltwrelicorum.

1007 2758 1144 2791 Scriptum
1157 2759 1210 2787 est,
1236 2752 1372 2787 inquiunt.
1392 2751 1426 2778 de
1443 2748 1521 2780 Filio,
1546 2746 1629 2781 quod,
1653 2754 1662 2770 ‹
1688 2748 1763 2771 tanto

974 2790 1173 2831 Ineliorrl'aetus
1191 2801 1226 2828 sit
1241 2798 1354 2834 angelis.
1374 2806 1382 2822 I
1406 2796 1473 2823 Cum
1499 2800 1564 2821 vero
1581 2790 1764 2826 comparatio-

979 2858 1026 2878 nes
1051 2856 1159 2884 semper
1192 2847 1250 2874 fieri
1277 2844 1382 2873 soleant
1413 2843 1484 2870 inter
1507 2848 1538 2868 ea
1563 2846 1622 2875 quae
1644 2836 1764 2873 ejusdem

803 2933 826 2948 Ἠ
846 2932 912 2960 Gen.
933 2931 1033 2965 “1,6.
