3996 6406
493 425 597 485 ’5ίῦ

1504 429 1562 484 S.
1603 427 1876 484 CYRILLI
1919 424 2382 480 ALEXANDRINI
2427 427 2744 481 ARCIIIEP.

3666 427 3777 483 5M

497 559 622 606 sunt
657 549 852 618 speciei
890 549 1086 619 (neque
1119 548 1263 601 enim
1297 545 1564 614 quispiam
1619 554 1767 600 recte
1800 544 2075 598 hominem

2184 543 2248 597 ἄν
2279 562 2362 606 τις
2386 545 2623 612 εὐλόγως
2653 546 2806 615 ἵππῳ
2835 545 3125 613 συγκρίναι
3160 545 3250 597 τὸν
3273 544 3562 616 ἄνθρωπον
3586 544 3618 614 ἦ
3652 543 3777 596 κυνὶ

497 658 639 712 equo
668 642 983 700 contulerit.
1022 650 1115 694 aut
1145 653 1297 690 ovem
1325 638 1468 704 cani,
1528 637 1622 691 sed
1657 636 1932 691 hominem
1972 635 2072 688 ho.

500 734 738 787 minibus
766 773 780 795 ,
820 741 875 785 et
926 745 1076 782 ovem
1113 730 1199 782 ovi
1229 728 1268 797 ),
1325 729 1700 786 necessarium
1735 729 1961 782 omnino
1993 735 2077 778 est

500 839 557 879 ut
590 825 788 879 factum
821 840 938 878 esse
978 823 1169 876 Filium
1220 821 1514 884 fateamur,
1561 836 1686 877 cum
1716 829 2073 892 comparetur

497 916 723 985 angelis,
750 929 977 982 quormn
1014 923 1205 965 natura
1245 910 1383 965 facta
1413 922 1517 965 est.

993 1023 1208 1078 Salutio
1239 1023 1565 1090 objectionis.

565 1142 752 1195 Solent
811 1141 1031 1209 quidem
1085 1137 1528 1206 comparationes
1572 1137 1715 1192 inter
1767 1151 1853 1192 res
1895 1138 2078 1204 specie

492 1231 878 1285 convenientes
906 1229 1044 1282 ﬁeri.
1081 1226 1186 1281 Sed
1217 1241 1340 1281 eum
1370 1225 1638 1294 ejusmodi
1669 1227 1813 1280 inter
1841 1241 1898 1279 se
1928 1242 2076 1278 corn-

492 1334 796 1394 parantur,
861 1335 1048 1375 vocem
1098 1318 1265 1382 illam,
1310 1336 1328 1368 ι
1385 1316 1578 1372 melior
1625 1336 1643 1368 ι
1690 1333 1798 1370 non
1848 1315 2081 1369 libenter

412 1432 422 1455 ι
495 1430 670 1484 neque
707 1413 927 1482 prOprie
956 1410 1288 1475 admittunt;
1324 1408 1417 1462 sed
1449 1409 1622 1477 magis
1669 1417 1724 1461 et
1765 1408 1945 1462 tllitttls
1979 1422 2078 1476 po-

494 1511 602 1565 tius
635 1509 716 1562 eis
749 1505 1027 1571 convenit,
1062 1513 1154 1558 aut
1182 1519 1294 1572 prie
1328 1501 1604 1556 interdum
1631 1500 1797 1553 etiam
1835 1500 1958 1568 plus
2009 1499 2078 1554 de

493 1604 574 1657 eis
618 1601 723 1656 dici
761 1617 773 1652 :
833 1598 1032 1668 quippe
1066 1611 1185 1666 quaa
1239 1595 1411 1663 magis
1457 1593 1734 1670 propriam
1786 1606 2079 1662 compara-

497 1698 693 1750 tionem
747 1693 984 1750 ostemlit
1029 1708 1041 1744 :
1092 1693 1161 1744 ita
1195 1689 1406 1762 ζιοειιριι
1452 1689 1727 1744 formosus
1759 1687 1880 1758 plus
1914 1704 2077 1757 quam

494 1792 692 1844 fratres
725 1790 806 1842 sui
841 1785 1036 1839 dicitur
1064 1785 1130 1834 ⁸⁵.
1164 1781 1330 1837 Stella
1361 1795 1492 1836 vero
1537 1796 1648 1835 non
1685 1780 1848 1859 203
1882 1780 2081 1835 dicitur

2180 637 2240 689 τὺ
2270 637 2558 708 πρόϐατον,
2623 637 2736 691 ἀλλ’
2789 637 3074 709 ἄνθρωπον
3122 635 3221 706 μὲν
3270 635 3684 706 ἀνθρώποις,τδ
3715 635 3777 688 δὲ

2181 727 2452 796 πρόϐατον
2481 726 2560 796 τῷ
2601 727 2904 798 προϐάτῳ),
2936 727 3151 795 ἀνάγκη
3174 727 3325 778 πᾶσα
3367 725 3593 794 γενητὸν
3631 719 3776 777 εἶναι

2183 817 2559 888 συνομολογεῖν
2583 817 2675 870 τὸν
2706 818 2852 882 Υῐὸν,
2895 818 2952 881 ὃς
2991 817 3243 886 ἀγγέλοις
3291 815 3640 885 συγκρίνεται
3662 815 3776 875 τοῖς

2179 910 2413 979 γενητὴν
2436 907 2616 979 έχουσι
2645 908 2742 980 τὴν
2772 910 2954 978 φύσιν.

2680 1024 2836 1094 Πρὸς
2867 1025 3045 1080 τοῦτο
3066 1025 3267 1090 λύσις.

2249 1137 2467 1194 ⁴ῐνιλοῦσι
2489 1139 2586 1210 μὲν
2607 1136 3062 1208 ὁμολογουμένως
3111 1136 3169 1188 ὲν
3217 1136 3330 1193 τοῖς
3380 1129 3684 1202 ὁμοειδέσιν
3713 1128 3782 1181 αἱ

2183 1234 2500 1303 συγκρίσεις
2557 1230 2822 1299 γίνεσθαι.
2873 1229 3011 1283 Ἀλλ’
3049 1229 3180 1282 ὅταν
3235 1227 3302 1280 τὰ
3355 1222 3582 1278 τοιαῦτα
3634 1222 3782 1292 πρὸς

2180 1326 2386 1398 ἄλληλα
2419 1325 2693 1397 κρίνηται,
2728 1324 2788 1376 τὸ
2839 1342 2858 1374 ι
2898 1321 3167 1393 κρείττων
3207 1339 3224 1371 ι
3282 1318 3541 1387 λέγεσθαι
3583 1317 3739 1385 μισεῖ
3763 1353 3780 1373 ,

2181 1422 2278 1476 καὶ
2305 1421 2405 1474 οὐκ
2436 1419 2654 1482 οἰκείως
2714 1415 3019 1480 ὲπιδέξεται
3075 1414 3175 1486 τὴν
3203 1413 3409 1482 φωνήν·
3455 1407 3691 1480 ἁρμόσει
3716 1407 3784 1459 δὲ

2181 1515 2269 1569 ἐπ’
2297 1511 2478 1567 αὐτῶν
2515 1512 2575 1565 τὸ
2611 1510 2813 1581 μᾶλλον
2836 1510 2933 1563 καὶ
2961 1508 3022 1562 τὸ
3049 1502 3234 1578 ἦττον,
3265 1504 3361 1559 καὶ
3397 1503 3458 1556 τὸ
3485 1501 3783 1571 διαφερόν-

2145 1601 2288 1668 ⁶τως
2318 1603 2595 1672 λέγεσθαι,
2626 1602 2718 1654 καὶ
2771 1601 2834 1652 τὸ
2879 1598 3042 1652 πλέον
3096 1596 3207 1650 ἔσθ’
3237 1597 3345 1650 ὅτε·
3376 1593 3411 1647 ἃ
3435 1591 3500 1665 δὴ
3550 1592 3647 1645 καὶ
3677 1609 3784 1644 κυ-

2184 1697 2448 1770 ριωτέραν
2508 1695 2744 1750 δεικνύει
2807 1695 2903 1765 τὴν
2955 1693 3276 1764 σύγκρισιν·
3331 1690 3508 1752 οὕτως
3570 1687 3783 1758 Ἰωσὴφ

2181 1791 2380 1863 ὡραῖος
2414 1787 2565 1858 παρά
2594 1787 2720 1850 τοὺς
2749 1784 3032 1856 ἀδελφούς.
3101 1783 3300 1854 Ἀστὴρ
3327 1781 3384 1834 δὲ
3424 1778 3585 1833 πάλιν
3615 1778 3786 1831 ἀστέ-

492 1881 685 1936 melior
719 1895 880 1948 quam
913 1877 1020 1931 alia
1057 1875 1236 1936 stella,
1266 1875 1360 1930 sed
1419 1872 1705 1928 excellere
1754 1873 1953 1946 gloria.
1996 1872 2076 1926 Ita

2184 1895 2277 1946 ρος
2314 1877 2374 1930 ού
2410 1875 2697 1946 κρείττων,
2732 1873 2869 1927 ἀλλὰ
2922 1872 3170 1944 διαφέρει
3207 1874 3262 1924 ὲν
3313 1871 3441 1942 δόξῃ
3468 1885 3484 1901 ο
3526 1867 3706 1930 οὕτως
3751 1869 3785 1920 ὁ

491 1977 753 2031 εει-νοιοΓ
780 1972 996 2041 quando
1036 1969 1348 2025 hominibus
1396 1977 1456 2024 ut
1503 1967 1666 2022 homo
1697 1977 2072 2035 comparatur,

489 2081 596 2120 non
634 2063 834 2118 dicitur
887 2061 1084 2124 melior
1135 2059 1581 2130 pulchritudine,
1637 2057 1734 2112 sed
1802 2057 2078 2113 formosus

489 2172 600 2227 prae
629 2156 756 2211 liliis
785 2154 1066 2216 hominum
1092 2151 1161 2206 °‘.
1215 2151 1353 2207 Cum
1379 2165 1509 2205 vero
1539 2165 1660 2224 quae
1691 2150 1921 2206 diversae
1952 2165 2078 2228 Spe-

488 2249 591 2304 ciei
625 2258 753 2304 sunt
795 2249 938 2302 inter
963 2261 1021 2301 se
1055 2253 1470 2314 comparantur,
1505 2252 1618 2298 tum
1656 2243 1827 2314 magis
1854 2243 2078 2313 proprie

489 2342 715 2405 dicitur,
752 2339 967 2395 melius.
1027 2340 1203 2407 Atque
1231 2339 1303 2392 ita
1343 2339 1612 2408 scriptum
1663 2345 1748 2390 est
1791 2352 1804 2389 :
1837 2355 1856 2388 ι
1887 2335 2079 2392 Melior

489 2444 571 2488 est
603 2433 747 2488 enim
781 2431 1050 2500 sapientia
1079 2446 1240 2501 quam
1271 2431 1480 2501 lapides
1497 2430 1726 2501 pretiosi
1747 2430 1814 2486 ’⁸.
1852 2449 1870 2483 ι
1909 2431 2072 2508 Qum-

489 2541 615 2580 nam
647 2525 792 2581 enim
825 2533 910 2580 est
943 2523 1176 2583 societas
1217 2530 1426 2578 natura;
1458 2521 1738 2590 sapientiae
1763 2539 1886 2576 cum
1934 2523 2072 2591 lapi-

491 2618 694 2675 dibus?
731 2616 788 2672 Si
834 2631 970 2685 ergo
1019 2615 1361 2686 comparatio
1420 2629 1608 2669 rerum
1663 2616 1845 2684 specie
1879 2630 2078 2670 conve-

491 2710 762 2766 nientium
799 2707 962 2762 aliam
995 2708 1266 2762 rationem
1315 2706 1501 2770 habet,
1557 2704 1624 2760 de
1666 2707 1734 2761 iis
1785 2723 1914 2762 vero
1957 2724 2078 2778 qua:

489 2803 786 2859 secundum
850 2810 1099 2855 naturam
1160 2814 1313 2854 suam
1368 2797 1601 2855 diversa:
1652 2809 1778 2855 sunt
1834 2801 2076 2868 speciei.

489 2895 686 2951 melius
709 2894 909 2950 dicitur
936 2909 952 2948 :
989 2903 1138 2949 certe
1178 2892 1348 2948 Filius
1371 2893 1580 2962 angelis
1594 2892 1793 2948 similis
1817 2909 1926 2947 non
1950 2895 2077 2958 erit,

493 3002 672 3058 neque
707 2987 883 3042 factus
912 2993 970 3040 ut
1005 2985 1102 3052 illi,
1135 2985 1230 3040 sed
1265 2985 1618 3058 hyperbolica
1664 2987 2078 3055 comparatiOne

494 3083 598 3137 hoc
651 3080 760 3135 fiet.
797 3081 976 3150 Atque
994 3093 1058 3136 ea
1104 3069 1218 3150 ipsa
1255 3081 1466 3136 ratione
1490 3095 1599 3150 qua
1633 3079 1832 3136 dicitur
1861 3079 2076 3146 melior,

491 3173 720 3228 diversae
749 3171 928 3242 potius
957 3186 1120 3241 quam
1149 3169 1391 3241 ejusdem
1428 3173 1630 3244 speciei
1661 3187 1784 3232 cum
1838 3172 1918 3228 eis
1946 3173 2070 3229 erit.

1024 3283 1257 3350 ALIUD,
1296 3285 1352 3338 in
1387 3285 1545 3340 idem.

565 3397 646 3463 Si,
677 3395 802 3464 quia
829 3409 987 3449 sacra
1017 3396 1300 3465 Scriptura
1336 3397 1467 3451 dicit
1499 3415 1510 3452 :
1539 3413 1560 3448 ο
1584 3395 1758 3453 Tanto
1787 3399 1976 3453 melior
2003 3397 2081 3453 Fa-

491 3498 616 3543 ctus
649 3488 884 3558 angelis,
917 3509 935 3540 ι
976 3489 1218 3558 ejusdem
1250 3488 1450 3557 speciei
1486 3503 1609 3542 cum
1645 3490 1852 3562 angelis
1879 3499 1960 3546 est
1988 3490 2079 3545 Fi-

494 3581 620 3645 lius,
659 3591 847 3650 utpote
885 3583 967 3636 eis
1013 3591 1390 3651 comparatus,
1422 3581 1640 3635 videant.
1669 3597 1833 3652 quam
1871 3583 2083 3650 pericu-.-

496 3675 608 3729 losa
643 3675 766 3730 inde
797 3684 1056 3744 sequatur
1101 3674 1517 3742 consequentia.
1556 3673 1696 3740 Quid
1729 3676 1873 3730 enim
1905 3676 2085 3732 oberit

493 3767 783 3836 quominus
841 3767 950 3821 Deo
999 3765 1244 3822 assidere
1291 3764 1534 3835 angelos,
1585 3781 1802 3836 unaque
1847 3781 1970 3821 cum
2017 3781 2083 3822 eo

495 3873 724 3929 regnare
777 3859 1062 3939 dicamus,
1120 3857 1370 3923 nihilque
1428 3857 1780 3913 excellentius
1832 3857 1886 3912 in
1943 3858 2082 3913 Filio

490 3966 652 4022 quam
687 3951 740 4005 in
794 3951 1008 4022 angelis
1053 3950 1218 4005 esse?
1246 3947 1381 4003 Nam
1424 3966 1546 4020 quas
1587 3951 1830 4022 ejusdem
1881 3952 2079 4023 speciei

493 4053 641 4108 sunt,
676 4042 893 4098 tametsi
937 4041 1230 4111 quamdam
1285 4041 1426 4096 inter
1471 4057 1529 4098 se
1570 4041 1935 4098 differentiam
1981 4046 2080 4098 ha-

495 4137 684 4200 beant,
717 4135 960 4204 ejusdem
997 4143 1177 4189 tamen
1211 4144 1338 4190 sunt
1390 4146 1620 4191 naturae.
1660 4135 1771 4190 Hae
1803 4135 1948 4190 enim
1996 4150 2085 4188 ra-

493 4227 646 4281 tione
686 4229 849 4282 etiam
880 4225 1124 4297 ejusdem
1155 4227 1354 4297 speciei
1383 4227 1513 4284 sint.
1545 4227 1813 4294 Quocirca
1852 4243 1975 4283 cum
2017 4227 2084 4283 de

495 4316 704 4386 angelis
729 4317 977 4370 dicatur:
1003 4335 1021 4367 ‹
1053 4315 1281 4372 Faciens
1305 4317 1528 4387 angelos
1548 4330 1676 4370 suos
1705 4317 1930 4386 spiritus
1947 4317 1992 4350 ⁸⁸
2015 4334 2032 4384 ;
2057 4335 2078 4370 ι

492 4411 560 4464 de
590 4408 726 4463 Filio
753 4419 932 4463 autem
967 4427 979 4461 ε
1015 4425 1033 4460 ι
1063 4407 1233 4463 Sedes
1263 4419 1374 4473 tua,
1410 4407 1572 4472 Deus,
1608 4408 1662 4461 in
1686 4407 1944 4463 saeculum
1977 4424 2080 4465 ste-

493 4501 598 4556 cnli
627 4501 704 4568 ”;
738 4519 756 4552 ›
795 4511 850 4554 et
877 4500 1078 4572 angeli,
1103 4500 1260 4570 juxta
1293 4499 1509 4553 illorum
1556 4499 1890 4566 opinionem,
1932 4501 2079 4570 ejus-

2181 1970 2394 2040 Σωτὴρ,
2433 1969 2523 2023 ὅτε
2546 1971 2657 2032 τοῖς
2677 1966 2986 2038 ἀνθρώποις
3041 1966 3116 2028 ὡς
3142 1965 3429 2035 ἄνθρωπος
3479 1962 3776 2032 συγκρίνε-

2180 2078 2291 2126 ται,
2327 2059 2388 2114 ού
2421 2059 2688 2131 κρείττων
2727 2059 2914 2112 κάλλει
2946 2056 3190 2125 λέγεται,
3216 2055 3331 2109 ἀλλ’
3363 2055 3566 2122 ὡραῖος
3619 2051 3781 2123 παρὰ

2177 2154 2306 2218 τοὺς
2341 2153 2492 2216 υἱοὺς
2515 2152 2624 2205 τῶν
2650 2151 2746 2205 ἀνθ
2758 2149 2973 2221 ρώπων.
3001 2149 3132 2202 Ὅτε
3157 2148 3212 2201 δὲ
3241 2148 3307 2201 τά
3331 2145 3605 2217 ἑτεροειδῆ
3635 2144 3781 2216 πρὸς

2179 2245 2388 2316 ἄλληλα
2433 2243 2534 2316 τὴν
2574 2242 2861 2314 σύγκρισιν
2891 2241 3024 2313 ἔχει,
3083 2239 3206 2294 τότε
3244 2240 3466 2308 λέγεται
3492 2237 3554 2289 τὸ
3593 2239 3778 2308 κρεῖτ-

2179 2354 2271 2391 τον
2299 2335 2644 2408 οἰκειότερον.
2660 2332 2825 2401 ,Οὕτω
2849 2333 2944 2387 καὶ
2960 2332 3295 2403 γέγραπται”
3320 2329 3644 2400 «Κρείσσων
3667 2326 3768 2395 γὰρ

2182 2431 2344 2502 σοφία
2374 2429 2538 2484 λίθων
2572 2426 2900 2485 πολυτελῶν.
2939 2446 2957 2478 ι
2999 2425 3136 2478 Ποία
3166 2424 3222 2477 δὲ
3267 2421 3534 2484 κοινωνίαῖ
3560 2419 3775 2489 φύσεως

2183 2505 2346 2596 σοφίᾳ
2387 2524 2481 2577 καὶ
2531 2521 2739 2588 λίθοις;
2773 2523 2835 2574 Et
2893 2519 3072 2574 τοίνυν
3103 2518 3293 2587 ἕτερον
3327 2515 3428 2586 μὲν
3469 2514 3583 2584 ἔχει
3607 2512 3783 2565 τύπον

2181 2620 2240 2670 ἐν
2269 2619 2382 2679 τοῖς
2411 2614 2712 2686 ὁμοειδέσιν
2739 2615 2774 2682 ή
2803 2612 3117 2682 σύγκρισις,
3145 2610 3240 2662 ἐπὶ
3273 2609 3330 2662 δὲ
3360 2607 3470 2660 τῶν
3505 2605 3785 2675 ἀνομοίων

2181 2708 2324 2764 κατά
2344 2710 2442 2780 τὴν
2466 2706 2628 2776 φύσιν
2656 2705 2717 2758 τὸ
2741 2706 2989 2776 κρεῖττον
3014 2701 3292 2763 τάττεται,
3333 2699 3435 2752 οὐκ
3459 2697 3615 2750 ἔσται
3667 2698 3788 2758 τοῖς

2180 2801 2434 2870 ἀγγέλοις
2461 2801 2644 2870 ὅμοιος
2676 2798 2705 2850 6
2737 2795 2886 2861 Υἱδς,
2920 2795 3041 2848 οὐδὲ
3078 2793 3307 2868 γενητὸς
3329 2791 3522 2862 ὥσπερ
3553 2791 3786 2852 ἐκεῖνοι,

2181 2893 2296 2949 ἀλλ’
2325 2892 2692 2965 ύπερϐολικὴν
2747 2890 2863 2962 ἔχει
2909 2889 3008 2960 τὴν
3054 2888 3364 2956 σύγκρισιν.
3418 2885 3525 2938 Καὶ
3563 2883 3652 2936 διὰ
3683 2882 3788 2935 τοῦ

2179 2985 2437 3056 λέγεσθαι
2504 2983 2770 3057 κρείττων
2810 3022 2826 3049 ,
2892 2978 3196 3052 ὲτεροειδὴς
3250 2977 3402 3032 ἔσται
3475 2975 3678 3048 μᾶλλον
3749 2974 3786 3045 ἢ

2179 3080 2449 3153 ὁμοειδής.

2659 3277 2866 3344 ΑΛΛΟ,
2906 3277 2992 3342 εἷς
3032 3275 3106 3362 τὸ*
3135 3274 3305 3329 αὐτό.

2256 3398 2320 3452 Ei
2353 3395 2440 3451 διά
2467 3395 2527 3448 τὸ
2553 3393 2734 3461 λέγειν
2758 3392 2859 3465 τὴν
2889 3389 3152 3461 Γραφὴν,
3185 3407 3203 3440 ι
3229 3387 3481 3457 Τοσούτῳ
3513 3385 3788 3457 κρείττων

2184 3489 2478 3560 γενόμενος
2506 3486 2615 3541 τῶν
2651 3485 2918 3555 ἀγγέλων,
2953 3503 2972 3535 ι
3008 3483 3260 3554 ὁμοειδὴς
3289 3481 3442 3535 ἔσται
3465 3485 3580 3544 τοῖς
3615 3481 3790 3550 ἀγγέ-

2171 3581 2296 3645 -λοις
2344 3583 2372 3634 ὁ
2423 3581 2549 3644 Υἱὸς
2587 3579 2662 3642 ὠς
2697 3578 2835 3648 πρὸς
2876 3577 3074 3639 αὐτοὺς
3121 3575 3260 3646 ἔχων
3313 3574 3412 3646 τὴν
3464 3574 3787 3644 σύγκρισιν,

2183 3673 2470 3746 ὁράτωσαν
2504 3675 2596 3725 ποῖ
2627 3689 2760 3725 ποτε
2794 3673 2823 3723 ὁ
2853 3670 3011 3738 λόγος
3043 3669 3230 3733 αὐτοῖς
3269 3666 3785 3737 κινδυνεύσει.’¹Ωρα

2182 3766 2299 3837 γὰρ,
2326 3764 2608 3837 ὁμολογεῖν
2639 3766 2734 3817 καὶ
2765 3762 3207 3837 συγκαθεσθῆναι
3257 3759 3517 3818 δύνασθαι
3550 3759 3632 3830 τῷ
3665 3757 3772 3827 Θεῷ

2181 3859 2309 3922 τοὺς
2335 3857 2602 3927 ἀγγέλους
2643 3857 2739 3910 καὶ
2785 3853 3208 3925 συμϐασιλεύειν
3245 3851 3392 3923 αὐτῷ
3415 3870 3428 3882 ·
3463 3852 3562 3906 καὶ⁹
3589 3851 3654 3904 τὸ
3681 3867 3772 3902 πε-

2186 3950 2365 4024 ριττὸν
2394 3949 2546 4015 ούδὲν
2585 3949 2642 4002 ὲν
2682 3948 2798 4019 mp
2826 3949 2956 4019 παρ’
2993 3946 3257 4010 ἐκείνους.
3278 3946 3360 4000 Τά
3388 3945 3499 4016 γὰρ
3523 3945 3778 4015 ἀλλήλοις

2182 4041 2430 4112 ἂμοειδῆ,
2468 4039 2571 4096 κᾶν
2609 4039 2710 4111 ἔχῃ
2755 4039 2882 4093 τινὰ
2929 4039 3066 4110 πρὸς
3116 4038 3323 4108 ἄλληλα
3360 4039 3459 4108 τὴν
3487 4036 3781 4108 διαφορὰν,

2182 4133 2322 4188 ἀλλά
2344 4133 2444 4204 τῆς
2477 4134 2648 4205 αὐτῆς
2675 4133 2860 4204 ἔχεται
2887 4132 3124 4202 φύσεως.
3143 4131 3300 4185 υΰτω
3329 4129 3444 4200 γὰρ,
3466 4129 3533 4183 ἂν
3569 4129 3658 4199 εἴη
3687 4128 3787 4181 καὶ

2181 4228 2423 4300 ὁμοειδῆ.
2455 4225 2662 4289 Οὐκοῦν
2704 4227 3008 4298 ἐπειδήπερ
3039 4225 3168 4296 περὶ
3207 4223 3309 4294 μὲν
3342 4221 3590 4292 ἀγγέλων
3625 4221 3790 4288 λέγε-

2180 4337 2305 4383 ται⁹
2365 4319 2464 4373 «Ὀ
2509 4319 2680 4372 ποιῶν
2726 4320 2852 4382 τοὺς
2901 4317 3169 4386 ἀγγέλους
3208 4314 3373 4369 αὐτοῦ
3410 4311 3725 4384 πνεύματα,
3762 4332 3782 4364 ι

2182 4409 2313 4480 περὶ
2361 4409 2419 4470 δὲ
2449 4407 2544 4461 τοῦ
2576 4407 2740 4461 Υίοῢ·
2776 4407 2878 4461 (Ὀ
2914 4407 3104 4480 θρόνος
3148 4423 3266 4471 σου,
3303 4407 3332 4459 6
3378 4405 3534 4468 Θεὸς,
3572 4407 3655 4467 είς
3691 4405 3793 4458 τὸν

2181 4500 2358 4555 αἰῶνα
2382 4500 2476 4554 τοῦ
2512 4498 2732 4567 αίῶνος,
2764 4519 2784 4552 ›
2829 4499 3097 4570 ὁμοειδεῖς
3120 4499 3177 4552 δὲ
3201 4498 3423 4568 ἄγγελοι
3454 4497 3549 4550 καὶ
3588 4499 3616 4560 ὁ
3651 4497 3792 4560 Υἱὸς

492 4594 614 4646 dem
645 4592 756 4647 sint
777 4593 975 4661 speciei
1005 4607 1126 4645 cum
1158 4590 1317 4656 Filio,
1347 4591 1471 4660 quia
1505 4590 1759 4644 nimirum
1789 4591 1910 4646 ideo
1936 4593 2078 4661 quod

2186 4595 2306 4648 κατ’
2341 4593 2602 4658 ἐκείνους,
2633 4593 2723 4648 διὰ
2769 4593 2832 4646 τὸ
2879 4592 3017 4662 πρὸς
3061 4593 3262 4656 αὐτοὺς
3307 4594 3365 4646 ὲν
3408 4590 3486 4664 τῷ
3517 4591 3793 4659 λέγεσθαι

491 4685 694 4740 dicitur
724 4685 940 4752 melior,
976 4701 1100 4740 cum
1135 4683 1220 4740 eis
1262 4695 1655 4753 comparatur:
1689 4684 1824 4738 nihil
1855 4685 2082 4740 obstitee.

497 4777 568 4830 rit
614 4777 910 4846 quominus
953 4777 1117 4831 etiam
1169 4774 1347 4845 angeli
1392 4775 1604 4844 possint
1657 4776 1900 4831 assidere
1939 4777 2080 4843 Deo;

493 4871 712 4924 tametsi
762 4883 921 4923 nemo
949 4881 1139 4922 eorum
1191 4881 1310 4920 eam
1347 4866 1664 4936 dignitatem
1705 4867 1776 4921 sit
1819 4869 2078 4938 adeptus;

491 4962 832 5031 frustraque,
877 4970 936 5015 ut
977 4958 1271 5014 verisimile
1317 4968 1425 5022 est,
1471 4958 1673 5014 Paulus
1710 4960 1843 5016 dicit
1876 4980 1888 5016 :
1929 4981 1947 5014 ι
1980 4962 2078 5018 Cui

492 5054 638 5107 enim
703 5067 943 5120 unquam
992 5049 1308 5121 angelorum
1368 5051 1554 5108 dixit:
1600 5050 1738 5108 Sede
1787 5070 1816 5109 a
1876 5057 2082 5111 dextris

491 5146 770 5201 meis‘?»
813 5147 922 5199 Aut
985 5143 1258 5212 quomodo
1326 5144 1454 5200 illud
1512 5155 1762 5215 tanquam
1816 5149 2078 5205 eximium

494 5236 724 5305 largitur
752 5234 912 5300 Filio,
955 5235 998 5288 si
1042 5234 1358 5304 angelorum
1403 5252 1619 5306 quoque
1665 5249 1857 5294 natura
1892 5241 1944 5296 id
1975 5241 2078 5298 sibi

492 5329 757 5393 vindicat,
804 5326 1073 5395 siquidem
1109 5325 1348 5393 ejusdem
1391 5337 1518 5383 sunt
1561 5345 1684 5385 cum
1722 5346 1786 5385 eo
1837 5331 2079 5401 speciei?

491 5420 688 5475 Omnia
729 5418 873 5472 enim
912 5418 1070 5472 unius
1101 5427 1302 5473 natura:
1334 5421 1618 5486 attributa,
1668 5438 1789 5476 cum
1821 5422 2076 5479 omnibus

492 5509 730 5577 ejusdem
759 5509 956 5578 speciei
986 5522 1111 5566 sunt
1135 5514 1464 5566 communia.
1489 5512 1870 5583 Praerogativaa
1893 5524 2074 5570 autem

493 5616 615 5674 qure
660 5599 966 5670 adjectione
1012 5604 1189 5674 aliqua
1221 5604 1454 5673 cuipiam
1509 5606 1784 5670 accidunt,
1838 5607 1904 5659 ad
1941 5607 2072 5662 sub-

490 5694 741 5747 stantiam
786 5709 890 5750 non
937 5697 1228 5766 pertinent.
1280 5695 1526 5767 Exempli
1556 5698 1751 5770 gratia,
1803 5713 1908 5753 una
1952 5700 2073 5770 qui-

2186 4682 2450 4754 κρείττων
2487 4683 2632 4754 ἔχειν
2681 4681 2782 4753 τὴν
2830 4681 3143 4754 σύγκρισινο
3179 4681 3334 4742 οὐδὲν
3386 4681 3494 4752 ἄρα
3537 4680 3793 4733 κωλύσει

2186 4776 2279 4839 καὶ
2323 4775 2593 4844 ἀγγέλους
2636 4775 2898 4842 δύνασθαι
2952 4773 3388 4844 συγκαθεσθῆναι
3435 4772 3513 4844 τῷ
3555 4773 3700 4844 Θεῷ,
3734 4777 3792 4826 εἰ

2185 4867 2282 4922 καὶ
2304 4870 2377 4938 μή
2407 4885 2490 4932 τις
2513 4869 2694 4922 αὐτῶν
2717 4866 2923 4940 ἠξιώθη
2950 4866 3044 4933 τοῦ
3072 4867 3418 4939 πράγματος.
3438 4866 3550 4920 Καὶ
3576 4865 3791 4941 μάτην,

2186 4960 2262 5024 ὡς
2288 4960 2458 5025 εἰκὸς,
2488 4962 2516 5013 6
2545 4961 2757 5028 Παῦλος
2787 4961 2938 5029 λέγει
2962 4978 2975 4991 ·
3011 4979 3030 5012 ι
3057 4959 3176 5014 Τίνι
3213 4959 3322 5030 γὰρ
3352 4955 3473 5012 είπέ
3506 4976 3638 5022 ποτε
3674 4960 3795 5021 τῶν

2185 5052 2435 5122 ἀγγέλων
2453 5069 2465 5082 ·
2489 5053 2676 5108 Κάθου
2700 5057 2764 5107 ὲκ
2785 5052 2976 5118 δεξιῶν
3009 5069 3141 5123 μου;
3171 5052 3272 5105 »Ἢ
3300 5051 3419 5115 πῶς
3441 5051 3602 5104 τοῦτο
3627 5052 3794 5114 δίδω-

2191 5162 2274 5201 σιν
2301 5145 2376 5210 ὡς
2398 5145 2677 5219 ἐξαίρετον
2699 5145 2778 5218 τῷ
2803 5145 2938 5217 Υίῷ,
2967 5144 3232 5216 ἑλκούσης
3255 5143 3390 5198 αὐτὸ
3418 5143 3558 5214 πρὸς
3579 5145 3792 5217 ἑαυτὴν

2188 5238 2284 5291 καὶ
2315 5239 2416 5310 τῆς
2447 5238 2554 5292 τῶν
2594 5239 2846 5309 ἀγγέλων
2880 5239 3119 5308 φύσεως,
3154 5237 3312 5309 εἴπερ
3345 5235 3485 5289 εἰσὶν
3513 5238 3793 5308 ὁμοειδεῖς

2182 5330 2320 5404 πρὸς
2353 5331 2548 5397 αὑτόν;
2582 5331 2755 5386 Κοινά
2795 5332 2906 5403 γὰρ
2949 5331 3121 5385 ἅπασι
3169 5332 3284 5393 τοῖς
3325 5331 3600 5403 ὁμοειδέσι
3627 5332 3698 5386 τὰ
3731 5333 3792 5386 ἐν

2181 5426 2248 5495 τῇ
2285 5423 2422 5495 αὐτῇ
2457 5424 2618 5493 φύσει
2651 5424 2992 5495 κείμενα.Τά
3013 5425 3070 5478 δὲ
3097 5426 3160 5478 ὲκ
3190 5425 3514 5496 προσθήκης
3544 5425 3790 5496 ἐπισυμ-

2182 5514 2440 5569 6αίνοντά
2459 5533 2572 5568 τισι
2598 5517 3074 5589 πλεονεκτήματα,
3101 5517 3204 5587 τῆς
3230 5516 3420 5580 οὐσίας
3466 5517 3566 5586 οὐχ
3609 5516 3783 5570 ἄπτε-

2181 5625 2291 5660 ται.
2325 5601 2452 5661 Οἷον
2488 5609 2587 5680 μία
2624 5611 2722 5680 μὲν
2748 5608 3060 5681 ἀνθρώποις
3095 5611 3128 5680 ὴ
3160 5608 3344 5678 φύσις,
3378 5607 3677 5662 πλουτοῦσι
3726 5609 3784 5662 δὲ

2181 5699 2242 5753 ού
2276 5699 2498 5764 πάντες,
2525 5700 2654 5755 οὔτε
2699 5701 2806 5774 μὴν
2834 5700 3214 5773 βασιλεύουσι’
3246 5701 3489 5754 δεκτικοὶ
3531 5700 3588 5752 δὲ
3627 5701 3781 5771 ὅμως

564 5875 976 5943 ⁹⁵0011.ΧΧΧ1Χ,
1014 5875 1065 5931 6.
1145 5879 1193 5911 θ’
1219 5873 1361 5931 Psal.
1399 5892 1542 5940 κων,
1568 5876 1619 5932 ὅ.
1701 5880 1743 5911 ³⁷
1785 5877 1945 5934 Prov.
1986 5895 2076 5937 thl

2184 5882 2218 5935 l.
2302 5883 2344 5912 ⁸³⁸
2379 5880 2538 5937 Hebr.
2580 5900 2617 5948 ι,
2647 5883 2696 5936 7.
2779 5887 2822 5915 νθ
2866 5883 3010 5939 Ρδυι.
3041 5898 3187 5950 thv,
3229 5883 3282 5937 7.
3367 5886 3382 5915 ⁸
3411 5883 3576 5940 Hebr.
3612 5901 3649 5945 ι,
3696 5885 3777 5940 l5.
