3996 6476
222 440 321 492 516

237 646 328 715 τὴν
354 639 481 694 mox":
518 639 707 705 δόξαν
737 642 932 711 φορεῖν
953 658 967 672 ·
1020 642 1049 695 ὁ
1096 641 1195 708 μὲν
1237 642 1344 714 γὰρ
1374 642 1672 714 Δεσπότης,
1699 641 1766 695 τὰ
1791 641 1850 695 δὲ

248 735 390 793 δαῦλα
423 734 741 801 τυγχάνει.
792 734 908 803 Οὐχ
955 733 1223 805 ὁμογενὴς
1271 733 1381 806 ἄρα
1431 738 1549 799 τοῖς
1598 735 1851 803 ἀγγέλοις

252 832 393 891 ἐστιν,
418 827 446 880 6
486 824 581 895 τῷ
630 826 829 897 Ila-cpi.
882 824 1299 898 συμϐασιλεύων
1348 827 1445 880 καὶ
1497 826 1852 897 συγκαθήμε-

251 938 340 986 νος.

241 1123 426 1178 MM).
458 1121 605 1175 Ὅτι
648 1121 778 1190 οὐχ
818 1120 1097 1192 ὁμοφυὴς
1145 1119 1270 1186 τοῖς
1304 1118 1583 1191 ἀγγέλοις
1624 1120 1657 1173 d
1694 1117 1846 1184 Υἱός.

296 1304 517 1372 Ποίημα
565 1302 679 1355 καὶ
731 1302 970 1375 ποιητὴς
998 1302 1099 1356 οὐκ
1131 1303 1197 1358 ἀν
1232 1319 1361 1356 ποτε
1388 1301 1492 1372 τῆς
1523 1300 1698 1371 αὐτῆς
1739 1295 1852 1354 εἷεν

241 1394 459 1462 φύσεως.
486 1392 747 1463 Ἕτερον
798 1392 912 1463 γάρ
963 1408 1018 1445 τι
1063 1391 1125 1444 τὸ
1168 1391 1378 1455 ποιοῦν,
1413 1392 1509 1445 καὶ
1555 1390 1745 1462 ἕτερον
1794 1388 1852 1442 τὸ

252 1485 558 1556 ποιούμενόν
590 1487 781 1539 ἐστιν.
834 1485 900 1539 El
928 1484 1040 1556 γὰρ
1078 1484 1152 1556 μὴ
1180 1483 1355 1548 οὕτως
1384 1483 1519 1554 ἔχει,
1548 1483 1603 1537 τί
1627 1482 1688 1536 τὸ
1717 1482 1855 1536 διαι-

260 1576 368 1649 ροῦν
386 1575 527 1631 κατά
551 1574 736 1644 φύσιν
768 1574 885 1628 τῶν
920 1573 1168 1646 γενητῶν
1196 1572 1286 1627 τὸν
1308 1571 1473 1640 Θεόν;
1507 1571 1640 1624 Ὅτε
1670 1569 1852 1624 τοίνυν

258 1670 411 1724 πάντα
446 1669 515 1722 δι’
546 1668 699 1722 Υἰοῦ
730 1671 761 1723 ὁ
782 1669 920 1733 Θεὸς
952 1669 1050 1722 καὶ
1079 1665 1271 1738 Πατὴρ
1290 1664 1606 1738 ἐργάζεται,
1634 1662 1693 1717 ἓν
1721 1662 1778 1716 δέ
1799 1679 1854 1716 τι

256 1760 353 1815 τῶν
378 1760 596 1814 πάντων
634 1760 768 1813 ἐστὶ
798 1758 899 1813 καὶ
923 1761 957 1830 ἠ
992 1758 1101 1812 τῶν
1129 1756 1379 1827 ἀγγέλων
1413 1755 1596 1827 φύσις,
1630 1755 1854 1825 γέγονεν

262 1856 361 1927 ἀρα
387 1853 447 1907 δι’
470 1852 607 1907 Υιοῦ
641 1853 749 1907 καὶ
787 1853 1113 1924 πεποίηται.
1147 1853 1261 1923 Οὐχ
1296 1850 1567 1923 ὁμογενὴς
1611 1845 1705 1903 οὖν
1740 1849 1853 1911 τοῖς

271 1907 331 2001 8:3
363 1947 514 2000 αὐτοῦ
537 1946 873 2017 γενομένοις
900 1907 997 2000 καί
1023 1945 1112 1999 διὰ
1136 1907 1345 1999 τούτου.
1362 1907 1613 2013 φανεῖται
1629 1959 1644 1973 ·
1691 1907 1856 1996 ἀλλ’ό
1886 1907 1929 1961 Β

288 2038 378 2110 μὲν
414 2038 620 2109 φορέσει
664 2037 767 2091 τοῦ
808 2034 1167 2110 Δημιουργοῦ
1197 2036 1294 2109 τὴν
1326 2036 1519 2102 ἀξίαν,’
1549 2035 1618 2087 τὰ
1664 2034 1721 2088 δὲ
1756 2032 1855 2104 τὴν

289 2129 420 2185 κατά
457 2130 514 2184 τὸ
546 2128 886 2201 πεποιῆσθαι
938 2128 1205 2183 δουλείαν.
1241 2146 1260 2180 ι
1289 2127 1373 2183 Τὰ
1396 2126 1504 2200 γὰρ
1536 2125 1852 2197 σύμπαντα,

283 2225 420 2295 φησὶ,
445 2219 591 2309 δοῦλξὶ
618 2239 744 2290 σου,
778 2240 800 2275 ι
835 2224 871 2294 ἡ
902 2220 1027 2276 θεία
1051 2220 1264 2292 Γραφή.

299 2425 483 2478 ΑᾹΛΟ.
505 2426 644 2479 Ὀτι
670 2425 795 2492 οὐχ
831 2423 1132 2494 ὁμογενὴς
1162 2422 1287 2489 τοῖς
1308 2423 1653 2494 ᾲάγγέλοιςμδ
1677 2421 1813 2488 Υἱὸς

335 2494 421 2549 διὰ
448 2495 509 2549 τὸ
536 2496 850 2565 λέγεσθαι
865 2492 1159 2564 κρείττων
1177 2492 1379 2549 αὐτῶν
1397 2492 1780 2565 γεγενῆσθαι.

336 2607 436 2659 Πᾶν
452 2609 583 2678 ὅπερ
614 2607 693 2661 ἂν
726 2606 995 2679 φαίνηται
1028 2605 1252 2676 γεγονὸς
1284 2604 1407 2660 κατ’
1428 2604 1636 2669 οὐσίαν,
1663 2605 1758 2659 καὶ
1778 2605 1857 2668 εἰς

266 2701 319 2753 τὸ
347 2701 415 2772 μὴ
440 2695 580 2754 εἶναι
609 2699 927 2771 καταλήξει
962 2699 1093 2752 ποτὲ
1113 2698 1443 2770 θελήσαντος
1474 2690 1571 2749 τοῦ
1588 2698 1858 2768 Δημιουρ-

259 2793 379 2862 γοῦ’
421 2796 513 2848 καὶ
562 2794 721 2864 ὅπερ
753 2792 825 2847 ἂν
864 2791 978 2863 ἔχοι
1005 2790 1171 2861 φύσιν
1211 2789 1307 2844 τοῦ
1355 2789 1550 2843 παθεῖν
1579 2788 1854 2860 δεκτικὴν,

258 2885 423 2953 πάθοι,
445 2886 513 2940 ἂν
546 2886 601 2938 ει
639 2885 747 2938 καὶ
781 2884 861 2956 μή
910 2902 996 2939 πω
1040 2883 1300 2938 πέπονθε.
1335 2883 1408 2936 Τὸ
1440 2883 1497 2936 δὲ
1530 2882 1761 2952 πάσχειν
1793 2883 1855 2936 ού

262 2982 496 3051 πεφυκὸς,
533 2981 646 3033 οὐκ
680 2978 755 3033 ἄν
781 2997 838 3031 τι
875 2977 1041 3031 πάθοι
1076 2976 1231 3040 ποτὲ,
1265 2976 1362 3029 καὶ
1401 2974 1591 3046 ἕτερόν
1632 2992 1689 3027 τι
1715 2974 1859 3045 παρ’

268 3075 418 3130 ὶκείνό
447 3077 591 3128 ἐστι·
624 3074 732 3130 καὶ
778 3072 844 3125 τὸ
886 3071 974 3126 ἀεὶ
1017 3070 1281 3134 ὡσαύτως
1323 3069 1403 3134 ὃν,
1438 3067 1560 3123 οὔτε
1590 3067 1686 3121 τοῦ
1718 3063 1856 3121 εῖναι

274 3164 462 3236 Maso,
486 3163 623 3218 οὔτε
660 3163 779 3235 μὴν
821 3156 932 3215 οἶδε
976 3162 1070 3215 τὸν
1102 3161 1196 3215 ἐπὶ
1238 3160 1384 3215 τέλει
1417 3160 1637 3232 δρόμον,
1666 3157 1855 3228 ὥσπερ

1659 434 1921 493 l‘llESAU
1934 434 2091 491 RUS.

126 592 133 603 .
231 553 317 606 καί
339 547 561 603 τούτων
586 547 767 604 εἰσιν.
785 545 931 601 Ἀλλ’
951 548 1125 613 οὐδεὶς
1147 547 1434 620 ἐπιτρέπει
1458 551 1569 614 τοῖς
1595 550 1851 620 ἀγγέλοις

1962 550 2076 607 dem
2104 561 2189 607 est
2223 552 2499 607 hominum
2544 562 2756 621 natura,
2798 562 2851 608 at
2884 570 2987 610 non
3019 567 3210 609 omnes
3240 562 3366 608 sunt
3393 571 3530 623 opu-

3424 439 3528 494 546

1953 640 2108 706 lenti,
2155 650 2252 696 aut
2285 657 2461 713 reges,
2493 643 2742 712 quamvis
2796 653 2974 698 tamen
3009 644 3173 697 etiam
3216 645 3527 697 earumdem

1954 746 2137 787 rerum
2186 732 2294 788 sint
2318 749 2569 804 capaces.
2602 735 2669 788 At
2707 750 2867 789 nemo
2901 734 3111 804 angelis
3140 733 3263 789 Filii
3300 733 3530 803 gloriam

1952 824 2159 881 deferet
2189 845 2201 880 :
2230 842 2354 882 nam
2382 829 2469 883 hic
2503 828 2787 891 Dominus,
2816 827 2889 880 illi
2918 841 3044 882 vero
3070 828 3207 881 servi
3240 838 3384 880 sunt.
3417 825 3531 879 Non

1951 925 2037 970 est
2066 916 2228 986 igitur
2269 919 2509 982 ejusdem
2543 920 2757 989 generis
2791 933 2917 972 cum
2960 918 3167 987 angelis
3213 916 3408 984 Filius,
3439 918 3531 987 qui

1955 1023 2058 1061 una
2086 1022 2209 1062 cum
2237 1008 2401 1063 Patre
2438 1017 2627 1078 regnat
2660 1010 2818 1078 eique
2859 1010 3091 1065 assidet.

1924 1122 2122 1195 .205
2148 1122 2380 1180 ALIUD.
2415 1114 2571 1190 Quod
2613 1139 2715 1195 non
2762 1123 3108 1195 sitejusdem
3161 1134 3370 1177 natura:
3416 1139 3535 1177 cum

2530 1193 2732 1264 angelis
2767 1191 2965 1247 Filius.

2023 1307 2248 1364 Crantor
2297 1316 2354 1363 et
2399 1318 2651 1363 creatura
2700 1322 2974 1377 nunquam
3033 1306 3276 1377 ejusdem
3330 1313 3538 1361 natura:

1954 1390 2176 1458 l‘ueriut.
2212 1400 2379 1456 Aliud
2426 1401 2568 1455 enim
2600 1409 2685 1456 est
2719 1401 2770 1455 id
2817 1399 2960 1469 quod
2993 1407 3164 1466 creat,
3209 1399 3353 1452 aliud
3394 1401 3538 1467 quod

1954 1504 2192 1550 creatur.
2236 1491 2370 1547 Nam
2406 1492 2451 1546 si
2503 1506 2591 1547 res
2631 1482 2713 1545 ita
2753 1506 2813 1546 se
2842 1506 2947 1544 non
2993 1489 3245 1555 haberet,
3278 1487 3536 1558 quidnam

1957 1587 2317 1655 distingueret
2366 1584 2535 1639 Deum
2584 1583 2880 1638 secundum
2931 1591 3181 1637 naturam
3231 1595 3261 1633 a
3307 1577 3540 1634 creatis?

1955 1677 2089 1734 Cum
2127 1677 2292 1745 igitur
2314 1677 2453 1730 Deus
2476 1689 2540 1730 ac
2569 1673 2731 1729 Pater
2767 1673 2951 1730 omnia
2992 1688 3089 1743 per
3119 1670 3314 1726 Filiqu
3344 1683 3538 1738 operc-

1958 1779 2046 1825 tur
2077 1788 2090 1825 :
2122 1785 2288 1824 unum
2324 1784 2452 1824 vero
2497 1782 2568 1822 ex
2613 1768 2867 1822 omnibus
2899 1773 2984 1821 est
3029 1764 3194 1820 etiam
3227 1760 3547 1833 angelorum

1960 1872 2154 1918 natura
2182 1880 2196 1915 :
2224 1863 2366 1916 facta
2405 1861 2589 1930 itaque
2635 1869 2720 1915 est
2749 1868 2805 1914 et
2830 1868 3013 1914 creata
3045 1872 3143 1927 per
3177 1855 3396 1910 Filium.
3429 1852 3543 1907 [Iac

1958 1954 2072 2025 ipsa
2101 1953 2264 2025 igitur
2292 1953 2501 2007 ratione
2537 1965 2642 2005 non
2668 1959 2753 2005 est
2792 1947 3037 2018 eiusdem
3076 1944 3291 2017 generis
3318 1957 3440 1998 cum
3476 1940 3542 1994 iis

1958 2060 2078 2115 quae
2106 2060 2201 2116 per
2228 2044 2400 2115 ipsmn
2434 2042 2575 2097 facta
2603 2049 2754 2107 sunt;
2776 2039 2873 2095 sed
2904 2038 2993 2093 hic
3021 2036 3240 2107 quidem
3264 2030 3542 2088 Creatoris

1956 2137 2272 2209 dignitatem
2315 2134 2602 2198 obtinebit,
2627 2134 2709 2188 ha:
2732 2146 2863 2188 vero
2901 2145 2965 2185 ea
3015 2128 3227 2183 ratione
3263 2140 3370 2194 qua
3402 2122 3539 2178 facta

1956 2238 2104 2294 sunt,
2136 2228 2389 2284 servilem
2437 2226 2829 2283 conditionem.
2868 2242 2887 2275 ι
2920 2220 3187 2277 Universa
3230 2218 3375 2273 enim
3423 2229 3542 2270 ser-

1956 2325 2111 2401 viunt
2151 2323 2267 2388 tibi,
2306 2342 2326 2375 ι
2362 2322 2541 2391 inquit
2572 2334 2727 2377 sacra
2775 2317 3054 2387 Scriptura
3080 2316 3122 2368 ’.

1957 2437 2191 2494 ALIUD.
2241 2436 2396 2503 Quod
2430 2453 2533 2490 non
2568 2437 2635 2489 sit
2679 2433 2916 2505 ejusdem
2938 2428 3146 2505 generis
3188 2422 3543 2505 cunt-ungat}

2022 2507 2200 2562 Filius
2242 2497 2362 2562 ideo
2389 2508 2516 2577 quia
2550 2497 2735 2559 melior
2760 2503 2893 2569 ipsis
2922 2497 3099 2562 factus
3135 2514 3246 2553 esse
3276 2497 3499 2549 dicitur.

2030 2620 2303 2690 Quidquid
2364 2618 2660 2674 secundum
2718 2606 3076 2673 substantiam
3131 2624 3285 2665 suam
3339 2605 3544 2661 factum

1957 2723 2059 2778 est,
2080 2723 2254 2783 potest
2280 2712 2443 2767 etiam
2471 2710 2683 2764 volente
2706 2705 3046 2763 Creatoreaiu
3074 2701 3302 2758 nihilum
3335 2697 3539 2767 redigi;

1958 2816 2015 2862 et
2041 2806 2303 2876 quidquid
2334 2806 2498 2862 habet
2529 2811 2779 2859 naturam
2812 2798 3081 2870 passionis
3116 2808 3393 2865 capacem,
3427 2790 3541 2845 tieri

1958 2909 2136 2969 potest
2191 2909 2249 2954 ut
2298 2899 2560 2969 patiatur,
2615 2894 2832 2950 tametsi
2889 2892 3127 2946 nondum
3186 2900 3403 2958 passum
3450 2883 3539 2937 sit.

1958 2990 2232 3059 Quidquid
2278 3000 2473 3046 natura
2516 2990 2593 3044 ita
2634 2994 3010 3056 comparatum
3044 2989 3151 3047 est,
3187 2990 3245 3034 ut
3276 2977 3387 3049 pati
3441 2989 3545 3029 non

1958 3086 2152 3155 possit,
2184 3092 2336 3138 certe
2361 3095 2638 3151 nunquam
2664 3080 2926 3150 patietur,
2959 3084 3014 3130 et
3051 3074 3332 3128 diversum
3358 3076 3443 3123 est
3479 3065 3547 3119 ab

1960 3174 2095 3231 illo:
2124 3185 2180 3230 et
2218 3173 2362 3245 quod
2409 3186 2624 3242 semper
2652 3172 2843 3224 eodem
2896 3168 3055 3220 modo
3094 3162 3330 3225 exsistit,
3371 3171 3550 3226 neque

276 3258 331 3311 τὰ
352 3257 432 3312 τοῦ
471 3255 623 3311 εἶναι
661 3254 981 3327 ἀρξάμενα.
1001 3252 1142 3307 Ἀλλ’
1175 3252 1276 3305 οὐκ
1323 3250 1390 3305 ἀν
1434 3268 1520 3314 τις
1561 3250 1705 3302 εῐποι
1734 3247 1854 3301 νοῦν

1964 3265 2260 3321 exsisteudi
2311 3264 2526 3318 initium
2558 3261 2770 3326 habuit,
2801 3272 2976 3328 neque
3023 3256 3091 3310 ad
3145 3253 3421 3309 interitum
3457 3256 3551 3303 aut

278 3349 407 3419 Ξχων,
432 3350 500 3403 τὰ
524 3338 822 3418 τοσαύτην
850 3345 1048 3416 ἔχοντα
1075 3344 1215 3416 πρὸς
1245 3341 1453 3414 ἄλληλα
1493 3339 1594 3413 τὴν
1624 3338 1859 3394 ἐναντιό-

286 3459 412 3515 τητα,
439 3445 530 3498 καὶ
580 3441 745 3496 οὕτω
789 3437 935 3493 κατά
964 3437 1128 3508 φύσιν
1169 3432 1517 3506 διεστηκότα,
1543 3430 1758 3504 ὁμοφυῆ
1795 3447 1858 3483 τε

291 3534 402 3591 εἶναι
431 3539 512 3591 καὶ
536 3536 654 3605 τῆς
685 3532 864 3604 αὐτῆς
899 3532 1168 3602 ὑπάρχειν
1192 3527 1425 3591 οὐσίας.
1458 3524 1522 3579 Εἰ
1554 3522 1733 3578 τοίνυν
1764 3522 1859 3576 ἐπὶ

290 3628 373 3699 μὲν
394 3627 483 3682 τῶν
510 3625 862 3697 ποιημάτων
886 3621 962 3685 ὡς
987 3619 1367 3689 ὑποκειμένων
1394 3616 1490 3671 καὶ
1507 3615 1682 3687 φθορᾷ
1704 3612 1860 3682 λέγε-

275 3740 375 3778 ται.
411 3740 430 3774 ι
458 3720 642 3776 Αὐτοὶ
694 3715 1054 3771 ἀπολοῦνται·
1087 3732 1106 3766 s
1160 3711 1255 3766 ἐπὶ
1281 3711 1340 3765 δὲ
1367 3709 1462 3764 τοῦ
1496 3707 1628 3762 Υιοῦ
1648 3749 1665 3776 ,
1700 3708 1772 3762 Σὺ
1800 3706 1858 3759 δὲ

259 3816 534 3887 sum“;
572 3812 822 3866 κάκεῖνα
860 3808 962 3880 μὲν
1007 3804 1479 3873 παλαιωθήσεται,
1508 3801 1584 3865 ὡς
1620 3799 1858 3870 γενητὴν

258 3908 433 3979 ἔχοντα
476 3907 590 3978 τὴν
642 3903 844 3974 φύσιν·
878 3898 974 3954 τοῦ
1009 3898 1068 3951 δὲ
1093 3895 1224 3952 Υἰοῦ
1261 3915 1280 3948 ι
1309 3894 1381 3948 τὰ
1424 3893 1518 3964 ἔτη
1553 3894 1654 3947 οὐκ
1678 3891 1857 3945 ἐκλεί-

252 4004 417 4072 ψουσι·
447 4023 470 4055 ι
518 4000 651 4063 πῶς
702 3995 954 4068 όμοφυὴς
999 3992 1155 4047 ἔσται
1205 3991 1319 4054 τοῖς
1363 3988 1621 4059 ἀγγέλοις
1650 3988 1679 4039 ὁ
1704 3985 1855 4052 Υἱὸς,

252 4097 356 4159 τοῖς
396 4089 812 4164 πποιημένοις
856 4089 886 4141 ὁ
937 4083 1191 4156 ποιητὴς,
1224 4083 1341 4147 τοῖς
1390 4076 1781 4150 γεγενημένοις
1829 4077 1859 4130 ὁ

249 4187 531 4258 ἀγένητος,
584 4184 708 4246 τοῖς
751 4177 1050 4251 παρελθεῖν
1095 4173 1420 4249 δυναμένρις
1446 4174 1475 4226 ὁ
1505 4169 1762 4235 αἰώνιος;
1794 4169 1858 4221 Εἰ

249 4282 351 4352 γὰρ
382 4279 482 4333 καὶ
517 4273 804 4331 ἀθάνατόν
830 4288 886 4325 τι
926 4269 1116 4341 χρῆμα
1142 4269 1173 4321 ὁ
1198 4265 1431 4335 ἄγγελός
1482 4266 1599 4318 ἐστι
1643 4262 1731 4317 διὰ
1758 4261 1858 4331 τὴν

248 4370 383 4427 οὕτω
414 4369 703 4440 κειμένην
729 4365 817 4418 ἐπ’
839 4358 992 4432 αὐτῷ
1022 4357 1117 4413 τοῦ
1153 4358 1484 4428 ποιήσαντος
1510 4353 1765 4426 βούλησίν
1796 4369 1857 4406 τε

249 4464 340 4519 καὶ
368 4464 565 4534 χάριν,
591 4458 711 4514 ἀλλ’
738 4455 974 4525 ἐπείπερ
993 4450 1167 4524 ἀρχὴν
1192 4449 1287 4504 τοῦ
1317 4444 1458 4503 εἶναι
1489 4447 1622 4518 ἔχει,
1644 4444 1860 4500 δύναιτ’

252 4555 313 4611 ἂν
338 4557 442 4627 ’καὶ
504 4554 593 4616 εἰς
636 4548 793 4612 τέλος
842 4543 1041 4599 ἐλθεῖν.
1066 4541 1286 4606 Φύσεως
1319 4541 1377 4595 δὲ
1409 4538 1858 4610 πλεονεκτήματα

250 4633 357 4711 τοῖς
384 4642 635 4719 ἔχουσίν
676 4642 827 4695 ἐστιν
862 4637 1084 4709 ἰσχυρὰ,
1106 4635 1201 4689 καὶ
1231 4635 1354 4706 οὐχὶ
1402 4632 1481 4704 τῷ
1526 4628 1856 4701 πεποιηκότι

254 4739 625 4811 Θεῷῖασπρ
662 4728 757 4788 οὖν
787 4733 883 4786 καί
921 4730 986 4785 τὸ
1035 4728 1149 4800 πῦρ
1196 4725 1488 4782 καυστικὸν
1537 4725 1635 4796 μέν
1662 4794 1663 4799 η
1686 4724 1857 4788 ἐστιν,

254 4831 362 4889 ἀλλ’
394 4832 465 4886 οὐ
502 4828 588 4901 τῷ
617 4826 771 4896 Θεῷ’
804 4823 951 4879 οὕτω
996 4822 1093 4877 καὶ
1133 4820 1366 4890 ἄγγελος
1416 4818 1683 4881 ἀθάνατος
1734 4816 1857 4888 μὲν,

258 4921 362 4974 ἀλλ’
389 4921 459 4975 οὐ
491 4918 575 4991 τῷ
600 4915 742 4987 Θεῷ.
772 4914 952 4982 Μόνος
976 4913 1087 4985 γὰρ
1114 4911 1278 4974 αὐτὸς
1323 4909 1529 4979 κυρίως
1566 4907 1856 4971 ἀθάνατος,

262 5012 511 5083 φυσικῶς
562 5010 729 5081 ἔχων,
782 5007 884 5061 οὐκ
923 5005 1036 5060 ἀπὸ
1080 5003 1326 5077 χάριτος,
1374 5001 1474 5073 τὴν
1532 4999 1859 5069 ἀσφάλειαν,

265 5105 446 5179 ὥσπερ
476 5103 550 5158 τὰ
577 5099 802 5173 γενητὰ.

263 5395 471 5459 ΔΔΛΟ,
497 5389 655 5463 μετὰ
672 5385 1062 5463 ἀποδείξεως,
1079 5383 1184 5463 Δἱξτι
1199 5381 1452 5463 dri-6:105
1472 5378 1590 5450 μέν
1615 5375 1852 5445 δοῦλοι,

712 5457 1041 5525 Δεσπότης
1068 5454 1139 5509 δὲ
1179 5457 1213 5509 ό
1256 5453 1412 5519 Υἱός.

337 5579 399 5632 Ei
425 5577 601 5641 οὐδεὶς
632 5574 862 5630 δύναται
887 5572 1108 5641 ἀφεῖναι
1137 5567 1432 5641 ἁμαρτίας,
1453 5566 1503 5620 εἰ
1534 5565 1610 5638 μὴ
1642 5563 1802 5637 μόνος
1826 5565 1857 5616 ὁ

269 5668 421 5731 Θεὸς,
452 5666 645 5739 ἀφίησι
672 5665 732 5719 δὲ
758 5667 788 5718 ὁ
811 5663 961 5727 Υἱὸς,
992 5661 1125 5724 Θεὸς
1153 5660 1283 5730 ἄρα,
1314 5657 1408 5713 καὶ
1435 5658 1496 5711 ού
1535 5658 1650 5721 τοῖς
1699 5655 1857 5739 ποιή-

276 5775 435 5828 μασιν
481 5734 821 5833 ἐναρίθμιος.
845 5754 1104 5825 ’Ἄγγελοι
1158 5752 1257 5823 μὲν
1302 5751 1410 5822 γὰρ
1463 5734 1852 5822 προσεύχοῦται

346 5901 368 5935 ’
404 5899 751 5970 Psal.csvm,
789 5898 895 5955 9L-
961 5897 1029 5929 ³ἰ
1061 5895 1205 5952 Psal.
1243 5912 1315 5961 ct,
1340 5895 1433 5959 27,
1462 5894 1553 5949 28.

1887 4596 1933 4652 D

1961 3355 2123 3409 linem
2164 3368 2388 3424 vergere
2413 3361 2611 3424 potest,
2645 3346 3101 3422 quemadmodum
3139 3344 3229 3398 illa
3255 3356 3377 3412 qua:
3405 3342 3549 3395 exsi-

1960 3447 2135 3503 Sleltdi
2166 3446 2377 3501 initium
2410 3445 2736 3500 habuerunt.
2786 3442 2950 3512 Atqui
2983 3454 3142 3494 nemo
3171 3451 3317 3491 sana:
3348 3433 3550 3490 mentis
3625 3492 3635 3503 ,

1960 3537 2160 3592 dixerit
2198 3549 2261 3591 ea
2292 3551 2413 3606 quae
2464 3535 2600 3591 adeo
2625 3532 2898 3589 contraria
2925 3530 3068 3585 inter
3093 3543 3155 3584 se
3186 3539 3333 3590 sunt,
3357 3533 3413 3580 et
3437 3535 3551 3579 tau-

1960 3639 2146 3701 tupere
2178 3638 2374 3685 natura
2401 3628 2686 3695 dissident,
2719 3624 2964 3697 ejusdem
3001 3633 3210 3679 natura-
3233 3627 3398 3690 atque
3424 3617 3551 3673 sub-

1959 3723 2176 3779 stantiae
2204 3735 2349 3778 esse.
2402 3721 2460 3777 Si
2507 3736 2639 3792 ergo
2686 3720 2755 3774 de
2793 3717 3083 3782 creaturis,
3128 3722 3316 3785 utpote
3355 3727 3552 3766 corru-

1958 3815 2131 3888 ptioni
2158 3814 2430 3883 obnoxiis,
2458 3814 2659 3869 dicitur
2690 3831 2704 3868 :
2745 3831 2765 3865 (
2791 3812 2910 3883 Ipsa
2936 3810 3229 3881 peribunt;
3263 3826 3281 3859 ι
3315 3806 3380 3861 de
3412 3804 3551 3859 Filio

1960 3918 2143 3965 autem
2188 3926 2203 3964 :
2252 3927 2272 3960 ι
2326 3905 2408 3963 Tu
2437 3922 2572 3963 vero
2608 3920 2900 3978 permaues
2924 3943 2939 3968 ,
2980 3923 2999 3956 ι
3045 3913 3102 3958 et
3137 3920 3155 3953 ι
3181 3900 3303 3971 Ipsa
3336 3909 3550 3952 vetera-

1960 4010 2156 4066 scent,
2192 4018 2212 4052 »
2270 4008 2463 4069 utpote
2508 4008 2751 4054 creatam
2793 3996 3049 4052 habentia
3096 4000 3390 4056 naturam;
3427 3986 3548 4042 Filii

1959 4108 2090 4149 vero
2115 4111 2134 4145 ι
2166 4091 2298 4146 anni
2334 4104 2443 4144 non
2479 4090 2731 4146 deﬁcient
2753 4088 2865 4143 M:
2898 4106 2916 4140 ι
2956 4085 3225 4155 quomodo
3259 4081 3365 4136 erit
3411 4079 3553 4146 ejus-

1960 4183 2082 4239 dem
2120 4190 2330 4237 natura:
2370 4194 2494 4234 cum
2532 4179 2741 4249 angelis
2780 4177 2970 4243 Filius,
2997 4190 3118 4231 cum
3155 4170 3389 4228 conditis
3421 4183 3551 4223 con-

1960 4271 2122 4336 ditor,
2162 4283 2286 4324 cum
2334 4267 2537 4324 creatis
2573 4277 2813 4334 creator,
2867 4281 2992 4322 cum
3024 4261 3356 4319 transitoriis
3390 4266 3554 4312 aeter-

1958 4363 2100 4419 nus?
2127 4362 2260 4418 Nam
2288 4361 2392 4418 etsi
2436 4360 2659 4433 angelus
2706 4359 3017 4416 immortale
3043 4354 3298 4428 quiddam
3335 4350 3426 4415 sit,
3471 4349 3550 4403 id-

1960 4470 2066 4525 que
2099 4470 2166 4509 οι
2198 4453 2478 4510 voluntate
2505 4462 2560 4509 et
2589 4452 2855 4508 beneﬁcio
2885 4448 3185 4513 Creatoris,
3214 4460 3337 4502 cum
3367 4454 3549 4497 tamen

1963 4547 2258 4604 exsistendi
2301 4546 2628 4619 principium
2676 4547 2896 4611 habeat,
2943 4551 3124 4614 potest
3171 4540 3337 4596 etiam
3388 4535 3550 4591 ﬁnem

1961 4639 2169 4697 sortiri.
2196 4637 2487 4694 Naturales
2515 4637 2664 4694 enim
2695 4633 3092 4707 praerogativae,
3121 4645 3242 4698 quae
3273 4624 3551 4684 nonnullis

1961 4732 2230 4789 creaturis
2260 4730 2468 4795 insunt,
2500 4729 2694 4783 valida:
2724 4736 2851 4782 sunt
2881 4743 2896 4780 :
2927 4722 3067 4793 apud
3098 4721 3268 4775 Deum
3295 4731 3429 4770 vero
3458 4716 3552 4784 qui

1961 4840 2055 4882 eas
2086 4825 2313 4893 creavit,
2355 4823 2492 4879 nihil
2522 4831 2670 4879 sunt.
2712 4815 3177 4887 Quemadmodum
3215 4812 3379 4882 igitur
3408 4809 3551 4878 ignis

1962 4915 2153 4971 ureudi
2189 4916 2298 4970 vim
2328 4915 2513 4978 habet,
2550 4912 2647 4967 sed
2677 4926 2783 4966 non
2824 4909 2974 4974 Deo;
3012 4907 3088 4960 ita
3120 4912 3176 4959 et
3200 4901 3422 4971 angelus
3452 4899 3554 4952 im-

1963 5008 2212 5063 mortalis
2241 5008 2460 5078 quidem
2500 5014 2612 5073 est,
2645 5004 2737 5060 sed
2780 5015 2884 5057 non
2923 4999 3054 5053 Deo.
3086 4994 3205 5066 Ipse
3231 4993 3373 5048 enim
3404 4991 3553 5045 solus

1964 5098 2184 5167 proprie
2225 5105 2309 5152 est
2355 5094 2702 5159 immortalis,
2751 5089 3093 5155 naturaliter,
3147 5101 3252 5141 non
3284 5098 3379 5154 per
3425 5096 3551 5151 gra-

1970 5189 2099 5243 tiam
2132 5199 2190 5244 ut
2212 5198 2490 5253 creatura,
2517 5187 2826 5243 ﬁrmitatem
2867 5185 3011 5240 illam
3045 5190 3098 5238 et
3132 5175 3547 5250 perpetuitatem

1966 5277 2019 5332 in
2057 5292 2117 5334 se
2156 5281 2381 5336 habens.

1966 5387 2199 5458 ALIUD,
2228 5407 2348 5445 cum
2382 5390 2849 5453 demonstratione,
2880 5386 3019 5456 quod
3049 5381 3223 5454 angeli
3251 5368 3355 5435 sint
3387 5378 3545 5444 servi,

2322 5459 2497 5516 Filius
2528 5477 2669 5525 vero,
2701 5458 2980 5512 Dominus.

2036 5569 2094 5626 Si
2130 5587 2290 5628 nemo
2319 5580 2498 5642 potest
2534 5571 2814 5627 remittere
2849 5575 3096 5638 peccata,
3133 5562 3294 5635 205
3324 5562 3424 5618 nisi
3456 5577 3546 5616 so—

1963 5660 2048 5716 lus
2090 5662 2251 5728 Deus,
2306 5662 2536 5717 remittit
2583 5674 2713 5715 vero
2766 5659 2936 5713 Filius
2969 5675 2985 5712 :
3015 5657 3162 5712 Deus
3207 5658 3390 5725 itaque
3441 5664 3546 5717 est,

1962 5768 2139 5825 neque
2167 5755 2439 5811 creaturis
2472 5752 2936 5810 annumerandus.
2970 5753 3161 5822 Augeli
3189 5750 3333 5807 enim
3365 5757 3547 5814 orant,
