3996 6408
548 366 654 449 an
1564 398 1623 454 s.
1667 398 1946 455 cvniLu
1988 397 2459 460 ALEXANDRINI
2494 406 2815 466 ARCHIEP.
3394 420 3403 431 ·
3710 420 3823 476 διε

546 507 789 561 dicentes
832 512 859 560 :'
890 528 908 559 ι
957 507 1184 569 Domine
1237 513 1618 583 omnipotens,
1679 531 1963 588 usquequo
2011 533 2118 574 non

2241 519 2474 589 ιέγοντες
2496 542 2511 556 ο
2570 544 2590 577 ι
2624 525 2797 598 Κύριε
2834 531 3253 605 παντοκράτωρ,
3285 532 3392 599 ἕως
3444 534 3587 600 τίνος
3625 536 3688 590 οὐ
3740 539 3819 611 μὴ

543 594 822 653 misereris
860 596 1188 668 Jerusalem,
1243 612 1298 658 et
1351 606 1563 661 urbium
1618 605 1894 664 Juda‘?»
1951 611 2121 671 Filius

2234 609 2455 684 ἐλεήσῃς
2487 615 2585 686 τὴν
2625 594 2983 691 Ἰερουσαλὴμ
3027 594 3123 677 καὶ
3317 594 3505 690 πόλεις
3551 594 3756 693 ’ίούδαξ

543 702 676 744 vero
707 703 827 743 cum
861 700 1131 761 potestate
1163 695 1292 750 dicit
1320 716 1333 751 :
1371 715 1390 748 ι
1424 696 1616 767 Homo,
1649 700 1994 759 dimittuntur
2027 705 2120 762 tibi

2242 700 2295 753 Ὀ
2341 700 2395 754 δὲ
2430 703 2557 767 Υίὸς
2603 703 3063 774 ὲξουσιαστικῶςο
3123 732 3142 763 ι
3174 714 3489 786 ¹Ἀνθρωπε,
3534 716 3820 785 ἀφέωνταί

540 789 762 847 peccata
797 791 883 836 tua
908 782 950 839 °.
980 803 1000 836 ι
1039 783 1154 840 Non
1183 796 1266 841 est
1298 788 1459 860 igitur
1489 789 1729 859 ejusdem
1754 794 1970 865 generis
1997 812 2118 852 cum

2248 808 2307 845 iOt
2338 792 2395 845 ai
2420 793 2707 867 ἁμαρτίαι.
2738 817 2757 850 ι
2791 801 2904 871 Οὐχ
2929 803 3190 872 ὁμογενὲς
3216 782 3452 879 οῦν-ἄρα
3472 807 3552 877 τῷ
3570 782 3826 881 δεσπότῃ

539 869 758 926 domino
781 887 990 941 servus,
1035 890 1211 948 neque
1236 880 1285 935 ei
1311 880 1401 950 qui
1442 879 1669 954 largitur
1699 884 1744 945 is
1790 886 1881 957 qui
1903 889 2038 958 petit
2063 897 2117 945 ut

2239 876 2280 930 :6
2312 877 2530 944 δοῦλον,
2559 882 2682 937 οὐτε
2712 886 2794 958 τῷ
2823 869 3176 964 χαριζομένῳ
3199 894 3261 947 τὸ
3310 869 3499 951 αἱτοῦν
3520 869 3614 952 ἶνα

537 963 789 1033 accipiat.
964 970 967 971 ⁷

533 1051 747 1111 ALIUD
773 1058 895 1112 huic
927 1060 1118 1127 simile,
1152 1060 1495 1191 (Gilosdsfrigrs
1520 1085 1623 1123 non
1651 1069 1721 1124 sit
1750 1086 2111 1129 annumeran-

2293 1059 2479 1116 AAAO
2507 1063 2697 1129 τούτῳ
2723 1064 2946 1194 ὅμοιοιὲ,
3094 1074 3207 1128 οὐκ
3232 1074 3304 1129 ἐν
3332 1075 3458 1144 τοῖς
3485 1076 3741 1147 δούλοις

3041 1160 3126 1208 ος.

603 1234 749 1293 Deus
790 1240 1084 1311 prophetas
1132 1244 1316 1309 mittit,
1350 1247 1438 1315 qui
1479 1249 1699 1319 exigant
1748 1249 1985 1307 fructum
2034 1254 2113 1307 vi-

2300 1225 2644 1282 Ἀποστέλλει
2675 1230 2799 1297 τοὺς
2835 1236 3122 1306 προφήτας
3148 1239 3177 1291 6
3203 1238 3339 1303 Θεὸς
3367 1239 3679 1313 ἀπαιτῆσαι
3705 1244 3815 1297 τοῦ

527 1343 669 1396 near,
711 1331 828 1400 qui,
866 1346 1224 1405 praeterquam
1261 1339 1405 1408 quod
1447 1340 1580 1394 nihil
1630 1356 1976 1413 acceperunt,
2031 1347 2105 1402 in-

528 1420 744 1460 lnrfnnli
786 1435 907 1460 anni
986 1426 1245 1460 anunln-
1294 1442 1345 1460 ..ι
1384 1431 1640 1460 ΠΑηριε-..η
1698 1434 1872 1460 .I-I.:.-
1919 1439 2074 1460 ---ΛΑ

2239 1316 2535 1387 ιμπελῶνος
2560 1321 2686 1387 τοὺς
2718 1329 2986 1397 καρποὺς,
3020 1330 3071 1383 οἳ
3101 1330 3239 1401 πρὸς
3269 1330 3347 1405 τῷ
3376 1333 3513 1403 μηδὲ
3539 1334 3817 1391 δύνασθαι

2239 1408 2415 1460 ασείν.
2452 1411 2549 1460 καὶ
2569 1413 2859 1460 ἀπέθανον-
2880 1418 2941 1460 Ὢ
2963 1418 3155 1460 Enn-6m
3185 1421 3262 1460 ,ἓν
3290 1423 3568 1460 ΛςηημΑ-τ-..ρ
3588 1428 3680 1460 υηδ
3706 1428 3817 1460 ολ...

528 1420 744 1477 terfecti
785 1435 931 1481 sunt.
985 1426 1265 1499 Servator,
1294 1442 1351 1485 ut
1382 1431 1665 1500 Dominus,
1695 1411 1875 1491 debita
1919 1439 2106 1494 remit-

2239 1411 2415 1474 ασεῑν,
2452 1411 2549 1464 καὶ⁵
2569 1413 2860 1472 ἀπέθανον.
2880 1418 2941 1471 '0
2960 1418 3155 1491 Σωτὴρ
3185 1421 3262 1485 ὡς
3287 1423 3568 1496 Δεσπότης
3588 1428 3685 1481 καὶ
3706 1428 3817 1493 τὰς

2245 1498 2431 1532 una-1A..-
2457 1503 2644 1532 ικι--.
2687 1507 2777 1532 ...Α
2812 1508 2890 1532 -2-
2921 1510 3101 1532 1-1--..
3124 1530 3136 1532 μ
3264 1531 3303 1532 ,,
3385 1515 3399 1532 ο
3656 1518 3700 1532 ηι

527 1510 613 1575 tit,
648 1522 704 1565 et
735 1514 789 1567 in
820 1515 957 1571 alios
991 1518 1215 1578 colonos
1238 1524 1497 1580 transfert
1532 1525 1743 1582 vineam
1769 1528 1811 1595 ⁷,
1847 1541 1906 1585 ut
1944 1530 2105 1588 herus

2243 1498 2431 1568 φειλάς
2453 1503 2671 1574 ἀφίησι,
2687 1507 2782 1561 καὶ
2809 1508 2890 1572 είς
2917 1510 3138 1583 ἑτέρους
3163 1515 3446 1585 γεωργοὺς
3472 1518 3816 1592 μετατίθησι

2238 1586 2300 1620 ιλιι
2327 1589 2621 1620 Iun—.33...-
2656 1592 2731 1620 Δ.-
2781 1597 3003 1620 §--_1__
3033 1618 3042 1620 _
3096 1619 3099 1620 ,
3165 1603 3177 1620 ε
3232 1605 3274 1620 υ
3299 1604 3310 1620 ο
3602 1610 3616 1620 .

526 1609 581 1654 ct
613 1601 911 1674 Dominus;
973 1609 1067 1664 sed
1127 1619 1183 1667 et
1232 1614 1411 1685 angeli
1462 1616 1921 1675 administrationi
1975 1621 2104 1693 legis

2236 1586 2300 1641 τὸν
2324 1589 2625 1660 ἀμπελῶνα
2654 1592 2731 1659 ὡς
2776 1597 3043 1670 δεσπότης
3092 1603 3187 1657 καὶ
3231 1604 3439 1677 Κύριος
3460 1586 3483 1637 ’⁷
3514 1586 3814 1678 φαίνονται

531 1691 850 1752 inserviisse
882 1704 1309 1772 comperiuntur,
1343 1717 1396 1762 et
1432 1709 1565 1764 nihil
1599 1724 1786 1766 eorum
1827 1730 1950 1784 qua:
1982 1715 2109 1773 fecit

531 1783 695 1810 ΠΖΙῘ-.-
750 1787 941 1810 Ω--ἓ---
1011 1793 1049 1810 tu
1224 1806 1234 1810 -
1265 1797 1278 1810 ο
1322 1799 1354 1810 ,Α
1494 1802 1508 1810 .
1597 1803 1613 1810 -
1906 1808 1915 1810 ε

2243 1679 2265 1734 ὲ
2305 1682 2402 1736 καὶ
2434 1686 2502 1757 τῇ
2536 1685 2632 1739 τοῦ
2668 1687 2833 1759 νόμου
2867 1692 3115 1767 διακονίᾳ
3158 1697 3608 1771 ὑπηρετήσαντες
3641 1705 3821 1774 ἅγγε-

2243 1790 2285 1810 νυ
2345 1776 2435 1810 ma
2471 1780 2801 1810 nutu“---
2838 1786 2993 1810 ,ηιη
3022 1782 3091 1810 π..
3131 1791 3250 1810 ιω,
3423 1795 3436 1810 .
3479 1795 3574 1810 ν...
3669 1799 3733 1810 η.

528 1783 718 1852 Filius,
749 1787 966 1847 fecisse.
1006 1793 1120 1849 Non
1158 1806 1241 1852 est
1265 1797 1431 1870 igitur
1460 1802 1703 1873 ejusdem
1735 1772 1949 1876 generis
1978 1824 2100 1864 cum

2240 1790 2309 1840 οι,
2345 1776 2441 1830 καὶ
2471 1780 2801 1852 ποιήσαντες
2837 1786 2993 1841 οὐδὲν
3017 1782 3092 1842 ὧν
3126 1791 3387 1864 ἐποίησεν
3412 1795 3442 1847 6
3479 1795 3630 1861 Υἱός.
3664 1772 3818 1852 Οὐκ-

527 1879 731 1948 angclis
776 1879 980 1952 Filius,
1025 1886 1120 1942 sed
1157 1864 1417 1960 Magister
1444 1864 1507 1949 et
1536 1864 1818 1954 Dominus.

2238 1864 2303 1921 ῦν
2331 1868 2430 1939 οὐχ
2460 1869 2730 1946 ὁμογενὴς
2754 1876 3011 1948 ἀγγέλοις
3036 1882 3206 1951 ἐστὶν,
3232 1885 3373 1940 ἀλλὰ
3398 1889 3685 1959 Δεσπότης
3714 1891 3816 1945 καὶ

2238 1970 2452 2015 ιυοιος.·
2504 1988 2525 2015 ο

2264 1970 2452 2033 ύριος.¹
2504 1988 2525 2017 σ

520 2051 761 2163 ALIUD],
792 2058 1552 2163 δὲτρίὶεαιεὶιιές-,ῃιμιοά,ἱίίιιάἍι
1585 2072 1988 2163 μιμηθεμοιιιε
2024 2094 2098 2138 est

2234 2053 2390 2110 ιΛΛυ
2410 2096 2426 2119 ,
2452 2056 2898 2163 ῥιηζημιζιξικῶς
2926 2064 3016 2154 ὅτι
3059 2066 3129 2121 t6
3154 2086 3185 2157 ,ι
3216 2070 3536 2163 Κρείττωνέ
3560 2076 3812 2163 γενόμε-

588 2128 790 2220 qngelils
811 2129 855 2191 ⁸,
896 2148 915 2181 ι
936 2133 1021 2213 .ad
1051 2128 1411 2203 di/férentiam
1450 2128 1984 2205 administrationum
2018 2171 2104 2209 re-

2275 2142 2384 2192 νος
2404 2128 2525 2182 τῶν
2548 2128 2856 2220 ,ἀαγηῖέλωγὲ
2873 2128 2904 2220 ρ
2949 2137 3063 2220 οιζκ
3105 2128 3332 2220 οὐσιῶν
3355 2128 3623 2213 εἰσφέρει
3656 2128 3808 2215 03r-

590 2198 865 2263 ferendum
902 2202 993 2257 sit.
1110 2198 1136 2203 ”
1744 2198 1767 2200 ἡ
2046 2198 2070 2209 ⁷

2019 2198 2070 2209 ’⁷
2276 2211 2498 2265 κρισιν,
2533 2198 2698 2256 ἀλλὰ
2724 2203 2971 2273 μᾶλλον
3002 2206 3341 2267 διακονιῶν.
3427 2260 3446 2282 ,

592 2304 792 2364 Paulus
814 2310 879 2364 de
916 2311 1055 2368 Filio
1087 2316 1259 2386 inquit
1289 2336 1303 2374 :
1343 2340 1362 2373 ι
1393 2323 1568 2380 Tanto
1592 2327 1781 2384 melior
1807 2330 1982 2390 iactus
2006 2351 2103 2393 an-

2281 2328 2301 2362 ι
2332 2311 2585 2385 Τοσούτῳ
2631 2315 2900 2386 κρείττων
2946 2321 3238 2391 γενόμενος
3286 2325 3397 2381 τῶν
3453 2328 3734 2397 ἀγγέλων,
3766 2351 3791 2383 ι

519 2398 653 2465 gelis
683 2414 698 2453 :
734 2420 754 2452 ι
794 2418 898 2458 non
953 2409 1097 2475 quod
1147 2409 1240 2465 Dei
1283 2411 1443 2469 Verbi
1485 2426 1735 2474 naturam
1784 2426 2097 2496 angelorum

2216 2402 2298 2455 ἐπὶ
2325 2403 2422 2457 τοῦ
2454 2405 2589 2459 Υίοῦ
2622 2425 2787 2478 φησιν
2827 2412 2855 2464 6
2895 2411 3131 2477 Παῦλος,
3167 2417 3229 2470 οὐ
3259 2420 3328 2490 τῇ
3361 2418 3524 2487 φύσει
3555 2422 3669 2474 τῶν
3698 2425 3794 2492 ἀγ-

521 2500 733 2548 naturaz
762 2509 1081 2566 comparare
1121 2502 1267 2570 velit,
1305 2522 1481 2580 neque
1525 2512 1812 2572 dissimiles
1843 2521 2099 2576 substan-

2227 2491 2378 2548 ’έλων
2408 2495 2508 2567 τὴν
2538 2497 2639 2550 τοῦ
2665 2498 2800 2552 Θεοῦ
2818 2502 2995 2570 Λόγου
3028 2504 3418 2576 συγκρίνεσθαι
3454 2509 3648 2577 θέλων,
3676 2513 3805 2568 οὐδὲ

515 2580 618 2637 tias
657 2585 846 2640 eodem
893 2591 1055 2645 modo
1102 2607 1167 2648 ac
1219 2600 1431 2654 ratione
1474 2604 1747 2662 examinet
1778 2609 1912 2677 (Deo
1955 2614 2093 2668 enini

2228 2585 2308 2640 λῶν
2331 2588 2602 2659 ἀνομοίων
2632 2593 2833 2647 οὐσιῶν
2860 2593 3039 2660 ὲξίσου
3073 2598 3398 2671 ποιούμενος
3424 2603 3524 2675 τὴν
3548 2604 3806 2669 ἐξέτασιν

514 2677 649 2730 nihil
689 2683 1017 2749 comparari,
1057 2697 1149 2740 aut
1178 2688 1416 2746 conferri
1456 2697 1682 2769 potest),
1725 2702 1819 2755 sed
1863 2704 2092 2759 admini-

2223 2679 2552 2753 ἀσύγκριτον
2568 2682 2677 2755 γὰρ
2704 2687 2938 2757 πρᾶγμα
2965 2689 3218 2763 θεότητος
3241 2694 3337 2747 καὶ
3353 2695 3801 2768 ἀπαράϐλητον),

513 2772 838 2827 strationum
866 2772 1206 2835 diﬂ'ere'nlias
1236 2787 1509 2855 proponit,
1554 2798 1614 2843 ut
1642 2806 1708 2845 ex
1743 2795 2091 2851 administra-

2227 2770 2336 2826 ιλλὰ
2367 2773 2466 2844 τὴν
2507 2776 2599 2828 ἐπὶ
2626 2779 2744 2841 ταῖς
2772 2777 3072 2845 διακονίαις
3101 2783 3370 2857 εἰσφέρων
3397 2787 3689 2860 διαφορὰν,
3729 2793 3805 2846 ἵν’

514 2861 661 2915 tione
690 2878 812 2933 qua:
859 2866 1054 2937 cuique
1094 2854 1381 2929 commissa
1436 2890 1542 2945 est,
1585 2883 1713 2951 quid
1759 2885 1988 2955 quisque
2025 2889 2092 2944 sit

2227 2864 2293 2931 :(p’
2326 2854 2401 2918 ὧν
2433 2864 2662 2931 ἕκαστος
2692 2869 2986 2939 ἐπιστεύθη
3015 2873 3109 2925 καὶ
3153 2874 3528 2950 ᾠκονόμησεν,
3564 2884 3630 2934 ὲκ
3669 2885 3805 2939 τού-

510 2963 890 3022 cognoscatur.
926 2959 1079 3027 Quod
1128 2980 1256 3018 vero
1288 2986 1307 3017 ι
1342 2967 1535 3024 melior
1565 2990 1585 3023 ι
1637 2974 1702 3026 ad
1734 2978 2088 3045 comparatio-

2224 2972 2304 3009 tov
2330 2957 2478 3020 ὅστις
2510 2958 2596 3030 εἴη
2641 2960 3131 3033 γινώσκηται.”οτι
3158 2965 3216 3019 δὲ
3239 2967 3299 3021 τὸ
3332 2988 3350 3021 ι
3378 2972 3648 3042 κρείττων
3670 2995 3692 3028 ›
3721 2977 3802 3042 ὡς

511 3057 634 3096 nem
681 3045 1168 3109 administrationis
1234 3059 1551 3127 angelorum
1616 3064 1935 3125 referendus
1981 3071 2089 3138 sit,

2223 3048 2335 3120 ιρὸς
2368 3049 2466 3122 τὴν
2488 3049 2598 3104 τῶν
2625 3052 2874 3122 ἀγγέλων
2899 3055 3179 3110 διακονίαν
3204 3059 3321 3129 ἔχει
3348 3061 3449 3133 τὴν
3473 3063 3801 3137 σύγκρισιν,

509 3132 631 3188 inde
688 3136 976 3195 manifeste
1030 3156 1285 3201 constat:
1329 3152 1671 3221 propositum
1721 3168 1838 3212 erat
1886 3158 2087 3229 Paulo,

2224 3141 2394 3196 ’ένοιτ’
2429 3142 2495 3197 ἂν
2539 3144 2752 3199 ἐνθένδε
2782 3150 3111 3219 καταφανές·
3150 3151 3357 3217 Σκοπὸς
3384 3150 3453 3228 ἦν
3478 3132 3562 3228 τῷ⁷
3589 3132 3802 3233 Ιίαύλῳ

507 3229 793 3285 ostendere
822 3245 941 3300 quae
982 3250 1079 3305 per
1111 3237 1391 3295 Christum
1434 3217 1876 3312 praedicabantur
1905 3217 2085 3324 legali:

2225 3233 2486 3307 ερείττονα
2512 3233 2619 3290 τῶν
2645 3237 2885 3307 νομικῶν
2914 3217 3266 3312 ὲήνταλμάτων
3294 3217 3559 3314 ἐπιδεῖξαι
3602 3251 3676 3304 τα
3704 3217 3803 3307 διά

508 3319 610 3374 hus
634 3325 919 3394 princeptis
947 3327 1102 3398 longe
1139 3336 1519 3401 praestantiora
1559 3353 1701 3396 esse.
1737 3340 1893 3399 Unde
1928 3319 2086 3416 igitur

2221 3326 2433 3397 ίριστοῦ
2482 3329 2884 3401 κηρυττόμενα.
2917 3331 3093 3387 Πόθεν
3122 3331 3219 3388 οὖν
3245 3339 3480 3392 ποιεῖται
3516 3342 3621 3407 τὰς
3652 3345 3799 3400 ἀπο-

507 3410 612 3466 hoc
640 3414 1018 3474 demonstrat?
1052 3422 1133 3477 Ad
1163 3424 1635 3485 administratores
1678 3447 1736 3487 se
1775 3439 2045 3493 convertit
2074 3459 2085 3495 :

2218 3419 2420 3489 ῐείξεις;
2464 3422 2588 3475 Ἐπὶ
2613 3422 2740 3486 τοὺς
2768 3423 3153 3492 διακονοῦντας
3180 3433 3480 3501 χωρεϊ,καὶ
3514 3439 3639 3500 ταῖς
3663 3441 3796 3492 τού-

500 3513 559 3557 et
604 3518 669 3559 ex
713 3521 900 3563 eorum
935 3510 1237 3568 diﬂ‘erentia
1283 3532 1346 3571 ea
1387 3533 1507 3588 quze
1538 3535 1637 3592 per
1686 3522 1830 3594 ipsos
1861 3529 2078 3586 admini-

2214 3525 2299 3562 των
2326 3510 2615 3582 διαφοραῖς
2640 3513 2921 3583 ἀναλόγως
2951 3515 3124 3586 ὁρίζει
3153 3520 3222 3573 τά
3255 3520 3348 3573 ὐπ’
3369 3523 3551 3577 αὐτῶν
3599 3526 3792 3582 διακο-

501 3603 670 3650 strata
721 3609 846 3654 sunt
898 3604 1153 3663 aestimat.
1191 3608 1385 3678 Angeli
1437 3626 1568 3683 ergo
1598 3614 1981 3676 administrant
2015 3624 2079 3678 le-

2216 3600 2450 3673 ιούμενα.
2472 3603 2730 3673 ’Ἄγγελοι
2766 3607 2863 3677 μὲν
2891 3602 2986 3662 οῦν
3009 3608 3318 3665 διακονοῦσι
3347 3613 3442 3667 τὸν
3470 3616 3666 3686 νόμον,
3697 3621 3794 3675 καὶ

499 3702 643 3757 gem,
678 3697 733 3743 et
768 3706 866 3759 per
890 3707 983 3748 eos
1016 3699 1367 3766 pronuntiata
1394 3711 1516 3771 est;
1548 3703 1719 3764 Filius
1769 3725 1900 3767 vero
1932 3715 2077 3769 noti-

2206 3694 2435 3749 ιαλεῖται
2485 3696 2554 3750 δι’
2588 3699 2772 3753 αὐτῶν
2793 3716 2806 3731 ·
2831 3698 2859 3754 6
2890 3701 2947 3756 δὲ
2970 3703 3119 3771 Υἱὸς,
3149 3706 3249 3778 τὴν
3276 3706 3503 3763 διάτῶν
3542 3711 3784 3783 Εὐαγγέ-

498 3778 631 3833 tiam
662 3794 853 3836 eorum
885 3800 1006 3854 quze
1030 3802 1128 3855 per
1147 3786 1498 3861 Evangelium
1528 3800 1923 3858 annuntiantur
1945 3821 2076 3876 pra:-

2194 3785 2322 3842 λίων
2352 3787 2614 3860 κηρύττει
2644 3791 2867 3861 γνῶσιν.
2886 3793 3049 3850 Ἀλλὰ
3077 3797 3365 3868 κρείττων,
3397 3803 3585 3872 φησὶν,
3611 3806 3641 3858 6
3658 3778 3772 3870 Ῠίὸς

497 3873 663 3929 dicat.
696 3876 864 3949 Atqui
905 3880 1115 3946 melior,
1149 3882 1343 3954 inquit,
1377 3898 1461 3943 est
1480 3888 1650 3948 Filius
1681 3910 1840 3963 quam
1873 3873 2075 3972 angeli;

2204 3878 2297 3933 τῶν
2346 3880 2618 3950 ἀγγέλων·
2666 3884 2804 3940 καθὸ
2846 3887 2957 3942 τῶν
3002 3890 3304 3961 ἀμεινόνων
3337 3896 3579 3968 κατέστη
3603 3899 3782 3954 διάκοο

392 3950 397 3957 ’
495 3979 765 4037 quatenus
807 3972 1162 4030 excellentior
1212 3978 1614 4043 administratio
1669 3988 1743 4044 illi
1793 4007 1968 4048 comm

2210 3988 2300 4035 νος,
2328 3971 2472 4025 κατὰ
2499 3972 2660 4028 τοῦτο
2686 3977 2974 4048 κρείττων.
3010 3985 3349 4038 Διακονεῖται
3388 3986 3444 4039 δὲ
3470 3990 3540 4042 τὰ
3572 3991 3788 4060 μεγάλα

495 4070 602 4127 est,
630 4078 693 4119 ea
729 4065 941 4121 ratione
968 4067 1165 4124 melior
1192 4082 1296 4128 est.
1325 4075 1791 4139 Administrantur
1820 4088 1963 4142 enim
1997 4104 2073 4146 res

2212 4064 2276 4119 ἰιά
2306 4065 2578 4136 μεγάλων,
2606 4069 2701 4122 καὶ
2734 4068 2804 4123 τὰ
2836 4073 3010 4143 μικρά
3042 4074 3131 4129 διὰ
3171 4076 3281 4129 τῶν
3315 4081 3549 4150 μικρῶν.
3592 4083 3790 4152 Μέγας

498 4171 710 4227 magna;
749 4172 777 4212 a
816 4160 1049 4230 magnis,
1096 4174 1147 4219 et
1183 4180 1363 4234 parva:
1403 4184 1431 4222 a
1468 4174 1671 4241 parvis.
1717 4177 1948 4247 Magnus
1986 4197 2076 4237 au-

2217 4153 2244 4207 ὲ
2294 4156 2324 4208 6
2372 4155 2692 4222 Υίὸς,καθὸ
2740 4160 3088 4235 ἀπαύγασμα
3135 4167 3231 4221 καὶ
3279 4171 3593 4252 χαρακτὴρ,
3651 4174 3795 4229 καθὸ

493 4256 601 4302 tem
651 4259 735 4304 est
768 4251 957 4317 Filius,
1005 4265 1272 4325 quatenus
1324 4271 1408 4317 est
1471 4264 1729 4334 splendor
1780 4246 1835 4325 et
1884 4272 2071 4329 chara-

2216 4246 2409 4302 εκούειο
2443 4268 2462 4302 ι
2494 4249 2682 4306 Κάθου
2714 4254 2778 4307 ὲκ
2808 4252 2998 4321 δεξιῶν
3039 4275 3164 4326 μου·
3198 4278 3216 4313 ι
3264 4262 3398 4317 καθὸ
3434 4247 3794 4335 πρωτότοκος

491 4343 686 4410 cter’,
732 4352 786 4398 et
837 4357 1108 4416 quatenus
1150 4352 1200 4406 ei
1248 4352 1448 4409 dicitur
1491 4372 1503 4409 :
1544 4374 1570 4408 ι
1602 4356 1745 4414 Sede
1792 4375 1822 4415 a
1873 4363 2069 4424 dextris

2225 4342 2283 4394 αἱ
2328 4342 2420 4396 ὐπ’
2450 4343 2632 4397 αὐτῶν
2664 4345 2915 4415 ἀγγέλων
2945 4351 3444 4425 προσκυνούμενος.
3482 4358 3548 4411 Οί
3588 4359 3649 4413 δὲ
3686 4362 3798 4433 ἀγ-

490 4434 628 4487 meis
653 4435 729 4503 “;
767 4455 788 4489 ι
833 4448 1105 4508 quatenus
1138 4444 1550 4516 primogenitus,
1592 4459 1648 4504 et
1687 4452 1753 4507 ab
1800 4453 1932 4523 ipsis
1977 4475 2068 4514 an.

494 4525 622 4546 μη-
662 4542 680 4546 _
831 4539 843 4546 .
985 4534 1000 4546 .
1129 4534 1161 4546 ..
1732 4544 1743 4546 _
1804 4544 1812 4546 -

2220 4434 2358 4500 ελοι,
2383 4435 2589 4491 τούτων
2619 4437 2793 4503 οὐδὲν,
2830 4439 2947 4494 ἀλλ’
2974 4441 3025 4494 οἱ
3059 4443 3159 4513 μὲν
3186 4444 3264 4510 ὡς
3293 4445 3604 4521 λειτουργοὶ
3641 4469 3798 4525 παρ-

487 4525 625 4595 gelis
657 4528 941 4587 adoratur.
972 4534 1162 4602 Augeli
1191 4551 1320 4589 vero
1344 4537 1478 4592 nihil
1506 4554 1697 4595 eorum
1731 4544 1949 4612 habent,
1981 4552 2065 4605 sed

2223 4527 2506 4599 στήκασιν,
2554 4528 2633 4593 ὡς
2676 4528 2854 4583 δοῦλοι
2904 4534 3328 4602 προσκυνοῦσιν,
3378 4536 3457 4604 ὡς
3504 4541 3801 4615 ὑπηρέται

489 4627 552 4671 ιιι
605 4620 838 4676 ministri
893 4623 1285 4694 circumstant,
1319 4638 1377 4683 ut
1420 4631 1561 4685 servi
1613 4632 1780 4707 206
1824 4639 2067 4709 adorant,

2221 4618 2437 4691 ρέχουσι
2470 4620 2558 4674 διὰ
2582 4622 2708 4687 τοὺς
2742 4623 3037 4693 μέλλοντας
3080 4625 3441 4701 κληρονομεῖν
3475 4637 3797 4707 σωτηρίαν.

489 4710 967 4785 ministeriumque
1006 4732 1162 4772 suum
1192 4730 1453 4787 praestant
1488 4733 1715 4791 prOptcr
1748 4743 1843 4783 eos
1872 4733 1963 4800 qui
1992 4748 2067 4789 sa-

2217 4711 2465 4783 ἱρείττων
2495 4713 2605 4788 ἄρα
2630 4715 2724 4768 τοῦ
2759 4716 3012 4788 Σωτῆρος
3037 4720 3070 4789 ἡ
3094 4717 3341 4776 διακονία
3367 4722 3472 4795 τῆς
3508 4724 3578 4778 δι’
3608 4727 3795 4799 ἀγγέ-

488 4801 656 4858 lutem
692 4816 819 4861 sunt
858 4810 1203 4865 consecuturi
1248 4812 1311 4864 “.
1356 4811 1534 4870 Tanto
1580 4814 1762 4885 itaque
1814 4833 2066 4888 praestan-

2216 4819 2311 4871 ων,
2341 4804 2561 4878 ὅσῳπερ
2591 4809 2620 4859 6
2650 4807 2750 4878 μὲν
2777 4810 2834 4862 ὲν
2862 4808 3096 4879 τούτοις,
3122 4811 3173 4865 oi
3204 4812 3261 4867 δὲ
3297 4815 3355 4868 ὲν
3396 4816 3650 4883 ἐκείνοις.
3677 4822 3794 4879 Διὰ

488 4894 596 4949 ιίυι·
622 4906 705 4952 est
736 4896 1137 4955 administratio
1177 4899 1489 4965 Servatoris
1541 4920 1702 4976 quam
1739 4912 2066 4983 angelorum,

2209 4895 2386 4968 utith
2419 4898 2709 4970 τοιγαροῦν
2741 4900 2837 4972 τὴν
2865 4902 3046 4977 αἰτίαν
3074 4905 3104 4957 6
3132 4904 3345 4972 Παῦλος
3372 4910 3471 4973 τὰς
3496 4909 3787 4981 διακονίας

485 4994 688 5053 quanto
724 5002 862 5042 unus
900 4988 1117 5056 quidem
1157 4989 1212 5045 in
1269 4992 1397 5057 illis,
1450 4994 1602 5051 alteri
1651 5010 1827 5056 autem
1881 5004 1934 5060 in
1986 5009 2063 5065 his

2214 4991 2466 5061 υγκρίναι
2489 4990 2736 5063 θελήσας,
2768 4993 2948 5063 λέγει’
2985 5015 3005 5048 ι
3034 4997 3319 5069 Κρείττων
3345 5002 3643 5073 γενόμενος
3663 5008 3792 5064 τῶν

487 5088 797 5134 versantur.
845 5076 995 5134 Hanc
1049 5081 1213 5151 igitur
1252 5085 1323 5140 ob
1372 5100 1590 5144 causam
1634 5090 1832 5151 Paulus
1884 5100 2065 5158 volens

2319 5082 2441 5137 λων.
2476 5085 2635 5139 »Ὅτε
2663 5085 2720 5138 δὲ
2755 5086 2850 5140 ἐπὶ
2889 5087 2989 5161 τὴν
3014 5089 3124 5143 τῶν
3152 5090 3351 5145 οὐσιῶν
3380 5091 3611 5165 ἔρχεται
3639 5098 3784 5171 σύγ-
3882 5120 3894 5131 ·

485 5182 805 5238 comparare
840 5169 984 5224 inter
1012 5186 1073 5226 se
1105 5171 1270 5229 hasce
1298 5175 1819 5253 administrationes,
1849 5190 2024 5261 inquit
2053 5213 2063 5250 :

2204 5193 2379 5247 :ptatv,
2414 5179 2597 5248 λέγει·
2635 5181 2819 5251 ("Octo
2851 5182 3253 5263 διαφορώτερον
3282 5186 3415 5255 παρ’
3445 5187 3654 5256 αὐτοὺς
3683 5169 3782 5249 κε-

491 5276 510 5309 ι
547 5258 738 5318 Melior
762 5260 938 5314 factus
970 5262 1195 5332 angelis.
1228 5282 1246 5315 ι
1290 5265 1426 5323 Cum
1458 5285 1587 5328 vero
1623 5276 1690 5329 ad
1732 5258 2068 5339 substantia-

2199 5271 2591 5345 ιληρονόμηκεν
2623 5271 2814 5346 ὄνομα.
2840 5292 2859 5326 ι
2882 5262 3101 5343 Οὐκέτι,
3126 5278 3400 5345 κρεῖττον
3417 5324 3432 5348 ,
3457 5285 3623 5350 ἀλλὰ,
3643 5286 3777 5342 δια-

487 5368 604 5407 rum
641 5352 1107 5421 comparationem
1146 5361 1312 5429 venit,
1364 5362 1582 5433 inquit:
1621 5386 1639 5419 ι
1673 5368 1885 5437 Quanto
1914 5376 2065 5433 dilic-

2197 5364 2534 5434 9opcbtepor,
2565 5363 2595 5418 6
2639 5365 2704 5424 δὴ
2753 5365 2849 5422 καὶ
2889 5366 3089 5439 πολλὴν
3121 5372 3367 5445 εἰσφέρει
3399 5375 3501 5449 τὴν
3536 5377 3775 5445 ἐξαλλα-

489 5446 700 5499 rentius
727 5443 978 5502 Christus
1011 5447 1118 5505 illis
1165 5466 1364 5509 nomen
1403 5458 1627 5514 sortitus
1657 5471 1741 5516 est
1761 5463 1823 5518 ¹².
1865 5484 1885 5518 ι
1936 5467 2052 5526 Non
2176 5458 2301 5529 γῆν·

480 5539 591 5607 jam
626 5537 703 5590 ait
741 5536 947 5605 melius,
981 5543 1075 5597 sed
1110 5544 1436 5615 di/fereutius
1461 5567 1480 5604 .·
1510 5555 1655 5623 quod
1688 5557 1905 5627 quidem
1947 5580 2065 5620 ma-

487 5644 647 5699 gnam
681 5629 1048 5689 diversitatem
1080 5637 1366 5709 significat.

496 5765 838 5902 “"qulitiﬁt:l
865 5774 953 5901 if.
1030 5779 1429 5854 'Matth.tx,2.
1510 5786 2096 5863 'Mattli.xxr,28-“.
2174 5798 2524 5872 Sliebr.t,L.
2611 5794 2871 5852 ’ibid.5.
2955 5796 3377 5905 "Dsal.crx,l-.
3455 5796 3765 5872 “ﬂebat.
