3996 6410
200 401 299 458 διε

270 596 356 651 καὶ
387 595 583 667 ,ιύσις
631 595 871 667 ags-{ﬂe
916 598 1006 667 εἰς
1042 597 1132 661 τὸ,
1172 615 1190 650 ι
1220 598 1493 663 Τοσούτῳ
1522 599 1810 667 κρείττων

273 666 585 739 γενόμενος
630 666 764 719 τῶν
797 666 1093 737 ἀγγέλων.
1125 685 1144 718 ι

282 781 379 834 Ὅτι
404 779 464 831 τὸ
500 797 518 827 ι
550 778 846 850 κρείττων
879 798 898 830 ι
948 778 1139 834 ἐνθάδε
1187 778 1493 849 τιθέμενον,
1529 780 1640 833 τῶν
1690 780 1810 834 δια-

222 869 413 927 κονικῶν
441 868 719 941 εἰσφέρει
753 869 858 942 τὴν
877 866 1188 941 σύγκρισιν,
1219 870 1567 940 γνωσόμεθα,
1590 869 1806 922 Παύλου

214 966 464 1031 umor
502 979 525 1011 ι
558 960 636 1014 Ei
696 961 814 1033 γάρ
864 961 896 1014 ό
938 960 1007 1014 δι’
1040 960 1287 1030 ἀγγέλων
1332 960 1582 1032 λαληθεὶς
1628 960 1805 1030 λόγος,

209 1056 399 1124 ἐγένετο
430 1051 698 1122 βέϐαιος,
737 1055 839 1107 καὶ
883 1056 1039 1108 πᾶσα
1076 1053 1391 1125 παράϐασις
1424 1053 1520 1108 καὶ
1550 1052 1806 1125 παρακοὴ

207 1148 371 1203 ἐλαϐεν
390 1146 614 1200 ἔνδικον
636 1146 1100 1218 μισθαποδοσίαν,
1120 1146 1237 1210 πῶς
1255 1147 1416 1218 ἡμεῖς
1430 1145 1808 1216 ἐκφευξόμεθα

202 1239 431 1310 τοιαύτης
456 1238 872 1311 ἀμελήσαντες
893 1238 1169 1311 σωτηρίας
1183 1278 1201 1304 ,
1227 1240 1350 1310 ἥτις
1370 1238 1548 1310 ἀρχὴν
1567 1238 1807 1293 λαϐοῦσα

198 1332 455 1388 λαλεῖσθαι
507 1330 611 1386 διὰ
656 1331 763 1386 τοῦ
799 1331 1033 1404 Κυρίου,
1059 1332 1165 1385 ὑπὸ
1192 1331 1302 1386 τῶν
1332 1330 1687 1385 ἀκουσάντων
1724 1332 1807 1396 είς

207 1427 334 1498 ἡμᾶς
355 1422 704 1494 ἑϐεϐαιὼθης
742 1443 764 1477 ι
805 1423 918 1479 Καὶ
939 1423 1104 1478 πάλιν
1123 1440 1138 1454 ·
1174 1443 1193 1475 ι
1214 1422 1512 1493 ’Δθετήσας
1531 1440 1617 1487 τις
1641 1424 1806 1495 νόμον

216 1519 441 1583 Eusenos,
457 1516 648 1588 χωρὶς
677 1515 992 1589 οἰκτιρμῶν
1009 1516 1101 1570 ἐπὶ
1124 1515 1277 1571 δυσὶν
1306 1514 1338 1587 ἢ
1361 1515 1508 1586 τρισὶ
1536 1516 1805 1588 μάρτυσιν

217 1615 547 1686 ἀποθνήσκει.
580 1613 764 1685 Πόσῳ
805 1613 1016 1668 δοκεῖτε
1044 1612 1289 1685 χείρονος
1323 1611 1688 1685 ἀξιωθήσεται
1718 1630 1803 1667 τι-

215 1708 402 1779 μωρίας
428 1709 457 1760 ὁ
481 1705 580 1760 τὸν
610 1705 756 1760 Υίδν
786 1705 883 1759 τοῦ
915 1704 1053 1760 Θεοῦ
1084 1706 1518 1776 καταπατήσας;
1551 1725 1570 1758 ι
1606 1705 1803 1760 Καίτοι

215 1800 260 1852 εί
299 1798 383 1852 διὰ
426 1798 485 1852 τὸ
531 1796 849 1868 κρείττονα
879 1796 1134 1865 λέγεσθαι
1178 1795 1286 1850 τῶν
1321 1796 1571 1865 ἀγγέλων
1613 1796 1799 1861 αὑτὸν,

1638 403 1921 464 THESAU
1930 405 2091 465 RUS.

202 522 526 601 παρέθεσῐις
564 523 831 601 Mter:
849 521 986 601 περὶ
1029 525 1488 601 ἀνθρωξδτητος
1524 527 1806 601 Χριστοῦι

1918 528 2196 599 Appendix
2242 530 2506 601 dictorum
2564 532 2630 585 de
2685 532 3016 589 Itmuam'tate
3070 535 3266 590 Christi
3289 553 3308 601 ,-

3406 418 3509 480 εει)

3372 555 3517 606 pra-

1990 608 2162 677 terea__
2186 600 2377 655 solutio
2429 601 2544 670 ejus
2604 603 2730 656 dicti
2766 619 2785 656 :
2823 620 2841 655 ι
2878 602 3048 659 Tanta
3096 600 3296 662 melibr’
3333 600 3511 677 fectus

1988 670 2210 739 angelis.
2246 689 2265 724 ι

1987 778 2143 847 Quod
2188 796 2290 837 vox
2336 800 2354 833 ι
2395 781 2608 847 melior,
2649 802 2667 835 ι
2694 797 2761 837 eo
2791 782 2911 839 loco
2936 771 3134 854 posita,
3166 788 3514 843 administra-

1918 873 2124 928 tionum
2178 876 2639 942 comparationem
2688 876 2976 945 signiticet,
3022 879 3388 948 intelligemus
3443 896 3509 936 ex

1916 965 2085 1021 Paulo
2124 965 2381 1022 dicente:
2424 985 2443 1018 ι
2482 964 2537 1021 Si
2573 968 2719 1021 enim
2767 970 2859 1038 qui
2912 986 3008 1039 per
3055 970 3278 1039 angelos
3328 971 3511 1028 dictus

1915 1062 2002 1110 est
2029 1069 2236 1119 sermo,
2280 1053 2460 1111 factus
2499 1065 2587 1112 est
2618 1056 2829 1123 ﬁrmus,
2860 1071 2914 1114 et
2958 1061 3007 1117 si
3035 1061 3212 1115 omnis
3244 1065 3508 1131 μιαινοιί-

1916 1149 2060 1202 catio
2085 1160 2141 1203 et
2180 1148 2551 1206 inobedientia
2595 1153 2807 1221 accepit
2836 1152 3044 1223 justam
3084 1154 3502 1219 retributionem

1916 1240 2206 1307 mercedis,
2241 1243 2519 1311 quomodo
2558 1258 2658 1299 nos
2700 1241 3044 1315 eﬂ‘ugiemus,
3080 1244 3125 1300 si
3162 1252 3369 1300 tantam
3408 1261 3509 1302 ne-

1915 1332 2243 1402 glexerimus
2288 1333 2519 1390 salutem
2586 1351 2729 1406 quae,
2773 1351 2895 1392 cum
2950 1336 3164 1392 initium
3212 1337 3511 1408 accepisset

1914 1423 2156 1478 enarrari
2203 1439 2301 1493 per
2350 1425 2664 1494 Dominum,
2719 1428 2787 1481 ab
2833 1428 2914 1482 eis
2955 1428 3047 1498 qui
3097 1428 3410 1495 audierunt,
3454 1430 3509 1484 iu

1914 1528 2014 1567 nos
2058 1514 2379 1569 conﬁrmata
2413 1524 2498 1570 est
2522 1515 2609 1572 "?
2643 1535 2659 1566 ι
2706 1517 2773 1572 Et
2807 1533 2998 1573 rursus
3026 1537 3040 1573 :
3074 1536 3096 1570 ι
3130 1516 3341 1573 lrritam
3389 1518 3512 1586 quis

1915 1603 2123 1659 faciens
2162 1604 2335 1674 legem
2371 1604 2531 1674 Mosi,
2585 1607 2706 1662 sine
2757 1600 2861 1662 ulla
2899 1609 3254 1665 miseratione
3289 1609 3340 1663 in
3372 1609 3509 1663 duo-

1914 1697 2015 1753 bus
2059 1706 2155 1751 aut
2186 1700 2358 1755 tribus
2399 1699 2630 1756 testibus
2662 1700 2918 1756 moritur.
2948 1700 3164 1767 Quanto
3207 1700 3381 1770 magis
3415 1715 3513 1768 pu-

1916 1792 2044 1844 tatis
2089 1807 2212 1844 eum
2265 1792 2515 1861 graviora
2570 1794 2768 1848 mereri
2820 1793 3114 1863 supplicia,
3171 1792 3264 1861 qui
3311 1790 3509 1847 Filium

220 1886 352 1945 εἶναι
368 1890 443 1943 δεῖ
464 1887 691 1951 πάντως
738 1887 933 1951 αὐτοῖς
960 1888 1057 1942 καὶ
1083 1887 1300 1958 ὁμοφυῆ
1333 1887 1412 1959 (αἱ
1436 1886 1546 1960 γὰρ
1577 1889 1806 1961 συγκρί-

1918 1884 2006 1937 Dei
2042 1881 2551 1937 conculcaverit“?
2581 1901 2602 1937 ι
2659 1883 2821 1953 Atqui
2872 1884 2941 1949 si,
2975 1883 3103 1953 quia
3149 1882 3268 1952 ipse
3314 1881 3513 1935 dicitur

233 2000 337 2046 σεις
350 1982 437 2035 ἐπὶ
446 1981 547 2035 τῶν
570 1980 838 2053 ἀλλήλοις
854 1979 1258 2054 προσεοικότων
1275 1979 1490 2049 φιλοῦσι
1507 1981 1805 2052 γίνεσθαι),

234 2074 285 2128 τί
311 2073 496 2143 μᾶλλον
524 2072 625 2126 ἔδει
655 2071 919 2143 χείρονος
957 2068 1241 2135 ἀξιοῦσθαι
1275 2070 1548 2142 τιμωρίας
1581 2070 1673 2126 τὸν
1707 2089 1807 2125 κα-

230 2164 543 2219 ταπατοῦντα
592 2165 687 2219 τὸν
733 2164 894 2228 Υίὸν,
928 2164 989 2217 οὐ
1040 2163 1298 2234 τοιαύτης
1348 2164 1673 2235 μετέχοντος
1712 2164 1807 2219 τοῦ

220 2257 638 2322 καταπατοῦπος
689 2256 827 2321 τοὺς
873 2255 1144 2325 ἀγγέλους
1183 2256 1272 2310 διὰ
1311 2255 1411 2326 τῆς
1440 2255 1809 2334 παραϐάσεως

207 2347 294 2401 τοῦ
319 2347 637 2418 λαληθέντος
667 2346 935 2418 νόμουζδι⁸
955 2344 1133 2400 αὐτῶν
1150 2364 1170 2414 ;
1198 2345 1257 2399 '0
1276 2344 1385 2417 γὰρ
1407 2346 1488 2409 είς
1507 2347 1630 2410 τοὺς
1656 2348 1810 2410 ῐσους

213 2441 300 2495 καὶ
329 2440 582 2511 ὁμοειδεῖς
617 2438 962 2511 ἐξυϐρίζων,
990 2440 1090 2510 τῆς
1126 2438 1299 2510 αὐτῆς
1333 2439 1400 2493 ἂν
1425 2439 1654 2503 εἰκότως
1680 2457 1810 2510 μετ-

218 2532 324 2601 ἔχοι
348 2530 633 2603 τιμωρίας,
666 2531 774 2585 καὶ
804 2524 868 2585 οὗ
898 2529 1008 2584 τῶν
1039 2529 1411 2601 ἀδικουμένων
1436 2530 1538 2583 οὐκ
1562 2529 1678 2607 ἐστι
1700 2530 1809 2589 δια·

212 2623 455 2693 συμψιιή
480 2623 592 2676 τῶν
627 2623 925 2678 κολάσεων
953 2622 1209 2694 ὁμοιότης
1224 2621 1462 2691 εὐλόγως
1479 2621 1545 2676 ἂν
1568 2622 1804 2691 γένοιτο.

200 2713 327 2768 Νυνὶ
363 2714 416 2766 δὲ
458 2714 487 2767 ό
523 2714 634 2785 μὲν
682 2715 768 2778 εἰς
820 2713 910 2767 τὸν
942 2711 1072 2765 Υίὺν
1114 2712 1530 2784 ἐξαμαρτάνων,
1563 2712 1810 2784 χείρονος

198 2805 553 2877 ἀξιωθήσεται
584 2805 881 2878 τιμωρίας
902 2822 913 2834 ·
946 2806 975 2859 ό
1001 2805 1058 2858 δὲ
1086 2806 1166 2869 εἰς
1189 2805 1279 2858 τὸν
1312 2805 1403 2858 ὑπ’
1428 2805 1680 2875 ἀγγέλων
1710 2805 1809 2858 λα-

200 2895 418 2965 ληθέντα
478 2898 678 2967 νόμον,
712 2895 1020 2958 ἐλάττονος.
1054 2894 1167 2964 Οὐχ
1217 2893 1485 2966 ὁμογενὴς
1538 2893 1647 2967 ἄρα
1697 2897 1809 2957 τοῖς

208 2988 434 3058 ἀγγέλοις
464 2991 720 3057 ἐκεῖνος,
746 2991 831 3054 εἰς
868 2989 927 3042 ὃν
960 2987 1057 3042 καὶ
1091 2983 1277 3057 μεῖζόν
1306 2988 1423 3040 ἐστι
1465 2988 1526 3042 τὸ
1556 2988 1811 3060 ἁμαρτά-

212 3097 330 3132 νειν·
353 3082 446 3135 καὶ
471 3082 542 3135 τὸ
577 3080 869 3153 τιμωρίας
907 3079 1127 3150 μέτρον,
1164 3077 1443 3148 ἀναλόγως
1472 3081 1538 3152 τῇ
1566 3080 1807 3152 ὑπεροχῇ

218 3171 290 3233 ιοῦ
319 3174 668 3246 πατηθέντος·
694 3174 999 3228 ὲκτίνεται.

902 3466 1108 3521 ΔΛΛΟ.

468 3581 570 3645 Ὠς
611 3578 694 3644 ἐξ
731 3578 1099 3647 ἀντιθέσεως
1136 3582 1225 3646 είς
1260 3576 1331 3632 τὸ
1367 3577 1537 3633 αὐτό.

268 3692 535 3763 Χεέρονος,
573 3693 776 3761 φασὶν,
811 3690 1062 3757 ἀξιοῦται
1111 3692 1385 3762 τιμωρίας
1426 3693 1456 3743 ό
1502 3687 1809 3760 ἐξαμαρτά-

195 3799 292 3836 νων
318 3784 397 3847 είς
422 3784 522 3837 τὸν
553 3782 720 3846 Υίδν,
747 3782 826 3846 ὠς
855 3783 937 3845 είς
974 3781 1199 3851 μείζονα
1219 3781 1328 3836 τῶν
1354 3778 1810 3851 ἀγγέλων.Τοῦτο

189 3873 242 3926 δὲ
262 3874 421 3928 αὐτὸν
440 3875 510 3928 οὐ
535 3875 774 3937 πάντως
795 3872 902 3937 ἔξω
920 3873 1022 3944 τῆς
1044 3874 1181 3946 πρὸς
1200 3873 1470 3942 ἀγγέλους
1489 3872 1810 3945 ὀμογενείας

186 3966 439 4033 γενέσθαι
467 3968 654 4021 ποιεί.
672 3963 989 4034 ’Δναλόγως
1024 3965 1135 4038 γάρ
1161 3968 1229 4038 τῇ
1262 3966 1477 4036 ἑκάστῳ
1499 3982 1810 4038 χρεωστου-

185 4058 320 4130 μένῃ
350 4060 499 4129 τιμῇ
523 4057 629 4111 καὶ
656 4058 693 4128 ή
717 4057 801 4120 είς
821 4056 985 4110 αὐτὸν
1010 4055 1168 4128 ὕϐρις
1192 4057 1563 4127 ὲκμετρεῖται.
1583 4054 1807 4129 Ἐπειδὴ

178 4150 358 4203 τοίνυν
410 4150 706 4221 κρείττων
754 4148 954 4219 γέγονε
1006 4149 1119 4203 τῶν
1165 4148 1416 4219 ἀγγέλων
1443 4152 1472 4204 ὁ
1509 4149 1659 4214 Υίδς,
1694 4149 1809 4221 ἔχει

179 4241 508 4315 βαρυτέρως
535 4243 645 4314 τὴν
676 4242 957 4315 τιμωρίαν
984 4244 1013 4296 ὁ
1040 4244 1122 4305 εἰς
1153 4242 1318 4296 αὑτὸν
1347 4242 1771 4314 ἐξαμαρτάνων.

422 4357 601 4424 Πρὸς
642 4355 838 4412 ταῦτα
875 4356 1061 4422 λύσις
1097 4354 1166 4410 ἐκ
1205 4356 1313 4411 τοῦ
1353 4356 1566 4411 αὐτοῦ.

254 4470 475 4542 Ἐχρῆν
508 4464 610 4524 οὖν
640 4468 738 4523 ἐπὶ
775 4470 843 4540 τῇ
896 4467 1209 4539 παραϐάσει
1252 4469 1362 4522 τῶν
1385 4470 1625 4541 νομικῶν
1658 4468 1808 4523 ὲντο-

174 4558 302 4625 λῶν,
346 4560 436 4634 μὴ
463 4559 760 4629 ἀναλόγως
789 4560 906 4620 τοῖς
936 4558 1372 4631 πλημμελήμασι
1399 4559 1498 4625 τὰς
1534 4559 1809 4632 τιμωρίας

174 4651 496 4724 ὁρίζεσθαι,
533 4651 678 4722 μηδὲ
712 4649 934 4714 πάντως
976 4649 1055 4719 τῷ
1111 4649 1334 4722 μεγέθει
1385 4650 1487 4723 τῆς
1532 4637 1810 4724 ἆμαρτίας

179 4744 644 4819 συμμετρεῖσθαι
685 4742 787 4817 τὴν
834 4743 1081 4807 κόλασιν,
1112 4742 1248 4797 ἀλλά
1290 4742 1494 4815 μᾶλλον
1532 4744 1810 4815 ὁρίζεσθαι

180 4839 316 4911 πρὸς
339 4840 459 4912 τὴν
489 4837 657 4905 ἀξίαν
680 4835 777 4891 τοῦ
804 4836 1231 4909 διακονήσαντος
1266 4836 1438 4908 αὐτὴν
1460 4837 1718 4907 ἀγγέλου.
1742 4838 1809 4891 Et

180 4929 429 4986 ἢτοῦ-σο
470 4929 578 5002 μὲν
609 4929 714 5001 οὐχ
750 4928 974 5000 ὁρῶμεν
998 4928 1315 5000 γενόμενον,
1353 4924 1433 4993 εἷς
1473 4928 1532 4983 δὲ
1563 4931 1591 4984 ό
1620 4930 1807 5001 νόμος,

190 5025 400 5079 πολλῶν
438 5024 621 5078 ὄντων
645 5022 923 5093 ἀγγέλων,
951 5021 1047 5075 καὶ
1070 5020 1160 5075 διὰ
1186 5020 1298 5074 τῶν
1324 5020 1506 5075 αὐτῶν
1528 5020 1809 5093 τιμωριῶν

192 5116 364 5189 τρέχει
396 5115 475 5171 τὰ
498 5116 885 5188 ἁμαρτήματα
900 5131 914 5145 ·
938 5114 1040 5168 οὐκ
1060 5112 1170 5187 ἄρα
1190 5113 1391 5183 ἀληθὲς
1411 5114 1470 5168 τὸ
1492 5114 1805 5186 λεγόμενον,

182 5208 258 5261 ὅτι
298 5210 577 5281 χείρονος
623 5206 994 5280 ἀξιωθήσεται
1045 5207 1321 5281 τιμωρίας
1369 5209 1397 5261 ό
1442 5208 1523 5272 είς
1556 5208 1647 5263 τὸν
1681 5208 1809 5262 Υίδν

179 5302 620 5374 ἐξαμαρτάνων,
654 5300 733 5366 ὡς
780 5302 862 5365 είς
909 5299 1201 5372 κρείττονα
1228 5299 1338 5354 τῶν
1366 5299 1638 5370 ἀγγέλων,
1679 5299 1810 5354 ἀλλ’

177 5392 258 5455 ὡς
306 5394 400 5458 εἰς
450 5394 729 5465 ἑτεροφυᾶ
776 5392 873 5445 καί¹
914 5392 1051 5447 πολὺ
1088 5391 1561 5465 παρηλλαγμένον.
1594 5393 1658 5446 Οἱ
1707 5393 1806 5463 μὲν

181 5485 299 5558 γάρ
320 5486 574 5557 γενητοὶ,
596 5485 626 5539 ὁ
654 5484 711 5539 δὲ
739 5484 875 5550 Θεὸς
904 5483 1183 5556 ἀληθινὸς,
1215 5484 1276 5538 οὐ
1303 5483 1413 5538 τῶν
1438 5483 1681 5556 γενητῶν
1702 5478 1803 5550 εἷς,

186 5577 317 5632 οὐδὲ
341 5577 489 5651 πρὸς
521 5578 663 5635 αὐτά
690 5577 792 5651 τὴν
826 5577 1119 5650 σύγκρισιν
1151 5577 1318 5650 ἔχων·
1351 5576 1466 5632 ἀλλ’
1491 5579 1713 5650 ὁσῳπερ
1740 5576 1807 5631 ἂν

190 5669 373 5735 αὑτὸς
405 5669 836 5746 ἀξιολογώτερος
867 5671 1138 5742 φαίνεται,
1173 5672 1414 5742 τοσούτῳ
1460 5671 1669 5743 μείζονι
1712 5673 1807 5727 καὶ

272 5846 322 5889 ⁸³
353 5845 512 5908 “chr.
549 5869 610 5918 tt,
641 5854 699 5917 Ξ,
740 5854 798 5909 3.
881 5853 924 5885 “
954 5850 1118 5911 llebr-
1160 5869 1213 5917 ι,
1240 5852 1333 5915 28,
1359 5852 1447 5907 29.

1914 1974 2107 2029 melior
2146 1973 2375 2045 angelis,
2421 1976 2797 2030 necessarium
2841 1975 3000 2044 plane
3032 1984 3116 2029 est
3153 1975 3318 2028 etiam
3364 1973 3512 2043 ejus-

1910 2066 2031 2120 dem
2083 2080 2204 2120 cum
2257 2065 2392 2136 ipsis
2437 2076 2645 2122 naturae
2702 2081 2827 2122 esse
2857 2066 3321 2137 (comparatibnes
3365 2066 3509 2118 enim

1911 2158 2054 2213 inter
2085 2173 2171 2213 res
2210 2158 2451 2226 sibiipsis
2494 2158 2702 2215 similes
2732 2159 2846 2214 ﬁeri
2876 2158 3102 2228 solent),
3140 2175 3239 2214 cur
3261 2158 3513 2226 graviore

1909 2252 2177 2322 supplicio
2208 2250 2348 2307 allici
2398 2230 2643 2323 oportuit
2688 2268 2811 2307 eum
2847 2254 2937 2323 qui
2973 2252 3172 2307 Filium
3219 2252 3509 2307 conculca-

1913 2345 2070 2410 verit,
2103 2361 2225 2400 cum
2256 2344 2431 2401 levius
2460 2344 2786 2416 supplicium
2818 2354 3139 2400 mereantur
3162 2344 3252 2414 qui
3286 2341 3513 2415 angelos

1910 2438 2380 2504 conculcaverint,
2429 2437 2870 2508 transgressione
2901 2437 3036 2505 legis
3069 2452 3166 2507 per
3200 2438 3350 2507 ipsos
3381 2451 3510 2507 prn-

1912 2527 2376 2582 nunti:it:e?1\'am
2402 2528 2492 2599 qui
2516 2529 2754 2597 aequales
2771 2529 3129 2600 ejusdemque
3155 2528 3357 2599 speciei
3384 2543 3513 2583 con-

1915 2619 2137 2674 tumelia
2184 2617 2375 2685 allicit,
2423 2619 2622 2675 merito
2654 2622 2906 2677 eamdem
2940 2636 3158 2691 pmnam
3195 2629 3510 2675 mereatur:

1910 2724 2148 2779 cumque
2200 2725 2391 2765 eorum
2456 2711 2549 2780 qui
2596 2711 2793 2783 injuria
2836 2711 3014 2767 all'ecti
3054 2723 3185 2768 sunt
3240 2710 3384 2766 nulla
3446 2704 3515 2765 sit

1912 2800 2245 2869 differentia,
2286 2802 2554 2872 supplicia
2589 2819 2809 2874 quoque
2837 2804 3066 2876 aequalia
3114 2820 3235 2859 esse
3270 2812 3513 2873 Oportet.

1910 2890 2180 2950 Caeterum
2218 2895 2308 2965 qui
2340 2895 2394 2950 in
2436 2895 2636 2950 Filium
2686 2896 2978 2967 delinquit,
3014 2897 3269 2969 graviore
3300 2894 3512 2966 suppli-

1910 2984 1996 3040 cio
2023 2983 2292 3055 afﬁcitur;
2324 2987 2415 3057 qui
2462 3002 2594 3042 vero
2631 2987 2682 3041 in
2719 2987 2893 3059 legem
2932 2988 3001 3043 ab
3031 2987 3240 3058 angelis
3273 3002 3515 3057 pronun-

1913 3077 2122 3143 tiatam,
2172 3077 2395 3132 leviore.
2440 3076 2558 3133 Non
2604 3087 2689 3134 est
2727 3079 2890 3149 igitur
2921 3078 3092 3134 Filius
3140 3080 3381 3149 ejusdem
3416 3094 3514 3149 ge~

1914 3170 2064 3225 neris
2106 3184 2229 3223 cum
2267 3170 2494 3239 angelis,
2540 3185 2662 3224 cum
2695 3171 2916 3241 gravius
2952 3171 3023 3225 sit
3068 3170 3326 3225 delictum
3370 3171 3513 3240 quod

1822 3261 1873 3320 C
1908 3257 1961 3311 in
1998 3257 2147 3311 illum
2197 3259 2561 3313 committitur
2590 3274 2752 3329 quam
2786 3260 2930 3330 quod
2971 3259 3024 3315 in
3057 3259 3183 3326 llos,
3214 3269 3268 3314 et
3303 3258 3513 3329 suppli-

1913 3350 2059 3405 cium
2096 3349 2568 3420 protinrtionatum
2605 3350 2860 3423 gravitati
2894 3352 3078 3408 delicti
3111 3353 3404 3425 irrogetur.

2588 3483 2827 3540 ALIUD.

2151 3592 2238 3651 Ea:
2267 3595 2562 3666 objections
2592 3598 2966 3654 Itwretieorum
3002 3599 3063 3653 in
3094 3600 3257 3654 idem.

1977 3706 2232 3774 Gravius,
2284 3710 2564 3781 inquiunt,
2613 3713 2839 3783 punitur
2878 3714 2970 3782 qui
3017 3714 3289 3786 delinquit
3323 3714 3376 3768 in
3421 3711 3514 3767 Fi-

1911 3799 2067 3869 lium,
2097 3811 2168 3864 ut,
2183 3804 2478 3859 maximum
2509 3807 2851 3876 angelorum.
2876 3808 3147 3863 Caeterum
3172 3824 3279 3863 non
3309 3808 3516 3863 ideirco

1909 3893 2112 3948 desinit
2142 3910 2268 3951 esse
2311 3894 2559 3965 ejusdem
2591 3902 2810 3968 generis
2845 3916 2968 3956 cum
3002 3900 3232 3969 angelis.
3265 3900 3400 3956 Nam
3445 3915 3514 3955 ex

1910 3982 2123 4038 honore
2177 3984 2271 4053 qui
2308 3987 2541 4054 singulis
2583 3988 2832 4054 debetur,
2881 3989 3211 4044 contumelia
3250 3990 3413 4043 etiam
3458 3992 3508 4043 ei

1911 4073 2074 4129 allata
2103 4077 2428 4131 aestimatur.
2457 4078 2593 4134 Cum
2623 4080 2793 4149 igitur
2824 4081 3003 4136 lactus
3029 4083 3098 4136 sit
3122 4081 3290 4136 Filius
3317 4081 3512 4138 melior

1909 4167 2139 4236 angelis,
2167 4168 2335 4240 207
2363 4173 2583 4238 gravius
2628 4188 2845 4244 quoque
2897 4174 3224 4245 supplicium
3271 4178 3510 4232 sumitur

1912 4258 1980 4314 de
2003 4274 2069 4314 eo
2096 4262 2190 4330 qui
2220 4260 2275 4315 in
2308 4262 2483 4331 ipsum
2513 4274 2727 4333 peccat.

2258 4371 2471 4428 Salutio
2514 4375 2824 4446 objectionis
2852 4394 2915 4433 ea:
2951 4380 3154 4434 eodem.

1982 4483 2233 4554 Oportuit
2278 4484 2464 4557 itaque
2500 4486 2552 4542 in
2605 4491 3044 4561 transgressione
3073 4491 3328 4562 legalium
3368 4508 3509 4561 prmo

1841 4617 1888 4676 υ
1912 4584 2195 4645 ceptorum
2249 4594 2353 4632 non
2392 4579 2626 4650 irrogari
2668 4596 2862 4649 pmnas
2911 4583 3125 4640 delictis
3158 4585 3512 4656 proportione

1915 4671 2350 4741 respondentes;
2399 4687 2578 4742 neque
2627 4674 2853 4729 omnino
2902 4676 3227 4745 supplicium
3285 4684 3512 4744 peccato

1912 4762 2375 4828 commensurari,
2410 4763 2505 4819 sed
2548 4762 2727 4833 potius
2774 4779 2873 4832 pro
2902 4765 3165 4833 dignitate
3208 4765 3382 4836 angeli
3435 4765 3513 4820 le-

1912 4868 2033 4925 gem
2066 4854 2501 4909 administrantis
2539 4855 2643 4910 hoc
2667 4853 2921 4911 delinire.
2955 4854 3025 4910 At
3050 4870 3181 4911 vero
3212 4855 3258 4910 si
3291 4871 3395 4911 non
3438 4856 3508 4910 ita

1908 4945 2116 5002 factum
2144 4962 2265 5002 esse
2292 4948 2572 5003 cernimus
2600 4965 2614 5002 :
2648 4963 2753 5002 una
2787 4955 2968 5003 autem
3001 4957 3087 5006 est
3115 4947 3226 5015 lex,
3257 4963 3379 5001 cum
3410 4963 3510 5002 an-

1910 5039 2014 5110 geli
2045 5039 2154 5095 sint
2189 5039 2369 5106 multi,
2400 5050 2563 5110 atque
2589 5040 2780 5097 iisdem
2808 5043 2987 5112 pmnis
3015 5052 3238 5113 peccata
3274 5040 3510 5111 puniun—

1908 5140 2048 5186 tur:
2086 5147 2190 5186 non
2245 5142 2328 5188 est
2381 5134 2549 5204 igitur
2584 5152 2769 5192 verum
2818 5137 2947 5191 illud
2994 5138 3221 5198 dictum,
3260 5135 3510 5202 graviore

1915 5223 2181 5295 supplicio
2210 5224 2437 5295 dignum
2485 5244 2607 5283 esse
2650 5230 2738 5299 qui
2772 5229 2825 5283 in
2860 5229 3058 5284 Filiqu
3098 5228 3412 5298 deliquerit,
3451 5236 3509 5282 ut

1916 5313 1969 5368 in
2017 5313 2313 5369 maximum
2348 5317 2688 5387 angelorum,
2727 5320 2820 5374 sed
2855 5330 2912 5373 ut
2948 5319 3000 5373 in
3048 5333 3114 5374 eo
3145 5320 3235 5388 qui
3282 5318 3510 5377 alterius

1915 5412 2121 5458 natura:
2170 5405 2242 5460 sit
2273 5421 2437 5476 quam
2485 5409 2687 5480 angeli,
2746 5411 3084 5479 multumque
3130 5410 3197 5463 ab
3224 5410 3302 5463 eis
3350 5408 3505 5464 dilic-

1914 5504 2021 5552 rat.
2077 5495 2212 5552 Nam
2260 5500 2441 5570 angeli
2495 5503 2667 5558 creati
2716 5512 2881 5568 sunt,
2914 5501 3085 5558 Filius
3114 5510 3296 5555 autem
3343 5516 3508 5557 verus

1916 5586 2078 5655 Deus,
2112 5605 2219 5644 non
2251 5606 2392 5648 unus
2425 5607 2493 5648 ex
2522 5595 2745 5661 creatis,
2787 5609 2965 5666 neque
2995 5593 3288 5665 quidquam
3324 5593 3507 5648 simile

1914 5690 2039 5733 cum
2071 5676 2151 5734 eis
2177 5677 2426 5749 habens;
2459 5680 2554 5738 sed
2590 5694 2799 5754 quanto
2825 5684 2942 5755 ipse
2973 5692 3056 5741 est
3082 5683 3297 5754 dignior
3334 5690 3501 5751 atque
