3996 6404
506 367 607 424 5’51

1512 372 1571 428 S.
1614 371 1893 429 CYRILLl
1938 373 2414 453 ALEXANDRINI
2456 376 2779 435 ARCHIEP.

3692 382 3823 437 35*!”

509 487 903 557 excellentior,
958 499 1110 546 tanto
1167 490 1358 560 majori
1418 492 1771 561 graviorique
1819 492 2094 563 supplicio

2222 494 2558 568 [αλεπωτέρα
2578 498 2821 569 τιμωρίᾳ
2846 497 3152 553 ὑπεύθυνον
3169 497 3303 553 ὄντα
3326 498 3593 553 δεικνύων
3615 498 3714 555 τὸν
3733 499 3814 559 τὰ

510 581 804 636 obnoxium
834 599 954 639 esse
977 586 1257 640 declarans
1279 600 1402 640 eum
1434 585 1526 655 qui
1554 585 1808 640 mandata
1845 599 1947 641 sua
1974 584 2095 642 fue-

515 675 581 727 rit
625 687 1017 744 transgressus.

510 809 741 873 ALIUD,
784 829 849 865 ea:
888 813 1096 877 iisdem,
1130 813 1270 881 quod
1304 814 1443 869 bona
1478 816 1544 869 sit
1583 815 1973 884 utilissimaqtte
2000 819 2099 871 ad-

584 884 1032 936 ministrationum
1074 887 1425 949 comparatio,
1463 886 1769 948 anqelorum
1818 887 2020 941 scilicet
2048 898 2096 943 et

583 949 737 1014 Filii,
788 954 886 1024 vim
934 955 1071 1006 vocis
1110 972 1128 1005 ι
1160 954 1347 1005 melior
1375 973 1393 1005 ι
1433 955 1745 1023 explanatis.
1788 956 1906 1023 Quo
1945 969 2096 1024 pacto

577 1026 716 1074 enim
760 1022 944 1076 melior
980 1026 1182 1095 angelis
1223 1025 1313 1087 sit,
1343 1035 1392 1079 et
1426 1022 1648 1096 quanto,
1685 1043 1751 1081 e1:
1796 1022 1863 1083 iis
1897 1022 2099 1083 intelli-

581 1108 781 1161 gemas.

579 1224 765 1292 Angeli
785 1225 959 1297 legem
979 1228 1301 1296 edixerunt;
1330 1231 1425 1287 sed
1462 1231 1544 1287 lex
1597 1232 1731 1287 nihil
1768 1232 1996 1303 perfecit
2025 1233 2093 1288 ι’.

504 1317 680 1375 Filius
723 1330 904 1375 autem
953 1322 1181 1391 perfecit
1223 1337 1363 1393 Opus
1395 1323 1597 1380 Patris.
1632 1326 1913 1383 Perfectus
1952 1326 2096 1382 enim

505 1423 591 1465 est
627 1412 679 1465 in
723 1411 922 1479 pietate
946 1412 1037 1481 qui
1072 1413 1242 1482 ipsius
1283 1415 1493 1486 legibus
1527 1416 1829 1472 instructus
1859 1427 1963 1471 est.
1988 1415 2098 1472 Re-

506 1505 696 1573 gnavit
713 1518 858 1560 mors
876 1505 1039 1561 etiam
1061 1506 1193 1577 legis
1215 1516 1486 1578 tempore:
1510 1509 1766 1564 nimirum
1788 1510 1884 1565 «ab
1902 1511 2095 1577 Adam,

510 1596 719 1664 inquit,
752 1612 924 1667 usque
957 1597 1024 1653 ad
1044 1598 1228 1653 Mosen
1264 1599 1329 1654 η.
1361 1618 1381 1651 ι
1403 1600 1617 1657 Abolita
1642 1612 1823 1657 autem
1845 1614 1928 1657 εει
1951 1618 2098 1657 mors

512 1703 600 1756 per
680 1688 1000 1757 Christum;
1070 1707 1246 1762 neque
1295 1694 1441 1748 enim
1498 1695 1733 1764 amplius
1806 1695 1860 1748 in
1924 1695 2096 1750 Adam

515 1785 783 1839 morimur
815 1826 831 1850 ,
884 1789 978 1842 sed
1030 1786 1079 1840 in
1130 1788 1351 1842 Christo
1406 1787 1848 1843 vivilicamur”.
1891 1790 1935 1843 A
1984 1791 2097 1843 Dan

2200 588 2367 642 αὐτοῦ
2403 589 2835 660 παραϐαίνοντα.

2198 813 2406 884 AAAO,
2429 812 2499 867 ἐκ
2522 812 2640 867 τῶν
2667 813 2898 884 ςιὺτῶνξ,
2927 813 3015 868 ὅτι
3052 814 3211 882 καλὴ
3237 814 3336 868 καὶ
3369 812 3808 884 χρησιμωτάτῃ

2273 883 2385 937 τῶν
2423 882 2744 938 διακονιῶν
2777 885 2815 951 ἡ
2847 886 3189 954 σύγκρισις,
3221 885 3334 953 τῆς
3360 882 3424 938 τὲ
3469 882 3591 938 ubi"
3624 883 3811 953 ἁττέι

2268 958 2395 1008 ,λων
2414 955 2523 1036 ,καί
2555 955 2661 1036 τοᾷ
2700 956 2857 1020 Υιοῦ,
2889 957 2996 1036 ea}?
3040 975 3060 1007 ι
3088 957 3385 1036 ’κρείττων
3411 975 3429 1007 ι
3468 954 3588 1036 τὴν
3619 955 3811 1036 δύνα-

2264 1042 2373 1105 μιν
2401 1025 2838 1105 ἐρμηνεύρυσᾳ.
2880 1026 3147 1105 Πῶς-γὰρ
3172 1026 3457 1105 κρείττων
3480 1024 3607 1105 eam
3625 1024 3810 1095 ἁγγέ·

2268 1099 2397 1150 λων
2426 1096 2559 1150 ἐστὶ
2588 1097 2687 1150 καὶ
2714 1097 2932 1160 πόσον,
2965 1096 3034 1161 ἐξ
3067 1096 3269 1150 αὐτῶν
3292 1097 3672 1167 γνωσόμεθα.

2275 1231 2533 1300 ’Ἄγγελοι
2565 1230 2656 1284 τὸν
2690 1230 2855 1301 νόμον
2892 1231 3186 1303 ἐλάλησαν,
3213 1231 3329 1286 ἀλλ’
3362 1231 3517 1285 οὐδὲν
3557 1230 3811 1285 ἐτελείω-

2201 1339 2292 1375 σεν
2308 1322 2533 1392 ὁνόμος.
2550 1322 2609 1375 '0
2631 1322 2828 1386 δὲΥίὸς
2854 1324 3138 1377 ἐτελείωσε
3162 1323 3223 1377 τδ
3246 1323 3409 1391 ἔργον
3436 1323 3533 1376 τοῦ
3559 1324 3807 1395 Πατρόςε

2200 1413 2418 1479 Τέλειος
2450 1414 2560 1486 γὰρ
2593 1415 2673 1478 είς
2701 1414 2983 1469 εὐσέϐειαν
3018 1417 3047 1468 6
3074 1418 3186 1478 τοῖς
3214 1414 3379 1470 αὑτοῦ
3405 1415 3595 1483 νόμοις
3636 1416 3809 1470 παιδδ

2200 1507 3009 1578 αγωγούμενος.Ἑ6ασίλε-.›σεν
3050 1510 3079 1562 6
3113 1508 3346 1572 Θάνατος
3393 1508 3490 1561 καὶ
3537 1508 3687 1562 κατά
3714 1510 3809 1561 τὸν

2200 1599 2488 1671 τοῦμόμου
2511 1601 2721 1673 καιρόν·
2748 1620 2767 1653 ι
2791 1603 2851 1655 ’Λ
2862 1602 2927 1655 πὸ
2942 1601 3054 1674 γὰρ
3095 1600 3289 1671 Ἀδὰμ,
3325 1600 3482 1671 φησὶ,
3514 1602 3616 1655 καὶ
3640 1601 3808 1672 μέχρι

2200 1695 2465 1760 Μωσέως.
2495 1714 2513 1746 ι
2549 1694 2784 1749 Λέλυται
2812 1696 2869 1748 δὲ
2909 1696 3137 1759 θάνατος
3170 1695 3263 1748 διὰ
3303 1692 3547 1765 Χριστοῦ
3568 1712 3583 1725 ·
3618 1693 3809 1746 οὐκέτι

2201 1786 2312 1857 γὰρ
2361 1789 2420 1840 ἐν
2463 1786 2634 1857 Ἀδὰμ
2671 1787 3115 1859 ἀποθνήσκομεν,
3152 1786 3267 1840 ἀλλ’
3294 1787 3354 1839 ἐν
3388 1784 3633 1856 Χριστῷ-
3668 1784 3809 1849 ζωο-

512 1878 580 1931 ad
625 1876 890 1934 Bersabee
941 1878 1132 1946 legalis
1202 1890 1470 1950 praecepta
1528 1881 1847 1935 denuntiata
1921 1891 2095 1947 sunt,

2222 1876 2522 1950 ποιούμεθα.
2545 1876 2679 1930 Ἀπὸ
2718 1877 2827 1932 Δάν
2880 1878 2974 1931 καὶ
3018 1877 3124 1940 ἕως
3162 1877 3452 1948 Βηρσαϐεέ
3485 1878 3557 1931 τὰ
3602 1877 3811 1947 νομικὰ

510 1978 735 2038 eratque
760 1969 812 2024 in
840 1969 954 2025 sola
982 1969 1165 2026 Judaaa
1194 1982 1354 2026 notus
1402 1971 1540 2026 Deus
1568 1970 1635 2002 ¹⁷⁶
1660 1989 1673 2025 :
1706 1987 1850 2026 nunc
1880 1986 2006 2027 vero
2040 1973 2094 2025 in

509 2076 724 2118 onmem
758 2072 960 2119 terram
1000 2064 1170 2120 exivit
1198 2080 1365 2121 sonus
1395 2064 1512 2135 ejus
1538 2064 1603 2132 ¹⁸,
1638 2080 1938 2136 omnesque
1969 2065 2099 2120 edo-

509 2156 583 2209 cti
612 2164 739 2210 sunt
786 2171 814 2210 a
845 2155 980 2221 Deo,
1014 2172 1121 2212 non
1167 2157 1235 2213 ab
1275 2156 1505 2227 angelis,
1542 2157 1638 2213 sed
1671 2173 1700 2212 a
1730 2152 1840 2213 Deo
1876 2155 1964 2210 ¹⁸⁶.
2005 2158 2096 2213 Dei

510 2247 656 2303 enim
687 2248 851 2301 etiam
872 2246 956 2302 lex
971 2256 1072 2313 est,
1096 2250 1193 2304 sed
1221 2264 1318 2319 per
1332 2249 1555 2319 angelos
1583 2248 1795 2320 prolata
1826 2250 1869 2283 ¹⁹
1891 2266 1907 2317 ;
1930 2249 2100 2306 Filius

513 2348 692 2393 autem
728 2338 943 2407 inquit:
981 2357 1001 2390 ι
1047 2339 1157 2410 Ego
1178 2340 1293 2410 ipse
1326 2340 1553 2411 loquens
1576 2340 1767 2396 adsum
1794 2340 1881 2395 ¹⁹⁶.
1914 2361 1931 2393 ι
1956 2341 2102 2409 Quo-

509 2428 680 2492 circa,
708 2426 864 2497 juxta
888 2426 1040 2483 Pauli
1068 2432 1421 2497 sententiam,
1450 2439 1652 2501 quanto
1677 2429 2100 2489 diﬂ'erentiorem

510 2530 705 2575 nactus
733 2529 815 2576 est
838 2521 1390 2590 administrationem,
1424 2533 1479 2579 et
1512 2534 1719 2592 quanto
1749 2525 1992 2583 melioris
2020 2535 2103 2581 te-

510 2614 767 2669 stamenti
810 2629 1042 2685 sponsor
1080 2614 1259 2671 lactus
1287 2625 1372 2672 est
1396 2618 1467 2684 ",
1506 2626 1657 2674 tanto
1697 2618 1863 2673 etiam
1914 2620 2100 2675 excelc

511 2707 714 2763 lentior
736 2709 843 2764 erit
866 2709 1077 2780 angelis
1108 2727 1122 2765 :
1153 2725 1263 2766 non
1297 2711 1508 2766 ratione
1527 2720 1738 2767 natura:
1766 2713 1847 2767 eis
1876 2728 2101 2783 compa-

514 2810 687 2868 ratus,
718 2802 813 2857 sed
848 2810 1001 2857 tanto
1033 2805 1283 2873 superior
1313 2815 1516 2874 quanto
1541 2805 1686 2862 Deus
1714 2806 1968 2862 essentia:
2009 2822 2100 2862 ra-

517 2896 662 2950 tione
680 2905 861 2949 creata
890 2896 1187 2951 antecellit.
1215 2895 1392 2953 Dictio
1423 2897 1607 2969 itaque
1629 2899 1766 2965 haec,
1788 2917 1807 2951 ι
1833 2899 2052 2965 melior,
2078 2918 2097 2952 ι

516 2993 584 3045 ad
634 2991 1163 3046 administrationem
1214 2991 1407 3058 relata,
1464 3002 1667 3063 quanto
1716 3005 1838 3047 eam
1887 2991 2103 3047 illorum

516 3076 988 3139 administratione
1038 3085 1474 3155 praestantiorem
1526 3085 1937 3155 dignioremque
1982 3101 2106 3141 esse

511 3177 781 3242 ostendit,
822 3185 973 3232 tanto
1005 3178 1175 3250 magis
1212 3176 1408 3233 Filium
1449 3192 1612 3247 supra
1656 3187 1897 3232 creatam
1945 3187 2106 3233 natu-

2205 1971 2609 2043 προστάγματα
2636 1969 3005 2042 διηγγέλλετο,
3038 1972 3134 2024 καὶ
3174 1966 3245 2042 ἦν
3293 1971 3352 2023 ὲν
3402 1970 3539 2041 μόνῃ
3568 1972 3638 2041 τῇ
3681 1971 3810 2023 Ἴου-

2204 2066 2331 2138 δαίᾳ
2358 2065 2600 2134 γνωστὸς
2621 2067 2650 2119 6
2684 2065 2818 2129 Θεός
2841 2081 2854 2092 ·
2888 2065 3005 2118 νυνὶ
3033 2064 3091 2117 δὲ
3121 2066 3202 2129 είς
3232 2065 3415 2117 πᾶσαν
3450 2063 3553 2134 τὴν
3591 2065 3703 2133 γῆν
3736 2063 3814 2130 ἐξ·

2204 2159 2370 2229 ἦλθεν
2394 2159 2422 2211 6
2452 2158 2691 2229 φθόγγος
2725 2157 2912 2223 αὐτοῦ,
2932 2159 3028 2212 καὶ
3056 2157 3318 2227 γεγόνασι
3344 2156 3550 2220 πάντες
3567 2155 3816 2210 διδακτοὶ

2205 2251 2363 2318 Θεοῦ,
2403 2253 2505 2306 οὑκ
2536 2251 2804 2321 ἀγγέλων,
2834 2251 2968 2306 ἀλλά
2999 2250 3156 2305 Θεοῦ.
3189 2249 3326 2303 Θεοῦ
3376 2248 3478 2319 μὲν
3520 2249 3636 2320 γὰρ
3667 2252 3813 2303 καὶὸ

2207 2343 2392 2415 νόμος,
2430 2343 2566 2400 ἀλλά
2599 2345 2666 2398 δι’
2697 2345 2947 2415 ἀγγέλων
2968 2364 2981 2377 ·
3019 2346 3047 2399 6
3075 2346 3132 2400 δὲ
3165 2345 3294 2409 Υίός
3346 2362 3513 2416 φησιν
3536 2362 3551 2376 ο
3590 2364 3608 2397 ι
3640 2344 3805 2407 Αὐτὸς

2206 2436 2236 2489 6
2263 2435 2441 2490 λαλῶν
2470 2435 2723 2507 πάρειμι.
2758 2455 2777 2489 ι
2837 2436 3048 2492 Οὐκοῦν
3101 2435 3245 2491 κατά
3290 2435 3390 2508 τὴν
3444 2437 3543 2489 τοῦ
3596 2436 3814 2490 Παύλου

2209 2527 2418 2598 φωνὴν,
2451 2526 2561 2599 ὅσῳ
2585 2526 3001 2598 διαφορωτέρας
3021 2525 3289 2598 τετύχηκε
3310 2525 3686 2597 λειτουργίας,
3724 2524 3823 2577 κα).

2208 2616 2319 2688 ὅσῳ
2363 2617 2673 2689 κρείττονος
2715 2616 2984 2689 διαθήκης
3025 2616 3250 2685 γέγονεν
3299 2615 3520 2685 ἔγγυος,
3555 2614 3825 2669 τοσοῦτον

2210 2710 2467 2782 ὑπερέξει
2497 2712 2622 2775 τοὺς
2651 2710 2938 2781 ἀγγέλους,
2966 2710 3066 2781 οὐχ
3091 2709 3169 2774 ώς
3198 2709 3335 2781 πρὸς
3362 2712 3565 2774 αὐτοὺς
3589 2726 3835 2781 συγκρι-Δ

2210 2803 2270 2857 νό
2276 2821 2433 2874 μενος
2451 2803 2595 2858 κατά
2606 2802 2705 2875 τὴν
2726 2802 2909 2874 φύσιν,
2928 2802 3066 2857 ἀλλὰ
3080 2802 3336 2856 τοσοῦτον
3351 2803 3824 2874 ὑπεραιρόμενος,

2210 2894 2334 2950 ὅσον
2366 2894 2675 2967 ἀπῴκισται
2726 2895 2835 2951 τῶν
2881 2895 3129 2966 γενητῶν
3161 2896 3190 2949 6
3221 2894 3355 2960 Θεὸς
3383 2896 3529 2950 κατὰ
3578 2893 3676 2950 τὶν
3721 2896 3829 2965 τῆς

2210 2990 2402 3055 οὐσίας
2434 2989 2610 3060 λόγον.
2641 2990 2717 3044 T6
2744 2990 2853 3062 ἄρα
2893 3008 2912 3043 ι
2941 2991 3207 3062 κρείττων
3233 3008 3251 3041 ι
3279 2990 3374 3043 ἐπὶ
3403 2990 3503 3060 τῆς
3537 2988 3830 3052 διακονίας

2213 3082 2537 3156 φερόμενον,
2565 3083 2690 3137 ὅσον
2730 3082 2901 3155 αὐτὴν
2932 3083 3033 3153 τῆς
3062 3082 3290 3135 ἐκείνων
3318 3081 3557 3135 δεικνύει
3593 3080 3831 3152 μείζονα

2214 3177 2311 3231 καὶ
2357 3176 2717 3249 ὑψηλοτέραν,
2746 3175 3003 3229 τοσοῦτον
3047 3174 3258 3247 ἐξαίρει
3290 3174 3391 3245 τῆς
3428 3174 3540 3227 τῶν
3569 3173 3829 3246 γενητῶν

512 3284 630 3325 ram
665 3241 899 3326 extallit.
936 3269 1004 3324 Et
1048 3241 1255 3340 angelis
1284 3241 1701 3343 quidem-208
1727 3280 1785 3324 ut
1820 3271 1997 3327 servis
2029 3272 2106 3326 in-

2222 3241 2433 3341 φύσεως
2453 3241 2571 3322 -τδν
2596 3241 2745 3321 Ῠίόν.
2771 3266 2883 3321 Kal.
2927 3269 3043 3329 τοῖς
3080 3241 3188 3337 μὲν
3221 3241 3477 3335 ἀγγέλοις
3503 3241 3594 3329 ὡς
3614 3241 3832 3330 δούλοις

515 3362 775 3418 feriorem
844 3362 1377 3419 administrationem
1443 3362 1681 3428 tribuit,
1724 3361 1863 3417 Filio
1927 3372 2112 3419 autem

515 3473 638 3512 eam
673 3471 794 3527 qua:
819 3455 961 3514 Filio
989 3465 1046 3513 et
1075 3457 1306 3529 Domino
1340 3465 1628 3528 congruat.
1659 3453 1796 3511 Nam
1835 3457 1889 3512 in
1921 3456 2113 3515 melio-

516 3551 688 3616 ribus,
733 3559 791 3605 ut
826 3550 1001 3622 inquit
1027 3549 1335 3622 Scriptura,
1368 3548 1889 3620 repromissionibus
1933 3550 2113 3607 sanci-

520 3652 609 3699 tus
641 3653 728 3700 est
752 3643 816 3699 ".

517 3779 766 3846 ALIUD,
811 3781 953 3852 quod
1003 3779 1195 3834 melior
1234 3781 1301 3852 sit
1360 3778 1456 3833 Dei
1486 3778 1663 3852 ,γενὺί
1716 3781 2114 3837 administratio

587 3869 745 3922 quam
793 3851 1136 3922 angelorum,
1182 3851 1343 3904 etiam
1401 3851 1525 3905 aliis
1568 3851 1741 3905 modis
1771 3866 1788 3904 :
1817 3862 1865 3905 et
1912 3864 2113 3921 quanto

588 3921 776 3977 melior
802 3933 876 3976 est
908 3921 1327 3987 administratio,
1359 3930 1501 3977 tanta
1536 3932 1583 3977 et
1618 3923 2115 3978 administratorem

594 3995 866 4049 meliorem
896 4008 1029 4047 esse.

592 4130 792 4186 Paulus
841 4130 920 4185 ait
967 4148 983 4187 :
1036 4128 1350 4197 «Quoniam
1396 4129 1542 4200 quod
1597 4128 1937 4201 impossibile
1995 4139 2116 4184 erat

522 4223 649 4296 legi,
681 4224 734 4279 in
769 4238 879 4294 quo
914 4223 1294 4279 inlirmabatur
1339 4239 1434 4294 per
1456 4225 1714 4288 ’carnem,
1751 4223 1893 4278 Deus
1917 4219 2113 4276 Filium

522 4332 681 4372 suum
712 4318 933 4373 mittens
963 4317 1015 4371 in
1042 4316 1457 4372 similitudinem
1483 4314 1667 4370 carnis
1698 4312 1929 4383 peccati,
1965 4322 2021 4368 et
2049 4314 2119 4368 de

525 4420 751 4480 peccato
778 4410 1053 4464 damnavit
1090 4417 1372 4481 peccatum
1409 4408 1465 4462 in
1506 4421 1696 4473 came,
1731 4414 1791 4459 ut
1834 4405 2115 4475 signiﬁca-

529 4505 603 4560 tio
644 4504 778 4575 legis
831 4505 1151 4575 impleretur
1186 4504 1239 4558 in
1292 4502 1472 4565 nobis,
1523 4500 1614 4570 qui
1662 4514 1767 4553 non
1818 4500 2116 4554 secundum

2212 3362 2478 3433 ἀπονέμει
2526 3360 2805 3416 διακονίαν
2856 3359 2958 3431 τὴν
3001 3358 3296 3413 ἐλάττονα·
3340 3356 3424 3428 τῷ
3464 3357 3525 3411 δὲ
3551 3356 3696 3428 Υίῷ,
3729 3358 3832 3426 τὴν

2212 3454 2329 3526 Υίῷ
2378 3453 2700 3525 πρέπουσαν
2746 3452 2844 3507 καὶ
2893 3450 3308 3523 Δεσπὸτῃ.⁹Επὶ
3351 3449 3462 3522 γάρ
3515 3451 3829 3522 κρείττοσι,

2215 3546 2404 3620 φησιν,
2440 3544 2799 3616 ἐπαγγελίαις
2830 3543 3280 3617 νενομοθέτηται.

2214 3774 2420 3839 ᾹΛΛΟ,
2450 3772 2541 3827 ὅτι
2580 3772 2864 3841 κρείττων
2888 3772 2930 3841 ή
2975 3772 3083 3827 τοῦ
3121 3770 3270 3825 Θεοῦ
3302 3770 3501 3841 Λόγου
3544 3766 3811 3822 διακονία

2288 3843 2400 3912 τῆς
2444 3842 2565 3914 τῶν
2612 3840 3042 3914 ἀγγέλων,ίκαὶ
3072 3844 3201 3896 καθ’
3230 3840 3483 3914 ἐτέρους
3518 3843 3811 3914 τρόπους·

2286 3910 2413 3982 ὅσῳ
2445 3913 2515 3967 δὲ
2545 3910 2831 3982 κρείττων
2858 3913 3035 3982 αὕτη,
3080 3912 3355 3978 τοσούτῳ
3389 3911 3491 3965 καὶ
3544 3915 3578 3965 ὀ
3626 3910 3824 3964 διακο-

2286 3985 2491 4053 νήσας
2517 3987 2727 4039 αὐτόν.

2298 4121 2362 4177 Ὀ
2393 4121 2607 4185 Παῦλός
2637 4138 2804 4192 φησιν
2824 4137 2838 4151 ·
2881 4120 3039 4174 «Ὅτι
3063 4120 3125 4174 τὸ
3151 4120 3417 4175 ἀδύνατον
3446 4116 3546 4171 τοῦ
3578 4117 3754 4188 νόμου
3770 4116 3838 4169 ἐν

2215 4207 2261 4284 ᾧ
2290 4214 2510 4286 ἠσθένει
2554 4212 2645 4268 διά
2685 4214 2788 4285 τῆς
2824 4215 3050 4287 σαρκὸς,
3094 4217 3124 4269 6
3173 4213 3308 4277 Θεὸς
3350 4211 3440 4265 τὸν
3473 4212 3677 4264 ἑαυτοῦ
3706 4212 3842 4264 ὶῖἰὺν

2219 4308 2445 4378 πέμψας
2489 4310 2549 4361 ὲν
2592 4306 2901 4378 ὁμοιώματι
2952 4306 3156 4380 σαρκὸς
3205 4305 3503 4378 ἁμαρτίας,
3546 4305 3649 4358 καὶ
3706 4307 3847 4377 περὶ

2219 4401 2499 4473 ἁμαρτίας
2530 4398 2826 4471 κατέκρινε
2861 4398 2966 4470 τὴν
2997 4398 3274 4471 ἁμαρτίαν
3306 4400 3362 4451 έν
3393 4400 3458 4467 τῇ
3488 4398 3681 4464 σαρκί.
3719 4416 3738 4448 ι
3778 4398 3847 4451 Ei

2218 4492 2276 4546 δὲ
2297 4490 2599 4564 ἠσθένησεν
2624 4493 2652 4545 6
2677 4491 2843 4562 νόμος
2874 4494 3207 4563 κατακρῖναι
3236 4491 3334 4563 τὴν
3361 4491 3644 4562 ἁμαρτίαν
3675 4491 3737 4543 ἐν
3771 4493 3847 4562 τῇ

523 4613 745 4653 carnem
794 4599 1156 4663 ambulamus,
1215 4595 1314 4651 sed
1359 4594 1658 4649 secundum
1697 4590 1965 4660 Spiritum
1991 4591 2058 4643 ".
2092 4608 2106 4642 ι

2225 4582 2414 4654 σαρκὶ,
2449 4584 2744 4654 κατέκρινε
2773 4584 2831 4638 δὲ
2860 4585 2888 4638 6
2921 4584 3179 4656 Χριστὸς,
3202 4584 3465 4654 δεκτικὴν
3491 4583 3669 4653 αὐτὴν
3701 4584 3851 4648 ἀπο-ι

524 4693 678 4761 Quod
702 4694 753 4749 si
787 4693 874 4749 lex
914 4709 1017 4749 non
1050 4690 1227 4762 potuit
1251 4698 1534 4760 peccatum
1566 4685 1620 4739 in
1652 4699 1818 4740 carne
1850 4683 2116 4739 condem-

525 4800 678 4852 nare,
730 4783 1119 4841 condemnavit
1186 4790 1371 4836 autem
1437 4775 1727 4840 Christus;
1780 4776 1981 4844 quippe
2025 4773 2118 4842 qui

525 4894 747 4936 carnem
789 4877 1027 4949 Spiritus
1066 4874 1243 4930 sancti
1270 4883 1528 4940 capacem
1556 4865 1759 4932 eﬂ'ecit,
1801 4864 1875 4919 ita
1905 4875 1964 4918 ut
1994 4878 2117 4934 pos-

526 4976 697 5029 simus
739 4971 923 5026 dicere
952 4986 967 5023 :
996 4965 1116 5021 lam
1168 4980 1276 5019 non
1322 4974 1515 5017 sumus
1563 4960 1615 5013 in
1666 4972 1866 5021 carne,
1921 4956 2015 5011 sed
2062 4954 2116 5011 in

528 5065 734 5136 Spiritu
757 5063 803 5095 “
832 5082 846 5117 :
881 5060 1057 5115 lactus
1093 5056 1257 5126 igitur
1291 5061 1376 5108 est
1408 5052 1571 5107 etiam
1612 5051 1715 5106 hac
1755 5050 1968 5105 ratione
2000 5064 2118 5104 me-

528 5160 627 5214 lior
654 5155 863 5225 angelis
891 5167 987 5221 per
1012 5163 1148 5220 quos
1178 5147 1263 5202 lex
1293 5144 1441 5200 edita
1473 5152 1557 5199 est
1586 5161 1598 5197 :
1627 5152 1681 5199 et
1709 5157 1923 5197 rursum
1953 5157 2116 5195 mun-

526 5255 630 5306 dus
672 5246 773 5303 sub
801 5245 918 5314 lcge
965 5241 1366 5298 condemnatus
1415 5245 1500 5292 est
1546 5244 1766 5305 propter
1803 5243 2117 5306 peccatum.

528 5336 768 5394 Advenit
818 5339 1000 5385 autem
1040 5327 1212 5385 Filius
1250 5344 1359 5383 non
1406 5336 1463 5382 ut
1512 5326 1803 5382 damnaret
1834 5327 2118 5391 mundum,

532 5430 630 5486 sed
658 5435 718 5481 ut
744 5423 983 5480 salvaret
1011 5421 1271 5477 mundum
1292 5418 1363 5489 ⁸⁵,
1392 5432 1567 5489 neque
1589 5416 1911 5487 supplicium
1942 5424 2123 5471 sumat

534 5525 600 5577 de
633 5527 883 5591 peccato,
929 5517 1024 5572 sed
1058 5524 1117 5570 ut
1150 5522 1498 5586 peccatorum
1532 5511 1913 5566 remissionem
1942 5510 2124 5571 omnie-

537 5616 639 5671 bus
666 5611 954 5682 largiatur.
990 5608 1181 5664 Melior
1214 5607 1381 5679 igitur
1411 5614 1496 5660 est
1522 5604 1615 5675 qui
1640 5602 1926 5673 justilicat,
1960 5617 2123 5672 quam

612 5730 656 5762 ¹⁸
682 5727 849 5784 llebr.
881 5741 978 5789 vtt,
1016 5724 1103 5782 l9.
1176 5724 1218 5755 '°
1250 5723 1407 5775 Rom.
1447 5738 1500 5788 v,
1530 5722 1619 5775 M.

2225 4675 2405 4743 δείξας
2457 4676 2552 4731 τοῦ
2603 4676 2761 4748 ἁγίου
2816 4677 3159 4750 Πνεύματος,
3208 4679 3284 4742 ώς
3336 4678 3598 4732 δύνασθαι
3651 4678 3851 4747 λέγειν

2226 4770 2376 4840 ἡμᾶς
2394 4786 2408 4800 ·
2428 4771 2542 4825 Οὐκ
2565 4770 2733 4842 ἐσμὲν
2762 4772 2820 4825 ὲν
2848 4773 3036 4844 σαρκὶ,
3058 4772 3175 4825 ἀλλ’
3195 4773 3254 4825 ὲν
3281 4771 3588 4842 Πνεύματι’
3607 4772 3852 4840 γέγονεν

2225 4862 2335 4933 ἄρα
2361 4862 2456 4917 καὶ
2480 4862 2623 4918 κατά
2652 4861 2812 4917 τοῦτο
2843 4863 3112 4935 κρείττων
3134 4862 3408 4933 ἀγγέλων,
3434 4862 3501 4916 δι’
3518 4855 3595 4916 ὧν
3621 4864 3651 4915 6
3672 4863 3856 4933 νόμος

2177 4948 2187 4961 ’
2225 4952 2536 5026 λελάληται’
2569 4956 2665 5009 καὶ
2703 4955 2865 5011 πάλιν
2904 4955 2932 5008 6
2963 4955 3170 5026 κόσμος
3217 4955 3324 5008 ὑπὸ
3373 4954 3475 5026 μὲν
3523 4952 3618 5007 τοῦ
3666 4954 3852 5023 νόμου

2225 5047 2581 5120 κατεκρίνετο
2611 5046 2700 5102 διὰ
2725 5048 2825 5121 τὴν
2846 5047 3144 5119 ἁμαρτίαν.
3165 5045 3515 5118 Ἐπεδήμησε
3548 5046 3608 5098 δὲ
3629 5047 3659 5099 6
3683 5045 3854 5111 Υἱὸς,

2223 5138 2323 5209 οὐχ
2353 5139 2442 5192 ἵνα
2473 5141 2637 5213 κρίνῃ
2667 5140 2761 5194 τὸν
2792 5141 3020 5211 κόσμον,
3044 5140 3158 5194 ἀλλ’
3184 5140 3273 5193 ἴνα
3304 5138 3456 5215 σώσῃ
3484 5137 3575 5191 τὸν
3603 5138 3857 5209 κόσμον,

2222 5231 2344 5284 οὐδὲ
2392 5231 2714 5303 ἀπαιτήσων
2754 5232 2877 5286 τινά
2905 5232 3202 5304 τιμωρίαν,
3238 5230 3354 5285 ἀλλ’
3385 5230 3475 5284 ἵνα
3503 5231 3643 5284 πᾶσι
3676 5232 3853 5301 χαρί-

2226 5341 2411 5395 σηται.
2446 5324 2729 5396 Κρείττων
2764 5321 2857 5378 οὖν
2907 5327 2936 5379 6
2978 5324 3206 5379 διιωιῶν
3250 5322 3346 5379 τοῦ
3381 5323 3847 5395 κατακρίνοντος,

2227 5418 2496 5489 κρείττων
2531 5418 2627 5471 τοῦ
2660 5419 3020 5483 ἀπαιτοῦντος
3066 5421 3094 5473 ὁ
3139 5417 3524 5491 χαριζόμενος,
3565 5420 3853 5489 κρείττων

2224 5510 2320 5564 τοῦ
2360 5510 2436 5581 μὴ
2475 5510 2796 5582 ἰσχύσαντος
2824 5514 3155 5584 κατακρῖναι
3203 5511 3305 5583 τὴν
3354 5510 3635 5583 ἁμαρτίαν
3676 5512 3742 5565 ὲν
3774 5515 3847 5583 τῇ

2230 5602 2417 5672 σαρκὶ,
2463 5604 2491 5655 ὁ
2537 5602 2632 5656 καὶ
2678 5602 2839 5657 τοῦτο
2885 5603 3181 5675 πληρώσας
3209 5602 3360 5667 Υἱός.
3389 5603 3678 5675 Κρείττων
3730 5602 3849 5674 ἄρα

1692 5719 1733 5751 ⁸⁷
1766 5720 1786 5775 1
1827 5718 1953 5773 Cor.
1992 5716 2079 5780 15,
2113 5716 2202 5770 9‘2.
2284 5718 2352 5747 ‘7'
2388 5715 2532 5771 Psal.
2568 5734 2735 5778 Lxxv.
2764 5718 2823 5773 2.
2904 5718 2948 5751 ¹⁸
2984 5718 3129 5773 Psal.
3157 5733 3318 5779 XVIII,
3351 5716 3423 5779 5;
3454 5717 3613 5772 Rom.
3660 5720 3837 5784 x,18.

547 5800 611 5834 ⁸⁸⁸
642 5800 777 5856 Joan
827 5814 880 5852 vr
907 5839 921 5861 ,
962 5785 1049 5851 15.
1134 5794 1177 5826 ¹⁹
1218 5792 1337 5848 Gal.
1364 5807 1460 5856 ιιι,
1487 5785 1596 5847 19.
1678 5791 1741 5823 ¹⁹⁶
1785 5792 1888 5847 lsa.
1935 5803 2030 5854 ιλιι.
2070 5788 2102 5841 6

2226 5787 2246 5817 °
2281 5785 2443 5843 llcbr.
2485 5804 2557 5843 vtt
2586 5829 2599 5853 ,
2642 5789 2732 5844 ‘22.
2812 5790 2854 5821 ²¹
2892 5788 3057 5845 llebr.
3108 5805 3241 5848 vm,
3283 5791 3337 5842 li.
3409 5790 3453 5820 “
3496 5787 3659 5845 Rom.
3698 5806 3839 5859 vrtt,

547 5876 602 5939 '5,
630 5873 683 5929 4.
758 5870 804 5904 ²³
829 5870 958 5927 ibid.
987 5869 1041 5925 9.
1120 5865 1163 5898 ²δ
1199 5862 1353 5920 Joan.
1386 5878 1467 5932 ιιι,
1494 5862 1580 5919 l7.
