3996 6412
184 402 295 468 353

1668 407 2111 467 TllESAURUS.

3371 417 3453 475 '55
3466 418 3489 469 ι

193 521 327 578 κατὰ
354 516 523 573 τοῦτο
556 516 685 571 τῶν
718 517 972 587 ἀγγέλων
1004 518 1114 572 τῶν
1152 518 1245 573 τὸν
1282 517 1483 591 ἀσθενῆ
1516 517 1609 573 καὶ
1640 536 1810 573 κατα-

1922 523 2002 591 qni
2036 524 2382 591 condemnat,
2439 523 2631 581 melior
2663 527 2755 595 qui
2786 526 3005 581 veniam
3057 525 3287 596 largitur
3320 540 3485 596 quam

203 613 431 686 κρίνοντα
460 608 854 680 λαλησάντωιν
881 610 1071 681 νόμον.

1908 611 2001 681 qui
2037 627 2251 682 pmnum
2292 613 2502 684 exigit;
2538 615 2730 669 melior
2757 626 2843 670 est
2886 630 2953 669 eo
2997 616 3088 685 qui
3124 624 3403 683 peccatum
3435 613 3488 665 in

212 722 355 765 eam
387 705 788 761 condemnare
818 719 929 760 non
961 706 1159 775 potuit,
1188 704 1237 761 is
1270 705 1364 776 qui
1414 706 1518 762 hoc
1577 705 1830 777 praestitit
1868 704 2057 761 Filius.
2089 704 2277 761 Melior
2320 708 2497 778 itaque
2538 708 2639 763 hac
2711 709 2919 763 ratione
2963 716 3047 766 est
3081 722 3242 777 quam
3289 704 3490 776 angeli,

214 805 295 876 qui
321 800 660 858 imbecillam
693 811 757 858 et
784 802 1246 859 condemnantetn
1281 803 1452 873 legem
1496 804 1805 860 ediderunt.

243 918 418 982 ΔΛΛΟ,
441 915 539 971 ὅτι
568 917 729 984 τοῖς*
751 916 1095 991 ποιήμασιν
1125 918 1165 986 ἢ
1193 917 1320 991 τοῖς
1348 917 1629 991 ἀγγέλοις
1654 919 1769 988 οὐχ

741 988 1027 1057 ὁμοεθνὴς
1061 991 1095 1043 ό
1113 989 1268 1056 Υἱός.

265 1105 321 1158 Et
343 1102 563 1175 ποίημά
592 1105 765 1160 ἐστιν
793 1108 824 1160 6
844 1105 996 1174 Υἱὸς,
1017 1105 1113 1160 καὶ
1132 1106 1381 1179 ὀμοφυὴς
1397 1107 1509 1170 τοῖς
1529 1104 1804 1175 ἀγγέλοις,

204 1197 562 1254 καλείσθωσαν
586 1200 698 1252 καὶ
723 1198 890 1253 αὐτοὶ
910 1198 1064 1271 παρὰ
1085 1199 1417 1271 τοῦᾘατρὸς
1445 1198 1635 1270 ὥσπερ
1658 1200 1804 1251 ἐκεῖ·

198 1310 279 1355 νος
302 1292 402 1344 υἱοὶ
419 1332 436 1357 ,
471 1290 508 1361 ἢ
531 1290 719 1357 αὐτὸς
753 1290 950 1364 ὥσπερ
975 1293 1174 1347 ἐκεῖνοι
1203 1292 1454 1363 ἄγγελος.
1470 1291 1616 1347 Ἀλλ’
1632 1289 1808 1345 οὐδενὶ

200 1382 297 1436 τῶν
333 1382 590 1451 ἀγγέλων
650 1379 790 1438 εἶπέ
836 1402 970 1439 ποτε
996 1402 1010 1417 ο
1050 1402 1069 1436 t
1098 1384 1227 1450 Υἱός
1261 1403 1362 1457 μου
1393 1380 1443 1439 εἰ
1474 1387 1562 1452 σὺ,
1589 1404 1610 1439 ι
1664 1383 1806 1440 κατὰ

215 1481 298 1551 τὴν
318 1476 401 1532 τοῦ
433 1476 673 1532 Παύλου
715 1479 939 1549 φωνήν·
974 1475 1101 1532 οὔτε
1135 1478 1242 1551 μὴν
1272 1478 1436 1543 αὐτὸς
1464 1476 1694 1547 ἄγγελος
1716 1494 1803 1531 κε-

221 1569 450 1639 κλημένος
477 1568 759 1639 φαίνεται
791 1569 938 1623 κατὰ
960 1568 1242 1640 ἀλήθειαν.
1288 1568 1718 1634 Καθεζὲσθωσαν
1746 1570 1802 1624 ἐν

220 1662 344 1733 δεξιᾷ
367 1660 456 1715 τοῦ
480 1661 717 1733 Πατρὸς
751 1660 951 1733 ὥσπερ
979 1661 1108 1725 Υἱός
1126 1678 1140 1691 °
1171 1660 1480 1726 ἀλλὀὐδεὶς
1505 1660 1614 1716 τῶν
1642 1661 1808 1730 ἀγγέ-

1909 907 2155 978 ALIUD,
2204 913 2343 983 quod
2388 910 2564 966 Filius
2614 927 2719 966 non
2743 913 2817 983 sit
2859 911 3092 983 ejusdem
3122 921 3333 966 natura:
3371 914 3490 966 cum

2387 983 2647 1037 creaturis
2673 982 2749 1035 vel
2778 981 3004 1050 angelis.

1983 1094 2041 1150 Si
2079 1093 2249 1151 Filius
2290 1105 2373 1150 est
2422 1105 2696 1161 creatura,
2750 1104 2804 1150 et
2837 1095 3077 1165 ejusdem
3115 1104 3323 1151 natura
3368 1109 3490 1151 cum

1907 1186 2134 1256 angelis,
2164 1195 2428 1240 vocentur
2450 1186 2614 1240 etiam
2656 1185 2755 1255 ipsi
2789 1184 2997 1240 aPatre
3029 1185 3144 1253 lilii,
3180 1188 3320 1242 sicut
3364 1186 3490 1253 ille;

1910 1285 2005 1331 aut
2034 1284 2259 1331 vocetur
2286 1276 2422 1345 ipse,
2460 1275 2919 1346 quemadmodum
2959 1275 3059 1341 illi,
3100 1277 3340 1347 angelus.
3375 1277 3494 1333 Cre-

1913 1350 2086 1421 terum
2143 1366 2344 1421 nemini
2399 1366 2713 1437 angelormn
2768 1382 3009 1437 unquam
3058 1367 3241 1423 dixit:
3277 1386 3294 1420 ι
3324 1368 3495 1424 Filius

1910 1472 2064 1514 meus
2088 1473 2147 1513 es
2187 1469 2266 1527 tu,
2298 1477 2318 1511 ι
2354 1467 2413 1514 ut
2435 1461 2513 1514 ait
2550 1460 2749 1516 Paulus
2772 1461 2853 1526 ";
2893 1476 3067 1530 neque
3101 1461 3219 1531 ipse
3254 1477 3490 1531 unquam

1913 1549 2136 1620 angelus
2185 1566 2373 1606 revera
2425 1552 2601 1607 dictus
2647 1562 2752 1607 est.
2806 1552 3044 1608 Sedeant
3087 1553 3249 1608 etiam
3300 1554 3375 1608 illi
3425 1555 3493 1609 ad

1911 1640 2185 1695 dexteram
2226 1639 2425 1708 Patris,
2468 1644 2609 1697 sicut
2636 1641 2827 1698 Filius.
2860 1642 3023 1713 Atqui
3062 1658 3221 1699 nemo
3255 1659 3493 1714 unquam

217 1710 797 1825 mussitat“;
809 1710 1807 1826 ᾗέιῖριξἇίλάᾘελᾷρἷἔαρἔέτῆἑὲιᾷι

1922 1732 2221 1802 mgelorum
2264 1735 2469 1789 assedit
2501 1733 2685 1802 Patri;
2719 1736 2813 1791 sed
2851 1710 3034 1805 potius
3072 1710 3364 1791 astiterunt
3396 1736 3497 1790 mi-

220 1845 641 1918 λειτουρτοῦντες
672 1845 858 1918 αὐτῷ.
894 1846 1223 1915 Λεγέτωσαν
1252 1845 1476 1915 ἄγγελοι
1497 1845 1808 1899 διατάττον-

232 1955 315 2002 te;
355 1939 522 2010 ὥσπερ
550 1939 580 1989 6
606 1938 784 2001 Υἱός·
842 1957 863 1989 ι
887 1937 1032 2007 Ἐγὼ
1076 1938 1134 1992 δὲ
1177 1938 1322 2007 λέγω
1348 1938 1515 2009 ὑμῖν⁴
1548 1956 1567 1989 ›
1603 1936 1718 1990 ἀλλ’
1748 1935 1809 1989 οὑ

242 2029 382 2085 τοῦτό
417 2049 588 2101 φασιν,
641 2031 794 2085 ἀλλὰ
849 2031 1087 2102 μᾶλλον·
1134 2050 1151 2082 ι
1194 2030 1533 2101 Ἀπεστάλην
1579 2030 1812 2099 λαλῆσαι

248 2124 367 2194 πρὸς
388 2123 458 2175 σέ.
486 2141 505 2173 ι
538 2123 644 2175 Καὶ
669 2124 725 2175 οἱ
768 2123 875 2193 μὲν
902 2122 1265 2187 διακονοῦσιν,
1297 2125 1325 2176 ό
1358 2122 1414 2175 δὲ
1446 2122 1807 2176 διακονεῖται*

249 2217 398 2271 σἾδοῦ
437 2218 547 2289 γὰρ,
579 2218 787 2288 φησὶν,
822 2217 1051 2287 ἄγγελοι
1086 2216 1486 2290 προσελθόντες
1531 2216 1812 2287 διηκόνουν

222 2308 375 2377 αὐτῷ.
406 2327 426 2359 ι
475 2309 583 2361 Καὶ
620 2309 654 2360 ὁ
693 2308 803 2379 μὲν
834 2308 952 2361 ἐστι
980 2307 1333 2379 δημιουργὸς,
1359 2308 1410 2360 οἱ
1456 2307 1514 2360 δὲ
1555 2306 1811 2375 γεγόνασι

221 2401 281 2454 δι’
308 2400 476 2454 αὐτοῦ’
509 2401 609 2454 καὶ
644 2402 699 2454 οἱ
740 2400 845 2470 μὲν
890 2398 1309 2470 προσκυνοῦσιν,
1345 2400 1373 2450 6
1403 2398 1459 2451 δὲ
1486 2399 1811 2469 προσκυνεῖ-

226 2506 338 2543 ται*
373 2491 454 2545 καὶ
479 2491 528 2543 οἱ
566 2491 680 2561 μὲν
717 2489 953 2559 ἄγγελοι
980 2489 1082 2553 τὰς
1114 2489 1221 2543 τῶν
1251 2488 1499 2559 οὐρανῶν
1525 2488 1702 2552 πύλας
1729 2486 1815 2541 αἷ-

237 2598 337 2653 ρειν
375 2584 811 2654 προστάττονται
832 2598 846 2611 ·
874 2583 904 2635 6
941 2581 998 2635 δὲ
1032 2580 1339 2651 εἰσέρχεται
1365 2581 1441 2644 ὡς
1467 2579 1673 2653 Κύριος
1701 2579 1813 2633 τῶν

222 2675 489 2746 δυνάμεων,
511 2676 598 2740 ὡς
635 2673 906 2745 βασιλεὺς
932 2674 1038 2744 τῆς
1065 2672 1255 2744 δόξης⁸
1289 2673 1386 2727 καὶ
1437 2674 1485 2726 οὶ
1533 2673 1631 2743 μὲν
1665 2672 1814 2744 ζωῆς

222 2768 484 2838 μετέχουσι
528 2769 649 2839 τῆς
686 2766 847 2837 παρὰ
876 2766 1035 2819 Θεοῦ⁸
1067 2768 1096 2820 6
1124 2766 1183 2820 δὲ
1225 2767 1326 2837 τῆς
1356 2765 1500 2835 ζωῆς
1536 2768 1652 2819 ἐστι
1687 2782 1815 2837 χορ-

210 2858 352 2928 ιιιγδς.
382 2860 547 2923 αὐτὸς
572 2857 705 2929 ζωὴ
731 2860 850 2920 τοῖς
878 2859 1046 2909 πᾶσιν
1072 2857 1352 2927 ὑπάρχων.
1386 2856 1497 2909 Καὶ
1521 2858 1551 2911 6
1579 2856 1679 2927 μέν
1706 2874 1813 2928 φη-

224 2963 321 3002 σιν·
354 2968 372 3000 ι
393 2948 535 3017 Ἐγὼ
588 2949 696 3002 καὶ
723 2948 755 3000 6
786 2945 980 3019 Πατὴρ
1010 2945 1070 2999 ἓν
1100 2947 1288 3016 ἐσμεν,
1324 2965 1341 2997 ι
1376 2946 1472 2999 καὶ
1509 2965 1528 2998 ι
1549 2946 1609 2999 '0
1635 2946 1803 3018 ἐωρατ

1912 1826 2210 1881 nistrantes
2238 1823 2310 1880 ei.
2348 1825 2609 1881 Dicentur
2635 1841 2766 1881 vero
2798 1827 2959 1882 etiam
2998 1826 3174 1896 angeli
3220 1827 3496 1897 imperan-

1913 1926 2016 1983 tes,
2056 1926 2119 1972 ut
2163 1917 2336 1974 Filius
2364 1934 2380 1972 :
2414 1938 2432 1971 ι
2463 1918 2577 1989 Ego
2625 1929 2807 1974 autem
2861 1919 3012 1975 vobis
3041 1920 3164 1975 dico
3198 1938 3212 1975 :
3244 1938 3263 1972 ι
3292 1922 3387 1975 sed
3430 1933 3499 1975 ne

1912 2010 2018 2064 hoc
2066 2009 2287 2078 quidem
2344 2010 2531 2065 dicere
2582 2024 2678 2065 eos
2738 2010 3044 2079 comperias
3081 2026 3096 2063 :
3135 2009 3229 2064 sed
3278 2010 3495 2079 potius;

1917 2116 1936 2149 ι
1967 2097 2162 2155 Missus
2202 2115 2322 2156 sum
2354 2100 2500 2172 loqui
2533 2102 2602 2156 ad
2642 2109 2714 2155 te.
2755 2118 2776 2152 ι
2819 2099 2997 2169 Atque
3043 2101 3097 2155 hi
3126 2100 3345 2170 quidem
3393 2101 3498 2154 mi-

1911 2192 2170 2259 nistrant,
2213 2194 2342 2248 huic
2365 2207 2500 2248 vero
2553 2192 2936 2247 ministratur:
2968 2208 2988 2243 c
3026 2191 3164 2246 Ecce
3213 2192 3381 2256 enim,
3414 2192 3498 2246 in-

1910 2285 2049 2354 quit,
2098 2285 2272 2357 angeli
2320 2284 2591 2356 progressi
2649 2284 3034 2339 ministrabant
3078 2284 3127 2339 ei
3151 2284 3222 2340 “.
3244 2300 3273 2335 ἰ
3319 2285 3498 2354 Atque

1912 2377 2003 2432 hic
2035 2378 2251 2448 quidem
2285 2387 2367 2433 est
2413 2377 2661 2439 Creator,
2703 2377 2754 2432 hi
2800 2392 2929 2433 vero
2977 2391 3071 2445 per
3104 2376 3281 2445 ipsum
3324 2375 3497 2430 creati

1911 2479 2073 2533 sunt;
2104 2468 2165 2522 hi
2198 2469 2448 2535 adorant,
2478 2467 2568 2522 ille
2594 2468 2889 2535 adoratur;
2921 2467 3095 2538 angeli
3127 2475 3312 2537 portas
3339 2466 3500 2521 coelo-

1913 2576 2032 2616 rum
2060 2560 2249 2616 tollere
2268 2561 2544 2630 jubentur,
2574 2562 2690 2630 ipse
2716 2576 2845 2615 vero
2876 2561 3180 2629 ingreditur
3216 2563 3285 2614 ut'
3314 2560 3498 2614 Domi-

1914 2670 2019 2710 nus
2046 2661 2396 2724 petestatum,
2430 2664 2489 2709 ut
2516 2669 2607 2708 rex
2633 2653 2903 2724 gloriae"
2927 2670 2942 2719 ;
2967 2653 3140 2724 angeli
3181 2653 3346 2724 209
3376 2655 3499 2709 vitae

1914 2749 2204 2819 participes
2242 2746 2375 2801 liunt
2418 2763 2447 2799 a
2496 2746 2644 2801 Deo:
2676 2747 2764 2800 hic
2800 2761 2931 2801 vero
2956 2745 3082 2800 vitae
3126 2746 3354 2815 largitor
3391 2757 3498 2814 est,

1912 2841 2142 2907 ipsemet
2174 2840 2279 2892 vita
2312 2838 2567 2893 omnibus
2592 2838 2883 2892 exsistens.
2913 2836 3011 2891 llic
3038 2836 3172 2891 dicit
3203 2853 3217 2890 :
3259 2856 3278 2889 ι
3308 2838 3419 2910 Ego
3446 2848 3503 2893 et

1913 2932 2074 2988 Pater
2098 2948 2263 2988 unum
2286 2949 2474 2988 sumus
2495 2932 2572 2999 ’νς
2604 2950 2622 2984 ι
2660 2940 2715 2986 et
2742 2949 2757 2987 :
2791 2950 2808 2983 ι
2837 2931 2938 2998 Qui
2974 2933 3106 2986 vidit
3137 2947 3244 2998 me,
3280 2934 3413 2987 vidit
3446 2941 3503 2987 et

226 3039 316 3104 κὼς
356 3010 473 3111 ἐμὲ,
509 3038 749 3111 ἑώρακε
798 3037 892 3091 τὸν
931 3010 1184 3108 ᾗατέρα,
1215 3053 1234 3087 ι
1276 3010 1400 3102 καὶ,
1440 3055 1458 3087 ι
1488 3035 1674 3090 Πάντα
1711 3010 1810 3090 δσα

1922 3028 2135 3084 Patrem
2164 3010 2244 3096 ιο,
2278 3046 2296 3079 ι
2350 3037 2406 3082 et
2443 3045 2456 3081 :
2507 3046 2525 3079 ι
2555 3019 2746 3082 Omnia
2789 3040 2910 3096 quae
2957 3026 3124 3081 habet
3166 3025 3333 3081 Pater
3383 3043 3503 3083 mea

235 3129 323 3198 ἔχει
363 3133 391 3183 6
424 3130 656 3200 Πατὴρ,
697 3126 814 3199 ἐμά
860 3128 998 3192 ἐστι,
1032 3145 1052 3178 ι
1093 3126 1190 3180 καὶ
1227 3144 1246 3177 r
1278 3123 1419 3193 Ἐγώ
1449 3126 1564 3195 εἰμι
1612 3125 1672 3178 τὸ
1697 3123 1814 3193 φῶς

234 3220 306 3272 τοῦ
332 3220 556 3291 κόσμου,
590 3239 613 3271 ι
672 3218 774 3271 καὶ
813 3217 999 3286 «Ἐγώ
1050 3217 1167 3287 εἰμι
1220 3217 1254 3287 η
1295 3214 1593 3279 ἀνάστασις
1644 3215 1739 3268 καὶ
1781 3216 1815 3286 ἡ

229 3306 345 3384 ζωή·
372 3333 389 3366 ι
418 3313 659 3383 ἄγγελοι
701 3311 763 3364 δὲ
788 3310 888 3374 τὰς
909 3306 1170 3373 τοιαύτας
1213 3309 1274 3362 οὐ
1309 3306 1550 3379 τολμῶσι
1582 3307 1816 3378 φθέγγε-

236 3404 344 3459 ’σῦιι
366 3406 562 3475 φωνάς.
603 3402 735 3457 Κᾶν
766 3404 824 3456 ἐν
841 3401 930 3474 ’τῷ
955 3401 1183 3471 ὀνόματι
1213 3398 1307 3454 τοῦ
1338 3399 1470 3453 Υῐοῦ
1501 3397 1817 3471 προσευξώ-

255 3494 606 3567 μεθκόσαπερ
652 3493 727 3547 ἂν
768 3493 1105 3563 αἰτήσωμεν,
1135 3489 1423 3560 ληψόμεθα
1447 3506 1459 3519 ·
1494 3489 1554 3541 ὲν
1592 3488 1818 3558 ὀνόματι

248 3586 295 3639 δὲ
316 3587 405 3641 τῶν
426 3588 690 3658 ἀγγέλων
718 3585 821 3639 οὐκ
847 3585 912 3639 ἄν
945 3600 1031 3647 τις
1056 3581 1440 3653 προσεύξαιτο.
1473 3581 1582 3634 Καὶ
1608 3580 1686 3651 τῷ
1716 3579 1816 3651 μὲν

246 3680 333 3751 Υἱῷ
358 3684 441 3736 σὺν
464 3681 555 3752 τῷ
585 3680 781 3751 Πατρὶ
809 3677 906 3732 καὶ
940 3676 1076 3749 μετὰ
1101 3676 1318 3747 Πατρὸς
1344 3677 1376 3746 ἡ
1402 3673 1529 3739 δόξα
1546 3691 1559 3705 ·
1593 3673 1815 3743 ἄγγελοι

222 3774 347 3829 δὲού
376 3776 738 3841 δοξάζονται,
771 3771 909 3827 ἀλλὰ
961 3770 1161 3843 μᾶλλον
1207 3767 1491 3837 δοξάζουσι
1537 3767 1677 3839 μετὰ
1721 3766 1815 3820 τοῦ

223 3869 410 3941 Πατρός
436 3871 542 3923 τὸν
570 3866 733 3921 Υἱόν.
764 3864 890 3929 Πῶς
915 3860 1008 3918 οὖν
1038 3862 1314 3934 τοσαύτης
1344 3862 1606 3932 κειμένης
1632 3863 1818 3932 διαφο-

214 3963 304 4031 ρᾶς
337 3961 555 4032 μεταξὺ
599 3958 718 4012 τῶν
764 3956 1015 4026 ἀγγέλων
1052 3956 1147 4010 καὶ
1191 3954 1286 4009 τοῦ
1316 3952 1471 4018 Υΐοῦ,
1502 3954 1602 4026 τῆς
1647 3954 1818 4025 αὐτῆς

208 4053 380 4116 casia;
431 4048 590 4105 εἶναι
644 4047 1093 4120 νομισθήσονται,
1144 4046 1359 4110 οὐδενὸς
1406 4046 1818 4119 συγχωροῦντος

206 4145 392 4214 λόγους
435 4144 768 4211 Ἀναλόγως
815 4140 927 4213 γὰρ
976 4143 1042 4212 τῇ
1099 4141 1209 4196 τῶν
1262 4139 1570 4212 προσώπων
1603 4138 1731 4211 ἀξίᾳ
1755 4137 1817 4192 τὸ

205 4237 298 4307 τῆς
330 4238 564 4307 φύσεως
598 4236 863 4306 διάφορον
888 4234 1263 4306 ὁρισθήσεται.

236 4353 440 4417 ΑΛΛΟ,
472 4352 573 4405 ὅτι
607 4349 711 4404 καὶ
742 4347 841 4402 ἐπὶ
873 4346 985 4417 τοῦ,
1028 4346 1258 4415 Πατρός
1302 4347 1644 4415 εὑρίσκεται
1679 4345 1777 4411 τὸ,

837 4436 857 4470 ι
892 4416 1149 4488 ἐγένετο.
1185 4437 1206 4471 ι

280 4534 338 4589 '0
368 4531 702 4603 Ψαλμῳδδς
755 4529 908 4599 λέγει
933 4547 950 4562 ·
993 4550 1012 4582 ι
1052 4529 1219 4584 Γενοῦ
1263 4533 1456 4603 μοιείς
1486 4530 1619 4586 Θεὸν
1643 4531 1815 4603 ὑπερ-

207 4627 510 4697 ασπιστήν·
553 4642 574 4676 ι
622 4624 721 4677 καὶ
769 4623 930 4677 πάλιν
954 4662 970 4688 ,
1012 4639 1031 4674 ι
1077 4621 1326 4693 Ἐγένετό
1373 4641 1465 4695 μοι
1512 4625 1592 4688 εἰς
1639 4640 1816 4695 σωτη-

211 4717 346 4786 ρίαν.
392 4737 417 4771 ι
456 4718 524 4770 Et
555 4716 615 4769 δὲ
645 4715 741 4769 ἐπὶ
764 4715 858 4769 τοῦ
894 4714 1026 4770 Υἱοῦ
1049 4714 1143 4769 καὶ
1176 4713 1351 4768 ταῦτα
1375 4716 1641 4786 φήσουσιν
1670 4714 1818 4787 εερῆ-

210 4809 350 4874 σθαι,
411 4810 519 4865 καὶ
571 4807 805 4872 ἄκοντες
863 4805 1014 4878 αὐτῷ
1070 4807 1512 4878 μαρτυρήσουσιν
1567 4807 1650 4860 ὅτι
1703 4808 1816 4871 τοῖς

212 4901 518 4972 κτίσμασιν
561 4901 668 4953 οὐκ
692 4899 840 4954 ἔστιν
862 4899 1139 4971 ὁμοφυὴς,
1185 4901 1214 4953 6
1242 4899 1373 4962 τοὺς
1407 4899 1596 4967 ἁγίους
1622 4897 1821 4953 διασὼ-

214 4993 331 5059 ζων,
361 4995 679 5064 καταφυγή
704 5010 764 5045 τε
789 4994 975 5057 αὐτοῖς
1002 4994 1098 5047 καὶ
1130 4991 1307 5064 σκέπη
1339 4993 1683 5063 φαινόμενος.
1709 4992 1819 5046 Καὶ

221 5084 362 5140 τοῦτο
383 5085 510 5155 γὰρ
543 5083 700 5138 ἔσται
737 5085 886 5156 μόνῳ
918 5083 1129 5156 πρέπον
1156 5082 1296 5153 Θεῷ.

213 5286 421 5348 AAAU,
451 5286 542 5351 εις
574 5284 667 5348 τὸ,
688 5301 715 5354 ξι
754 5282 1029 5351 Τοσούτῳ
1048 5285 1333 5353 κρείττων
1357 5285 1676 5354 γενόμενος
1699 5283 1818 5354 τῶν

278 5356 583 5423 ἀγγέλων,
620 5373 639 5405 ι
675 5352 767 5426 ὅτι
808 5353 877 5407 τὸ
909 5371 927 5406 ι
971 5352 1314 5426 γενόμενος.
1354 5352 1373 5407 ι
1403 5352 1674 5409 οὑίκατὰ
1702 5353 1816 5423 τῆς

283 5427 508 5489 οὐσίας
544 5423 825 5492 νοητέον.

288 5538 356 5592 Εἰ
397 5538 459 5592 τὸ
490 5557 510 5591 ι
546 5538 849 5610 γενόμενος
894 5556 914 5591 ι
953 5538 1171 5603 πάντως
1228 5539 1487 5612 σημαίνει
1522 5538 1668 5603 τινὸς
1716 5538 1815 5612 τὴν

222 5630 329 5684 ἀπὸ
356 5631 449 5685 τοῦ
478 5631 555 5703 μὴ
584 5631 746 5696 ὄντος
769 5631 851 5694 εἰς
879 5632 941 5684 τὸ
974 5626 1113 5686 εἶναι
1147 5631 1404 5704 πάροδον,
1445 5631 1538 5686 καὶ
1566 5632 1653 5686 ἀεὶ
1674 5631 1814 5686 κατὰ

1917 3121 2137 3176 sunt".
2170 3140 2191 3172 ι
2228 3128 2302 3187 et,
2337 3137 2355 3171 ι
2385 3119 2500 3189 Ego
2528 3134 2647 3173 sum
2670 3119 2773 3174 .lux
2818 3118 3002 3173 mundi
3026 3118 3107 3184 '°;
3142 3137 3162 3171 ι
3197 3128 3251 3175 et
3286 3133 3302 3173 :
3337 3138 3357 3171 ι
3392 3119 3503 3190 Ego

1915 3228 2034 3270 sum
2061 3212 2390 3268 resurrectio
2418 3221 2474 3267 et
2523 3211 2634 3264 vita
2660 3211 2739 3278 ³¹;
2768 3229 2791 3263 ι
2840 3210 3019 3280 angeli
3043 3220 3247 3275 autem,
3288 3212 3503 3281 ejusce-

1917 3306 2060 3361 modi
2110 3306 2292 3361 dicere
2338 3320 2445 3360 non
2493 3305 2713 3360 audent.
2751 3302 3026 3359 Prmterea
3081 3304 3127 3360 si
3174 3304 3227 3359 in
3284 3306 3504 3361 nomine

1910 3399 2041 3456 Filii
2087 3399 2450 3465 oraverimus,
2485 3411 2826 3469 quaecunque
2876 3398 3217 3469 petierimus,
3267 3400 3504 3468 accipie-

1917 3509 2039 3549 mus
2059 3493 2139 3560 ³³;
2176 3493 2227 3546 in
2261 3494 2482 3548 nomine
2512 3501 2694 3548 autem
2730 3491 3069 3563 angelorum,
3112 3505 3272 3547 nemo
3310 3505 3505 3547 orave-

1917 3587 2009 3642 rit.
2042 3586 2108 3641 Et
2135 3584 2275 3642 Filio
2298 3586 2518 3657 quidem
2548 3600 2655 3640 una
2692 3600 2812 3639 cum
2844 3583 3012 3640 Patre
3038 3585 3208 3655 gloria
3242 3585 3502 3651 debetur;

1920 3680 2127 3750 angelis
2156 3695 2289 3736 vero
2320 3679 2490 3750 gloria
2543 3694 2652 3734 non
2685 3679 2955 3744 defertur,
2992 3680 3086 3734 sed
3126 3678 3305 3749 potius
3344 3679 3505 3746 glori-

1922 3774 2088 3830 ﬁcant
2114 3772 2311 3828 Filium
2346 3788 2468 3827 cum
2508 3769 2692 3829 Patre.
2719 3769 3002 3838 Quomodo
3039 3770 3206 3842 igitur
3233 3786 3355 3826 cum
3387 3780 3506 3824 tan-

1923 3878 2035 3923 tum
2066 3867 2139 3922 sit
2174 3867 2467 3923 discrimen
2500 3864 2642 3919 inter
2667 3864 2888 3933 angelos
2919 3872 2975 3919 et
3012 3861 3232 3929 Filium,
3263 3862 3503 3933 ejusdem

1917 3959 2171 4016 essentia:
2216 3973 2339 4014 esse
2381 3957 2773 4021 censebuntur,
2825 3970 2947 4010 cum
2980 3954 3031 4009 id
3062 3953 3206 4008 nulla
3253 3954 3390 4007 ratio
3419 3951 3504 4005 fe-

1919 4051 2040 4107 rat?
2070 4049 2289 4104 Naturae
2323 4049 2469 4103 enim
2514 4045 2822 4102 dill'erentia
2865 4060 3218 4117 personarum
3258 4045 3503 4117 dignitati

1918 4142 2270 4213 proportione
2299 4138 2532 4211 quadam
2566 4138 2878 4209 respondet.

2133 4338 2365 4405 ALIUD,
2402 4342 2543 4411 quod
2576 4338 2735 4411 etiam
2762 4337 2825 4390 de
2864 4335 3027 4391 Patre
3056 4337 3284 4397 dicatur,

2517 4427 2535 4462 ι
2578 4409 2752 4479 factus
2780 4418 2877 4463 est.
2912 4426 2930 4459 ι

1996 4521 2280 4578 Psalmista
2304 4521 2478 4592 inquit
2510 4537 2524 4576 :
2560 4538 2580 4572 ι
2613 4518 2740 4574 Fias
2769 4519 2898 4575 mihi
2930 4520 2982 4573 in
3033 4518 3200 4573 Deum
3232 4528 3525 4589 protectos

1926 4632 2037 4672 rem
2073 4616 2150 4684 ³τ³;
2184 4635 2201 4668 ι
2233 4625 2287 4670 et
2310 4629 2531 4669 rursum
2570 4628 2581 4662 :
2622 4631 2641 4665 ι
2692 4612 2893 4667 Factus
2928 4620 3010 4667 est
3073 4611 3201 4667 mihi
3259 4613 3315 4665 in
3358 4612 3507 4665 salu-

1925 4717 2030 4763 tem
2057 4706 2124 4762 “.
2163 4726 2181 4760 ι
2218 4705 2370 4773 Quod
2400 4704 2446 4760 si
2485 4705 2551 4759 de
2580 4701 2719 4759 Filio
2766 4704 2878 4757 haec
2927 4702 3070 4756 dicta
3104 4715 3223 4756 esse
3283 4710 3508 4756 conten-

1924 4800 2076 4864 dant,
2126 4799 2293 4855 etiam
2378 4795 2626 4852 uolentes
2703 4793 3045 4848 testabantur
3092 4792 3235 4861 quod
3319 4792 3366 4847 is
3413 4793 3504 4863 qui

1920 4901 2139 4948 sanctos
2192 4890 2429 4962 protegit
2482 4897 2552 4945 et
2579 4894 2886 4951 conservat,
2911 4901 3017 4941 non
3041 4884 3374 4954 sitejusdem
3408 4900 3505 4940 na-

1923 4995 2057 5041 tura:
2092 5000 2212 5039 cum
2267 4983 2590 5049 creaturis;
2639 4996 2760 5063 cum
2808 4981 2941 5051 ipsis
2997 4979 3263 5050 refugium
3338 4986 3505 5047 atque

1922 5076 2164 5131 defensio
2198 5090 2317 5132 esse
2348 5084 2625 5132 cernatur.
2655 5061 2771 5131 Hoc
2794 5061 2970 5130 euinf
2998 5073 3097 5130 soli
3166 5070 3279 5128 Deo
3305 5087 3505 5129 conve—

1856 5192 1865 5200 -
1921 5170 2024 5224 nit.

1922 5281 2154 5346 ALIUD,
2186 5282 2324 5351 quod
2354 5283 2407 5335 in
2432 5280 2528 5336 illo
2558 5282 2741 5347 dicto;
2803 5297 2824 5332 ι
2870 5279 3038 5335 Tanto
3100 5281 3290 5335 melior
3328 5279 3505 5350 factus

1989 5365 2067 5408 est
2094 5353 2317 5421 angelis,
2357 5370 2376 5403 ι
2410 5353 2622 5407 verbum
2647 5369 2666 5403 ι
2707 5352 2881 5420 [actus
2914 5362 2993 5405 est
3034 5369 3053 5402 ι
3095 5367 3201 5406 non
3238 5352 3302 5406 de
3329 5367 3504 5406 euen-

1986 5426 2061 5478 tia
2100 5422 2497 5494 intelligendum
2518 5431 2614 5476 est.

1990 5537 2047 5592 Si
2085 5555 2103 5589 ι
2149 5535 2339 5605 factus:
2366 5542 2450 5591 est
2479 5552 2498 5586 ι
2544 5547 2761 5603 semper
2793 5533 3020 5590 omnino
3076 5534 3347 5605 signiﬁcat
3400 5536 3504 5591 ali-

1920 5630 2049 5701 quid
2077 5644 2106 5683 a
2138 5628 2308 5685 nihilo
2341 5627 2408 5682 ad
2443 5641 2565 5682 esse
2598 5625 2945 5691 translatum,
2978 5635 3032 5682 et
3060 5641 3278 5699 semper
3308 5644 3371 5684 ea
3398 5643 3504 5685 vox

295 5786 522 5842 "Hebr.
553 5803 592 5853 ι,
637 5787 694 5844 5.
776 5786 825 5817 "
858 5785 1046 5840 Matth.
1088 5802 1160 5852 tv,
1204 5787 1291 5842 ll.
1369 5787 1438 5818 "‘
1468 5784 1611 5842 Psal.
1647 5803 1803 5853 χχιιι,

1922 5788 1994 5842 ιο.
2071 5786 2116 5817 ’⁷
2140 5785 2298 5840 Joan.
2329 5799 2384 5850 κ,
2418 5781 2509 5838 50.
2585 5781 2629 5814 ³⁸
2654 5780 2809 5853 Joan.
2842 5798 2956 5847 xrv,
2981 5782 3035 5838 9.
3111 5785 3159 5818 "
3193 5783 3349 5840 Joan.
3383 5795 3497 5850 xvr,
3532 5814 3541 5819 ι

235 5856 323 5910 15.
388 5860 429 5889 ³⁸
457 5858 614 5915 Joan.
658 5870 781 5922 \lll,
815 5855 902 5912 1’2.
972 5857 1016 5889 °‘
1057 5856 1214 5912 Juau.
1260 5873 1338 5919 Si,
1368 5858 1457 5912 25.
1537 5856 1810 5913 "10am:

1952 5859 2039 5913 l5.
2117 5856 2161 5889 ³³
2204 5854 2346 5910 Psal.
2381 5869 2508 5919 xxx,
2536 5853 2589 5908 '5.

2666 5852 2711 5885 "
2743 5852 2888 5912 Psal.
2920 5869 3090 5914 cxvu.
3130 5854 3223 5908 M.
