3996 6472
450 427 558 482 555

1496 404 1554 459 8.
1594 394 1872 455 CYRILLI
1910 383 2384 446 ALEXANDRINI
2424 382 2746 441 ARCHIEP.

3635 377 3753 432 5'56

452 546 521 605 de
547 543 851 601 substantia
876 535 1226 609 intelligenda
1251 539 1369 596 est;
1405 528 1731 598 quibusnam
1763 517 1903 574 dixit
1934 512 2030 609 Da-
2065 546 2070 570 έ

2188 534 2234 602 ις
2263 531 2451 596 οὐσίας
2491 533 2525 602 ἡ
2568 531 2710 597 λέξις
2747 528 3026 593 τάττεται,
3055 525 3199 579 τίσιν
3235 522 3422 592 ἔλεγεν
3450 521 3478 575 6
3509 520 3751 591 Σωτήρο

453 647 540 695 ter
572 653 587 689 :
622 656 639 688 ι
684 632 854 689 l-‘iatis
876 607 1253 686 misericordes
1271 622 1414 676 sicut
1436 617 1597 672 Pater
1637 620 1817 666 vester
1868 607 2033 695 coelo-ﬁ

459 730 558 789 stis
592 727 905 785 misericors
939 731 1021 777 est
1050 718 1134 770 3'?
1168 733 1187 769 ι
1241 714 1298 768 Si
1357 710 1502 767 enim
1557 713 1716 760 erant
1745 702 1856 771 jam
1885 699 1923 752 ii
1971 694 2038 749 ad

457 837 597 893 quos
629 834 808 876 sermo
839 817 929 872 ille
975 812 1196 869 habitus
1255 806 1378 869 fuit,
1441 798 1713 872 quomodo
1771 796 1883 848 haec
1912 804 2037 853 vox,

459 881 609 986 fieri,
643 925 857 980 semper
896 905 1168 977 signiticet
1216 896 1616 954 traductionem
1637 889 1703 945 ad
1742 885 1899 942 esse?
1940 881 2045 935 Ne-

457 972 563 1077 que
595 972 738 1060 enim
763 972 826 1055 id
854 972 997 1067 quod
1038 996 1151 1066 jam
1175 1002 1301 1054 .est,
1338 988 1435 1044 sed
1496 983 1641 1053 quod
1690 994 1796 1034 non
1846 985 1950 1077 estt
1977 972 2043 1027 ad

459 1068 581 1154 esse
611 1092 936 1152 traducitur.
968 1088 1024 1143 Si
1095 1093 1277 1141 autem
1306 1081 1451 1151 ﬁeri,
1476 1091 1602 1135 cum
1631 1076 1699 1129 de
1748 1072 1911 1126 rebus
1934 1068 2045 1138 jam

459 1187 847 1248 exsistentibus
868 1182 1091 1243 dicitur.
1150 1194 1259 1234 non
1317 1173 1533 1229 initium
1599 1166 1867 1238 quoddam
1903 1158 2049 1216 exsi-

460 1280 642 1337 stendi
673 1280 731 1334 in
756 1276 893 1348 ipsis
921 1272 1215 1345 signiﬁcat,
1250 1268 1345 1322 sed
1372 1265 1550 1335 potius
1571 1258 1922 1316 mutationem
1952 1251 2054 1305 ali-

465 1371 625 1442 cujus
648 1371 704 1426 in
735 1342 1148 1437 aliquit-nulla
1189 1368 1339 1415 certe
1386 1356 1527 1411 ratio
1561 1361 1719 1422 coget
1742 1359 1801 1402 ut
1825 1347 1879 1401 in
1912 1342 2051 1398 Filio

466 1432 582 1530 Dei,
648 1479 668 1515 ι
729 1432 910 1517 factus
952 1464 1054 1521 est,
1130 1472 1151 1505 ι
1221 1449 1516 1506 essentiam
1603 1442 1775 1510 ipsius
1846 1432 2055 1507 signiﬁ-

463 1563 571 1612 ω’
672 1694 841 1768 κιο
908 1646 1490 1747 ASSERTIO
1568 1643 1833 1733 xxr.

2146 644 2163 676 ι
2197 624 2419 678 Γίνεσθε
2464 625 2827 694 οἰκτίρμονες,
2870 620 3055 683 καθὼς
3097 618 3193 673 καὶ
3234 619 3265 670 6
3298 615 3492 687 Πατὴρ
3524 612 3688 685 ὑμῶν
3719 614 3753 664 6

2141 716 2392 788 οὐράνιος
2423 714 2725 786 οἰκτίρμων
2753 711 2929 778 tactv;
2969 729 2988 764 ι
3019 709 3083 763 El
3112 709 3211 781 μὲν
3234 701 3328 762 οὖν
3361 704 3609 776 ὑπῆρχον
3637 701 3751 772 ἤδη

2144 809 2282 880 πρὸς
2306 807 2401 871 οὓς
2422 803 2489 879 ἦν
2517 809 2547 860 6
2578 806 2754 874 λόγος,
2790 804 2907 870 πῶς
2939 802 3009 857 ἂν
3037 801 3296 874 σημαίνοι
3325 798 3542 861 πάντως
3569 795 3633 849 τὸ
3659 793 3759 865 τι-

2144 905 2360 958 νεσθαι
2389 899 2488 973 τὴν
2522 901 2602 963 εἰς
2630 899 2690 952 τὸ
2730 893 2875 950 εἶναι
2906 895 3178 966 πάροδον;
3217 895 3292 947 Οὐ
3330 891 3439 964 γὰρ
3463 891 3530 945 ἂν
3563 889 3755 959 δήπου

2146 996 2207 1050 τὸ
2241 995 2341 1066 ἥδη
2377 994 2436 1048 ὃν
2460 995 2541 1056 εἰς
2578 992 2639 1045 τὸ
2667 987 2808 1044 εἶναι
2839 990 3081 1061 φέροιτο,
3115 986 3252 1041 ἀλλὰ
3282 985 3344 1039 τὸ
3380 986 3454 1056 μὴ
3485 981 3567 1036 δν.
3599 980 3669 1034 Εἰ
3695 979 3756 1033 δὲ

2149 1088 2295 1142 κατὰ
2321 1087 2429 1140 τῶν
2475 1086 2645 1140 ὄντων
2677 1084 2739 1138 τὸ
2783 1085 3057 1153 τίνεσθαι
3104 1080 3381 1151 κείμενον,
3426 1077 3528 1129 οὐκ
3570 1074 3757 1144 ἀρχήν

2149 1197 2273 1235 τινα
2308 1178 2567 1251 σημαίνει
2597 1176 2696 1247 τῆς
2738 1176 3029 1248 ὑπάρξεως
3062 1172 3294 1235 τούτων,
3324 1168 3460 1225 ἀλλὰ
3493 1167 3596 1239 τὴν
3640 1163 3759 1218 ὀιπὸ

2151 1288 2298 1334 τινος
2338 1271 2417 1334 είς
2461 1288 2514 1323 τι
2544 1269 2875 1340 μεταϐολὴν,
2899 1267 3077 1331 οὐδεὶς
3121 1264 3429 1335 ἀναγκάσει
3456 1260 3619 1329 λόγος
3656 1257 3760 1311 ἐπὶ

2153 1364 2248 1418 τοῦ
2280 1363 2408 1418 Υἱοῦ
2453 1363 2547 1417 τοῦ
2579 1362 2740 1429 Θεοῦ,
2764 1362 2826 1415 τὸ
2856 1380 2874 1413 ‹
2925 1361 3221 1432 γενόμενος
3258 1376 3277 1410 ι
3309 1356 3409 1428 τῆς
3458 1350 3764 1423 ὑπάρξεως

2156 1451 2297 1509 εἶναι
2334 1455 2691 1527 σημαντικόν.

2636 1644 2999 1731 ΛΟΓΟΣ
3073 1610 3272 1728 ΚΑ.

469 1809 539 1866 In
571 1810 769 1891 dictum
794 1805 932 1861 illud
951 1802 1226 1891 Arpostoli:
1260 1819 1277 1851 ι
1309 1788 2058 1891 (3οιιξὶιίςςριίαροεῦιρίιὲηιήξξ

2188 1806 2261 1871 ῖίς
2282 1805 2375 1891 ’τὸ
2407 1800 2780 1891 ,ρητὸνιτοῦ
2820 1799 3222 1891 Ἀὶπορντόλοιθσ
3269 1815 3287 1850 ι
3324 1797 3768 1891 βατίινοήσατε

535 1855 1212 1951 ροηιίβεεηιεοηίὲειίοηξε
1262 1879 1457 1923 nostra
1497 1855 1718 1951 Iesum,
1755 1861 1843 1933 qui
1887 1855 2058 1951 [ﬁdelis

2188 1855 2739 1951 Ἶξὸν-ἀξξδστολσν
2785 1855 2893 1951 καὶ.
2936 1871 3239 1951 ἀρχιερέαό
3278 1855 3767 1951 τῆςιόμολὸγίιις
3836 1900 3845 1907 ν

435 1993 439 1997 .
537 1924 1213 2020 ἔέιῖἐᾘίιῖἶιὲἱέῖῥὶᾶἱηιδ
1238 1958 1253 1993 ι
1283 1960 1302 1993 ι
1329 1953 1396 1993 ea:
1420 1924 1928 2007 quoiufertur'quo'd
1960 1924 2052 1980 Fi-

539 2022 643 2076 lius
676 2035 778 2073 non
807 2020 877 2072 sit
909 2031 1062 2086 opus,
1097 2023 1187 2066 aut
1204 2020 1471 2066 creatura.

544 2200 601 2255 Si
633 2196 811 2253 Filius
835 2202 921 2251 est
969 2199 1247 2254 creatura,
1296 2199 1524 2243 necesse
1565 2191 1651 2239 est
1695 2176 1856 2234 fateri
1888 2176 2061 2247 ipsum

473 2294 638 2352 etiam
672 2305 796 2348 esse
818 2302 985 2344 unum
1011 2283 1213 2349 aliquid
1241 2280 1306 2336 ex
1334 2278 1589 2335 omnibus
1612 2314 1626 2339 ,
1657 2285 1834 2343 neque
1862 2269 2065 2324 habere

477 2384 698 2442 deitatis
728 2377 1169 2452 prmrogativam,
1207 2373 1461 2426 nimirum
1497 2379 1710 2436 semper
1765 2363 2058 2419 exsistere.

476 2477 610 2534 Atsi
638 2477 742 2532 hoc
773 2487 962 2528 verum
990 2477 1097 2536 est,
1133 2465 1315 2521 omnia
1343 2471 1522 2518 autem
1594 2458 1738 2513 facta
1786 2466 1913 2512 sunt
1972 2466 2067 2524 per

480 2570 702 2633 Filium,
741 2575 796 2620 et
817 2564 937 2620 sine
969 2562 1085 2632 ipso
1115 2558 1320 2614 factum
1348 2565 1431 2611 est
1475 2552 1613 2608 nihil
1654 2550 1699 2583 ³⁷
1722 2568 1736 2617 ;
1760 2564 1891 2617 ergo
1925 2547 2066 2601 Ver-

483 2664 609 2717 hum
663 2660 901 2730 seipsum
935 2662 1105 2710 creat.
1131 2650 1241 2706 Sed
1296 2663 1408 2719 quo
1429 2657 1585 2719 pacto
1613 2643 1784 2716 possit
1820 2641 1873 2696 id
1927 2640 2069 2708 quod

484 2755 721 2812 nondum
751 2750 986 2816 exsistit,
1017 2748 1255 2816 seipsum
1279 2744 1346 2797 ad
1373 2755 1495 2797 esse
1534 2732 1862 2794 traducere?
1891 2734 1962 2787 At
2022 2730 2069 2786 si

483 2852 589 2907 hoc
661 2844 998 2916 impossibile
1052 2852 1178 2905 est,
1216 2854 1321 2895 non
1380 2845 1465 2893 est
1528 2835 1695 2905 igitur
1726 2830 1898 2885 Filius
1929 2840 2069 2881 unus

483 2960 552 3000 ex
575 2942 856 3005 omnibus,
890 2952 979 3002 ne,
1007 2935 1052 2990 si
1089 2931 1339 2987 erunibus
1364 2936 1779 2988 annumeretur,
1815 2935 1971 2977 suum
1994 2918 2074 2989 ip-

484 3037 599 3092 sius
630 3047 765 3103 opus
790 3045 912 3086 esse
957 3027 1217 3082 videatur.

1157 3136 1396 3193 ALIUD.

563 3262 620 3319 Si
664 3261 837 3317 Filius
872 3267 955 3316 est
982 3266 1234 3313 creatura
1266 3272 1279 3310 :
1312 3262 1540 3307 vocatur
1566 3258 1743 3303 autem
1776 3254 1829 3300 et
1875 3252 1959 3299 est
1987 3257 2073 3298 sa-

488 3358 693 3429 pientia
716 3355 892 3409 Patris
911 3353 977 3418 3°,
1002 3352 1092 3423 qui
1126 3349 1308 3407 omnia
1331 3348 1383 3400 in
1404 3343 1670 3414 sapientia
1696 3341 1826 3396 fecit
1843 3340 1890 3371 ”
1911 3358 1925 3394 :
1947 3352 2077 3407 ergo

489 3448 755 3519 sapientia
782 3446 1016 3516 scipsam
1040 3444 1189 3499 fecit.
1214 3444 1284 3495 At
1312 3440 1354 3494 si
1388 3440 1492 3493 hoc
1521 3436 1812 3491 absurdum
1832 3443 1938 3497 est,
1971 3446 2076 3486 non

490 3549 576 3594 est
600 3553 728 3610 ergo
753 3547 1001 3591 creatura
1043 3534 1238 3596 Filius,
1291 3531 1391 3585 hoc
1425 3537 1530 3594 est,
1568 3525 1831 3597 sapientia
1881 3521 2077 3587 Patris,

496 3647 564 3688 ne
585 3632 819 3702 seipsam
844 3641 1063 3683 creasse
1095 3627 1327 3680 dicatur.
1363 3666 1371 3672 .

1179 3737 1407 3793 ALIUD.

565 3836 622 3891 Si
650 3834 819 3891 Filius
845 3842 931 3891 est
960 3832 1169 3898 factus;
1199 3842 1421 3899 vocatur
1452 3837 1630 3883 autem
1660 3836 1714 3883 et
1734 3836 1817 3882 est
1843 3826 2080 3897 putentia

495 3940 552 3986 et
602 3928 869 3999 sapientia
906 3927 999 3982 Dei
1025 3925 1120 3976 ιιεί
1167 3923 1266 3977 fuit
1306 3938 1434 3992 ergo
1495 3932 1708 3990 tempus
1760 3918 1977 3990 aliquod
2026 3916 2079 3972 in

2231 1945 2404 2015 ἡμῶν
2443 1946 2698 2012 Ἰησοῦν,
2721 1943 2942 1997 πιστὸν
2970 1935 3118 1995 ὄὶτά
3154 1935 3248 2015 τῷ
3283 1935 3615 2015 ποιήσαντι
3640 1935 3769 2015 es.

2231 2009 2339 2071 τόν
2358 2032 2373 2046 ο
2415 2033 2436 2067 ι
2475 2009 2541 2068 τὸ
2573 2016 2642 2068 δὲ
2669 2014 3113 2084 συναγόμενον,
3144 2009 3235 2065 ὅτι
3263 2012 3335 2065 οὐ
3361 2011 3598 2080 ποίημα.
3623 2009 3774 2065 οὐδὲ

2233 2087 2457 2157 κτίσμα
2485 2089 2517 2140 d
2547 2088 2695 2152 Υίός.

2235 2206 2300 2260 El
2340 2203 2555 2274 ποίημά
2578 2204 2731 2256 ἐστιν
2760 2203 2788 2255 6
2817 2199 2971 2263 Υἱὸς,
3001 2197 3063 2251 ἒν
3086 2214 3140 2251 τι
3168 2197 3264 2251 καὶ
3291 2195 3456 2249 αὐτὸν
3484 2190 3633 2248 εἶναι
3660 2193 3771 2246 τῶν

2167 2299 2387 2354 πάντων
2420 2297 2636 2366 ἀνάγκη
2672 2292 3127 2366 προσομολογεῖν,
3162 2291 3263 2344 οὐκ
3287 2288 3480 2360 ἔχοντα
3515 2286 3620 2356 τῆς
3645 2286 3759 2340 θεό-

2167 2405 2329 2460 τητος
2351 2386 2414 2440 τὸ
2445 2385 2745 2457 ἐξαίρετον,
2786 2385 2847 2438 τὸ
2873 2384 2980 2455 ,ἀεὶ
3013 2377 3177 2446 εἶναι,
3219 2379 3386 2451 φημί.
3424 2379 3489 2432 Εἰ
3524 2378 3581 2431 δὲ
3604 2377 3756 2431 τοῦτο

2169 2481 2386 2553 ἀληθὲς,
2429 2481 2607 2536 πάντα
2634 2480 2693 2533 δὲ
2723 2479 2916 2549 γέγονε
2953 2477 3022 2532 δι’
3062 2474 3218 2539 Υίοῦ,
3249 2476 3345 2528 καὶ
3376 2472 3554 2544 χωρὶς
3598 2471 3767 2526 αὑτοῦ

2170 2572 2390 2642 ἐγένετο
2406 2570 2530 2624 οὐδὲ
2553 2568 2633 2634 ἓν,
2669 2567 2865 2622 ἑαυτὸν
2887 2567 2917 2620 6
2939 2566 3111 2634 Λόγος
3136 2563 3480 2634 δημιουργεῖ.
3514 2560 3629 2614 Καὶ
3656 2558 3775 2622 πῶς

2172 2664 2239 2719 ἂν
2267 2663 2538 2734 ἐνδέχοιτο
2565 2662 2731 2733 μήπω
2760 2658 2840 2726 ὃν,
2883 2657 3044 2711 ἑαυτὸ
3077 2654 3352 2728 παράγειν
3386 2655 3467 2717 είς
3491 2651 3556 2704 τὸ
3584 2645 3732 2703 εἶναι
3760 2665 3777 2714 ;

2173 2759 2236 2813 Εἰ
2258 2757 2315 2810 δὲ
2344 2756 2504 2809 τοῦτο
2536 2754 2820 2819 ἀδύνατον,
2849 2753 2950 2805 οὐκ
2990 2750 3099 2823 ἄρα
3133 2749 3192 2803 ἓν
3228 2748 3339 2801 τῶν
3375 2747 3597 2801 πάντων
3621 2744 3779 2797 ἐστὶν

2174 2852 2203 2903 6
2231 2852 2382 2917 Υἱὸς,
2415 2851 2502 2904 ἵνα
2554 2849 2630 2921 μὴ
2671 2851 2783 2912 τοῖς
2828 2849 2963 2902 πᾶσι
3003 2843 3530 2916 συναριθμούμενος,
3572 2839 3782 2894 ἑαυτοῦ

2177 2943 2441 3015 φαίνηται
2472 2942 2706 3011 ποίημα.

2868 3144 3072 3199 ΛΛΛΟ.

2251 3260 2315 3312 Εἰ
2346 3258 2471 3329 ποίη
2480 3257 2555 3329 μά
2583 3259 2732 3310 ἐστιν
2760 3258 2788 3310 6
2810 3255 2958 3320 Υἱὸς,
2992 3254 3237 3310 καλεῖται
3263 3255 3321 3309 δὲ
3347 3255 3441 3309 καὶ
3467 3254 3588 3309 ἐστι
3612 3254 3803 3327 Gorgia

2179 3353 2272 3406 τοῦ
2304 3351 2537 3421 Πατρὸς,
2567 3350 2626 3415 ὃς
2667 3350 2848 3403 πάντα
2893 3352 2952 3403 ὲν
2986 3349 3149 3422 σοφίᾳ
3187 3350 3466 3421 ἐποίησεν,
3514 3349 3725 3421 ἑαυτὴν
3749 3350 3784 3420 ἡ

2183 3446 2345 3516 σοφία
2370 3447 2531 3498 ποιεῖ.
2567 3444 2629 3497 El
2660 3442 2716 3497 δὲ
2755 3442 2916 3497 τοῦτο
2948 3444 3171 3509 ἄτοπον,
3203 3444 3305 3497 οὐκ
3343 3443 3458 3496 ἔστι
3504 3442 3730 3514 ποίημα
3758 3445 3788 3495 6

2183 3539 2333 3604 Υἱὸς,
2362 3536 2661 3603 τουτέστιν,
2691 3538 2725 3609 ἡ
2758 3534 2921 3608 σοφία
2952 3536 3048 3590 τοῦ
3083 3537 3316 3608 Har,pr
3351 3537 3438 3590 ἵνα
3476 3537 3553 3608 μὴ
3580 3538 3789 3608 ἑαυτὴν

2185 3630 2512 3704 ἐργάζηται.

2872 3741 3077 3796 ΑΛΛΟ.

2257 3838 2578 3916 Είιγέγονεν
2599 3837 2641 3903 ,ὁ
2672 3836 2821 3902 Υἱὸς,
2862 3834 3111 3890 καλεῖται
3156 3834 3215 3888 δὲ
3244 3834 3341 3888 καὶ
3378 3833 3495 3888 ἔστι
3529 3832 3677 3888 Θεοῦ
3699 3834 3776 3887 δύ-

2187 3948 2354 4002 ναμις
2380 3929 2473 3984 καὶ
2495 3928 2634 3982 Θεοῦ
2690 3928 2873 3998 σοφία,
2914 3923 2983 4000 ἦν
3028 3928 3139 3999 ἄρα
3182 3927 3398 3999 χρόνος,
3442 3928 3503 3980 ὲν
3534 3920 3691 3999 ᾧπερ
3709 3922 3769 3995 ἦν

496 4038 604 4094 quo
635 4024 777 4079 Deus
810 4020 1052 4093 potentia
1079 4029 1133 4074 et
1161 4017 1423 4089 sapientia
1452 4015 1625 4071 caruit
1652 4031 1668 4084 ;
1694 4014 1947 4070 nimirum
1976 4025 2070 4067 nor

2188 4022 2390 4090 άσοφός
2421 4038 2483 4075 τε
2512 4021 2608 4075 καὶ
2645 4019 2909 4084 ἀδύνατος
2940 4022 2969 4073 6
2994 4020 3149 4085 Θεὸς,
3195 4020 3298 4072 οὐκ
3328 4018 3479 4082 ὅντος
3524 4018 3683 4072 Υἱοῦ.
3704 4016 3777 4072 Tb

497 4117 792 4171 exsistente
811 4112 972 4169 Filio.
999 4112 1264 4168 Creatura
1295 4115 1439 4166 enim
1471 4125 1536 4164 ex
1559 4123 1624 4164 eo
1652 4107 1799 4179 quod
1851 4122 1957 4162 non
2003 4117 2070 4159 es1

2188 4116 2300 4185 γὰρ
2325 4114 2542 4186 ποίημα
2570 4113 2788 4177 πάντως
2826 4114 2889 4168 ὲκ
2917 4112 3010 4167 τοῦ
3057 4112 3134 4186 μὴ
3158 4112 3311 4177 ὄντος
3339 4112 3575 4179 γίνεται.
3617 4110 3787 4181 Σοφὸς

498 4208 676 4265 ﬁt.At
712 4206 872 4261 Pater
907 4220 1121 4275 semper
1140 4212 1261 4260 erat
1318 4203 1538 4275 sapiens
1584 4209 1639 4257 et
1683 4209 1897 4272 potens.
1957 4196 2070 4253 Era

2188 4208 2246 4262 δὲ
2272 4203 2341 4280 ἧν
2358 4206 2447 4261 ἀεὶ
2476 4207 2573 4260 καὶ
2617 4205 2843 4269 δυνατὸς
2877 4206 2905 4259 ὁ
2933 4206 3145 4278 Πατήρ.
3176 4200 3285 4260 Ἦν
3312 4203 3422 4277 ἄρα
3450 4205 3546 4259 καὶ
3571 4203 3708 4269 Υἱὸς
3734 4202 3792 4266 ὃς

500 4301 683 4372 itaque
703 4310 757 4356 et
793 4298 967 4355 Filius
1006 4299 1096 4371 qui
1136 4298 1253 4355 haec
1276 4297 1378 4369 ipsi
1412 4302 1518 4352 est.

2189 4300 2365 4356 ταῦτά
2391 4301 2538 4353 ἐστιν
2564 4297 2733 4371 αὐτῷ.

1175 4408 1414 4467 ALIUD.
1492 4460 1493 4463 η

576 4508 633 4564 Si
672 4507 843 4565 Filius
864 4516 948 4563 est
979 4512 1253 4573 creatura,
1287 4517 1415 4559 vere
1445 4507 1624 4555 autem
1683 4497 1855 4553 dicit:
1908 4516 1926 4549 ι
1986 4495 2088 4564 Qui

442 4590 479 4618 A'
502 4602 637 4657 vidit
673 4616 782 4667 me,
810 4601 955 4655 vidit
973 4599 1190 4654 Patrem
1228 4610 1409 4652 meum
1442 4592 1544 4658 ⁸¹,›
1579 4592 1633 4645 in
1658 4598 1909 4645 creatura
1935 4603 2091 4659 appa-

503 4707 588 4753 ret
619 4697 801 4765 imago
841 4694 1043 4759 Patris,
1076 4687 1359 4760 archetypi
1387 4686 1504 4742 sive
1555 4680 1886 4752 exemplaris
1908 4681 1990 4735 sui
2021 4680 2095 4737 si-

507 4789 866 4844 militudinem
889 4785 1157 4842 referens.
1191 4781 1345 4850 Quod
1377 4780 1444 4842 si,
1477 4778 1554 4833 ita
1581 4785 1687 4843 est,
1721 4774 1868 4831 nulla
1900 4783 1983 4831 est
2008 4774 2094 4829 in-

509 4893 592 4935 ter
613 4890 921 4936 creaturam
947 4888 1003 4933 et
1034 4876 1207 4932 Deum
1228 4870 1575 4937 diﬂ'erentia;
1608 4869 1715 4924 imo
1763 4883 1895 4924 vero
1928 4869 2095 4924 etiam

509 4974 626 5042 ipse
655 4974 762 5027 erit
791 4981 1065 5027 creatura.
1094 4967 1261 5039 Atqui
1293 4966 1337 5021 si
1363 4972 1611 5020 creatura
1636 4978 1740 5019 non
1768 4972 1871 5029 est,
1931 4978 2098 5034 appa-

511 5075 785 5121 retautem
824 5062 1044 5119 totusiu
1070 5060 1241 5126 Filio;
1279 5074 1388 5113 non
1418 5064 1502 5113 est
1537 5072 1666 5130 ergo
1691 5066 1941 5113 creatura
2003 5054 2094 5111 Fi-

511 5157 616 5214 lius
641 5159 731 5228 qui
758 5168 841 5213 est
860 5159 1038 5225 imago
1070 5155 1275 5209 Patris.

1176 5265 1407 5324 ALIUD.
1512 5288 1517 5293 ’

584 5369 643 5440 Si
666 5384 838 5439 Filius
865 5391 951 5435 est
976 5391 1249 5447 creatura,
1287 5395 1409 5436 cum
1446 5380 1610 5436 Pater
1636 5382 1814 5438 factus
1841 5397 1946 5439 non
1981 5383 2051 5436 sit
2080 5399 2095 5436 :

511 5475 793 5532 dicitvero
821 5476 887 5529 de
912 5473 1124 5542 seipso:
1164 5491 1184 5525 ι
1225 5473 1324 5540 Qui
1357 5473 1490 5529 vidit
1519 5490 1627 5540 me,
1662 5474 1793 5529 vidit
1819 5473 2093 5540 Patrem,»

513 5566 789 5638 quomodo
814 5566 870 5620 in
898 5579 964 5621 eo
993 5566 1136 5635 quod
1175 5565 1335 5637 21],
1407 5577 1649 5621 creatum
1715 5577 1820 5632 est,
1847 5566 1902 5623 id
1955 5569 2098 5636 quod

513 5669 761 5716 creatum
788 5674 892 5713 non
921 5667 1006 5713 est
1022 5660 1338 5715 umnimode
1363 5658 1686 5731 apparebit?
1705 5660 1769 5715 Et
1796 5660 1843 5715 si
1877 5668 2096 5716 creatu-

2890 4416 3097 4471 ΑΛΛΟ.

2265 4510 2329 4564 Ei
2367 4508 2581 4582 ποίημά
2618 4510 2766 4564 ἐστιν
2791 4509 2821 4562 6
2849 4508 3001 4573 Υἱὸς,
3027 4508 3178 4578 λέγει
3210 4507 3268 4562 δὲ
3305 4505 3587 4582 ἀληθεύων
3612 4521 3629 4536 ⁸
3672 4528 3695 4561 ‹
3739 4510 3803 4564 Ὀ

2198 4599 2461 4674 ἑωρακὼς
2495 4601 2620 4673 ἐμὲ,
2667 4599 2883 4674 ἑώρακε
2924 4599 3018 4655 τὸν
3066 4599 3309 4671 Πατέρω
3342 4619 3363 4654 ι
3415 4601 3475 4654 ὲν
3504 4601 3575 4671 τῇ
3612 4598 3805 4654 κτίσει

2197 4695 2447 4765 φαίνεται
2479 4693 2571 4748 τοῦ
2602 4694 2816 4767 Πατρὸς
2849 4695 2883 4764 ή
2932 4691 3119 4758 εἰκὼν,
3156 4691 3359 4764 ἔχουσα
3386 4692 3486 4764 τὴν
3528 4693 3806 4764 ὁμοίωσιν

2200 4786 2337 4859 πρὸς
2365 4786 2428 4840 τὸ
2454 4786 2785 4858 ἀρχέτυπον.
2818 4784 2882 4839 Εἰ
2906 4784 2964 4838 δὲ
3001 4783 3183 4849 τοῦτο,
3223 4785 3375 4839 οὐδὲν
3415 4787 3473 4841 ὲν
3500 4787 3572 4856 τῇ
3612 4785 3807 4839 κτίσει

2197 4881 2296 4935 καὶ
2331 4878 2408 4950 τῷ
2435 4878 2556 4950 Θεῷ
2588 4879 2649 4933 τὸ
2669 4877 2955 4950 διάφορον
2984 4876 3138 4932 ἔσται
3162 4878 3221 4931 δὲ
3245 4877 3456 4949 ποίημα
3487 4878 3584 4931 καὶ
3603 4877 3802 4941 αὐτός.

2198 4973 2263 5026 Εί
2291 4971 2349 5025 δὲ
2377 4971 2480 5025 οὐκ
2503 4971 2620 5024 ἔστι
2659 4971 2891 5042 ποίημα,
2925 4969 3177 5040 φαίνεται
3201 4967 3257 5022 δὲ
3281 4968 3401 5031 ὅλος
3434 4970 3494 5022 ὲν
3525 4966 3669 5039 Titii,
3697 4968 3812 5023 οὐκ

2200 5066 2311 5137 ἄρα
2339 5064 2555 5137 ποίημά
2573 5065 2722 5118 ἐστιν
2752 5065 2781 5118 ὁ
2801 5063 2931 5128 Υἱὸς
2957 5064 2992 5135 ὴ
3015 5060 3183 5118 εἰκὼν
3202 5061 3296 5117 τοῦ
3325 5061 3559 5133 Πατρός.

2814 5264 2819 5269 ’
2892 5268 3101 5322 ΑΛΔΟ.

2276 5386 2339 5440 Ei
2389 5384 2603 5457 ποίημά
2641 5382 2839 5437 ἐστινὸ
2870 5380 3020 5445 Υἱὸς,
3068 5376 3162 5434 τοῦ
3201 5376 3417 5451 Πατρὶς
3443 5375 3507 5431 οὐ
3541 5375 3813 5446 ποιηθέν-

2205 5495 2316 5544 τος,
2347 5478 2496 5547 λέγει
2530 5477 2588 5531 δὲ
2628 5476 2758 5548 περὶ
2807 5472 3006 5528 ἑαυτοῦ
3028 5489 3043 5503 ·
3077 5489 3096 5524 ι
3152 5471 3214 5524 '0
3259 5468 3526 5542 ἑωρακὼς
3554 5468 3680 5539 ἐμὲ,
3705 5466 3812 5520 ἑώ-

2209 5588 2343 5645 ρακε
2372 5570 2464 5625 τὸν
2506 5567 2748 5639 Πατέρα·
2788 5585 2806 5618 ι
2852 5564 2973 5631 πῶς
3023 5567 3081 5620 ὲν
3123 5562 3201 5635 τῷ
3235 5561 3598 5635 πεποιημένῳ
3633 5561 3699 5615 τὸ
3728 5562 3812 5634 μὴ

2208 5660 2433 5733 ποιηθὲν
2465 5657 2905 5731 ἀπαραλλάκτως
2929 5656 3210 5728 φανεῖται;
3245 5654 3359 5710 Καὶ
3382 5655 3433 5708 εί
3461 5652 3588 5723 ποίη
3597 5669 3679 5724 μα
3707 5649 3811 5719 ὢν,

590 5816 636 5887 ’ξ
677 5815 806 5872 Luc.
846 5830 922 5882 Vt,
964 5815 1053 5872 36.
1130 5816 1177 5851 ³⁸
1218 5816 1382 5874 llebr.
1420 5831 1504 5884 ιιι,
1539 5816 1594 5885 1,
1627 5815 1685 5869 ‘2.
1759 5815 1804 5848 "
1844 5814 2000 5873 Joan.
2045 5834 2070 5873 ιη

2249 5817 2294 5852 ³⁸
2326 5816 2344 5872 l
2375 5817 2500 5875 Cor.
2536 5831 2577 5885 ι,
2599 5815 2691 5873 24.
2770 5816 2815 5849 ³⁹
2844 5813 2988 5872 Psal.
3022 5828 3142 5883 cm,
3170 5812 3259 5868 ‘24.
3338 5811 3385 5845 ⁵ο
3414 5810 3585 5866 lCor.
3630 5824 3673 5879 ι,
3712 5807 3807 5863 ει.

524 5886 564 5918 ⁸³
600 5885 758 5943 Joau.
796 5901 904 5956 xw,
937 5887 991 5942 9.
