3996 6440
150 375 243 432 357
1557 367 1829 424 TIIESAU
1841 366 1932 422 RU
1943 365 2002 420 S.

3315 360 3421 412 335i

156 492 312 558 λέγει·
354 503 374 537 ι
423 486 485 537 Ὀ
518 486 792 557 ἑωρακὼς
825 487 948 557 ἐμὲ,
979 485 1193 558 ἑώρακε
1217 488 1308 541 τὸν
1346 486 1588 558 Πατέρα,
1628 505 1647 537 ι
1685 485 1737 537 τί

1872 497 1902 537 a
1942 496 2065 536 cum
2096 481 2184 546 sit,
2237 482 2366 537 dicit
2399 500 2413 536 ι
2443 499 2460 533 ι
2496 480 2596 548 Qui
2634 480 2764 534 vidit
2798 494 2903 544 me,
2948 479 3081 535 vidit
3122 477 3361 540 Patrem,
3399 496 3417 528 ι
3465 533 3468 536 ,

157 580 357 636 κωλύσει
389 578 487 629 καὶ
515 579 674 647 ἡμᾶς
704 582 774 649 τῇ
812 579 952 650 αὐτῇ
995 578 1300 650 κεχρῆσθαι
1341 581 1516 650 φωνῇ,
1553 578 1601 631 εἰ
1639 595 1740 648 μη-

165 674 236 726 δὲν
258 672 422 738 ἕτερον
453 669 596 738 παρ’
625 671 782 739 ἡμᾶς
809 672 838 722 6
865 670 1016 732 Υἱὸς,
1055 670 1192 723 καθὸ
1225 668 1438 740 ποίημα
1458 669 1554 742 καλε
1581 667 1742 729 αὐτὸς

177 764 324 829 ὥσπερ
347 759 546 828 ἡμεῖς
587 757 762 810 Ἀλλὰ
792 757 954 812 τοῦτο
992 758 1191 812 ἄτοπον
1211 775 1222 787 ·
1261 759 1323 811 οὐ
1363 758 1471 829 γὰρ
1504 759 1562 812 ὲν
1588 758 1744 828 ποιή-

182 866 280 919 ματι
298 846 378 900 τοῦ
401 848 480 917 μὴ
518 846 860 916 ποιηθέντος
884 851 917 919 ὴ
948 850 1228 921 ὁμοιότης.
1253 851 1366 904 Οὐκ
1400 849 1508 921 ἄρα
1532 848 1742 920 ποίημα

175 946 200 993 ὁ
225 942 316 1004 1%;
347 943 378 1009 ἡ
412 939 512 992 τοῦ
547 940 780 1011 Πατρὺς
813 942 1236 1012 ἀπαράλλακτος
1270 941 1458 995 εἰκών.

836 1225 1046 1282 ΑΛΔΟ.

217 1337 274 1390 ει
303 1335 510 1407 ποίημά
561 1338 730 1392 ἔστιν
765 1339 796 1393 6
824 1337 977 1406 Υἱὸς,
1024 1340 1174 1411 λέγει
1215 1344 1273 1397 δὲ
1318 1344 1623 1417 ἀληθεύων,
1663 1348 1745 1403 ὅτι

169 1449 188 1479 ι
215 1429 376 1482 Πάντα
407 1431 508 1483 ὅσα
536 1430 668 1501 ἔχει
705 1433 734 1486 6
761 1433 980 1508 Πατὴρ,
1024 1436 1135 1506 ἐμά
1177 1437 1348 1492 ἐστιν·
1387 1458 1423 1509 »-
1455 1441 1606 1494 οὐδὲν
1636 1443 1746 1512 ἄρα

180 1521 384 1590 περιττὸν
411 1523 469 1574 ὲν
493 1520 631 1593 Θεῷ
663 1524 767 1576 καὶ
796 1525 1118 1596 κτὶσμασιν.
1150 1528 1200 1580 εἰ
1231 1528 1411 1583 πάντα
1451 1531 1746 1602 πρόσεστιν

180 1613 320 1676 nimi;
336 1614 430 1666 ὅσα
469 1614 572 1666 καὶ
604 1614 694 1685 τῷ
737 1617 936 1688 Πατρί.
982 1619 1046 1670 Εἰ
1084 1618 1140 1672 δὲ
1177 1620 1334 1675 τοῦτο
1357 1623 1558 1678 ἄτοπον
1589 1623 1745 1692 (πολὺ

182 1708 336 1776 γὰρτὸ
364 1705 512 1761 Θεῖον
557 1708 685 1762 τῶν
715 1711 1044 1781 ποιημάτων
1092 1712 1448 1786 ἀπῴκισται),
1491 1717 1591 1770 οὐκ
1639 1717 1748 1788 ἄρα

1844 573 1972 644 quid
1992 573 2172 628 obstat
2204 575 2494 644 quominus
2527 574 2690 627 etiam
2743 587 2840 626 nos
2891 572 3080 627 eadem
3132 583 3263 626 voce
3302 579 3424 623 uta-

1844 680 1986 730 mur,
2011 665 2057 719 si
2097 666 2313 735 quidem
2356 667 2489 720 nihil
2516 665 2791 719 diversum
2819 673 2902 718 est
2947 680 2977 718 a
3030 663 3187 718 nobis
3232 669 3426 731 quate-

1845 773 1946 813 nus
1969 767 2021 812 et
2053 758 2166 827 ipse
2190 768 2436 813 creatura
2468 768 2549 812 est
2579 766 2637 810 ut
2667 756 2808 811 nos?
2844 754 2949 810 Sed
2990 757 3093 811 hoc
3129 754 3424 809 absurdqu

1845 859 1968 904 est:
2007 865 2182 919 neque
2213 850 2358 905 enim
2385 849 2439 903 in
2474 865 2538 904 eo
2585 849 2727 918 quod
2759 857 3004 903 creatum
3061 857 3165 911 est,
3183 846 3303 916 ejus
3337 845 3427 913 qui

1846 949 2065 994 creatus
2120 956 2224 995 non
2288 948 2370 994 est
2425 938 2717 994 similitudo
2775 938 3042 995 consistit.
3074 935 3191 992 Non
3222 936 3430 1004 estigi-

1848 1041 1935 1085 tur
1999 1041 2248 1086 crcatura
2316 1031 2505 1098 Filius,
2578 1031 2669 1100 qui
2731 1040 2814 1086 est
2869 1030 3180 1086 omnimoda
3249 1027 3430 1082 Patris

1847 1119 2047 1191 ﬁnago.

2516 1229 2749 1286 ALIUD.

1920 1342 1976 1397 Si
2003 1342 2178 1399 Filius
2205 1353 2288 1398 est
2315 1354 2654 1407 creatura,et
2685 1358 2811 1398 vere
2833 1343 2964 1398 dicit
2989 1359 3003 1396 :
3032 1360 3051 1394 ι
3095 1339 3286 1397 Omnia
3313 1357 3433 1412 quae

1850 1434 2016 1489 habet
2046 1434 2207 1490 Pater
2250 1451 2369 1491 mea
2405 1445 2534 1492 sunt
2567 1437 2613 1468 ι’
2645 1451 2659 1487 :
2710 1454 2728 1487 ι
2771 1433 2904 1489 uihil
2963 1435 3125 1504 igitur
3157 1446 3240 1490 εει
3294 1450 3434 1504 prae-

1849 1526 2081 1580 stautius
2113 1525 2164 1579 in
2186 1528 2294 1582 Deo
2319 1542 2480 1596 quam
2512 1527 2562 1582 in
2586 1526 2874 1590 creaturis,
2923 1525 2972 1580 si
3001 1525 3183 1579 omnia
3213 1525 3320 1580 illis
3354 1526 3436 1580 in-

1848 1627 1974 1673 sunt
2013 1633 2136 1688 qua:
2167 1618 2337 1674 Patri.
2358 1619 2427 1674 At
2453 1619 2498 1673 si
2517 1620 2620 1675 hoc
2653 1619 2952 1674 absurdum
2975 1625 3061 1673 est
3090 1617 3259 1687 (Deus
3287 1622 3434 1672 enim

1851 1709 2117 1764 immensa
2148 1708 2452 1764 diﬂerentia
2487 1726 2516 1763 a
2545 1709 2812 1764 creaturis
2841 1707 3050 1778 distat),
3084 1723 3190 1763 non
3221 1717 3307 1763 est
3336 1707 3438 1776 igi—

179 1797 355 1865 ποίημά
377 1799 512 1850 ἐστιν
542 1799 578 1850 6
609 1799 767 1863 Υἱὸς,
793 1794 839 1867 ᾧ
883 1806 1060 1856 πάντα
1093 1805 1352 1870 πρόσεστι
1392 1807 1640 1876 φυσικῶς
1677 1808 1747 1862 τὰ

1876 1816 1940 1854 ur
1962 1810 2210 1856 creatura
2235 1801 2408 1856 Filius
2433 1803 2518 1857 cui
2557 1803 2738 1856 omnia
2771 1801 2956 1856 insunt
2975 1799 3295 1856 naturaliter
3319 1813 3440 1870 qua)

178 1888 261 1941 τοῦ
287 1891 471 1961 Πατρὸς
500 1891 620 1944 ἴδια
659 1892 765 1945 καὶ
795 1893 1066 1965 ἐξαίρετα.

846 2010 1055 2064 AAAO.

260 2119 314 2170 ΕΞ
337 2118 516 2190 ποίημά
539 2120 693 2174 ἐστιν
724 2123 754 2175 6
782 2121 936 2188 Υἱὸς,
968 2123 1043 2196 μὴ
1074 2125 1342 2181 καλείσθω
1371 2129 1559 2200 Πατὴρ
1579 2129 1745 2184 αὐτοῦ

201 2211 373 2274 ὁθεὺς,
413 2211 531 2265 ἀλλὰ
580 2213 802 2284 μᾶλλον
852 2216 1087 2288 ποιητὴς
1135 2217 1168 2287 ἢ
1219 2217 1575 2290 δημιουργός.
1619 2221 1749 2287 Υἱὸς

199 2299 286 2368 γὰρ
309 2301 512 2354 δεικνύει
547 2303 804 2375 πατέρα,
831 2307 926 2359 καὶ
958 2307 1170 2378 ποίημα
1188 2308 1279 2362 τὸν
1305 2308 1657 2381 δημιουργόν.
1685 2311 1748 2363 Εἰ

179 2392 229 2443 δὲ
258 2393 418 2464 Πατήρ
443 2395 708 2450 καλεῖται
736 2397 835 2450 καὶ
857 2397 974 2450 ἐστι
1009 2399 1162 2463 Θεὸς,
1206 2402 1306 2454 οὐκ
1331 2401 1439 2472 ἄρα
1471 2402 1684 2473 ποίημα
1720 2403 1750 2455 6

185 2484 311 2547 Υἱὸς,
334 2485 451 2539 ἀλλὰ
488 2487 789 2559 γέννημα,
819 2487 917 2560 οὐχ
963 2489 1038 2554 ὡς
1068 2491 1296 2564 ποιητὴν
1329 2493 1420 2546 τὸν
1448 2492 1601 2559 Θεὸν,
1633 2494 1749 2548 ἀλλ’

185 2575 254 2632 ιὼς
277 2576 458 2648 Πατέρα
479 2577 727 2650 δηλοῦν.

848 2696 1060 2751 ΑΛΛΟ.

233 2806 289 2861 ΕΞ
321 2810 525 2881 ποίημά
562 2811 731 2864 ἐστιν
764 2812 792 2864 6
825 2810 973 2876 Υἱὸς,
1019 2811 1096 2884 μὴ
1135 2813 1407 2869 καλείσθω
1450 2817 1645 2886 Λόγος,
1677 2817 1752 2890 μὴ

1849 1892 1992 1948 Patri
2019 1894 2238 1964 propria
2266 1895 2576 1965 eximiaque
2606 1895 2816 1950 insunt.

2509 2008 2747 2066 ALIUD.

1924 2116 1980 2172 Si
2003 2117 2173 2173 Filius
2195 2127 2278 2174 est
2308 2128 2580 2185 creatura,
2598 2133 2666 2174 ne
2685 2128 2906 2175 vocetur
2933 2118 3094 2176 Pater
3115 2120 3230 2188 ejus
3260 2119 3426 2184 Deus,

1851 2211 1943 2266 sed
1985 2211 2166 2280 potius
2191 2219 2409 2266 creator
2438 2219 2529 2265 aut
2552 2211 2754 2281 opifex.
2788 2210 2956 2267 Filius
3014 2213 3156 2267 enim
3207 2213 3441 2267 ostendit

1852 2311 2086 2373 patrem,
2119 2310 2172 2356 et
2199 2311 2451 2357 creatura
2492 2311 2816 2357 creatorem.
2858 2301 2952 2356 Sin
3003 2312 3182 2358 autem
3218 2310 3443 2357 vocatur

1852 2403 1908 2448 et
1935 2404 2019 2449 est
2049 2392 2213 2459 Deus,
2244 2409 2351 2448 non
2380 2393 2566 2464 utique
2596 2405 2847 2449 creatura
2882 2404 2965 2449 est
2995 2395 3190 2461 Filius,
3224 2396 3315 2449 sed
3345 2409 3441 2466 ge-

1855 2485 2055 2550 nimen,
2084 2485 2252 2540 Deum
2290 2499 2397 2540 non
2421 2495 2482 2540 ut
2506 2487 2794 2551 factorem,
2825 2470 2920 2542 sed
2977 2497 3033 2542 ut
3083 2486 3300 2542 Patrem
3352 2486 3446 2542 de—

1854 2587 2184 2632 monstrans.

2543 2691 2777 2750 ALIUD.

1930 2809 1989 2865 Si
2023 2807 2193 2864 Filius
2213 2817 2299 2864 est
2325 2817 2600 2875 creatura,
2634 2825 2702 2865 ne
2731 2820 2953 2865 vocetur
2976 2809 3238 2874 Verbum,
3272 2823 3338 2864 nc
3359 2825 3447 2866 sa-

174 2900 332 2967 σοφία,
363 2901 432 2972 μὴ
465 2901 749 2973 δύναμις,
803 2904 878 2972 μὴ
911 2903 1278 2978 ἀπαύγασμα,
1311 2909 1344 2978 ἢ
1375 2907 1552 2964 ταῦτα
1599 2911 1752 2966 κοινὰ

1872 2903 2090 2975 pientia,
2123 2919 2190 2958 ne
2223 2904 2463 2974 potentia
2501 2904 2569 2971 ⁸³,
2597 2920 2667 2960 ne
2730 2906 2986 2975 splendor
3016 2905 3099 2960 “z
3154 2914 3250 2961 aut
3299 2915 3450 2962 certe

177 2989 254 3041 καὶ
273 2992 370 3055 τοῖς
395 2991 590 3056 ἄλλοις
623 2991 786 3046 ἔσται
813 2995 1134 3065 ποιήμασιν,
1162 2997 1319 3070 εἴπερ
1349 2999 1486 3062 ὅλως
1506 3001 1757 3075 κεχώρη-

1859 2996 2167 3051 communia
2195 2996 2311 3051 haec
2333 3004 2496 3051 erunt
2526 2997 2690 3052 etiam
2757 3013 2878 3052 cum
2911 2998 3032 3054 aliis
3079 3000 3377 3062 creaturis;
3405 2999 3448 3053 si

184 3100 254 3136 κεν
277 3084 400 3138 αὐτὰ
437 3088 649 3157 φορεῖν
693 3085 910 3156 ποίημα
942 3085 1020 3139 ὢν
1058 3087 1181 3140 καθ’
1221 3089 1366 3158 ὑμᾶς
1398 3093 1426 3143 6
1455 3089 1601 3155 Υἱός.
1635 3093 1752 3145 Κᾶν

1872 3087 2079 3155 quidem
2113 3087 2304 3142 horum
2337 3088 2580 3141 omnium
2608 3103 2864 3157 capacem
2897 3103 3020 3144 esse
3039 3089 3217 3143 dicitis
3246 3090 3446 3144 Filium

191 3173 271 3245 γὰρ
285 3192 330 3227 τι
353 3175 521 3229 πλέον
553 3174 676 3228 τῶν
706 3176 886 3230 ἄλλων
928 3177 1091 3231 αὐτὸν
1118 3177 1260 3249 ἔχειν
1296 3180 1493 3252 λέγητε
1521 3184 1752 3254 ποιημά-

1872 3178 1953 3246 qui
1990 3187 2196 3242 tamen,
2226 3192 2294 3232 ex
2316 3188 2496 3232 vestra
2523 3180 2818 3254 sententia,
2855 3187 2938 3234 est
2998 3190 3268 3233 creatura.
3315 3181 3446 3234 Nam

193 3281 286 3329 των,
311 3266 411 3319 ἀλλ’
439 3266 614 3320 ἔσται
646 3266 817 3319 πάλιν
850 3267 1006 3320 οὐδὲν
1029 3262 1191 3339 ἦττον
1215 3269 1450 3342 ποίημα.
1488 3272 1553 3326 EE
1583 3273 1640 3326 δὲ
1667 3274 1752 3326 ἐπὶ

1872 3271 2078 3324 tametsi
2106 3286 2228 3324 eum
2253 3270 2456 3340 aliquid
2487 3271 2719 3342 amplius
2749 3288 2910 3342 quam
2969 3273 3206 3340 reliquas
3238 3281 3455 3328 creatu-

197 3357 269 3422 μὲι
295 3358 385 3410 τῶν
412 3359 607 3412 ἄλλων
643 3357 861 3422 οὐδενὸς
891 3358 962 3413 τὰ
989 3359 1221 3415 τοιαῦτα
1249 3361 1485 3432 λέγεται,
1520 3365 1668 3437 μόνῳ
1703 3364 1752 3418 δὲ

1872 3378 1952 3417 ras
1985 3363 2187 3416 habere
2252 3363 2543 3430 censeatis,
2591 3363 2944 3419 nihilominus
3019 3374 3198 3419 tamen
3289 3367 3450 3419 etiam

199 3450 379 3519 πρέπειν
415 3453 497 3522 τῷ
558 3451 687 3521 Υἱῷ
746 3451 1168 3522 ἐπαληθεύεται,
1228 3456 1330 3509 οὐκ
1386 3457 1498 3529 ἄρα
1547 3457 1606 3512 ἓν
1650 3459 1752 3514 τῶν

1872 3462 2112 3508 creatura
2140 3463 2243 3510 est.
2271 3453 2336 3508 At
2372 3455 2416 3509 si
2453 3456 2519 3510 de
2549 3455 2698 3509 nulla
2743 3457 2846 3510 alia
2888 3466 3140 3511 creatura
3177 3456 3450 3525 ejusmodi

206 3546 462 3612 ποιημὰτων
505 3545 701 3609 ἐστὶν,
738 3544 876 3599 ἀλλὰ
916 3546 1129 3616 καρπὸς
1158 3549 1259 3620 τῆς
1306 3550 1497 3616 οὐσίας
1520 3552 1615 3606 τοῦ
1644 3553 1759 3608 Πα-

198 3632 317 3701 τρές.

861 3846 1072 3900 AAAO.

222 3951 282 4007 Ei
303 3956 484 4010 πάντα
516 3956 589 4009 δι’
624 3955 763 4010 Υἱοῦ
790 3958 1122 4028 γεγενῆσθαι
1157 3978 1321 4032 φησιν
1343 3965 1377 4034 ἡ
1405 3964 1526 4020 θεία
1548 3968 1761 4042 Γραφὴ,

1863 3543 2140 3612 dicuntur,
2172 3547 2266 3601 sed
2299 3547 2399 3601 soli
2439 3547 2574 3602 Filio
2617 3563 2746 3603 vere
2781 3549 3148 3605 conveniunt:
3205 3564 3312 3604 non
3370 3559 3454 3604 est

1863 3636 2028 3706 igitur
2061 3637 2228 3695 Filius
2254 3655 2394 3694 unus
2423 3654 2488 3694 ex
2516 3640 2807 3706 creaturis,
2839 3640 2934 3695 sed
2969 3641 3176 3697 fructus
3205 3643 3454 3696 essentia:

1864 3727 2063 3785 Patris.

2541 3844 2774 3901 ALIUD.

1939 3956 1996 4011 Si
2027 3957 2306 4027 Scriptura
2331 3975 2485 4015 sacra
2521 3962 2704 4014 omnia
2759 3977 2855 4030 per
2897 3961 3091 4016 Filium
3143 3960 3284 4015 facta
3330 3974 3455 4016 esse

159 4047 353 4118 ποίημα
374 4049 440 4103 δέ
472 4067 565 4111 τις
591 4049 691 4101 καὶ
721 4049 820 4119 οὐχ
847 4049 975 4104 Υῑὸν
1006 4052 1262 4122 ὁμολογεῖ
1293 4054 1384 4108 τὸν
1413 4057 1605 4127 Λόγον,
1639 4062 1752 4115 Tibi

1872 4047 2124 4113 affirmat,
2168 4059 2224 4102 at
2253 4064 2347 4102 vos
2370 4048 2612 4104 Verbum
2649 4059 2953 4104 creaturam
3007 4064 3127 4106 esse
3166 4050 3450 4105 contendi-

156 4138 244 4190 οὐκ
269 4139 381 4210 ἔχει
413 4139 584 4203 Θεός.
625 4139 693 4194 Εἰ
730 4139 788 4193 δὲ
816 4140 980 4226 τοῦτο
1006 4143 1225 4214 ἀληθὲς,
1265 4146 1386 4212 πῶς
1431 4149 1582 4205 ἔσται
1607 4170 1767 4226 ποιηο

155 4231 262 4298 τὴς,
311 4231 419 4284 οὐκ
477 4231 630 4301 ἔχων
671 4231 742 4284 δι’
793 4225 855 4284 οὗ
901 4232 972 4286 τὰ
1016 4236 1196 4289 πάντα
1240 4237 1572 4309 ἐργάζεται;
1629 4225 1765 4299 Ἀλλ’

1871 4143 1958 4204 tis,
1982 4154 2086 4194 non
2125 4138 2322 4194 Filium
2349 4155 2363 4193 :
2393 4140 2534 4194 Deus
2555 4156 2693 4209 ergo
2714 4140 2908 4194 Filium
2944 4155 3048 4196 non
3085 4141 3269 4197 habet.
3298 4141 3451 4209 Quod

1869 4231 1914 4283 si
1934 4244 2120 4283 verum
2164 4239 2270 4297 est,
2315 4229 2587 4300 quomodo
2614 4230 2718 4284 erit
2751 4242 2988 4294 creator,
3032 4245 3156 4284 cum
3215 4247 3322 4284 non
3360 4231 3458 4285 ha-

155 4321 448 4389 ἐργάζεται
480 4323 586 4376 καὶ
616 4321 949 4394 δημιουργεῖ
980 4326 1048 4379 τὰ
1076 4327 1256 4382 πάντα
1281 4329 1415 4394 Θεός
1440 4348 1453 4362 ·
1487 4331 1634 4386 ἔστιν
1659 4336 1752 4407 ἄρα

1872 4323 1995 4375 beat
2049 4335 2144 4390 per
2171 4337 2330 4390 quem
2400 4325 2584 4377 omnia
2643 4321 2834 4377 creat?
2888 4321 3053 4390 Atqui
3109 4332 3367 4392 operatur
3401 4332 3458 4378 et

152 4413 234 4466 καὶ
269 4417 298 4468 6
333 4414 480 4479 Υἱὸς
515 4415 589 4469 δι’
620 4409 684 4468 οὗ
710 4414 782 4469 τὰ
806 4417 1006 4484 πάντα,
1039 4418 1099 4472 τὸ
1135 4415 1277 4474 εἶναι
1310 4421 1523 4494 ποίημα
1546 4425 1770 4497 διαφεύ-

151 4521 254 4569 γων
275 4508 356 4571 ὡς
383 4507 560 4570 Θεὸς.

862 4706 1069 4760 ΑΑΛΟ.

335 4819 452 4885 Ὧς
487 4818 560 4882 ἐξ
600 4818 964 4885 ἀντιθέσεως
1018 4822 1140 4877 τῶν
1169 4823 1246 4880 δι’
1283 4825 1582 4898 ἐναντίας.

213 4955 522 5021 Βουλήσει,
573 4957 767 5024 φασιν,
813 4958 843 5009 6
881 4956 1073 5032 Πατὴρ
1113 4959 1205 5016 τὸν
1254 4961 1381 5016 Υὶὺν
1430 4965 1764 5038 ὑποστήσας,

1871 4421 2021 4467 creat
2062 4413 2244 4467 omnia
2272 4414 2457 4468 Deus:
2519 4424 2604 4469 est
2636 4427 2772 4484 ergo.
2817 4421 2869 4468 et
2911 4412 3098 4478 Filius,
3147 4428 3242 4484 per
3293 4428 3454 4484 quem

1795 4539 1844 4599 Β
1871 4501 2076 4568 omnia,
2105 4500 2316 4558 alienus
2341 4503 2409 4559 ab
2432 4518 2496 4560 eo
2525 4512 2584 4560 ut
2605 4504 2677 4559 sit
2699 4512 2972 4568 creatura,
2997 4504 3455 4573 quemadmodum

1873 4594 2032 4649 Deus.

2542 4709 2775 4765 ALIUD.

2244 4821 2331 4876 Ea:
2361 4822 2650 4892 objectione
2677 4821 3064 4874 haereticorum.

1943 4959 2126 5026 Pater,
2165 4959 2442 5031 inquiunt,
2473 4958 2750 5013 voluntate
2780 4955 2977 5011 Filium
3012 4952 3454 5017 substituens,ita

159 5045 317 5112 οὕτως
376 5047 556 5102 αὐτὸν
601 5047 828 5118 ἐποίησε
861 5051 956 5103 καὶ
1001 5050 1356 5124 δημιουργόν.
1407 5056 1543 5110 Ἀπὸ
1570 5057 1627 5110 δὲ
1659 5061 1752 5131 τῆς

1872 5066 2088 5122 quoque
2111 5060 2166 5105 et
2193 5051 2369 5121 ipsum
2398 5055 2700 5106 creatorem
2729 5047 2931 5105 elfecit.
2962 5046 3037 5101 Ex
3063 5046 3296 5101 essentia
3323 5059 3455 5099 vero

159 5137 335 5203 ούεξας
360 5137 468 5193 τοῦ
499 5139 719 5209 [ἰατρὸς
747 5138 809 5192 οὗ
836 5159 1016 5212 φαμεν
1057 5144 1325 5216 ὑπάρχειν
1355 5147 1540 5212 αὑτὸν,
1575 5149 1662 5203 ἵνα
1683 5151 1752 5222 μὴ

1872 5143 2049 5198 Patris
2098 5159 2222 5198 eum
2277 5144 2543 5200 exsistere
2597 5157 2878 5212 negamus,
2953 5154 3024 5194 ne
3081 5137 3250 5193 sectio
3303 5151 3452 5205 qua:-

150 5235 282 5304 τομή
329 5251 431 5296 τις
460 5233 560 5287 καὶ
603 5234 878 5305 ἀπέρῤοια
929 5237 1115 5308 νοῆται
1159 5240 1290 5310 περὶ
1332 5238 1430 5311 τὴν
1483 5239 1752 5313 ἄφραστον

1872 5235 1995 5288 dam
2031 5244 2125 5289 aut
2173 5235 2370 5291 divisio
2431 5237 2482 5290 in
2533 5235 2620 5291 illa
2673 5233 2934 5291 ineffabili
2967 5230 3202 5286 essentia
3240 5235 3453 5283 statua-

147 5319 377 5395 ἐκείνην
413 5323 630 5378 οὐσίαν.

659 5439 820 5507 Πρὸς
857 5439 1035 5494 τοῦτο
1073 5443 1276 5508 λύσις.

233 5551 389 5604 'm'
415 5549 530 5606 ἔστι
559 5552 738 5606 ταῦτα
760 5552 927 5624 λῆρος
956 5555 1051 5607 καὶ
1077 5555 1313 5626 φλυαρέα
1343 5557 1533 5630 πολλή.
1572 5559 1769 5633 Ἀπόρ-

1871 5334 1977 5382 tul.

2271 5440 2436 5512 212
2481 5439 2690 5496 Salutio
2722 5441 3051 5512 objectiom's.

1944 5553 2103 5610 Mene
2125 5571 2300 5626 nugae,
2332 5572 2592 5628 meraque
2617 5557 2970 5615 deliramenta
3005 5557 3120 5612 hzcc
3145 5563 3292 5610 sunt.
3351 5553 3454 5610 Se-

157 5641 287 5709 ῥοια
306 5641 409 5712 μὲν
429 5643 538 5714 γὰρ
553 5643 652 5696 καὶ
673 5641 841 5713 τομὴ,
873 5643 966 5696 καὶ
978 5643 1079 5696 ὅσα
1098 5641 1324 5697 τοιαῦτα
1347 5643 1519 5716 πάθη,
1540 5645 1752 5700 νοείσθιι

1872 5648 1980 5706 ctio
2008 5649 2152 5706 enim
2175 5659 2231 5706 et
2262 5649 2478 5718 divisio,
2530 5650 2758 5721 aliaeque
2811 5651 2864 5707 id
2905 5666 3075 5724 genus
3140 5645 3456 5704 affectiones

231 5818 282 5850 δ’
321 5817 470 5890 Joan,
498 5838 608 5892 xvi,
640 5822 732 5878 15.
816 5821 860 5853 ⁸³
893 5821 1060 5878 ICor.
1093 5839 1132 5889 I,
1168 5822 1258 5880 24.
1340 5822 1384 5855 ⁸⁸
1407 5822 1572 5879 Ichr.
1609 5838 1649 5886 ι.
1674 5823 1728 5881 5.
