3996 6432
462 382 568 439 559

1487 376 1545 434 S.
1586 376 1866 433 CYRILLI
1908 374 2385 432 ALEXANDRINI
2423 376 2743 433 ARCHIEP.

3633 376 3742 432 360

464 495 785 566 corporibus
823 496 1151 558 tribuantur,
1184 491 1379 563 quibus
1405 502 1457 548 et
1485 494 1699 550 all'eetio
1729 495 1844 550 sive
1867 494 2050 565 passio

2159 496 2286 567 περὶ
2317 496 2388 549 τά
2415 495 2664 568 σώματα,
2697 491 2778 559 οἷς
2804 495 2898 549 καὶ
2926 494 2987 548 τὸ
3013 495 3247 567 πάσχειν
3275 494 3504 548 οἰκεῖον*
3535 492 3564 544 ὁ
3594 491 3652 545 δέ
3679 490 3744 544 τὸ

464 588 678 656 propria
714 594 837 652 est;
890 587 984 657 qui
1029 601 1158 643 vero
1216 601 1515 656 corporeus
1566 600 1672 639 non
1735 594 1837 651 est,
1873 586 1942 640 ab
1983 600 2049 640 eo

464 677 627 731 etiam
662 693 939 747 corporeae
988 677 1307 733 aﬂ‘ectiones
1337 677 1528 731 alienae
1570 686 1715 732 sunt.
1734 675 1918 749 Gignit
1947 678 2050 732 ita-

465 784 569 839 que
600 769 734 823 citra
760 768 920 823 ullam
945 769 1238 823 sectionem
1266 777 1359 822 aut
1398 768 1706 840 passionem
1735 769 1781 824 is
1828 770 1923 839 qui
1977 770 2051 824 in-

464 876 755 931 corporeus
782 870 883 914 est.
922 858 1179 926 Quaenam
1214 861 1362 914 enim
1405 861 1588 930 passio
1642 860 1744 916 soli
1800 863 2051 917 accidere
2087 846 2095 854 ’

466 952 729 1015 cernitur,
761 965 883 1004 cum
917 964 984 1003 ex
1013 965 1070 1004 se
1100 952 1276 1021 gignit
1299 950 1481 1005 lumen
1506 951 1529 1005 ‘l
1568 952 1827 1018 Quasnam
1856 952 2050 1007 divisio

467 1045 662 1099 accidit
689 1044 1063 1114 igni,quando
1112 1044 1567 1100 illuminationem
1606 1061 1674 1100 ex
1708 1060 1769 1101 se
1808 1045 2051 1100 emittit?

463 1137 532 1187 At
561 1135 606 1189 si
643 1135 753 1188 haec
780 1134 1005 1205 gignunt
1034 1136 1167 1189 citra
1226 1135 1394 1189 ullam
1453 1136 1879 1204 separationem,
1919 1151 2050 1207 pro-

464 1227 777 1294 ducuntque
802 1241 864 1279 ea
893 1240 1015 1294 quas
1034 1225 1086 1279 in
1106 1225 1239 1297 ipsis
1261 1238 1390 1280 sunt
1414 1226 1619 1297 absque
1641 1227 1747 1282 ulla
1774 1228 2046 1297 passione,

464 1319 738 1386 quomodo
766 1331 872 1369 non
902 1316 1071 1371 multo
1096 1317 1267 1386 magis
1283 1318 1476 1372 borum
1499 1328 1714 1373 creator
1735 1334 1800 1373 ex
1825 1333 1921 1373 sua
1951 1333 2050 1372 na-

470 1420 590 1463 tura
630 1409 846 1465 emittet
866 1409 1257 1479 splendorem?
1288 1411 1395 1463 Aut
1441 1410 1713 1479 quomodo
1767 1410 2051 1465 character

465 1503 534 1554 ab
564 1501 799 1569 imagine
813 1500 1143 1569 separetur?
1179 1499 1408 1571 Semper
1434 1502 1580 1556 enim
1613 1502 1728 1556 haec
1761 1499 2049 1569 conjuncta

466 1605 593 1649 sunt
621 1593 891 1662 simulque
935 1593 1223 1648 exsistunt.
1289 1591 1385 1647 Sin
1446 1608 1576 1647 vero
1626 1592 1783 1663 juxta
1829 1592 2046 1646 illorum

466 1686 797 1756 opinionem,
831 1684 982 1739 arida
1016 1700 1081 1740 ac
1136 1684 1341 1739 sterilis
1364 1693 1450 1739 est
1477 1684 1572 1740 Dei
1601 1695 1793 1738 natura
1830 1700 1845 1737 :
1898 1698 2050 1753 qua:-

470 1794 594 1832 nam
621 1793 686 1832 ex
732 1779 849 1846 ipso
904 1779 1203 1846 procedens
1249 1778 1501 1833 voluntas
1549 1778 1735 1832 ellicax
1775 1787 1881 1843 est,
1927 1792 2047 1847 qua:

469 1869 699 1934 Filium,
736 1878 795 1922 ut
839 1869 913 1922 illi
944 1868 1147 1934 volunt,
1179 1869 1479 1936 substituit,
1527 1870 1764 1923 creatrix
1808 1869 2053 1938 quaedam

468 1962 758 2024 exsistens,
780 1969 1034 2013 eteorum
1053 1975 1174 2029 quae
1188 1977 1296 2016 non
1318 1962 1588 2016 exsistunt
1609 1960 1892 2015 etfectrix?
1916 1957 2053 2015 Cum

469 2052 935 2105 eniu'tdetrectant
965 2049 1143 2117 fateri,
1170 2065 1237 2105 ex
1280 2051 1519 2105 essentia
1584 2049 1763 2104 Patris
1808 2050 2054 2120 genitum

467 2159 587 2199 esse
607 2158 801 2198 creans
833 2143 1004 2213 ipsius
1032 2142 1291 2205 Verbum,
1324 2157 1354 2197 a
1388 2143 1617 2199 veritate
1648 2143 1700 2196 in
1729 2143 1870 2197 hunc
1894 2156 2051 2197 erro-

468 2252 586 2291 rem
619 2237 894 2290 labuntur.
934 2236 1029 2290 Est
1057 2234 1200 2290 enim
1232 2234 1403 2289 Filius
1435 2235 1553 2289 viva
1585 2244 1749 2303 atque
1797 2235 2056 2289 essentia-

469 2328 592 2382 liter
622 2328 950 2383 inexsistens
975 2327 1155 2382 Patris
1185 2326 1455 2393 voluntas,
1488 2336 1546 2382 et
1598 2326 1833 2382 Verbum
1861 2325 2053 2397 ipsius,

470 2436 567 2491 per
595 2421 735 2490 quod
764 2420 944 2477 omnia
978 2428 1250 2491 operatur.

470 2552 776 2627 Observatio
806 2570 872 2608 ex
891 2570 1046 2627 sacra
1086 2553 1385 2623 Scriptura,
1408 2554 1547 2624 quod
1573 2553 1733 2609 etiam
1756 2554 1822 2609 de
1863 2555 1931 2627 iis
1964 2555 2057 2627 qui

533 2624 850 2678 naturaliter
870 2625 976 2693 ﬁlii
1004 2634 1147 2688 sunt,
1174 2643 1193 2675 ι
1219 2627 1449 2693 genitum
1492 2641 1621 2692 esse,
1655 2643 1676 2677 ι
1725 2635 1773 2679 et
1801 2644 1820 2677 ι
1852 2624 2056 2696 factum

525 2709 657 2760 esse,
695 2712 713 2745 ι
755 2696 1125 2764 indi/rarenter
1153 2696 1389 2749 dicatur.

543 2828 773 2884 Nomina
802 2827 938 2882 nihil
968 2825 1232 2891 ofﬁciunt,
1278 2841 1401 2882 cum
1455 2841 1544 2882 res
1596 2828 1727 2897 ipsae
1792 2827 1951 2883 aliter
1997 2843 2057 2883 se

474 2921 698 2975 habent.
735 2919 971 2974 Tametsi
1011 2921 1153 2974 enim
1199 2919 1266 2973 iis
1310 2919 1400 2988 qui
1434 2927 1630 2976 natura
1654 2920 1747 2975 lilii
1774 2928 1922 2986 sunt,
1950 2935 2059 2975 ser-

474 3013 662 3068 vitutis
698 3028 888 3068 nomen
937 3012 1374 3066 accommodetur
1399 3054 1414 3077 ,
1453 3012 1718 3068 naturalis
1762 3013 2056 3068 nobilitatis

475 3106 721 3177 dignitati
750 3104 886 3159 nihil
921 3105 1169 3175 derogat.
1206 3106 1383 3173 Atque
1412 3104 1484 3160 ita
1528 3106 1691 3160 etiam
1722 3104 1767 3160 si
1793 3106 1881 3174 qui
1907 3106 2058 3177 getti-

2152 581 2291 639 εἷναι
2322 586 2479 656 σῶμα
2518 584 2816 655 διαφυγὼν,
2861 585 2956 638 καὶ
2999 584 3068 638 τά
3098 585 3367 655 σωμάτων
3391 581 3744 651 διαφεύξεται

2152 676 2324 748 πάθη.
2373 678 2560 730 Τίκτει
2608 676 2895 747 τοιγαροῦν
2944 677 3258 747 ἀμερίστως
3306 675 3400 728 καὶ
3442 673 3672 737 ἀπαθῶς
3715 676 3748 727 ὁ

2151 768 2466 839 ἀσώματος.
2508 769 2665 822 Ποῖον
2706 769 2815 841 γὰρ
2861 769 3032 832 πάθος
3080 768 3207 839 περὶ
3239 767 3328 820 τὸν
3365 766 3517 838 ἥλιον
3546 768 3746 837 ὁρᾶται

2150 861 2453 931 γινόμενον,
2482 862 2568 914 ὅτε
2603 861 2780 914 τίκτει
2810 861 2869 915 τὸ
2906 862 3050 929 φῶςς
3087 863 3245 922 Ποῖος
3288 857 3574 937 συμϐαίνει
3609 860 3744 928 περὶ

2150 952 2212 1005 τὸ
2242 952 2352 1024 πῦρ
2385 952 2672 1023 μερισμὸς,
2704 956 2834 1007 ὅταν
2873 954 3139 1026 ἐκπέμπῃ
3168 953 3259 1007 τὸν
3299 954 3357 1019 ἐξ
3386 950 3580 1005 ἐαυτοῦ
3624 969 3738 1019 φω-

2150 1048 2341 1114 τισμόν
2363 1060 2376 1109 ;
2410 1043 2474 1097 El
2505 1043 2562 1095 δὲ
2587 1042 2759 1097 ταῦτα
2784 1045 2948 1115 γεννᾷ
2975 1044 3074 1115 μὲν
3097 1045 3433 1115 ἀμερίστως,
3459 1044 3741 1113 ἐκπέμπει

2151 1135 2208 1189 δὲ
2233 1137 2302 1189 τὰ
2346 1136 2405 1203 ἐξ
2454 1137 2662 1190 ἑαυτῶν
2706 1136 2954 1200 ἀπαθῶς,
2993 1138 3110 1200 πῶς
3148 1137 3210 1189 οὐ
3252 1136 3435 1208 πολλῷ
3479 1136 3681 1207 μᾶλλον
3711 1137 3747 1189 ὁ

2150 1228 2355 1282 τούτων
2413 1228 2642 1300 ποιητὴς
2692 1229 2792 1299 τῆς
2838 1229 3032 1282 ἐαυτοῦ
3090 1227 3306 1298 φύσεως
3362 1228 3631 1298 ἐκπέμψει
3674 1227 3747 1280 τδ

2150 1319 2525 1390 ἀπαύγασμα;
2554 1320 2692 1375 Πότε
2713 1321 3001 1393 χαρακτὴρ
3027 1322 3236 1383 εἰκόνος
3259 1320 3588 1391 χωρίζεταις
3626 1318 3751 1371 Ἀεὶ

2149 1411 2258 1482 γὰρ
2291 1412 2427 1482 αὐτῇ
2475 1411 2800 1482 συμπέφυκέ
2838 1429 2898 1464 τε
2933 1412 3026 1464 καὶ
3058 1410 3380 1481 ἐνυπάρχει.
3416 1410 3479 1463 El
3523 1409 3580 1462 δὲ
3614 1407 3751 1462 κατ’

2149 1504 2391 1566 ἐκείνους
2417 1502 2557 1574 ξηρά
2586 1504 2680 1556 καὶ
2718 1503 2966 1573 ἄκαρπός
2995 1505 3145 1558 ἐστιν
3171 1506 3204 1574 ἡ
3237 1501 3332 1556 τοῦ
3371 1500 3526 1572 Θεοῦῆ
3550 1501 3749 1569 φύσις,

2148 1593 2284 1664 τίςή
2330 1591 2391 1658 ἐξ
2417 1592 2584 1646 αὐτοῦ
2622 1593 2963 1665 προελθοῦσα
2995 1593 3250 1665 βούλησις
3285 1592 3537 1665 ἐνεργὴς,
3576 1593 3611 1664 ἠ
3646 1593 3755 1645 καὶ

2147 1686 2239 1740 τὸν
2271 1686 2397 1739 Υἰὸν
2445 1687 2566 1739 κατ’
2598 1684 2840 1750 ἐκείνους
2892 1686 3192 1757 ὑπέστησε,
3231 1685 3599 1758 δημιουργική
3652 1700 3752 1749 τις

2151 1774 2286 1831 οὖσα
2313 1779 2409 1833 καὶ
2443 1778 2554 1833 τῶν
2593 1780 2697 1832 οὐκ
2740 1779 2910 1833 ὄντων
2955 1770 3256 1851 ποιητικῆς
3294 1778 3599 1847 Φεύγοντες
3630 1777 3751 1850 γάρ

2085 1850 2126 1905 Β
2154 1872 2214 1925 τὸ
2245 1874 2310 1925 ἐκ
2339 1871 2442 1940 τῆς
2466 1871 2655 1935 οὐσίας
2674 1870 2769 1926 τοῦ
2795 1871 3010 1943 Πατρδς
3047 1850 3409 1942 γεγεννῆσθαι
3439 1870 3622 1939 λέγειν
3650 1871 3750 1924 τὸν

2155 1962 2487 2035 δημιουργὸν
2531 1963 2698 2017 αὐτοῦ
2737 1963 2931 2032 Λόγον,
2972 1965 3038 2016 ἐκ
3075 1964 3173 2034 τῆς
3204 1962 3463 2034 ἀληθείας
3495 1963 3574 2025 είς
3604 1961 3750 2015 αὐτὸ

2157 2054 2590 2110 συνελαύνονται.
2625 2056 2781 2109 Ἔστι
2828 2055 2936 2127 γάρ
2966 2055 3093 2119 Υἱὸς
3121 2056 3156 2126 ἡ
3191 2055 3342 2119 ζῶσα
3377 2055 3471 2108 καὶ
3499 2054 3749 2119 ἐνούσιος

2154 2147 2249 2200 τοῦ
2281 2148 2495 2220 Πατρὺς
2535 2147 2812 2220 βούλησις,
2854 2149 2950 2203 καὶ
2976 2150 3006 2204 ὁ
3041 2148 3213 2219 Λόγος
3254 2148 3442 2214 αὑτοῦ,
3483 2149 3551 2203 δι’
3576 2139 3639 2202 οὗ
3673 2146 3748 2203 τὰ

2158 2240 2338 2295 πάντα
2368 2240 2689 2313 ἐργάζεται.
3398 2256 3403 2260 ·

2169 2558 2552 2628 Ἐπιτήρησις
2582 2556 2700 2628 dm}
2733 2556 2844 2625 τῆς
2886 2556 3049 2628 θείας
3082 2554 3352 2628 Γραφῆς,
3382 2553 3472 2628 ὅτι
3512 2554 3613 2628 atq!
3639 2552 3748 2628 in}

2227 2622 2558 2698 τῶνξρύσέι
2595 2626 2759 2698 υΙῶν,
2787 2622 2854 2698 τὸ
2884 2646 2902 2678 ι
2930 2622 3256 2698 ἐγένώοί
3293 2625 3329 2694 ἢ
3358 2624 3457 2678 καὶ
3489 2643 3507 2676 ι
3543 2622 3754 2692 axoni-

2228 2696 2430 2768 θησαν
2477 2717 2495 2749 ι
2538 2697 2724 2752 κεῖται
2752 2696 3105 2765 ἀδιαφόρως.

2228 2832 2393 2887 Οὐδὲν
2441 2833 2497 2885 αἱ
2530 2830 2702 2896 λέξεις
2752 2829 3051 2896 ἀδικοῦσιν,
3103 2829 3232 2883 ὅταν
3278 2829 3478 2899 ἑτέρως
3527 2827 3629 2898 ἔχῃ
3677 2828 3756 2883 τὰ

2157 2923 2301 2995 πράγ
2316 2940 2479 2994 ματα.
2498 2922 2621 2975 Ἐπῖ⁹
2649 2920 2759 2992 γὰρ
2781 2920 2890 2974 τῶν
2913 2917 3248 2991 φιῦσειῖυἱῶν,
3280 2916 3382 2970 κᾶν
3403 2915 3462 2969 τὸ
3494 2914 3595 2985 τῆς
3615 2914 3755 2967 δου-

2157 3017 2309 3080 λείας
2347 3015 2516 3085 ὄνομα
2557 3013 2840 3084 τάττηται,
2875 3011 2936 3065 οὐ
2985 3011 3334 3081 παραιτεῖται
3367 3008 3463 3078 τῆς
3502 3007 3755 3077 φυσικῆς

2160 3104 2440 3175 εὐγενείας
2474 3104 2534 3156 τὸ
2580 3100 2819 3173 ἀξίωμα.
2858 3101 2980 3155 Κᾶν
3028 3103 3056 3154 ὁ
3100 3099 3382 3170 γεννηθεὶς
3412 3096 3754 3166 πεποιῆσθαι

476 3208 560 3251 tus
584 3207 686 3263 est,
719 3196 893 3251 factus
925 3210 1046 3251 esse
1095 3196 1329 3264 dicatur,
1368 3198 1607 3266 quandiu
1674 3211 1856 3251 veram
1898 3214 2048 3253 suam

2159 3197 2403 3268 λέγηται,
2437 3195 2542 3258 ἕως
2578 3193 2644 3248 ἂν
2676 3192 2825 3264 αὐτῷ
2858 3191 3230 3264 περισώζηται
3260 3190 3320 3243 τὺ
3352 3188 3750 3261 ἀληθέστερον,

473 3289 734 3359 originem
771 3290 991 3355 retinet,
1019 3305 1212 3345 nomen
1246 3291 1421 3360 ipsum
1448 3289 1499 3344 ei
1548 3289 1745 3344 damno
1790 3304 1911 3345 esse
1951 3306 2057 3345 non

475 3380 959 3450 potest.Naturam
990 3382 1134 3435 enim
1193 3399 1300 3437 non
1365 3383 1586 3437 nomina
1634 3383 1687 3435 in
1745 3384 2056 3438 universum

478 3471 826 3540 inquirimus.
854 3471 988 3526 Cum
1016 3473 1179 3542 igitur
1207 3476 1272 3528 de
1298 3473 1479 3544 genito
1506 3473 1602 3527 Dei
1632 3471 1812 3529 Verbo
1838 3474 2053 3541 dicitur,

475 3564 617 3632 quod
641 3564 713 3618 sit
731 3563 903 3618 lidelis
925 3564 972 3619 ei
998 3565 1088 3633 qui
1118 3563 1245 3619 fecit
1267 3564 1541 3634 ipsum‘“,
1572 3578 1638 3619 ne
1660 3565 1784 3634 quis
1809 3566 2055 3635 proprie-

476 3665 640 3710 tatem
669 3656 998 3710 exsistentiae
1018 3658 1189 3726 ipsius
1211 3657 1594 3722 calumnietur,
1632 3660 1725 3712 sed
1746 3666 1838 3711 aut
1860 3658 2057 3712 intelli-

475 3758 561 3818 gat
589 3748 795 3803 ratione
833 3748 1235 3804 incarnationis
1262 3748 1490 3813 dictum,
1526 3758 1621 3802 aut
1670 3749 1809 3803 nihil
1857 3747 2051 3805 oliiciat

474 3842 686 3896 veritati
724 3856 918 3896 nomen
964 3841 1110 3910 quod
1141 3838 1509 3895 indilferenter
1545 3841 1827 3910 accipitur.
1868 3839 2057 3897 Betsa-

472 3930 573 3995 hee
627 3931 972 3988 Salomonem
1037 3946 1254 3987 servum
1312 3931 1477 3987 David
1526 3934 1759 4001 vocavit,
1823 3934 2051 3990 dicens:

478 4040 496 4073 ι
529 4020 754 4076 Servum
790 4032 940 4076 tuum
970 4020 1312 4076 Salmnouetn
1343 4023 1409 4076 ⁸⁸.
1456 4041 1475 4074 ι
1497 4021 1685 4079 Patres
1704 4039 1920 4093 quoque
1950 4037 2055 4078 saa-

473 4129 791 4186 penutuero.
811 4130 908 4169 eos
928 4115 1020 4184 qui
1049 4130 1113 4170 ex
1143 4116 1274 4185 ipsis
1309 4117 1473 4186 geniti
1506 4128 1631 4172 sunt
1656 4132 1846 4173 servos
1860 4123 2057 4173 vocant

471 4218 527 4262 et
551 4221 760 4275 servos,
796 4209 956 4264 lilios.
978 4207 1243 4263 Craterum
1280 4212 1497 4265 nomina
1528 4219 1778 4265 naturam
1808 4226 1914 4266 non
1951 4211 2055 4265 im-

472 4307 704 4363 mutant,
730 4300 823 4353 sed
850 4301 1027 4367 potius
1060 4309 1387 4369 potestatem
1422 4302 1635 4355 illorum
1664 4302 1755 4370 qui
1808 4302 1888 4357 ita
1934 4302 2055 4358 illos

472 4390 753 4458 appellare
778 4391 1098 4460 voluerunt,
1137 4396 1464 4466 signiﬁcant.
1493 4393 1647 4460 Quod
1677 4403 1858 4449 autem
1885 4397 2050 4451 etiam

472 4479 510 4533 ii
539 4481 631 4549 qui
658 4483 828 4550 geniti
855 4493 1003 4549 sunt,
1042 4503 1061 4537 ι
1102 4485 1227 4541 lacti
1268 4505 1287 4537 ι
1339 4486 1615 4551 dicantur,
1661 4485 1787 4541 inde
1822 4487 2052 4542 manife-

2157 3289 2310 3342 οὐδὲν
2338 3287 2444 3340 ἀπὸ
2463 3288 2563 3356 τῆς
2589 3285 2789 3350 λέξεως
2817 3284 3077 3355 ὑπομένει
3122 3284 3183 3337 τὸ
3221 3282 3482 3353 ἀδίκημα.
3525 3281 3593 3334 Ἡ
3630 3281 3754 3353 γὰρ

2159 3380 2342 3448 φύσις,
2373 3378 2433 3431 ού
2473 3377 2692 3441 πάντως
2726 3377 2759 3447 ὴ
2804 3375 2952 3442 λέξις
2981 3372 3315 3440 ἐξετάζεται.
3349 3372 3518 3427 Ὅταν
3559 3372 3753 3426 τοίνυν

2157 3472 2251 3525 ἐπὶ
2280 3471 2373 3525 τοῦ
2407 3470 2758 3542 γεννηθέντος
2788 3467 2922 3522 Θεοῦ
2954 3468 3128 3537 Λόγου
3160 3469 3396 3539 φέρηται
3423 3465 3503 3529 τὸ,
3541 3466 3753 3521 Πιστδν

2157 3564 2286 3618 ὄντα
2310 3563 2387 3634 τῷ
2422 3565 2710 3634 ποιήσαντι
2750 3560 2903 3625 αὐτὸ,
2932 3559 3006 3632 μὴ
3028 3557 3476 3629 συκοφαντείσθω
3504 3557 3564 3610 τὺ
3606 3558 3751 3629 γνή-

2159 3673 2272 3710 σιον
2294 3656 2392 3727 τῆς
2431 3653 2720 3725 ὑπάρξεως
2753 3650 2942 3715 αὑτοῦ,
2975 3651 3091 3704 ἀλλ’
3137 3650 3169 3722 ἢ
3217 3650 3443 3705 νοείσθω
3479 3650 3614 3721 περὶ
3653 3651 3750 3704 τὸν

2154 3749 2254 3818 τῆς
2310 3746 2776 3818 ἐνανθρωπήσεως
2817 3743 2995 3810 λόγον,
3041 3742 3076 3814 ἢ
3123 3742 3290 3813 μηδὲν
3343 3742 3602 3796 άδικείτω
3644 3742 3738 3812 τὴν

2156 3840 2420 3912 ἀλήθειαν
2441 3842 2502 3894 τὸ
2535 3838 2637 3909 τῆς
2663 3836 2863 3903 λέξεως
2891 3836 3205 3909 ἀδιάφορον.
3222 3834 3507 3906 Βηρσαϐεέ
3534 3834 3621 3887 τὸν
3640 3834 3722 3885 Eo-

2154 3932 2371 4004 λομῶνα
2399 3930 2584 3986 δοῦλον
2608 3929 2792 3984 ἐκάλει
2817 3928 2912 3983 τοῦ
2939 3928 3121 3992 Δαόὶδ,
3146 3928 3380 3995 λέγουσα
3400 3944 3414 3957 ·
3452 3946 3472 3979 ι
3505 3927 3611 3980 Τὸν
3631 3923 3738 3980 δοῦ·

2154 4023 2244 4077 λόν
2274 4040 2368 4076 σου
2404 4020 2715 4092 Σολομῶνα.
2760 4038 2780 4071 ι
2814 4018 2924 4072 Καὶ
2964 4019 3200 4088 πατέρες
3236 4017 3497 4079 πολλάκις
3522 4018 3656 4080 τοὺς
3682 4012 3746 4080 ἐξ

2155 4114 2364 4170 ἑαυτῶν
2410 4111 2769 4183 γεννηθέντας
2815 4109 3033 4173 δούλους
3078 4107 3436 4172 ἀποκαλοῦσι,
3475 4108 3571 4163 καὶ
3612 4108 3745 4170 τοὺς

2153 4207 2370 4270 οἰκέτας
2405 4207 2575 4269 υἱούς.
2617 4205 2759 4259 Ἀλλ’
2793 4205 2894 4276 οὐχ
2921 4207 2976 4258 αἱ
3004 4203 3181 4269 λέξεις
3210 4202 3308 4272 τὴν
3350 4201 3515 4269 φύσιν
3538 4200 3748 4258 ἀλλάτ-

2153 4318 2330 4363 τουσι,
2361 4297 2562 4370 μᾶλλον
2580 4295 2640 4351 δὲ
2671 4296 2769 4366 τὴν
2794 4294 3044 4360 ἐξουσίαν
3082 4295 3192 4348 τῶν
3216 4292 3358 4347 οὕτω
3397 4291 3747 4361 βουλομένων

2154 4392 2452 4447 ἀποκαλεῖν
2468 4387 2919 4442 ἐπιδεικνύουσιν.
2946 4387 3068 4440 Ὅτι
3088 4385 3143 4439 δέ
3165 4385 3259 4438 καὶ
3278 4384 3372 4437 ἐπὶ
3399 4383 3510 4437 τῶν
3538 4400 3751 4450 γεννω-

2159 4484 2334 4556 μένων
2363 4482 2679 4552 εὑρίσκεται
2707 4479 2768 4533 τὸ
2801 4499 2819 4530 ι
2858 4479 3102 4550 ἐποίησε.
3135 4495 3154 4528 ι
3177 4477 3334 4549 δῆλον
3363 4475 3636 4531 ἐντεῦθεν.
3682 4476 3752 4529 ’0
3820 4480 3827 4485 ’

470 4580 613 4624 stum
637 4580 741 4625 est.
769 4571 930 4643 213
959 4573 1219 4629 Ezechias
1248 4575 1390 4628 enim
1424 4574 1495 4628 ita
1531 4574 1709 4643 inquit
1741 4593 1754 4629 :
1795 4593 1813 4626 ι
1846 4575 1927 4629 Ab
1958 4576 2052 4631 ho~

2159 4576 2255 4646 μὲν
2297 4574 2405 4643 γὰρ
2446 4570 2693 4641 Ἐζεχίας
2739 4569 2932 4639 φησίν·
2968 4586 2986 4618 ι
3035 4567 3166 4620 Ἀπὸ
3211 4567 3321 4636 γάρ
3366 4564 3463 4634 τῆς
3495 4565 3750 4634 σήμερον

470 4662 658 4717 dierno
681 4662 770 4717 die
798 4663 938 4719 ﬁlios
967 4665 1159 4720 faciam
1192 4666 1260 4719 “.
1303 4684 1322 4718 ι
1385 4664 1451 4719 Et
1505 4666 1572 4721 de
1619 4663 1720 4721 Job
1786 4668 2047 4734 scriptum

2159 4661 2345 4716 παιδία
2380 4660 2612 4731 ποιήσω,
2646 4678 2665 4712 ι
2702 4659 2839 4729 Περὶ
2872 4658 2929 4711 δὲ
2963 4657 3057 4711 τοῦ
3103 4655 3221 4709 ’1ὼό
3272 4655 3602 4727 γέγραπται,
3656 4654 3750 4706 ὅτι

467 4763 554 4809 est
589 4770 603 4806 :
668 4774 687 4806 ι
719 4756 868 4811 Facti
904 4767 1032 4813 sunt
1062 4760 1109 4813 ei
1144 4758 1237 4812 ﬁlii
1265 4766 1494 4827 septem,
1518 4767 1573 4812 et
1599 4756 1720 4813 tiliae
1777 4768 1887 4813 tres
1918 4758 1985 4812 ⁸⁷.
2026 4777 2046 4811 ι

2160 4772 2178 4805 ι
2220 4752 2498 4821 Ἐγένοντο
2522 4750 2669 4821 αὑτῷ
2710 4750 2815 4802 υἱοὶ
2843 4748 2981 4801 ἐπτά
3010 4749 3105 4800 καὶ
3148 4746 3448 4815 θυγατέρες
3491 4746 3669 4814 τρεῖς.
3717 4763 3743 4797 ι

470 4846 528 4901 Si
555 4861 682 4919 ergo
727 4850 779 4903 in
808 4849 1139 4918 hominibus,
1195 4866 1302 4929 non
1360 4850 1603 4905 absolute
1654 4852 1895 4916 nomina,
1955 4853 2050 4906 sed

2159 4845 2215 4898 Εἰ
2244 4844 2424 4897 τοίνυν
2460 4844 2547 4895 ἐπ’
2577 4840 2883 4912 ἀνθρώπων
2915 4840 2976 4893 ού
3018 4843 3135 4902 ταῖς
3169 4837 3479 4909 ἀκριϐείαις
3501 4835 3612 4889 τῶν
3649 4836 3740 4888 λέ-

469 4953 559 4993 res
593 4940 739 5010 ipsas
775 4941 1068 5007 intuentes,
1118 4956 1237 5010 quae
1287 4942 1541 4996 dicuntur
1580 4942 2042 5012 interpretamur:

2159 4935 2306 5003 Ξεων,
2334 4932 2471 4988 ἀλλά
2506 4935 2571 5004 τῇ
2607 4932 2767 5001 φύσει
2797 4932 2906 4985 τῶν
2942 4930 3282 5003 πραγμάτων
3314 4928 3612 5000 ἐνορῶντες
3638 4930 3739 4980 ὲκ·-

468 5030 738 5097 quomodo
763 5045 869 5086 non
928 5029 1139 5084 utiliter
1187 5032 1329 5085 idem
1392 5032 1446 5086 in
1507 5030 1645 5088 Filio
1687 5031 1781 5089 Dei
1832 5042 2041 5089 statue-

2159 5028 2419 5099 Ξεχόμεθα
2465 5025 2527 5078 τὸ
2569 5024 2925 5095 λαλούμενον·
2969 5023 3087 5087 πῶς
3137 5025 3238 5076 οὐκ
3283 5020 3598 5090 ἀναγκαίως
3641 5019 3737 5072 τὸν

466 5120 617 5175 tuus?
2151 5120 2316 5174 αὐτὸν
2364 5116 2754 5188 διακεισόμεθα
2807 5115 3009 5184 τρόπον
3056 5116 3149 5170 ἐπὶ
3199 5112 3294 5168 τοῦ
3341 5112 3488 5166 θείου
3534 5113 3738 5181 γεννή-

2153 5223 2320 5278 ματος
2339 5222 2354 5271 ;

2834 5321 3043 5376 ΑΛΛΟ.

2216 5388 2304 5492 Τὸ⁸
2318 5438 2448 5504 υίὸς
2479 5437 2650 5509 ὄνομα
2678 5436 2779 5508 τὴν
2808 5435 2874 5490 ἐκ
2907 5433 3113 5504 πατρὸς
3152 5431 3409 5504 σημαίνει
3435 5428 3693 5502 γέννησιν
3711 5447 3727 5462 ο

469 5533 719 5577 creatura
750 5536 901 5587 vero,
932 5526 1075 5594 quod
1137 5529 1377 5584 exterius
1444 5532 1797 5586 constitutum
1855 5542 1957 5587 est.
1985 5532 2043 5588 Si

2159 5533 2204 5586 τὸ
2234 5532 2291 5585 δὲ
2319 5531 2570 5601 ποίημα,
2603 5531 2667 5585 τὸ
2714 5529 2915 5597 ἔξωθεν
2973 5526 3386 5594 συνιστάμενον.
3428 5523 3493 5576 Εἰ
3545 5522 3734 5576 τοίνυν

465 5629 596 5684 ergo
617 5611 791 5670 Filius
818 5623 924 5683 est,
959 5632 1026 5671 ne
1058 5630 1277 5676 vocetur
1316 5632 1569 5679 creatura
1607 5638 1624 5678 :
1681 5625 1726 5679 si
1792 5637 2044 5680 creatura

2159 5624 2272 5687 Γίός
2299 5626 2438 5687 ἐστι,
2464 5621 2539 5694 μὴ
2573 5622 2847 5677 καλείσθω
2870 5620 3081 5691 ποίημα
3102 5636 3115 5650 ο
3155 5618 3204 5671 εί
3237 5614 3451 5686 ποίημά
3476 5614 3620 5681 ἐστι,
3653 5613 3732 5685 μὴ

1688 5714 1717 5733 ρ

1176 5322 1405 5380 ALIUD.

529 5434 758 5496 Nomen,
785 5430 954 5500 (ilius,
985 5436 1388 5502 generationem
1414 5451 1478 5491 ex
1529 5447 1682 5507 patre
1750 5438 2042 5511 significat,

543 5792 611 5830 ιδ·
642 5791 804 5850 Hebr.
844 5810 926 5861 ιιι,
955 5796 1010 5851 ‘2.
1082 5798 1127 5830 “
1159 5797 1221 5854 Ill
1256 5799 1385 5869 Reg.
1417 5816 1454 5867 ι,
1489 5800 1577 5856 l9.
1658 5801 1703 5832 ⁸³
1734 5798 1797 5853 IV
1830 5798 1961 5867 Reg.
1991 5817 2044 5856 ιι

2159 5804 2181 5856 ι.
2262 5800 2305 5831 ⁸⁷
2331 5798 2431 5855 Job
2465 5815 2504 5864 ι,
2537 5801 2591 5855 ‘2.
