3996 6440
159 357 246 415 δθι
1589 350 2036 413 THESAURUS.

3341 372 3449 429 561
3480 414 3489 422 ,

161 468 405 529 καλείσθω
436 467 818 538 ψευδώνυμος
846 469 1001 535 Υίός.
1048 470 1188 527 Ἀλλ’
1217 471 1346 537 Υἱὸς
1386 471 1633 530 καλεῖται
1663 475 1758 529 καὶ

1870 480 1968 540 est,
2026 488 2096 532 ne
2156 474 2294 534 falso
2352 483 2575 539 nomine
2637 493 2861 541 vocetur
2921 485 3110 543 Filius.
3172 486 3446 544 Caeterum

160 570 312 621 ἐστιν’
337 561 546 617 οὐκοῦν
579 561 649 615 οὖ
684 561 923 635 ποίημα.

170 680 345 745 MM),
381 677 584 748 λόγος
623 676 894 755 πιθανὸς
929 677 1247 755 δεικνύων,
1273 679 1365 736 ὅτι
1412 682 1486 737 οὐ
1530 681 1760 755 ποίημά

749 748 926 804 ἐστιν
963 753 999 804 ό
1040 750 1198 818 Υἱός.

238 860 403 931 εἴρηκέ
452 877 566 914 που
601 861 881 933 Σολομῶν
904 864 935 917 6
963 862 1283 934 σοφώτατος
1305 906 1322 933 ,
1353 866 1438 921 ὅτι
1474 885 1493 919 ι
1525 868 1759 941 Σύμπαν

177 957 223 1009 τὸ
249 958 432 1026 ποέημα
459 953 593 1019 ἄξει
618 956 655 1009 6
694 954 837 1021 Θεὸς
863 959 945 1022 εἰς
974 957 1179 1029 κρίσιν.
1209 978 1230 1014 ι
1274 960 1338 1014 Ei
1359 960 1542 1016 τοίνυν
1564 960 1628 1015 ἓν
1649 961 1759 1016 τῶν

178 1050 454 1121 ποιημάτων
502 1049 674 1103 ἐστὶν
726 1051 758 1104 6
795 1049 948 1116 Υίὺς,
995 1050 1300 1125 ἀχθήσεται
1334 1053 1433 1107 καὶ
1474 1054 1640 1120 αὐτὸς
1677 1057 1760 1121 είς

175 1145 338 1215 κρίπν.
369 1143 477 1196 Καὶ
524 1136 660 1206 πῶς
693 1142 992 1215 ἀληθεύσει
1037 1144 1212 1215 λέγων
1249 1147 1381 1218 περὶ
1419 1147 1641 1217 ἑαυτοῦ,
1674 1148 1757 1203 ὅτι

176 1255 192 1289 ι
229 1237 276 1291 ὀ
302 1234 485 1306 Πατὴρ
536 1234 743 1308 κρίνει
791 1236 1010 1305 οὐδένα,
1040 1237 1180 1292 ἀλλὰ
1223 1240 1407 1294 πᾶσαν
1441 1238 1541 1313 τὴν
1575 1240 1759 1314 κρίσιν

167 1328 335 1382 δέδωκε
364 1327 442 1397 τῷ
480 1325 647 1397 Υίῷς
695 1346 720 1380 ι
757 1328 834 1380 Ἢ
868 1328 988 1393 πῶς
1016 1329 1045 1382 6
1069 1328 1269 1402 Δανιὴλ
1296 1331 1357 1386 ού
1383 1331 1648 1403 ψεύσεται
1669 1333 1759 1388 λέ-

168 1439 262 1490 γων
290 1423 368 1475 ὅτι
391 1420 550 1492 αὑτῷ
588 1420 772 1494 ἐδόθη
801 1422 837 1493 ἡ
876 1422 1097 1493 κρίσις;
1133 1423 1414 1496 ’Δληθεύει
1464 1426 1549 1481 δέ·
1594 1427 1759 1495 αὐτὸς

180 1519 270 1588 γὰρ
288 1519 412 1570 ἐστιν
440 1515 471 1568 6
500 1515 830 1587 ἐρχόμενος
863 1518 1050 1587 κρῖναι
1105 1516 1316 1583 ζῶντας
1351 1520 1449 1574 καὶ
1499 1522 1755 1595 νεκρούς.

188 1609 350 1663 (rimis
369 1608 425 1662 οὐ
450 1608 710 1681 ποίημα,
750 1609 876 1663 οὐδὲ
902 1609 1011 1666 τῶν
1037 1609 1256 1665 πάντων
1287 1611 1367 1678 ἓν,
1397 1613 1485 1669 ἵνα
1517 1616 1593 1687 μὴ
1622 1616 1759 1689 ἄγη-

184 1719 258 1756 ται
281 1703 360 1755 καὶ.
380 1700 539 1766 αὐτὸς
562 1702 653 1764 είς
693 1701 911 1772 κρίσιν.

188 1910 365 1970 AAAO,
392 1909 848 1980 διηγηματικῶς
874 1913 964 1978 εἰς
1001 1912 1115 1981 τὸν
1138 1930 1157 1965 ι
1193 1913 1624 1981 Κατανοήσατε
1651 1915 1761 1969 τόν

253 1981 561 2056 ἀπόστολον
593 1980 1028 2056 καὶ-ἀρχιερέα
1056 1980 1165 2051 τῆς
1204 1980 1528 2056 όμολογίας
1568 1983 1757 2056 ἡμῶν,

262 2052 453 2127 πιστόν·
476 2052 611 2105 ὄντα
626 2051 752 2127 μτῷ
782 2051 1114 2127 ποιήσαντι
1157 2051 1378 2108 αὐτόν’
1401 2051 1444 2108 ⁷)
1479 2051 1761 2127 καὶὲξῆς

266 2123 303 2189 ἠ
326 2120 532 2175 διάνοια
553 2122 656 2177 τοῦ
675 2122 912 2193 ῥητοῦ.

265 2238 331 2292 ού
344 2239 429 2309 τὴν
442 2237 526 2291 τοῦ
546 2239 742 2308 Λόγου
772 2236 942 2309 φύσιν
963 2237 1329 2311 ἐξηγούμενος
1348 2241 1378 2295 6
1414 2241 1758 2312 ’Δπόστολος,

191 2331 385 2387 τοιαῦτά
422 2349 605 2404 φησιν,
644 2332 801 2386 ἀλλὰ
847 2332 950 2404 τὴν
983 2331 1123 2404 μετὰ
1177 2335 1382 2406 σαρκὸς
1423 2336 1758 2408 οἰκονομίαν.

184 2422 305 2477 Πότε
330 2423 423 2493 γὰρ
462 2423 701 2492 γέγονεν
744 2424 1048 2495 ἀρχιερεὺς
1094 2423 1193 2495 τῆς
1241 2424 1535 2496 ὁμολογίας
1566 2425 1761 2499 ήμῶνς

189 2515 311 2568 Πότε
344 2516 395 2569 δὲ
436 2516 783 2583 ἀπόστολος
818 2515 960 2569 Πότε
1008 2515 1067 2570 δὲ
1111 2518 1303 2582 πιστὸς
1344 2518 1426 2590 τῷ
1473 2520 1762 2590 ποιήσαντι

192 2607 358 2672 αὐτόνς
383 2604 449 2662 Ἦ
477 2610 568 2664 ὅτε
615 2608 692 2662 δι’
724 2609 882 2680 ἡμᾶς
908 2608 1005 2663 καὶ
1037 2608 1180 2682 ὑπὲρ
1207 2609 1366 2682 ήμῶν
1394 2610 1620 2681 γέγονεν
1662 2611 1761 2666 ἄνη

189 2695 391 2766 θρωπκ,
430 2699 523 2753 καὶ
555 2702 716 2753 κατὰ
750 2698 854 2770 τὴν
900 2699 1151 2754 Ἰωάννου
1184 2701 1391 2773 φωνὴν,
1429 2721 1447 2755 ι
1494 2702 1552 2756 '0
1589 2703 1763 2773 Λόγος

179 2794 298 2868 σὰρξ
334 2797 564 2866 ἐγένετο.
613 2815 635 2848 ι
681 2795 827 2850 Τότε
878 2794 959 2867 τῷ
998 2797 1287 2867 ποιήσαντι
1323 2795 1511 2862 αὐτὸν,
1558 2796 1635 2863 ὼς
1666 2796 1762 2853 ἄν·

177 2886 385 2957 θρωπος,
413 2892 508 2945 καὶ
539 2889 751 2954 πιστὸς
784 2889 1005 2958 ἐγένετο
1031 2888 1256 2961 πληρῶν
1292 2888 1459 2944 αὐτοῦ
1488 2892 1551 2944 τδ
1576 2889 1759 2963 ἔργον,

184 2979 396 3050 καθάπερ
417 2983 586 3045 αὐτὸς
616 2981 786 3050 ἔλεγε
808 2997 823 3011 ο
853 2980 977 3034 τότε
1022 2980 1249 3050 γέγονεν
1287 2979 1585 3046 ἀπόστολος
1617 2980 1763 3054 ὑπὲρ

189 3070 311 3141 ἡμῶν
326 3074 492 3128 καίδι’
507 3074 670 3146 ἡμᾶς
691 3072 1051 3139 ἀποσταλείς·
1072 3074 1195 3127 τότε
1223 3075 1418 3144 γέγονε
1442 3075 1542 3147 τῆς
1566 3075 1761 3148 ὁμολο-

1859 563 2030 623 Filius
2053 578 2107 625 et
2138 581 2381 641 vocatur,
2410 583 2466 630 et
2499 587 2586 632 est
2615 593 2630 631 :
2669 593 2774 634 non
2834 588 2921 635 est
2949 579 3114 650 igitur
3164 589 3447 636 creatura.

1859 677 2094 749 ALIUD,
2113 683 2410 740 verisimilis
2435 688 2775 768 ratiocinatio
2799 691 3077 747 ostendens
3102 691 3241 762 quod
3266 690 3450 749 Filius

2401 772 2505 813 non
2527 769 2596 814 ιιι
2628 771 2891 821 creatura.

1928 862 2375 947 Sapientissimus
2401 870 2492 927 ille
2553 871 2811 934 Salomon
2865 877 3064 935 alicubi
3113 879 3188 936 ita
3217 879 3441 950 inquit:

1865 975 1886 1010 ι
1917 956 2147 1015 Omnem
2204 969 2507 1019 creaturam
2538 965 2701 1022 ducet
2726 967 2870 1025 Deus
2929 971 2997 1025 ad
3030 970 3305 1040 judicium
3338 971 3439 1026 ⁸⁸.»

1861 1046 1920 1104 Si
1939 1065 2072 1123 ergo
2095 1049 2269 1109 Filius
2290 1063 2377 1112 est
2401 1070 2564 1111 unum
2598 1057 2805 1129 aliquid
2838 1074 2905 1116 ex
2962 1062 3185 1129 creatis,
3213 1063 3446 1118 ducetur

1858 1140 2025 1196 etiam
2053 1141 2171 1211 ipse
2200 1143 2254 1197 in
2277 1142 2566 1214 judicium.
2598 1148 2764 1219 Atqui
2787 1151 3056 1219 quomodo
3109 1166 3239 1207 vere
3299 1152 3447 1208 dicet

1860 1227 1928 1284 de
1959 1229 2173 1299 seipso:
2201 1249 2221 1283 ι
2252 1232 2415 1289 Pater
2433 1249 2543 1291 non
2576 1235 2784 1307 judicat
2817 1254 3175 1312 quemquam,
3202 1242 3301 1299 sed
3331 1257 3447 1299 om-

1859 1334 1931 1376 ne
1953 1320 2217 1392 judicium
2241 1323 2390 1382 dedit
2410 1325 2550 1385 Filio
2576 1329 2657 1385 ιιι
2687 1349 2707 1383 ι
2724 1330 2833 1387 Aut
2855 1334 3129 1404 quomodo
3156 1349 3262 1391 non
3292 1350 3447 1392 men-

1862 1413 2031 1471 tietur
2079 1415 2273 1475 Daniel
2328 1421 2538 1490 dicens,
2588 1425 2737 1494 quod
2794 1425 2897 1496 ipsi
2933 1426 3120 1482 datum
3166 1436 3253 1483 est
3294 1427 3445 1497 judi-

1860 1505 2004 1562 cium
2032 1508 2126 1564 ὀἳ
2157 1509 2265 1567 Sed
2296 1526 2426 1569 vere
2467 1515 2600 1571 dicit
2642 1533 2659 1569 :
2699 1517 2816 1586 ipse
2867 1518 3016 1574 enim
3068 1527 3327 1575 venturus
3363 1530 3449 1575 est

1861 1601 1928 1655 ad
1950 1600 2304 1672 iudicandum
2334 1608 2483 1663 vivos
2508 1619 2564 1664 et
2602 1620 2845 1668 mortuos
2876 1610 2965 1667 "‘.
2992 1610 3111 1669 Non
3171 1623 3257 1669 est
3284 1614 3451 1684 igitur

1859 1704 2133 1763 creatura,
2154 1711 2328 1767 neque
2359 1714 2499 1755 unus
2527 1715 2594 1755 ex
2618 1702 2890 1771 omnibus,
2912 1719 2981 1760 ne
3004 1704 3259 1760 nimirum
3281 1705 3450 1762 etiam

1861 1784 1977 1855 ipse
2005 1786 2058 1841 in
2085 1786 2349 1857 judicium
2383 1792 2638 1848 ducatur.

1859 1900 2094 1970 ALIUD,
2111 1905 2427 1981 captionum
2457 1907 2691 1981 inillud,
2727 1928 2746 1962 ι
2785 1908 3125 1966 Considerate
3153 1914 3450 1981 apostolum

1931 1984 1978 2026 et
2011 1976 2312 2052 pontificem
2339 1977 2685 2052 confessionis
2719 1989 2918 2036 nostra
2937 1981 3122 2037 Iesum
3153 1976 3445 2052 Christum,

1930 2047 2018 2111 qui
2037 2043 2305 2125 ﬁdelis-est
2343 2043 2636 2125 eiqizifecit
2670 2053 2839 2121 ipsum
2875 2067 2943 2108 εκ»
2982 2064 3031 2108 et
3057 2053 3300 2125 deinceps
3327 2043 3449 2112 verti

1921 2116 2179 2169 sententia
2205 2115 2365 2187 hujus
2391 2115 2543 2175 dicti.

1936 2226 2054 2284 Non
2080 2239 2329 2287 naturam
2366 2231 2529 2289 Verbi
2560 2226 2842 2293 declarans
2877 2237 3076 2296 Paulus
3133 2240 3249 2297 haec
3286 2230 3446 2309 dixit,

1864 2319 1959 2377 sed
1981 2319 2125 2378 illius
2159 2323 2613 2383 incarnationem.
2677 2329 2904 2396 Quando
2930 2332 3077 2387 enim
3136 2331 3316 2389 factus
3363 2345 3451 2389 est

1863 2414 2108 2484 pontifex
2158 2417 2525 2476 confessionis
2566 2422 2807 2501 nostra}?
2858 2426 3079 2494 quando
3138 2425 3448 2496 apostolus?

1865 2506 2084 2577 quando
2116 2508 2293 2567 ﬁdelis
2332 2512 2382 2567 ei
2432 2514 2524 2584 qui
2578 2514 2754 2584 ipsum
2796 2508 2964 2573 fecit?
3004 2517 3196 2575 Nonne
3231 2522 3449 2590 quando

1863 2607 2090 2668 propter
2148 2613 2250 2654 nos
2308 2609 2365 2656 et
2419 2616 2519 2673 pro
2567 2604 2724 2660 nobis
2773 2606 2949 2663 factus
2987 2620 3072 2664 est
3099 2610 3286 2677 homo,
3310 2620 3365 2665 et
3392 2622 3452 2664 ut

1861 2688 2103 2746 Joannes
2153 2693 2366 2763 scribit,
2408 2712 2427 2748 ι
2481 2696 2716 2753 Verbum
2767 2713 2897 2754 caro
2933 2699 3134 2758 factum
3189 2701 3382 2757 est“?
3425 2720 3443 2752 ι

1865 2781 2018 2839 Tunc
2044 2783 2239 2842 factori
2264 2802 2385 2857 suo,
2420 2799 2479 2845 ut
2508 2791 2694 2860 homo,
2723 2792 2897 2849 ﬁdelis
2921 2794 3096 2850 factus
3125 2803 3230 2862 est,
3283 2796 3447 2866 perﬁ-

1864 2875 2018 2932 ciens
2038 2892 2176 2947 opus
2200 2878 2365 2950 illius,
2406 2883 2549 2938 sicut
2576 2884 2694 2955 ipse
2734 2894 2964 2942 testatur
2985 2886 3052 2918 "‘
3080 2904 3094 2941 :
3123 2896 3253 2944 tunc
3284 2887 3449 2942 etiam

1862 2973 2138 3041 apostolus
2159 2973 2454 3043 factusesl,
2484 2992 2583 3049 pro
2605 2980 2761 3036 nobis
2786 2989 2842 3035 et
2860 2990 3082 3053 prapter
3104 2999 3203 3039 nos
3222 2984 3445 3039 missus:

1865 3071 1992 3118 tunc
2014 3063 2190 3122 factus
2223 3077 2306 3125 est
2330 3071 2572 3138 pontifex
2594 3071 2954 3130 confessionis
2975 3084 3197 3140 nostrae.
3214 3076 3447 3132 offerens

195 3167 290 3233 γὶις
307 3168 450 3239 ἡμῶν
470 3170 811 3242 ἀρχιερεὺς,
840 3169 1173 3243 προσφέρων
1204 3170 1305 3240 τῆς
1330 3169 1570 3234 πίστεως
1598 3170 1758 3241 ἡμῶν

1870 3159 2265 3217 confessionem
2305 3163 2425 3219 ﬁdei
2472 3173 2675 3220 nostra:
2707 3164 2879 3234 Patri,
2923 3176 2981 3222 et
3023 3183 3221 3239 corpus
3263 3186 3447 3235 suum,

196 3261 271 3334 τὴν
297 3264 573 3333 ὁμολογίαν
607 3263 696 3334 τῷ
741 3263 948 3335 Πατρὶ,
974 3262 1072 3317 καὶ
1098 3262 1159 3316 τὸ
1187 3261 1317 3319 ἴδιον
1365 3262 1546 3334 σῶμα,
1583 3263 1759 3318 καθά-

199 3370 282 3424 περ
302 3372 347 3408 τι
368 3356 506 3428 θῦμα
560 3356 878 3428 προσάγων
930 3355 1188 3428 ἄμωμον,
1227 3357 1315 3411 ἵνα
1354 3356 1565 3421 πάντας
1613 3358 1763 3429 ἡμᾶς

201 3446 252 3498 δι’
292 3448 427 3502 αὑτοῦ
461 3448 781 3522 καθαρίσῃ.
813 3450 913 3503 Ἂν
960 3450 1144 3504 τοίνυν
1190 3450 1417 3522 λέγηται
1448 3451 1578 3522 περὶ
1630 3451 1761 3506 Υἱοῢ

204 3537 275 3588 ὅτι
301 3540 457 3607 γέγονε
497 3541 735 3608 πιστὸς,
777 3542 859 3595 ὅτι
889 3542 1115 3612 γέγονεν
1165 3543 1487 3610 ἀπόστολος,
1538 3544 1762 3615 γέγονεν

201 3630 462 3702 ἀρχιερεὺς,
492 3637 578 3708 μὴ
617 3636 775 3691 κατὰ
821 3635 924 3706 τῆς
968 3637 1157 3703 οὐσίας
1188 3637 1355 3692 αὑτοῦ
1405 3639 1657 3710 φερέσθω
1702 3639 1764 3694 τὸ

189 3724 333 3795 ῥῆμα,
373 3728 504 3784 ἀλλὰ
552 3729 714 3783 κατὰ
760 3731 863 3802 τῆς
904 3729 1016 3784 τῶν
1067 3733 1410 3805 πραγμάτων
1453 3737 1761 3807 ποιότητος.

192 3817 377 3891 Ἐπειδὴ
396 3822 494 3875 καὶ
510 3820 760 3886 Παῦλος,
800 3821 1093 3894 ἄνθρωπος
1121 3824 1198 3880 ὢν
1219 3827 1314 3879 καὶ
1343 3826 1607 3898 ὑπάρχων
1632 3828 1758 3900 ἤδη,

168 3909 370 3978 γέγονεν
401 3914 745 3979 ἀπόστολος,
784 3914 882 3969 καὶ
920 3917 1129 3988 Μωσῆς
1155 3917 1416 3983 ὡσαύτως
1444 3921 1638 3989 γέγονε
1668 3938 1761 3974 πι-

163 4003 274 4067 στὸς
299 4006 356 4061 ἐν
403 4006 524 4077 ὅλῳ
563 4007 650 4077 τῷ
702 4005 842 4079 οἴκῳ
872 4007 1065 4074 αὑτοῦ,
1107 4011 1203 4065 καὶ
1241 4009 1455 4082 Ἀαρὼν
1496 4012 1761 4077 ὡσαύτως

157 4092 363 4161 γέγονεν
398 4099 718 4172 ἀρχιερεὺς
764 4100 823 4154 ἐν
855 4100 1036 4171 ἐαυτῷ
1065 4102 1159 4156 καὶ
1198 4103 1369 4159 πάλαι
1396 4103 1488 4159 τὸν
1528 4106 1763 4179 Σωτῆρα

159 4190 390 4260 μορφῶν.
423 4191 657 4263 Ὄνπερ
690 4194 804 4265 γὰρ
829 4194 1034 4267 τρόπον
1063 4196 1091 4248 6
1127 4195 1337 4270 Ἀαρὼν
1365 4195 1465 4251 οὐκ
1494 4198 1760 4271 ἐγεννήθη

157 4278 246 4348 μὲν
270 4282 608 4354 ἀρχιερεὺς,
646 4283 868 4349 πολλοῖς
892 4284 951 4339 δὲ
986 4284 1214 4358 ὕστερον
1244 4288 1458 4360 χρόνοις
1479 4290 1640 4344 τοῦτο
1670 4291 1763 4360 γέ-

150 4385 284 4441 γονε,
314 4373 415 4428 τὸν
450 4374 676 4447 ⁴ποδήρη
728 4376 1183 4450 περιϐαλόμενος,
1220 4380 1317 4435 καὶ
1349 4381 1448 4456 τὴν
1486 4381 1763 4453 ἐπωμίδα,

150 4466 237 4568 καὶ
262 4465 334 4519 τὰ
360 4465 516 4522 ἄλλα
547 4466 657 4537 τῆς
704 4468 993 4541 ἱερατικῆς
1032 4471 1260 4544 ἐσθῆτος
1294 4473 1572 4545 σχήματα,
1615 4473 1761 4546 ἅπερ
1791 4527 1837 4582 D

147 4548 211 4625 ἦν
233 4557 379 4630 ἔργα
440 4561 770 4630 γυναικῶν·
821 4564 913 4618 τὸν
944 4564 1111 4620 αὑτὸν
1142 4566 1209 4638 δὴ
1262 4569 1467 4639 τρόπον
1513 4567 1608 4621 καὶ
1666 4567 1761 4620 ἐπὶ

150 4649 406 4722 Χριστοῦ.
449 4649 566 4708 Ἦν
612 4654 714 4726 μὲν
753 4655 864 4728 γὰρ
887 4656 917 4709 6
952 4657 1127 4727 Λόγος
1158 4660 1218 4713 ὲν
1266 4661 1433 4733 ἀρχῇ,
1474 4659 1657 4732 πολλῷ
1701 4660 1760 4714 δὲ

154 4739 373 4816 ὕστερον
406 4747 601 4818 χρόνῳ
632 4748 860 4817 γέγονεν
880 4751 1025 4822 ὑπὲρ
1050 4752 1209 4824 ήμῶν
1235 4753 1548 4825 ἀρχιερεὺς,
1571 4753 1763 4827 ὥσπερ

152 4837 265 4890 τινὰ
312 4839 549 4911 ποδήρη
586 4839 679 4894 τὸν
723 4842 790 4895 ὲκ
829 4845 1089 4913 γυναικὸς
1135 4845 1423 4917 ἄνθρωπον
1469 4848 1590 4920 ἦτοι
1637 4849 1763 4904 ναὸν

161 4928 450 4986 ἀναλαϐών
477 4949 492 4964 ’
530 4933 623 4989 ἵνα
665 4933 745 5006 τῷ
780 4935 895 5007 ἰδίῳ
930 4938 1125 5008 αἵματι
1176 4939 1451 5015 καθαρίσῃ
1487 4941 1583 4996 τὸν
1611 4942 1761 5010 λαὸν,

164 5022 341 5079 lautos:
393 5028 798 5097 προσενεγκὼν
849 5030 925 5094 ὡς
980 5030 1152 5102 ἀμνὸν
1203 5031 1437 5105 ἄμωμον
1481 5034 1559 5106 τῷ
1604 5035 1760 5107 Θεῷο

168 5131 187 5164 ι
218 5116 286 5169 οι
318 5119 443 5190 γὰρ
484 5120 749 5191 ἐποίησεν
783 5123 1080 5195 ἁμαρτίαν,
1120 5126 1242 5180 οὐδὲ
1284 5127 1483 5201 εὑρέθη
1521 5129 1670 5194 δόλος
1705 5132 1764 5185 ἐν

153 5205 224 5275 τῷ
262 5211 512 5281 στόματι
545 5212 739 5267 αὑτοῦ.
781 5234 801 5269 ι

154 5326 279 5377 ὀτι
312 5326 512 5401 οὐδέν
531 5327 743 5401 ἕτερον
773 5333 1101 5400 σημαίνειν
1131 5336 1424 5400 βούλεται
1444 5335 1511 5390 τὸ
1552 5338 1761 5401 πιστὸς,

444 5398 483 5465 ἧ
526 5399 617 5453 ὅτι
656 5398 912 5473 ἀληθινός
950 5406 1051 5459 καὶ
1094 5398 1475 5471 ἀναλλοίωτος.

222 5511 438 5577 Πιστὸς
468 5516 497 5568 ὀ
529 5515 723 5588 Σωτὴρ
757 5518 1002 5573 καλεῖται
1026 5520 1271 5587 δικαίως,
1300 5523 1432 5593 μίαν
1459 5523 1600 5595 ὑπὲρ
1624 5525 1760 5578 πάν-

1862 3252 2028 3307 veluti
2063 3255 2462 3312 immaculatam
2509 3259 2801 3329 quamdam
2877 3262 3108 3316 hostiam
3153 3263 3447 3329 adducens,

1864 3354 1923 3397 ut
1953 3360 2144 3401 omnes
2179 3363 2278 3404 nos
2307 3363 2404 3418 per
2437 3350 2615 3419 ipsum
2651 3355 2953 3408 mandaret.
2982 3352 3040 3408 Si
3070 3369 3200 3421 ergo
3260 3356 3325 3409 dc
3362 3354 3452 3409 Fi-

1864 3433 1936 3490 lio
1963 3436 2183 3503 dicitur,
2213 3441 2358 3510 quod
2396 3437 2571 3497 factus
2614 3441 2690 3496 sit
2735 3441 2935 3512 ﬁdelis,
2963 3445 3104 3514 quod
3138 3443 3317 3500 factus
3379 3448 3452 3501 sit

1863 3528 2161 3597 apostolus,
2194 3531 2369 3587 factus
2385 3533 2628 3604 pontifex
2653 3553 2668 3604 ;
2696 3551 2805 3593 non
2832 3537 2898 3593 ad
2940 3540 3234 3595 essentiam
3281 3525 3452 3609 ipsius

1863 3623 2066 3678 dictum
2095 3625 2437 3683 referendum
2462 3641 2565 3696 est,
2603 3633 2697 3688 sed
2724 3635 2792 3689 ad
2822 3634 3138 3704 qualitatem
3170 3638 3339 3714 214,
3362 3653 3450 3693 re-

1864 3730 2008 3770 rum.
2084 3715 2368 3790 Siquidem
2400 3729 2457 3776 et
2478 3720 2676 3779 Paulus
2705 3723 2868 3780 homo
2893 3740 3014 3781 cum
3046 3739 3211 3795 esset,
3251 3741 3305 3783 et
3338 3729 3450 3796 jam

1863 3811 2173 3878 exsisteret,
2206 3811 2381 3869 factus
2407 3823 2491 3870 est
2510 3816 2785 3885 apostolus
2814 3838 2827 3873 :
2858 3828 2913 3873 et
2934 3819 3113 3876 Moses
3136 3821 3323 3875 eadem
3356 3837 3451 3874 ra-

1866 3904 2012 3961 tione
2043 3905 2224 3962 factus
2253 3916 2336 3963 est
2366 3908 2562 3974 ﬁdelis,
2600 3910 2654 3965 in
2687 3921 2800 3966 tota
2837 3910 3000 3966 domo
3021 3914 3141 3982 ejus
3176 3913 3247 3965 ³³.
3275 3910 3451 3966 Simili

1864 4000 2027 4055 modo
2055 4001 2221 4055 etiam
2248 4000 2427 4056 Aaron
2474 4000 2651 4058 factus
2702 4013 2788 4058 est
2837 4002 3104 4073 pontifex,
3150 4004 3450 4060 Salvatoris

1866 4102 2050 4162 typum
2081 4093 2195 4163 jam
2244 4093 2375 4146 olim
2428 4092 2481 4146 in
2550 4108 2611 4150 se
2655 4094 2921 4151 referens.
2979 4096 3448 4163 Quemadmodum

1864 4183 2007 4238 enim
2043 4185 2226 4239 Aaron
2257 4199 2363 4238 non
2394 4192 2477 4238 est
2504 4193 2664 4240 natus
2692 4184 3058 4255 pontifex,sed
3098 4187 3281 4241 multis
3297 4198 3450 4258 post-

1865 4291 1929 4332 ea
1982 4277 2314 4345 temporibus
2362 4275 2415 4332 id
2445 4276 2620 4333 factus
2647 4290 2754 4346 est,
2794 4278 3017 4341 talarem
3046 4291 3252 4336 vestem
3290 4281 3453 4336 indu...

1867 4381 1976 4439 tus,
2005 4381 2054 4427 et
2082 4373 2549 4443 superhumerale,
2578 4373 2898 4443 reliquaque
2942 4374 3269 4445 pontificalis
3291 4375 3449 4432 babi-

1867 4473 1955 4518 tus
1985 4476 2305 4520 ornamenta
2337 4480 2368 4519 a
2391 4466 2708 4523 mulieribus
2731 4466 2979 4523 confecta
3010 4487 3026 4524 :
3088 4470 3231 4525 idem
3291 4471 3453 4542 plane

1866 4558 1934 4613 de
1953 4542 2173 4612 Christo
2201 4557 2366 4612 etiam
2396 4562 2724 4615 censendum
2747 4568 2850 4616 est.
2888 4561 3015 4618 Erat
3038 4565 3182 4617 enim
3214 4564 3450 4620 Verbum

1865 4655 1919 4710 in
1948 4655 2219 4727 principio
2254 4672 2270 4712 :
2323 4654 2508 4710 multis
2533 4668 2665 4708 vero
2689 4663 2878 4722 postea
2899 4656 3232 4724 temporibus
3277 4656 3451 4711 factus

1864 4758 1947 4806 est
1980 4764 2078 4819 pro
2103 4746 2260 4803 ndbis
2286 4745 2550 4818 pontifex,
2575 4746 2848 4800 hominem
2879 4760 2947 4801 ex
3004 4747 3232 4803 muliere
3286 4749 3449 4803 veluti

1869 4844 2093 4901 talarem
2123 4852 2328 4898 vestem
2358 4843 2473 4898 sive
2512 4838 2767 4911 templum
2801 4854 3109 4907 assumens,
3144 4852 3201 4896 ut
3229 4844 3453 4910 proprio

1865 4954 1964 4994 suo
1993 4937 2257 5005 sanguine
2286 4934 2539 5004 populum
2571 4933 2883 4998 mandaret,
2911 4943 2969 4988 ut
2991 4934 3228 5003 seipsum
3286 4938 3454 4989 vcluti

1864 5047 2062 5104 agnum
2110 5030 2517 5086 immaculatum
2585 5027 2694 5084 Deo
2732 5026 2997 5085 offerret:
3034 5047 3055 5081 ι
3094 5026 3283 5097 Neque
3305 5031 3450 5084 cnim

1868 5126 1996 5181 fecit
2049 5134 2353 5194 peccatum,
2408 5136 2585 5191 neque
2629 5121 2885 5197 inventus
2943 5130 3025 5178 est
3051 5120 3206 5177 dolus
3242 5122 3295 5176 in
3359 5137 3460 5178 οισι·

1864 5218 1981 5288 ejus
2008 5218 2073 5273 ".
2118 5236 2140 5269 ι

1867 5333 2021 5400 Quod
2054 5330 2225 5388 ﬁdelis
2257 5328 2390 5385 nihil
2413 5327 2562 5384 aliud
2590 5330 2843 5399 signiﬁcet
2873 5346 3036 5399 quam
3087 5345 3249 5386 verus
3301 5341 3458 5401 atque

2470 5401 2842 5455 immutabilis.

1938 5519 2198 5577 Servatur
2227 5527 2413 5574 noster
2449 5516 2644 5572 merito
2666 5527 2893 5572 vocatur
2925 5517 3117 5581 ﬁdelis,
3141 5517 3340 5587 quippe
3361 5518 3454 5588 qui

150 5617 264 5657 των
321 5602 517 5661 θυσίαν
566 5610 974 5679 προσενεγκὼν,
1019 5613 1120 5685 τὴν
1176 5614 1346 5687 αὐτὴν
1397 5615 1485 5669 ἀεὶ
1523 5615 1618 5670 καὶ
1665 5617 1760 5670 οὐκ

1870 5627 2029 5669 unam
2059 5625 2159 5682 pro
2180 5611 2437 5669 omnibus
2468 5608 2703 5665 hostiam
2727 5607 2942 5673 obtulit,
2968 5624 3089 5678 qua:
3120 5622 3336 5679 semper
3361 5622 3457 5662 ea-

237 5768 493 5848 “fecle.
525 5788 625 5835 xu.
656 5775 743 5841 μ.
823 5725 869 5808 ’ᾧ
904 5776 1059 5848 Ιίοιρη.
1084 5795 1139 5841 v,
1173 5780 1264 5834 ΞΩ.
1344 5781 1390 5813 ⁵ο
1422 5782 1668 5841 unum”.
1706 5781 1760 5839 ιδ

1870 5779 1899 5838 ι.
1980 5781 2049 5813 ⁸⁸³⁵
2074 5777 2113 5834 ll
2138 5776 2283 5833 Tim;
2313 5770 2461 5842 mi;
2534 5774 2572 5805 "
2612 5769 2767 5829 Joan.
2797 5787 2835 5842 ι,
2870 5771 2953 5826 li.
3029 5773 3097 5803 δι’
3123 5768 3282 5826 Joan.
3315 5782 3452 5833 λιιι,

171 5840 223 5892 ὅ·
302 5840 352 5874 ⁸³
377 5844 532 5902 Num.
576 5840 685 5906 xu,
714 5848 770 5903 7.
847 5840 1208 5913 ⁸³1Ρειν1ι,
1240 5852 1334 5909 ‘32.
1662 5840 1665 5841 ν

484 5941 768 6005 Ῥηιιοι..
818 5941 940 6005 Gn.
994 5944 1249 6008 LXXV.
1720 6032 1721 6035 η

2054 6022 2079 6028 ρ
2452 6018 2517 6031 ..ι
