4026 6434
463 347 564 401 367
1455 345 1510 400 S.
1555 342 1829 400 CYllILLl
1870 300 2349 396 i’lLEXANDRlNl
2386 336 2711 392 ARCHIEP.
3632 345 3742 400 363

465 482 646 532 tuum,
696 481 920 537 regnum
967 464 1207 521 omnium
1256 433 1570 518 saeculorum
1602 462 1745 516 ".1
1797 460 1853 515 Si
1909 473 2036 529 ergo

2153 455 2422 520 ὂασιλείας
2454 473 2570 510 σου.
2600 474 2620 507 ι
2655 453 2767 508 Καὶ
2799 454 2959 509 πάλιν
2981 469 2992 483 ·
3033 473 3050 505 ι
3094 456 3158 509 ’11
3195 455 3440 526 βασιλεία
3478 477 3593 527 σου,
3637 463 3743 532 βα-

465 559 624 612 etiam
666 569 792 612 ante
833 556 1265 612 incarnationem
1299 552 1531 608 Verbum
1572 551 1665 605 Dei
1701 559 1821 606 erat
1858 566 1951 606 rex
1987 559 2043 604 et

2155 545 2323 599 σιλεία
2351 546 2570 601 πάντων
2599 545 2708 600 τῶν
2735 544 2968 600 αἰώνων.
2993 565 3011 599 ι
3054 547 3116 601 Εἰ
3161 549 3340 602 τοίνυν
3381 552 3475 606 καὶ
3504 552 3609 622 πρὸ
3639 555 3745 623 τῆς

465 647 758 712 Dominus,
797 646 1069 715 quomodo
1110 659 1214 698 non
1260 643 1304 698 is
1334 642 1699 711 blasphemus
1740 641 2044 696 censendus

2153 639 2481 710 σαρκώσεως
2525 637 2780 710 βασιλεύς
2823 654 2884 690 τε
2929 638 3024 692 καὶ
3061 638 3266 710 Κύριος
3296 638 3364 712 ἦν
3399 642 3428 694 6
3467 639 3562 698 τοῦ
3599 643 3743 697 Θεοῦ

464 742 533 793 sit
573 741 664 809 qui
701 739 900 794 factum
929 751 1054 794 esse
1093 736 1160 791 de
1215 734 1453 790 essentia
1487 735 1911 804 interpretetur?
1939 733 2040 788 Fa-

2157 734 2350 803 Λόγος,
2389 731 2507 796 πῶς
2531 731 2639 810 ,οὐκ
2667 731 2732 786 ἄν
2773 748 2857 795 τις
2895 731 3080 803 ἔνοχος
3117 734 3201 805 εἴη
3242 737 3355 798 τοῖς
3394 738 3494 806 τῆς
3531 735 3747 808 δυσφη-

466 845 584 889 ctus
606 836 750 888 enim
781 842 864 887 est
889 835 1074 885 noster
1099 827 1389 893 Dominus,
1422 843 1546 884 cum
1577 827 1726 882 illum
1757 827 1922 882 talem
1949 842 2044 881 co-

2159 826 2278 896 μίας
2307 826 2647 899 ἐγκλήμασι,
2685 825 2828 879 κατὰ
2864 825 2964 896 τῆς
3007 825 3196 890 οὐσίας
3239 826 3404 880 αὑτοῦ
3446 828 3626 899 φέρων
3676 829 3749 882 τὸ

465 926 771 997 gnovimus,
791 924 1032 992 quando,
1065 920 1320 986 omnibus
1348 920 1507 976 nobis
1535 921 1797 992 sanguine
1825 935 1925 975 suo
1955 933 2044 974 re-

2159 917 2518 988 πεποιῆσθαι;
2548 916 2744 984 Γέγονε
2778 915 2888 985 γὰρ
2930 917 3091 988 ἡμῶν
3119 915 3322 988 Κύριος
3358 919 3749 988 cavsasva-

464 1018 716 1086 demptis,
746 1015 1054 1072 declaratus
1082 1023 1167 1071 est
1195 1013 1448 1069 Christus
1475 1023 1530 1068 et
1560 1012 1841 1068 Dominus.

2159 1010 2323 1064 κότων
2365 1009 2458 1064 τὸν
2490 1007 2702 1062 ἑαυτῶν
2734 1008 3162 1079 Δεσπότην,.ὃτε
3204 1008 3282 1080 τῷ
3323 1010 3508 1081 οἰκείῳ
3544 1011 3749 1082 αἵματι

2083 1145 2087 1150 .
2149 1103 2358 1167 πάντας
2388 1100 2687 1173 ἀγοράσας,
2712 1101 2993 1173 ἀνεδείχθη
3016 1099 3262 1173 Χριστὸς
3289 1103 3383 1156 καὶ
3417 1103 3640 1175 Κύριος.

587 1216 750 1287 217
783 1215 934 1271 Idem
963 1215 1144 1283 aliter,
1174 1215 1410 1286 exemplo
1444 1234 1476 1270 a
1507 1218 1656 1272 nobis
1683 1227 1911 1289 sumpto.
2153 1213 2177 1264 νη

2162 1213 2388 1278 Ἄλλως
2447 1211 2516 1265 τὸ
2561 1211 2738 1277 αὐτὸ,
2785 1210 2857 1266 ἐκ
2900 1211 3020 1266 τῶν
3077 1215 3206 1268 καθ’
3263 1212 3421 1285 ἡμᾶς
3475 1217 3624 1286 ἕχον
3675 1218 3752 1272 τὸ

2769 1281 3122 1338 ὑπόδειγμα.

2813 1299 3122 1354 ποοίειγμα.

533 1395 594 1453 Si
635 1395 703 1450 de
748 1394 965 1450 homine
1006 1393 1186 1463 aliquo
1228 1394 1498 1449 diceretur
1538 1393 1780 1449 :Factus
1820 1403 1906 1450 est
1946 1395 2048 1452 iste

2233 1394 2297 1446 El
2346 1393 2434 1448 ἐπ’
2479 1393 2773 1466 ἀνθρώπου
2831 1393 3046 1463 λέγοιτο
3108 1397 3308 1468 τυχόν
3359 1400 3590 1470 Γέγονεν
3651 1404 3746 1457 ὅδε

463 1487 629 1555 hujus
649 1485 1012 1556 possessionis
1043 1484 1297 1540 dominus
1333 1502 1347 1540 :
1381 1485 1506 1554 quis
1535 1485 1670 1541 adeo
1693 1484 1896 1541 delirus
1926 1485 2046 1542 fue-

2161 1485 2307 1540 τοῦδε
2339 1486 2434 1541 τοῦ
2486 1489 2768 1559 κτήματος
2812 1489 3034 1558 κύριος,
3079 1489 3163 1552 τίς
3201 1491 3377 1556 οὕτως
3412 1493 3478 1547 ἂν
3517 1496 3604 1566 εἴη
3641 1497 3751 1567 λης

463 1579 556 1644 rit,
585 1587 644 1632 ut
672 1587 783 1632 tum
813 1575 1174 1632 substantiam
1204 1575 1348 1632 illius
1374 1575 1572 1632 factam
1599 1591 1722 1632 esse
1749 1577 2046 1644 existimet,

2165 1577 2282 1647 ρῶν,
2313 1578 2389 1642 ὡς
2413 1579 2536 1632 τότε
2566 1579 2664 1648 τὴν
2690 1578 2879 1632 οὐσίαν
2906 1579 3072 1634 αὑτοῦ
3107 1583 3440 1654 πεποιῆσθαι
3475 1586 3755 1659 νομίζειν,

464 1670 684 1742 quando
714 1669 1022 1724 declaratus
1051 1676 1135 1724 est
1162 1667 1393 1738 alicujus
1423 1668 1501 1722 rei
1530 1669 1818 1723 dominus?
1846 1667 2048 1726 Factus

2159 1670 2240 1724 ὅτε
2272 1671 2366 1724 καὶ
2394 1669 2582 1742 κύριος
2613 1671 2830 1743 ἐδείχθη
2862 1672 3042 1738 τινός;
3087 1673 3288 1742 Γέγονε
3315 1676 3425 1750 γὰρ
3452 1678 3554 1732 οὐκ
3583 1680 3749 1745 αὐτὸς

463 1765 609 1820 enim
646 1772 730 1819 est
769 1777 874 1816 non
913 1763 1056 1830 quod
1101 1769 1216 1816 tum
1261 1759 1558 1814 exsistendi
1600 1760 1815 1815 initium
1856 1771 2049 1817 nactus

2164 1762 2232 1825 εἰς
2260 1762 2518 1817 σύστασιν
2543 1761 2636 1816 τοῦ
2664 1759 2805 1817 εἶναι
2830 1763 2951 1818 τότε
2982 1765 3282 1836 προελθὼν,
3315 1769 3428 1822 ἀλλ’
3451 1771 3542 1839 ὑφ’
3565 1772 3754 1844 ἑαυτῷ

464 1857 556 1922 sit,
588 1855 679 1911 sed
708 1852 854 1924 quod
885 1823 1088 1921 aliquid
1119 1851 1172 1905 in
1205 1865 1359 1906 suam
1393 1860 1716 1920 potestatem
1751 1853 2046 1936 reduxerit.

2158 1823 2224 1906 τιή
2247 1854 2637 1925 ποιησάμενος.
2689 1853 2847 1908 Οὕτω
2895 1872 2985 1926 μοι
3029 1823 3145 1910 νόει
3199 1823 3294 1912 καλ.
3339 1861 3431 1913 ἐπὶ
3481 1823 3748 1934 ἀριστοὖῖ

464 1949 542 2004 lta
581 1948 745 2004 etiam
786 1947 852 2002 de
888 1944 1106 2000 Christo
1142 1944 1488 2016 cogitandum
1527 1953 1630 2001 est.
1670 1944 2051 2002 Serviebamus

2166 1941 2548 2012 Ἐδουλεύομεν
2579 1942 2748 1996 πάλαι
2780 1945 2894 2008 τοῖς
2927 1946 3006 2016 μὴ
3035 1941 3156 1999 οὖσι
3197 1945 3370 2013 θεοῖς·
3404 1951 3753 2024 ὑπεκεεμεθα

462 2041 592 2096 olim
631 2037 780 2093 falsis
815 2037 941 2101 diis,
976 2045 1032 2093 et
1066 2035 1406 2107 corruptioui
1443 2035 1664 2091 obnoxii
1702 2051 1958 2102 eramus;
1996 2046 2052 2090 at

2161 2035 2219 2106 τῇ
2260 2034 2434 2105 φθορᾷ
2457 2051 2470 2065 °
2502 2033 2642 2089 ἀλλὰ
2685 2034 2912 2104 γέγονεν
2954 2037 3243 2110 ἄνθρωπος
3271 2040 3300 2093 6
3334 2041 3428 2094 τοῦ
3468 2042 3603 2098 Θεοῦ
3645 2048 3751 2099 Λό-

462 2123 558 2187 Dei
576 2126 815 2184 Verbum
842 2141 910 2182 ex
937 2126 1276 2197 beneplacito
1302 2124 1482 2180 Patris
1512 2123 1713 2180 factum
1743 2137 1827 2181 est
1855 2127 2048 2193 homo,

2162 2143 2248 2195 γος
2280 2126 2673 2198 εὐδοκήσαντος
2699 2128 2793 2182 τοῦ
2828 2129 3060 2201 Πατρὸς,
3099 2131 3188 2187 ἵνα
3223 2133 3324 2206 τῆς
3356 2135 3565 2207 πλάνης
3597 2141 3752 2210 ἡμᾶς

463 2231 522 2279 ut
561 2220 718 2278 nobis
750 2218 817 2274 ab
850 2231 1038 2273 errore
1073 2216 1323 2272 abductis
1358 2215 1456 2271 fiat
1489 2216 1730 2272 omnium
1766 2216 2048 2272 Dominus.

2158 2217 2475 2282 ἀπαλλάξας
2515 2218 2744 2290 γένηται
2785 2220 3004 2277 πάντων
3037 2221 3264 2294 Κύριος.
3292 2226 3514 2300 Ἔχρισε
3543 2229 3600 2283 δὲ
3645 2233 3748 2286 σὺ·

463 2313 632 2370 Unxit
664 2325 791 2366 vero
822 2310 996 2380 ipsum
1031 2307 1213 2374 Pater,
1245 2317 1303 2364 ut
1337 2324 1432 2380 per
1460 2309 1638 2378 ipsum
1670 2309 1749 2364 vis
1783 2323 1848 2365 ac
1878 2312 2053 2365 virtus

2153 2305 2246 2361 τὸν
2275 2310 2304 2362 6
2335 2308 2550 2380 Πατὴρ,
2596 2310 2684 2364 ἵνα
2729 2309 2800 2363 δι’
2835 2311 2999 2366 αὐτοῦ
3042 2312 3225 2386 φθάσῃ
3267 2315 3361 2369 καὶ
3406 2317 3487 2380 εὶς
3526 2319 3676 2390 ἡμᾶς
3711 2325 3740 2391 ἡ

463 2404 721 2476 ungentis
763 2403 929 2457 etiam
975 2402 1029 2456 in
1075 2416 1175 2457 nos
1218 2401 1549 2470 perveniret.
1594 2398 1731 2456 Nam
1775 2402 1833 2456 in
1877 2401 2053 2471 primo

2154 2399 2249 2454 τοῦ
2280 2399 2567 2472 χρίσαντος
2591 2400 2840 2472 δύναμις.
2863 2403 3062 2471 Γέγονε
3085 2405 3194 2476 γὰρ
3215 2406 3272 2461 ὲν
3297 2408 3740 2483 πρώτῳΧριστῷ

463 2498 679 2553 Christo
709 2505 920 2550 natura:
952 2503 1154 2550 nostra:
1183 2493 1324 2548 bona
1357 2493 1659 2549 instaurata
1687 2502 1833 2562 sunt,
1867 2492 2051 2549 factae-

2161 2491 2226 2546 τὰ
2270 2492 2370 2564 τῆς
2414 2491 2631 2562 φύσεως
2655 2493 2812 2564 ἡμῶν
2843 2494 3045 2564 ἀγαθὰ,
3078 2497 3173 2551 καὶ⁵
3199 2499 3426 2571 ἀπαρχὴ
3453 2500 3562 2555 τῶν
3589 2501 3751 2557 θείων

463 2605 569 2661 que
595 2597 720 2645 sunt
745 2586 902 2644 nobis
930 2585 1185 2657 primitiae
1214 2585 1524 2641 divinorum
1555 2585 1822 2641 donorum
1855 2586 1908 2640 in
1938 2586 2053 2657 ipso

2163 2585 2290 2654 ἡμῖν
2311 2585 2670 2656 χαρισμάτων
2693 2586 2750 2639 ὲν
2778 2585 2928 2657 αὑτῷ
2961 2587 3054 2641 καὶ
3080 2587 3146 2641 δι’
3181 2588 3344 2644 αὑτοῦ
3373 2591 3447 2657 ὡς
3473 2592 3753 2668 ἀνθρώπῳ

463 2695 519 2741 et
554 2699 650 2756 per
681 2685 889 2754 ipsum,
923 2691 984 2756 ut
1020 2681 1074 2737 in
1116 2680 1337 2737 homine
1366 2691 1422 2737 et
1457 2694 1487 2736 a
1529 2680 1638 2737 Deo
1669 2697 1686 2736 :
1720 2680 1864 2736 Deus
1909 2679 2053 2737 enim

1765 2695 1864 2736 eus
1909 2679 2055 2737 enim
2157 2676 2254 2730 καὶ
2290 2677 2441 2748 παρὰ
2473 2677 2642 2732 Θεοῢο
2674 2677 2810 2743 Θεὸς
2841 2681 2950 2753 γὰρ
2979 2676 3045 2754 ἦν
3075 2682 3133 2737 ὲν
3169 2685 3355 2756 σαρκί.

465 2787 586 2836 erat
612 2779 666 2834 in
699 2790 886 2834 carne.

1070 2885 1230 2942 ~1dettt
1261 2885 1438 2942 aliter.

2688 2881 2917 2948 Ἄλλως
2957 2883 3021 2937 τὸ
3059 2885 3226 2939 αὐτό.

535 2983 939 3064 Beatus-David
966 3001 1286 3058 alicubi-ita
1327 3001 1508 3072 psallit
1551 3019 1564 3055 ε
1599 3019 1626 3054 ι
1665 2999 1796 3057 Fias
1832 3001 1963 3058 mihi
1988 3002 2056 3056 'in

2230 2991 2440 3047 Ψάλλει
2477 3007 2580 3046 που
2620 2991 2713 3046 καί
2754 3009 2923 3064 φησιν
2964 2995 2992 3048 6
3046 2995 3321 3066 μακάριος
3365 2999 3562 3055 Aa6i6'
3604 3004 3757 3058 «Γε-

467 3103 636 3159 Deum
669 3106 1030 3171 protectorem
1055 3097 1136 3161 ης
1159 3115 1178 3148 ι
1203 3105 1260 3151 et
1294 3110 1510 3150 rursum
1547 3112 1561 3150 :
1592 3112 1622 3146 4
1661 3095 1731 3149 Et
1767 3094 1948 3152 factos
1973 3105 2057 3151 est

2172 3084 2254 3140 νοῦ
2299 3101 2389 3156 μοι
2407 3083 2661 3149 σείς-Θεὸν
2689 3085 3106 3158 ὑπερασπιστήν
3131 3105 3143 3118 ⁶
3175 3091 3324 3144 »ικαὶ
3356 3092 3557 3147 πάλινσ
3593 3114 3612 3148 ι
3643 3099 3762 3152 Καὶ

466 3167 729 3254 Dominus
774 3191 1039 3263 refugium
1083 3189 1308 3262 pauperi
1333 3189 1402 3244 ⁷³.
1448 3207 1467 3241 ι
1497 3187 1788 3244 «Οωιθι-υιη
1835 3189 1889 3243 in
1933 3188 2052 3256 his,

2172 3178 2378 3250 ἐγένετο
2407 3178 2930 3253 Κύριοςρκαταφυγὴ
2960 3182 3039 3253 τῷ
3073 3182 3284 3255 πένητι.
3315 3204 3334 3238 ι
3376 3187 3515 3241 Ἀλλ’
3549 3191 3608 3243 ἐν
3639 3192 3762 3245 τού-

467 3302 628 3344 nemo
642 3294 790 3343 certe
801 3284 1000 3340 dixerit
1012 3283 1181 3342 Deum
1198 3292 1310 3337 tum
1324 3281 1556 3351 coepisse
1565 3296 1630 3337 es
1639 3281 1833 3337 sistere
1843 3281 2057 3352 quando

2173 3288 2295 3337 τοις,
2335 3270 2436 3325 οὐκ
2477 3269 2542 3326 ἄν
2580 3288 2666 3335 τις
2715 3270 2862 3326 εἴποι
2903 3273 3026 3327 τότε
3074 3275 3212 3346 πρὸς
3241 3277 3429 3332 οὐσίαν
3457 3280 3763 3353 κεκλῆσθαι

468 3379 644 3436 factus
680 3387 764 3434 est
798 3377 1067 3446 refugium
1107 3374 1354 3446 pauperi.
1393 3373 1624 3444 Semper
1657 3374 1801 3429 enim
1837 3374 1945 3430 hoc
1979 3374 2058 3444 ip-

2175 3363 2252 3417 τὸν
2288 3361 2444 3427 Θεὸν,
2474 3361 2564 3415 ὅτε
2596 3361 2674 3434 τῷ
2703 3362 2897 3435 πένητι
2929 3365 3122 3435 γέγονε
3143 3371 3466 3442 καταφυγή.
3502 3371 3618 3426 Ἀεὶ
3651 3375 3765 3448 γὰρ

469 3488 590 3530 sum
617 3470 912 3536 exsistens,
939 3483 1264 3539 semperque
1289 3481 1522 3523 servans
1546 3480 1854 3535 oppressos,
1883 3465 2059 3522 factus

2177 3456 2238 3510 iw
2273 3454 2432 3508 τοῦτο
2466 3455 2562 3510 ml.
2593 3453 2784 3520 σώζων
2831 3457 2960 3521 τοὺς
2992 3458 3406 3532 ἀδικουμένους,
3449 3465 3648 3533 γέγονε
3682 3470 3767 3538 τῷ

469 3573 559 3622 est
589 3563 780 3619 Davidi
815 3561 870 3617 in
913 3560 1080 3618 Deum
1119 3567 1524 3631 protectorem,
1561 3567 1617 3613 et
1653 3558 1876 3628 pauperi
1910 3557 2059 3614 refu-

2177 3546 2266 3616 aév
2293 3545 2461 3600 Aa6l6
2489 3548 2574 3610 εις
2607 3544 2742 3600 Θεὸν
2777 3547 3216 3622 ὑπερασπιστὴν,
3243 3551 3330 3623 τῷν
3353 3553 3409 3606 δὲ
3427 3553 3641 3627 πένητι
3674 3575 3767 3614 κα·

471 3657 644 3728 gium.
680 3653 1144 3721 Quemadmodum
1182 3653 1350 3723 igitur
1383 3651 1436 3706 id
1474 3651 1621 3722 quod
1655 3665 1872 3721 semper
1905 3659 2058 3716 erat,

2173 3640 2404 3710 εαφυγή.
2431 3639 2646 3711 Ὥσπερ
2670 3633 2764 3694 οὖν
2791 3639 2930 3712 ὅπερ
2953 3637 3022 3713 ἦν
3045 3643 3154 3708 ἀεὶ,
3180 3643 3339 3698 τοῦτο
3363 3645 3573 3716 γίνεται
3601 3651 3763 3707 πάλιν

471 3749 577 3804 hoc
605 3748 1002 3816 ipsum'rursus
1031 3745 1091 3800 fit
1123 3744 1352 3815 petenti,
1381 3753 1437 3798 et
1463 3743 1644 3799 oranti
1677 3760 1691 3796 :
1723 3743 1795 3796 ita
1823 3751 1876 3797 et
1904 3741 2061 3798 Chri-

2163 3732 2242 3804 τῷ
2283 3730 2526 3786 αἰτοῦντι
2575 3733 2671 3786 καὶ
2722 3735 3186 3806 προσευχομένῳο
3228 3736 3371 3792 οὕτω
3414 3740 3575 3796 καὶ-ὁ
3622 3744 3753 3814 Χρι·

472 3852 592 3897 stus
623 3856 746 3896 cum
782 3855 1001 3910 semper
1033 3839 1108 3894 sit
1142 3838 1402 3894 Dominus
1436 3845 1490 3893 et
1525 3851 1646 3901 rex,
1681 3844 1865 3907 utpote
1899 3835 2058 3903 Deus,

2165 3825 2320 3889 στὸς,
2366 3823 2572 3895 Κύριος
2612 3823 2688 3878 ὢν
2716 3825 2804 3879 del.
2847 3826 2942 3879 καὶ
2973 3825 3229 3896 βασιλεὺς
3269 3829 3346 3894 ὡς
3379 3831 3536 3896 Θεὸς,
3570 3833 3744 3902 γέγονε

473 3935 648 3989 factus
687 3941 773 3989 est
811 3933 976 3989 etiam
1021 3932 1074 3987 i-n
1119 3931 1278 3986 nobis
1323 3930 1609 3998 Dominus,
1646 3929 1863 4000 quando
1908 3931 2062 3986 dete‘

2165 3920 2259 3974 καὶ
2303 3921 2359 3974 ἐν
2395 3921 2527 3991 ἡμῖν
2573 3918 2810 3992 Κύριος,
2851 3922 2942 3975 ὅτε
2979 3921 3074 3976 τοῦ
3111 3923 3429 3994 συνέχοντος
3465 3929 3618 4000 ἡμᾶς
3646 3930 3755 3984 δια-

473 4035 680 4081 stantes
707 4024 1048 4097 tyrannidem
1078 4022 1276 4078 diaboli
1304 4038 1410 4094 qua
1440 4039 1538 4081 nos
1563 4023 1925 4095 opprimebat,
1940 4023 2062 4078 cla-

2170 4012 2323 4066 δόλου
2367 4013 2468 4082 τὴν
2507 4013 2801 4083 τυραννίδα
2853 4014 3218 4086 μισήσαντες,
3259 4017 3571 4090 έὸοήσαμεν
3626 4024 3760 4093 πρὸς

471 4121 740 4175 mavimus
767 4121 834 4175 ad
864 4119 1083 4175 Patrem
1115 4134 1131 4171 :
1166 4135 1185 4170 ι
1215 4117 1420 4173 Emitte
1449 4118 1630 4176 lumen
1661 4129 1812 4175 tuum
1841 4127 1896 4174 et
1919 4117 2061 4174 veri-

2173 4105 2255 4159 τὸν
2303 4104 2525 4176 Πατέρα
2548 4120 2561 4136 ο
2600 4123 2620 4157 ι
2667 4104 3083 4170 Ἐξαπόστειλον
3133 4108 3196 4162 τὸ
3230 4108 3348 4178 φῶς
3393 4127 3490 4165 σου
3519 4113 3634 4168 καὶ
3665 4116 3763 4186 τὴν

473 4221 642 4268 tatem
685 4222 832 4267 tuam
857 4213 927 4266 ".
977 4229 997 4264 ι
1040 4210 1151 4266 Deo
1188 4219 1370 4266 autem
1407 4225 1565 4267 sacra
1607 4209 1892 4280 Scriptum
1925 4223 2063 4280 opus

2178 4196 2426 4268 Ιιλήθειάν
2459 4213 2576 4251 σου.
2609 4216 2628 4249 ι
2663 4197 2784 4268 Θεῷ
2810 4198 2869 4252 δὲ
2896 4198 2959 4252 τὸ
3003 4197 3166 4271 ἔργον
3198 4201 3534 4276 ἀνατίθησιν
3557 4207 3600 4277 -ή
3645 4207 3768 4261 θεία

474 4301 973 4359 attribuit.-Omuia
1007 4302 1152 4357 enim
1188 4317 1309 4374 quae
1345 4303 1639 4357 humanam
1675 4311 1924 4358 naturam
1952 4317 2060 4359 ex-

2178 4289 2378 4362 Γραφή.
2426 4290 2613 4344 Πάντα
2647 4289 2758 4362 γὰρ
2795 4293 2898 4347 ὅσα
2929 4293 3030 4362 τὴν
3065 4291 3353 4364 ἀνθρώπου
3400 4295 3564 4365 φύσιν
3591 4297 3768 4364 ἐξάλ-

473 4397 698 4462 cedunt,
730 4409 892 4468 opera
927 4396 1022 4452 Dei
1054 4395 1249 4452 merito
1271 4401 1560 4450 vocantur.

2163 4380 2336 4449 λεται,
2363 4382 2794 4450 ταῦτα-δικαίως
2824 4383 2962 4456 ἔργα
2994 4384 3242 4440 καλεῖται
3271 4387 3429 4442 Θεοῦ.

770 4522 1349 4615 ASSERTIO
1419 4522 1753 4612 ΧΧΙΙ..
2096 4516 2142 4572 θ

1699 4523 1753 4610 ξ..
2096 4516 2142 4572 θ
2653 4497 3025 4596 ΛΟΓΟΣ
3097 4505 3289 4594 KB’.

476 4672 545 4731 In
574 4674 733 4750 illud,
763 4691 783 4725 ι
815 4673 892 4728 De
921 4674 1006 4728 die
1033 4681 1082 4728 et
1101 4673 1246 4750 liora
1273 4670 1376 4750 illa
1395 4672 1737 4750 uerno-nouit,
1768 4687 1860 4750 περ
1889 4674 2066 4745 angeli

2183 4667 2400 4750 E1616:
2441 4687 2462 4720 ε
2501 4667 2643 4750 ηερι
2697 4666 3096 4750 signiﬁcas
3148 4667 3388 4750 ἐκείνης
3434 4669 3533 4750 ἰαέ
3574 4667 3773 4750 ὧρας,

593 4735 864 4810 σωιοηιηι,
897 4760 1060 4814 neque
1089 4741 1293 4809 Filius,
1323 4741 1426 4795 nisi
1457 4739 1623 4796 Pater
1643 4741 1790 4797 solus
1813 4742 1882 4797 ".
1920 4761 1939 4796 ι
1963 4735 1987 4745 ⁷

2239 4738 2440 4814 οιξνᾷεὶς
2481 4735 2666 4814 older,
2709 4735 3236 4814 _oi‘)6é_ol_'dr_re.lot
3289 4735 3409 4792 τῶν
3467 4735 3772 4811 οὐραὶ·ὦῶ,

2237 4807 2381 4865 οὐδὲ
2407 4813 2440 4864 ὁ
2487 4809 2640 4876 Υἱὸς,
2667 4811 2722 4863 εὶ
2743 4808 2832 4878 μὴ
2856 4811 2890 4862 ό
2924 4807 3128 4877 Πατὴρ
3147 4809 3362 4879 μόνος.
3383 4827 3403 4861 ι

920 4918 1180 4989 Objectio
1211 4917 1603 4972 hareticorum.
2445 4921 2510 4976 14,1

2445 4921 2768 4988 Ἀντίθεσις
2793 4921 2864 4975 ἐκ
2879 4920 3014 4976 τῶν
3042 4920 3493 4992 Χριστομάχων.

548 5039 616 5092 At
657 5033 963 5107 quomodo,
1000 5032 1292 5102 inquiunt,
1327 5033 1434 5088 erit
1475 5032 1670 5090 similis
1709 5033 1881 5092 Filius
1918 5035 2067 5092 Patri

2241 5033 2352 5089 Καὶ
2384 5033 2523 5100 πῶς,
2563 5036 2750 5105 φασὶν,
2791 5035 2944 5090 ἔσται
2992 5037 3113 5090 κατ’
3141 5036 3330 5090 οὐσίαν
3360 5037 3547 5108 ὅμοιος
3579 5041 3608 5092 6
3644 5040 3779 5103 Υἱὸς

477 5129 774 5183 sectuulutn
821 5125 1144 5190 essentiam,
1183 5139 1307 5179 cum
1350 5125 1516 5182 'dlcat‘
1541 5126 1708 5197 218
1751 5142 1811 5183 se
1855 5130 2067 5184 nescire

2193 5125 2246 5197 εῷ
2279 5126 2476 5198 Πατρὶ,
2507 5127 2684 5196 λέγων
2714 5127 2790 5198 μὴ
2819 5126 3020 5182 εἰδέναι
3048 5127 3154 5199 τὴν
3188 5127 3406 5200 ἡμέραν
3439 5127 3543 5198 τῆς
3585 5146 3783 5183 συντε-

476 5220 618 5272 diem
655 5213 1149 5272 consummationis
1186 5213 1368 5268 saeculi
1404 5229 1419 5268 :
1459 5229 1620 5285 quem
1663 5216 1865 5287 alioqui
1909 5217 2066 5272 Pater

2191 5217 2318 5283 ,ιίας
2361 5217 2458 5272 τοῦ
2507 5218 2738 5283 αιῶνος·
2773 5217 2962 5272 καίτοι
3005 5217 3100 5272 τοῦ
3146 5217 3360 5289 Πατρὸς
3410 5218 3648 5286 εἰδότος,
3699 5220 3781 5283 ὣς

478 5309 884 5378 ηονῆ,-ιιιτὶρεε
913 5305 1148 5361 fatetur?
1175 5306 1364 5377 Magna
1392 5310 1539 5364 enim
1573 5309 1628 5364 in
1657 5309 1760 5365 hoc
1788 5310 2068 5366 dissimili-

2191 5327 2336 5382 ρησιν
2377 5311 2574 5379 αὐτός;
2609 5311 2754 5365 Πολὺ
2790 5310 2900 5383 γὰρ
2939 5313 2999 5365 ὲν
3041 5308 3218 5381 τούτῳ
3256 5310 3319 5364 τὸ
3359 5310 3618 5382 ἀνόμοιον
3651 5313 3781 5382 (pal-

481 5403 608 5458 tudo
629 5400 902 5464 cernitur,
935 5407 990 5454 et
1020 5401 1282 5456 naturalis
1313 5403 1560 5472 quaedam
1589 5402 1980 5474 discrepantia.

1589 5402 1980 5474 discrepantia.
2166 5403 2465 5469 νεται,.κα“ι
2497 5405 2704 5475 φυσική
2735 5419 2822 5466 τις
2854 5403 3161 5465 διάστασις.

979 5510 1186 5567 Salutio
1227 5513 1560 5582 objectiouis.

2667 5518 2828 5586 Πρὸς
2855 5517 3034 5574 τοῦτο
3064 5517 3267 5582 λύσις.

553 5623 611 5678 Si
643 5623 757 5694 ipse
783 5633 867 5682 est
892 5627 1142 5683 conditor
1164 5628 1512 5694 saeculorum,
1539 5637 1596 5683 et
1623 5637 1953 5698 temporum,
1981 5639 2068 5684 at-

2248 5631 2310 5684 Ei
2339 5629 2498 5696 αὐτός
2521 5632 2636 5686 ἐστι
2659 5632 2888 5704 ποιητὴς
2907 5631 3140 5697 αἰώνων,
3160 5629 3255 5682 καὶ
3280 5628 3507 5702 χρόνων,
3537 5630 3633 5686 καὶ
3661 5645 3778 5685 και-

553 5781 602 5816 ⁷⁸
629 5780 775 5840 'Psal.
801 5800 983 5858 cxur,
1017 5787 1113 5843 15.
1191 5787 1411 5845 7"Psth
1452 5802 1585 5854 xvu,
1625 5785 1710 5842 19.
1789 5789 1834 5823 ⁷⁵
1861 5783 2005 5842 Psal.
2041 5765 2112 5852 nt,

1877 5783 2005 5842 Psal.
2041 5765 2112 5852 ιιι,
2151 5784 2236 5842 lo.
2322 5794 2365 5826 ⁷⁵
2401 5794 2547 5850 Psal.
2585 5809 2719 5863 uti,
2758 5795 2810 5852 5.
2883 5796 2938 5871 ’⁷⁷
2973 5793 3166 5854 Matth.
3192 5812 3345 5866 utv,
3378 5797 3467 5858 36.
