  <div class='ocr_page' id='page_1' title='image "/cluster/home/n/w/nwhite01/storage/ocr_20150623/75:no.8/coo.31924054869767/192.png"; bbox 0 0 4026 6464; ppageno 0'>
   <div class='ocr_carea' id='block_1_1' title="bbox 254 397 2164 490">
    <p class='ocr_par' dir='ltr' id='par_1_1' title="bbox 254 397 2164 490">
     <span class='ocr_line' id='line_1_1' title="bbox 254 397 2164 490; baseline 0.007 -19"><span class='ocrx_word' id='word_1_1' title='bbox 254 407 350 471; x_wconf 76' lang='lat'><strong>369</strong></span> <span class='ocrx_word' id='word_1_2' title='bbox 1687 397 2130 490; x_wconf 54' lang='lat' dir='ltr'><strong>Tnssaunos&#39;.</strong></span> <span class='ocrx_word' id='word_1_3' title='bbox 2156 478 2164 485; x_wconf 88' lang='lat'><strong>.</strong></span> 
     </span>
    </p>
   </div>
   <div class='ocr_carea' id='block_1_2' title="bbox 3458 427 3563 483">
    <p class='ocr_par' dir='ltr' id='par_1_2' title="bbox 3458 427 3563 483">
     <span class='ocr_line' id='line_1_2' title="bbox 3458 427 3563 483; baseline 0.01 -1"><span class='ocrx_word' id='word_1_4' title='bbox 3458 427 3563 483; x_wconf 74' lang='grc'><strong>570</strong></span> 
     </span>
    </p>
   </div>
   <div class='ocr_carea' id='block_1_3' title="bbox 257 522 1875 617">
    <p class='ocr_par' dir='ltr' id='par_1_3' title="bbox 257 522 1862 617">
     <span class='ocr_line' id='line_1_3' title="bbox 257 522 1862 617; baseline 0.012 -37"><span class='ocrx_word' id='word_1_5' title='bbox 257 531 375 604; x_wconf 81' lang='grc' dir='ltr'>ρῶν,</span> <span class='ocrx_word' id='word_1_6' title='bbox 402 528 524 583; x_wconf 80' lang='grc' dir='ltr'>ἔστι</span> <span class='ocrx_word' id='word_1_7' title='bbox 559 528 624 583; x_wconf 67' lang='grc' dir='ltr'>δὲ</span> <span class='ocrx_word' id='word_1_8' title='bbox 662 529 864 599; x_wconf 76' lang='grc' dir='ltr'>οὕτως,</span> <span class='ocrx_word' id='word_1_9' title='bbox 898 534 1018 599; x_wconf 84' lang='grc' dir='ltr'>πῶς</span> <span class='ocrx_word' id='word_1_10' title='bbox 1055 536 1133 601; x_wconf 84' lang='grc' dir='ltr'><strong>ὡς</strong></span> <span class='ocrx_word' id='word_1_11' title='bbox 1163 537 1292 609; x_wconf 80' lang='grc' dir='ltr'>μίαν</span> <span class='ocrx_word' id='word_1_12' title='bbox 1326 522 1541 612; x_wconf 69' lang='grc' dir='ltr'>ἠμέραν</span> <span class='ocrx_word' id='word_1_13' title='bbox 1580 545 1674 597; x_wconf 72' lang='grc' dir='ltr'><strong>καὶ</strong></span> <span class='ocrx_word' id='word_1_14' title='bbox 1713 545 1862 617; x_wconf 74' lang='grc' dir='ltr'>ὤραν</span> 
     </span>
    </p>
   </div>
   <div class='ocr_carea' id='block_1_4' title="bbox 1979 522 3564 617">
    <p class='ocr_par' dir='ltr' id='par_1_4' title="bbox 1979 544 3564 617">
     <span class='ocr_line' id='line_1_4' title="bbox 1979 544 3564 617; baseline -0.002 -15"><span class='ocrx_word' id='word_1_15' title='bbox 1979 562 2074 617; x_wconf 71' lang='lat' dir='ltr'><strong>que</strong></span> <span class='ocrx_word' id='word_1_16' title='bbox 2111 548 2215 604; x_wconf 89' lang='lat' dir='ltr'><strong>hoc</strong></span> <span class='ocrx_word' id='word_1_17' title='bbox 2250 561 2377 603; x_wconf 85' lang='lat' dir='ltr'><strong>vere</strong></span> <span class='ocrx_word' id='word_1_18' title='bbox 2415 546 2487 602; x_wconf 89' lang='lat' dir='ltr'><strong>ita</strong></span> <span class='ocrx_word' id='word_1_19' title='bbox 2529 554 2614 603; x_wconf 89' lang='lat' dir='ltr'><strong>est</strong></span> <span class='ocrx_word' id='word_1_20' title='bbox 2652 562 2666 600; x_wconf 91' lang='lat'><strong>:</strong></span> <span class='ocrx_word' id='word_1_21' title='bbox 2703 544 2977 616; x_wconf 84' lang='lat' dir='ltr'><strong>quomodo</strong></span> <span class='ocrx_word' id='word_1_22' title='bbox 3018 558 3184 600; x_wconf 91' lang='lat' dir='ltr'><strong>unum</strong></span> <span class='ocrx_word' id='word_1_23' title='bbox 3224 544 3364 599; x_wconf 86' lang='lat' dir='ltr'><strong>diem</strong></span> <span class='ocrx_word' id='word_1_24' title='bbox 3404 553 3564 612; x_wconf 75' lang='lat' dir='ltr'><strong>atque</strong></span> 
     </span>
    </p>
   </div>
   <div class='ocr_carea' id='block_1_5' title="bbox 257 622 1857 704">
    <p class='ocr_par' dir='ltr' id='par_1_5' title="bbox 257 622 1857 704">
     <span class='ocr_line' id='line_1_5' title="bbox 257 622 1857 704; baseline 0.01 -32"><span class='ocrx_word' id='word_1_25' title='bbox 257 622 519 691; x_wconf 71' lang='grc' dir='ltr'>ἀγνοήσας</span> <span class='ocrx_word' id='word_1_26' title='bbox 559 622 702 692; x_wconf 75' lang='grc' dir='ltr'>παρ’</span> <span class='ocrx_word' id='word_1_27' title='bbox 738 623 873 694; x_wconf 82' lang='grc' dir='ltr'>ὑμῖν</span> <span class='ocrx_word' id='word_1_28' title='bbox 907 626 1192 699; x_wconf 82' lang='grc' dir='ltr'>κρίνεται;</span> <span class='ocrx_word' id='word_1_29' title='bbox 1238 629 1363 695; x_wconf 73' lang='grc' dir='ltr'>Πῶς</span> <span class='ocrx_word' id='word_1_30' title='bbox 1407 630 1463 687; x_wconf 68' lang='grc' dir='ltr'><strong>δὲ</strong></span> <span class='ocrx_word' id='word_1_31' title='bbox 1504 631 1667 704; x_wconf 77' lang='grc' dir='ltr'>ἅπερ·</span> <span class='ocrx_word' id='word_1_32' title='bbox 1694 634 1857 699; x_wconf 80' lang='grc' dir='ltr'>αὐτὸς</span> 
     </span>
    </p>
   </div>
   <div class='ocr_carea' id='block_1_6' title="bbox 1967 634 3567 711">
    <p class='ocr_par' dir='ltr' id='par_1_6' title="bbox 1967 634 3567 711">
     <span class='ocr_line' id='line_1_6' title="bbox 1967 634 3567 711; baseline -0.004 -17"><span class='ocrx_word' id='word_1_33' title='bbox 1967 640 2156 694; x_wconf 84' lang='lat' dir='ltr'><strong>horam</strong></span> <span class='ocrx_word' id='word_1_34' title='bbox 2203 640 2459 711; x_wconf 80' lang='lat' dir='ltr'><strong>ignorare</strong></span> <span class='ocrx_word' id='word_1_35' title='bbox 2492 637 2645 693; x_wconf 84' lang='lat' dir='ltr'><strong>vobis</strong></span> <span class='ocrx_word' id='word_1_36' title='bbox 2686 637 2978 692; x_wconf 79' lang='lat' dir='ltr'><strong>censetur?</strong></span> <span class='ocrx_word' id='word_1_37' title='bbox 3014 637 3298 704; x_wconf 82' lang='lat' dir='ltr'><strong>Quomodo</strong></span> <span class='ocrx_word' id='word_1_38' title='bbox 3338 634 3462 689; x_wconf 90' lang='lat' dir='ltr'><strong>item</strong></span> <span class='ocrx_word' id='word_1_39' title='bbox 3503 648 3567 688; x_wconf 82' lang='lat' dir='ltr'><strong>ea</strong></span> 
     </span>
    </p>
   </div>
   <div class='ocr_carea' id='block_1_7' title="bbox 266 713 1875 801">
    <p class='ocr_par' dir='ltr' id='par_1_7' title="bbox 266 713 1858 790">
     <span class='ocr_line' id='line_1_7' title="bbox 266 713 1858 790; baseline 0.007 -22"><span class='ocrx_word' id='word_1_40' title='bbox 266 714 482 785; x_wconf 70' lang='grc' dir='ltr'>ὶτηίησε,</span> <span class='ocrx_word' id='word_1_41' title='bbox 528 713 613 785; x_wconf 77' lang='grc' dir='ltr'><strong>μὴ</strong></span> <span class='ocrx_word' id='word_1_42' title='bbox 654 714 869 771; x_wconf 70' lang='grc' dir='ltr'>εἰδέναι</span> <span class='ocrx_word' id='word_1_43' title='bbox 909 717 1172 787; x_wconf 74' lang='grc' dir='ltr'>δύναταις</span> <span class='ocrx_word' id='word_1_44' title='bbox 1206 721 1361 775; x_wconf 84' lang='grc' dir='ltr'>Ἐστι</span> <span class='ocrx_word' id='word_1_45' title='bbox 1390 722 1570 777; x_wconf 82' lang='grc' dir='ltr'>τοίνυν</span> <span class='ocrx_word' id='word_1_46' title='bbox 1605 724 1858 790; x_wconf 77' lang='grc' dir='ltr'><strong>ἐξετάσαι</strong></span> 
     </span>
    </p>
   </div>
   <div class='ocr_carea' id='block_1_8' title="bbox 1979 713 3567 801">
    <p class='ocr_par' dir='ltr' id='par_1_8' title="bbox 1979 725 3567 801">
     <span class='ocr_line' id='line_1_8' title="bbox 1979 725 3567 801; baseline -0.004 -16"><span class='ocrx_word' id='word_1_47' title='bbox 1979 746 2086 801; x_wconf 51' lang='lat' dir='ltr'><strong>tum</strong></span> <span class='ocrx_word' id='word_1_48' title='bbox 2122 731 2284 795; x_wconf 79' lang='lat' dir='ltr'><strong>fecit,</strong></span> <span class='ocrx_word' id='word_1_49' title='bbox 2321 730 2538 786; x_wconf 87' lang='lat' dir='ltr'><strong>nescire</strong></span> <span class='ocrx_word' id='word_1_50' title='bbox 2572 729 2789 799; x_wconf 77' lang='lat' dir='ltr'><strong>potest?</strong></span> <span class='ocrx_word' id='word_1_51' title='bbox 2821 728 3203 799; x_wconf 77' lang='lat' dir='ltr'><strong>investiganda</strong></span> <span class='ocrx_word' id='word_1_52' title='bbox 3240 725 3403 796; x_wconf 81' lang='lat' dir='ltr'><strong>igitur</strong></span> <span class='ocrx_word' id='word_1_53' title='bbox 3437 738 3567 779; x_wconf 91' lang='lat' dir='ltr'><strong>sunt</strong></span> 
     </span>
    </p>
   </div>
   <div class='ocr_carea' id='block_1_9' title="bbox 271 805 1875 894">
    <p class='ocr_par' dir='ltr' id='par_1_9' title="bbox 271 805 1860 886">
     <span class='ocr_line' id='line_1_9' title="bbox 271 805 1860 886; baseline 0.006 -26"><span class='ocrx_word' id='word_1_54' title='bbox 271 807 323 860; x_wconf 65' lang='lat' dir='ltr'><strong>vi</strong></span> <span class='ocrx_word' id='word_1_55' title='bbox 356 805 637 879; x_wconf 62' lang='grc' dir='ltr'><strong>εἰρημένα⁸</strong></span> <span class='ocrx_word' id='word_1_56' title='bbox 682 809 821 878; x_wconf 79' lang='grc' dir='ltr'>παρ’</span> <span class='ocrx_word' id='word_1_57' title='bbox 864 809 1037 865; x_wconf 81' lang='grc' dir='ltr'>αὐτοῦ</span> <span class='ocrx_word' id='word_1_58' title='bbox 1090 812 1228 883; x_wconf 84' lang='grc' dir='ltr'>πρὸς</span> <span class='ocrx_word' id='word_1_59' title='bbox 1273 814 1401 877; x_wconf 83' lang='grc' dir='ltr'>τοὺς</span> <span class='ocrx_word' id='word_1_60' title='bbox 1435 814 1703 886; x_wconf 81' lang='grc' dir='ltr'>μαθητάς.</span> <span class='ocrx_word' id='word_1_61' title='bbox 1749 816 1860 871; x_wconf 76' lang='grc' dir='ltr'>Καὶ</span> 
     </span>
    </p>
   </div>
   <div class='ocr_carea' id='block_1_10' title="bbox 1979 805 3568 894">
    <p class='ocr_par' dir='ltr' id='par_1_10' title="bbox 1979 816 3568 894">
     <span class='ocr_line' id='line_1_10' title="bbox 1979 816 3568 894; baseline -0.006 -18"><span class='ocrx_word' id='word_1_62' title='bbox 1979 837 2083 892; x_wconf 71' lang='lat' dir='ltr'><strong>luat</strong></span> <span class='ocrx_word' id='word_1_63' title='bbox 2121 824 2191 877; x_wconf 91' lang='lat' dir='ltr'><strong>ah</strong></span> <span class='ocrx_word' id='word_1_64' title='bbox 2225 823 2344 894; x_wconf 89' lang='lat' dir='ltr'><strong>ipso</strong></span> <span class='ocrx_word' id='word_1_65' title='bbox 2383 819 2667 890; x_wconf 85' lang='lat' dir='ltr'><strong>discipulis</strong></span> <span class='ocrx_word' id='word_1_66' title='bbox 2709 820 2854 875; x_wconf 87' lang='lat' dir='ltr'><strong>dicta</strong></span> <span class='ocrx_word' id='word_1_67' title='bbox 2894 827 3039 874; x_wconf 89' lang='lat' dir='ltr'><strong>sunt.</strong></span> <span class='ocrx_word' id='word_1_68' title='bbox 3084 817 3125 872; x_wconf 85' lang='lat' dir='ltr'><strong>E</strong></span> <span class='ocrx_word' id='word_1_69' title='bbox 3165 816 3364 886; x_wconf 84' lang='lat' dir='ltr'><strong>quibus</strong></span> <span class='ocrx_word' id='word_1_70' title='bbox 3410 816 3568 870; x_wconf 76' lang='lat' dir='ltr'><strong>facile</strong></span> 
     </span>
    </p>
   </div>
   <div class='ocr_carea' id='block_1_11' title="bbox 273 895 1861 977">
    <p class='ocr_par' dir='ltr' id='par_1_11' title="bbox 273 895 1861 977">
     <span class='ocr_line' id='line_1_11' title="bbox 273 895 1861 977; baseline 0.006 -27"><span class='ocrx_word' id='word_1_71' title='bbox 273 896 425 965; x_wconf 73' lang='grc' dir='ltr'>σαφῶς</span> <span class='ocrx_word' id='word_1_72' title='bbox 450 895 610 949; x_wconf 76' lang='grc' dir='ltr'>ἐστιν</span> <span class='ocrx_word' id='word_1_73' title='bbox 639 897 907 954; x_wconf 71' lang='grc' dir='ltr'>ἐντεῦθεν</span> <span class='ocrx_word' id='word_1_74' title='bbox 936 900 1085 968; x_wconf 73' lang='grc' dir='ltr'>ἰδεῖν,</span> <span class='ocrx_word' id='word_1_75' title='bbox 1106 904 1299 975; x_wconf 84' lang='grc' dir='ltr'><strong>ὅτιπερ</strong></span> <span class='ocrx_word' id='word_1_76' title='bbox 1323 899 1462 957; x_wconf 69' lang='grc' dir='ltr'>οἶδεν</span> <span class='ocrx_word' id='word_1_77' title='bbox 1491 906 1585 959; x_wconf 78' lang='grc' dir='ltr'>καὶ</span> <span class='ocrx_word' id='word_1_78' title='bbox 1604 905 1701 977; x_wconf 80' lang='grc' dir='ltr'><strong>τὴν</strong></span> <span class='ocrx_word' id='word_1_79' title='bbox 1729 905 1861 977; x_wconf 81' lang='grc' dir='ltr'><strong>ἡμέ-</strong></span> 
     </span>
    </p>
   </div>
   <div class='ocr_carea' id='block_1_12' title="bbox 268 986 1862 1062">
    <p class='ocr_par' dir='ltr' id='par_1_12' title="bbox 268 986 1862 1062">
     <span class='ocr_line' id='line_1_12' title="bbox 268 986 1862 1062; baseline 0.009 -23"><span class='ocrx_word' id='word_1_80' title='bbox 268 1006 347 1059; x_wconf 77' lang='grc' dir='ltr'><strong>ραν</strong></span> <span class='ocrx_word' id='word_1_81' title='bbox 384 986 485 1041; x_wconf 69' lang='grc' dir='ltr'>καὶε</span> <span class='ocrx_word' id='word_1_82' title='bbox 526 987 643 1059; x_wconf 79' lang='grc' dir='ltr'>τὴν</span> <span class='ocrx_word' id='word_1_83' title='bbox 689 988 850 1062; x_wconf 81' lang='grc' dir='ltr'>ὥραν</span> <span class='ocrx_word' id='word_1_84' title='bbox 890 992 971 1057; x_wconf 83' lang='grc' dir='ltr'>ὡς</span> <span class='ocrx_word' id='word_1_85' title='bbox 1005 992 1177 1059; x_wconf 81' lang='grc' dir='ltr'>Θεὸς,</span> <span class='ocrx_word' id='word_1_86' title='bbox 1223 994 1330 1052; x_wconf 73' lang='grc' dir='ltr'>κᾶν</span> <span class='ocrx_word' id='word_1_87' title='bbox 1378 996 1758 1052; x_wconf 82' lang='grc' dir='ltr'><strong>ἀποδεικνύων</strong></span> <span class='ocrx_word' id='word_1_88' title='bbox 1803 1000 1862 1054; x_wconf 83' lang='grc' dir='ltr'>ὲν</span> 
     </span>
    </p>
   </div>
   <div class='ocr_carea' id='block_1_13' title="bbox 1963 902 3562 984">
    <p class='ocr_par' dir='ltr' id='par_1_13' title="bbox 1963 902 3562 984">
     <span class='ocr_line' id='line_1_13' title="bbox 1963 902 3562 984; baseline -0.007 -14"><span class='ocrx_word' id='word_1_89' title='bbox 1963 914 2238 971; x_wconf 87' lang='lat' dir='ltr'><strong>constabit</strong></span> <span class='ocrx_word' id='word_1_90' title='bbox 2263 902 2517 984; x_wconf 87' lang='lat' dir='ltr'><strong>ipsumet</strong></span> <span class='ocrx_word' id='word_1_91' title='bbox 2539 913 2680 968; x_wconf 90' lang='lat' dir='ltr'><strong>diem</strong></span> <span class='ocrx_word' id='word_1_92' title='bbox 2707 921 2762 967; x_wconf 94' lang='lat' dir='ltr'><strong>et</strong></span> <span class='ocrx_word' id='word_1_93' title='bbox 2790 912 2982 967; x_wconf 86' lang='lat' dir='ltr'><strong>horam</strong></span> <span class='ocrx_word' id='word_1_94' title='bbox 3010 910 3249 976; x_wconf 85' lang='lat' dir='ltr'><strong>novisse,</strong></span> <span class='ocrx_word' id='word_1_95' title='bbox 3274 916 3331 962; x_wconf 88' lang='lat' dir='ltr'><strong>ut</strong></span> <span class='ocrx_word' id='word_1_96' title='bbox 3359 909 3562 972; x_wconf 80' lang='lat' dir='ltr'><strong>Deum;</strong></span> 
     </span>
    </p>
   </div>
   <div class='ocr_carea' id='block_1_14' title="bbox 1967 988 3569 1073">
    <p class='ocr_par' dir='ltr' id='par_1_14' title="bbox 1967 988 3569 1073">
     <span class='ocr_line' id='line_1_14' title="bbox 1967 988 3569 1073; baseline -0.007 -12"><span class='ocrx_word' id='word_1_97' title='bbox 1967 1006 2208 1073; x_wconf 82' lang='lat' dir='ltr'><strong>tametsi,</strong></span> <span class='ocrx_word' id='word_1_98' title='bbox 2252 1006 2644 1062; x_wconf 75' lang='lat' dir='ltr'><strong>humanitatem</strong></span> <span class='ocrx_word' id='word_1_99' title='bbox 2680 1019 2834 1060; x_wconf 79' lang='lat' dir='ltr'><strong>suam</strong></span> <span class='ocrx_word' id='word_1_100' title='bbox 2868 1003 3184 1068; x_wconf 79' lang='lat' dir='ltr'><strong>ostendens,</strong></span> <span class='ocrx_word' id='word_1_101' title='bbox 3217 988 3471 1069; x_wconf 79' lang='lat' dir='ltr'><strong>ignorare</strong></span> <span class='ocrx_word' id='word_1_102' title='bbox 3508 1014 3569 1053; x_wconf 79' lang='lat' dir='ltr'><strong>se</strong></span> 
     </span>
    </p>
   </div>
   <div class='ocr_carea' id='block_1_15' title="bbox 264 1071 1875 1165">
    <p class='ocr_par' dir='ltr' id='par_1_15' title="bbox 264 1071 1864 1163">
     <span class='ocr_line' id='line_1_15' title="bbox 264 1071 1864 1163; baseline 0.008 -31"><span class='ocrx_word' id='word_1_103' title='bbox 264 1078 418 1151; x_wconf 68' lang='grc' dir='ltr'>ἑαυτῷ</span> <span class='ocrx_word' id='word_1_104' title='bbox 453 1079 535 1133; x_wconf 59' lang='grc' dir='ltr'><strong>τδι</strong></span> <span class='ocrx_word' id='word_1_105' title='bbox 558 1071 949 1153; x_wconf 78' lang='grc' dir='ltr'>ἀνθρώπινον,</span> <span class='ocrx_word' id='word_1_106' title='bbox 999 1086 1074 1157; x_wconf 83' lang='grc' dir='ltr'><strong>μὴ</strong></span> <span class='ocrx_word' id='word_1_107' title='bbox 1116 1086 1317 1142; x_wconf 75' lang='grc' dir='ltr'>ειδέναι</span> <span class='ocrx_word' id='word_1_108' title='bbox 1362 1088 1524 1163; x_wconf 65' lang='grc' dir='ltr'>λέγῃ.</span> <span class='ocrx_word' id='word_1_109' title='bbox 1557 1091 1621 1143; x_wconf 79' lang='grc' dir='ltr'><strong>Εἰ</strong></span> <span class='ocrx_word' id='word_1_110' title='bbox 1651 1092 1761 1163; x_wconf 84' lang='grc' dir='ltr'><strong>γάρ</strong></span> <span class='ocrx_word' id='word_1_111' title='bbox 1794 1091 1864 1144; x_wconf 84' lang='grc' dir='ltr'>τὰ</span> 
     </span>
    </p>
   </div>
   <div class='ocr_carea' id='block_1_16' title="bbox 1979 1071 3566 1165">
    <p class='ocr_par' dir='ltr' id='par_1_16' title="bbox 1979 1071 3566 1165">
     <span class='ocr_line' id='line_1_16' title="bbox 1979 1071 3566 1165; baseline -0.006 -11"><span class='ocrx_word' id='word_1_112' title='bbox 1979 1100 2132 1155; x_wconf 71' lang='lat' dir='ltr'><strong>iicat.</strong></span> <span class='ocrx_word' id='word_1_113' title='bbox 2196 1071 2266 1155; x_wconf 13' lang='lat' dir='ltr'><strong>VSi</strong></span> <span class='ocrx_word' id='word_1_114' title='bbox 2308 1098 2453 1154; x_wconf 91' lang='lat' dir='ltr'><strong>enim</strong></span> <span class='ocrx_word' id='word_1_115' title='bbox 2518 1096 2699 1154; x_wconf 85' lang='lat' dir='ltr'><strong>omnia</strong></span> <span class='ocrx_word' id='word_1_116' title='bbox 2766 1109 2888 1165; x_wconf 65' lang='lat' dir='ltr'><strong>qua:</strong></span> <span class='ocrx_word' id='word_1_117' title='bbox 2952 1092 3263 1150; x_wconf 78' lang='lat' dir='ltr'><strong>antedicm</strong></span> <span class='ocrx_word' id='word_1_118' title='bbox 3304 1091 3454 1147; x_wconf 90' lang='lat' dir='ltr'><strong>illum</strong></span> <span class='ocrx_word' id='word_1_119' title='bbox 3512 1103 3566 1144; x_wconf 89' lang='lat' dir='ltr'><strong>et</strong></span> 
     </span>
    </p>
   </div>
   <div class='ocr_carea' id='block_1_17' title="bbox 264 1172 1865 1254">
    <p class='ocr_par' dir='ltr' id='par_1_17' title="bbox 264 1172 1865 1254">
     <span class='ocr_line' id='line_1_17' title="bbox 264 1172 1865 1254; baseline 0.008 -29"><span class='ocrx_word' id='word_1_120' title='bbox 264 1172 701 1241; x_wconf 67' lang='grc' dir='ltr'>ἰσόμεναιπάντα</span> <span class='ocrx_word' id='word_1_121' title='bbox 733 1175 847 1248; x_wconf 82' lang='grc' dir='ltr'><strong>πρὸ</strong></span> <span class='ocrx_word' id='word_1_122' title='bbox 872 1177 973 1249; x_wconf 85' lang='grc' dir='ltr'><strong>τῆς</strong></span> <span class='ocrx_word' id='word_1_123' title='bbox 1001 1178 1218 1249; x_wconf 77' lang='grc' dir='ltr'>ἡμέρας</span> <span class='ocrx_word' id='word_1_124' title='bbox 1261 1180 1360 1234; x_wconf 81' lang='grc' dir='ltr'><strong>καῖ</strong></span> <span class='ocrx_word' id='word_1_125' title='bbox 1392 1182 1500 1252; x_wconf 79' lang='grc' dir='ltr'>τῆς</span> <span class='ocrx_word' id='word_1_126' title='bbox 1528 1181 1679 1254; x_wconf 80' lang='grc' dir='ltr'>ὥρας</span> <span class='ocrx_word' id='word_1_127' title='bbox 1722 1184 1865 1238; x_wconf 80' lang='grc' dir='ltr'>ὲκεί-</span> 
     </span>
    </p>
   </div>
   <div class='ocr_carea' id='block_1_18' title="bbox 262 1265 1863 1345">
    <p class='ocr_par' dir='ltr' id='par_1_18' title="bbox 262 1265 1863 1345">
     <span class='ocr_line' id='line_1_18' title="bbox 262 1265 1863 1345; baseline 0.01 -30"><span class='ocrx_word' id='word_1_128' title='bbox 262 1282 345 1336; x_wconf 84' lang='grc' dir='ltr'><strong>νης</strong></span> <span class='ocrx_word' id='word_1_129' title='bbox 378 1265 656 1334; x_wconf 78' lang='grc' dir='ltr'>διηγεῖται</span> <span class='ocrx_word' id='word_1_130' title='bbox 710 1267 926 1339; x_wconf 78' lang='grc' dir='ltr'>σαφῶς,</span> <span class='ocrx_word' id='word_1_131' title='bbox 966 1271 1060 1325; x_wconf 83' lang='grc' dir='ltr'><strong>καί</strong></span> <span class='ocrx_word' id='word_1_132' title='bbox 1099 1289 1302 1344; x_wconf 68' lang='grc' dir='ltr'>φηων·</span> <span class='ocrx_word' id='word_1_133' title='bbox 1342 1274 1538 1329; x_wconf 80' lang='grc' dir='ltr'>Ἔσται</span> <span class='ocrx_word' id='word_1_134' title='bbox 1576 1275 1676 1345; x_wconf 83' lang='grc' dir='ltr'>μὲν</span> <span class='ocrx_word' id='word_1_135' title='bbox 1708 1276 1863 1343; x_wconf 77' lang='grc' dir='ltr'>τόδε,</span> 
     </span>
    </p>
   </div>
   <div class='ocr_carea' id='block_1_19' title="bbox 262 1360 1867 1437">
    <p class='ocr_par' dir='ltr' id='par_1_19' title="bbox 262 1360 1867 1437">
     <span class='ocr_line' id='line_1_19' title="bbox 262 1360 1867 1437; baseline 0.007 -25"><span class='ocrx_word' id='word_1_136' title='bbox 262 1360 584 1432; x_wconf 74' lang='grc' dir='ltr'>συμϐήσεται</span> <span class='ocrx_word' id='word_1_137' title='bbox 624 1360 695 1416; x_wconf 85' lang='grc' dir='ltr'>δὲ</span> <span class='ocrx_word' id='word_1_138' title='bbox 738 1365 941 1428; x_wconf 80' lang='grc' dir='ltr'>έκεῖνο,</span> <span class='ocrx_word' id='word_1_139' title='bbox 981 1360 1103 1418; x_wconf 76' lang='grc' dir='ltr'>εἶτα</span> <span class='ocrx_word' id='word_1_140' title='bbox 1146 1366 1207 1420; x_wconf 82' lang='grc' dir='ltr'><strong>τὸ</strong></span> <span class='ocrx_word' id='word_1_141' title='bbox 1246 1366 1399 1430; x_wconf 80' lang='grc' dir='ltr'><strong>τέλος</strong></span> <span class='ocrx_word' id='word_1_142' title='bbox 1424 1383 1438 1400; x_wconf 91' lang='grc'><strong>·</strong></span> <span class='ocrx_word' id='word_1_143' title='bbox 1482 1366 1644 1437; x_wconf 73' lang='grc' dir='ltr'>δῆλον</span> <span class='ocrx_word' id='word_1_144' title='bbox 1673 1368 1754 1422; x_wconf 78' lang='grc' dir='ltr'>ὅτι</span> <span class='ocrx_word' id='word_1_145' title='bbox 1797 1369 1867 1424; x_wconf 82' lang='grc' dir='ltr'>τὰ</span> 
     </span>
    </p>
   </div>
   <div class='ocr_carea' id='block_1_20' title="bbox 266 1453 1868 1530">
    <p class='ocr_par' dir='ltr' id='par_1_20' title="bbox 266 1453 1868 1530">
     <span class='ocr_line' id='line_1_20' title="bbox 266 1453 1868 1530; baseline 0.006 -25"><span class='ocrx_word' id='word_1_146' title='bbox 266 1453 542 1523; x_wconf 68' lang='grc' dir='ltr'>τρδαύτῆς</span> <span class='ocrx_word' id='word_1_147' title='bbox 572 1453 792 1521; x_wconf 80' lang='grc' dir='ltr'>εἰδὼς,</span> <span class='ocrx_word' id='word_1_148' title='bbox 840 1455 937 1509; x_wconf 75' lang='grc' dir='ltr'>καὶ</span> <span class='ocrx_word' id='word_1_149' title='bbox 983 1455 1157 1529; x_wconf 82' lang='grc' dir='ltr'>αὐτὴν</span> <span class='ocrx_word' id='word_1_150' title='bbox 1207 1456 1524 1511; x_wconf 76' lang='grc' dir='ltr'>ἐπίσταται.</span> <span class='ocrx_word' id='word_1_151' title='bbox 1558 1459 1717 1514; x_wconf 74' lang='grc' dir='ltr'>Μετὰ</span> <span class='ocrx_word' id='word_1_152' title='bbox 1756 1459 1868 1530; x_wconf 77' lang='grc' dir='ltr'><strong>γὰρ</strong></span> 
     </span>
    </p>
   </div>
   <div class='ocr_carea' id='block_1_21' title="bbox 272 1545 1860 1619">
    <p class='ocr_par' dir='ltr' id='par_1_21' title="bbox 272 1545 1860 1619">
     <span class='ocr_line' id='line_1_21' title="bbox 272 1545 1860 1619; baseline 0.004 -21"><span class='ocrx_word' id='word_1_153' title='bbox 272 1545 599 1616; x_wconf 60' lang='grc' dir='ltr'>τλείρημένα</span> <span class='ocrx_word' id='word_1_154' title='bbox 629 1550 779 1618; x_wconf 70' lang='grc' dir='ltr'>παρ’</span> <span class='ocrx_word' id='word_1_155' title='bbox 800 1547 991 1612; x_wconf 70' lang='grc' dir='ltr'>αὐτοῦ,</span> <span class='ocrx_word' id='word_1_156' title='bbox 1020 1548 1257 1619; x_wconf 85' lang='grc' dir='ltr'><strong>τίθησιν,</strong></span> <span class='ocrx_word' id='word_1_157' title='bbox 1279 1550 1361 1604; x_wconf 82' lang='grc' dir='ltr'>ὅτι</span> <span class='ocrx_word' id='word_1_158' title='bbox 1385 1570 1401 1602; x_wconf 86' lang='grc' dir='ltr'>ι</span> <span class='ocrx_word' id='word_1_159' title='bbox 1416 1549 1490 1604; x_wconf 85' lang='grc' dir='ltr'>Τὸ</span> <span class='ocrx_word' id='word_1_160' title='bbox 1508 1551 1659 1615; x_wconf 77' lang='grc' dir='ltr'>τέλος</span> <span class='ocrx_word' id='word_1_161' title='bbox 1684 1552 1819 1607; x_wconf 75' lang='grc' dir='ltr'>ἐστί.</span> <span class='ocrx_word' id='word_1_162' title='bbox 1841 1573 1860 1605; x_wconf 73' lang='grc' dir='ltr'>ι</span> 
     </span>
    </p>
   </div>
   <div class='ocr_carea' id='block_1_22' title="bbox 277 1634 1864 1711">
    <p class='ocr_par' dir='ltr' id='par_1_22' title="bbox 277 1634 1864 1711">
     <span class='ocr_line' id='line_1_22' title="bbox 277 1634 1864 1711; baseline 0.004 -25"><span class='ocrx_word' id='word_1_163' title='bbox 277 1634 408 1698; x_wconf 70' lang='grc' dir='ltr'>Τέλος</span> <span class='ocrx_word' id='word_1_164' title='bbox 431 1635 488 1688; x_wconf 74' lang='grc' dir='ltr'>δὲ</span> <span class='ocrx_word' id='word_1_165' title='bbox 516 1635 574 1688; x_wconf 85' lang='grc' dir='ltr'><strong>τί</strong></span> <span class='ocrx_word' id='word_1_166' title='bbox 617 1634 695 1689; x_wconf 77' lang='grc' dir='ltr'>ἂν</span> <span class='ocrx_word' id='word_1_167' title='bbox 728 1637 922 1707; x_wconf 74' lang='grc' dir='ltr'>ἕτερον</span> <span class='ocrx_word' id='word_1_168' title='bbox 948 1638 1034 1710; x_wconf 72' lang='grc' dir='ltr'>εἴη</span> <span class='ocrx_word' id='word_1_169' title='bbox 1062 1636 1097 1708; x_wconf 74' lang='grc' dir='ltr'><strong>ἢ</strong></span> <span class='ocrx_word' id='word_1_170' title='bbox 1129 1637 1346 1700; x_wconf 80' lang='grc' dir='ltr'>πάντως</span> <span class='ocrx_word' id='word_1_171' title='bbox 1372 1639 1407 1709; x_wconf 76' lang='grc' dir='ltr'><strong>ἡ</strong></span> <span class='ocrx_word' id='word_1_172' title='bbox 1426 1639 1632 1710; x_wconf 81' lang='grc' dir='ltr'><strong>ἐσχάτη</strong></span> <span class='ocrx_word' id='word_1_173' title='bbox 1659 1638 1864 1711; x_wconf 77' lang='grc' dir='ltr'>ἡμέρα,</span> 
     </span>
    </p>
   </div>
   <div class='ocr_carea' id='block_1_23' title="bbox 272 1727 1866 1807">
    <p class='ocr_par' dir='ltr' id='par_1_23' title="bbox 272 1727 1866 1807">
     <span class='ocr_line' id='line_1_23' title="bbox 272 1727 1866 1807; baseline 0.006 -29"><span class='ocrx_word' id='word_1_174' title='bbox 272 1730 327 1797; x_wconf 65' lang='grc' dir='ltr'>ἦν</span> <span class='ocrx_word' id='word_1_175' title='bbox 348 1727 548 1797; x_wconf 74' lang='grc' dir='ltr'>ἀγνοεῖν</span> <span class='ocrx_word' id='word_1_176' title='bbox 587 1727 816 1800; x_wconf 79' lang='grc' dir='ltr'><strong>ἔφησεν</strong></span> <span class='ocrx_word' id='word_1_177' title='bbox 853 1731 1241 1803; x_wconf 79' lang='grc' dir='ltr'><strong>οἰκονομικῶς,</strong></span> <span class='ocrx_word' id='word_1_178' title='bbox 1272 1731 1576 1796; x_wconf 73' lang='grc' dir='ltr'>άποσώξων</span> <span class='ocrx_word' id='word_1_179' title='bbox 1608 1733 1772 1788; x_wconf 83' lang='grc' dir='ltr'>πάλιν</span> <span class='ocrx_word' id='word_1_180' title='bbox 1800 1736 1866 1807; x_wconf 77' lang='grc' dir='ltr'>τῇ</span> 
     </span>
    </p>
   </div>
   <div class='ocr_carea' id='block_1_24' title="bbox 274 1822 1870 1901">
    <p class='ocr_par' dir='ltr' id='par_1_24' title="bbox 274 1822 1870 1901">
     <span class='ocr_line' id='line_1_24' title="bbox 274 1822 1870 1901; baseline 0.004 -25"><span class='ocrx_word' id='word_1_181' title='bbox 274 1822 640 1895; x_wconf 73' lang='grc' dir='ltr'>ἁνθρωπότητι</span> <span class='ocrx_word' id='word_1_182' title='bbox 671 1824 783 1896; x_wconf 82' lang='grc' dir='ltr'>τὴν</span> <span class='ocrx_word' id='word_1_183' title='bbox 809 1825 951 1898; x_wconf 76' lang='grc' dir='ltr'>αὐτῇ</span> <span class='ocrx_word' id='word_1_184' title='bbox 984 1825 1305 1896; x_wconf 82' lang='grc' dir='ltr'>πρέπουσαν</span> <span class='ocrx_word' id='word_1_185' title='bbox 1371 1825 1870 1901; x_wconf 76' lang='grc' dir='ltr'>τάξινςἈνθρωπό-</span> 
     </span>
    </p>
   </div>
   <div class='ocr_carea' id='block_1_25' title="bbox 278 1916 1581 1990">
    <p class='ocr_par' dir='ltr' id='par_1_25' title="bbox 278 1916 1581 1990">
     <span class='ocr_line' id='line_1_25' title="bbox 278 1916 1581 1990; baseline 0.002 -20"><span class='ocrx_word' id='word_1_186' title='bbox 278 1932 415 1986; x_wconf 75' lang='grc' dir='ltr'>τητος</span> <span class='ocrx_word' id='word_1_187' title='bbox 437 1916 536 1988; x_wconf 68' lang='grc' dir='ltr'><strong>γάρ</strong></span> <span class='ocrx_word' id='word_1_188' title='bbox 568 1916 719 1972; x_wconf 81' lang='grc' dir='ltr'>ι’διον</span> <span class='ocrx_word' id='word_1_189' title='bbox 748 1917 814 1972; x_wconf 74' lang='grc' dir='ltr'>τὸ</span> <span class='ocrx_word' id='word_1_190' title='bbox 852 1917 930 1990; x_wconf 78' lang='grc' dir='ltr'><strong>μὴ</strong></span> <span class='ocrx_word' id='word_1_191' title='bbox 962 1918 1168 1973; x_wconf 76' lang='grc' dir='ltr'>ειδέναι</span> <span class='ocrx_word' id='word_1_192' title='bbox 1196 1917 1266 1974; x_wconf 82' lang='grc' dir='ltr'><strong>τά</strong></span> <span class='ocrx_word' id='word_1_193' title='bbox 1296 1918 1581 1990; x_wconf 83' lang='grc' dir='ltr'>μέλλοντα.</span> 
     </span>
    </p>
   </div>
   <div class='ocr_carea' id='block_1_26' title="bbox 702 2139 1416 2213">
    <p class='ocr_par' dir='ltr' id='par_1_26' title="bbox 702 2139 1416 2213">
     <span class='ocr_line' id='line_1_26' title="bbox 702 2139 1416 2213; baseline 0.001 -19"><span class='ocrx_word' id='word_1_194' title='bbox 702 2140 924 2208; x_wconf 75' lang='grc' dir='ltr'>ΑΛΛΟ,</span> <span class='ocrx_word' id='word_1_195' title='bbox 957 2139 1416 2213; x_wconf 67' lang='grc' dir='ltr'>δὶητιυιιιτικῶςε</span> 
     </span>
    </p>
   </div>
   <div class='ocr_carea' id='block_1_27' title="bbox 369 2250 1869 2328">
    <p class='ocr_par' dir='ltr' id='par_1_27' title="bbox 369 2250 1869 2328">
     <span class='ocr_line' id='line_1_27' title="bbox 369 2250 1869 2328; baseline 0.003 -23"><span class='ocrx_word' id='word_1_196' title='bbox 369 2250 442 2305; x_wconf 80' lang='grc' dir='ltr'>Ἐν</span> <span class='ocrx_word' id='word_1_197' title='bbox 462 2254 564 2317; x_wconf 79' lang='grc' dir='ltr'>ταῖς</span> <span class='ocrx_word' id='word_1_198' title='bbox 592 2252 694 2307; x_wconf 79' lang='grc' dir='ltr'>τοῦ</span> <span class='ocrx_word' id='word_1_199' title='bbox 737 2253 1003 2326; x_wconf 80' lang='grc' dir='ltr'><strong>Σωτῆρος</strong></span> <span class='ocrx_word' id='word_1_200' title='bbox 1045 2255 1254 2324; x_wconf 81' lang='grc' dir='ltr'><strong>φωναῖς</strong></span> <span class='ocrx_word' id='word_1_201' title='bbox 1290 2253 1504 2328; x_wconf 83' lang='grc' dir='ltr'><strong>ἀνάγκη</strong></span> <span class='ocrx_word' id='word_1_202' title='bbox 1538 2254 1629 2310; x_wconf 80' lang='grc' dir='ltr'><strong>τὸν</strong></span> <span class='ocrx_word' id='word_1_203' title='bbox 1677 2255 1869 2327; x_wconf 80' lang='grc' dir='ltr'>χρόνον</span> 
     </span>
    </p>
   </div>
   <div class='ocr_carea' id='block_1_28' title="bbox 283 2342 1870 2420">
    <p class='ocr_par' dir='ltr' id='par_1_28' title="bbox 283 2342 1870 2420">
     <span class='ocr_line' id='line_1_28' title="bbox 283 2342 1870 2420; baseline 0.004 -25"><span class='ocrx_word' id='word_1_204' title='bbox 283 2342 621 2411; x_wconf 72' lang='grc' dir='ltr'>ἐξετάζεσθαι,</span> <span class='ocrx_word' id='word_1_205' title='bbox 656 2344 791 2400; x_wconf 85' lang='grc' dir='ltr'>καθ’</span> <span class='ocrx_word' id='word_1_206' title='bbox 834 2345 895 2399; x_wconf 85' lang='grc' dir='ltr'>ὃν</span> <span class='ocrx_word' id='word_1_207' title='bbox 924 2348 1141 2419; x_wconf 74' lang='grc' dir='ltr'>εἴρηται</span> <span class='ocrx_word' id='word_1_208' title='bbox 1180 2349 1312 2417; x_wconf 84' lang='grc' dir='ltr'>παρ’</span> <span class='ocrx_word' id='word_1_209' title='bbox 1342 2345 1511 2401; x_wconf 81' lang='grc' dir='ltr'>αὑτοῦ</span> <span class='ocrx_word' id='word_1_210' title='bbox 1534 2364 1549 2379; x_wconf 78' lang='grc' dir='ltr'><strong><em>ο</em></strong></span> <span class='ocrx_word' id='word_1_211' title='bbox 1586 2347 1729 2402; x_wconf 72' lang='grc' dir='ltr'>οὕτω</span> <span class='ocrx_word' id='word_1_212' title='bbox 1759 2347 1870 2420; x_wconf 84' lang='grc' dir='ltr'>γὰρ</span> 
     </span>
    </p>
   </div>
   <div class='ocr_carea' id='block_1_29' title="bbox 275 2433 1869 2513">
    <p class='ocr_par' dir='ltr' id='par_1_29' title="bbox 275 2433 1869 2513">
     <span class='ocr_line' id='line_1_29' title="bbox 275 2433 1869 2513; baseline 0.006 -29"><span class='ocrx_word' id='word_1_213' title='bbox 275 2433 328 2485; x_wconf 76' lang='grc' dir='ltr'>τὸ</span> <span class='ocrx_word' id='word_1_214' title='bbox 353 2433 645 2490; x_wconf 80' lang='grc' dir='ltr'>πλανᾶσθαι</span> <span class='ocrx_word' id='word_1_215' title='bbox 672 2435 1111 2507; x_wconf 80' lang='grc' dir='ltr'>διαφευξόμεθα.</span> <span class='ocrx_word' id='word_1_216' title='bbox 1154 2434 1219 2491; x_wconf 78' lang='lat' dir='ltr'><strong>Ei</strong></span> <span class='ocrx_word' id='word_1_217' title='bbox 1251 2438 1351 2509; x_wconf 86' lang='grc' dir='ltr'>μὲν</span> <span class='ocrx_word' id='word_1_218' title='bbox 1392 2435 1486 2494; x_wconf 80' lang='grc' dir='ltr'><strong>οὖν</strong></span> <span class='ocrx_word' id='word_1_219' title='bbox 1519 2440 1627 2513; x_wconf 79' lang='grc' dir='ltr'><strong>πρὸ</strong></span> <span class='ocrx_word' id='word_1_220' title='bbox 1654 2441 1754 2513; x_wconf 78' lang='grc' dir='ltr'>τῆς</span> <span class='ocrx_word' id='word_1_221' title='bbox 1782 2443 1869 2494; x_wconf 76' lang='grc' dir='ltr'><strong>ὲνο</strong></span> 
     </span>
    </p>
   </div>
   <div class='ocr_carea' id='block_1_30' title="bbox 282 2524 1870 2602">
    <p class='ocr_par' dir='ltr' id='par_1_30' title="bbox 282 2524 1870 2602">
     <span class='ocr_line' id='line_1_30' title="bbox 282 2524 1870 2602; baseline 0.005 -23"><span class='ocrx_word' id='word_1_222' title='bbox 282 2524 664 2600; x_wconf 79' lang='grc' dir='ltr'>ανθρωπήσεως</span> <span class='ocrx_word' id='word_1_223' title='bbox 692 2528 727 2582; x_wconf 81' lang='grc' dir='ltr'><strong>ὁ</strong></span> <span class='ocrx_word' id='word_1_224' title='bbox 756 2526 857 2581; x_wconf 79' lang='grc' dir='ltr'>τοῦ</span> <span class='ocrx_word' id='word_1_225' title='bbox 885 2527 1025 2583; x_wconf 82' lang='grc' dir='ltr'><strong>Θεοῦ</strong></span> <span class='ocrx_word' id='word_1_226' title='bbox 1056 2529 1232 2600; x_wconf 82' lang='grc' dir='ltr'>Λόγος</span> <span class='ocrx_word' id='word_1_227' title='bbox 1275 2531 1593 2602; x_wconf 81' lang='grc' dir='ltr'>εὑρίσκεταί</span> <span class='ocrx_word' id='word_1_228' title='bbox 1630 2549 1734 2587; x_wconf 87' lang='grc' dir='ltr'><strong>που</strong></span> <span class='ocrx_word' id='word_1_229' title='bbox 1772 2550 1870 2588; x_wconf 79' lang='grc' dir='ltr'>ταο</span> 
     </span>
    </p>
   </div>
   <div class='ocr_carea' id='block_1_31' title="bbox 287 2620 1869 2703">
    <p class='ocr_par' dir='ltr' id='par_1_31' title="bbox 287 2620 1869 2703">
     <span class='ocr_line' id='line_1_31' title="bbox 287 2620 1869 2703; baseline 0.009 -32"><span class='ocrx_word' id='word_1_230' title='bbox 287 2620 436 2673; x_wconf 59' lang='grc' dir='ltr'>πει-τόν</span> <span class='ocrx_word' id='word_1_231' title='bbox 451 2638 495 2674; x_wconf 83' lang='grc' dir='ltr'><strong>τι</strong></span> <span class='ocrx_word' id='word_1_232' title='bbox 519 2624 667 2695; x_wconf 77' lang='grc' dir='ltr'>περὶ</span> <span class='ocrx_word' id='word_1_233' title='bbox 690 2622 898 2678; x_wconf 74' lang='grc' dir='ltr'>ἑαυτοῦ</span> <span class='ocrx_word' id='word_1_234' title='bbox 911 2624 1185 2698; x_wconf 82' lang='grc' dir='ltr'>λαλήσας,</span> <span class='ocrx_word' id='word_1_235' title='bbox 1212 2626 1469 2681; x_wconf 82' lang='grc' dir='ltr'><strong>ἁπτέσθω</strong></span> <span class='ocrx_word' id='word_1_236' title='bbox 1493 2628 1592 2700; x_wconf 82' lang='grc' dir='ltr'>τῆς</span> <span class='ocrx_word' id='word_1_237' title='bbox 1614 2627 1869 2703; x_wconf 84' lang='grc' dir='ltr'>θεότητος</span> 
     </span>
    </p>
   </div>
   <div class='ocr_carea' id='block_1_32' title="bbox 278 2710 1870 2791">
    <p class='ocr_par' dir='ltr' id='par_1_32' title="bbox 278 2710 1870 2791">
     <span class='ocr_line' id='line_1_32' title="bbox 278 2710 1870 2791; baseline 0.008 -28"><span class='ocrx_word' id='word_1_238' title='bbox 278 2710 435 2777; x_wconf 72' lang='grc' dir='ltr'>αὑτοῦ,</span> <span class='ocrx_word' id='word_1_239' title='bbox 458 2713 553 2767; x_wconf 73' lang='grc' dir='ltr'><strong>καὶ</strong></span> <span class='ocrx_word' id='word_1_240' title='bbox 585 2713 864 2787; x_wconf 74' lang='grc' dir='ltr'>φερέσθω</span> <span class='ocrx_word' id='word_1_241' title='bbox 903 2710 1029 2770; x_wconf 77' lang='grc' dir='ltr'>κατ⁴</span> <span class='ocrx_word' id='word_1_242' title='bbox 1057 2716 1276 2789; x_wconf 73' lang='grc' dir='ltr'>ἐκείνης</span> <span class='ocrx_word' id='word_1_243' title='bbox 1307 2716 1379 2772; x_wconf 82' lang='grc' dir='ltr'>τὰ</span> <span class='ocrx_word' id='word_1_244' title='bbox 1404 2760 1407 2765; x_wconf 91' lang='grc'><strong>.</strong></span> <span class='ocrx_word' id='word_1_245' title='bbox 1419 2719 1660 2791; x_wconf 77' lang='grc' dir='ltr'>ῥήματα.</span> <span class='ocrx_word' id='word_1_246' title='bbox 1705 2718 1772 2774; x_wconf 70' lang='lat' dir='ltr'><strong>Et</strong></span> <span class='ocrx_word' id='word_1_247' title='bbox 1812 2720 1870 2775; x_wconf 83' lang='grc' dir='ltr'>δὲ</span> 
     </span>
    </p>
   </div>
   <div class='ocr_carea' id='block_1_33' title="bbox 149 2802 1867 2887">
    <p class='ocr_par' dir='ltr' id='par_1_33' title="bbox 149 2802 1867 2887">
     <span class='ocr_line' id='line_1_33' title="bbox 149 2802 1867 2887; baseline 0.008 -33"><span class='ocrx_word' id='word_1_248' title='bbox 149 2869 167 2887; x_wconf 52' lang='lat'><strong><em>.</em></strong></span> <span class='ocrx_word' id='word_1_249' title='bbox 267 2802 345 2855; x_wconf 76' lang='grc' dir='ltr'>ὅτε</span> <span class='ocrx_word' id='word_1_250' title='bbox 372 2803 555 2873; x_wconf 86' lang='grc' dir='ltr'>γέγονε</span> <span class='ocrx_word' id='word_1_251' title='bbox 594 2804 774 2877; x_wconf 78' lang='grc' dir='ltr'>σάρξ,</span> <span class='ocrx_word' id='word_1_252' title='bbox 808 2806 1182 2880; x_wconf 80' lang='grc' dir='ltr'>ἀνθρωπίναις</span> <span class='ocrx_word' id='word_1_253' title='bbox 1217 2809 1493 2882; x_wconf 78' lang='grc' dir='ltr'>ἐχρήσατο</span> <span class='ocrx_word' id='word_1_254' title='bbox 1534 2815 1766 2883; x_wconf 81' lang='grc' dir='ltr'>φωναῖς,</span> <span class='ocrx_word' id='word_1_255' title='bbox 1798 2812 1867 2866; x_wconf 75' lang='grc' dir='ltr'><strong>ἵν’</strong></span> 
     </span>
    </p>
   </div>
   <div class='ocr_carea' id='block_1_34' title="bbox 264 2894 1870 2977">
    <p class='ocr_par' dir='ltr' id='par_1_34' title="bbox 264 2894 1870 2977">
     <span class='ocr_line' id='line_1_34' title="bbox 264 2894 1870 2977; baseline 0.007 -26"><span class='ocrx_word' id='word_1_256' title='bbox 264 2894 413 2962; x_wconf 72' lang='grc' dir='ltr'>ὅντως</span> <span class='ocrx_word' id='word_1_257' title='bbox 451 2899 663 2954; x_wconf 53' lang='lat' dir='ltr'><strong>suae?»</strong></span> <span class='ocrx_word' id='word_1_258' title='bbox 710 2900 821 2954; x_wconf 70' lang='grc' dir='ltr'>καῖ’</span> <span class='ocrx_word' id='word_1_259' title='bbox 860 2898 1150 2973; x_wconf 81' lang='grc' dir='ltr'>ἄνθρωπον</span> <span class='ocrx_word' id='word_1_260' title='bbox 1198 2901 1329 2958; x_wconf 81' lang='grc' dir='ltr'>ὅντα</span> <span class='ocrx_word' id='word_1_261' title='bbox 1375 2903 1558 2977; x_wconf 78' lang='grc' dir='ltr'>δείξῃ,</span> <span class='ocrx_word' id='word_1_262' title='bbox 1604 2904 1724 2971; x_wconf 85' lang='grc' dir='ltr'>πῶς</span> <span class='ocrx_word' id='word_1_263' title='bbox 1767 2907 1870 2961; x_wconf 79' lang='grc' dir='ltr'><strong>οὐκ</strong></span> 
     </span>
    </p>
   </div>
   <div class='ocr_carea' id='block_1_35' title="bbox 268 2986 1870 3071">
    <p class='ocr_par' dir='ltr' id='par_1_35' title="bbox 268 2986 1870 3071">
     <span class='ocr_line' id='line_1_35' title="bbox 268 2986 1870 3071; baseline 0.009 -32"><span class='ocrx_word' id='word_1_264' title='bbox 268 2986 539 3044; x_wconf 78' lang='grc' dir='ltr'>ἀκόλουθον</span> <span class='ocrx_word' id='word_1_265' title='bbox 571 2991 667 3055; x_wconf 75' lang='grc' dir='ltr'>εἰς</span> <span class='ocrx_word' id='word_1_266' title='bbox 709 2991 815 3062; x_wconf 82' lang='grc' dir='ltr'>τὴν</span> <span class='ocrx_word' id='word_1_267' title='bbox 846 2990 1251 3066; x_wconf 81' lang='grc' dir='ltr'>ἀνθρωπότητα</span> <span class='ocrx_word' id='word_1_268' title='bbox 1282 2993 1471 3068; x_wconf 81' lang='grc' dir='ltr'>φέρειν</span> <span class='ocrx_word' id='word_1_269' title='bbox 1503 2994 1870 3071; x_wconf 80' lang='grc' dir='ltr'>τὰ.άνθρωπί·</span> 
     </span>
    </p>
   </div>
   <div class='ocr_carea' id='block_1_36' title="bbox 265 3082 1868 3162">
    <p class='ocr_par' dir='ltr' id='par_1_36' title="bbox 265 3082 1868 3162">
     <span class='ocr_line' id='line_1_36' title="bbox 265 3082 1868 3162; baseline 0.008 -27"><span class='ocrx_word' id='word_1_270' title='bbox 265 3082 663 3156; x_wconf 72' lang='grc' dir='ltr'>νιος-εἰρημένα</span> <span class='ocrx_word' id='word_1_271' title='bbox 690 3100 707 3151; x_wconf 87' lang='grc'><strong>;</strong></span> <span class='ocrx_word' id='word_1_272' title='bbox 738 3083 916 3138; x_wconf 78' lang='grc' dir='ltr'>Τοῦτο</span> <span class='ocrx_word' id='word_1_273' title='bbox 941 3086 1051 3159; x_wconf 85' lang='grc' dir='ltr'><strong>γάρ</strong></span> <span class='ocrx_word' id='word_1_274' title='bbox 1094 3086 1245 3143; x_wconf 79' lang='grc' dir='ltr'>ἐστιν</span> <span class='ocrx_word' id='word_1_275' title='bbox 1269 3088 1631 3159; x_wconf 83' lang='grc' dir='ltr'>ἀποδέχεσθαι</span> <span class='ocrx_word' id='word_1_276' title='bbox 1661 3090 1761 3162; x_wconf 82' lang='grc' dir='ltr'>τῆς</span> <span class='ocrx_word' id='word_1_277' title='bbox 1787 3091 1868 3147; x_wconf 72' lang='grc' dir='ltr'><strong>οι-</strong></span> 
     </span>
    </p>
   </div>
   <div class='ocr_carea' id='block_1_37' title="bbox 274 3175 1870 3254">
    <p class='ocr_par' dir='ltr' id='par_1_37' title="bbox 274 3175 1870 3254">
     <span class='ocr_line' id='line_1_37' title="bbox 274 3175 1870 3254; baseline 0.006 -26"><span class='ocrx_word' id='word_1_278' title='bbox 274 3175 502 3245; x_wconf 69' lang='grc' dir='ltr'>ιιονομίας</span> <span class='ocrx_word' id='word_1_279' title='bbox 527 3176 632 3232; x_wconf 73' lang='grc' dir='ltr'><strong>τὸν</strong></span> <span class='ocrx_word' id='word_1_280' title='bbox 662 3176 894 3247; x_wconf 80' lang='grc' dir='ltr'><strong>τρόπον.</strong></span> <span class='ocrx_word' id='word_1_281' title='bbox 930 3177 994 3232; x_wconf 80' lang='lat' dir='ltr'><strong>El</strong></span> <span class='ocrx_word' id='word_1_282' title='bbox 1027 3177 1128 3250; x_wconf 73' lang='grc' dir='ltr'><strong>μὲν</strong></span> <span class='ocrx_word' id='word_1_283' title='bbox 1156 3178 1267 3253; x_wconf 83' lang='grc' dir='ltr'>γὰρ</span> <span class='ocrx_word' id='word_1_284' title='bbox 1308 3181 1371 3235; x_wconf 83' lang='grc' dir='ltr'>οὐ</span> <span class='ocrx_word' id='word_1_285' title='bbox 1401 3181 1627 3252; x_wconf 81' lang='grc' dir='ltr'>γέγονεν</span> <span class='ocrx_word' id='word_1_286' title='bbox 1658 3181 1870 3254; x_wconf 74' lang='grc' dir='ltr'>ἄνθρω-</span> 
     </span>
    </p>
   </div>
   <div class='ocr_carea' id='block_1_38' title="bbox 1968 1184 3563 1263">
    <p class='ocr_par' dir='ltr' id='par_1_38' title="bbox 1968 1184 3563 1263">
     <span class='ocr_line' id='line_1_38' title="bbox 1968 1184 3563 1263; baseline -0.007 -16"><span class='ocrx_word' id='word_1_287' title='bbox 1968 1193 2158 1248; x_wconf 89' lang='lat' dir='ltr'><strong>horam</strong></span> <span class='ocrx_word' id='word_1_288' title='bbox 2185 1199 2449 1248; x_wconf 81' lang='lat' dir='ltr'><strong>eventura</strong></span> <span class='ocrx_word' id='word_1_289' title='bbox 2474 1200 2680 1256; x_wconf 81' lang='lat' dir='ltr'><strong>essent,</strong></span> <span class='ocrx_word' id='word_1_290' title='bbox 2707 1186 2996 1263; x_wconf 73' lang='lat' dir='ltr'><strong>manifeste</strong></span> <span class='ocrx_word' id='word_1_291' title='bbox 3024 1186 3365 1258; x_wconf 80' lang='lat' dir='ltr'><strong>explicat,..et</strong></span> <span class='ocrx_word' id='word_1_292' title='bbox 3389 1184 3523 1239; x_wconf 91' lang='lat' dir='ltr'><strong>dicit</strong></span> <span class='ocrx_word' id='word_1_293' title='bbox 3549 1201 3563 1236; x_wconf 86' lang='lat'><strong>:</strong></span> 
     </span>
    </p>
   </div>
   <div class='ocr_carea' id='block_1_39' title="bbox 1969 1273 3567 1356">
    <p class='ocr_par' dir='ltr' id='par_1_39' title="bbox 1969 1273 3567 1356">
     <span class='ocr_line' id='line_1_39' title="bbox 1969 1273 3567 1356; baseline -0.008 -15"><span class='ocrx_word' id='word_1_294' title='bbox 1969 1284 2085 1341; x_wconf 87' lang='lat' dir='ltr'><strong>lloc</strong></span> <span class='ocrx_word' id='word_1_295' title='bbox 2118 1284 2336 1356; x_wconf 81' lang='lat' dir='ltr'><strong>quidem</strong></span> <span class='ocrx_word' id='word_1_296' title='bbox 2366 1284 2492 1350; x_wconf 72' lang='lat' dir='ltr'><strong>enit,</strong></span> <span class='ocrx_word' id='word_1_297' title='bbox 2526 1282 2655 1338; x_wconf 87' lang='lat' dir='ltr'><strong>illud</strong></span> <span class='ocrx_word' id='word_1_298' title='bbox 2684 1295 2828 1337; x_wconf 76' lang='lat' dir='ltr'><strong>vero</strong></span> <span class='ocrx_word' id='word_1_299' title='bbox 2847 1278 3090 1345; x_wconf 88' lang='lat' dir='ltr'><strong>accidet,</strong></span> <span class='ocrx_word' id='word_1_300' title='bbox 3127 1286 3186 1333; x_wconf 92' lang='lat' dir='ltr'><strong>et</strong></span> <span class='ocrx_word' id='word_1_301' title='bbox 3221 1285 3335 1331; x_wconf 90' lang='lat' dir='ltr'><strong>tum</strong></span> <span class='ocrx_word' id='word_1_302' title='bbox 3366 1275 3468 1331; x_wconf 87' lang='lat' dir='ltr'><strong>erit</strong></span> <span class='ocrx_word' id='word_1_303' title='bbox 3503 1273 3567 1327; x_wconf 79' lang='lat' dir='ltr'><strong>ii-</strong></span> 
     </span>
    </p>
   </div>
   <div class='ocr_carea' id='block_1_40' title="bbox 1970 1367 3567 1444">
    <p class='ocr_par' dir='ltr' id='par_1_40' title="bbox 1970 1367 3567 1444">
     <span class='ocr_line' id='line_1_40' title="bbox 1970 1367 3567 1444; baseline -0.008 -13"><span class='ocrx_word' id='word_1_304' title='bbox 1970 1373 2464 1441; x_wconf 38' lang='lat' dir='ltr'><strong>nis,-manifestum</strong></span> <span class='ocrx_word' id='word_1_305' title='bbox 2496 1381 2589 1429; x_wconf 91' lang='lat' dir='ltr'><strong>est</strong></span> <span class='ocrx_word' id='word_1_306' title='bbox 2615 1374 2780 1444; x_wconf 85' lang='lat' dir='ltr'><strong>quod,</strong></span> <span class='ocrx_word' id='word_1_307' title='bbox 2819 1372 2863 1427; x_wconf 90' lang='lat' dir='ltr'><strong>si</strong></span> <span class='ocrx_word' id='word_1_308' title='bbox 2898 1385 3019 1442; x_wconf 63' lang='lat' dir='ltr'><strong>quae</strong></span> <span class='ocrx_word' id='word_1_309' title='bbox 3052 1370 3193 1425; x_wconf 90' lang='lat' dir='ltr'><strong>diem</strong></span> <span class='ocrx_word' id='word_1_310' title='bbox 3228 1367 3377 1422; x_wconf 91' lang='lat' dir='ltr'><strong>illum</strong></span> <span class='ocrx_word' id='word_1_311' title='bbox 3411 1373 3567 1420; x_wconf 91' lang='lat' dir='ltr'><strong>aute-</strong></span> 
     </span>
    </p>
   </div>
   <div class='ocr_carea' id='block_1_41' title="bbox 1970 1456 3564 1534">
    <p class='ocr_par' dir='ltr' id='par_1_41' title="bbox 1970 1456 3564 1534">
     <span class='ocr_line' id='line_1_41' title="bbox 1970 1456 3564 1534; baseline -0.008 -12"><span class='ocrx_word' id='word_1_312' title='bbox 1970 1480 2188 1523; x_wconf 88' lang='lat' dir='ltr'><strong>cessura</strong></span> <span class='ocrx_word' id='word_1_313' title='bbox 2229 1474 2416 1532; x_wconf 83' lang='lat' dir='ltr'><strong>erant,</strong></span> <span class='ocrx_word' id='word_1_314' title='bbox 2456 1472 2675 1533; x_wconf 82' lang='lat' dir='ltr'><strong>nosset,</strong></span> <span class='ocrx_word' id='word_1_315' title='bbox 2716 1463 2890 1534; x_wconf 88' lang='lat' dir='ltr'><strong>ipsum</strong></span> <span class='ocrx_word' id='word_1_316' title='bbox 2935 1462 3101 1517; x_wconf 90' lang='lat' dir='ltr'><strong>etiam</strong></span> <span class='ocrx_word' id='word_1_317' title='bbox 3145 1459 3284 1515; x_wconf 89' lang='lat' dir='ltr'><strong>diem</strong></span> <span class='ocrx_word' id='word_1_318' title='bbox 3326 1456 3564 1513; x_wconf 89' lang='lat' dir='ltr'><strong>noverit.</strong></span> 
     </span>
    </p>
   </div>
   <div class='ocr_carea' id='block_1_42' title="bbox 1970 1544 3565 1626">
    <p class='ocr_par' dir='ltr' id='par_1_42' title="bbox 1970 1544 3565 1626">
     <span class='ocr_line' id='line_1_42' title="bbox 1970 1544 3565 1626; baseline -0.008 -16"><span class='ocrx_word' id='word_1_319' title='bbox 1970 1554 2105 1611; x_wconf 84' lang='lat' dir='ltr'><strong>Nam</strong></span> <span class='ocrx_word' id='word_1_320' title='bbox 2137 1562 2258 1626; x_wconf 88' lang='lat' dir='ltr'><strong>post</strong></span> <span class='ocrx_word' id='word_1_321' title='bbox 2288 1555 2376 1610; x_wconf 88' lang='lat' dir='ltr'><strong>illa</strong></span> <span class='ocrx_word' id='word_1_322' title='bbox 2407 1568 2529 1624; x_wconf 69' lang='lat' dir='ltr'><strong>quae</strong></span> <span class='ocrx_word' id='word_1_323' title='bbox 2556 1553 2626 1609; x_wconf 88' lang='lat' dir='ltr'><strong>ab</strong></span> <span class='ocrx_word' id='word_1_324' title='bbox 2652 1553 2772 1622; x_wconf 89' lang='lat' dir='ltr'><strong>ipso</strong></span> <span class='ocrx_word' id='word_1_325' title='bbox 2800 1551 3056 1623; x_wconf 80' lang='lat' dir='ltr'><strong>praedicta</strong></span> <span class='ocrx_word' id='word_1_326' title='bbox 3084 1556 3231 1615; x_wconf 90' lang='lat' dir='ltr'><strong>sunt,</strong></span> <span class='ocrx_word' id='word_1_327' title='bbox 3259 1544 3565 1616; x_wconf 83' lang='lat' dir='ltr'><strong>subiungit,</strong></span> 
     </span>
    </p>
   </div>
   <div class='ocr_carea' id='block_1_43' title="bbox 1977 1637 3566 1710">
    <p class='ocr_par' dir='ltr' id='par_1_43' title="bbox 1977 1637 3566 1710">
     <span class='ocr_line' id='line_1_43' title="bbox 1977 1637 3566 1710; baseline -0.006 -10"><span class='ocrx_word' id='word_1_328' title='bbox 1977 1665 1997 1700; x_wconf 81' lang='grc' dir='ltr'>ι</span> <span class='ocrx_word' id='word_1_329' title='bbox 2038 1645 2192 1702; x_wconf 88' lang='lat' dir='ltr'><strong>Tunc</strong></span> <span class='ocrx_word' id='word_1_330' title='bbox 2222 1647 2330 1701; x_wconf 87' lang='lat' dir='ltr'><strong>erit</strong></span> <span class='ocrx_word' id='word_1_331' title='bbox 2364 1644 2491 1701; x_wconf 82' lang='lat' dir='ltr'><strong>ﬁnis</strong></span> <span class='ocrx_word' id='word_1_332' title='bbox 2508 1644 2556 1678; x_wconf 78' lang='lat'><strong>&quot;</strong></span> <span class='ocrx_word' id='word_1_333' title='bbox 2593 1662 2608 1700; x_wconf 90' lang='lat'><strong>:</strong></span> <span class='ocrx_word' id='word_1_334' title='bbox 2654 1662 2674 1696; x_wconf 76' lang='grc' dir='ltr'>ι</span> <span class='ocrx_word' id='word_1_335' title='bbox 2710 1642 2839 1700; x_wconf 80' lang='lat' dir='ltr'><strong>linis</strong></span> <span class='ocrx_word' id='word_1_336' title='bbox 2874 1649 3090 1706; x_wconf 87' lang='lat' dir='ltr'><strong>autem,</strong></span> <span class='ocrx_word' id='word_1_337' title='bbox 3125 1639 3382 1710; x_wconf 87' lang='lat' dir='ltr'><strong>quidnam</strong></span> <span class='ocrx_word' id='word_1_338' title='bbox 3419 1637 3566 1691; x_wconf 85' lang='lat' dir='ltr'><strong>aliud</strong></span> 
     </span>
    </p>
   </div>
   <div class='ocr_carea' id='block_1_44' title="bbox 1972 1733 3567 1811">
    <p class='ocr_par' dir='ltr' id='par_1_44' title="bbox 1972 1733 3567 1811">
     <span class='ocr_line' id='line_1_44' title="bbox 1972 1733 3567 1811; baseline -0.009 -14"><span class='ocrx_word' id='word_1_339' title='bbox 1972 1738 2046 1797; x_wconf 84' lang='lat' dir='ltr'><strong>sit</strong></span> <span class='ocrx_word' id='word_1_340' title='bbox 2080 1754 2243 1811; x_wconf 89' lang='lat' dir='ltr'><strong>quam</strong></span> <span class='ocrx_word' id='word_1_341' title='bbox 2285 1737 2401 1809; x_wconf 91' lang='lat' dir='ltr'><strong>ipse</strong></span> <span class='ocrx_word' id='word_1_342' title='bbox 2438 1736 2661 1793; x_wconf 90' lang='lat' dir='ltr'><strong>ultimus</strong></span> <span class='ocrx_word' id='word_1_343' title='bbox 2698 1735 2848 1803; x_wconf 83' lang='lat' dir='ltr'><strong>dies,</strong></span> <span class='ocrx_word' id='word_1_344' title='bbox 2888 1748 3050 1805; x_wconf 88' lang='lat' dir='ltr'><strong>quem</strong></span> <span class='ocrx_word' id='word_1_345' title='bbox 3091 1733 3347 1804; x_wconf 74' lang='lat' dir='ltr'><strong>ignorare</strong></span> <span class='ocrx_word' id='word_1_346' title='bbox 3384 1742 3444 1785; x_wconf 85' lang='lat' dir='ltr'><strong>se</strong></span> <span class='ocrx_word' id='word_1_347' title='bbox 3482 1743 3567 1783; x_wconf 90' lang='lat' dir='ltr'><strong>re-</strong></span> 
     </span>
    </p>
   </div>
   <div class='ocr_carea' id='block_1_45' title="bbox 1975 1820 3567 1903">
    <p class='ocr_par' dir='ltr' id='par_1_45' title="bbox 1975 1820 3567 1903">
     <span class='ocr_line' id='line_1_45' title="bbox 1975 1820 3567 1903; baseline -0.009 -15"><span class='ocrx_word' id='word_1_348' title='bbox 1975 1840 2162 1903; x_wconf 83' lang='lat' dir='ltr'><strong>spectu</strong></span> <span class='ocrx_word' id='word_1_349' title='bbox 2192 1831 2581 1888; x_wconf 87' lang='lat' dir='ltr'><strong>incarnationis</strong></span> <span class='ocrx_word' id='word_1_350' title='bbox 2612 1829 2785 1894; x_wconf 80' lang='lat' dir='ltr'><strong>dixit,</strong></span> <span class='ocrx_word' id='word_1_351' title='bbox 2815 1828 3064 1885; x_wconf 89' lang='lat' dir='ltr'><strong>ordinem</strong></span> <span class='ocrx_word' id='word_1_352' title='bbox 3093 1833 3151 1881; x_wconf 89' lang='lat' dir='ltr'><strong>et</strong></span> <span class='ocrx_word' id='word_1_353' title='bbox 3179 1823 3435 1880; x_wconf 88' lang='lat' dir='ltr'><strong>decorum</strong></span> <span class='ocrx_word' id='word_1_354' title='bbox 3465 1820 3567 1875; x_wconf 81' lang='lat' dir='ltr'><strong>hu-</strong></span> 
     </span>
    </p>
   </div>
   <div class='ocr_carea' id='block_1_46' title="bbox 1899 1911 3601 1979">
    <p class='ocr_par' dir='ltr' id='par_1_46' title="bbox 1899 1911 3601 1979">
     <span class='ocr_line' id='line_1_46' title="bbox 1899 1911 3601 1979; baseline -0.008 -3"><span class='ocrx_word' id='word_1_355' title='bbox 1899 1917 2219 1978; x_wconf 87' lang='lat' dir='ltr'><strong>Bmanitati</strong></span> <span class='ocrx_word' id='word_1_356' title='bbox 2269 1922 2601 1979; x_wconf 86' lang='lat' dir='ltr'><strong>conveniens</strong></span> <span class='ocrx_word' id='word_1_357' title='bbox 2659 1919 2924 1977; x_wconf 73' lang='lat' dir='ltr'><strong>servans?</strong></span> <span class='ocrx_word' id='word_1_358' title='bbox 2991 1914 3359 1974; x_wconf 74' lang='lat' dir='ltr'><strong>Humanitatis</strong></span> <span class='ocrx_word' id='word_1_359' title='bbox 3418 1911 3601 1968; x_wconf 88' lang='lat' dir='ltr'><strong>enim.</strong></span> 
     </span>
    </p>
   </div>
   <div class='ocr_carea' id='block_1_47' title="bbox 1972 2012 2887 2088">
    <p class='ocr_par' dir='ltr' id='par_1_47' title="bbox 1972 2012 2887 2088">
     <span class='ocr_line' id='line_1_47' title="bbox 1972 2012 2887 2088; baseline -0.005 -16"><span class='ocrx_word' id='word_1_360' title='bbox 1972 2014 2252 2088; x_wconf 76' lang='lat' dir='ltr'><strong>proprium</strong></span> <span class='ocrx_word' id='word_1_361' title='bbox 2280 2024 2365 2072; x_wconf 86' lang='lat' dir='ltr'><strong>est</strong></span> <span class='ocrx_word' id='word_1_362' title='bbox 2387 2012 2570 2071; x_wconf 81' lang='lat' dir='ltr'><strong>futura</strong></span> <span class='ocrx_word' id='word_1_363' title='bbox 2600 2012 2887 2076; x_wconf 59' lang='lat' dir='ltr'><strong>ignorare.</strong></span> 
     </span>
    </p>
   </div>
   <div class='ocr_carea' id='block_1_48' title="bbox 2490 2145 3049 2216">
    <p class='ocr_par' dir='ltr' id='par_1_48' title="bbox 2490 2145 3049 2216">
     <span class='ocr_line' id='line_1_48' title="bbox 2490 2145 3049 2216; baseline -0.009 -12"><span class='ocrx_word' id='word_1_364' title='bbox 2490 2146 2722 2216; x_wconf 76' lang='lat' dir='ltr'><strong>AblUD,</strong></span> <span class='ocrx_word' id='word_1_365' title='bbox 2761 2145 3049 2202; x_wconf 70' lang='lat' dir='ltr'><strong>narratiue.</strong></span> 
     </span>
    </p>
   </div>
   <div class='ocr_carea' id='block_1_49' title="bbox 2042 2256 3599 2334">
    <p class='ocr_par' dir='ltr' id='par_1_49' title="bbox 2042 2256 3599 2334">
     <span class='ocr_line' id='line_1_49' title="bbox 2042 2256 3599 2334; baseline -0.01 -15"><span class='ocrx_word' id='word_1_366' title='bbox 2042 2263 2100 2319; x_wconf 91' lang='lat' dir='ltr'><strong>ln</strong></span> <span class='ocrx_word' id='word_1_367' title='bbox 2131 2263 2198 2320; x_wconf 90' lang='lat' dir='ltr'><strong>iis</strong></span> <span class='ocrx_word' id='word_1_368' title='bbox 2230 2277 2347 2334; x_wconf 82' lang='lat' dir='ltr'><strong>quae</strong></span> <span class='ocrx_word' id='word_1_369' title='bbox 2380 2277 2411 2319; x_wconf 91' lang='lat' dir='ltr'><strong>a</strong></span> <span class='ocrx_word' id='word_1_370' title='bbox 2443 2261 2735 2318; x_wconf 87' lang='lat' dir='ltr'><strong>Servatore</strong></span> <span class='ocrx_word' id='word_1_371' title='bbox 2771 2268 2963 2318; x_wconf 90' lang='lat' dir='ltr'><strong>nostro</strong></span> <span class='ocrx_word' id='word_1_372' title='bbox 2996 2256 3137 2312; x_wconf 84' lang='lat' dir='ltr'><strong>dicta</strong></span> <span class='ocrx_word' id='word_1_373' title='bbox 3170 2260 3320 2321; x_wconf 90' lang='lat' dir='ltr'><strong>sunt,</strong></span> <span class='ocrx_word' id='word_1_374' title='bbox 3352 2257 3599 2321; x_wconf 58' lang='lat' dir='ltr'><strong>oportet</strong></span> 
     </span>
    </p>
   </div>
   <div class='ocr_carea' id='block_1_50' title="bbox 1973 2343 3567 2426">
    <p class='ocr_par' dir='ltr' id='par_1_50' title="bbox 1973 2343 3567 2426">
     <span class='ocr_line' id='line_1_50' title="bbox 1973 2343 3567 2426; baseline -0.008 -14"><span class='ocrx_word' id='word_1_375' title='bbox 1973 2355 2262 2426; x_wconf 68' lang='lat' dir='ltr'><strong>diligenter</strong></span> <span class='ocrx_word' id='word_1_376' title='bbox 2284 2356 2718 2412; x_wconf 77' lang='lat' dir='ltr'><strong>animadvertere</strong></span> <span class='ocrx_word' id='word_1_377' title='bbox 2741 2367 2848 2423; x_wconf 90' lang='lat' dir='ltr'><strong>quo</strong></span> <span class='ocrx_word' id='word_1_378' title='bbox 2877 2348 3116 2424; x_wconf 88' lang='lat' dir='ltr'><strong>quidque</strong></span> <span class='ocrx_word' id='word_1_379' title='bbox 3144 2358 3389 2418; x_wconf 87' lang='lat' dir='ltr'><strong>tempore</strong></span> <span class='ocrx_word' id='word_1_380' title='bbox 3414 2343 3567 2399; x_wconf 80' lang='lat' dir='ltr'><strong>dixe-</strong></span> 
     </span>
    </p>
   </div>
   <div class='ocr_carea' id='block_1_51' title="bbox 1973 2437 3570 2516">
    <p class='ocr_par' dir='ltr' id='par_1_51' title="bbox 1973 2437 3570 2516">
     <span class='ocr_line' id='line_1_51' title="bbox 1973 2437 3570 2516; baseline -0.011 -11"><span class='ocrx_word' id='word_1_381' title='bbox 1973 2449 2074 2516; x_wconf 86' lang='lat' dir='ltr'><strong>rit;</strong></span> <span class='ocrx_word' id='word_1_382' title='bbox 2100 2449 2172 2504; x_wconf 88' lang='lat' dir='ltr'><strong>ita</strong></span> <span class='ocrx_word' id='word_1_383' title='bbox 2199 2447 2344 2503; x_wconf 90' lang='lat' dir='ltr'><strong>enim</strong></span> <span class='ocrx_word' id='word_1_384' title='bbox 2373 2445 2535 2504; x_wconf 78' lang='lat' dir='ltr'><strong>facile</strong></span> <span class='ocrx_word' id='word_1_385' title='bbox 2556 2459 2799 2502; x_wconf 77' lang='lat' dir='ltr'><strong>errorem</strong></span> <span class='ocrx_word' id='word_1_386' title='bbox 2825 2441 3174 2498; x_wconf 82' lang='lat' dir='ltr'><strong>evitabimus.</strong></span> <span class='ocrx_word' id='word_1_387' title='bbox 3198 2437 3258 2493; x_wconf 91' lang='lat' dir='ltr'><strong>Si</strong></span> <span class='ocrx_word' id='word_1_388' title='bbox 3284 2442 3570 2506; x_wconf 78' lang='lat' dir='ltr'><strong>ergo-ante</strong></span> 
     </span>
    </p>
   </div>
   <div class='ocr_carea' id='block_1_52' title="bbox 1972 2525 3569 2597">
    <p class='ocr_par' dir='ltr' id='par_1_52' title="bbox 1972 2525 3569 2597">
     <span class='ocr_line' id='line_1_52' title="bbox 1972 2525 3569 2597; baseline -0.011 -2"><span class='ocrx_word' id='word_1_389' title='bbox 1972 2539 2402 2596; x_wconf 85' lang='lat' dir='ltr'><strong>incarnationem</strong></span> <span class='ocrx_word' id='word_1_390' title='bbox 2449 2534 2684 2594; x_wconf 82' lang='lat' dir='ltr'><strong>Verbum</strong></span> <span class='ocrx_word' id='word_1_391' title='bbox 2734 2533 2828 2590; x_wconf 90' lang='lat' dir='ltr'><strong>Dei</strong></span> <span class='ocrx_word' id='word_1_392' title='bbox 2880 2531 3084 2588; x_wconf 87' lang='lat' dir='ltr'><strong>humile</strong></span> <span class='ocrx_word' id='word_1_393' title='bbox 3134 2526 3338 2597; x_wconf 88' lang='lat' dir='ltr'><strong>aliquid</strong></span> <span class='ocrx_word' id='word_1_394' title='bbox 3388 2525 3457 2581; x_wconf 89' lang='lat' dir='ltr'><strong>de</strong></span> <span class='ocrx_word' id='word_1_395' title='bbox 3507 2538 3569 2578; x_wconf 84' lang='lat' dir='ltr'><strong>se</strong></span> 
     </span>
    </p>
   </div>
   <div class='ocr_carea' id='block_1_53' title="bbox 1972 2618 3569 2700">
    <p class='ocr_par' dir='ltr' id='par_1_53' title="bbox 1972 2618 3569 2700">
     <span class='ocr_line' id='line_1_53' title="bbox 1972 2618 3569 2700; baseline -0.011 -12"><span class='ocrx_word' id='word_1_396' title='bbox 1972 2631 2179 2688; x_wconf 78' lang='lat' dir='ltr'><strong>dixisse</strong></span> <span class='ocrx_word' id='word_1_397' title='bbox 2230 2631 2524 2700; x_wconf 87' lang='lat' dir='ltr'><strong>reperitur,</strong></span> <span class='ocrx_word' id='word_1_398' title='bbox 2560 2626 2925 2685; x_wconf 76' lang='lat' dir='ltr'><strong>divinitatem.</strong></span> <span class='ocrx_word' id='word_1_399' title='bbox 2967 2618 3458 2694; x_wconf 73' lang='lat' dir='ltr'><strong>ejus-obiurgem,</strong></span> <span class='ocrx_word' id='word_1_400' title='bbox 3511 2624 3569 2671; x_wconf 89' lang='lat' dir='ltr'><strong>et</strong></span> 
     </span>
    </p>
   </div>
   <div class='ocr_carea' id='block_1_54' title="bbox 1972 2710 3567 2787">
    <p class='ocr_par' dir='ltr' id='par_1_54' title="bbox 1972 2710 3567 2787">
     <span class='ocr_line' id='line_1_54' title="bbox 1972 2710 3567 2787; baseline -0.013 -5"><span class='ocrx_word' id='word_1_401' title='bbox 1972 2732 2163 2782; x_wconf 88' lang='lat' dir='ltr'><strong>contra</strong></span> <span class='ocrx_word' id='word_1_402' title='bbox 2191 2737 2311 2779; x_wconf 90' lang='lat' dir='ltr'><strong>eam</strong></span> <span class='ocrx_word' id='word_1_403' title='bbox 2365 2723 2575 2779; x_wconf 85' lang='lat' dir='ltr'><strong>dictum</strong></span> <span class='ocrx_word' id='word_1_404' title='bbox 2626 2719 3097 2787; x_wconf 57' lang='lat' dir='ltr'><strong>interpretentur-</strong></span> <span class='ocrx_word' id='word_1_405' title='bbox 3126 2710 3235 2768; x_wconf 88' lang='lat' dir='ltr'><strong>Sin</strong></span> <span class='ocrx_word' id='word_1_406' title='bbox 3262 2724 3395 2766; x_wconf 83' lang='lat' dir='ltr'><strong>vero</strong></span> <span class='ocrx_word' id='word_1_407' title='bbox 3442 2720 3567 2763; x_wconf 87' lang='lat' dir='ltr'><strong>cum</strong></span> 
     </span>
    </p>
   </div>
   <div class='ocr_carea' id='block_1_55' title="bbox 1974 2805 3571 2877">
    <p class='ocr_par' dir='ltr' id='par_1_55' title="bbox 1974 2805 3571 2877">
     <span class='ocr_line' id='line_1_55' title="bbox 1974 2805 3571 2877; baseline -0.013 -5"><span class='ocrx_word' id='word_1_408' title='bbox 1974 2816 2148 2873; x_wconf 78' lang='lat' dir='ltr'><strong>factus</strong></span> <span class='ocrx_word' id='word_1_409' title='bbox 2173 2824 2267 2871; x_wconf 86' lang='lat' dir='ltr'><strong>est</strong></span> <span class='ocrx_word' id='word_1_410' title='bbox 2282 2828 2432 2877; x_wconf 84' lang='lat' dir='ltr'><strong>caro,</strong></span> <span class='ocrx_word' id='word_1_411' title='bbox 2459 2812 2877 2868; x_wconf 84' lang='lat' dir='ltr'><strong>humano-more</strong></span> <span class='ocrx_word' id='word_1_412' title='bbox 2903 2805 3118 2862; x_wconf 83' lang='lat' dir='ltr'><strong>locutus</strong></span> <span class='ocrx_word' id='word_1_413' title='bbox 3144 2810 3250 2869; x_wconf 78' lang='lat' dir='ltr'><strong>est,</strong></span> <span class='ocrx_word' id='word_1_414' title='bbox 3275 2808 3484 2856; x_wconf 78' lang='lat' dir='ltr'><strong>utvere</strong></span> <span class='ocrx_word' id='word_1_415' title='bbox 3509 2811 3571 2853; x_wconf 77' lang='lat' dir='ltr'><strong>se</strong></span> 
     </span>
    </p>
   </div>
   <div class='ocr_carea' id='block_1_56' title="bbox 1974 2892 3569 2968">
    <p class='ocr_par' dir='ltr' id='par_1_56' title="bbox 1974 2892 3569 2968">
     <span class='ocr_line' id='line_1_56' title="bbox 1974 2892 3569 2968; baseline -0.013 -6"><span class='ocrx_word' id='word_1_416' title='bbox 1974 2905 2248 2963; x_wconf 83' lang='lat' dir='ltr'><strong>hominem</strong></span> <span class='ocrx_word' id='word_1_417' title='bbox 2285 2918 2410 2959; x_wconf 89' lang='lat' dir='ltr'><strong>esse</strong></span> <span class='ocrx_word' id='word_1_418' title='bbox 2446 2899 2739 2965; x_wconf 71' lang='lat' dir='ltr'><strong>ostendat,</strong></span> <span class='ocrx_word' id='word_1_419' title='bbox 2764 2912 2876 2968; x_wconf 90' lang='lat' dir='ltr'><strong>quo</strong></span> <span class='ocrx_word' id='word_1_420' title='bbox 2908 2904 3068 2967; x_wconf 87' lang='lat' dir='ltr'><strong>pacto</strong></span> <span class='ocrx_word' id='word_1_421' title='bbox 3098 2908 3207 2949; x_wconf 90' lang='lat' dir='ltr'><strong>non</strong></span> <span class='ocrx_word' id='word_1_422' title='bbox 3237 2892 3311 2948; x_wconf 89' lang='lat' dir='ltr'><strong>sit</strong></span> <span class='ocrx_word' id='word_1_423' title='bbox 3337 2902 3569 2946; x_wconf 86' lang='lat' dir='ltr'><strong>consen-</strong></span> 
     </span>
    </p>
   </div>
   <div class='ocr_carea' id='block_1_57' title="bbox 1974 2986 3572 3058">
    <p class='ocr_par' dir='ltr' id='par_1_57' title="bbox 1974 2986 3572 3058">
     <span class='ocr_line' id='line_1_57' title="bbox 1974 2986 3572 3058; baseline -0.012 -4"><span class='ocrx_word' id='word_1_424' title='bbox 1974 3007 2194 3055; x_wconf 79' lang='lat' dir='ltr'><strong>taneum</strong></span> <span class='ocrx_word' id='word_1_425' title='bbox 2223 2996 2291 3053; x_wconf 90' lang='lat' dir='ltr'><strong>ad</strong></span> <span class='ocrx_word' id='word_1_426' title='bbox 2322 2994 2715 3052; x_wconf 84' lang='lat' dir='ltr'><strong>humanitatem</strong></span> <span class='ocrx_word' id='word_1_427' title='bbox 2770 2988 2982 3046; x_wconf 75' lang='lat' dir='ltr'><strong>referre</strong></span> <span class='ocrx_word' id='word_1_428' title='bbox 3005 3001 3126 3058; x_wconf 85' lang='lat' dir='ltr'><strong>quae</strong></span> <span class='ocrx_word' id='word_1_429' title='bbox 3153 2986 3393 3041; x_wconf 85' lang='lat' dir='ltr'><strong>humano</strong></span> <span class='ocrx_word' id='word_1_430' title='bbox 3418 2994 3572 3037; x_wconf 84' lang='lat' dir='ltr'><strong>more</strong></span> 
     </span>
    </p>
   </div>
   <div class='ocr_carea' id='block_1_58' title="bbox 1973 3076 3571 3152">
    <p class='ocr_par' dir='ltr' id='par_1_58' title="bbox 1973 3076 3571 3152">
     <span class='ocr_line' id='line_1_58' title="bbox 1973 3076 3571 3152; baseline -0.009 -9"><span class='ocrx_word' id='word_1_431' title='bbox 1973 3088 2127 3145; x_wconf 81' lang='lat' dir='ltr'><strong>dixit.</strong></span> <span class='ocrx_word' id='word_1_432' title='bbox 2158 3087 2280 3152; x_wconf 81' lang='lat' dir='ltr'><strong>Hoc</strong></span> <span class='ocrx_word' id='word_1_433' title='bbox 2309 3086 2455 3143; x_wconf 89' lang='lat' dir='ltr'><strong>enim</strong></span> <span class='ocrx_word' id='word_1_434' title='bbox 2488 3093 2575 3142; x_wconf 89' lang='lat' dir='ltr'><strong>est</strong></span> <span class='ocrx_word' id='word_1_435' title='bbox 2603 3098 2728 3141; x_wconf 88' lang='lat' dir='ltr'><strong>sese</strong></span> <span class='ocrx_word' id='word_1_436' title='bbox 2756 3076 3220 3138; x_wconf 83' lang='lat' dir='ltr'><strong>administrationi</strong></span> <span class='ocrx_word' id='word_1_437' title='bbox 3252 3088 3417 3146; x_wconf 84' lang='lat' dir='ltr'><strong>quam</strong></span> <span class='ocrx_word' id='word_1_438' title='bbox 3449 3087 3571 3129; x_wconf 85' lang='lat' dir='ltr'><strong>sus—</strong></span> 
     </span>
    </p>
   </div>
   <div class='ocr_carea' id='block_1_59' title="bbox 1972 3162 3568 3251">
    <p class='ocr_par' dir='ltr' id='par_1_59' title="bbox 1972 3162 3568 3251">
     <span class='ocr_line' id='line_1_59' title="bbox 1972 3162 3568 3251; baseline -0.014 -13"><span class='ocrx_word' id='word_1_439' title='bbox 1972 3180 2156 3251; x_wconf 82' lang='lat' dir='ltr'><strong>cepit,</strong></span> <span class='ocrx_word' id='word_1_440' title='bbox 2207 3179 2324 3235; x_wconf 84' lang='lat' dir='ltr'><strong>sive</strong></span> <span class='ocrx_word' id='word_1_441' title='bbox 2383 3173 2788 3237; x_wconf 89' lang='lat' dir='ltr'><strong>incamationi,</strong></span> <span class='ocrx_word' id='word_1_442' title='bbox 2840 3166 3275 3226; x_wconf 88' lang='lat' dir='ltr'><strong>accommodare.</strong></span> <span class='ocrx_word' id='word_1_443' title='bbox 3327 3163 3465 3219; x_wconf 85' lang='lat' dir='ltr'><strong>Nam</strong></span> <span class='ocrx_word' id='word_1_444' title='bbox 3521 3162 3568 3217; x_wconf 87' lang='lat' dir='ltr'><strong>si</strong></span> 
     </span>
    </p>
   </div>
   <div class='ocr_carea' id='block_1_60' title="bbox 278 3251 1875 3345">
    <p class='ocr_par' dir='ltr' id='par_1_60' title="bbox 278 3251 1872 3345">
     <span class='ocr_line' id='line_1_60' title="bbox 278 3251 1872 3345; baseline 0.001 -20"><span class='ocrx_word' id='word_1_445' title='bbox 278 3282 375 3333; x_wconf 63' lang='grc' dir='ltr'><strong>πς,</strong></span> <span class='ocrx_word' id='word_1_446' title='bbox 407 3267 651 3324; x_wconf 75' lang='grc' dir='ltr'>λαλείτω</span> <span class='ocrx_word' id='word_1_447' title='bbox 682 3268 872 3325; x_wconf 86' lang='grc' dir='ltr'>πάντα</span> <span class='ocrx_word' id='word_1_448' title='bbox 907 3270 986 3334; x_wconf 81' lang='grc' dir='ltr'><strong>ὡς</strong></span> <span class='ocrx_word' id='word_1_449' title='bbox 1016 3269 1182 3336; x_wconf 68' lang='lat'><strong>8:6;-</strong></span> <span class='ocrx_word' id='word_1_450' title='bbox 1220 3251 1270 3326; x_wconf 86' lang='grc' dir='ltr'><strong>εί</strong></span> <span class='ocrx_word' id='word_1_451' title='bbox 1297 3273 1354 3327; x_wconf 84' lang='grc' dir='ltr'>δὲ</span> <span class='ocrx_word' id='word_1_452' title='bbox 1394 3273 1621 3343; x_wconf 78' lang='grc' dir='ltr'>γέγονεν</span> <span class='ocrx_word' id='word_1_453' title='bbox 1657 3251 1872 3345; x_wconf 77' lang='grc' dir='ltr'>ἄνθρω-</span> 
     </span>
    </p>
   </div>
   <div class='ocr_carea' id='block_1_61' title="bbox 1979 3251 3606 3345">
    <p class='ocr_par' dir='ltr' id='par_1_61' title="bbox 1979 3251 3606 3336">
     <span class='ocr_line' id='line_1_61' title="bbox 1979 3251 3606 3336; baseline -0.018 -3"><span class='ocrx_word' id='word_1_454' title='bbox 1979 3278 2143 3333; x_wconf 90' lang='lat' dir='ltr'><strong>homo</strong></span> <span class='ocrx_word' id='word_1_455' title='bbox 2179 3273 2358 3329; x_wconf 79' lang='lat' dir='ltr'><strong>factus</strong></span> <span class='ocrx_word' id='word_1_456' title='bbox 2391 3286 2498 3327; x_wconf 92' lang='lat' dir='ltr'><strong>non</strong></span> <span class='ocrx_word' id='word_1_457' title='bbox 2539 3277 2655 3333; x_wconf 89' lang='lat' dir='ltr'><strong>est,</strong></span> <span class='ocrx_word' id='word_1_458' title='bbox 2694 3267 2949 3336; x_wconf 87' lang='lat' dir='ltr'><strong>loquatur</strong></span> <span class='ocrx_word' id='word_1_459' title='bbox 2981 3258 3166 3317; x_wconf 90' lang='lat' dir='ltr'><strong>omnia</strong></span> <span class='ocrx_word' id='word_1_460' title='bbox 3206 3265 3268 3312; x_wconf 89' lang='lat' dir='ltr'><strong>ut</strong></span> <span class='ocrx_word' id='word_1_461' title='bbox 3307 3254 3485 3321; x_wconf 84' lang='lat' dir='ltr'><strong>Deus;</strong></span> <span class='ocrx_word' id='word_1_462' title='bbox 3522 3251 3606 3307; x_wconf 72' lang='lat' dir='ltr'><strong>si;</strong></span> 
     </span>
    </p>
   </div>
   <div class='ocr_carea' id='block_1_62' title="bbox 280 3360 1872 3434">
    <p class='ocr_par' dir='ltr' id='par_1_62' title="bbox 280 3360 1872 3434">
     <span class='ocr_line' id='line_1_62' title="bbox 280 3360 1872 3434; baseline -0.003 -12"><span class='ocrx_word' id='word_1_463' title='bbox 280 3373 378 3422; x_wconf 68' lang='grc' dir='ltr'>τως.</span> <span class='ocrx_word' id='word_1_464' title='bbox 397 3361 806 3434; x_wconf 71' lang='grc' dir='ltr'>ωτχωρείσθω</span> <span class='ocrx_word' id='word_1_465' title='bbox 843 3361 1028 3418; x_wconf 79' lang='grc' dir='ltr'>λαλεῖν</span> <span class='ocrx_word' id='word_1_466' title='bbox 1054 3360 1249 3428; x_wconf 76' lang='grc' dir='ltr'>καθὼς</span> <span class='ocrx_word' id='word_1_467' title='bbox 1263 3362 1362 3418; x_wconf 81' lang='grc' dir='ltr'>ἄνθ</span> <span class='ocrx_word' id='word_1_468' title='bbox 1371 3381 1573 3433; x_wconf 82' lang='grc' dir='ltr'>ρωπος,</span> <span class='ocrx_word' id='word_1_469' title='bbox 1596 3364 1751 3421; x_wconf 72' lang='grc' dir='ltr'>οὐδὲν</span> <span class='ocrx_word' id='word_1_470' title='bbox 1773 3363 1872 3419; x_wconf 77' lang='grc' dir='ltr'>αὖ·</span> 
     </span>
    </p>
   </div>
   <div class='ocr_carea' id='block_1_63' title="bbox 287 3447 1871 3528">
    <p class='ocr_par' dir='ltr' id='par_1_63' title="bbox 287 3447 1871 3528">
     <span class='ocr_line' id='line_1_63' title="bbox 287 3447 1871 3528; baseline 0.005 -26"><span class='ocrx_word' id='word_1_471' title='bbox 287 3447 358 3501; x_wconf 62' lang='grc' dir='ltr'>τὸν</span> <span class='ocrx_word' id='word_1_472' title='bbox 386 3449 686 3523; x_wconf 70' lang='grc' dir='ltr'>ἀδικούσης</span> <span class='ocrx_word' id='word_1_473' title='bbox 727 3452 811 3516; x_wconf 83' lang='grc' dir='ltr'><strong>είς</strong></span> <span class='ocrx_word' id='word_1_474' title='bbox 842 3450 938 3506; x_wconf 83' lang='grc' dir='ltr'>τὸν</span> <span class='ocrx_word' id='word_1_475' title='bbox 984 3450 1375 3523; x_wconf 70' lang='grc' dir='ltr'>τῆςθεότητος</span> <span class='ocrx_word' id='word_1_476' title='bbox 1404 3454 1565 3524; x_wconf 82' lang='grc' dir='ltr'>λόγον</span> <span class='ocrx_word' id='word_1_477' title='bbox 1599 3455 1701 3528; x_wconf 80' lang='grc' dir='ltr'>τῆς</span> <span class='ocrx_word' id='word_1_478' title='bbox 1747 3452 1871 3510; x_wconf 83' lang='grc' dir='ltr'>καθ’</span> 
     </span>
    </p>
   </div>
   <div class='ocr_carea' id='block_1_64' title="bbox 296 3539 1930 3618">
    <p class='ocr_par' dir='ltr' id='par_1_64' title="bbox 296 3539 1930 3618">
     <span class='ocr_line' id='line_1_64' title="bbox 296 3539 1930 3618; baseline 0.002 -20"><span class='ocrx_word' id='word_1_479' title='bbox 296 3539 411 3608; x_wconf 67' lang='grc' dir='ltr'><strong>ἡμᾶς</strong></span> <span class='ocrx_word' id='word_1_480' title='bbox 429 3543 775 3615; x_wconf 61' lang='grc' dir='ltr'>οἰκονομίας.</span> <span class='ocrx_word' id='word_1_481' title='bbox 802 3541 977 3598; x_wconf 77' lang='grc' dir='ltr'>Τοῦτο</span> <span class='ocrx_word' id='word_1_482' title='bbox 1004 3544 1119 3616; x_wconf 79' lang='grc' dir='ltr'><strong>γὰρ</strong></span> <span class='ocrx_word' id='word_1_483' title='bbox 1142 3542 1298 3599; x_wconf 76' lang='grc' dir='ltr'>ἔσται</span> <span class='ocrx_word' id='word_1_484' title='bbox 1322 3546 1391 3599; x_wconf 83' lang='grc' dir='ltr'>,τὸ</span> <span class='ocrx_word' id='word_1_485' title='bbox 1421 3545 1573 3618; x_wconf 78' lang='grc' dir='ltr'>παρὰ</span> <span class='ocrx_word' id='word_1_486' title='bbox 1598 3546 1694 3600; x_wconf 83' lang='grc' dir='ltr'>τοῦ</span> <span class='ocrx_word' id='word_1_487' title='bbox 1724 3545 1874 3602; x_wconf 82' lang='grc' dir='ltr'><strong>Παύ-</strong></span> <span class='ocrx_word' id='word_1_488' title='bbox 1924 3560 1930 3567; x_wconf 86' lang='lat'><strong><em>&#39;</em></strong></span> 
     </span>
    </p>
   </div>
   <div class='ocr_carea' id='block_1_65' title="bbox 297 3629 1872 3710">
    <p class='ocr_par' dir='ltr' id='par_1_65' title="bbox 297 3629 1872 3710">
     <span class='ocr_line' id='line_1_65' title="bbox 297 3629 1872 3710; baseline 0.005 -25"><span class='ocrx_word' id='word_1_489' title='bbox 297 3629 372 3685; x_wconf 82' lang='grc' dir='ltr'><strong>λου</strong></span> <span class='ocrx_word' id='word_1_490' title='bbox 393 3633 714 3707; x_wconf 68' lang='grc' dir='ltr'>εἰρημένονο</span> <span class='ocrx_word' id='word_1_491' title='bbox 745 3653 767 3688; x_wconf 85' lang='grc' dir='ltr'>ι</span> <span class='ocrx_word' id='word_1_492' title='bbox 797 3634 1310 3708; x_wconf 75' lang='grc' dir='ltr'>Αίχμαλωτίζοντες</span> <span class='ocrx_word' id='word_1_493' title='bbox 1334 3637 1444 3693; x_wconf 75' lang='grc' dir='ltr'><strong>πᾶν</strong></span> <span class='ocrx_word' id='word_1_494' title='bbox 1471 3637 1653 3709; x_wconf 87' lang='grc' dir='ltr'>νόημα</span> <span class='ocrx_word' id='word_1_495' title='bbox 1676 3639 1759 3702; x_wconf 86' lang='grc' dir='ltr'><strong>είς</strong></span> <span class='ocrx_word' id='word_1_496' title='bbox 1775 3635 1872 3710; x_wconf 72' lang='grc' dir='ltr'>τὴν</span> 
     </span>
    </p>
   </div>
   <div class='ocr_carea' id='block_1_66' title="bbox 289 3722 1871 3802">
    <p class='ocr_par' dir='ltr' id='par_1_66' title="bbox 289 3722 1871 3802">
     <span class='ocr_line' id='line_1_66' title="bbox 289 3722 1871 3802; baseline 0.008 -26"><span class='ocrx_word' id='word_1_497' title='bbox 289 3722 495 3799; x_wconf 71' lang='grc' dir='ltr'>ὑπακοήν</span> <span class='ocrx_word' id='word_1_498' title='bbox 544 3726 652 3781; x_wconf 78' lang='grc' dir='ltr'><strong>τοῦ</strong></span> <span class='ocrx_word' id='word_1_499' title='bbox 704 3726 970 3799; x_wconf 77' lang='grc' dir='ltr'>Χριστοῦ.</span> <span class='ocrx_word' id='word_1_500' title='bbox 997 3745 1020 3782; x_wconf 72' lang='grc' dir='ltr'><strong>ι</strong></span> <span class='ocrx_word' id='word_1_501' title='bbox 1054 3728 1219 3783; x_wconf 85' lang='grc' dir='ltr'>Ἶδιον</span> <span class='ocrx_word' id='word_1_502' title='bbox 1255 3728 1357 3799; x_wconf 80' lang='grc' dir='ltr'>μὲν</span> <span class='ocrx_word' id='word_1_503' title='bbox 1402 3723 1497 3785; x_wconf 78' lang='grc' dir='ltr'><strong>οὖν</strong></span> <span class='ocrx_word' id='word_1_504' title='bbox 1529 3729 1625 3784; x_wconf 82' lang='grc' dir='ltr'>τοῦ</span> <span class='ocrx_word' id='word_1_505' title='bbox 1669 3730 1871 3802; x_wconf 84' lang='grc' dir='ltr'>Λόγου,</span> 
     </span>
    </p>
   </div>
   <div class='ocr_carea' id='block_1_67' title="bbox 272 3816 1872 3895">
    <p class='ocr_par' dir='ltr' id='par_1_67' title="bbox 272 3816 1872 3895">
     <span class='ocr_line' id='line_1_67' title="bbox 272 3816 1872 3895; baseline 0.003 -23"><span class='ocrx_word' id='word_1_506' title='bbox 272 3816 388 3871; x_wconf 71' lang='grc' dir='ltr'>καθὸ</span> <span class='ocrx_word' id='word_1_507' title='bbox 422 3820 610 3889; x_wconf 80' lang='grc' dir='ltr'>Λόγος</span> <span class='ocrx_word' id='word_1_508' title='bbox 634 3818 785 3886; x_wconf 70' lang='grc' dir='ltr'>ἐστὶ,</span> <span class='ocrx_word' id='word_1_509' title='bbox 814 3818 878 3873; x_wconf 87' lang='grc' dir='ltr'><strong>τδ</strong></span> <span class='ocrx_word' id='word_1_510' title='bbox 904 3819 1109 3874; x_wconf 75' lang='grc' dir='ltr'>ειδέναι</span> <span class='ocrx_word' id='word_1_511' title='bbox 1136 3819 1248 3875; x_wconf 84' lang='grc' dir='ltr'>τῶν</span> <span class='ocrx_word' id='word_1_512' title='bbox 1282 3823 1413 3893; x_wconf 82' lang='grc' dir='ltr'>παρ’</span> <span class='ocrx_word' id='word_1_513' title='bbox 1438 3821 1606 3875; x_wconf 81' lang='grc' dir='ltr'>αὑτοῦ</span> <span class='ocrx_word' id='word_1_514' title='bbox 1636 3839 1872 3895; x_wconf 82' lang='grc' dir='ltr'>πεποιη-</span> 
     </span>
    </p>
   </div>
   <div class='ocr_carea' id='block_1_68' title="bbox 268 3910 1874 3987">
    <p class='ocr_par' dir='ltr' id='par_1_68' title="bbox 268 3910 1874 3987">
     <span class='ocr_line' id='line_1_68' title="bbox 268 3910 1874 3987; baseline 0.003 -21"><span class='ocrx_word' id='word_1_515' title='bbox 268 3910 430 3979; x_wconf 78' lang='grc' dir='ltr'>μένων</span> <span class='ocrx_word' id='word_1_516' title='bbox 455 3914 571 3984; x_wconf 77' lang='grc' dir='ltr'>τὴν</span> <span class='ocrx_word' id='word_1_517' title='bbox 599 3912 787 3984; x_wconf 79' lang='grc' dir='ltr'>ἀρχὴν</span> <span class='ocrx_word' id='word_1_518' title='bbox 816 3913 912 3972; x_wconf 74' lang='grc' dir='ltr'>καὶ</span> <span class='ocrx_word' id='word_1_519' title='bbox 942 3912 1012 3969; x_wconf 81' lang='grc' dir='ltr'>τὰ</span> <span class='ocrx_word' id='word_1_520' title='bbox 1042 3912 1202 3984; x_wconf 82' lang='grc' dir='ltr'>τέλη·</span> <span class='ocrx_word' id='word_1_521' title='bbox 1236 3913 1295 3968; x_wconf 85' lang='grc' dir='ltr'>ἓν</span> <span class='ocrx_word' id='word_1_522' title='bbox 1326 3914 1384 3968; x_wconf 82' lang='grc' dir='ltr'>δὲ</span> <span class='ocrx_word' id='word_1_523' title='bbox 1413 3914 1522 3969; x_wconf 85' lang='grc' dir='ltr'>τῶν</span> <span class='ocrx_word' id='word_1_524' title='bbox 1550 3915 1874 3987; x_wconf 79' lang='grc' dir='ltr'>ποιημάτων</span> 
     </span>
    </p>
   </div>
   <div class='ocr_carea' id='block_1_69' title="bbox 258 3998 1875 4076">
    <p class='ocr_par' dir='ltr' id='par_1_69' title="bbox 258 3998 1875 4076">
     <span class='ocr_line' id='line_1_69' title="bbox 258 3998 1875 4076; baseline 0.003 -20"><span class='ocrx_word' id='word_1_525' title='bbox 258 4001 289 4056; x_wconf 80' lang='grc' dir='ltr'><strong><em>ὀ</em></strong></span> <span class='ocrx_word' id='word_1_526' title='bbox 309 4004 525 4074; x_wconf 76' lang='grc' dir='ltr'>χρόνος,</span> <span class='ocrx_word' id='word_1_527' title='bbox 558 4005 664 4058; x_wconf 73' lang='grc' dir='ltr'>καὶ</span> <span class='ocrx_word' id='word_1_528' title='bbox 690 4006 722 4058; x_wconf 82' lang='grc' dir='ltr'>ὁ</span> <span class='ocrx_word' id='word_1_529' title='bbox 752 4005 990 4076; x_wconf 86' lang='grc' dir='ltr'>ποιήσας</span> <span class='ocrx_word' id='word_1_530' title='bbox 1021 4004 1189 4058; x_wconf 72' lang='grc' dir='ltr'>αὐτὸν</span> <span class='ocrx_word' id='word_1_531' title='bbox 1234 3998 1345 4059; x_wconf 77' lang='grc' dir='ltr'><strong>οἷδὲ</strong></span> <span class='ocrx_word' id='word_1_532' title='bbox 1383 4023 1485 4060; x_wconf 87' lang='grc' dir='ltr'><strong>που</strong></span> <span class='ocrx_word' id='word_1_533' title='bbox 1524 4006 1744 4073; x_wconf 89' lang='grc' dir='ltr'>πάντως</span> <span class='ocrx_word' id='word_1_534' title='bbox 1779 4007 1875 4063; x_wconf 80' lang='grc' dir='ltr'>καὶ</span> 
     </span>
    </p>
   </div>
   <div class='ocr_carea' id='block_1_70' title="bbox 259 4096 1583 4171">
    <p class='ocr_par' dir='ltr' id='par_1_70' title="bbox 259 4096 1583 4171">
     <span class='ocr_line' id='line_1_70' title="bbox 259 4096 1583 4171; baseline 0.003 -20"><span class='ocrx_word' id='word_1_535' title='bbox 259 4096 413 4169; x_wconf 72' lang='grc' dir='ltr'>μέχρι</span> <span class='ocrx_word' id='word_1_536' title='bbox 441 4098 605 4162; x_wconf 87' lang='grc' dir='ltr'>τίνος</span> <span class='ocrx_word' id='word_1_537' title='bbox 632 4096 789 4170; x_wconf 79' lang='grc' dir='ltr'>αὐτῷ</span> <span class='ocrx_word' id='word_1_538' title='bbox 808 4096 878 4152; x_wconf 75' lang='grc' dir='ltr'>τὸ</span> <span class='ocrx_word' id='word_1_539' title='bbox 900 4097 1232 4153; x_wconf 77' lang='grc' dir='ltr'>συνεστάναι</span> <span class='ocrx_word' id='word_1_540' title='bbox 1252 4098 1583 4171; x_wconf 76' lang='grc' dir='ltr'>δεδώρηται.</span> 
     </span>
    </p>
   </div>
   <div class='ocr_carea' id='block_1_71' title="bbox 984 4233 1191 4289">
    <p class='ocr_par' dir='ltr' id='par_1_71' title="bbox 984 4233 1191 4289">
     <span class='ocr_line' id='line_1_71' title="bbox 984 4233 1191 4289; baseline -0.01 -2"><span class='ocrx_word' id='word_1_541' title='bbox 984 4233 1191 4289; x_wconf 72' lang='grc' dir='ltr'><strong>ΛΛΔΟ.</strong></span> 
     </span>
    </p>
   </div>
   <div class='ocr_carea' id='block_1_72' title="bbox 315 4345 1870 4420">
    <p class='ocr_par' dir='ltr' id='par_1_72' title="bbox 315 4345 1870 4420">
     <span class='ocr_line' id='line_1_72' title="bbox 315 4345 1870 4420; baseline -0.003 -16"><span class='ocrx_word' id='word_1_542' title='bbox 315 4351 493 4420; x_wconf 80' lang='grc' dir='ltr'>Λέγει</span> <span class='ocrx_word' id='word_1_543' title='bbox 533 4365 646 4402; x_wconf 86' lang='grc' dir='ltr'><strong>που</strong></span> <span class='ocrx_word' id='word_1_544' title='bbox 679 4347 817 4419; x_wconf 81' lang='grc' dir='ltr'>πρὸς</span> <span class='ocrx_word' id='word_1_545' title='bbox 844 4346 937 4402; x_wconf 81' lang='grc' dir='ltr'>τὸν</span> <span class='ocrx_word' id='word_1_546' title='bbox 962 4345 1163 4401; x_wconf 68' lang='grc' dir='ltr'>ἑαυτοῦ</span> <span class='ocrx_word' id='word_1_547' title='bbox 1195 4346 1418 4419; x_wconf 77' lang='grc' dir='ltr'>Πατέρα</span> <span class='ocrx_word' id='word_1_548' title='bbox 1454 4345 1870 4417; x_wconf 65' lang='grc' dir='ltr'>διαλεγόμενοςθ</span> 
     </span>
    </p>
   </div>
   <div class='ocr_carea' id='block_1_73' title="bbox 255 4437 1869 4516">
    <p class='ocr_par' dir='ltr' id='par_1_73' title="bbox 255 4437 1869 4516">
     <span class='ocr_line' id='line_1_73' title="bbox 255 4437 1869 4516; baseline -0.002 -21"><span class='ocrx_word' id='word_1_549' title='bbox 255 4460 276 4495; x_wconf 79' lang='grc' dir='ltr'>ι</span> <span class='ocrx_word' id='word_1_550' title='bbox 304 4445 528 4516; x_wconf 80' lang='grc' dir='ltr'>Πάτερ,</span> <span class='ocrx_word' id='word_1_551' title='bbox 569 4439 835 4512; x_wconf 68' lang='grc' dir='ltr'>ιλήλυθεν</span> <span class='ocrx_word' id='word_1_552' title='bbox 866 4441 901 4512; x_wconf 81' lang='grc' dir='ltr'><strong>ἡ</strong></span> <span class='ocrx_word' id='word_1_553' title='bbox 933 4439 1088 4513; x_wconf 85' lang='grc' dir='ltr'>ὥρα,</span> <span class='ocrx_word' id='word_1_554' title='bbox 1133 4439 1358 4505; x_wconf 79' lang='grc' dir='ltr'>δόξασόν</span> <span class='ocrx_word' id='word_1_555' title='bbox 1401 4456 1497 4493; x_wconf 88' lang='grc' dir='ltr'><strong>σου</strong></span> <span class='ocrx_word' id='word_1_556' title='bbox 1547 4438 1641 4493; x_wconf 80' lang='grc' dir='ltr'><strong>τὸν</strong></span> <span class='ocrx_word' id='word_1_557' title='bbox 1672 4437 1822 4493; x_wconf 82' lang='grc' dir='ltr'>Υίόν.</span> <span class='ocrx_word' id='word_1_558' title='bbox 1849 4457 1869 4492; x_wconf 75' lang='grc' dir='ltr'>ι</span> 
     </span>
    </p>
   </div>
   <div class='ocr_carea' id='block_1_74' title="bbox 1977 3345 3573 3429">
    <p class='ocr_par' dir='ltr' id='par_1_74' title="bbox 1977 3345 3573 3429">
     <span class='ocr_line' id='line_1_74' title="bbox 1977 3345 3573 3429; baseline -0.018 -2"><span class='ocrx_word' id='word_1_559' title='bbox 1977 3382 2111 3425; x_wconf 81' lang='lat' dir='ltr'><strong>vero</strong></span> <span class='ocrx_word' id='word_1_560' title='bbox 2141 3368 2317 3424; x_wconf 78' lang='lat' dir='ltr'><strong>factus</strong></span> <span class='ocrx_word' id='word_1_561' title='bbox 2343 3372 2429 3423; x_wconf 90' lang='lat' dir='ltr'><strong>est</strong></span> <span class='ocrx_word' id='word_1_562' title='bbox 2456 3365 2651 3429; x_wconf 89' lang='lat' dir='ltr'><strong>homo,</strong></span> <span class='ocrx_word' id='word_1_563' title='bbox 2681 3357 3018 3416; x_wconf 83' lang='lat' dir='ltr'><strong>concedatur</strong></span> <span class='ocrx_word' id='word_1_564' title='bbox 3053 3348 3305 3409; x_wconf 36' lang='lat' dir='ltr'><strong>etiamkei</strong></span> <span class='ocrx_word' id='word_1_565' title='bbox 3340 3345 3573 3402; x_wconf 72' lang='lat' dir='ltr'><strong>utsicut</strong></span> 
     </span>
    </p>
   </div>
   <div class='ocr_carea' id='block_1_75' title="bbox 1981 3437 3572 3530">
    <p class='ocr_par' dir='ltr' id='par_1_75' title="bbox 1981 3437 3572 3530">
     <span class='ocr_line' id='line_1_75' title="bbox 1981 3437 3572 3530; baseline -0.018 -11"><span class='ocrx_word' id='word_1_566' title='bbox 1981 3463 2146 3519; x_wconf 89' lang='lat' dir='ltr'><strong>homo</strong></span> <span class='ocrx_word' id='word_1_567' title='bbox 2170 3459 2445 3530; x_wconf 87' lang='lat' dir='ltr'><strong>loquatur,</strong></span> <span class='ocrx_word' id='word_1_568' title='bbox 2469 3471 2595 3513; x_wconf 88' lang='lat' dir='ltr'><strong>cum</strong></span> <span class='ocrx_word' id='word_1_569' title='bbox 2622 3450 2924 3510; x_wconf 82' lang='lat' dir='ltr'><strong>incarnatio</strong></span> <span class='ocrx_word' id='word_1_570' title='bbox 2951 3461 3059 3519; x_wconf 77' lang='lat' dir='ltr'><strong>qua</strong></span> <span class='ocrx_word' id='word_1_571' title='bbox 3085 3444 3243 3501; x_wconf 86' lang='lat' dir='ltr'><strong>nobis</strong></span> <span class='ocrx_word' id='word_1_572' title='bbox 3269 3440 3464 3499; x_wconf 87' lang='lat' dir='ltr'><strong>similis</strong></span> <span class='ocrx_word' id='word_1_573' title='bbox 3489 3437 3572 3492; x_wconf 78' lang='lat' dir='ltr'><strong>fa-</strong></span> 
     </span>
    </p>
   </div>
   <div class='ocr_carea' id='block_1_76' title="bbox 1980 3532 3578 3621">
    <p class='ocr_par' dir='ltr' id='par_1_76' title="bbox 1980 3532 3578 3621">
     <span class='ocr_line' id='line_1_76' title="bbox 1980 3532 3578 3621; baseline -0.017 -9"><span class='ocrx_word' id='word_1_574' title='bbox 1980 3562 2102 3613; x_wconf 78' lang='lat' dir='ltr'><strong>ctos</strong></span> <span class='ocrx_word' id='word_1_575' title='bbox 2132 3561 2246 3620; x_wconf 87' lang='lat' dir='ltr'><strong>est,</strong></span> <span class='ocrx_word' id='word_1_576' title='bbox 2281 3549 2416 3607; x_wconf 83' lang='lat' dir='ltr'><strong>nihil</strong></span> <span class='ocrx_word' id='word_1_577' title='bbox 2449 3548 2568 3621; x_wconf 74' lang='lat' dir='ltr'><strong>eius</strong></span> <span class='ocrx_word' id='word_1_578' title='bbox 2601 3541 2874 3603; x_wconf 85' lang='lat' dir='ltr'><strong>divinitati</strong></span> <span class='ocrx_word' id='word_1_579' title='bbox 2904 3539 3128 3598; x_wconf 80' lang='lat' dir='ltr'><strong>olliciat.</strong></span> <span class='ocrx_word' id='word_1_580' title='bbox 3161 3534 3278 3592; x_wconf 79' lang='lat' dir='ltr'><strong>Hoc</strong></span> <span class='ocrx_word' id='word_1_581' title='bbox 3310 3532 3457 3591; x_wconf 90' lang='lat' dir='ltr'><strong>enim</strong></span> <span class='ocrx_word' id='word_1_582' title='bbox 3487 3538 3578 3587; x_wconf 86' lang='lat' dir='ltr'><strong>est</strong></span> 
     </span>
    </p>
   </div>
   <div class='ocr_carea' id='block_1_77' title="bbox 1980 3624 3574 3720">
    <p class='ocr_par' dir='ltr' id='par_1_77' title="bbox 1980 3624 3574 3720">
     <span class='ocr_line' id='line_1_77' title="bbox 1980 3624 3574 3720; baseline -0.018 -14"><span class='ocrx_word' id='word_1_583' title='bbox 1980 3649 2126 3720; x_wconf 85' lang='lat' dir='ltr'><strong>quod</strong></span> <span class='ocrx_word' id='word_1_584' title='bbox 2157 3661 2190 3703; x_wconf 87' lang='lat' dir='ltr'><strong>a</strong></span> <span class='ocrx_word' id='word_1_585' title='bbox 2217 3644 2387 3703; x_wconf 81' lang='lat' dir='ltr'><strong>Paulo</strong></span> <span class='ocrx_word' id='word_1_586' title='bbox 2413 3642 2618 3700; x_wconf 89' lang='lat' dir='ltr'><strong>dictum</strong></span> <span class='ocrx_word' id='word_1_587' title='bbox 2646 3646 2733 3695; x_wconf 84' lang='lat' dir='ltr'><strong>est</strong></span> <span class='ocrx_word' id='word_1_588' title='bbox 2759 3655 2773 3692; x_wconf 92' lang='lat'><strong>:</strong></span> <span class='ocrx_word' id='word_1_589' title='bbox 2812 3653 2832 3690; x_wconf 84' lang='grc' dir='ltr'>ι</span> <span class='ocrx_word' id='word_1_590' title='bbox 2868 3633 3220 3704; x_wconf 83' lang='lat' dir='ltr'><strong>Captivantes</strong></span> <span class='ocrx_word' id='word_1_591' title='bbox 3242 3624 3574 3720; x_wconf 75' lang='lat' dir='ltr'><strong>omnemin-</strong></span> 
     </span>
    </p>
   </div>
   <div class='ocr_carea' id='block_1_78' title="bbox 1982 3715 3573 3798">
    <p class='ocr_par' dir='ltr' id='par_1_78' title="bbox 1982 3715 3573 3798">
     <span class='ocr_line' id='line_1_78' title="bbox 1982 3715 3573 3798; baseline -0.018 -1"><span class='ocrx_word' id='word_1_592' title='bbox 1982 3715 2254 3798; x_wconf 57' lang='lat' dir='ltr'><strong>titllectum</strong></span> <span class='ocrx_word' id='word_1_593' title='bbox 2284 3739 2342 3794; x_wconf 89' lang='lat' dir='ltr'><strong>in</strong></span> <span class='ocrx_word' id='word_1_594' title='bbox 2370 3732 2737 3793; x_wconf 89' lang='lat' dir='ltr'><strong>obedientiam</strong></span> <span class='ocrx_word' id='word_1_595' title='bbox 2765 3725 2971 3786; x_wconf 87' lang='lat' dir='ltr'><strong>Christi</strong></span> <span class='ocrx_word' id='word_1_596' title='bbox 2984 3725 3053 3780; x_wconf 79' lang='lat'><strong>&quot;.</strong></span> <span class='ocrx_word' id='word_1_597' title='bbox 3093 3742 3113 3777; x_wconf 76' lang='grc' dir='ltr'>ι</span> <span class='ocrx_word' id='word_1_598' title='bbox 3148 3719 3438 3792; x_wconf 85' lang='lat' dir='ltr'><strong>Proprium</strong></span> <span class='ocrx_word' id='word_1_599' title='bbox 3470 3715 3573 3771; x_wconf 87' lang='lat' dir='ltr'><strong>ita-</strong></span> 
     </span>
    </p>
   </div>
   <div class='ocr_carea' id='block_1_79' title="bbox 1980 3818 3575 3907">
    <p class='ocr_par' dir='ltr' id='par_1_79' title="bbox 1980 3818 3575 3907">
     <span class='ocr_line' id='line_1_79' title="bbox 1980 3818 3575 3907; baseline -0.019 -15"><span class='ocrx_word' id='word_1_600' title='bbox 1980 3848 2090 3907; x_wconf 86' lang='lat' dir='ltr'><strong>que</strong></span> <span class='ocrx_word' id='word_1_601' title='bbox 2120 3840 2203 3889; x_wconf 88' lang='lat' dir='ltr'><strong>est</strong></span> <span class='ocrx_word' id='word_1_602' title='bbox 2228 3831 2430 3897; x_wconf 85' lang='lat' dir='ltr'><strong>Verbo,</strong></span> <span class='ocrx_word' id='word_1_603' title='bbox 2468 3834 2738 3898; x_wconf 89' lang='lat' dir='ltr'><strong>quatenus</strong></span> <span class='ocrx_word' id='word_1_604' title='bbox 2761 3819 3000 3878; x_wconf 77' lang='lat' dir='ltr'><strong>Verbum</strong></span> <span class='ocrx_word' id='word_1_605' title='bbox 3037 3823 3144 3882; x_wconf 86' lang='lat' dir='ltr'><strong>est,</strong></span> <span class='ocrx_word' id='word_1_606' title='bbox 3184 3825 3350 3869; x_wconf 88' lang='lat' dir='ltr'><strong>nosse</strong></span> <span class='ocrx_word' id='word_1_607' title='bbox 3383 3818 3575 3864; x_wconf 83' lang='lat' dir='ltr'><strong>eorum</strong></span> 
     </span>
    </p>
   </div>
   <div class='ocr_carea' id='block_1_80' title="bbox 1982 3904 3571 3998">
    <p class='ocr_par' dir='ltr' id='par_1_80' title="bbox 1982 3904 3571 3998">
     <span class='ocr_line' id='line_1_80' title="bbox 1982 3904 3571 3998; baseline -0.021 -13"><span class='ocrx_word' id='word_1_608' title='bbox 1982 3904 2102 3998; x_wconf 74' lang='lat' dir='ltr'><strong>quae</strong></span> <span class='ocrx_word' id='word_1_609' title='bbox 2137 3924 2207 3980; x_wconf 90' lang='lat' dir='ltr'><strong>ab</strong></span> <span class='ocrx_word' id='word_1_610' title='bbox 2241 3923 2360 3995; x_wconf 89' lang='lat' dir='ltr'><strong>ipso</strong></span> <span class='ocrx_word' id='word_1_611' title='bbox 2389 3918 2609 3977; x_wconf 88' lang='lat' dir='ltr'><strong>condita</strong></span> <span class='ocrx_word' id='word_1_612' title='bbox 2643 3923 2783 3973; x_wconf 78' lang='lat' dir='ltr'><strong>sunt</strong></span> <span class='ocrx_word' id='word_1_613' title='bbox 2807 3908 3073 3985; x_wconf 81' lang='lat' dir='ltr'><strong>principia</strong></span> <span class='ocrx_word' id='word_1_614' title='bbox 3108 3915 3165 3962; x_wconf 89' lang='lat' dir='ltr'><strong>et</strong></span> <span class='ocrx_word' id='word_1_615' title='bbox 3203 3904 3371 3969; x_wconf 79' lang='lat' dir='ltr'><strong>lines;</strong></span> <span class='ocrx_word' id='word_1_616' title='bbox 3402 3913 3571 3998; x_wconf 80' lang='lat' dir='ltr'><strong>unum</strong></span> 
     </span>
    </p>
   </div>
   <div class='ocr_carea' id='block_1_81' title="bbox 1981 3989 3572 4083">
    <p class='ocr_par' dir='ltr' id='par_1_81' title="bbox 1981 3989 3572 4083">
     <span class='ocr_line' id='line_1_81' title="bbox 1981 3989 3572 4083; baseline -0.016 -13"><span class='ocrx_word' id='word_1_617' title='bbox 1981 3989 2116 4074; x_wconf 72' lang='lat' dir='ltr'><strong>vero</strong></span> <span class='ocrx_word' id='word_1_618' title='bbox 2153 3989 2343 4072; x_wconf 83' lang='lat' dir='ltr'><strong>eorum</strong></span> <span class='ocrx_word' id='word_1_619' title='bbox 2384 4026 2506 4083; x_wconf 80' lang='lat' dir='ltr'><strong>quae</strong></span> <span class='ocrx_word' id='word_1_620' title='bbox 2546 4007 2765 4066; x_wconf 86' lang='lat' dir='ltr'><strong>condita</strong></span> <span class='ocrx_word' id='word_1_621' title='bbox 2801 4011 2930 4060; x_wconf 88' lang='lat' dir='ltr'><strong>sunt</strong></span> <span class='ocrx_word' id='word_1_622' title='bbox 2952 4011 3053 4058; x_wconf 88' lang='lat' dir='ltr'><strong>.est</strong></span> <span class='ocrx_word' id='word_1_623' title='bbox 3101 4007 3344 4067; x_wconf 79' lang='lat' dir='ltr'><strong>tempus,</strong></span> <span class='ocrx_word' id='word_1_624' title='bbox 3386 4000 3442 4048; x_wconf 89' lang='lat' dir='ltr'><strong>ct</strong></span> <span class='ocrx_word' id='word_1_625' title='bbox 3479 3989 3572 4062; x_wconf 73' lang='lat' dir='ltr'><strong>qui</strong></span> 
     </span>
    </p>
   </div>
   <div class='ocr_carea' id='block_1_82' title="bbox 1982 4088 3570 4177">
    <p class='ocr_par' dir='ltr' id='par_1_82' title="bbox 1982 4088 3570 4177">
     <span class='ocr_line' id='line_1_82' title="bbox 1982 4088 3570 4177; baseline -0.016 -14"><span class='ocrx_word' id='word_1_626' title='bbox 1982 4116 2197 4177; x_wconf 89' lang='lat' dir='ltr'><strong>tempus</strong></span> <span class='ocrx_word' id='word_1_627' title='bbox 2226 4101 2499 4169; x_wconf 79' lang='lat' dir='ltr'><strong>condidit,</strong></span> <span class='ocrx_word' id='word_1_628' title='bbox 2526 4097 2678 4158; x_wconf 88' lang='lat' dir='ltr'><strong>novit</strong></span> <span class='ocrx_word' id='word_1_629' title='bbox 2705 4093 2946 4169; x_wconf 88' lang='lat' dir='ltr'><strong>quandiu</strong></span> <span class='ocrx_word' id='word_1_630' title='bbox 2976 4089 3107 4147; x_wconf 88' lang='lat' dir='ltr'><strong>illud</strong></span> <span class='ocrx_word' id='word_1_631' title='bbox 3133 4088 3570 4144; x_wconf 83' lang='lat' dir='ltr'><strong>sitduraturum.</strong></span> 
     </span>
    </p>
   </div>
   <div class='ocr_carea' id='block_1_83' title="bbox 2662 4228 2915 4287">
    <p class='ocr_par' dir='ltr' id='par_1_83' title="bbox 2662 4228 2915 4287">
     <span class='ocr_line' id='line_1_83' title="bbox 2662 4228 2915 4287; baseline -0.016 0"><span class='ocrx_word' id='word_1_632' title='bbox 2662 4228 2915 4287; x_wconf 62' lang='grc' dir='ltr'><strong>Λίδη]ομ</strong></span> 
     </span>
    </p>
   </div>
   <div class='ocr_carea' id='block_1_84' title="bbox 2056 4331 3576 4409">
    <p class='ocr_par' dir='ltr' id='par_1_84' title="bbox 2056 4331 3576 4409">
     <span class='ocr_line' id='line_1_84' title="bbox 2056 4331 3576 4409; baseline -0.014 0"><span class='ocrx_word' id='word_1_633' title='bbox 2056 4351 2316 4409; x_wconf 83' lang='lat' dir='ltr'><strong>Servatur</strong></span> <span class='ocrx_word' id='word_1_634' title='bbox 2346 4347 2543 4405; x_wconf 86' lang='lat' dir='ltr'><strong>alicubi</strong></span> <span class='ocrx_word' id='word_1_635' title='bbox 2579 4347 2645 4402; x_wconf 88' lang='lat' dir='ltr'><strong>ad</strong></span> <span class='ocrx_word' id='word_1_636' title='bbox 2681 4345 2898 4400; x_wconf 88' lang='lat' dir='ltr'><strong>Patrem</strong></span> <span class='ocrx_word' id='word_1_637' title='bbox 2935 4355 3092 4399; x_wconf 88' lang='lat' dir='ltr'><strong>suum</strong></span> <span class='ocrx_word' id='word_1_638' title='bbox 3129 4338 3203 4392; x_wconf 89' lang='lat' dir='ltr'><strong>ita</strong></span> <span class='ocrx_word' id='word_1_639' title='bbox 3239 4336 3316 4390; x_wconf 92' lang='lat' dir='ltr'><strong>ait</strong></span> <span class='ocrx_word' id='word_1_640' title='bbox 3354 4354 3367 4390; x_wconf 90' lang='lat'><strong>:</strong></span> <span class='ocrx_word' id='word_1_641' title='bbox 3404 4331 3576 4404; x_wconf 71' lang='lat'><strong>219</strong></span> 
     </span>
    </p>
   </div>
   <div class='ocr_carea' id='block_1_85' title="bbox 1990 4428 3575 4512">
    <p class='ocr_par' dir='ltr' id='par_1_85' title="bbox 1990 4428 3575 4512">
     <span class='ocr_line' id='line_1_85' title="bbox 1990 4428 3575 4512; baseline -0.011 -13"><span class='ocrx_word' id='word_1_642' title='bbox 1990 4463 2009 4499; x_wconf 79' lang='grc' dir='ltr'>ι</span> <span class='ocrx_word' id='word_1_643' title='bbox 2043 4446 2225 4512; x_wconf 87' lang='lat' dir='ltr'><strong>Pater,</strong></span> <span class='ocrx_word' id='word_1_644' title='bbox 2250 4443 2399 4500; x_wconf 89' lang='lat' dir='ltr'><strong>venit</strong></span> <span class='ocrx_word' id='word_1_645' title='bbox 2422 4442 2577 4508; x_wconf 88' lang='lat' dir='ltr'><strong>hora,</strong></span> <span class='ocrx_word' id='word_1_646' title='bbox 2600 4438 2845 4512; x_wconf 77' lang='lat' dir='ltr'><strong>gloriﬁca</strong></span> <span class='ocrx_word' id='word_1_647' title='bbox 2870 4435 3066 4492; x_wconf 85' lang='lat' dir='ltr'><strong>Filium</strong></span> <span class='ocrx_word' id='word_1_648' title='bbox 3094 4429 3315 4487; x_wconf 74' lang='lat' dir='ltr'><strong>tuum&quot;.</strong></span> <span class='ocrx_word' id='word_1_649' title='bbox 3332 4428 3417 4485; x_wconf 72' lang='grc' dir='ltr'><strong>»εἰ</strong></span> <span class='ocrx_word' id='word_1_650' title='bbox 3443 4443 3575 4498; x_wconf 74' lang='lat' dir='ltr'><strong>ergo</strong></span> 
     </span>
    </p>
   </div>
   <div class='ocr_carea' id='block_1_86' title="bbox 250 4522 1875 4605">
    <p class='ocr_par' dir='ltr' id='par_1_86' title="bbox 250 4529 1875 4605">
     <span class='ocr_line' id='line_1_86' title="bbox 250 4529 1875 4605; baseline -0.004 -16"><span class='ocrx_word' id='word_1_651' title='bbox 250 4536 311 4590; x_wconf 69' lang='lat' dir='ltr'><strong>Et</strong></span> <span class='ocrx_word' id='word_1_652' title='bbox 352 4537 555 4592; x_wconf 83' lang='grc' dir='ltr'>τοίνυν</span> <span class='ocrx_word' id='word_1_653' title='bbox 600 4530 745 4589; x_wconf 78' lang='grc' dir='ltr'>οἶδεν</span> <span class='ocrx_word' id='word_1_654' title='bbox 790 4530 1038 4604; x_wconf 76' lang='grc' dir='ltr'>ἀκριϐῶς</span> <span class='ocrx_word' id='word_1_655' title='bbox 1083 4530 1185 4603; x_wconf 79' lang='grc' dir='ltr'>τὴν</span> <span class='ocrx_word' id='word_1_656' title='bbox 1223 4529 1396 4604; x_wconf 76' lang='grc' dir='ltr'>ὤραν,</span> <span class='ocrx_word' id='word_1_657' title='bbox 1440 4530 1510 4605; x_wconf 72' lang='grc' dir='ltr'>ἢν</span> <span class='ocrx_word' id='word_1_658' title='bbox 1553 4529 1875 4601; x_wconf 77' lang='grc' dir='ltr'>ἐληλυθέναι</span> 
     </span>
    </p>
   </div>
   <div class='ocr_carea' id='block_1_87' title="bbox 1979 4522 3574 4605">
    <p class='ocr_par' dir='ltr' id='par_1_87' title="bbox 1983 4522 3574 4602">
     <span class='ocr_line' id='line_1_87' title="bbox 1983 4522 3574 4602; baseline -0.013 -8"><span class='ocrx_word' id='word_1_659' title='bbox 1983 4546 2175 4595; x_wconf 83' lang='lat' dir='ltr'><strong>exacte</strong></span> <span class='ocrx_word' id='word_1_660' title='bbox 2199 4535 2351 4592; x_wconf 89' lang='lat' dir='ltr'><strong>novit</strong></span> <span class='ocrx_word' id='word_1_661' title='bbox 2376 4535 2591 4600; x_wconf 82' lang='lat' dir='ltr'><strong>horam,</strong></span> <span class='ocrx_word' id='word_1_662' title='bbox 2619 4546 2782 4602; x_wconf 88' lang='lat' dir='ltr'><strong>quam</strong></span> <span class='ocrx_word' id='word_1_663' title='bbox 2809 4528 3026 4586; x_wconf 79' lang='lat' dir='ltr'><strong>venisse</strong></span> <span class='ocrx_word' id='word_1_664' title='bbox 3051 4525 3207 4593; x_wconf 87' lang='lat' dir='ltr'><strong>dicit,</strong></span> <span class='ocrx_word' id='word_1_665' title='bbox 3232 4523 3361 4593; x_wconf 89' lang='lat' dir='ltr'><strong>quid</strong></span> <span class='ocrx_word' id='word_1_666' title='bbox 3389 4522 3574 4578; x_wconf 80' lang='lat' dir='ltr'><strong>obstat</strong></span> 
     </span>
    </p>
   </div>
   <div class='ocr_carea' id='block_1_88' title="bbox 247 4618 1875 4703">
    <p class='ocr_par' dir='ltr' id='par_1_88' title="bbox 247 4621 1874 4700">
     <span class='ocr_line' id='line_1_88' title="bbox 247 4621 1874 4700; baseline -0.005 -15"><span class='ocrx_word' id='word_1_667' title='bbox 247 4630 425 4700; x_wconf 87' lang='grc' dir='ltr'>λέγει,</span> <span class='ocrx_word' id='word_1_668' title='bbox 460 4627 515 4682; x_wconf 88' lang='grc' dir='ltr'><strong>τί</strong></span> <span class='ocrx_word' id='word_1_669' title='bbox 546 4625 613 4681; x_wconf 83' lang='grc' dir='ltr'><strong>τὸ</strong></span> <span class='ocrx_word' id='word_1_670' title='bbox 642 4623 853 4680; x_wconf 83' lang='grc' dir='ltr'>κωλύον</span> <span class='ocrx_word' id='word_1_671' title='bbox 874 4624 1073 4680; x_wconf 77' lang='grc' dir='ltr'>εἰδέναι</span> <span class='ocrx_word' id='word_1_672' title='bbox 1102 4623 1383 4696; x_wconf 82' lang='grc' dir='ltr'>κάκείνην,</span> <span class='ocrx_word' id='word_1_673' title='bbox 1409 4622 1478 4694; x_wconf 71' lang='grc' dir='ltr'>ἣν</span> <span class='ocrx_word' id='word_1_674' title='bbox 1493 4622 1569 4687; x_wconf 79' lang='grc' dir='ltr'>ὡς</span> <span class='ocrx_word' id='word_1_675' title='bbox 1584 4621 1874 4695; x_wconf 78' lang='grc' dir='ltr'>ἄνθρωπος</span> 
     </span>
    </p>
   </div>
   <div class='ocr_carea' id='block_1_89' title="bbox 1979 4618 3570 4703">
    <p class='ocr_par' dir='ltr' id='par_1_89' title="bbox 1979 4618 3570 4703">
     <span class='ocr_line' id='line_1_89' title="bbox 1979 4618 3570 4703; baseline -0.013 -18"><span class='ocrx_word' id='word_1_676' title='bbox 1979 4630 2269 4703; x_wconf 87' lang='lat' dir='ltr'><strong>quominus</strong></span> <span class='ocrx_word' id='word_1_677' title='bbox 2291 4635 2348 4684; x_wconf 89' lang='lat' dir='ltr'><strong>et</strong></span> <span class='ocrx_word' id='word_1_678' title='bbox 2371 4626 2519 4682; x_wconf 89' lang='lat' dir='ltr'><strong>illam</strong></span> <span class='ocrx_word' id='word_1_679' title='bbox 2544 4624 3001 4694; x_wconf 83' lang='lat' dir='ltr'><strong>norit,.quam,ut</strong></span> <span class='ocrx_word' id='word_1_680' title='bbox 3024 4619 3208 4682; x_wconf 88' lang='lat' dir='ltr'><strong>homo,</strong></span> <span class='ocrx_word' id='word_1_681' title='bbox 3232 4618 3486 4686; x_wconf 78' lang='lat' dir='ltr'><strong>ignorare</strong></span> <span class='ocrx_word' id='word_1_682' title='bbox 3510 4626 3570 4665; x_wconf 87' lang='lat' dir='ltr'><strong>se</strong></span> 
     </span>
    </p>
   </div>
   <div class='ocr_carea' id='block_1_90' title="bbox 249 4706 1875 4793">
    <p class='ocr_par' dir='ltr' id='par_1_90' title="bbox 249 4713 1869 4792">
     <span class='ocr_line' id='line_1_90' title="bbox 249 4713 1869 4792; baseline -0.006 -16"><span class='ocrx_word' id='word_1_683' title='bbox 249 4723 480 4792; x_wconf 75' lang='grc' dir='ltr'>ἀγνοεῖν</span> <span class='ocrx_word' id='word_1_684' title='bbox 526 4719 635 4792; x_wconf 73' lang='grc' dir='ltr'>μέν</span> <span class='ocrx_word' id='word_1_685' title='bbox 668 4735 805 4789; x_wconf 73' lang='grc' dir='ltr'>φησι</span> <span class='ocrx_word' id='word_1_686' title='bbox 851 4716 942 4771; x_wconf 79' lang='grc' dir='ltr'>διὰ</span> <span class='ocrx_word' id='word_1_687' title='bbox 987 4715 1049 4770; x_wconf 86' lang='grc' dir='ltr'><strong>τδ</strong></span> <span class='ocrx_word' id='word_1_688' title='bbox 1088 4718 1167 4789; x_wconf 69' lang='grc' dir='ltr'>τῇ</span> <span class='ocrx_word' id='word_1_689' title='bbox 1204 4713 1588 4787; x_wconf 84' lang='grc' dir='ltr'>ἀνθρωπότητι</span> <span class='ocrx_word' id='word_1_690' title='bbox 1635 4713 1869 4785; x_wconf 82' lang='grc' dir='ltr'>πρέπον,</span> 
     </span>
    </p>
   </div>
   <div class='ocr_carea' id='block_1_91' title="bbox 1979 4706 3568 4793">
    <p class='ocr_par' dir='ltr' id='par_1_91' title="bbox 1979 4706 3568 4793">
     <span class='ocr_line' id='line_1_91' title="bbox 1979 4706 3568 4793; baseline -0.014 -14"><span class='ocrx_word' id='word_1_691' title='bbox 1979 4722 2180 4793; x_wconf 81' lang='lat' dir='ltr'><strong>inquit,</strong></span> <span class='ocrx_word' id='word_1_692' title='bbox 2218 4719 2362 4791; x_wconf 90' lang='lat' dir='ltr'><strong>quod</strong></span> <span class='ocrx_word' id='word_1_693' title='bbox 2401 4718 2454 4775; x_wconf 93' lang='lat' dir='ltr'><strong>id</strong></span> <span class='ocrx_word' id='word_1_694' title='bbox 2490 4715 2815 4773; x_wconf 87' lang='lat' dir='ltr'><strong>humanitati</strong></span> <span class='ocrx_word' id='word_1_695' title='bbox 2851 4711 3166 4793; x_wconf 74' lang='lat' dir='ltr'><strong>conveniat,</strong></span> <span class='ocrx_word' id='word_1_696' title='bbox 3208 4706 3351 4762; x_wconf 91' lang='lat' dir='ltr'><strong>norit</strong></span> <span class='ocrx_word' id='word_1_697' title='bbox 3389 4713 3568 4759; x_wconf 88' lang='lat' dir='ltr'><strong>autem</strong></span> 
     </span>
    </p>
   </div>
   <div class='ocr_carea' id='block_1_92' title="bbox 248 4787 1875 4880">
    <p class='ocr_par' dir='ltr' id='par_1_92' title="bbox 248 4787 1871 4880">
     <span class='ocr_line' id='line_1_92' title="bbox 248 4787 1871 4880; baseline -0.006 -10"><span class='ocrx_word' id='word_1_698' title='bbox 248 4787 358 4869; x_wconf 69' lang='grc' dir='ltr'>οἶδε</span> <span class='ocrx_word' id='word_1_699' title='bbox 388 4813 460 4869; x_wconf 80' lang='grc' dir='ltr'>δὲ</span> <span class='ocrx_word' id='word_1_700' title='bbox 864 4809 1037 4874; x_wconf 86' lang='grc' dir='ltr'>Θεός;</span> <span class='ocrx_word' id='word_1_701' title='bbox 1071 4787 1194 4880; x_wconf 79' lang='grc' dir='ltr'><strong>Χρὴ</strong></span> <span class='ocrx_word' id='word_1_702' title='bbox 1239 4807 1297 4862; x_wconf 73' lang='grc' dir='ltr'>δὲ</span> <span class='ocrx_word' id='word_1_703' title='bbox 1323 4807 1397 4861; x_wconf 78' lang='grc' dir='ltr'>οὺ</span> <span class='ocrx_word' id='word_1_704' title='bbox 1420 4805 1510 4862; x_wconf 77' lang='grc' dir='ltr'>διὰ</span> <span class='ocrx_word' id='word_1_705' title='bbox 1540 4799 1641 4878; x_wconf 77' lang='grc' dir='ltr'>τήν</span> <span class='ocrx_word' id='word_1_706' title='bbox 1682 4805 1871 4860; x_wconf 84' lang='grc' dir='ltr'>τοιαύ-</span> 
     </span>
    </p>
   </div>
   <div class='ocr_carea' id='block_1_93' title="bbox 1979 4787 3569 4880">
    <p class='ocr_par' dir='ltr' id='par_1_93' title="bbox 1979 4787 3569 4876">
     <span class='ocr_line' id='line_1_93' title="bbox 1979 4787 3569 4876; baseline -0.014 -6"><span class='ocrx_word' id='word_1_707' title='bbox 1979 4787 2204 4871; x_wconf 81' lang='lat' dir='ltr'><strong>omnino</strong></span> <span class='ocrx_word' id='word_1_708' title='bbox 2235 4787 2308 4866; x_wconf 66' lang='lat' dir='ltr'><strong>ut</strong></span> <span class='ocrx_word' id='word_1_709' title='bbox 2352 4808 2539 4867; x_wconf 74' lang='lat' dir='ltr'><strong>Deus?</strong></span> <span class='ocrx_word' id='word_1_710' title='bbox 2565 4809 2635 4865; x_wconf 82' lang='lat' dir='ltr'><strong>At</strong></span> <span class='ocrx_word' id='word_1_711' title='bbox 2677 4821 2786 4863; x_wconf 88' lang='lat' dir='ltr'><strong>non</strong></span> <span class='ocrx_word' id='word_1_712' title='bbox 2830 4787 3048 4876; x_wconf 72' lang='lat' dir='ltr'><strong>oportet</strong></span> <span class='ocrx_word' id='word_1_713' title='bbox 3085 4802 3157 4858; x_wconf 91' lang='lat' dir='ltr'><strong>ob</strong></span> <span class='ocrx_word' id='word_1_714' title='bbox 3198 4799 3340 4855; x_wconf 87' lang='lat' dir='ltr'><strong>hanc</strong></span> <span class='ocrx_word' id='word_1_715' title='bbox 3378 4810 3569 4852; x_wconf 90' lang='lat' dir='ltr'><strong>vocem</strong></span> 
     </span>
    </p>
   </div>
   <div class='ocr_carea' id='block_1_94' title="bbox 252 4888 1875 4977">
    <p class='ocr_par' dir='ltr' id='par_1_94' title="bbox 252 4897 1873 4977">
     <span class='ocr_line' id='line_1_94' title="bbox 252 4897 1873 4977; baseline -0.004 -19"><span class='ocrx_word' id='word_1_716' title='bbox 252 4923 353 4977; x_wconf 83' lang='grc' dir='ltr'><strong>την</strong></span> <span class='ocrx_word' id='word_1_717' title='bbox 388 4905 594 4977; x_wconf 80' lang='grc' dir='ltr'>φωνὴν</span> <span class='ocrx_word' id='word_1_718' title='bbox 624 4904 956 4974; x_wconf 86' lang='grc' dir='ltr'>κατηγορεῖν</span> <span class='ocrx_word' id='word_1_719' title='bbox 984 4900 1081 4955; x_wconf 80' lang='grc' dir='ltr'><strong>τοῦ</strong></span> <span class='ocrx_word' id='word_1_720' title='bbox 1108 4898 1475 4977; x_wconf 16' lang='grc' dir='ltr'>ΘεοῢλΛόγου,</span> <span class='ocrx_word' id='word_1_721' title='bbox 1508 4897 1602 4953; x_wconf 79' lang='grc' dir='ltr'><strong>καὶ</strong></span> <span class='ocrx_word' id='word_1_722' title='bbox 1633 4897 1873 4969; x_wconf 77' lang='grc' dir='ltr'>ῥιψοκιν-</span> 
     </span>
    </p>
   </div>
   <div class='ocr_carea' id='block_1_95' title="bbox 1979 4888 3573 4977">
    <p class='ocr_par' dir='ltr' id='par_1_95' title="bbox 1982 4888 3573 4970">
     <span class='ocr_line' id='line_1_95' title="bbox 1982 4888 3573 4970; baseline -0.012 -8"><span class='ocrx_word' id='word_1_723' title='bbox 1982 4905 2221 4962; x_wconf 75' lang='lat' dir='ltr'><strong>Verbum</strong></span> <span class='ocrx_word' id='word_1_724' title='bbox 2248 4902 2353 4959; x_wconf 28' lang='lat' dir='ltr'><strong>Dei.</strong></span> <span class='ocrx_word' id='word_1_725' title='bbox 2370 4903 2647 4967; x_wconf 80' lang='lat' dir='ltr'><strong>incusare,</strong></span> <span class='ocrx_word' id='word_1_726' title='bbox 2675 4908 2731 4957; x_wconf 91' lang='lat' dir='ltr'><strong>et</strong></span> <span class='ocrx_word' id='word_1_727' title='bbox 2753 4895 3116 4970; x_wconf 75' lang='lat' dir='ltr'><strong>ignorantiam</strong></span> <span class='ocrx_word' id='word_1_728' title='bbox 3145 4901 3348 4949; x_wconf 88' lang='lat' dir='ltr'><strong>temere</strong></span> <span class='ocrx_word' id='word_1_729' title='bbox 3374 4888 3448 4944; x_wconf 90' lang='lat' dir='ltr'><strong>illi</strong></span> <span class='ocrx_word' id='word_1_730' title='bbox 3474 4888 3573 4943; x_wconf 87' lang='lat' dir='ltr'><strong>oh-</strong></span> 
     </span>
    </p>
   </div>
   <div class='ocr_carea' id='block_1_96' title="bbox 253 4983 1875 5066">
    <p class='ocr_par' dir='ltr' id='par_1_96' title="bbox 253 4988 1872 5066">
     <span class='ocr_line' id='line_1_96' title="bbox 253 4988 1872 5066; baseline -0.006 -11"><span class='ocrx_word' id='word_1_731' title='bbox 253 4999 437 5065; x_wconf 78' lang='grc' dir='ltr'>δύνως</span> <span class='ocrx_word' id='word_1_732' title='bbox 485 4997 716 5066; x_wconf 75' lang='grc' dir='ltr'>ἄγνοιαν</span> <span class='ocrx_word' id='word_1_733' title='bbox 742 4993 900 5066; x_wconf 73' lang='grc' dir='ltr'>αὐτῷ</span> <span class='ocrx_word' id='word_1_734' title='bbox 928 4991 1270 5065; x_wconf 83' lang='grc' dir='ltr'>προσάπτειν</span> <span class='ocrx_word' id='word_1_735' title='bbox 1314 4991 1470 5044; x_wconf 81' lang='grc' dir='ltr'>τινά’</span> <span class='ocrx_word' id='word_1_736' title='bbox 1496 4988 1634 5045; x_wconf 81' lang='grc' dir='ltr'>ἀλλὰ</span> <span class='ocrx_word' id='word_1_737' title='bbox 1669 4988 1872 5060; x_wconf 81' lang='grc' dir='ltr'>μᾶλλον</span> 
     </span>
    </p>
   </div>
   <div class='ocr_carea' id='block_1_97' title="bbox 1979 4983 3572 5066">
    <p class='ocr_par' dir='ltr' id='par_1_97' title="bbox 1979 4983 3572 5066">
     <span class='ocr_line' id='line_1_97' title="bbox 1979 4983 3572 5066; baseline -0.014 -10"><span class='ocrx_word' id='word_1_738' title='bbox 1979 4995 2182 5066; x_wconf 79' lang='lat' dir='ltr'><strong>iicere;</strong></span> <span class='ocrx_word' id='word_1_739' title='bbox 2217 4994 2312 5051; x_wconf 88' lang='lat' dir='ltr'><strong>sed</strong></span> <span class='ocrx_word' id='word_1_740' title='bbox 2350 4996 2537 5065; x_wconf 87' lang='lat' dir='ltr'><strong>potius</strong></span> <span class='ocrx_word' id='word_1_741' title='bbox 2568 4992 2765 5049; x_wconf 87' lang='lat' dir='ltr'><strong>mirari</strong></span> <span class='ocrx_word' id='word_1_742' title='bbox 2799 5004 3043 5046; x_wconf 91' lang='lat' dir='ltr'><strong>amorem</strong></span> <span class='ocrx_word' id='word_1_743' title='bbox 3075 5002 3184 5058; x_wconf 88' lang='lat' dir='ltr'><strong>quo</strong></span> <span class='ocrx_word' id='word_1_744' title='bbox 3215 4997 3344 5055; x_wconf 77' lang='lat' dir='ltr'><strong>erga</strong></span> <span class='ocrx_word' id='word_1_745' title='bbox 3380 4983 3572 5035; x_wconf 85' lang='lat' dir='ltr'><strong>Imma-</strong></span> 
     </span>
    </p>
   </div>
   <div class='ocr_carea' id='block_1_98' title="bbox 256 5073 1875 5165">
    <p class='ocr_par' dir='ltr' id='par_1_98' title="bbox 256 5083 1873 5165">
     <span class='ocr_line' id='line_1_98' title="bbox 256 5083 1873 5165; baseline -0.007 -17"><span class='ocrx_word' id='word_1_746' title='bbox 256 5091 577 5165; x_wconf 68' lang='grc' dir='ltr'>θαυμάζειν</span> <span class='ocrx_word' id='word_1_747' title='bbox 614 5086 783 5144; x_wconf 75' lang='grc' dir='ltr'>αὐτοῦ</span> <span class='ocrx_word' id='word_1_748' title='bbox 812 5085 913 5159; x_wconf 81' lang='grc' dir='ltr'><strong>τὴν</strong></span> <span class='ocrx_word' id='word_1_749' title='bbox 956 5084 1390 5156; x_wconf 79' lang='grc' dir='ltr'>φιλανθρωπίαν,</span> <span class='ocrx_word' id='word_1_750' title='bbox 1419 5083 1481 5138; x_wconf 75' lang='grc' dir='ltr'>οὐ</span> <span class='ocrx_word' id='word_1_751' title='bbox 1525 5099 1873 5156; x_wconf 84' lang='grc' dir='ltr'>παραιτησα-</span> 
     </span>
    </p>
   </div>
   <div class='ocr_carea' id='block_1_99' title="bbox 1979 5073 3571 5165">
    <p class='ocr_par' dir='ltr' id='par_1_99' title="bbox 1981 5073 3571 5158">
     <span class='ocr_line' id='line_1_99' title="bbox 1981 5073 3571 5158; baseline -0.011 -15"><span class='ocrx_word' id='word_1_752' title='bbox 1981 5103 2111 5143; x_wconf 89' lang='lat' dir='ltr'><strong>num</strong></span> <span class='ocrx_word' id='word_1_753' title='bbox 2140 5100 2312 5158; x_wconf 74' lang='lat' dir='ltr'><strong>genus</strong></span> <span class='ocrx_word' id='word_1_754' title='bbox 2338 5083 2614 5157; x_wconf 75' lang='lat' dir='ltr'><strong>ﬂagravit,</strong></span> <span class='ocrx_word' id='word_1_755' title='bbox 2640 5098 2749 5155; x_wconf 87' lang='lat' dir='ltr'><strong>quo</strong></span> <span class='ocrx_word' id='word_1_756' title='bbox 2775 5081 3041 5153; x_wconf 86' lang='lat' dir='ltr'><strong>impulsus</strong></span> <span class='ocrx_word' id='word_1_757' title='bbox 3067 5094 3175 5135; x_wconf 91' lang='lat' dir='ltr'><strong>non</strong></span> <span class='ocrx_word' id='word_1_758' title='bbox 3207 5073 3480 5131; x_wconf 90' lang='lat' dir='ltr'><strong>recusavit</strong></span> <span class='ocrx_word' id='word_1_759' title='bbox 3504 5073 3571 5126; x_wconf 83' lang='lat' dir='ltr'><strong>ad</strong></span> 
     </span>
    </p>
   </div>
   <div class='ocr_carea' id='block_1_100' title="bbox 258 5168 1875 5257">
    <p class='ocr_par' dir='ltr' id='par_1_100' title="bbox 258 5174 1874 5257">
     <span class='ocr_line' id='line_1_100' title="bbox 258 5174 1874 5257; baseline -0.008 -17"><span class='ocrx_word' id='word_1_760' title='bbox 258 5186 430 5257; x_wconf 76' lang='grc' dir='ltr'>μένου</span> <span class='ocrx_word' id='word_1_761' title='bbox 464 5182 560 5238; x_wconf 80' lang='grc' dir='ltr'><strong>διὰ</strong></span> <span class='ocrx_word' id='word_1_762' title='bbox 600 5181 705 5254; x_wconf 79' lang='grc' dir='ltr'><strong>τὴν</strong></span> <span class='ocrx_word' id='word_1_763' title='bbox 730 5182 811 5245; x_wconf 80' lang='grc' dir='ltr'><strong>είς</strong></span> <span class='ocrx_word' id='word_1_764' title='bbox 841 5179 992 5251; x_wconf 73' lang='grc' dir='ltr'>ἡμᾶς</span> <span class='ocrx_word' id='word_1_765' title='bbox 1023 5176 1307 5249; x_wconf 81' lang='grc' dir='ltr'>ἀγάπησιν</span> <span class='ocrx_word' id='word_1_766' title='bbox 1338 5176 1419 5240; x_wconf 84' lang='grc' dir='ltr'><strong>είς</strong></span> <span class='ocrx_word' id='word_1_767' title='bbox 1444 5174 1715 5245; x_wconf 86' lang='grc' dir='ltr'>τοσαύτην</span> <span class='ocrx_word' id='word_1_768' title='bbox 1746 5174 1874 5228; x_wconf 81' lang='grc' dir='ltr'>έᾱυ-</span> 
     </span>
    </p>
   </div>
   <div class='ocr_carea' id='block_1_101' title="bbox 1979 5168 3570 5257">
    <p class='ocr_par' dir='ltr' id='par_1_101' title="bbox 1982 5168 3570 5237">
     <span class='ocr_line' id='line_1_101' title="bbox 1982 5168 3570 5237; baseline -0.011 -2"><span class='ocrx_word' id='word_1_769' title='bbox 1982 5187 2188 5235; x_wconf 86' lang='lat' dir='ltr'><strong>tantam</strong></span> <span class='ocrx_word' id='word_1_770' title='bbox 2217 5176 2576 5234; x_wconf 84' lang='lat' dir='ltr'><strong>humilitatem</strong></span> <span class='ocrx_word' id='word_1_771' title='bbox 2603 5189 2727 5232; x_wconf 89' lang='lat' dir='ltr'><strong>sese</strong></span> <span class='ocrx_word' id='word_1_772' title='bbox 2755 5173 3062 5237; x_wconf 90' lang='lat' dir='ltr'><strong>demittere,</strong></span> <span class='ocrx_word' id='word_1_773' title='bbox 3090 5177 3148 5225; x_wconf 88' lang='lat' dir='ltr'><strong>ut</strong></span> <span class='ocrx_word' id='word_1_774' title='bbox 3173 5168 3355 5224; x_wconf 88' lang='lat' dir='ltr'><strong>omnia</strong></span> <span class='ocrx_word' id='word_1_775' title='bbox 3384 5173 3570 5222; x_wconf 87' lang='lat' dir='ltr'><strong>nostra</strong></span> 
     </span>
    </p>
   </div>
   <div class='ocr_carea' id='block_1_102' title="bbox 252 5258 1875 5340">
    <p class='ocr_par' dir='ltr' id='par_1_102' title="bbox 252 5264 1875 5339">
     <span class='ocr_line' id='line_1_102' title="bbox 252 5264 1875 5339; baseline -0.007 -6"><span class='ocrx_word' id='word_1_776' title='bbox 252 5277 348 5333; x_wconf 64' lang='grc' dir='ltr'><strong>τὴν</strong></span> <span class='ocrx_word' id='word_1_777' title='bbox 390 5275 737 5332; x_wconf 84' lang='grc' dir='ltr'>ταπείνωσιν</span> <span class='ocrx_word' id='word_1_778' title='bbox 781 5270 1139 5339; x_wconf 81' lang='grc' dir='ltr'>καταγαγεῖν,</span> <span class='ocrx_word' id='word_1_779' title='bbox 1177 5269 1255 5332; x_wconf 87' lang='grc' dir='ltr'>ὡς</span> <span class='ocrx_word' id='word_1_780' title='bbox 1299 5267 1480 5323; x_wconf 88' lang='grc' dir='ltr'>πάντα</span> <span class='ocrx_word' id='word_1_781' title='bbox 1529 5264 1760 5338; x_wconf 82' lang='grc' dir='ltr'>φορέσαι</span> <span class='ocrx_word' id='word_1_782' title='bbox 1802 5264 1875 5321; x_wconf 82' lang='grc' dir='ltr'>τὰ</span> 
     </span>
    </p>
   </div>
   <div class='ocr_carea' id='block_1_103' title="bbox 1979 5258 3440 5340">
    <p class='ocr_par' dir='ltr' id='par_1_103' title="bbox 1979 5258 3440 5340">
     <span class='ocr_line' id='line_1_103' title="bbox 1979 5258 3440 5340; baseline -0.011 -11"><span class='ocrx_word' id='word_1_783' title='bbox 1979 5269 2301 5340; x_wconf 84' lang='lat' dir='ltr'><strong>susciperet,</strong></span> <span class='ocrx_word' id='word_1_784' title='bbox 2333 5282 2568 5340; x_wconf 88' lang='lat' dir='ltr'><strong>quorum</strong></span> <span class='ocrx_word' id='word_1_785' title='bbox 2599 5266 2765 5323; x_wconf 85' lang='lat' dir='ltr'><strong>etiam</strong></span> <span class='ocrx_word' id='word_1_786' title='bbox 2796 5279 2966 5321; x_wconf 89' lang='lat' dir='ltr'><strong>unum</strong></span> <span class='ocrx_word' id='word_1_787' title='bbox 2997 5271 3083 5320; x_wconf 89' lang='lat' dir='ltr'><strong>est</strong></span> <span class='ocrx_word' id='word_1_788' title='bbox 3112 5258 3440 5332; x_wconf 82' lang='lat' dir='ltr'><strong>ignorantia.</strong></span> 
     </span>
    </p>
   </div>
   <div class='ocr_carea' id='block_1_104' title="bbox 252 5360 1348 5441">
    <p class='ocr_par' dir='ltr' id='par_1_104' title="bbox 252 5360 1348 5441">
     <span class='ocr_line' id='line_1_104' title="bbox 252 5360 1348 5441; baseline -0.009 -16"><span class='ocrx_word' id='word_1_789' title='bbox 252 5369 451 5441; x_wconf 70' lang='grc' dir='ltr'>ἡμῶν,</span> <span class='ocrx_word' id='word_1_790' title='bbox 480 5360 557 5424; x_wconf 77' lang='grc' dir='ltr'>ὧν</span> <span class='ocrx_word' id='word_1_791' title='bbox 586 5366 646 5421; x_wconf 77' lang='grc' dir='ltr'>ἓν</span> <span class='ocrx_word' id='word_1_792' title='bbox 678 5363 920 5437; x_wconf 85' lang='grc' dir='ltr'>ὑπάρχει</span> <span class='ocrx_word' id='word_1_793' title='bbox 948 5362 1045 5417; x_wconf 73' lang='grc' dir='ltr'><strong>καὶ</strong></span> <span class='ocrx_word' id='word_1_794' title='bbox 1070 5362 1106 5433; x_wconf 79' lang='grc' dir='ltr'><strong>ἠ</strong></span> <span class='ocrx_word' id='word_1_795' title='bbox 1133 5360 1348 5429; x_wconf 71' lang='grc' dir='ltr'>ἄγνοια.</span> 
     </span>
    </p>
   </div>
   <div class='ocr_carea' id='block_1_105' title="bbox 974 5468 1875 5533">
    <p class='ocr_par' dir='ltr' id='par_1_105' title="bbox 974 5478 1179 5533">
     <span class='ocr_line' id='line_1_105' title="bbox 974 5478 1179 5533; baseline -0.005 0"><span class='ocrx_word' id='word_1_796' title='bbox 974 5478 1179 5533; x_wconf 77' lang='grc' dir='ltr'><strong>ΔΛΛΟ.</strong></span> 
     </span>
    </p>
   </div>
   <div class='ocr_carea' id='block_1_106' title="bbox 1979 5468 2888 5533">
    <p class='ocr_par' dir='ltr' id='par_1_106' title="bbox 2657 5468 2888 5526">
     <span class='ocr_line' id='line_1_106' title="bbox 2657 5468 2888 5526; baseline -0.013 0"><span class='ocrx_word' id='word_1_797' title='bbox 2657 5468 2888 5526; x_wconf 81' lang='lat' dir='ltr'><strong>ALIUD.</strong></span> 
     </span>
    </p>
   </div>
   <div class='ocr_carea' id='block_1_107' title="bbox 354 5578 1875 5672">
    <p class='ocr_par' dir='ltr' id='par_1_107' title="bbox 354 5585 1873 5672">
     <span class='ocr_line' id='line_1_107' title="bbox 354 5585 1873 5672; baseline -0.011 -17"><span class='ocrx_word' id='word_1_798' title='bbox 354 5598 693 5672; x_wconf 82' lang='grc' dir='ltr'>Ἕρωτητέον</span> <span class='ocrx_word' id='word_1_799' title='bbox 725 5594 856 5661; x_wconf 77' lang='grc' dir='ltr'>τοὺς</span> <span class='ocrx_word' id='word_1_800' title='bbox 894 5590 1299 5667; x_wconf 79' lang='grc' dir='ltr'>χριστομάχους</span> <span class='ocrx_word' id='word_1_801' title='bbox 1320 5629 1334 5654; x_wconf 90' lang='grc'><strong>,</strong></span> <span class='ocrx_word' id='word_1_802' title='bbox 1380 5590 1505 5642; x_wconf 79' lang='grc' dir='ltr'>ὅτου</span> <span class='ocrx_word' id='word_1_803' title='bbox 1537 5587 1603 5658; x_wconf 81' lang='grc' dir='ltr'>δὴ</span> <span class='ocrx_word' id='word_1_804' title='bbox 1653 5585 1815 5657; x_wconf 85' lang='grc' dir='ltr'>χάριν</span> <span class='ocrx_word' id='word_1_805' title='bbox 1843 5586 1873 5639; x_wconf 86' lang='grc' dir='ltr'><strong>ό</strong></span> 
     </span>
    </p>
   </div>
   <div class='ocr_carea' id='block_1_108' title="bbox 1979 5578 3567 5672">
    <p class='ocr_par' dir='ltr' id='par_1_108' title="bbox 2052 5578 3567 5657">
     <span class='ocr_line' id='line_1_108' title="bbox 2052 5578 3567 5657; baseline -0.005 -20"><span class='ocrx_word' id='word_1_806' title='bbox 2052 5582 2423 5657; x_wconf 73' lang='lat' dir='ltr'><strong>lnterrogandi</strong></span> <span class='ocrx_word' id='word_1_807' title='bbox 2476 5590 2604 5639; x_wconf 90' lang='lat' dir='ltr'><strong>sunt</strong></span> <span class='ocrx_word' id='word_1_808' title='bbox 2659 5582 2845 5638; x_wconf 86' lang='lat' dir='ltr'><strong>hostes</strong></span> <span class='ocrx_word' id='word_1_809' title='bbox 2900 5578 3146 5643; x_wconf 86' lang='lat' dir='ltr'><strong>Christi,</strong></span> <span class='ocrx_word' id='word_1_810' title='bbox 3206 5578 3567 5648; x_wconf 79' lang='lat' dir='ltr'><strong>quamobrem</strong></span> 
     </span>
    </p>
   </div>
   <div class='ocr_carea' id='block_1_109' title="bbox 267 5665 1875 5768">
    <p class='ocr_par' dir='ltr' id='par_1_109' title="bbox 267 5665 1870 5768">
     <span class='ocr_line' id='line_1_109' title="bbox 267 5665 1870 5768; baseline -0.012 -17"><span class='ocrx_word' id='word_1_811' title='bbox 267 5665 470 5768; x_wconf 62' lang='grc' dir='ltr'>τωθίρ</span> <span class='ocrx_word' id='word_1_812' title='bbox 506 5665 777 5765; x_wconf 69' lang='grc' dir='ltr'>ἀγγέλους</span> <span class='ocrx_word' id='word_1_813' title='bbox 822 5665 943 5744; x_wconf 12' lang='grc' dir='ltr'>καὶγ</span> <span class='ocrx_word' id='word_1_814' title='bbox 965 5685 1096 5741; x_wconf 80' lang='grc' dir='ltr'>Υῑὸν</span> <span class='ocrx_word' id='word_1_815' title='bbox 1143 5684 1448 5755; x_wconf 85' lang='grc' dir='ltr'>ὀνομάσας,</span> <span class='ocrx_word' id='word_1_816' title='bbox 1498 5676 1738 5751; x_wconf 84' lang='grc' dir='ltr'>οὐδαμοῦ</span> <span class='ocrx_word' id='word_1_817' title='bbox 1773 5677 1870 5733; x_wconf 76' lang='grc' dir='ltr'><strong>τοῦ</strong></span> 
     </span>
    </p>
   </div>
   <div class='ocr_carea' id='block_1_110' title="bbox 1979 5665 3566 5768">
    <p class='ocr_par' dir='ltr' id='par_1_110' title="bbox 1982 5665 3566 5749">
     <span class='ocr_line' id='line_1_110' title="bbox 1982 5665 3566 5749; baseline -0.006 -15"><span class='ocrx_word' id='word_1_818' title='bbox 1982 5677 2239 5736; x_wconf 85' lang='lat' dir='ltr'><strong>Servator</strong></span> <span class='ocrx_word' id='word_1_819' title='bbox 2270 5691 2394 5736; x_wconf 85' lang='lat' dir='ltr'><strong>cum</strong></span> <span class='ocrx_word' id='word_1_820' title='bbox 2425 5674 2644 5749; x_wconf 77' lang='lat' dir='ltr'><strong>angelos</strong></span> <span class='ocrx_word' id='word_1_821' title='bbox 2674 5682 2728 5731; x_wconf 86' lang='lat' dir='ltr'><strong>et</strong></span> <span class='ocrx_word' id='word_1_822' title='bbox 2759 5671 2955 5731; x_wconf 80' lang='lat' dir='ltr'><strong>Filium</strong></span> <span class='ocrx_word' id='word_1_823' title='bbox 2986 5671 3304 5739; x_wconf 86' lang='lat' dir='ltr'><strong>nominarit,</strong></span> <span class='ocrx_word' id='word_1_824' title='bbox 3331 5665 3566 5741; x_wconf 76' lang='lat' dir='ltr'><strong>Spiritus</strong></span> 
     </span>
    </p>
   </div>
   <div class='ocr_carea' id='block_1_111' title="bbox 359 5857 2020 5952">
    <p class='ocr_par' dir='ltr' id='par_1_111' title="bbox 359 5857 2020 5952">
     <span class='ocr_line' id='line_1_111' title="bbox 359 5857 2020 5952; baseline -0.01 -22"><span class='ocrx_word' id='word_1_825' title='bbox 359 5869 405 5900; x_wconf 62' lang='grc' dir='ltr'>ἰ’</span> <span class='ocrx_word' id='word_1_826' title='bbox 427 5870 610 5930; x_wconf 74' lang='lat' dir='ltr'><strong>Matth.</strong></span> <span class='ocrx_word' id='word_1_827' title='bbox 640 5885 793 5938; x_wconf 73' lang='lat' dir='ltr'><strong>xxiv,</strong></span> <span class='ocrx_word' id='word_1_828' title='bbox 826 5866 912 5925; x_wconf 78' lang='grc' dir='ltr'><strong>ιι.</strong></span> <span class='ocrx_word' id='word_1_829' title='bbox 958 5865 1036 5952; x_wconf 45' lang='grc' dir='ltr'><strong>’ξ’</strong></span> <span class='ocrx_word' id='word_1_830' title='bbox 1067 5863 1110 5923; x_wconf 85' lang='lat' dir='ltr'><strong>ll</strong></span> <span class='ocrx_word' id='word_1_831' title='bbox 1139 5863 1271 5922; x_wconf 84' lang='lat' dir='ltr'><strong>Cor.</strong></span> <span class='ocrx_word' id='word_1_832' title='bbox 1301 5877 1361 5931; x_wconf 62' lang='grc' dir='ltr'>ι,</span> <span class='ocrx_word' id='word_1_833' title='bbox 1400 5860 1478 5917; x_wconf 79' lang='lat'><strong>5..</strong></span> <span class='ocrx_word' id='word_1_834' title='bbox 1512 5860 1577 5948; x_wconf 54' lang='lat'><strong><em>2</em></strong></span> <span class='ocrx_word' id='word_1_835' title='bbox 1605 5857 1763 5917; x_wconf 81' lang='lat' dir='ltr'><strong>Joan.</strong></span> <span class='ocrx_word' id='word_1_836' title='bbox 1799 5872 1935 5928; x_wconf 69' lang='grc' dir='ltr'>ιω,</span> <span class='ocrx_word' id='word_1_837' title='bbox 1971 5857 2020 5915; x_wconf 78' lang='grc' dir='ltr'><strong>ι.</strong></span> 
     </span>
    </p>
   </div>
  </div>
