4026 6412
497 438 599 495 571

1509 425 1567 481 S.
1607 422 1885 482 CYRILL‘I
1921 424 2392 481 ALEXANDBINI
2430 424 2753 483 ARCHIEP:

3653 428 3772 484 37‘}

494 553 825 610 mentionem
873 564 1142 621 nusquam
1211 546 1444 602 fecerit?
1502 542 1618 599 Non
1686 545 1830 600 enim
1882 544 2064 600 dixit:

2187 544 2492 616 Πνεῦματος
2519 546 2811 616 ἐποιήσατο
2843 544 3098 616 μνήμηνς
3128 543 3204 598 Οὐ
3230 542 3342 616 γὰρ
3363 545 3584 616 εἴρηκεν
3603 562 3617 577 ·
3647 548 3773 600 Οὐκ

495 642 611 699 Non
676 643 829 699 novit
884 642 1142 713 Spiritus,
1164 641 1287 707 sed,
1312 658 1331 691 ι
1369 636 1487 694 Nor.
1515 646 1715 693 norunt
1740 637 1940 709 angeli,
1972 651 2070 693 ne-

495 750 604 806 que
648 736 800 791 novit
832 734 1033 801 Filius;
1071 740 1278 802 ratque
1317 732 1422 787 hoc
1461 728 1678 800 quidem
1713 728 2069 800 simpliciter:

495 841 604 881 non
635 827 778 881 enim
804 825 1019 897 adjecit,
1057 822 1173 879 Dei.
1210 823 1555 881 Manifestum
1598 825 1764 895 igitur
1791 818 1879 879 est
1926 821 2070 892 quod

493 914 714 983 angelos
747 913 1026 984 ignorasse
1054 912 1275 979 dixerit,
1314 921 1372 967 ut
1415 922 1719 968 creaturas.
1751 912 1890 968 Cum
1943 924 2078 966 vero

495 1005 776 1076 discipulis
808 1006 862 1060 id
884 1005 1067 1060 dicere
1108 1005 1301 1072 nollet,
1327 1004 1397 1059 ob
1424 1003 1750 1060 ineﬂ'abiiem
1783 1005 2068 1073 quamdam

495 1096 690 1150 divinae
712 1096 1207 1152 administrationis
1228 1106 1282 1150 et
1313 1095 1529 1150 consilii
1559 1095 1864 1149 rationem:
1890 1112 1908 1146 ι
1939 1092 2074 1160 Quis

494 1189 637 1241 enim
683 1187 836 1242 novit
882 1198 1120 1243 mentem
1165 1185 1402 1251 Domini,
1438 1194 1530 1242 aut
1562 1187 1686 1257 quis
1731 1185 2074 1242 consiliarius

493 1277 611 1346 eius
653 1277 756 1335 fuit
783 1278 876 1334 σει
913 1294 932 1331 ι
982 1294 1051 1334 ne
1098 1279 1372 1336 videretur
1416 1279 1536 1336 illos
1570 1278 1672 1334 hoc
1701 1278 1898 1349 [celare
1933 1276 2073 1332 velle

493 1383 667 1438 eoque
692 1370 911 1426 nomine
938 1370 1058 1427 illos
1075 1385 1311 1428 maerore
1334 1370 1570 1439 allicere,
1603 1369 1763 1436 dixit,
1785 1384 1853 1425 ne
1875 1368 2069 1424 Filium

493 1461 714 1532 quidem
747 1462 852 1517 hoc
883 1476 1084 1530 nosse;
1113 1460 1353 1517 humano
1386 1476 1538 1517 more
1565 1461 1632 1517 de
1658 1475 1719 1518 se
1744 1461 1989 1531 loquens,
2014 1467 2072 1514 ut

494 1553 697 1608 homo:
723 1560 780 1607 et
803 1553 1045 1608 omnium
1076 1552 1297 1607 interim
1325 1552 1576 1607 notitiam
1604 1551 1709 1606 sibi
1738 1564 1985 1615 servans,
2015 1558 2075 1605 ut

498 1643 658 1699 Deus.
688 1642 899 1700 Idcirco
945 1644 1091 1698 enim
1134 1658 1242 1699 non
1288 1643 1455 1710 dixit,
1494 1641 1761 1713 Spiritum
1793 1642 2068 1713 ignorare.

494 1733 635 1791 Nam
657 1734 704 1791 si
731 1735 954 1806 spiritus
985 1736 1167 1792 omnia
1192 1745 1488 1800 scrutatur,
1511 1736 1677 1790 etiam
1709 1735 1923 1791 occulta
1953 1735 2073 1805 Dei,

2173 630 2280 689 οἶδε
2308 636 2371 690 τὸ
2406 636 2654 709 Πνεῦμα,
2697 635 2811 690 ἀλλ’
2844 656 2863 689 ι
2890 636 3005 690 Οὐκ
3053 636 3233 690 ἰσασιν
3261 637 3313 691 οἰ
3357 636 3612 707 ἄγγελοι,
3651 638 3774 693 οὐδ’

2171 721 2311 781 οἶδεν
2356 730 2386 781 6
2436 728 2595 792 Υἱός
2630 747 2650 779 ι
2706 728 2801 781 καὶ
2845 726 3003 782 τοῦτο
3047 727 3468 800 ἀπολελυμένως
3492 747 3508 762 ο
3545 731 3608 784 οὐ
3655 732 3775 803 γὰρ

2175 817 2551 890 προστέθεικε,
2581 818 2676 873 τοῦ
2707 819 2866 874 Θεοῦ.
2896 820 3068 889 Δῆλον
3096 818 3190 874 οὖν
3223 821 3306 874 ὅτι
3340 821 3613 891 ἀγγέλους
3657 823 3770 893 μιν

2173 910 2374 981 ἔφησεν
2417 913 2633 980 ἀγνοεῖν
2660 911 2738 976 ὡς
2765 911 3062 983 κτίσματα.
3107 914 3298 967 Εἱπεῖν
3331 914 3390 968 δὲ
3433 917 3548 979 τοῖς
3583 916 3777 988 μαθη-

2172 1007 2293 1067 ταῖς
2317 1004 2379 1057 οὑ
2409 1003 2662 1074 θελήσας,
2690 1004 2781 1059 διά
2808 1021 2935 1059 τινα
2977 1005 3135 1075 λόγον
3162 1007 3479 1076 οἰκονομίας
3519 1008 3781 1079 ἀπόρρηο

2172 1112 2284 1148 τοψ
2324 1113 2345 1148 ι
2373 1094 2469 1158 Τίς
2488 1095 2601 1167 γὰρ,
2636 1096 2777 1166 έγνω
2808 1095 2934 1151 νοῦν
2977 1097 3208 1168 Κυρίου,
3250 1098 3285 1168 ἢ
3330 1098 3416 1162 τίς
3461 1098 3785 1169 σύμϐουλος

2175 1183 2339 1239 αὑτοῦ
2383 1186 2633 1255 ἐγένετος
2666 1207 2686 1241 ι
2718 1189 2809 1243 ἵνα
2843 1189 2920 1261 μὴ
2955 1189 3217 1263 φαίνηται
3247 1189 3507 1261 κρύπτων
3534 1192 3783 1257 αὐτοὺς,

2175 1280 2269 1333 καὶ
2298 1279 2387 1333 διὰ
2414 1279 2575 1334 τοῦτο
2600 1280 2844 1354 λυπήσῃ,
2885 1283 2984 1336 καὶ
3022 1282 3115 1337 τὸν
3152 1281 3281 1337 Υἰὸν
3335 1282 3509 1353 ἔφησε
3568 1285 3645 1355 μὴ
3692 1287 3786 1339 εἰ·

2172 1370 2338 1433 δέναι.
2357 1370 2843 1445 ἀνθρωπινώτερον
2868 1374 2966 1442 μὲν
2989 1374 3119 1445 περὶ
3138 1374 3337 1429 ἑαυτοῦ
3360 1375 3560 1445 λέγων,
3581 1377 3785 1448 ὥσπερ

2174 1462 2305 1533 περὶ
2330 1462 2652 1533 ἀνθρώπου·
2687 1464 2971 1535 φυλάττων
2997 1466 3054 1519 δὲ
3077 1465 3259 1537 ἑαυτῷ
3284 1467 3346 1521 τὸ
3371 1469 3579 1524 εἰδέναι
3604 1471 3791 1526 πάλιν

2174 1555 2354 1610 πάντα
2375 1553 2450 1619 ὡς
2474 1554 2631 1619 Θεός.
2655 1556 2754 1611 Διά
2779 1556 2889 1630 γὰρ
2913 1556 3070 1612 τοῦτο
3099 1559 3219 1612 οὐδὲ
3242 1559 3307 1612 τὸ
3325 1560 3553 1633 Πνεῦμα
3570 1561 3785 1634 ἔφησεν

2175 1648 2416 1716 ἀγνοεῖν.
2449 1648 2515 1702 Εἰ
2550 1647 2659 1721 γὰρ
2687 1648 2751 1703 τὸ
2802 1648 3031 1720 Πνεῦμα
3073 1651 3253 1706 πάντα
3289 1653 3516 1725 ἐρευνᾷ,
3563 1654 3659 1709 καὶ
3705 1654 3790 1711 τὰ

2178 1728 2315 1812 βάθη
2347 1741 2444 1795 τοῦ
2471 1740 2629 1807 Θεοῦ,
2658 1741 2804 1797 καθά
2839 1742 3170 1813 γέγραπται,
3191 1739 3301 1805 οἶδε
3326 1744 3568 1816 δηλονότι
3591 1746 3786 1802 πάντα

494 1837 554 1883 ut
582 1827 841 1897 scriptum
873 1836 958 1884 est
982 1828 1073 1893 δί’,
1104 1829 1254 1883 novit
1283 1827 1525 1898 proiecto
1543 1827 1727 1883 omnia
1741 1842 1863 1897 qua:
1880 1827 1933 1882 in
1956 1828 2075 1899 ipso

2187 1831 2244 1886 τὰ
2287 1832 2346 1885 ὲν
2373 1832 2543 1901 αὐτῷ.
2583 1833 2697 1889 Καὶ
2725 1834 2860 1889 εἰτὸ
2886 1835 3114 1907 Πνεῦμα
3147 1835 3211 1890 τὸ
3253 1836 3430 1891 πάντα
3463 1837 3631 1905 εἰδὸς,
3679 1840 3785 1895 καὶ

493 1929 637 1977 sunt.
681 1919 833 1988 Quod
877 1919 925 1977 si
961 1917 1198 1991 Spiritus
1233 1920 1323 1990 qui
1382 1919 1565 1976 omnia
1607 1918 1735 1985 scit,
1781 1919 2074 1991 omniaque

2187 1923 2245 1978 ιὰ
2275 1923 2455 1979 πάντα
2482 1925 2948 1997 περιεργάζεσθαι
2979 1902 3300 1996 δυνάμενον,
3330 1928 3486 1997 παρά
3515 1902 3621 1981 τοῦ
3642 1928 3786 1983 rimi

493 2011 770 2082 inquirere
814 2019 1020 2082 potest,
1049 2026 1081 2066 a
1117 2009 1261 2068 Filio
1286 2010 1488 2083 accipit
1521 2026 1536 2065 :
1580 2028 1601 2063 ι
1638 2010 1736 2066 ille
1776 2011 1947 2077 enim,
1984 2011 2073 2066 in-

492 2100 630 2170 quit,
644 2099 713 2156 de
738 2114 868 2157 meo
882 2100 1194 2172 accipiet",
1222 2121 1247 2159 ι
1264 2102 1539 2173 quomodo
1564 2100 1737 2159 Filius
1761 2101 2075 2158 censebitur

492 2192 767 2264 ignorare,
790 2193 884 2265 qui
912 2192 1145 2267 Spiritui
1174 2195 1359 2252 omnia
1388 2193 1588 2253 scienti
1612 2195 1925 2268 suppeditat
1944 2195 1975 2250 ἒ

1164 2306 1397 2366 ALIUD.

565 2420 625 2479 Si
675 2420 841 2480 Pater
881 2422 1063 2477 omnia
1104 2431 1366 2492 operatur
1404 2435 1503 2492 per
1538 2420 1761 2491 Filium,
1788 2431 1850 2479 ut
1904 2422 2082 2494 inquit

495 2514 803 2586 Scriptura,
836 2523 891 2571 et
923 2515 1042 2571 sine
1070 2514 1193 2586 ipso
1220 2511 1421 2570 factum
1449 2524 1536 2571 est
1562 2513 1731 2583 nihil;
1754 2530 1918 2569 unum
1946 2528 2080 2570 vero

492 2608 735 2664 omnium
762 2607 927 2663 etiam
957 2618 1042 2663 est
1072 2605 1365 2679 praelinitio
1387 2605 1495 2664 diei
1523 2615 1579 2662 et
1607 2606 1758 2663 hora:
1786 2621 1894 2679 quo
1921 2622 2078 2664 mun-

2175 2014 2467 2086 λαμόάνευ
2506 2033 2531 2070 ι
2564 2016 2773 2070 Ἐκεῖνο
2813 2015 2944 2089 γὰρ,
2985 2016 3172 2088 φησὶν,
3201 2015 3260 2083 ἐξ
3291 2017 3426 2087 ἐμοῦ
3456 2016 3689 2090 λήψεται
3709 2036 3730 2060 ·-
3750 2038 3774 2072 ι

2178 2105 2298 2171 πῶς
2331 2106 2361 2159 6
2392 2105 2567 2177 Λόγος
2591 2098 2797 2177 ἀγνοεῖ,
2822 2107 2851 2161 ὁ
2878 2107 2973 2162 τοῦ
3004 2108 3185 2163 πάντα
3213 2106 3414 2174 εἰδότος
3453 2109 3782 2182 Πνεύματος

2179 2196 2417 2271 χορηγός
2434 2213 2451 2266 ;

2874 2316 3080 2372 ΔΛΛΟ.

2251 2428 2315 2483 Εἰ
2347 2428 2525 2484 πάντα
2555 2429 2622 2484 δι’
2648 2428 2780 2484 Υἰοῦ
2811 2430 2840 2484 ὁ
2869 2429 3062 2502 Πατὴρ
3089 2430 3404 2501 ἐργάζεται,
3435 2429 3581 2485 καθά
3610 2446 3769 2502 φησιν

2179 2521 2213 2591 ἡ
2244 2520 2460 2594 Γραφήο
2485 2521 2658 2593 χωρὶς
2686 2520 2795 2595 γὰρ
2820 2521 2988 2578 αὐτοῦ
3016 2519 3235 2594 ἐγένετο
3257 2519 3377 2578 οὐδὲ
3399 2518 3479 2579 έν*
3504 2520 3563 2579 ἓν
3585 2523 3648 2579 δὲ
3666 2523 3785 2580 τῶν.

2179 2614 2399 2669 πάντων
2424 2614 2544 2668 ἐστὶ
2590 2615 2689 2669 καὶ
2729 2615 2791 2669 τὸ
2821 2615 3110 2687 ὁρισθῆναι
3142 2618 3244 2690 τὴν
3290 2617 3503 2690 ἡμέραν
3533 2618 3629 2673 καὶ
3676 2617 3787 2684 τὴν.

492 2702 597 2757 dus
625 2700 852 2757 ﬁniatur
880 2720 896 2758 :
927 2709 1080 2758 certe
1111 2701 1274 2757 etiam
1306 2701 1410 2756 hoc
1439 2700 1762 2772 praeﬁnitum
1784 2709 1872 2756 est
1894 2708 1950 2755 et
1968 2713 2066 2755 ex-

2187 2701 2317 2775 ἶιραν
2343 2702 2464 2759 καθ’
2484 2704 2595 2778 ἥνὸ
2619 2703 2825 2776 κόσμος
2845 2705 2956 2773 ἕξει
2992 2704 3057 2759 τὸ
3091 2707 3263 2771 τέλος·
3298 2706 3531 2780 ὥρισται
3565 2707 3783 2778 δηλον-

496 2807 743 2863 pressum
792 2808 889 2861 per
914 2792 1138 2849 Filium.
1170 2793 1323 2861 Quod
1354 2806 1484 2848 vero
1512 2791 1840 2863 praeﬁnitum
1870 2798 1957 2846 est
1981 2804 2078 2860 per

2187 2800 2264 2854 ότι
2310 2800 2404 2854 καὶ
2442 2798 2753 2854 τετύπωται
2777 2797 3056 2853 καὶτοῦτο
3086 2798 3153 2852 δι’
3181 2798 3335 2854 Υἰοῦ.
3369 2800 3443 2854 Τὸ
3467 2799 3524 2853 δὲ
3553 2798 3787 2871 ὁρισθὲν
3884 2798 3895 2811 ’

496 2884 669 2950 illum,
704 2885 981 2956 quomodo
1003 2886 1256 2957 ignorare
1282 2885 1484 2957 queat?
1515 2885 1678 2940 Novit
1730 2885 1918 2955 itaque
1958 2883 2071 2938 hoc

2187 2893 2248 2947 Bt’
2293 2892 2483 2958 αὐτοῦ,
2531 2892 2651 2956 πῶς
2687 2893 2900 2962 ἀγνοεῖν
2946 2890 3206 2960 δύναταις
3252 2891 3463 2947 υύκοῦν
3510 2887 3650 2947 οἶδεν
3699 2891 3787 2956 ὡς

496 2984 554 3029 ut
582 2973 747 3041 Deus,
782 2977 998 3032 tametsi
1042 2977 1269 3034 nescire
1289 2992 1350 3034 se
1388 2977 1537 3034 dicat
1571 2985 1847 3048 quatenus
1892 2975 2078 3032 factus

493 3076 580 3122 est
610 3079 771 3135 caro,
799 3073 855 3122 et
881 3080 1005 3137 quae
1031 3068 1242 3123 homini
1274 3067 1609 3125 conveniunt
1636 3067 1863 3126 sentiat.

1169 3204 1400 3263 ALIUD.

566 3316 626 3373 Si
653 3332 849 3373 omnia
892 3333 1016 3389 qua:
1058 3319 1223 3376 habet
1270 3318 1454 3386 Pater,
1493 3328 1623 3377 sunt
1676 3319 1820 3385 Filii,
1854 3328 1915 3376 ut
1964 3319 2080 3391 ipse

498 3418 782 3465 testatur:
829 3419 886 3465 at
914 3411 1074 3467 Pater
1117 3412 1366 3468 ultimum
1398 3411 1551 3467 illum
1597 3411 1739 3468 diem
1783 3420 1841 3468 et
1885 3413 2078 3468 horam

496 3502 647 3560 novit
671 3517 687 3559 :
708 3512 857 3561 certe
889 3502 1052 3561 ctiam
1088 3502 1261 3561 Filius
1289 3503 1453 3561 norit.
1482 3503 1561 3561 ita
1592 3503 1738 3561 enim
1765 3519 1895 3563 vere
1922 3504 2077 3563 dixe-

497 3597 608 3652 rit:
643 3614 663 3650 ι
698 3595 893 3653 Omnia
919 3613 1041 3669 quae
1079 3597 1245 3654 habet
1268 3596 1457 3664 Pater,
1492 3610 1614 3653 mea
1643 3606 1775 3655 sunt
1809 3598 1878 3656 ⁸³.
1914 3616 1934 3651 ι

1069 3802 1236 3874 220
1268 3802 1499 3859 ALIUD.

565 3911 622 3969 Si
647 3928 777 3970 vere
806 3914 937 3971 dicit
962 3932 977 3969 :
1008 3934 1027 3967 ι
1059 3914 1171 3984 Ego
1201 3913 1254 3969 in
1289 3912 1474 3981 Patre,
1501 3927 1554 3971 et
1574 3914 1735 3973 Pater
1759 3917 1811 3973 iu
1845 3933 1930 3974 me
1952 3918 2032 3986 αις
2056 3937 2074 3971 ι

496 4020 549 4061 et
576 4005 735 4061 Pater
762 4005 1015 4061 ultimum
1050 4005 1201 4062 illum
1237 4007 1379 4064 diem
1404 4018 1458 4065 et
1478 4008 1666 4066 horam
1703 4009 1895 4067 novit:
1931 4013 2083 4068 novit

499 4097 746 4165 profecto
776 4106 832 4154 et
854 4097 1051 4166 Filius,
1093 4099 1185 4170 qui
1216 4099 1272 4156 in
1315 4101 1478 4158 Patre
1512 4103 1750 4170 exsistit,
1787 4103 2083 4175 omniaque

498 4194 554 4245 in
606 4192 723 4261 ipso
768 4192 941 4258 novit,
973 4200 1031 4249 et
1077 4192 1294 4252 Patrem
1342 4196 1436 4267 qui
1474 4198 1660 4253 omnia
1712 4198 1864 4254 novit
1908 4198 1963 4254 in
2023 4212 2083 4255 se

496 4282 679 4339 habet.
1180 4276 1193 4283 ’

1150 4404 1313 4462 ALIU
1324 4406 1387 4461 D.

2103 3180 2147 3239 C

2180 2984 2344 3050 Θεὸς,
2385 2984 2490 3039 κᾶν
2516 2987 2731 3055 ἀγνοεῖν
2759 2985 2930 3058 λέγῃ,
2974 2985 3111 3041 καθὸ
3156 2985 3349 3057 γέγονε
3378 2984 3535 3058 σάρξ,
3565 2984 3665 3040 καὶ
3705 2984 3783 3047 τὰ

2183 3077 2458 3149 ἀνθρώπῳ
2483 3078 2763 3150 πρέποντα
2792 3081 2985 3152 φρονῇ.

2864 3213 3068 3268 ΔΛΛΟ.
3264 3166 3295 3194 Ι

2251 3327 2316 3381 Εἰ
2345 3327 2525 3383 πάντα
2549 3325 2653 3380 ὅσα
2684 3324 2798 3397 ἔχει
2839 3328 2869 3380 ό
2903 3326 3094 3399 Πατὴρ
3135 3326 3229 3381 τοῦ
3262 3323 3395 3380 Υἰοῦ
3435 3326 3586 3390 ἐστι,
3633 3322 3785 3381 καθά

2181 3436 2346 3490 φησιν
2370 3420 2556 3485 αὐτὸς,
2582 3418 2697 3491 ἔχει
2725 3418 2781 3474 δὲ
2805 3421 2834 3474 ὁ
2862 3419 3056 3492 Πατὴρ
3081 3420 3180 3492 τὴν
3208 3417 3414 3490 γνῶσιν
3436 3418 3537 3488 τῆς
3561 3417 3787 3488 ἡμέρας

2179 3514 2275 3569 καὶ
2314 3514 2415 3586 τῆς
2459 3512 2611 3586 ὧρας
2650 3514 2899 3586 ἐκείνης,
2940 3511 3056 3585 ἔχει
3093 3511 3337 3597 δηλονότι
3369 3511 3580 3581 ταύτην
3628 3509 3728 3563 καὶ
3755 3511 3785 3563 6

2181 3608 2330 3673 Υἱός.
2372 3607 2529 3663 Οῦτω
2567 3608 2678 3680 γὰρ
2706 3606 2996 3679 ἀληθεύσει
3029 3606 3232 3678 λέγων·
3269 3625 3287 3659 t
3313 3605 3501 3661 Πάντα
3535 3604 3642 3660 ὅσα
3668 3602 3781 3674 ἔχει

2179 3700 2210 3753 6
2238 3698 2450 3771 Πατὴρ,
2484 3699 2596 3770 ἐμά
2621 3701 2787 3754 ἐστιν.
2814 3717 2834 3751 ι

2888 3813 3095 3867 AAAO.

2252 3927 2315 3982 Ei
2349 3927 2608 4000 ἀληθεύει
2650 3927 2846 3996 λέγων·
2886 3945 2906 3980 ι
2948 3927 3092 3996 Ἐγὼ
3139 3926 3199 3980 ὲν
3237 3918 3317 3997 τῷ
3361 3925 3575 3997 Πατρὶ,
3623 3923 3719 3979 καὶ
3744 3923 3774 3977 6

2182 4019 2372 4091 Πατὴρ
2396 4022 2454 4075 ἐν
2482 4020 2629 4092 ἐμοὶ,
2663 4039 2682 4073 ι
2714 4017 2822 4075 οἰδε
2854 4019 2911 4074 δὲ
2937 4020 3036 4092 τὴν
3066 4018 3282 4092 ἡμέραν
3311 4017 3533 4089 εκείνην
3556 4019 3654 4071 καὶ
3684 4016 3777 4088 τὴν

2182 4113 2333 4182 ὥραν
2362 4113 2391 4165 6
2428 4112 2642 4185 Πατὴρ,
2674 4108 2782 4167 οἶδε
2821 4111 3062 4183 δηλονότι
3104 4111 3199 4165 καὶ
3240 4112 3269 4164 6
3302 4110 3462 4175 Υἱὸς,
3498 4110 3560 4162 ἐν
3600 4107 3783 4179 Harp!

2181 4221 2244 4258 τε
2273 4201 2349 4257 ὢν
2378 4203 2475 4257 καὶ
2508 4203 2688 4258 πάντα
2720 4202 3005 4272 γινώσκων
3029 4202 3099 4257 τὰ
3123 4204 3180 4256 ὲν
3207 4201 3377 4273 αὐτῷ,
3407 4200 3505 4255 καὶ
3542 4200 3686 4271 ἔχων
3725 4200 3785 4252 ἐν

2182 4294 2366 4367 ἑαυτῷ
2389 4296 2483 4351 τὸν
2513 4295 2694 4350 εἰδότα
2727 4296 2972 4367 Πατέρα.

2875 4413 3077 4468 ΑΛΛΟ.

566 4515 739 4574 Filius
769 4516 967 4574 dicitur
1002 4527 1059 4576 et
1091 4528 1178 4577 est
1216 4517 1531 4577 bmnimoda
1578 4518 1755 4574 Patris
1796 4517 1976 4592 imago
2008 4516 2078 4579 “.

2255 4526 2434 4584 Είκὼν
2481 4527 2902 4602 ἀπαράλλακτος
2938 4525 3034 4582 τοῦ
3078 4526 3293 4598 Πατρὸς
3333 4528 3362 4580 6
3390 4524 3517 4588 Υἱὸς
3558 4522 3787 4592 λέγεται

498 4610 558 4665 Si
590 4622 720 4668 vero
753 4611 913 4667 Pater
946 4613 1096 4671 novit
1127 4613 1271 4669 diem
1315 4612 1467 4669 illum
1511 4617 1566 4667 et
1606 4611 1794 4666 horam
1821 4627 1836 4675 ;
1866 4612 2083 4682 ignorat
2126 4636 2129 4637 ν

496 4711 678 4758 autem
732 4702 908 4760 Filius
949 4722 964 4759 :
1011 4703 1286 4775 quomodo
1336 4702 1390 4757 id
1429 4702 1573 4771 quod
1620 4701 1838 4773 ignorat
1876 4699 2086 4758 referet

495 4797 862 4852 characterem
890 4795 1008 4866 eius
1024 4796 1117 4867 qui
1148 4796 1298 4852 novit
1319 4795 1348 4849 ’ἒ
1379 4795 1541 4865 Atqui
1573 4802 1659 4850 est
1691 4796 1916 4851 omnino
1940 4794 2080 4850 ima-

495 4902 562 4956 go
594 4888 796 4956 Patris,
843 4887 975 4943 licet
1007 4888 1247 4944 maxime
1288 4886 1475 4942 hosues
1504 4885 1708 4942 Christi
1761 4886 1953 4943 nolint.
1987 4885 2078 4943 Si-

496 4977 641 5033 milis
674 4979 859 5048 itaque
881 4987 964 5032 est
986 4979 1154 5032 etiam
1193 4976 1294 5031 hac
1333 4974 1386 5031 in
1418 4985 1576 5046 parte
1619 4975 1767 5032 Patri
1793 4993 1807 5041 ;
1833 4986 1890 5033 et
1934 4976 2080 5034 sicut

481 5068 648 5125 cnovit
684 5068 796 5136 ille,
826 5067 978 5124 novit
1010 5075 1065 5122 et
1086 5066 1224 5137 ipse.

1160 5202 1388 5261 ALIUD.

567 5321 670 5390 Qui
695 5321 827 5376 dicit
856 5316 1081 5384 Filium,
1117 5328 1386 5391 quatenus
1413 5329 1498 5377 est
1529 5320 1789 5389 Verbum,
1826 5323 2080 5394 ignorare

494 5415 639 5469 diem
666 5412 819 5468 illum
850 5420 907 5468 et
935 5409 1147 5479 horam,
1181 5412 1574 5483 blasphemiam
1600 5416 1806 5469 evitare
1843 5429 1950 5469 non
1985 5430 2083 5486 po-

496 5516 624 5561 test.
654 5505 711 5560 Si
740 5504 882 5561 enim
915 5504 1068 5560 novit
1096 5504 1338 5574 Patrem,
1372 5507 1515 5563 sicut
1548 5506 1779 5577 ipsemet
1802 5517 2075 5563 testatur:

495 5598 624 5666 quid
650 5598 829 5654 obstat
862 5597 1153 5669 quominus
1176 5601 1340 5657 etiam
1370 5605 1533 5658 tinem
1571 5601 1864 5657 creatiouis
1892 5600 2082 5657 norit?

498 5690 556 5745 Si
599 5704 729 5747 vero
769 5690 1005 5748 dixerint
1056 5695 1290 5766 amplius
1324 5708 1449 5749 esse
1487 5692 1648 5748 tinem
1695 5702 2074 5750 creaturarum

2186 4621 2283 4676 καὶ
2310 4620 2478 4680 ἔστιν.
2516 4622 2579 4675 Εἰ
2605 4621 2663 4675 δὲ
2694 4618 2835 4676 οἶδεν
2868 4622 2897 4675 6
2936 4620 3130 4693 Πατὴρ
3156 4619 3254 4691 τὴν
3292 4617 3505 4690 ἡμέραν
3542 4615 3642 4669 καὶ
3680 4615 3787 4685 τὴν

2187 4713 2360 4785 ὥραν,
2397 4714 2583 4783 ἀγνοεῖ
2606 4715 2663 4769 δὲ
2690 4717 2720 4768 6
2750 4714 2903 4782 Υἰδς,
2940 4712 3059 4778 πῶς
3080 4714 3143 4767 τὸ
3167 4710 3399 4782 ἀγνοοῦν
3440 4709 3647 4772 εἰδότος
3680 4725 3792 4778 φοι.

2190 4807 2336 4879 ρέσει
2372 4806 2467 4861 τὸν
2514 4808 2879 4880 χαρακτῆρα;
2933 4807 3073 4863 Ἀλλ’
3119 4806 3268 4861 ἔστιν
3316 4803 3483 4859 εἰκὼν
3519 4801 3617 4856 τοῦ
3665 4800 3788 4855 Πα-

2185 4898 2336 4971 τρὸς,
2362 4897 2467 4953 κᾶν
2490 4900 2541 4952 οἱ
2569 4900 2927 4972 χριστομάχοι
2960 4898 3036 4973 μὴ
3066 4898 3385 4971 βούλωνται.
3418 4896 3638 4950 Ἔοικεν
3670 4894 3783 4964 ἄρα

2186 4992 2282 5047 καὶ
2312 4991 2452 5047 κατά
2480 4992 2638 5048 τοῦτο
2670 4993 2752 5067 τῷ
2783 4993 2978 5067 Πατρὶ,
3009 4993 3106 5049 καὶ
3136 4991 3323 5066 ὥσπερ
3365 4985 3506 5044 οἶδεν
3537 4990 3785 5051 ἐκεῖνος,

2185 5083 2330 5140 οὕτω
2361 5085 2455 5140 καὶ
2489 5087 2672 5154 αὐτός.

2875 5223 3080 5280 ΑΛΔΟ.

2268 5336 2328 5389 '0
2365 5338 2440 5409 μὴ
2480 5337 2680 5392 εἰδέναι
2721 5338 2895 5408 λέγων
2926 5339 3020 5393 τὸν
3063 5337 3211 5403 Υἱὺν,
3246 5336 3387 5392 καθὸ
3418 5334 3592 5402 Λόγος
3625 5331 3783 5392 ἐστὶν

2187 5428 2287 5500 τὴν
2315 5430 2529 5502 ἡμέραν
2568 5431 2664 5486 καὶ
2693 5432 2794 5504 τὴν
2825 5432 2977 5506 ὤραν
3008 5431 3248 5503 ἐκείνην,
3271 5430 3372 5484 οὐκ
3401 5427 3508 5495 ἔξω
3531 5425 3645 5480 τῶν
3671 5423 3785 5478 ἀπὸ

2185 5521 2286 5590 τῆς
2328 5522 2682 5596 βλασφημίας
2730 5524 3099 5598 ἐγκλημάτων
3142 5524 3523 5597 εὑρεθήσεται.
3553 5519 3621 5573 Εἰ
3668 5516 3783 5587 γὰρ

2183 5608 2293 5668 οἶδε
2331 5615 2423 5669 τὸν
2453 5617 2696 5691 Πατέρα,
2731 5619 2878 5674 καθά
2923 5634 3090 5690 φησιν
3132 5617 3319 5684 αὐτὸς,
3362 5613 3416 5669 τί
3449 5611 3654 5668 κωλύει
3682 5606 3781 5664 καὶ

2182 5705 2244 5760 τὸ
2291 5708 2444 5774 τέλος
2492 5711 2689 5767 εἰδέναι
2735 5713 2840 5784 τῆς
2894 5713 3161 5780 κτίσεως;
3207 5713 3271 5768 Εἰ
3314 5711 3415 5783 μὲν
3457 5703 3551 5763 οὖν
3588 5703 3776 5776 μεῖζον

574 5803 751 5893 :Aisa.
783 5807 1007 5893 xt.,_lv3;
1034 5804 1191 5863 Rom.
1223 5821 1304 5871 ιι,
1332 5805 1422 5862 54.
1501 5807 1567 5839 ἰ’
1597 5805 1618 5862 1
1657 5808 1784 5867 Cor.
1821 5824 1884 5878 ιι,
1930 5810 2018 5868 10.

2187 5815 2343 5877 Joan.
2372 5835 2487 5888 ινι,
2537 5822 2625 5877 ιι.
2703 5823 2749 5856 ⁸⁸
2777 5821 2933 5879 Joan.
2978 5838 3085 5893 xw,
3124 5823 3207 5879 15.
3255 5823 3303 5856 δι
3336 5821 3495 5880 Joan.
3528 5837 3643 5888 xiv,
3679 5817 3765 5879 ii.

504 5881 548 5914 ⁸³
572 5873 779 5933 Coloss.
815 5894 857 5939 ly
889 5877 974 5934 15.
