4026 6408
265 357 363 415 573

1721 373 2162 435 THESAUBUS.

3462 390 3567 446 δτι

265 475 438 547 ἐροῦσι
477 475 580 529 τοῦ
637 483 941 546 γινώσκειν
976 481 1068 536 τὸν
1103 484 1324 557 Πατέρα
1353 486 1414 540 τὸ
1454 488 1653 543 εἰδέναι
1683 491 1746 544 τὸ
1785 493 1882 563 τῆς

1991 512 2170 565 nosse,
2217 512 2376 570 quam
2428 497 2665 564 Patrem,
2699 495 3151 556 'removebunta
3199 513 3260 557 se
3310 500 3564 572 blasphe-

266 567 488 630 κτίσεως
523 569 713 636 τέλος,
759 573 1086 629 ἀποίσονται
1131 576 1234 647 τῆς
1267 578 1626 650 βλασφημίας
1655 583 1754 650 τὴν
1788 586 1882 638 κό-

273 662 421 714 λασιν.
467 661 538 712 Εἰ
579 662 644 715 δὲ
679 665 868 735 πάσης
918 667 1175 735 γνώσεως
1210 672 1663 743 ὑπεραναϐέὸηκε
1705 677 1767 728 τὸ
1797 693 1881 744 γι-

282 752 478 804 νώσκειν
508 753 610 806 τὸν
650 755 902 828 Πατέρα,
935 758 1054 823 πῶς
1082 762 1110 813 6
1134 761 1194 814 τὸ
1224 762 1401 830 μεῖξον
1431 764 1586 829 εἰδὼς
1626 767 1884 840 ἀγνοήσει

283 846 328 899 τὸ
350 845 564 899 ἔλαττον
589 864 606 912 ;

718 964 937 1030 AAAO,
973 966 1430 1038 διηγηματικῶς.

332 1071 438 1123 Οὐκ
475 1071 711 1138 ἀγνοῶν
743 1075 773 1126 ὁ
812 1076 1008 1145 Λόγος,
1105 1079 1281 1148 Λόγος
1311 1082 1430 1134 ἐστὶ
1464 1085 1557 1135 καὶ
1592 1085 1756 1152 σοφία
1788 1085 1882 1138 τοῦ

273 1164 490 1233 Πατρός,
516 1165 606 1228 τὸ,
639 1169 776 1219 Οὐκ
797 1162 939 1233 οἶδα,
966 1172 1152 1239 φησιν,
1182 1173 1320 1228 ἀλλά
1348 1174 1611 1228 δεικνύων
1630 1179 1686 1231 ὲν
1703 1179 1884 1250 ἑαυτῷ

270 1256 350 1308 καὶ
390 1256 450 1308 τδ
481 1257 875 1329 ἀνθρώπινον,
997 1263 1236 1334 μάλιστα
1281 1267 1482 1337 πρέπει
1525 1267 1587 1320 τὸ
1633 1270 1879 1338 ἀγνοεῖν·

269 1348 385 1400 ἴδιον
414 1348 523 1418 γὰρ
561 1349 1017 1423 ἀνθρωπότητος
1055 1354 1215 1409 τοῦτό
1254 1374 1338 1426 γε.
1383 1359 1601 1430 Ἐπειδὴ
1636 1360 1746 1430 γὰρ
1784 1361 1885 1432 τὴν

275 1439 412 1509 ἡμῶν
456 1442 849 1511 περιεϐάλετο
894 1445 1093 1518 σάρκα,
1141 1447 1228 1500 διὰ
1257 1449 1421 1504 τοῦτο
1455 1452 1549 1504 καὶ
1596 1454 1694 1522 τὴν
1728 1453 1885 1524 ἡμῶν

284 1532 475 1598 ἄγνοιαν
515 1532 678 1601 ἔχειν
719 1534 1148 1605 ὲσχηματίζετο.
1182 1539 1302 1592 Ὅτι
1347 1539 1455 1610 γὰρ
1489 1543 1553 1611 τῇ
1595 1541 1880 1613 ἀνθρωπό-

283 1639 388 1694 τητι
421 1625 512 1677 καὶ
541 1626 604 1677 οὐ
647 1628 719 1697 τῇ
759 1629 943 1699 οἰκείᾳ
977 1629 1138 1699 φύσει
1165 1631 1227 1684 τὸ
1260 1631 1478 1699 ἀγνοεῖν
1515 1635 1882 1707 περιτίθησιν,

281 1717 507 1769 ἐντεῦθεν
551 1715 751 1782 ἔξεστι
801 1719 1022 1790 μαθεῖν.
1070 1723 1420 1795 Παραγαγὼν
1461 1726 1568 1797 γάρ
1600 1728 1680 1790 εἰς
1719 1727 1883 1797 μέσον

282 1808 370 1878 τὴν
394 1809 640 1879 ἱστορίαν
671 1809 794 1863 τῶν
828 1812 975 1866 κατά
1011 1813 1140 1875 τοὺς
1168 1813 1393 1885 χρόνους
1422 1815 1518 1868 τοῦ
1557 1816 1682 1868 Νῶε
1723 1834 1884 1886 γεγο-

290 1903 438 1955 νότων
475 1900 822 1972 ἀνθρώπων,
874 1905 970 1956 καὶ
1013 1905 1252 1975 εἰρηκώς
1275 1925 1289 1939 -
1336 1924 1354 1956 ι
1389 1907 1638 1975 Ἥσθιον,
1676 1908 1882 1974 ἔπινον,

301 1993 532 2063 ὶγάμουν,
555 1994 923 2066 ἐγαμίζοντο,
953 1997 1060 2061 ἕως
1089 1993 1256 2067 ἦλθεν
1285 2002 1312 2053 6
1347 2000 1754 2072 κατακλυσμὸς,
1791 2003 1886 2056 καὶ

307 2081 427 2158 ἦρεν
463 2087 718 2152 διτεανταςν
751 2107 772 2140 θ
813 2090 1098 2160 ἐπήγαγεν
1128 2092 1326 2157 εὐθύςο
1380 2111 1399 2145 ι
1429 2095 1761 2166 Γρηγορεῖτε
1791 2091 1885 2149 οὖν

308 2180 391 2231 καί
426 2181 583 2250 ὑμεῖς.
623 2181 711 2236 ὅτι
743 2183 855 2236 οὐκ
895 2185 1074 2238 οἴδατε
1110 2187 1242 2258 ποίᾳ
1274 2186 1394 2260 ὥρᾳ
1425 2191 1453 2242 ὁ
1483 2189 1690 2260 Κύριος
1732 2189 1886 2260 ὑμῶν

299 2269 521 2338 ἔρχεται’
547 2290 566 2322 ι
622 2273 726 2324 καί¹
779 2272 982 2326 πάλινο
1023 2295 1042 2327 ι
1074 2267 1152 2348 ’ᾘ
1184 2278 1245 2329 οὐ
1284 2275 1492 2331 δοκεῖτε
1533 2278 1672 2350 ὥρᾳ,
1699 2280 1728 2332 6
1759 2279 1886 2343 Υἱὸς

288 2363 372 2415 τοῦ
397 2363 682 2436 ἀνθρώπου
717 2365 969 2437 ἔρχεται.
996 2387 1015 2421 ι
1057 2369 1275 2441 Ἐχρῆν,
1305 2371 1364 2424 δὲ
1392 2371 1552 2444 εἰπερ
1571 2372 1735 2434 αὐτὸς
1761 2368 1827 2442 ἦν
1859 2374 1886 2426 6

289 2455 496 2522 ἀγνοῶν,
555 2457 704 2512 καθὸ
765 2459 945 2528 Λόγος
991 2461 1159 2530 ἐστὶν,
1205 2464 1384 2516 ἐκεῖνο
1417 2463 1620 2530 μᾶλλον
1673 2465 1882 2517 εἰπεῖν’

298 2545 397 2598 Οὐκ
419 2541 524 2601 οἰδα
557 2549 706 2620 ποίᾳ
745 2550 939 2622 ἡμέρᾳ
969 2550 1228 2622 ἔρχομαι,
1280 2554 1375 2607 καὶ
1486 2554 1548 2608 οὐ
1582 2553 1724 2608 δοκῶ
1766 2553 1886 2627 ὥρᾳ

294 2637 694 2710 πεμφθήσομαι.
756 2641 984 2713 Ἐπειδὴ
1029 2643 1086 2696 δὲ
1121 2647 1232 2708 τοῖς
1279 2645 1682 2716 ἀκροωμένοις,
1713 2646 1776 2699 τὸ
1809 2645 1887 2716 μὴ

283 2729 459 2784 εἰδέναι
479 2733 573 2786 τὸν
614 2735 828 2806 καιρὸν
855 2735 891 2805 ἢ
923 2735 1022 2805 τὴν
1056 2737 1274 2810 ἡμέραν
1300 2738 1402 2809 τῆς
1445 2739 1753 2809 παρουσίας
1785 2741 1886 2793 αὐ-

279 2820 361 2874 τοῦ
401 2825 796 2895 περιτέθεικε,
843 2827 1005 2896 δῆλός
1057 2829 1208 2883 ἐστιν
1250 2830 1416 2894 αὐτὸς
1469 2830 1568 2901 μὲν
1609 2831 1765 2895 εἰδὼς
1810 2831 1885 2896 ὡς

279 2910 452 2979 Λόγος.
489 2914 752 2982 ’Λγνοεῖν
795 2916 854 2968 δὲ
887 2917 1084 2985 λέγων,
1115 2919 1254 2972 καθὸ
1285 2919 1394 2974 τῶν
1433 2920 1660 2988 ἀγνοεῖν
1709 2938 1886 2989 πεφυ-

284 3002 461 3070 κότων,
522 3005 792 3077 δηλονότι
859 3008 1191 3081 ἀνθρώπων,
1242 3010 1344 3082 τὴν
1395 3011 1655 3082 ὁμοίωσιν
1703 3012 1883 3066 ἐνεδύ-

291 3113 420 3151 οατο.

979 3213 1184 3269 ΑΛΛΟ.

351 3324 404 3375 Εἰ
429 3327 485 3377 ἐκ
514 3327 621 3396 τῆς
665 3326 882 3390 εἰκόνος
936 3328 1036 3398 τῆς
1086 3328 1230 3382 κατά
1277 3331 1370 3384 τὸν
1423 3333 1549 3386 Νῶε
1597 3321 1884 3406 σημαίνειν

303 3413 512 3481 βτῦλεται
541 3419 649 3487 τῆς
685 3416 950 3489 δευτέρας
1003 3419 1168 3474 αὑτοῦ
1217 3423 1518 3493 παρουσίας
1540 3425 1629 3478 τὸν
1657 3427 1848 3498 καιρὸν
1867 3467 1882 3492 ,

308 3505 382 3557 ὅτε
402 3508 582 3578 κρίνων
621 3507 916 3562 ἐλεύσεται
965 3510 1067 3581 τὴν
1111 3511 1463 3584 οἰκουμένην,
1526 3516 1778 3584 φαίνεται
1827 3517 1885 3570 δὲ

308 3598 386 3650 τοῦ
410 3600 794 3672 κατακλυσμοῦ
846 3603 946 3674 τὴν
989 3603 1209 3676 ἡμέραν
1268 3606 1368 3659 οὐκ
1401 3607 1676 3678 ἀγνοήσας
1723 3610 1885 3684 (οὕτω

299 3690 385 3762 γὰρ
407 3693 572 3762 εστι-,τε
604 3694 690 3765 τῷ
715 3694 863 3747 Νῶεο
896 3714 916 3746 ι
945 3695 1189 3761 Είσελθε,
1227 3699 1291 3752 σὺ
1323 3700 1417 3753 καί
1445 3701 1494 3754 οἰ
1526 3703 1629 3755 υἱοί
1652 3720 1768 3768 σου,
1805 3705 1885 3769 εἰς

279 3784 365 3854 τήν
407 3787 691 3840 κιῦωτόψ
749 3786 831 3839 ἔτι
883 3786 994 3858 γὰρ
1044 3788 1270 3860 ἡμερῶν
1308 3791 1480 3857 ἑπτὰ,
1532 3793 1644 3863 ἐγὼ
1691 3795 1886 3865 ὲπάγω

277 3875 417 3928 ὑετὸν
436 3879 533 3928 ἐπὶ
567 3877 674 3946 τὴν
707 3877 858 3947 γῆνΥ
886 3896 904 3927 ι
938 3873 1076 3931 οἶδεν
1105 3878 1212 3949 ἄρα
1244 3881 1343 3952 τῆς
1363 3881 1556 3935 ἑαυτοῦ
1581 3885 1884 3955 παρουσίας

271 3968 366 4038 τήν
385 3986 443 4022 τε
474 3970 639 4042 ὥραν
665 3969 765 4022 καὶ
785 3971 886 4040 τὴν
911 3969 1149 4042 ἡμέραν,
1181 3972 1266 4024 ἵνα
1289 3971 1528 4044 σώζηται
1557 3974 1666 4027 τῶν
1701 3992 1882 4046 πραγ-

270 4061 454 4130 μάτων
489 4065 526 4133 ἡ
570 4061 856 4134 ὁμοιότης,
888 4062 985 4116 καὶ
1029 4063 1064 4134 ἡ
1089 4064 1148 4116 ὲν
1181 4064 1413 4129 ἐκείνοις
1457 4063 1644 4134 εἰκὼν,
1675 4065 1902 4138 ταύτην.

1986 590 2170 645 miam.
2217 591 2358 646 Atsi
2391 591 2536 645 omni
2573 590 2766 646 notitia
2811 592 3064 660 superius
3110 593 3570 664 praistantiusque

1985 691 2072 738 est
2106 697 2267 736 nosse
2305 682 2520 736 Patrem
2552 701 2566 737 :
2599 682 2871 752 quomodo
2900 683 2945 738 is
2975 684 3066 752 qui
3110 687 3254 754 quod
3285 685 3457 756 majus
3485 693 3570 741 est

1988 773 2162 842 novit,
2193 774 2462 844 ignorabit
2486 774 2537 830 id
2565 774 2708 844 quod
2739 775 2918 829 minus
2943 776 3070 830 est?
3103 793 3108 797 ·

2475 971 2702 1039 ALIUD,
2741 973 3074 1041 explicatius.

2056 1085 2174 1141 Non
2206 1084 2350 1156 quod
2379 1085 2593 1155 ignoret
2617 1083 2875 1151 Verbum,
2912 1097 3182 1154 quatenus
3220 1085 3456 1141 Verbum
3485 1095 3570 1142 est

1986 1184 2039 1229 et
2070 1175 2334 1244 sapientia
2369 1175 2547 1230 Patris
2587 1175 2658 1240 ",
2691 1175 2817 1230 dicit
2861 1191 2918 1231 se
2947 1176 3180 1240 nescire,
3230 1177 3323 1232 sed
3375 1176 3570 1232 Imma-

1986 1283 2111 1322 nam
2137 1280 2386 1323 naturam
2415 1269 2470 1323 in
2495 1281 2554 1323 se
2577 1269 2890 1331 ostendens,
2917 1267 3001 1323 cui
3024 1270 3291 1338 praaeipue
3313 1269 3578 1324 convenit-

1987 1359 2276 1430 ignorare:
2303 1358 2657 1414 humanitatis
2687 1359 2830 1413 enim
2863 1359 2965 1414 huc
2997 1359 3271 1429 proprium
3300 1369 3404 1416 est.
3430 1360 3566 1414 Cum

1987 1452 2130 1506 enim
2161 1467 2398 1515 carnem~
2432 1464 2675 1507 nostram
2721 1453 3039 1520 assumpsit,
3075 1451 3279 1506 idcirco
3318 1453 3482 1506 etiam
3514 1453 3602 1507 ἰηι-

1985 1559 2110 1600 eum
2160 1551 2214 1598 ut
2267 1543 2319 1598 in
2365 1558 2464 1599 nos
2511 1544 2815 1610 ignorantia
2851 1545 3048 1598 cadere
3090 1542 3205 1598 visa
3254 1549 3385 1599 est:
3426 1545 3572 1612 quod

1988 1644 2167 1690 autem
2199 1650 2308 1690 non
2359 1635 2592 1706 propriae
2642 1646 2855 1690 naturae
2909 1649 3040 1700 suae,
3095 1636 3190 1689 sed
3243 1634 3580 1689 humanitati-

1987 1727 2348 1798 ignorantiam
2398 1728 2656 1792 ascribat,
2708 1727 2836 1782 inde
2879 1727 3136 1796 cognosci
3186 1735 3386 1797 potest.
3433 1724 3603 1782 Cum‘

1916 1852 1958 1906 Β
1988 1819 2133 1874 enim
2178 1819 2233 1874 in
2283 1819 2522 1873 medium
2573 1819 2889 1873 adduxisset
2919 1819 3203 1873 historiam
3255 1833 3444 1874 eorum
3477 1818 3571 1886 qui

1989 1910 2324 1980 temporibus
2369 1907 2484 1965 Noe
2529 1911 2804 1975 vixerunt,
2841 1919 2896 1964 et
2931 1910 3161 1964 dixisset
3195 1927 3211 1963 :
3245 1926 3264 1961 ι
3303 1907 3572 1963 Comede-

1988 2003 2124 2056 bant
2150 2011 2205 2056 et
2234 2001 2492 2056 bibebant
2517 2043 2532 2068 ,
2563 2001 2841 2056 nubebant
2870 2001 3025 2068 viris,
3055 2009 3110 2054 et
3136 2000 3402 2054 ducebant
3429 2014 3569 2053 uxo-

1989 2108 2111 2157 res,
2159 2093 2331 2149 donec
2374 2094 2524 2148 venit
2566 2093 2851 2157 diluvium,
2900 2101 2954 2146 et
2995 2091 3220 2146 abstulit
3263 2105 3493 2157 omnes;
3544 2109 3567 2142 ι

1988 2183 2217 2252 subjecit
2253 2185 2472 2240 statim:
2516 2203 2535 2237 ι
2571 2184 2802 2256 Vigilate
2839 2185 3006 2256 igitur
3037 2193 3095 2239 et
3131 2198 3253 2250 vos,
3305 2187 3430 2254 quia
3478 2198 3574 2239 ne-

1989 2277 2144 2332 scitis
2174 2291 2281 2348 qua
2301 2277 2431 2332 liora
2457 2276 2632 2333 Filius
2662 2277 2898 2332 hominis
2925 2277 3140 2341 veniet;
3174 2296 3194 2329 ι
3228 2283 3282 2330 et
3309 2290 3524 2330 rursum
3552 2292 3568 2328 :

1995 2386 2015 2421 ι
2047 2367 2161 2436 Qua
2208 2383 2314 2424 non
2365 2371 2570 2440 putatis
2622 2370 2754 2425 hora
2804 2368 2972 2424 Filius
3016 2368 3255 2423 hominis
3301 2367 3504 2421 veniet.
3545 2385 3604 2418 »-

1988 2459 2290 2530 Oportebat
2346 2469 2552 2528 autem,
2616 2462 2663 2517 si
2711 2461 2825 2531 ipse
2873 2471 3140 2530 quatenus
3191 2468 3276 2514 est
3336 2457 3569 2513 Verbum

1989 2553 2294 2623 ignorabat,
2332 2553 2515 2609 dicere
2563 2555 2742 2623 potius
2772 2571 2788 2609 :
2821 2552 3017 2607 Nescio
3050 2567 3155 2621 qua
3189 2550 3279 2606 die
3310 2559 3572 2604 venturus
3603 2585 3610 2590 -

1987 2643 2089 2698 sim
2117 2660 2131 2698 :
2169 2652 2224 2699 et
2253 2659 2358 2714 qua
2402 2644 2626 2699 minime
2652 2643 3016 2712 exspectarim
3050 2642 3179 2696 hora
3206 2640 3412 2694 mittar.
3433 2639 3570 2694 Cum
3597 2672 3610 2684 .·

1988 2748 2117 2790 vero
2142 2735 2481 2791 auditoribus
2515 2734 2877 2806 ignorantiam
2905 2733 3168 2802 temporis
3189 2731 3306 2788 sive
3329 2731 3434 2785 diei
3465 2743 3572 2807 qua

1987 2842 2250 2889 venturus
2272 2837 2439 2896 esset,
2460 2827 2724 2895 ascribat,
2750 2825 3098 2882 manifestum
3135 2834 3220 2879 est
3257 2824 3432 2896 ipsum
3451 2821 3572 2892 qui-

1987 2927 2109 2981 dem
2143 2923 2194 2978 id
2223 2923 2386 2989 scire,
2415 2930 2476 2976 ut
2508 2920 2771 2976 Verbum.
2807 2916 3064 2989 Ignorare
3098 2926 3280 2973 autem
3325 2931 3388 2974 se
3415 2915 3569 2982 dicit,
3603 2963 3609 2970 .

1985 3027 2256 3088 quatenus
2285 3014 2624 3081 hominibus,
2649 3012 2705 3067 in
2751 3025 2888 3080 quos
2935 3009 3244 3082 ignorantia
3297 3007 3460 3068 cadit,
3493 3005 3583 3063 εἰη,

1988 3107 2136 3164 milis
2164 3107 2344 3163 factus
2369 3114 2473 3161 est.

2564 3215 2722 3285 221
2755 3212 2985 3269 ALIUD.

2060 3334 2118 3390 Si
2149 3349 2215 3388 ex
2247 3331 2485 3402 imagine
2512 3329 2648 3395 Noe,
2682 3329 2918 3384 secundi
2945 3327 3208 3380 adventus
3240 3324 3324 3380 sui
3359 3332 3574 3394 tempus
3605 3362 3609 3366 —

1986 3428 2299 3499 signiﬁcare
2349 3425 2487 3490 vult,
2534 3424 2753 3494 quando
2795 3433 3061 3476 venturus
3104 3431 3187 3474 est
3227 3419 3293 3472 ad
3325 3416 3575 3488 judican-

1986 3523 2112 3576 dum
2143 3519 2329 3574 orbem
2365 3526 2654 3583 terrarum,
2683 3522 3006 3584 constatque
3041 3529 3162 3568 cum
3207 3510 3396 3566 diluvii
3428 3508 3573 3564 diem
3600 3536 3608 3547 ι

1987 3624 2095 3665 non
2124 3609 2404 3677 ignorasse
2427 3624 2441 3661 :
2468 3606 2540 3661 ita
2569 3605 2714 3660 enim
2745 3607 2812 3659 ad
2837 3603 2948 3660 Noe
2976 3602 3184 3672 inquit:
3211 3619 3229 3652 ι
3261 3599 3573 3670 Ingredere,
3603 3653 3606 3656 .

1987 3707 2042 3754 tu
2068 3707 2122 3753 et
2155 3698 2246 3752 ﬁlii
2281 3697 2378 3764 tui,
2414 3697 2469 3752 in
2499 3711 2679 3751 arcam
2711 3713 2725 3752 :
2759 3709 2858 3766 ego
2886 3694 3032 3748 enim
3063 3703 3183 3762 post
3219 3691 3336 3747 dies
3365 3699 3572 3760 septem
3601 3729 3611 3741 .

1985 3794 2237 3849 inducant
2265 3791 2499 3862 pluviam
2531 3791 2585 3845 in
2606 3790 2906 3846 terram“:
2935 3808 2956 3842 ι
2991 3787 3140 3842 novit
3172 3787 3354 3855 itaque
3380 3785 3572 3838 horam
3602 3826 3608 3831 .

1986 3895 2041 3941 et
2074 3885 2214 3940 diem
2249 3886 2330 3939 sui
2359 3886 2644 3949 adventus,
2695 3893 2755 3937 ut
2788 3897 2968 3936 rerum
3009 3881 3313 3936 similitudo
3347 3889 3572 3931 conser-

1985 3989 2166 4043 vetur,
2210 3986 2266 4032 et
2303 3987 2481 4046 typus.
2507 3976 2626 4031 sive
2670 3975 2848 4044 imago
2884 3973 3005 4043 (fuat:
3049 3973 3102 4027 in
3139 3971 3248 4027 illis
3275 3977 3379 4036 est,
3432 3968 3575 4022 hanc

1985 4068 2272 4128 signiticet.

265 4170 327 4224 ση
337 4173 414 4225 μα
423 4155 539 4228 ἰνῃ.

1983 4265 2198 4324 ALIUD
2228 4265 2281 4318 in
2323 4264 2459 4318 idem
2489 4275 2508 4315 :
2549 4283 2567 4315 ι
2601 4262 2677 4317 De
2708 4262 2794 4316 die
2839 4261 2933 4316 illa
2981 4270 3028 4316 et
3071 4261 3203 4315 hora
3234 4236 3389 4316 nemo
3409 4262 3572 4327 novit,
3600 4311 3607 4315 .

2056 4353 2221 4462 :fque
2265 4335 2439 4404 angeli
2493 4334 2770 4399 calorum,
2819 4348 2983 4404 neque
3038 4331 3237 4398 Filius,
3289 4336 3375 4388 sed
3427 4333 3572 4388 solus

2101 4418 2236 4462 ater.
2269 4425 2288 4458 ι

2101 4418 2236 4463 ater.
2269 4425 2288 4458 ι

262 4267 477 4338 ΛΛΛΟ,
509 4265 603 4338 ἔτι
633 4267 726 4331 εἰς
757 4264 824 4318 τὸ
864 4267 1035 4338 αὐτό·
1059 4268 1258 4338 «Anapi
1281 4265 1362 4321 ’δὲ
1387 4267 1498 4336 τῆς
1535 4269 1763 4338 ἡμέρας
1783 4271 1883 4325 καὶ

334 4336 505 4406 ὥρας
527 4336 1034 4410 ἐμείνηςδιοὺδείς
1060 4333 1241 4402 οἷδεὶθ,
1261 4340 1406 4410 ,οὔτε
1426 4333 1483 4392 οἱ
1495 4333 1750 4410 ἆγῖγεᾷἳοί
1765 4339 1884 4394 τῶν

328 4405 650 4475 οὐρανῶν,
680 4405 826 4461 οὐδὲ
853 4411 886 4461 ό
919 4407 1076 4474 Υἱὸς,
1131 4409 1286 4479 εἰμὴ
1304 4411 1498 4478 μόνος
1535 4405 1824 4480 δ’Πατήρ.
1856 4430 1876 4463 ι
1907 4448 1909 4450 -
2056 4405 2236 4463 Pater.
2269 4425 2288 4458 ι
3556 4482 3560 4485 η

332 4516 520 4569 Ὅταν
548 4517 583 4585 ἡ
609 4513 734 4568 θεία
755 4514 890 4586 λέγῃ
921 4515 1116 4589 Γραφὴ
1147 4517 1275 4589 περὶ
1309 4514 1405 4570 τοῦ
1437 4517 1691 4588 Σωτῆρος
1723 4517 1882 4590 ἡμῶν

2059 4521 2194 4576 Cum
2228 4533 2386 4574 saera
2431 4517 2714 4589 Scriptura
2761 4518 2907 4574 dicat
2933 4516 3285 4572 Servatorem
3324 4524 3573 4571 nostrum

260 4609 542 4680 Χριστοῦ,
560 4609 643 4662 ὅτι
667 4609 764 4662 καὶ
783 4609 1060 4680 ὲπείνησε,
1089 4611 1184 4664 καὶ
1208 4609 1449 4680 ἐδίψησε,
1476 4612 1569 4664 καὶ
1595 4612 1884 4673 ἐκοπίασεν

1991 4611 2276 4668 Christum
2330 4611 2613 4676 esuriisse,
2669 4609 2893 4676 sitiisse,
2924 4607 3270 4676 defatigatum
3307 4606 3476 4660 fuisse
3504 4621 3575 4660 ex

263 4703 327 4755 ἐκ
352 4702 466 4772 τῆς
522 4701 858 4771 ὁδοιπορίας,
897 4701 994 4756 καὶ
1046 4702 1343 4756 ἐκάθευδεν
1389 4703 1647 4758 εἰσελθὼν
1697 4705 1778 4770 εἰς
1819 4705 1882 4760 τὸ

1991 4706 2207 4771 itinere,
2227 4713 2484 4760 etnavem
2503 4704 2804 4772 ingressum
2817 4699 3179 4754 obdormiisse
3200 4695 3290 4760 π’,
3305 4697 3434 4766 quid
3455 4706 3573 4752 sta-

266 4793 514 4863 σκάφος,
550 4791 605 4844 τί
637 4791 749 4862 ἄρα
781 4793 1103 4862 ποιήσουσιν
1156 4795 1204 4846 οἱ
1238 4795 1634 4866 χριστομάχοι;
1663 4798 1884 4870 Τολμή-

1991 4805 2145 4851 tuent
2194 4791 2662 4851 hostes-Christi?
2695 4790 3054 4843 Audebuntne
3105 4787 3287 4840 dicere
3335 4785 3580 4841 Verbum.

269 4900 464 4938 amaw
505 4882 620 4954 ἄρα
647 4883 829 4952 λέγειν
857 4885 954 4938 καὶ
984 4884 1162 4940 ταῦτα
1199 4887 1490 4957 ὑπομεῖναι
1518 4888 1610 4942 τὸν
1637 4889 1730 4942 τοῦ
1747 4889 1883 4944 Θεοῦ

1991 4888 2080 4945 Dei
2117 4891 2232 4944 haec
2277 4899 2592 4957 perpessum
2637 4883 2824 4947 fuisse,
2873 4890 2967 4936 aut
3002 4881 3116 4934 haec
3156 4891 3214 4932 ut
3249 4879 3582 4934 humanitati

268 4979 472 5047 Λόγον,
498 4976 532 5048 ἢ
562 4975 739 5030 ταῦτα
767 4977 867 5049 μὲν
902 4978 979 5042 ὡς
999 4979 1098 5050 τῆς
1128 4978 1549 5051 ἀνθρωπότητος
1578 4980 1688 5035 ῐδια
1718 4997 1884 5052 προσ-

1991 4981 2207 5052 propria
2238 4978 2404 5035 carni.
2433 4977 2734 5039 aseri-bent,
2767 4972 3005 5030 Verbum
3035 4981 3219 5026 autem
3261 4970 3355 5024 Dei
3382 4979 3574 5038 quate-

267 5070 481 5139 ἁψουσι
516 5072 586 5140 τῇ
622 5071 812 5140 σαρκὶ,
871 5069 979 5135 ἔξω
1000 5069 1057 5124 δὲ
1084 5071 1265 5126 αὐτῶν
1289 5072 1723 5144 ὁμολογήσουσιν
1743 5069 1884 5128 εἶναι

1991 5090 2095 5130 nus
2151 5071 2391 5128 Verbum
2438 5081 2526 5127 est
2571 5070 2662 5126 iis-
2694 5065 3200 5125 rebusobnoxium
3254 5077 3364 5118 non
3415 5066 3576 5120 esse?

264 5162 358 5216 τὸν
388 5160 492 5216 τοῦ
526 5161 665 5216 Θεοῦ
699 5163 895 5232 Λόγον,
976 5163 1150 5234 Λόγος
1179 5165 1363 5231 ὲστίν;
1395 5166 1608 5238 Ὥσπερ
1629 5162 1722 5220 οὖν
1751 5185 1882 5236 συγ-

1991 5164 2456 5232 Quemadmodum
2510 5163 2676 5234 igitur
2712 5162 2814 5216 hoc
2853 5159 2906 5214 in
2946 5173 3004 5214 se
3037 5157 3267 5226 recepit,
3316 5162 3376 5209 ut
3399 5156 3574 5211 homo

267 5255 600 5327 κεχώρηκεν
627 5256 819 5310 ἑαυτὸν
843 5256 921 5320 ὡς
944 5256 1235 5328 ἄνθρωπον
1279 5257 1573 5329 γενόμενον
1625 5259 1763 5328 μετά
1787 5259 1883 5312 ἀν-

1991 5256 2165 5312 l‘actus
2205 5271 2310 5309 una
2353 5267 2476 5308 cum
2507 5252 2830 5307 hominibus
2873 5247 3133 5308 esuriret,
3167 5256 3329 5314 atque
3364 5244 3570 5314 sitiret,

270 5343 516 5414 θρὼπων
554 5346 652 5400 καὶ
688 5348 880 5417 πεινῇν
903 5347 997 5400 καὶ
1023 5345 1205 5418 διψῇν,
1240 5349 1336 5401 καὶ
1365 5347 1433 5401 τὰ
1463 5346 1599 5401 ἄλλα
1628 5347 1878 5418 πάσχειν,

1991 5349 2308 5418 reliquaque
2354 5353 2652 5415 pateretur,
2677 5357 2797 5412 quae
2825 5341 2893 5396 de
2938 5341 3057 5410 ipso
3088 5337 3232 5392 dicta
3275 5346 3446 5392 sunt:
3482 5353 3576 5395 ea-

272 5436 423 5507 ἆπερ
448 5437 668 5509 εἴρηται
693 5439 826 5508 περὶ
857 5438 1046 5503 αὐτοῦ,
1099 5441 1194 5494 τὸν
1224 5439 1389 5493 αὐτὸν
1421 5439 1486 5509 δὴ
1514 5439 1716 5510 τρόπον
1745 5439 1882 5493 ἀκό-

1991 5439 2110 5494 dem
2143 5438 2305 5508 plane
2331 5437 2554 5492 ratione
2585 5449 2692 5489 non
2723 5440 2810 5488 est
2841 5431 2984 5501 quod
3015 5442 3175 5498 quem
3209 5425 3471 5495 oﬂ'endat,
3503 5431 3573 5497 si,

273 5525 471 5582 λουθον
512 5530 588 5602 μὴ
644 5529 1124 5599 σκανδαλίζεσθαι,
1154 5530 1260 5585 κᾶν
1303 5529 1379 5595 ὡς
1409 5530 1699 5600 ἄνθρωπος
1745 5529 1879 5602 λέγῃ

1991 5541 2052 5586 ut
2081 5530 2267 5596 homo,
2300 5543 2407 5584 una
2447 5542 2574 5584 cum
2628 5523 2940 5581 hominibus
2987 5521 3270 5592 ignorasse
3322 5521 3573 5579 dicatur:

362 5707 447 5785 ’ξι
477 5711 674 5785 (ierat,
707 5711 802 5766 at.
831 5710 925 5785 __"
950 5709 1144 5785 statui.
1192 5726 1344 5783 xm,
1374 5711 1466 5780 ss,
1499 5709 1710 5785 1.2,“.
1789 5710 1836 5743 ει
1871 5713 1884 5760 ι

1995 5750 2007 5766 .
2048 5727 2144 5779 vtt,
2191 5711 2297 5766 lui.
2369 5709 2434 5742 ’θ’
2477 5708 2663 5765 Matth.
2712 5721 2783 5772 tv,
2814 5706 2870 5774 2;
2910 5703 3066 5762 Joan.
3113 5721 3224 5770 xtx,
3259 5704 3362 5771 28;
3411 5700 3571 5760 Joan.

287 5781 365 5846 iv,
395 5781 446 5848 6;
477 5779 667 5840 Matth.
693 5797 792 5849 vit,
825 5781 919 5849 23,
942 5782 1034 5839 24.
