4026 6412
500 391 609 449 375

1527 386 1584 442 S.
1627 383 1899 442 CYRILLI
1937 377 2408 438 ALEXANDRINI
2451 383 2772 442 ARClllEP.

3659 381 3771 440 576

501 502 751 559 eamdem
812 499 1286 557 enim'nobiscum
1335 509 1555 554 carnem
1616 495 1867 566 gestavit.
1913 494 2076 551 Novit

2187 498 2302 566 μετ’
2331 497 2636 569 ἀνθρώπων
2669 497 2906 568 ἀγνοεῖν,
2950 495 3032 550 ὅτι
3056 494 3155 567 τὴν
3186 495 3354 567 αὐτὴν
3384 495 3515 567 ἡμῖν
3540 494 3776 567 ὲφόρεσι

503 594 647 648 enim
688 599 745 647 ut
793 592 1061 663 sapientia
1106 598 1159 646 et
1193 587 1426 644 Verbum
1460 587 1513 642 in
1561 586 1724 642 Patre
1766 586 2071 650 cxsistens;

2182 587 2380 662 σάρκα.
2405 587 2525 643 Οἵδε
2561 590 2660 660 μὲν
2696 588 2805 659 γὰρ
2829 588 2905 651 ὡς
2929 587 3092 656 σοφία
3122 587 3215 641 καὶ
3248 587 3422 655 Λόγος
3457 586 3533 641 ῶν
3565 587 3624 641 ὲν
3653 587 3775 639 Πα-

504 685 757 753 ignorare
787 698 918 739 vero
964 696 1022 738 se
1053 681 1182 735 dicit
1214 687 1434 750 propter
1468 692 1565 732 nos
1591 688 1645 731 ct
1689 677 1992 742 nobiscum,
2018 684 2078 731 ut

2187 680 2288 751 τρί’
2329 680 2404 752 μὴ
2426 680 2622 735 εἰδέναι
2647 680 2705 733 δέ
2759 695 2892 750 φησι
2926 677 2991 731 δι’
3027 678 3178 749 ἡμᾶς
3219 677 3314 732 καὶ
3345 676 3463 748 μεθ’
3485 676 3643 748 ἡμῶν
3694 675 3776 739 ὡς

502 777 684 832 homo.

499 886 731 953 ALIUD,
779 902 880 955 quo
928 885 1224 940 ostenditur
1270 882 1546 952 manifeste
1608 884 1939 939 Servalorem
1977 900 2075 939 no-

569 959 703 1010 visse
739 956 1009 1027 .qnwdam,
1054 956 1143 1027 sed
1185 956 1391 1008 ratione
1436 955 1828 1009 incarnationis
1857 956 2075 1025 ignora-

569 1026 765 1081 tionem
789 1041 900 1095 prw
924 1041 980 1079 se
1008 1026 1209 1080 tulisse.

568 1135 824 1192 Servator
855 1134 1056 1191 alicubi
1097 1136 1165 1191 ad
1196 1135 1491 1202 discipulos
1538 1151 1665 1192 suos
1691 1137 1767 1191 ait
1800 1156 1813 1191 :
1846 1155 1866 1189 ι
1902 1137 2075 1193 Laza-

497 1242 590 1281 rus
621 1227 829 1283 amicus
863 1239 1051 1283 noster
1093 1227 1387 1283 obdormiit
1414 1229 1484 1295 3',
1529 1248 1547 1282 ι
1586 1245 1707 1283 cum
1741 1229 1944 1299 alioqui
1982 1243 2076 1284 nc-

499 1335 587 1374 mo
616 1319 717 1375 hoc
750 1321 802 1375 ei
837 1320 1167 1386 nuntiasset,
1208 1320 1301 1375 sed
1348 1328 1404 1374 ut
1444 1319 1584 1374 Deus
1633 1322 1723 1390 qui
1767 1321 1945 1374 omnia
1979 1334 2073 1376 co-

498 1413 645 1480 gniia
690 1410 872 1466 habet.
916 1411 1121 1467 Deinde
1165 1411 1327 1481 longo
1374 1412 1567 1467 itinere
1621 1427 1741 1465 cum
1796 1411 2074 1481 discipulis

498 1504 795 1572 proiectus,
830 1506 979 1560 venit
1011 1505 1077 1563 ad
1129 1519 1346 1561 sorores
1378 1505 1567 1579 Lazari
1620 1506 1728 1574 jam
1772 1506 1988 1576 sepulti,
2018 1514 2076 1561 et

498 1595 711 1662 rogavit
742 1610 757 1648 :
791 1611 810 1646 ι
848 1594 953 1651 Ubi
978 1594 1236 1665 posuistis
1263 1609 1386 1648 eum
1416 1594 1504 1647 ὀἳ
1539 1614 1557 1646 ι
1588 1594 1757 1661 Quem
1801 1603 2072 1648 mortuum

500 1701 621 1741 csse
644 1687 869 1749 sciebat,
902 1689 1173 1757 quomodo
1205 1686 1487 1757 ignorabat
1518 1686 1691 1741 locum
1724 1686 1777 1740 in
1803 1702 1909 1754 quo
1940 1701 2071 1740 con-

2181 767 2278 837 ἀνθ
2288 786 2485 841 ρωπος.

2180 887 2385 951 ΑΛΛΟ,
2431 886 2506 939 δι’
2554 881 2627 943 οὗ
2670 884 2975 940 δείκνυται
3036 884 3247 953 σαφῶς
3278 887 3312 939 ὀ
3360 882 3563 950 Σωτὴρ
3592 881 3778 949 εἰδὼς

2245 958 2364 1026 μέν
2407 974 2559 1026 τινα.
2604 957 2946 1025 οἰκονομίας
3002 954 3072 1007 δὲ
3113 954 3291 1024 χάριν
3336 953 3581 1024 ἀγνοεῖν
3611 954 3779 1007 αὐτὰ

2252 1024 2780 1097 σχηματιζόμενος.

2247 1137 2411 1205 Λέγει
2457 1154 2561 1190 που
2593 1136 2731 1208 πρὸς
2788 1135 2915 1200 τοὺς
2972 1134 3168 1190 ἑαυτοῦ
3206 1134 3455 1206 μαθητὰς
3484 1137 3512 1188 6
3548 1134 3776 1205 Σωτήρ⁶

2182 1245 2202 1281 ι
2230 1227 2528 1299 Λάζαροςό
2570 1227 2721 1298 φίλος
2748 1227 2908 1299 ἡμῶν
2941 1227 3287 1298 κεκοίμηται,
3327 1245 3346 1279 ι
3392 1227 3571 1280 καίτοι
3602 1227 3781 1297 μηδε-

2176 1317 2265 1379 νὸς
2288 1315 2718 1384 ἀπαγγείλαντος
2746 1314 2895 1386 αὐτῷ
2946 1317 3076 1388 περὶ
3122 1315 3339 1376 τούτου,
3388 1314 3503 1368 ἀλλ’
3526 1315 3602 1379 ὡς
3630 1314 3782 1378 Θεὸς

2176 1407 2245 1460 τὰ
2281 1407 2457 1461 πάντα
2491 1405 2793 1476 γινώσκων.
2828 1401 2962 1460 Εἶτα
3017 1404 3238 1477 μακρὰν
3268 1405 3467 1469 ἐλάσας
3501 1406 3619 1459 ὁδὸν
3649 1404 3784 1476 Ξμα

2175 1499 2289 1560 τοῖς
2323 1496 2614 1567 μαθηταῖς,
2642 1494 2862 1566 ἔρχεται
2892 1494 3028 1567 πρὸς
3050 1494 3151 1557 τὰς
3175 1494 3269 1547 τοῦ
3302 1490 3783 1563 μνημονευθέντος

2177 1588 2430 1658 ἀδελφὰς,
2462 1587 2557 1642 καὶ
2590 1586 2814 1658 ἠρώτα·
2870 1605 2889 1639 ι
2926 1586 3035 1639 Ποῦ
3089 1584 3376 1639 τεθείκατε
3427 1582 3611 1645 αὐτόνς
3647 1601 3666 1633 ι
3705 1582 3784 1636 '0

2177 1680 2332 1746 εἰδὼς
2366 1680 2447 1734 ὅτι
2470 1680 2818 1750 κεκοίμηται,
2852 1678 2969 1742 πῶς
2997 1679 3097 1732 οὐκ
3128 1673 3241 1730 οἵδε
3291 1675 3382 1729 τὸν
3428 1675 3597 1728 τόπον
3630 1674 3785 1726 ὅπου

502 1778 651 1831 ditus
680 1777 836 1832 erat?
860 1778 952 1832 sed
976 1787 1133 1832 norat
1165 1780 1428 1847 proiecto.
1462 1778 1768 1833 Verisimile
1798 1778 1939 1831 enim
1968 1794 2071 1832 non

2187 1774 2354 1827 ἔκειτο
2384 1772 2445 1826 τὸ
2471 1771 2628 1842 σῶμα
2652 1788 2666 1837 ;
2701 1771 2814 1824 ἀλλ’
2848 1766 3011 1825 οἶδεν.
3054 1768 3346 1822 ’Λπίθανον
3375 1765 3485 1837 γὰρ
3503 1764 3566 1818 τὸ
3590 1767 3786 1818 ἐκεῖνο

498 1880 605 1933 est,
644 1868 814 1938 ipsum
847 1869 977 1923 illud
1024 1869 1270 1934 scivisse,
1302 1870 1403 1923 hoc
1447 1871 1764 1925 nescivissc.
1801 1869 2074 1937 Quemad-

2187 1864 2281 1935 μὲν
2309 1861 2529 1927 εἰδέναι,
2553 1840 2713 1916 τοῦτο
2741 1862 2798 1915 δὲ
2831 1863 3066 1930 ἀγνοεῖν.
3099 1859 3311 1931 Ὠσπερ
3340 1852 3434 1911 οὖν
3454 1854 3786 1925 οἰκονομίας

501 1960 719 2014 modum
764 1961 929 2030 igitur
974 1959 1234 2030 singulari
1282 1960 1514 2030 quodam
1562 1961 1791 2016 consilio
1830 1961 1967 2015 dixit
2013 1976 2073 2017 se

497 2036 711 2103 nescire
739 2049 827 2103 ubi
848 2050 1058 2119 iaceret
1084 2048 1127 2104 L
1149 2066 1323 2105 zzarus
1350 2068 1363 2115 ;
1401 2051 1473 2105 ita
1504 2052 1667 2106 etiam
1691 2052 1756 2106 de
1779 2052 1866 2107 die
1896 2062 1950 2105 et
1980 2052 2074 2107 ho-

499 2156 580 2203 ra,
619 2141 838 2195 tametsi
870 2141 1016 2196 dicat
1057 2156 1116 2197 se
1148 2143 1418 2211 ignorare,
1450 2144 1700 2200 utilitatis
1734 2155 1788 2200 et
1818 2146 1943 2201 boni
1972 2144 2073 2201 ali-

497 2233 653 2303 cujus
673 2246 836 2288 causa
868 2232 920 2287 id
947 2231 1080 2289 facit
1109 2251 1122 2288 :
1158 2234 1321 2305 222
1356 2237 1503 2290 novit
1533 2237 1675 2290 enim
1711 2246 1768 2291 ut
1806 2234 1965 2292 Deus.

666 2340 902 2410 ALIUD,
937 2343 1008 2398 ad
1038 2345 1277 2399 eamdem
1306 2346 1617 2400 sententiam
1642 2349 1930 2418 pertinens.

570 2456 704 2512 Cum
736 2458 788 2513 in
820 2458 1065 2528 partibus
1085 2458 1346 2513 Cazsareae
1368 2459 1596 2531 Philippi
1621 2471 1766 2516 esset
1793 2459 2070 2524 Servator,

496 2552 852 2629 interrogavit
887 2550 1218 2621 discipulos:
1258 2571 1277 2604 ‹
1318 2553 1488 2619 Quem
1543 2554 1728 2608 dicunt
1780 2568 1866 2609 me
1900 2553 2077 2608 Immi-

499 2656 593 2695 ues
619 2654 743 2696 esse
782 2641 980 2697 Filium
1031 2640 1268 2697 hominis
1295 2642 1386 2695 "it
1412 2661 1430 2693 ι
1469 2641 1714 2713 Cumque
1751 2643 1948 2699 Pctrus
1992 2659 2077 2698 re-

497 2731 806 2800 spondisset
829 2739 883 2784 et
905 2731 1176 2786 dixisset:
1209 2749 1228 2782 ι
1264 2731 1344 2785 Τιι
1370 2745 1430 2786 cs
1461 2730 1733 2797 Christus,
1774 2731 1944 2786 Filius
1978 2731 2075 2789 Dei

496 2822 728 2877 viventis
753 2838 771 2883 :
801 2840 821 2874 ι
857 2820 1041 2876 statim
1078 2821 1192 2891 ipse
1235 2821 1436 2887 intulit,
1476 2838 1495 2871 ι
1533 2819 1740 2876 Beatus
1780 2835 1860 2887 es,
1885 2821 2074 2876 Simon

499 2912 764 2982 Barjona,
808 2912 935 2981 quia
982 2911 1146 2965 Pater
1201 2911 1462 2965 revelavit
1516 2911 1635 2975 tibi,
1678 2913 1769 2982 qui
1816 2912 1868 2966 in
1923 2911 2076 2968 caelis

498 3015 584 3060 est
612 3006 679 3059 ".
711 3022 737 3056 ι
764 3003 937 3058 Nemo
963 3003 1107 3058 enim
1147 3003 1302 3058 novit
1332 3002 1528 3057 Filium
1566 3004 1667 3058 nisi
1715 3004 1895 3067 Pater,
1921 3003 2074 3073 juxta

500 3096 672 3166 ipsius
704 3094 1012 3152 Servatoris
1036 3109 1221 3150 vocem
1253 3094 1319 3148 ”.
1352 3095 1423 3148 At
1467 3096 1510 3149 si
1539 3095 1703 3149 Pater
1747 3110 1842 3165 per
1876 3095 2072 3151 Filium

2174 1957 2318 2020 τινος
2342 1955 2527 2010 ἕνεκεν
2553 1955 2613 2009 τὸ
2644 1954 2718 2026 μὴ
2746 1953 2944 2007 εἰδέναι
2965 1951 3068 2006 ποῦ
3104 1953 3282 2004 κεῖται
3329 1946 3580 2019 Λάζαρος
3631 1946 3783 2015 ἔφα-

2177 2065 2327 2113 σκεν,
2355 2046 2498 2101 οὕτω
2535 2047 2629 2102 καὶ
2659 2048 2787 2119 περὶ
2825 2047 2921 2117 τῆς
2944 2044 3158 2117 ἡμέρας
3182 2043 3277 2097 καί
3317 2041 3417 2112 τῆς
3443 2040 3595 2110 ὥρας
3613 2079 3629 2102 ,
3665 2039 3781 2093 κᾶν

2174 2142 2309 2216 λέγῃ
2344 2141 2418 2212 μὴ
2444 2140 2662 2204 εἰδέναι,
2700 2138 2972 2211 χρήσιμόν
2993 2154 3047 2190 τι
3071 2135 3165 2190 καὶ
3191 2133 3395 2204 ἀγαθὸν
3425 2130 3731 2202 οἰκονομῶν
3754 2170 3776 2197 ,

2173 2231 2334 2286 τοῦτο
2356 2233 2519 2284 ποιεῖ·
2544 2224 2654 2284 οἶδε
2684 2230 2793 2301 γὰρ
2825 2230 2900 2292 ὡς
2927 2227 3081 2292 Θεός.

2429 2347 2637 2413 ΔΛΛΟ,
2666 2345 2781 2414 τὴν
2799 2343 2997 2414 αὐτὴν
3043 2345 3190 2414 ἕχον
3215 2340 3508 2397 διάνοιαν.

2246 2458 2381 2528 Περὶ
2410 2454 2480 2510 τὰ
2515 2455 2657 2527 μέρη
2690 2454 3031 2522 Καισαρείας
3088 2453 3190 2524 τῆς
3215 2449 3483 2505 militum.)

2174 2550 2206 2602 6
2234 2547 2446 2619 Σωτὴρ,
2480 2546 2669 2617 ἠρώτα
2717 2545 2847 2610 τοὺς
2894 2542 3092 2599 ἑαυτοῦ
3153 2543 3425 2615 μαθητάς·
3485 2561 3506 2594 ι
3532 2542 3672 2595 Τίνα
3706 2557 3777 2612 με

2175 2641 2425 2709 λέγουσιν
2456 2641 2523 2693 -οἰ
2576 2638 2855 2710 ἄνθρωποι
2919 2636 3012 2692 τὸν
3042 2636 3173 2692 Υἰὸν
3221 2634 3317 2690 τοῦ
3364 2634 3706 2706 ἀνθρώπους
3753 2651 3773 2685 ι

2187 2732 2656 2804 Ἀποκριναμένου
2704 2731 2761 2784 δὲ
2790 2731 3000 2802 Πέτρου
3030 2731 3126 2786 καὶ
3152 2730 3459 2804 εἰρηκότος,
3500 2747 3520 2781 ι
3552 2729 3627 2783 Σὺ
3661 2721 3720 2780 si
3747 2730 3780 2782 6

2176 2824 2411 2898 Χριστὸς
2439 2826 2468 2879 6
2500 2823 2630 2889 Υἱὸς
2652 2822 2747 2877 τοῦ
2771 2822 2908 2877 Θεοῦ
2937 2808 3032 2877 τοῦ
3063 2822 3286 2889 ζῶντος,
3322 2840 3342 2876 ι
3368 2823 3652 2894 ἐπήγαγεν
3689 2823 3781 2875 εὐ-

2177 2918 2297 2983 θὺς,
2316 2918 2397 2971 ὅτι
2440 2935 2459 2968 ι
2488 2916 2779 2987 Μακάριος
2810 2911 2882 2982 εἴ,
2917 2916 3104 2987 Σίμων
3129 2915 3245 2988 Bap
3285 2915 3460 2976 Ἰωνᾶ,
3494 2915 3576 2967 ὅτι
3601 2913 3632 2966 6
3658 2912 3783 2967 Παο

2175 3010 2281 3083 τὴρ
2312 3007 2634 3078 ἀπεκάλυψέ
2670 3025 2752 3062 σοι
2777 3010 2805 3062 6
2830 3010 2889 3062 ὲν
2916 3010 3029 3073 τοῖς
3050 3009 3321 3081 οὐρανοῖς.
3361 3025 3381 3059 ι
3425 3006 3617 3069 Οὐδεὶς
3657 3004 3781 3075 γὰρ

2178 3095 2287 3154 οἶδε
2309 3099 2402 3154 τὸν
2425 3099 2552 3153 Υἱδν
2575 3100 2624 3153 εἰ
2651 3098 2727 3170 μὴ
2753 3100 2782 3153 6
2810 3098 3022 3170 Πατὴρ,
3055 3098 3195 3154 κατὰ
3210 3099 3309 3170 τὴν
3335 3097 3498 3153 αὐτοῦ
3534 3095 3632 3151 τοῦ
3657 3097 3783 3150 Σω-

499 3188 680 3243 nmuia
715 3194 994 3259 operatur,
1035 3201 1201 3241 unum
1238 3200 1367 3241 vero
1398 3201 1465 3241 ex
1508 3186 1764 3255 operibus
1808 3196 1891 3243 est
1919 3202 2077 3243 reve-

2187 3190 2347 3262 τῆρος
2374 3189 2581 3259 φωνήν.
2619 3189 2684 3243 Εἰ
2715 3189 2771 3243 δὲ
2798 3188 2868 3243 δι’
2905 3188 3039 3243 Υἱοῦ
3085 3190 3266 3245 πάντα
3312 3189 3502 3260 Πατὴρ
3534 3188 3779 3261 ἐργάζε-

502 3282 656 3347 latio,
679 3280 857 3351 ipsum
882 3277 1119 3336 Verbum
1144 3277 1307 3334 Petro
1338 3278 1543 3334 revelat
1566 3294 1683 3349 qua:
1707 3277 1888 3336 Patris
1916 3288 2077 3347 sunt;

501 3374 773 3444 quomodo
806 3381 987 3429 autem
1021 3372 1066 3428 is
1109 3373 1198 3442 qui
1245 3372 1470 3437 revelat,
1522 3382 1781 3442 tanquam
1825 3374 2080 3443 ignorans

505 3471 826 3535 interrogat,
849 3479 1139 3536 quemnam
1186 3466 1363 3535 ipsum
1394 3465 1645 3521 homines
1695 3480 1819 3521 esse
1847 3467 2082 3521 dicant?

503 3558 667 3611 Certo
693 3556 860 3627 igitur
882 3571 947 3610 ac
986 3555 1247 3627 singulari
1285 3557 1514 3613 consilio
1545 3556 1821 3612 interdum
1861 3558 2081 3628 ignora-

507 3648 704 3705 tionem
739 3647 981 3705 simulat.
1011 3646 1201 3704 Sciens
1235 3650 1379 3705 enim
1410 3650 1538 3722 quid
1571 3649 1822 3719 discipuli
1852 3666 2079 3722 respon-

503 3738 617 3793 suri
648 3748 851 3806 essent,
883 3740 1223 3813 interrogat:
1260 3750 1317 3796 ut
1356 3750 1581 3812 accepta
1625 3757 1813 3797 eorum
1856 3758 2081 3815 respon-

504 3829 656 3887 sione
688 3828 845 3885 lidem
876 3830 1132 3889 stabiliat.

996 4006 1238 4077 ALIUD,
1266 4012 1580 4068 enarratius.

574 4124 762 4191 Filius,
792 4131 1062 4196 quatenus
1113 4132 1199 4181 est
1248 4122 1484 4181 Verbum
1524 4135 1582 4183 et
1633 4126 1921 4199 sapientia,
1973 4144 2079 4186 non

502 4214 718 4286 ignorat
750 4215 891 4271 diem
920 4223 974 4270 et
1011 4214 1200 4270 horam
1234 4217 1320 4273 sui
1353 4220 1617 4274 adventus
1648 4236 1661 4275 :
1701 4221 1795 4276 sed
1831 4236 1899 4276 ne
1944 4235 2083 4278 mre-

502 4321 687 4363 roretn
723 4306 1003 4377 discipulis
1037 4308 1285 4374 incutiat,
1325 4310 1514 4366 nolens
1543 4322 1733 4365 eorum
1780 4310 2083 4383 interroga-

505 4399 638 4455 tioni
669 4401 1018 4469 respondere,
1047 4402 1184 4458 dixit
1214 4417 1274 4458 se
1301 4403 1535 4470 nescire,
1566 4412 1628 4458 ut
1654 4402 1852 4470 homo;
1884 4406 2082 4476 quippe

503 4490 595 4560 qui
639 4490 693 4546 id
746 4491 926 4548 dicere
970 4494 1155 4563 potuit
1188 4503 1463 4565 quatenus
1497 4507 1625 4548 caro
1664 4494 1837 4549 factus
1873 4504 1975 4561 est,
2021 4504 2082 4549 ut

503 4583 764 4652 scriptum
799 4594 883 4639 est
911 4586 980 4653 ",
1011 4585 1305 4655 carnisque
1330 4584 1680 4640 inﬁrmitates
1710 4588 1955 4655 proprias
1977 4587 2079 4644 sibi

508 4673 652 4729 fecit.
679 4673 833 4741 Quod
854 4676 1001 4731 enim
1032 4676 1138 4732 hac
1173 4675 1242 4732 de
1267 4691 1427 4733 causa
1448 4660 1527 4732 se
1561 4678 1776 4733 nescire
1810 4677 1968 4746 dixit,
1997 4679 2081 4734 iu-

503 4765 573 4820 dc
598 4769 850 4836 cognosci
883 4777 1080 4839 potest.
1111 4767 1245 4823 Nam
1273 4779 1558 4840 postquam
1587 4782 1617 4824 e
1640 4770 1871 4825 mortuis
1899 4784 2080 4826 resur-

505 4859 667 4927 rexit,
693 4875 817 4916 cum
850 4860 963 4931 jam
993 4862 1046 4916 in
1086 4861 1254 4918 caelos
1280 4876 1612 4917 ascensurus
1638 4870 1806 4926 esset,
1850 4862 2085 4920 interro-

506 4953 759 5023 gantibus
789 4970 913 5009 eum
944 4953 1243 5023 discipulis,
1278 4952 1496 5023 quando
1526 4953 1650 5009 linis
1672 4952 1907 5016 futurus.
1933 4956 2082 5026 ipse-

505 5060 611 5116 que
640 5045 837 5101 iterum
869 5053 1131 5100 venturus
1167 5052 1331 5111 esset,
1362 5043 1613 5100 acerbius
1661 5045 1740 5101 eis
1779 5047 2081 5116 respondit,

507 5137 734 5193 dicens:
768 5154 788 5189 ι
818 5135 934 5191 Non
959 5145 1044 5192 est
1076 5144 1318 5190 vestrum
1353 5150 1580 5192 noscere
1611 5146 1853 5207 tempora
1881 5147 1938 5193 et
1964 5153 2085 5195 mo-

507 5238 713 5293 menta,
740 5243 863 5297 quae
892 5225 1054 5280 Pater
1094 5225 1275 5297 posuit
1315 5227 1369 5281 in
1411 5240 1507 5281 sua
1543 5237 1812 5298 potestate
1836 5227 1906 5283 ".
1952 5247 1971 5281 ι
2009 5230 2083 5284 At

508 5317 553 5370 si
586 5317 718 5372 illud
765 5317 983 5386 penitus
1019 5316 1348 5386 ignorasset,
1379 5319 1665 5387 oportebat
1708 5318 1887 5374 dicere
1917 5337 1931 5373 :
1965 5318 2083 5374 Dixi

508 5408 662 5463 vobis
694 5420 784 5461 me
810 5408 1046 5473 nescire,
1078 5416 1134 5463 et
1156 5409 1360 5465 nescio.
1391 5409 1462 5464 At
1489 5424 1616 5466 vero
1654 5411 1809 5481 quasi
1839 5426 1945 5465 nou
1993 5426 2084 5467 re—

511 5507 597 5553 cte
634 5499 1038 5570 interrogantes
1073 5502 1440 5573 reprehendit,
1486 5513 1541 5559 et
1571 5512 1829 5572 tanquam
1874 5502 2083 5573 majora

508 5606 671 5659 quam
700 5606 799 5662 par
822 5592 894 5648 sit
921 5593 1263 5666 inquirentes
1296 5596 1493 5667 rejicit.
1520 5595 1867 5652 Manifestum
1900 5595 2084 5667 itaque

579 5749 624 5784 "
651 5749 806 5807 Joan.
839 5768 918 5822 ιι,
954 5754 1039 5815 il.
1116 5756 1164 5793 θ’
1203 5757 1450 5816 ibid.5i.
1526 5756 1568 5789 "
1606 5754 1795 5813 Matth.
1835 5770 1947 5821 xw,
1981 5755 2066 5813 15.

512 5818 562 5854 ⁸³
596 5822 716 5879 Act.
756 5839 795 5892 ι,
831 5822 884 5879 7.

2182 3301 2294 3349 ται,
2317 3283 2376 3338 ἓν
2408 3283 2464 3338 δὲ
2485 3282 2592 3337 τῶν
2623 3282 2803 3355 ἔργων
2823 3283 2917 3337 καὶ
2952 3285 2986 3355 ὴ
3022 3285 3389 3355 ἀποκάλυψις,
3413 3284 3576 3347 αὐτὸς
3606 3285 3637 3337 6
3662 3285 3777 3338 Λό-

2181 3389 2278 3441 γος
2307 3370 2661 3442 ἀποκαλύψας
2720 3369 2800 3442 τῷ
2846 3371 3043 3444 Πέτρῳ
3070 3373 3323 3442 φαίνεται
3352 3373 3423 3427 τά
3466 3372 3623 3443 παρά
3674 3372 3780 3427 τοῦ

2182 3463 2419 3536 Πατρός’
2449 3462 2567 3528 πῶς
2621 3459 2715 3519 οὖν
2743 3465 2771 3519 6
2808 3463 3167 3534 ἀποκαλύψας
3196 3464 3272 3530 ὡς
3304 3465 3514 3534 ἀγνοῶν
3556 3466 3778 3537 ἐρωτᾷ,

2181 3555 2303 3609 τίνα
2331 3555 2582 3624 λέγουσιν
2612 3557 2660 3610 οἰ
2687 3555 2994 3629 ἀνθρωποι;
3018 3555 3229 3612 Οὐκοῦν
3254 3559 3530 3629 οἰκονομεῖ
3552 3575 3610 3611 τι
3646 3558 3780 3612 πολ-

2181 3647 2342 3711 λάκις
2383 3647 2486 3719 τῆς
2509 3648 2734 3718 ἀγνοίας
2770 3648 2831 3702 τὸ
2869 3651 3073 3721 σχῆμα.
3106 3649 3279 3714 Εἰδὼς
3305 3649 3414 3721 γὰρ
3442 3651 3581 3720 ὅπερ
3614 3650 3777 3721 ἔμελε

2181 3741 2275 3795 λον
2305 3742 2451 3814 ἐρεῖν
2481 3741 2532 3795 οἱ
2564 3740 2825 3812 μαθηταὶ,
2851 3742 3120 3814 προσάγει
3154 3741 3256 3812 τὴν
3291 3739 3508 3806 πεῦσιν,
3542 3741 3614 3795 ἶν’
3638 3742 3763 3794 ἀπο-

2181 3830 2475 3902 δεξάμενος
2533 3828 2715 3884 αὐτῶν
2766 3830 2866 3901 τὴν
2932 3829 3263 3901 ἀπόκρισιν,
3336 3828 3617 3902 βεϐαιώσῃ
3669 3827 3759 3898 τὴν

2185 3920 2389 3975 πίστιν.

2605 4011 2791 4066 ΑΛΛΟ
2813 4050 2826 4075 ,
2877 4009 3335 4082 διηγηματικῶς.

2252 4127 2369 4181 Οὐκ
2392 4127 2576 4194 ἀγνοεῖ
2605 4125 2702 4197 τὴν
2735 4126 2953 4198 ἡμέραν
2985 4126 3080 4180 καὶ
3111 4126 3211 4198 τὴν
3248 4125 3400 4198 ὥραν
3446 4127 3543 4197 τῆς
3574 4126 3777 4180 ἑαυτοῦ

2183 4220 2488 4291 παρουσίας
2524 4220 2553 4271 6
2578 4219 2726 4286 Υἱὸς,
2826 4218 2999 4288 Λόγος
3033 4218 3154 4273 ἐστὶ
3181 4218 3276 4273 καὶ
3311 4217 3472 4288 σοφία
3497 4258 3513 4279 ,
3542 4217 3662 4270 ἀλλ’
3690 4219 3780 4273 ἵνα

2186 4315 2261 4385 μὴ
2317 4312 2496 4384 λύπην
2533 4310 2733 4384 ἐντέκῃ
2790 4313 2907 4374 τοῖς
2940 4308 3231 4381 μαθηταῖς,
3299 4310 3376 4374 ὡς
3426 4310 3487 4362 οὐ
3536 4308 3782 4380 θελήσας

2182 4403 2577 4477 ἀποκρίνεσθαι
2608 4405 2675 4474 τῇ
2712 4404 2842 4474 παρ’
2867 4401 3048 4455 αὐτῶν
3089 4400 3517 4472 προσενεχθείσῃ
3556 4402 3783 4465 πεύσει,

2185 4497 2268 4563 τὸ,
2302 4497 2418 4550 Οὐκ
2445 4491 2584 4561 οἶδα,
2611 4494 2777 4566 φησὶν
2808 4494 2883 4557 ὡς
2899 4493 3202 4563 ἄνθρωπος,
3221 4492 3471 4560 ἐξουσίαν
3504 4494 3649 4563 ἔχων
3684 4495 3786 4547 καὶ

2187 4586 2310 4651 τοῦ,
2346 4588 2524 4640 εἰπεῖν
2551 4585 2660 4651 διὰ,
2693 4586 2754 4639 τὸ
2779 4583 3030 4654 γενέσθαι
3072 4584 3229 4656 σὰρξ.
3263 4585 3397 4639 καθὸ
3436 4587 3783 4656 γέγραπται,

2187 4681 2283 4734 καὶ
2302 4677 2402 4740 τὰς
2428 4675 2530 4747 τῆς
2576 4676 2776 4748 σαρκὸς
2824 4673 3110 4738 ἀσθενείας
3158 4673 3613 4746 ἰδιοποιήσασθαι.
3654 4676 3786 4728 Ὅτι

2192 4769 2301 4846 γᾲρ
2328 4766 2531 4838 ταύτης
2551 4766 2713 4846 ἕνεκα
2737 4765 2838 4835 τῆς
2863 4765 3043 4828 αἰτίας
3069 4764 3130 4818 τὸ
3155 4764 3229 4836 μὴ
3257 4765 3456 4820 εἰδέναι
3481 4766 3671 4835 φησὶν,
3695 4768 3790 4818 ἑν·-

2190 4842 2381 4915 τεῦθεν
2406 4842 2686 4929 εἰσόμεθα.
2716 4858 2869 4911 Μετὰ
2898 4856 3008 4927 γὰρ
3038 4856 3100 4910 τὸ
3135 4858 3199 4910 ὲκ
3219 4857 3428 4929 νεκρῶν
3453 4857 3782 4927 ἀναστῆναι,

2197 4950 2407 5022 μέλλων
2438 4965 2498 5003 τε
2535 4949 2635 5019 ἤδη
2671 4946 2857 5001 λοιπὸν
2881 4947 3194 5002 ἀναϐαίνειν
3216 4946 3297 5010 εἰς
3333 4945 3618 5016 οὐρανοὺς,
3646 4946 3787 5016 ἐρω-

2191 5040 2474 5113 τησάντων
2497 5039 2659 5093 αὐτὸν
2688 5039 2795 5092 τῶν
2838 5038 3118 5110 μαθητῶν,
3164 5037 3296 5092 πότε
3321 5039 3384 5092 τὸ
3410 5038 3564 5102 τέλος
3588 5037 3747 5091 ἔσται
3764 5079 3785 5105 ,

2191 5136 2286 5188 nat
2317 5133 2449 5188 πότε
2490 5132 2652 5186 πάλιν
2678 5133 3143 5203 παραγενήσεται,
3182 5128 3514 5201 δριμύτερον
3543 5129 3787 5201 ἀπεκρί-

2189 5243 2319 5281 νατο
2342 5224 2537 5295 λέγων’
2575 5241 2595 5275 ι
2627 5222 2740 5293 Οὐχ
2769 5221 2923 5293 ὑμῶν
2951 5224 3069 5275 ἐστι
3089 5220 3292 5291 γνῶναι
3335 5222 3565 5294 χρόνους
3592 5220 3626 5292 ἢ
3660 5237 3789 5274 και-

2190 5319 2338 5392 ροὺς,
2369 5317 2462 5383 οὒς
2481 5319 2510 5372 6
2540 5317 2730 5389 Πατὴρ
2759 5314 2915 5368 ἔθετο
2942 5312 3001 5369 ὲν
3031 5317 3098 5386 τῇ
3135 5313 3243 5385 ἰδία
3292 5313 3535 5384 ἐξουσίᾳ.
3569 5332 3588 5365 ι
3634 5313 3786 5366 Ἀλλ’

2185 5411 2345 5483 εἴπερ
2368 5410 2575 5479 ἠγνόει,
2608 5407 2795 5478 σαφῶς
2812 5406 2975 5463 αὐτὸν
3000 5407 3169 5479 ὲχρῆν
3198 5406 3400 5476 λέγειν’
3425 5401 3595 5460 Εἶπον
3621 5406 3780 5476 ὑμῖν,

2184 5505 2287 5558 οὐκ
2308 5500 2447 5558 οἶδα.
2480 5501 2697 5557 Νυνὶδὲ
2728 5501 2805 5566 ὡς
2838 5502 2940 5558 οὐκ
2976 5500 3215 5570 εὐλόγως
3259 5499 3585 5571 ἐρωτῶντας
3632 5499 3784 5569 ἐλέγ-

2186 5614 2306 5667 χει,
2362 5595 2458 5649 καὶ
2498 5595 2575 5659 ὡς
2610 5594 2833 5665 μείζονα
2883 5593 2919 5663 ἢ
2972 5591 3097 5647 καθ’
3144 5590 3372 5655 ἑαυτοὺς
3419 5590 3782 5658 ἐξετάζοντας

2182 5755 2227 5789 "
2254 5753 2384 5812 ibid.
2420 5752 2508 5822 16,
2534 5751 2622 5809 l7.
2738 5751 2788 5787 ”
2817 5750 3010 5809 Matth.
3043 5750 3238 5821 31,27.
3337 5750 3386 5787 ⁸⁸
3410 5748 3571 5808 Joau.
3611 5765 3651 5815 ι,
3688 5747 3775 5806 ιι.
