4026 6412
183 434 273 493 ⁵η
1604 421 2053 483 THESAURUS.

3362 431 3470 491 ὅτε

185 551 477 625 ἀποτρέπει.
495 549 685 621 Δῆλον
716 545 816 604 οὖν
845 551 998 603 ἐστιν
1014 549 1096 603 ὅτι
1120 547 1215 602 καὶ
1236 548 1381 614 τότε,
1401 547 1581 602 καίτοι
1602 549 1777 602 πάντα

1888 558 1967 604 est
2014 548 2177 605 etiam
2232 557 2362 604 tunc
2415 551 2617 621 ipsum,
2681 553 2896 607 tametsi
2952 553 3135 608 omnia
3176 567 3359 611 nosset
3410 567 3471 612 ut

194 645 320 709 εὶὸὼς
347 642 418 706 ὡς
444 639 613 706 Θεὸς,
640 641 745 696 διὰ
792 641 859 693 τὸ
910 634 1052 695 εἶναι
1100 641 1202 711 τὴν
1233 638 1438 707 γνῶσιν
1479 639 1623 711 ὑπὲρ
1649 640 1775 703 τοὺς

204 735 423 809 μαθητὰς,
446 732 841 803 ἀνθρωπίνως
866 731 1074 802 ἔφασκε
1107 732 1183 804 μὴ
1201 731 1399 785 εἰδέναι
1429 731 1528 803 τὴν
1554 731 1775 803 ἡμέραν

256 1051 400 1104 ὀταν
424 1047 779 1120 εὑρίσκηται
814 1049 846 1101 6
899 1048 1035 1112 Θεὸς
1088 1050 1147 1103 ἐν
1193 1049 1292 1120 μὲν
1336 1048 1412 1121 τῷ
1463 1048 1777 1122 παραδείσῳ

200 1143 338 1208 λέγων
358 1138 603 1210 πρδςτὸν
644 1139 859 1210 Ἀδάμ·
891 1125 1047 1192 ι’Ποῦ
1069 1134 1151 1206 εἷς
1190 1159 1209 1193 ι
1245 1141 1382 1212 πρὸς
1404 1141 1463 1194 δὲ
1492 1140 1583 1193 τὸν
1614 1142 1773 1193 Κάῖν·

203 1252 219 1285 ι
242 1231 332 1286 Ποῦ
355 1229 519 1284 Ἀσελ
539 1231 571 1283 6
598 1229 857 1299 ἀδελφός
902 1248 1034 1297 σου;
1073 1251 1090 1284 ι
1131 1232 1184 1285 τί
1229 1233 1339 1304 ἄρα
1368 1233 1462 1286 καὶ
1496 1231 1624 1302 ’περὶ⁵
1650 1233 1777 1284 τοὺ-

192 1342 269 1378 του
294 1323 451 1392 «pars;
481 1324 584 1375 Ἂν
612 1321 737 1393 μὲν
758 1322 871 1394 γὰρ
901 1325 1203 1393 ἀγνοοῦντα
1226 1324 1498 1378 ποιεῖσθαι
1523 1326 1621 1396 τὴν
1650 1323 1779 1395 ἐρώ-

197 1432 324 1486 τησιν
368 1414 588 1486 λέγητε,
633 1415 917 1486 φανερῶς
968 1415 1382 1487 δυσφημοῦντες
1433 1416 1776 1488 εὑρίσκεσθε.

208 1504 533 1576 Εἱδὲτρόπον
562 1505 914 1576 οἰκονομίας
955 1506 1273 1575 εἰσάγεσθαι
1317 1523 1440 1559 τινα
1479 1505 1567 1559 διά
1620 1505 1779 1560 τοῦτο

211 1595 384 1661 δώσετε,
416 1597 490 1666 μὴ
518 1595 848 1662 ξενίζεσθε,
896 1597 1005 1653 κᾶν
1049 1601 1077 1653 6
1108 1598 1202 1652 τοῦ
1234 1598 1372 1651 Θεοῦ
1395 1599 1587 1667 Λόγος,
1623 1599 1692 1652 δι’
1714 1593 1777 1654 οὗ

211 1690 284 1740 καὶ
296 1686 400 1739 τότε
433 1685 528 1757 τὴν
554 1684 857 1757 ἐρώτησιν
910 1687 1050 1758 πρός
1081 1704 1141 1741 τε
1184 1688 1357 1759 Ἀδὰμ
1379 1690 1473 1742 καὶ
1521 1689 1616 1744 τὸν
1636 1690 1778 1743 Κάῖν

208 1779 403 1831 ἐποιεῖτο
439 1778 588 1844 Θεὸς,
646 1776 976 1849 οἰκονομῶν
1019 1796 1074 1832 τι
1129 1780 1402 1852 χρήσιμον
1466 1779 1542 1853 μὴ
1575 1781 1774 1835 εἰδέναι

1878 639 2044 708 Deus,
2088 642 2324 697 humano
2356 651 2534 696 tamen
2567 657 2718 698 more
2747 645 2950 700 dixisse
2975 648 3119 714 quod
3143 645 3287 700 diem
3318 646 3465 701 illum

1876 742 1933 787 et
1958 732 2475 804 horamignoraret,
2513 736 2639 805 quia
2682 735 3074 804 discipulorum
3111 748 3329 808 captum
3354 738 3471 808 ejus

1879 823 1956 879 rei
1986 824 2181 879 notitia
2216 825 2530 894 superabat.

2554 936 2786 994 ALIUD.

1946 1047 2080 1104 Cum
2135 1050 2445 1106 inveniatur
2512 1050 2655 1105 Deus
2732 1052 2786 1105 in
2855 1051 3109 1120 paradiso
3156 1052 3344 1108 dicens
3400 1054 3468 1110 ad

1878 1139 2189 1197 Adamum:
2225 1160 2245 1193 ι
2280 1142 2385 1200 Ubi
2414 1157 2473 1198 es
2498 1143 2581 1197 "1
2616 1162 2633 1195 ι
2664 1153 2719 1198 et
2746 1145 2813 1197 ad
2846 1142 2980 1197 Cain
3009 1160 3023 1197 :
3062 1164 3081 1195 ι
3128 1143 3352 1199 Ubinam
3386 1155 3470 1199 est

1878 1233 2013 1287 Abel
2043 1232 2207 1289 frater
2233 1241 2358 1290 tuus
2376 1236 2463 1289 "’1?
2495 1255 2513 1287 ι
2542 1235 2673 1304 quid
2711 1235 2814 1289 hac
2844 1233 2912 1289 de
2942 1249 2999 1289 re
3025 1238 3263 1290 statuitis
3287 1235 3309 1290 ‘i
3334 1235 3465 1290 Nam

1880 1324 1925 1379 si
1962 1325 2126 1378 Deum
2154 1326 2496 1396 ignorantem
2519 1327 2623 1381 hoc
2645 1327 3018 1395 interrogasse
3044 1327 3260 1393 dicatis,
3293 1328 3468 1382 mani-

1879 1416 2074 1470 festam
2103 1416 2497 1487 blasphemiam
2524 1417 2696 1489 223
2718 1419 3028 1474 incurratis.
3075 1417 3129 1474 Si
3151 1430 3329 1475 autem
3353 1421 3468 1475 sin-

1878 1510 2050 1581 gulari
2085 1512 2315 1568 consilio
2355 1512 2458 1569 hoc
2505 1515 2577 1568 ita
2609 1512 3057 1568 administratum
3089 1512 3331 1569 fatemini
3360 1534 3373 1570 :
3401 1530 3468 1570 ne

1879 1602 2031 1656 vobis
2074 1602 2318 1658 insolens
2341 1618 2407 1659 ac
2446 1604 2644 1657 mirum
2680 1604 2932 1660 videatur
2952 1643 2968 1669 ,
2995 1605 3039 1659 si
3082 1602 3320 1660 Verbum
3348 1606 3465 1671 Dei,

1879 1707 1976 1760 per
2000 1708 2160 1763 quem
2203 1694 2367 1750 etiam
2399 1703 2533 1749 tunc
2572 1694 2934 1762 interrogatio
2968 1696 3058 1750 Dei
3104 1695 3170 1750 ad
3199 1696 3467 1752 Atlamum

1880 1792 1931 1838 et
1960 1782 2092 1837 Cain
2128 1783 2275 1839 facta
2308 1794 2416 1850 est,
2451 1787 2595 1841 bono
2632 1784 2864 1854 utilique
2910 1786 3142 1842 consilio
3172 1786 3375 1843 dixerit
3408 1803 3469 1843 se

210 1871 323 1942 λέγῃ
342 1872 430 1941 τὴν
456 1871 674 1942 ἡμέραν
703 1872 791 1935 ὡς
834 1870 1145 1943 ἄνθρωπος,
1197 1873 1375 1927 καίτοι
1409 1874 1587 1928 πάντα
1622 1873 1777 1939 εἰδὼς

1888 1875 2097 1931 nescire
2157 1876 2309 1931 illum
2366 1878 2510 1932 diem
2555 1888 2613 1932 ut
2648 1877 2835 1944 homo,
2858 1878 3072 1933 tametsi
3108 1880 3292 1934 omnia
3325 1881 3470 1936 norit

220 1962 283 2025 ὡς
306 1964 443 2032 cro-eia.
462 1964 543 2017 τοῦ
570 1963 833 2034 Πατρός.

231 2077 401 2150 MM),
425 2076 489 2150 δι’
601 2075 942 2132 δείκνυται
968 2079 1198 2150 σαφῶς
1236 2078 1623 2150 οἰκονομικῶς
1651 2080 1782 2137 ἔσθ’

303 2147 387 2200 ὅτε
402 2147 500 2215 τὴν
515 2147 774 2218 ἄγνοιαν
818 2147 1335 2220 σχηματιζόμενος
1384 2155 1417 2206 ὀ
1434 2147 1687 2220 ’Σωτήρ

285 2262 389 2315 Ὅτε
410 2262 531 2316 κατά
551 2262 655 2333 τὴν
689 2262 917 2335 ἔρημον
945 2265 975 2316 6
1024 2264 1213 2337 Σωτὴρ
1266 2266 1600 2337 ἀποτρέφειν
1629 2264 1783 2319 ἐϐού-

209 2352 310 2405 λετο
328 2354 437 2418 τοὺς
458 2355 955 2427 ἀκολουθήσαντας
978 2357 1147 2429 αὐτῷ,
1164 2357 1314 2426 λέγει
1336 2358 1471 2429 πρὸς
1491 2358 1776 2411 Φίλιππονο

216 2446 414 2510 «Πόσους
426 2445 618 2518 ἄρτους
637 2447 811 2520 ἔχετε
838 2466 886 2515 ;ι
917 2451 1013 2503 καὶ
1033 2449 1150 2504 ἔστι
1182 2450 1282 2521 μὲν
1300 2450 1377 2514 ὡς
1398 2449 1720 2518 ἀγνοοῦντος
1740 2451 1775 2520 ἠ

218 2535 458 2608 ἐρώτησις.
506 2539 990 2612 Διαμαρτύρεται
1041 2538 1099 2594 δὲ
1150 2541 1500 2613 παραχρῆμα
1553 2541 1779 2609 λέγωνὸ

213 2632 543 2704 εὐαγγελιπής
566 2648 586 2664 ο
622 2652 643 2684 ι
681 2632 869 2686 Τοῦτο
887 2632 946 2686 δὲ
968 2633 1124 2700 ἔλεγε
1157 2632 1437 2703 πειράζων
1470 2633 1561 2705 τὸν
1590 2633 1774 2687 Φίλιπ-

208 2722 472 2786 ait-6;
499 2724 617 2796 γὰρ
662 2724 795 2797 ᾔδει
847 2724 901 2777 τί
954 2723 1150 2796 ἔμελλε
1196 2726 1391 2778 ποιεῖν.
1436 2743 1455 2776 ι
1503 2726 1566 2778 ΕΞ
1595 2726 1775 2780 τοίνυν

199 2816 311 2886 ὅπερ
335 2807 517 2887 ἔμελλέ
545 2819 742 2871 ποιεῖν
771 2818 1160 2887 ἐπιστάμενος,
1209 2816 1285 2882 ὡς
1330 2816 1542 2886 ἀγνοῶν
1563 2818 1772 2891 ἐρωτᾷ,

202 2905 243 2959 τε
263 2907 434 2962 κωλύει
460 2912 554 2964 καὶ
581 2909 688 2965 νῦν
709 2910 993 2982 χρησίμου
1054 2909 1198 2973 τινὸς
1254 2909 1419 2963 ἕνεκα
1465 2913 1773 2982 συγχωρεῖν

208 3001 336 3073 ὠτῷ,
360 3003 429 3073 μὴ
460 3003 676 3058 εἰδέναι
708 3002 898 3072 λέγειν
930 3001 1031 3075 τὴν
1053 3002 1268 3075 ἡμέραν
1322 3005 1417 3057 καὶ
1453 3005 1552 3076 τὴν
1581 3002 1769 3075 ὦραν;

213 3091 294 3145 Καὶ
315 3096 366 3148 οὐ
390 3094 734 3166 ψευδόμενος
775 3094 936 3149 τοῦτό
985 3111 1171 3166 φησιν·
1220 3095 1377 3159 εἰδὼς
1402 3095 1511 3167 γὰρ
1538 3094 1613 3159 ὡς
1639 3094 1772 3158 θεὸς

1887 1977 1946 2021 ut
1968 1968 2231 2038 sapientia
2263 1969 2472 2025 Patris.

1887 2080 2114 2149 ALIUD,
2139 2100 2244 2158 quo
2297 2085 2591 2158 ostenditur
2644 2085 2896 2141 Servatur
2927 2087 3191 2158 singulari
3243 2088 3467 2142 consilio

2130 2155 2395 2207 interdum
2419 2155 2777 2223 ignorantiam
2803 2174 2911 2225 prta
2931 2175 2986 2212 se
3011 2155 3216 2213 inlisae.

1956 2261 2093 2318 Cum
2143 2262 2402 2320 Servatur
2456 2267 2507 2319 in
2542 2266 2762 2322 deserto
2796 2268 2983 2323 turbas
3018 2268 3194 2338 ipsum
3248 2278 3469 2324 secutas

1882 2369 2105 2425 pascere
2120 2355 2305 2420 vellet,
2329 2365 2484 2429 rogat
2510 2357 2820 2430 Philippum
2855 2377 2869 2413 :
2898 2377 2918 2412 ι
2939 2359 3084 2426 Quot
3108 2374 3279 2431 panes
3298 2360 3468 2417 habe-

1884 2443 1997 2500 tis?
2031 2463 2049 2497 ι
2073 2460 2196 2514 qua:
2235 2446 2457 2516 quidem
2499 2458 2583 2503 est
2628 2449 2990 2519 interrogatio
3041 2451 3364 2520 ignorantis.
3402 2453 3470 2508 At

1877 2538 2210 2607 evangelista
2277 2539 2461 2593 statim
2510 2539 2747 2610 adjicit:
2804 2560 2824 2594 ι
2871 2541 2986 2599 Hoc
3028 2541 3205 2610 dixit,
3254 2551 3469 2600 tentans

1882 2624 2221 2696 Philippum;
2243 2628 2453 2684 sciebat
2476 2631 2618 2685 enim
2645 2631 2760 2701 ipse
2776 2632 2903 2701 quid
2929 2631 3174 2688 facturus
3199 2640 3343 2689 esset
3361 2634 3462 2689 ".r

1881 2715 1939 2773 Si
1987 2732 2118 2791 ergo
2156 2721 2339 2777 sciens
2385 2722 2515 2792 quid
2565 2722 2807 2778 facturus
2851 2733 3018 2792 esset,
3064 2724 3366 2794 interrogat
3410 2736 3469 2781 ut

1878 2812 2140 2883 ignorans
2166 2830 2180 2868 :
2206 2814 2334 2883 quid
2372 2814 2600 2883 impedit
2635 2817 2930 2886 quominus
2970 2818 3136 2872 etiam
3179 2834 3322 2875 nunc
3357 2821 3467 2875 uti—

1877 2903 2049 2960 litatis
2078 2903 2306 2975 alicujus
2338 2922 2502 2962 causa
2536 2923 2648 2978 pra:
2678 2923 2736 2963 se
2766 2909 2905 2965 ferat
2924 2925 2982 2965 se
3010 2912 3221 2967 nescire
3245 2911 3386 2967 diem
3414 2921 3471 2968 et

1879 2997 2090 3052 horam.
2140 2997 2329 3069 Neque
2388 3001 2533 3056 enim
2583 3001 2718 3056 false
2746 3001 2847 3058 hoc
2886 3002 3059 3057 dicit:
3098 3003 3277 3059 sciens
3299 3005 3466 3069 enim,

1876 3095 1937 3141 ut
1981 3087 2126 3145 Deus
2153 3089 2415 3158 Verbum,
2452 3101 2630 3162 potest
2672 3103 2731 3147 ut
2773 3093 2935 3149 homo
2968 3093 3249 3163 ignorare,
3279 3106 3337 3149 ut
3369 3109 3469 3163 per

219 3184 363 3254 Λόγος,
407 3187 640 3245 δυναται
695 3189 779 3252 ὡς
836 3187 1127 3259 ἄνθρωπος
1183 3190 1398 3258 ἀγνοεῖν
1420 3229 1434 3255 ,
1493 3189 1578 3241 ἵνα
1631 3188 1774 3242 κατά

1888 3181 2062 3237 omnia
2098 3180 2363 3239 fratribus
2395 3184 2489 3240 fiat
2519 3184 2736 3251 similis,
2770 3196 2828 3240 ut
2857 3186 3060 3242 Paulus
3092 3185 3331 3258 loquitur
3359 3187 3426 3241 ".

220 3280 465 3348 πάντατοῖς
492 3282 769 3353 ἀδελφοῖς
798 3253 1065 3356 ὁμοιωθῇ,
1117 3253 1260 3337 κατά
1300 3283 1400 3355 τὴν
1422 3253 1525 3337 ’τοῦ
1557 3282 1774 3337 Παύλου
1801 3253 1845 3312 c'

224 3374 377 3442 φωνήν.

228 3482 410 3559 Ἐζιεζς
430 3487 509 3551 τὸ,
552 3484 771 3559 «ιπερὶ
798 3485 869 3559 ᾷρ
909 3485 1018 3555 τῆς
1067 3486 1294 3559 ἡμέρας
1331 3488 1427 3543 καὶ
1470 3489 1593 3559 τῆς
1620 3486 1778 3558 ὥρας

283 3551 468 3629 fatim;-
495 3551 722 3629 οὐδεὶξ
750 3628 755 3629 γ
778 3551 976 3629 uider,
993 3551 1158 3629 ὀὔὶε
1176 3551 1237 3612 οἱ
1263 3551 1505 3629 ἄγγελοι
1531 3551 1775 3614 ἷῶνρῠέ

268 3624 444 3693 μανῶν,
466 3628 621 3682 οὔτε
654 3629 691 3680 ό
716 3627 871 3694 Υἱὸς,
896 3629 951 3682 εἱ
969 3626 1055 3697 μὴ
1089 3630 1122 3681 ό
1146 3624 1359 3698 Πατὴρ
1384 3631 1594 3699 μόνος.
1640 3648 1658 3682 ι

432 3745 760 3814 Πρότασις
783 3742 866 3809 ὠς
889 3742 959 3796 ἐκ
1001 3741 1121 3798 τῶν
1153 3744 1488 3814 αφετικῶν.

249 3852 431 3921 Πάντα,
461 3858 668 3927 φασιν,
701 3851 847 3911 οἶδεν
877 3857 906 3911 ὁ
931 3857 1146 3930 Πατὴρ,
1171 3859 1233 3912 οὐ
1269 3859 1445 3914 πάντα
1465 3858 1522 3913 δὲ
1543 3859 1571 3912 6
1604 3860 1735 3925 Υἱὸς
1758 3902 1775 3930 ,

191 3947 309 4000 κατὰ
337 3946 428 4018 τὴν
463 3947 648 4002 αὐτοῦ
706 3948 923 4019 φωνήν⁸
983 3949 1156 4024 ταύτῃ
1199 3948 1310 4022 γὰρ
1371 3950 1609 4020 μάλιστα
1638 3952 1777 4023 πρὸς

186 4036 432 4104 ἀπόδειξιν
454 4039 713 4112 χρῆσθαι
744 4039 932 4094 καλόν.
985 4040 1050 4094 Εἰ
1085 4042 1263 4095 τοίνυν
1315 4037 1425 4095 οἶδε
1463 4041 1562 4113 μὲν
1601 4043 1630 4094 6
1664 4043 1776 4095 Πα-

186 4125 271 4198 τὴρ
292 4128 389 4200 τὴν
452 4129 615 4200 ὥραν
666 4128 906 4202 ἐκείνην,
938 4129 1126 4198 ἀγνοεῖ
1150 4131 1206 4184 δὲ
1247 4131 1277 4182 6
1310 4130 1458 4196 Υἱὸς,
1512 4130 1632 4196 πῶς
1675 4131 1777 4203 τῆς

185 4222 331 4292 αὐτῆς
388 4224 556 4279 ἔσται
601 4222 822 4295 φύσεως
871 4223 951 4295 τῷ
1012 4223 1191 4278 πάντα
1247 4225 1410 4279 εἰδότι
1443 4227 1471 4279 ὁ
1521 4224 1597 4298 μὴ
1653 4242 1775 4280 τοι·

181 4311 343 4382 viros;

668 4428 829 4498 Πρὸς
864 4429 1043 4484 τοῦτο
1085 4431 1289 4500 λύσις.

239 4541 298 4598 Εἰ
325 4546 407 4619 μὴ
450 4544 636 4600 πάντα
661 4540 802 4599 οἶδεν
842 4547 871 4600 6
909 4546 1060 4612 Υἱὸς,
1112 4545 1236 4601 καθ’
1276 4547 1442 4617 ὑμᾶς,
1474 4541 1528 4609 ὦ⁴
1554 4564 1775 4619 χριστο-

1877 3485 2062 3540 Adhuc
2097 3484 2153 3539 in
2184 3485 2364 3541 idem:
2400 3507 2420 3539 ι
2456 3484 2533 3541 De
2562 3487 2647 3542 die
2692 3486 2788 3541 illa
2839 3496 2887 3543 et
2922 3486 3056 3541 hora
3101 3500 3251 3539 nemo
3284 3484 3467 3550 nouit;

1949 3572 2112 3679 rltfq‘ue
2175 3556 2351 3626 angeli
2400 3561 2670 3622 cwlorum,
2718 3574 2882 3628 neque
2932 3556 3135 3626 Filius,
3182 3557 3274 3611 sed
3323 3556 3469 3612 solus

2002 3643 2032 3678 α
2060 3642 2139 3680 er.
2176 3644 2195 3677 ι

2339 3739 2578 3811 Objeclt'o
2606 3740 2999 3796 hereticorum.

1950 3851 2168 3919 Omnia,
2223 3853 2496 3924 inquiunt,
2553 3856 2702 3911 novit
2746 3855 2928 3923 Pater,
2982 3855 3079 3912 sed
3132 3869 3238 3910 non
3280 3854 3465 3910 omnia

1880 3943 2069 4010 Filius,
2126 3955 2186 4001 ut
2240 3947 2476 4017 ipsemet
2523 3949 2635 4003 ait:
2697 3963 2820 4001 nam
2872 3947 3043 4017 ipsius
3095 3946 3467 4001 testimonium

1877 4037 2142 4108 optimum
2174 4046 2258 4091 est
2285 4036 2354 4091 ad
2400 4037 2506 4092 hoc
2547 4037 3052 4092 demonstrandum.
3086 4034 3143 4089 Si
3178 4050 3309 4105 ergo
3360 4032 3466 4089 Pa-

1880 4137 1965 4184 ter
1991 4128 2145 4184 novit
2190 4127 2337 4183 illam
2367 4130 2582 4194 horam,
2616 4128 2832 4198 ignorat
2867 4136 3049 4182 autem
3090 4125 3283 4193 Filius,
3317 4141 3462 4197 quo-

1885 4220 2048 4275 modo
2074 4220 2180 4274 erit
2213 4220 2455 4288 ejusdem
2492 4230 2705 4275 natura
2734 4235 2857 4275 cum
2894 4233 2962 4275 eo
2991 4219 3089 4291 qui
3131 4218 3316 4274 omnia
3361 4231 3463 4275 tto-

1878 4311 1976 4381 vit,
2007 4312 2054 4368 is
2083 4312 2172 4383 qui
2204 4313 2409 4385 aliquid
2441 4310 2693 4383 ignorat?

2379 4423 2590 4480 Salutio
2634 4423 2967 4495 obiectiant's.

1954 4539 2036 4605 Si,
2082 4540 2238 4611 juxta
2291 4547 2556 4603 vestram,
2616 4539 2802 4594 hostes
2848 4537 3077 4606 Christi,
3126 4538 3466 4610 opinionem,

186 4637 353 4708 μάχοι.
382 4638 694 4709 ψεύδεσθαι
723 4638 905 4705 λέγειν
964 4639 1180 4711 ἀνάγκη
1228 4639 1327 4703 τὰς
1354 4639 1507 4704 θείας
1529 4640 1774 4713 Γραφάς,

1888 4632 2053 4688 Filius
2096 4646 2201 4686 non
2254 4629 2438 4686 omnia
2489 4630 2679 4698 novit,
2720 4645 2947 4686 necesse
3003 4639 3087 4685 est
3140 4640 3201 4685 ut
3251 4645 3467 4686 sacram

183 4730 389 4784 καὶτῶν
415 4730 596 4800 ἁγίων
654 4729 1169 4802 καταθρασύνεσθαι
1226 4732 1496 4801 λεγόντων
1524 4734 1654 4806 περὶ
1683 4735 1781 4789 αὐε-

185 4818 281 4873 τοῦ·
315 4840 335 4873 ι
386 4822 454 4875 '0
500 4820 661 4886 εἰδὼς
684 4822 751 4876 τὰ
775 4822 960 4877 πάντα
1014 4824 1143 4894 πρὶν
1196 4825 1465 4892 γενέσεως
1517 4826 1717 4880 αὐτῶν.
1750 4844 1770 4879 ι

187 4910 278 4966 Καὶ
301 4914 420 4987 γὰρ
450 4915 511 4967 ὲν
563 4916 680 4978 τοῖς
735 4913 930 4969 πᾶσιν
951 4916 1069 4969 ἐστὶ
1101 4916 1193 4969 καὶ
1223 4917 1255 4988 ἠ
1315 4917 1413 4989 τῆς
1461 4918 1776 4982 συντελείας

189 5004 370 5081 ἡμέραο
406 5006 568 5061 οὐδὲν
591 5006 702 5079 γὰρ
741 5007 848 5072 ἔξω
889 5008 1105 5062 κεῖσθαι
1138 5008 1202 5062 τὸ
1228 4989 1428 5063 ἐόντα
1473 5013 1772 5081 συγχωρεῖ.

189 5080 240 5148 ἕξ
256 5097 306 5151 δὲ
332 5097 552 5170 ταύτην
581 5100 818 5166 ἀγνοεῖό
840 5099 989 5163 Υἱὸς,
1011 5100 1126 5164 πῶς
1147 5096 1255 5154 οἶδε
1277 5101 1347 5154 τὰ
1366 5099 1545 5155 πάντα
1567 5080 1589 5167 ;ν
1615 5080 1774 5155 Ἀλλά

186 5185 255 5239 δεῖ
273 5191 497 5254 πάντως
516 5189 617 5254 τὰς
651 5191 762 5244 τῶν
793 5191 967 5260 ἁγίων
1005 5191 1227 5263 ἀληθεῖς
1259 5187 1398 5246 εἶναι
1423 5191 1627 5260 φωνάς.
1665 5194 1778 5246 Καὶ

184 5271 282 5331 οἶδε
311 5280 382 5333 τὰ
410 5280 594 5334 πάντα
621 5282 651 5334 ὁ
683 5282 829 5346 Υἱός.
867 5282 931 5335 Εἰ
951 5281 995 5335 δ’
1023 5284 1080 5336 ὲν
1105 5285 1220 5347 τοῖς
1243 5285 1409 5337 πᾶσιν
1438 5283 1651 5355 ἀνάγκη
1678 5286 1777 5339 καὶ

186 5369 242 5421 τὸ
283 5371 437 5435 τέλος
473 5376 641 5437 νοεῖν,
684 5373 917 5443 μάταιον
965 5376 1123 5446 ἡμῶν
1167 5376 1542 5447 ἀναπέφανται
1594 5377 1657 5431 τὸ
1688 5378 1778 5431 σό-

189 5476 381 5533 φισμα.
420 5467 711 5537 υἰκονομεῖ
728 5467 838 5538 γάρ
870 5484 951 5520 τοι
986 5468 1243 5539 Χριστὸς,
1275 5470 1349 5541 μὴ
1379 5470 1581 5526 εἰδέναι
1601 5470 1776 5540 λέγων

190 5550 285 5623 τὴν
316 5552 458 5626 ὥραν
487 5558 729 5627 ἐκείνην,
757 5557 851 5611 καὶ
883 5559 985 5612 οὐκ
1012 5559 1229 5632 άληθῶς
1253 5562 1454 5630 ἀγνοεῖ.

1885 4724 2226 4795 Scripturam
2263 4723 2483 4778 mentiri
2524 4720 2770 4777 dicamus
2796 4760 2812 4786 ,
2869 4722 3185 4791 sanctisque
3225 4720 3469 4795 refrage-

1881 4832 2008 4872 mur
2044 4816 2390 4872 dicentibus:
2429 4833 2447 4866 ι
2487 4814 2588 4881 Qui
2635 4814 2788 4868 novit
2834 4813 3019 4868 omnia
3072 4824 3201 4869 ante
3234 4829 3468 4885 genera-

1880 4911 2083 4965 tionem
2131 4909 2375 4978 ipsorum
2417 4907 2456 4960 ¹.
2497 4925 2517 4958 ι
2554 4904 2785 4961 Nomine
2831 4903 2976 4959 enim
3011 4905 3270 4971 omnium,
3296 4906 3465 4962 etiam

1880 5001 1997 5057 dies
2029 4998 2515 5057 consummationis
2560 4998 2915 5052 continetur:
2966 5011 3094 5052 nam
3143 5012 3266 5053 cum
3321 4996 3464 5052 dici-

1883 5106 2003 5160 mus
2036 5094 2250 5155 omnia,
2288 5090 2419 5145 nihil
2460 5089 2824 5146 excludimus.
2874 5088 2931 5145 Si
2970 5104 3103 5145 vero
3140 5090 3282 5145 diem
3326 5089 3468 5146 hanc

1881 5184 2098 5254 ignorat
2157 5183 2348 5249 Filius,
2399 5182 2673 5254 quomodo
2719 5183 2872 5239 novit
2921 5182 3156 5237 omnia?
3191 5182 3466 5238 Caeterum

1882 5289 2105 5331 necesse
2127 5277 2348 5331 omnino
2381 5286 2442 5331 ut
2470 5274 2649 5331 sancti
2694 5291 2826 5331 vera
2860 5275 3229 5345 praedicarim.
3269 5273 3339 5328 Et
3374 5273 3468 5327 Fi-

1879 5368 1985 5423 lius
2015 5367 2199 5423 omnia
2249 5369 2419 5423 novit.
2471 5367 2528 5423 Si
2561 5381 2694 5423 vero
2724 5366 2779 5420 in
2814 5367 3072 5422 omnibus
3113 5380 3337 5420 necesse
3383 5374 3471 5421 est

1880 5460 2045 5514 etiam
2072 5459 2232 5515 finem
2265 5458 2690 5528 comprehendi:
2718 5472 2915 5512 vanum
2946 5464 3094 5513 certe
3114 5465 3201 5513 est
3222 5463 3468 5512 vestrum

1880 5561 2268 5608 commentum.
2321 5551 2575 5607 Christus
2602 5549 2747 5605 enim
2783 5548 3046 5617 singulari
3098 5549 3332 5607 consilio
3364 5547 3467 5605 hoc

1878 5642 2030 5709 facit,
2062 5644 2205 5714 quod
2235 5657 2293 5699 se
2336 5643 2526 5699 horam
2561 5642 2708 5697 illam
2754 5642 2965 5698 nescire
2998 5641 3153 5711 dicit,
3221 5656 3350 5700 vere
3386 5649 3467 5696 ta-

1877 5750 2000 5790 men
2033 5750 2136 5791 non
2172 5735 2407 5807 ignorat.

276 5880 316 5911 ⁹⁶
348 5881 479 5939 Gen.
512 5900 592 5953 Ill,
620 5885 671 5941 9.
752 5886 797 5918 ³⁷
822 5885 957 5942 Gen.
999 5900 1073 5953 tv,
1115 5886 1166 5943 9.
1248 5888 1292 5920 ⁸⁸
1324 5885 1496 5945 Marc.
1528 5903 1603 5957 Vl,
1638 5887 1774 5959 58;.)

1895 5924 1908 5951 ι
1945 5903 2022 5959 Vt,
2056 5888 2111 5959 5,
2142 5887 2194 5944 6.
2248 5886 2319 5975 ζ’
2346 5886 2510 5946 llebr.
2546 5903 2608 5956 tt,
2640 5887 2727 5946 17.
2809 5890 2824 5924 ³
2858 5888 2998 5949 Dan.
3035 5904 3157 5960 xm,
3189 5886 3279 5946 ﬂ.
