4026 6430
142 443 230 505 581

554 564 790 631 'AAAO,
846 562 1306 635 διηττυιατικῶς.

219 674 388 734 Οὓδιέι
426 674 491 729 τὸ
533 675 623 747 μὴ
686 677 845 747 ἔχειν
904 679 935 731 6
993 678 1143 744 Υἱὸς,
1200 678 1484 749 εἰληφέναι
1531 679 1752 749 λέγεται

161 769 299 841 παρὰ
315 767 394 822 τοῦ
410 766 673 839 Πατρός.
710 767 877 840 Ἔχει
905 768 1016 838 γὰρ
1043 770 1307 838 φυσικῶς,
1338 771 1470 834 ἴδιος
1492 769 1567 823 ὢν
1588 770 1752 825 αὐτοῦ

168 864 311 930 Λόγος
328 860 418 915 ,καὶ
442 860 855 933 ἀπαύγασμα,
889 863 1070 917 πάντα
1097 862 1166 917 τὰ
1198 862 1390 928 αὐτοῦ,
1433 864 1557 934 δίχα
1590 863 1753 934 μόνου

168 958 245 1012 τοῦ
264 951 381 1008 εἶναι
410 955 510 1008 καὶ
564 953 854 1022 λέγεσθαι
902 957 1117 1027 Πατήρ.
1145 956 1310 1025 Λέγει
1356 956 1414 1010 δὲ
1471 956 1754 1026 εἰληφέναι

166 1047 286 1119 παρὰ
301 1045 386 1100 τοῦ
423 1045 690 1117 Πατρδς,
735 1047 1093 1118 προαναιρῶν
1135 1047 1212 1112 ὡς
1237 1047 1371 1111 Θεὸς
1401 1046 1503 1111 τὰς
1532 1046 1642 1101 τῶν
1669 1047 1755 1100 αἱ·

163 1142 355 1215 ρετικῶν
380 1141 679 1204 ὑπονοίας.
717 1140 843 1194 Ἵνα
867 1140 980 1213 γὰρ
1021 1143 1096 1213 μή
1134 1158 1219 1205 τις
1253 1141 1345 1195 τὸν
1370 1140 1500 1193 Υἱὸν
1533 1138 1754 1211 θεωρῶν

159 1240 306 1293 πάντα
340 1236 408 1290 τὰ
454 1236 560 1289 τοῦ
616 1233 858 1307 Πατρός
892 1234 1088 1305 ἔχοντα
1129 1236 1195 1288 ὲκ
1236 1234 1337 1305 τῆς
1382 1233 1587 1304 πολλῆς
1629 1232 1753 1287 λίαν

149 1330 435 1399 ὁμοιότητος
460 1328 564 1381 καὶ
600 1327 1059 1399 ἀπαραλλάκτου
1086 1326 1418 1397 ταοτότητος
1439 1325 1639 1397 νομίσῃ
1659 1323 1752 1378 τὸν

158 1394 448 1475 ἐἶναι
481 1394 870 1489 Πατέρα-καὶ
897 1417 1049 1484 Υἱὸν,
1099 1418 1195 1472 καὶ
1217 1394 1427 1490 εἰς-τὴν
1461 1394 1751 1471 Σαϐελλίου

170 1511 345 1581 πλάνην
371 1510 612 1584 ἐκπέσῃ,
682 1511 1022 1581 ἀναγκαίως
1078 1511 1361 1583 εἰληφέναι
1411 1511 1548 1582 φησὶ
1598 1509 1754 1584 παρὰ

169 1603 364 1675 Πατρός,
392 1602 662 1671 φυσικῶς
726 1601 895 1657 τοῦτο
926 1602 1086 1674 ἔχων
1119 1603 1184 1657 ἶν’
1208 1605 1239 1657 ό
1277 1602 1439 1670 λόγος
1476 1602 1751 1675 εἰσφέρων

167 1700 247 1751 ἕνα
269 1698 354 1767 μὲν
390 1697 478 1750 τὸν
526 1695 789 1760 διδόντα,
833 1694 1088 1767 δεύτερον
1119 1695 1177 1749 δὲ
1214 1694 1308 1750 τὸν
1330 1695 1638 1767 δεχόμενον,
1691 1696 1751 1750 ὲν

168 1788 457 1853 ἰδιαζούσαις
484 1789 849 1842 ὑποστάσεσι
871 1787 1040 1842 δυάδα
1064 1786 1284 1859 δεικνύῃ
1322 1786 1383 1841 οὗ
1421 1787 1603 1860 μόνοις
1628 1786 1750 1841 ὀνό-

174 1898 291 1951 μασι
314 1879 984 1951 διαστελλομένην.’”ἰδιος
1030 1880 1088 1934 δὲ
1118 1878 1209 1934 ὢν
1229 1878 1327 1933 τοῦ
1360 1878 1575 1949 Πατρός
1597 1881 1626 1934 6
1646 1879 1752 1934 Δό-

179 1988 281 2040 τος,
307 1971 394 2023 καὶ
418 1973 479 2024 lu
503 1970 604 2040 τῆς
640 1969 847 2034 οὐσίας
885 1968 1054 2024 αὑτοῦ
1087 1965 1391 2041 προελθὼν,
1434 1968 1615 2023 πάντα
1649 1967 1749 2037 μὲν

185 2061 248 2115 τὲ
271 2062 355 2116 τοῦ
374 2061 569 2132 Πατρός
600 2059 796 2124 ἀῖδίως
824 2059 965 2131 ἔχει.
1001 2061 1141 2132 Παρ’
1167 2059 1335 2114 αὑτοῦ
1370 2058 1428 2113 δέ
1464 2076 1632 2130 φησιν
1664 2061 1745 2114 ει-

187 2151 394 2222 ληφέναι
420 2152 500 2207 διὰ
523 2151 580 2206 τὸ
604 2150 665 2218 ἐξ
702 2150 885 2207 αὐτοῦ
913 2150 1222 2225 προελθεῖν,
1244 2148 1495 2222 φυσικῶς
1513 2149 1655 2224 ἔχων
1678 2150 1749 2208 τὰ

184 2245 338 2301 πάντα
366 2245 615 2316 προσόντα
645 2243 831 2316 αὐτῷ.

841 2445 1050 2501 ΔΛΛΟ.

239 2555 386 2609 οὗδέν
407 2556 476 2619 εἰς
498 2556 593 2609 τὸν
627 2554 906 2626 θεότητος
935 2554 1095 2623 λόγον
1121 2553 1214 2610 τὸν
1243 2553 1376 2610 Υῑδν
1404 2552 1657 2626 ἀδικήσει
1683 2553 1747 2608 τὸ

174 2647 358 2714 λέγειν·
417 2666 434 2698 ι
462 2648 660 2703 Πάντα
705 2665 807 2719 μοι
865 2646 1141 2719 παρεδόθη
1190 2647 1346 2719 παρὰ
1382 2644 1476 2701 τοῦ
1531 2647 1746 2720 Πατρός

168 2757 277 2808 μου·
303 2758 321 2791 ι
353 2740 478 2793 ἀλλὰ
514 2741 739 2812 μᾶλλον
767 2739 1117 2794 ἀποδεικνύει
1158 2738 1347 2810 σαφῶς
1388 2738 1532 2793 κατὰ
1580 2738 1745 2809 φύσιν

164 2833 272 2887 εντα
299 2833 434 2887 Υῐόν.
476 2835 546 2888 Εἰ
585 2834 711 2904 γὰρ
746 2835 930 2889 πάντα
958 2832 1111 2904 αὐτῷ
1146 2831 1447 2904 παρεδόθη,
1486 2834 1545 2886 ὲν
1578 2832 1637 2887 δὲ
1663 2832 1744 2905 τῷ

173 2923 331 2980 πάντα
370 2928 549 2981 εἰπεῖν
609 2910 782 2981 οὐδὲν
812 2925 1031 2996 ἀφῆκεν
1053 2926 1230 2989 ἐκτός⁸
1256 2924 1360 2978 οὐκ
1383 2922 1492 2996 ἄρα
1515 2919 1595 2990 εἷς
1624 2925 1744 2979 ἐστι

179 3014 261 3067 τῶν
279 3016 495 3079 πάντων,
534 3018 696 3089 ἅπερ
734 3017 838 3071 καὶ
891 3015 1175 3087 εἰληφέναι
1212 3017 1400 3087 φησὶν,
1454 3015 1570 3070 ἀλλ’
1605 3016 1742 3070 ἰδιά-

184 3105 337 3169 ζονσαν
366 3110 427 3162 ἐκ
453 3110 688 3182 Πατρδς
712 3109 818 3181 τὴν
836 3109 1092 3179 γέννησιν
1115 3107 1248 3179 ἔχει.
1273 3107 1405 3172 Υἱὸς
1432 3107 1489 3162 δὲ
1510 3107 1586 3163 ὢν
1602 3109 1744 3163 κατὰ

188 3198 327 3266 οὖσιν,
352 3201 456 3272 ἔχει
497 3203 743 3266 πάντως
779 3202 849 3256 τὰ
884 3200 980 3255 τοῦ
1016 3202 1381 3279 γεννήσαντος
1417 3200 1546 3256 ἴδια.
1578 3202 1743 3279 ’Ῑδιον

186 3289 231 3342 ε’.
252 3292 325 3345 τοῦ
355 3296 730 3368 γεννήσαντος
761 3294 825 3349 τὸ
857 3294 1038 3349 πάντα
1069 3276 1239 3366 ἔχειν’
1278 3293 1382 3349 οὐκ
1421 3293 1530 3366 ἄρα
1557 3276 1744 3366 ἐνδεής

190 3400 302 3450 τινος
324 3388 500 3454 όΥἱός.

855 3506 1063 3563 ΑΛΛΟ.

247 3640 300 3693 ΕΞ
326 3644 473 3699 πάντα
494 3642 664 3715 αὐτῷ
692 3641 999 3714 παρεδόθη,
1030 3641 1176 3697 καθά
1207 3659 1375 3714 φησιν
1429 3639 1617 3708 αὐτὸς,
1647 3640 1746 3695 καὶ

175 3731 340 3786 δέδοται
386 3738 443 3790 ὲν
491 3739 567 3808 τῇ
623 3736 781 3807 χειρὶ
815 3733 1007 3800 αὐτοῦ,
1045 3733 1170 3789 οὔτε
1221 3735 1330 3789 τῶν
1386 3734 1607 3790 πάντων
1661 3731 1744 3799 εἷς

159 3826 309 3889 ἔσται,
325 3829 457 3883 ἀλλὰ
480 3830 587 3883 καὶ
626 3829 796 3898 μόνος
819 3829 1070 3899 φανεῖται
1111 3825 1472 3899 κληρονόμος,
1492 3826 1570 3891 ὡς
1590 3825 1738 3890 Υἱός.

154 3918 208 3971 ΕΞ
232 3920 330 3990 rip
352 3916 429 3984 εἷς
465 3921 550 3974 ὢν
583 3921 686 3974 καὶ¹
719 3919 885 3983 αὐτὸς
912 3918 1023 3973 τῶν
1053 3920 1270 3975 πάντων
1300 3917 1586 3989 ἐτύγχανε,
1610 3935 1742 3971 κατ-

152 4012 410 4081 ηριθμεῖτο
438 4013 513 4069 ἂν
546 4016 607 4067 ὲν
629 4015 749 4075 τοῖς
772 4013 931 4078 πᾶσι,
958 4013 1053 4066 καὶ
1072 4011 1173 4065 οὐκ
1192 4012 1257 4065 ἂν
1279 4006 1348 4082 ἦν
1383 4008 1736 4086 κληρονόμος.

161 4099 355 4173 Ἐπειδὴ
384 4104 444 4157 δὲ
466 4103 757 4179 ,φαίνεται
812 4102 996 4154 πάντα
1049 4099 1232 4155 λαϐὼν
1282 4098 1528 4170 φυσικῶς
1553 4115 1613 4153 τε
1644 4098 1740 4152 καὶ

149 4194 430 4260 οὖσιωδῶς,
462 4194 725 4265 δηλονότι
758 4192 1153 4265 διατρεχούσης
1179 4195 1259 4255 εἰς
1292 4191 1458 4246 αὐτὸν
1506 4190 1608 4261 τῆς
1641 4190 1737 4244 τοῦ

146 4289 497 4359 γεννήσαντος
550 4289 735 4359 ἀρχῆς
768 4305 827 4341 τε
887 4286 984 4342 καὶ
1020 4287 1364 4357 κυριότητος,
1428 4283 1587 4347 ἄλλος
1621 4283 1739 4336 ἐστὶ

142 4377 237 4430 τῶν
262 4378 493 4433 πάττων
546 4380 608 4444 ἐξ
662 4378 911 4450 ἀνάγκης
932 4419 947 4445 ,
1004 4378 1097 4433 καὶ
1135 4377 1297 4449 μόνος
1329 4376 1462 4441 ἴδιος
1488 4374 1586 4429 τοῦ
1619 4376 1737 4429 IIot-

143 4468 252 4539 τρὺς
274 4470 430 4537 Υἱός.

583 4585 793 4649 ΑΛΛΟ,
837 4585 1298 4656 διηγηματικῶς.

202 4695 539 4768 Ede-332511!
579 4715 687 4751 που
721 4698 896 4766 λέγων
921 4700 948 4752 6
994 4699 1208 4771 Σωτήρ·
1257 4718 1275 4750 ι
1313 4698 1524 4770 Ὥσπερ
1554 4701 1583 4753 6
1617 4700 1733 4753 Πα-

1585 440 2029 505 THESAURUS.

1782 616 1825 671 A

3334 454 3443 511 382

2380 570 2614 639 ALIUD,
2650 573 2936 628 narratice.

1942 681 2056 737 Non
2099 682 2223 738 ideo
2255 684 2456 738 dicitur
2481 684 2653 739 Filius
2686 699 2714 737 a
2755 684 2916 738 Patre
2964 681 3267 754 accepisse,
3293 681 3438 752 quod

1856 783 2015 856 antea
2040 790 2146 828 non
2174 774 2447 830 habuerit.
2471 775 2647 829 Habet
2672 775 2814 831 enim
2847 775 3189 839 naturaliter,
3215 789 3337 827 cum
3368 774 3439 826 sit

1855 866 2130 936 praprium
2162 864 2278 933 ejus
2312 865 2544 919 Verbum
2573 876 2629 919 et
2655 864 2941 934 Splendor,
2970 865 3153 919 omnia
3179 877 3298 934 qua:
3329 859 3437 916 Pa-

1856 956 1955 1009 tris
1979 975 1992 1009 :
2021 963 2249 1025 excepto
2268 970 2335 1009 eo
2352 955 2492 1024 quod
2510 970 2686 1024 neque
2704 956 2798 1021 sit,
2819 969 2997 1024 neque
3016 955 3233 1008 dicatur
3250 952 3435 1008 Pater.

1853 1046 1997 1102 Dicit
2028 1056 2207 1101 autem
2233 1062 2293 1101 se
2315 1047 2596 1115 accepisse
2628 1061 2659 1100 a
2707 1045 2892 1111 Patre,
2940 1059 3334 1115 praeoccupans
3379 1051 3437 1098 et

1856 1137 2067 1203 tollens,
2095 1146 2156 1191 ut
2181 1138 2343 1203 Deus,
2371 1137 2750 1191 haereticorum
2782 1137 3172 1203 suspicionem.
3203 1133 3338 1189 Nam
3367 1148 3437 1190 ne

1853 1230 2156 1300 quispiam,
2191 1228 2393 1284 Filium
2422 1230 2796 1298 contemplans
2811 1228 3096 1283 habentem
3109 1226 3289 1281 omnia
3314 1239 3437 1294 quae

1852 1321 2034 1385 Pater,
2062 1322 2340 1377 existimet
2369 1322 2439 1377 oh
2468 1337 2738 1378 summam
2765 1322 2904 1376 hanc
2939 1319 3354 1375 similitudinem
3380 1324 3438 1372 et

1851 1413 2222 1469 omnimodam
2254 1414 2599 1470 identitatem
2631 1414 2810 1485 ipsum
2853 1427 2977 1469 esse
3016 1411 3233 1466 Patrem
3266 1408 3436 1465 simul

1850 1513 1905 1559 et
1938 1502 2154 1570 Filium,
2203 1512 2258 1559 et
2301 1503 2357 1558 in
2406 1502 2627 1559 Sabellii
2663 1497 2917 1559 errorem
2957 1500 3187 1564 incidat,
3224 1498 3434 1553 utiliter

1850 1596 2139 1651 admodum
2166 1610 2225 1650 se
2255 1610 2285 1650 a
2311 1594 2471 1651 Patre
2498 1594 2777 1664 accepisse
2821 1592 2997 1657 dicit,
3046 1606 3170 1646 cum
3207 1597 3436 1644 natura-

1851 1687 1976 1743 liter
2010 1687 2063 1742 id
2098 1688 2312 1753 habeat,
2340 1696 2402 1741 ut
2433 1687 2574 1743 ratio
2596 1686 2713 1757 ipsa
2746 1685 2990 1741 inferens
3018 1697 3188 1738 unum
3210 1680 3431 1753 quidem

1849 1792 1971 1834 esse
2001 1777 2094 1848 qui
2117 1776 2233 1842 dat,
2258 1777 2493 1833 alterum
2528 1777 2620 1847 qui
2660 1775 2910 1847 suscipit,
2947 1772 3271 1831 dualitatem
3304 1786 3435 1842 per-

1849 1883 2109 1924 sonarum
2143 1868 2435 1924 manifeste
2481 1867 2740 1924 ostendat
2791 1883 2901 1923 non
2949 1866 3085 1922 solis
3116 1863 3439 1920 nominibus

1851 1963 2184 2018 distinctam.
2224 1960 2362 2018 Cum
2384 1976 2517 2017 vero
2540 1961 2612 2016 sit
2634 1961 2915 2031 proprium
2948 1959 3129 2014 Patris
3156 1955 3429 2022 Verbum,

1849 2063 1994 2111 οισι
2035 2054 2277 2111 essentia
2327 2053 2500 2124 ipsius
2536 2053 2833 2124 procedat,
2874 2059 3027 2107 certe
3074 2048 3260 2107 omnia
3309 2059 3435 2117 qua

1847 2144 2029 2201 Patris
2058 2154 2208 2212 sunt,
2234 2145 2319 2201 ab
2351 2155 2556 2201 aeterno
2595 2146 2784 2202 habet.
2829 2145 2972 2200 Dicit
3022 2151 3204 2198 autem
3253 2154 3313 2196 se
3361 2140 3437 2194 ab

1847 2237 1942 2293 illo
1960 2235 2262 2304 accepisse,
2297 2235 2426 2304 quia
2459 2248 2526 2290 ex
2564 2235 2681 2304 ipso
2719 2231 3004 2304 procedit:
3050 2245 3178 2286 cum
3223 2223 3433 2298 alioqui

1845 2325 2170 2382 naturaliter
2194 2325 2396 2381 habeat
2422 2324 2607 2380 omnia
2638 2338 2758 2393 qua:
2778 2321 2927 2377 Patri
2954 2321 3162 2377 insunt.

2517 2436 2753 2494 ALIUD.

1864 2602 1871 2607 -
1914 2576 2061 2633 Nihil
2088 2578 2246 2646 plane
2272 2576 2543 2632 divinitati
2574 2575 2697 2631 Filii
2726 2574 2941 2631 ofﬁcere
2962 2581 3164 2645 potest,
3200 2571 3386 2629 dicere
3407 2585 3429 2627 :

1848 2691 1871 2741 ῃ
1911 2672 2105 2727 Omnia
2127 2672 2257 2727 mihi
2285 2671 2484 2727 tradita
2520 2678 2644 2726 sunt
2669 2685 2699 2724 a
2726 2669 2891 2723 Patre
2919 2682 3041 2722 meo
3077 2683 3092 2721 :
3135 2683 3156 2718 ι
3209 2665 3304 2720 sed
3332 2677 3431 2734 po-

1848 2764 1954 2820 tius
1977 2754 2223 2819 declarat
2256 2765 2430 2834 ipsum
2451 2761 2779 2817 naturaliter
2808 2760 3006 2815 Filium
3035 2774 3177 2816 esse.
3200 2756 3259 2812 Si
3283 2756 3431 2814 enim

1843 2855 2027 2910 omnia
2058 2854 2133 2910 illi
2164 2855 2363 2910 tradita
2397 2862 2547 2920 sunt,
2607 2862 2662 2910 et
2711 2869 2837 2911 cum
2888 2853 3124 2908 dicimus
3152 2889 3170 2917 ,
3224 2850 3429 2915 omnia,

1843 2948 1977 3002 nihil
2012 2949 2355 3005 excludimus
2381 2965 2396 3016 ;
2446 2956 2596 3004 certe
2627 2964 2734 3003 non
2769 2947 2875 3003 erit
2903 2947 3019 3015 ipse
3046 2959 3189 3001 unus
3219 2958 3287 3000 ex
3318 2958 3433 3000 om-

1845 3037 2006 3093 nibus
2029 3053 2151 3108 quae
2183 3052 2242 3093 se
2277 3038 2555 3105 accepisse
2571 3037 2738 3099 dicit,
2770 3037 2865 3093 sed
2900 3034 3216 3090 distinctam
3252 3047 3282 3088 a
3318 3030 3426 3089 Pa-

1846 3137 1928 3184 tre
1952 3129 2360 3199 generationem
2395 3129 2577 3184 habet.
2610 3128 2781 3184 Filius
2806 3141 2937 3181 vero
2961 3123 3283 3179 naturaliter
3302 3138 3430 3179 cum

1847 3221 1938 3286 sit,
1973 3220 2135 3275 habet
2160 3220 2342 3273 omnia
2378 3235 2500 3289 quae
2543 3218 2824 3275 Genitoris
2849 3215 3239 3286 suntpropria.
3286 3213 3431 3270 Pro-

1801 3369 1813 3388 .
1849 3310 2024 3379 prium
2050 3320 2230 3365 autem
2263 3309 2539 3367 Genitoris
2563 3317 2647 3365 est
2688 3309 3113 3365 omniahabere
3153 3326 3168 3364 :
3210 3321 3320 3363 non
3344 3312 3432 3362 est

1848 3401 2012 3472 igitur
2038 3400 2210 3457 Filius
2238 3401 2471 3473 alicujus
2495 3401 2571 3456 rei
2599 3396 2834 3473 indigus.
2907 3473 2919 3483 ῃ

2528 3515 2760 3572 ALIUD.

1918 3652 1977 3711 Si
2003 3653 2184 3710 omnia
2211 3652 2260 3709 ei
2290 3652 2486 3708 tradita
2532 3660 2680 3720 sunt,
2734 3652 2875 3708 sicut
2913 3651 3028 3721 ipse
3061 3656 3311 3715 testatur,
3347 3646 3433 3703 ei-

1845 3748 2025 3818 quein
2051 3761 2242 3802 manus
2270 3747 2417 3812 data,
2469 3761 2575 3800 non
2629 3754 2713 3802 est
2761 3760 2901 3799 unus
2937 3743 3103 3815 226
3148 3741 3428 3806 omnium;

1844 3838 1938 3893 sed
1967 3837 2114 3892 solus
2164 3845 2248 3901 est
2290 3835 2484 3900 hazres,
2521 3846 2579 3889 ut
2613 3834 2804 3890 Filius.
2854 3834 2989 3889 Nam
3034 3834 3078 3888 si
3106 3834 3222 3901 ipse
3272 3844 3421 3886 unus

1843 3931 2084 3987 omnium
2119 3930 2436 3995 exsisteret,
2475 3937 2626 3982 certe
2648 3928 2903 3983 omnibus
2931 3933 3431 3987 annumeraretur,

1845 4038 2023 4093 neque
2084 4032 2230 4076 esset
2272 4021 2471 4075 haeres.
2540 4018 2674 4075 Cum
2721 4034 2852 4074 vero
2895 4018 3077 4074 omnia
3132 4014 3429 4084 acceperit,

1844 4114 2180 4169 naturaliter
2211 4123 2374 4182 atque
2396 4109 2786 4174 essentialiter,
2821 4118 3119 4179 propagato
3162 4106 3428 4161 nimirum

1844 4206 1897 4261 in
1919 4206 2092 4275 ipsum
2123 4203 2401 4260 Genitoris
2423 4202 2505 4257 sui
2528 4202 2755 4271 imperio
2787 4210 2842 4256 et
2870 4198 3249 4256 dominatione
3283 4213 3297 4251 :
3331 4212 3427 4253 ne-

1842 4314 1994 4354 cessa
2007 4298 2363 4352 rio-diversus
2388 4304 2472 4352 est
2492 4295 2562 4350 ab
2594 4294 2872 4363 omnibus,
2900 4300 2957 4351 et
2991 4292 3141 4350 solus
3165 4291 3431 4364 proprius

1841 4391 2020 4447 Patris
2048 4389 2241 4447 Filius.

2340 4586 2573 4653 ALIUD,
2610 4587 2902 4644 ttat-retire.

1923 4704 2182 4761 Servator
2248 4701 2443 4757 alicubi
2505 4700 2702 4768 inquit,
2767 4717 2787 4751 ι
2862 4697 3015 4753 Sicut
3060 4695 3224 4751 Pater
3264 4695 3431 4752 habet

148 4785 233 4856 τὴρ
259 4789 378 4859 ἔχει
422 4787 575 4859 ζωὴν
611 4790 672 4841 ὲν
718 4787 916 4859 ἐαυτῷ,
970 4780 1115 4842 οὕτω
1154 4788 1252 4843 καὶ
1280 4788 1360 4859 τῷ
1391 4788 1508 4861 Υἱῷ
1534 4789 1734 4844 δέδωκε

1849 4799 2011 4853 vitam
2047 4798 2100 4851 in
2142 4795 2345 4863 seipse,
2384 4794 2463 4848 sic
2507 4791 2653 4846 dedit
2677 4803 2733 4845 et
2756 4788 2895 4845 Filio
2934 4788 3147 4855 haberef
3178 4787 3344 4843 vitam
3371 4787 3428 4843 in

154 4875 269 4949 ζωὴν
287 4881 452 4951 ἔχειν
491 4883 554 4935 ὲν
607 4879 807 4951 ἐαυτῷ
835 4900 854 4933 ι
885 4882 1023 4954 ὅπερ
1056 4880 1353 4936 ἀκόλουθον
1402 4880 1545 4936 οὕτω
1569 4887 1731 4937 νοεῖν.

1849 4885 2056 4955 seipso"
2082 4901 2098 4938 :
2127 4903 2146 4935 ›
2180 4883 2321 4953 quod
2348 4883 2429 4937 sic
2455 4878 2678 4950 intelligi
2711 4894 2809 4949 par
2831 4887 2934 4934 est.
2976 4877 3112 4933 Nam
3131 4893 3252 4933 cum
3272 4878 3429 4945 dicit,

155 4969 230 5021 te
250 4972 350 5042 μὲν
381 4972 501 5043 γὰρ
530 4970 626 5027 τοῦ
678 4972 883 5041 λέγειν,
924 4992 944 5025 ι
977 4972 1213 5038 Δέδωκε,
1243 4991 1261 5023 ι
1293 4973 1358 5026 τὸ
1398 4975 1465 5027 ὲκ
1516 4974 1734 5047 Πατρὸς

1849 4995 1868 5028 ι
1911 4976 2078 5041 dedit,
2108 4994 2127 5028 ι
2173 4974 2313 5044 quod
2349 4989 2414 5028 ex
2453 4971 2618 5027 Patre
2656 4970 2978 5027 naturaliter
3017 4970 3218 5027 habeat
3260 4968 3428 5040 signi-

156 5054 269 5125 ἔχειν
294 5060 563 5131 φυσικῶς
599 5061 878 5132 σημαίνει,
920 5062 1015 5116 καὶ
1049 5061 1170 5116 καθ’
1212 5062 1510 5118 ὑπόστασιν
1547 5062 1735 5134 ἕτερον

1849 5067 1994 5130 licet,
2027 5078 2081 5124 et
2128 5066 2471 5138 hypostatice
2522 5066 2592 5119 ab
2632 5080 2697 5121 eo
2741 5063 2836 5135 qui
2871 5062 3021 5119 dedit
3053 5062 3218 5117 alium
3261 5074 3423 5118 esse:

149 5147 324 5206 ἑαυτὸν
361 5152 508 5224 πρὸς
534 5152 629 5205 τὸν
679 5152 954 5206 δεδωκότα
991 5152 1247 5206 δεικνύει·
1289 5154 1475 5221 ἕτερον
1506 5152 1565 5206 δὲ
1586 5153 1737 5223 λέγω

1849 5158 2031 5225 alium,
2086 5157 2329 5227 inquam,
2371 5170 2602 5210 numero
2656 5154 2851 5211 solum.
2905 5152 3038 5210 Cum
3092 5168 3222 5209 vero
3274 5150 3428 5216 dicit,

148 5244 295 5308 μόνον
320 5244 405 5317 τῷ
427 5244 674 5317 ἀριθμῷ.
705 5246 803 5299 Διὰ
823 5246 881 5299 δὲ
911 5244 1005 5299 τοῦ
1027 5245 1230 5315 λέγειν,
1267 5264 1287 5299 ι
1313 5247 1528 5317 Ὥσπερ
1560 5245 1675 5317 ἔχει
1705 5248 1734 5300 6

1849 5268 1865 5301 ι
1891 5248 2043 5304 Sicut
2079 5247 2241 5302 habet
2269 5246 2457 5312 Pater,
2479 5247 2551 5301 ita
2574 5246 2738 5302 habet
2770 5254 2824 5301 et
2843 5245 3014 5301 Filius
3045 5261 3060 5298 :
3087 5263 3107 5297 ι
3140 5240 3431 5298 manifeste

149 5334 347 5407 Πατὴρ,
384 5336 565 5400 οὕτως
593 5336 705 5408 ἔχει
735 5337 831 5391 καὶ
858 5338 889 5390 ό
917 5338 1065 5406 Υἱὸς,
1116 5359 1135 5391 ›
1170 5339 1332 5411 δῆλός
1367 5340 1514 5393 ἐστιν
1556 5339 1733 5391 ἐκεῖνο

1849 5341 1947 5397 hoc
1979 5340 2272 5411 significat,
2312 5339 2476 5409 quod,
2509 5337 2962 5409 quemadmodum
2991 5337 3151 5393 Pater
3181 5334 3345 5391 habet
3375 5334 3427 5388 in

148 5421 426 5496 διδάσκων,
456 5428 543 5482 δτι
563 5428 755 5501 ὥσπερ
785 5429 972 5493 ἀῖδέως
996 5430 1109 5502 ἔχει
1162 5433 1191 5485 ό
1222 5429 1411 5502 Πατὴρ
1456 5432 1514 5484 ὲν
1556 5429 1734 5501 ἑαυτῷ

1849 5446 1905 5487 se
1938 5432 2101 5486 vitam
2138 5430 2206 5485 ab
2233 5441 2457 5497 aeterno,
2494 5430 2566 5485 ita
2594 5439 2646 5486 et
2675 5428 2846 5484 Filius
2888 5429 3055 5483 vitam
3108 5426 3178 5481 ab
3220 5432 3433 5482 aeterno

148 5516 240 5586 τὴν
270 5521 439 5590 ζωὴν,
474 5520 620 5576 οὓτω
646 5522 742 5576 καὶ
762 5522 791 5576 6
823 5521 951 5585 Υἱὸς
978 5524 1161 5588 ἀῖδέως
1192 5523 1307 5594 ἔχει
1331 5521 1476 5595 ζωὴν
1511 5524 1568 5575 ὲν
1599 5523 1728 5576 sau-

1849 5523 1897 5577 in
1929 5536 1989 5578 se
2040 5523 2227 5577 habet.
2264 5520 2320 5576 Si
2376 5522 2498 5592 quis
2533 5523 2698 5593 igitur
2746 5520 2909 5576 audet
2960 5520 3164 5585 dicere,
3217 5528 3430 5588 tempus

272 5613 338 5666 Ei
374 5614 472 5684 μὲν
524 5610 618 5670 οὖν
642 5616 821 5689 τολμᾷ
868 5633 952 5681 τις
996 5617 1175 5687 λέγειν
1231 5612 1373 5671 εἶναι
1410 5616 1602 5688 χρόνον
1652 5617 1741 5670 ὅτε

1849 5614 2063 5684 aliquod
2091 5612 2261 5670 fuisse
2305 5628 2415 5685 quo
2461 5614 2629 5667 Patcr
2657 5612 2823 5666 vitam
2869 5611 2922 5666 in
2954 5626 3015 5668 se
3057 5627 3167 5668 non
3217 5610 3429 5676 habuit,

163 5698 301 5773 ζωὴν
333 5706 428 5760 οὐκ
458 5702 605 5777 εἶχεν
641 5709 670 5762 6
700 5706 892 5780 Πατὴρ
926 5709 984 5762 ὲν
1042 5706 1240 5779 ἐαυτῷ,
1276 5708 1497 5780 κρατεῖν
1526 5706 1742 5777 ἀνάγκη

1849 5709 1947 5765 hoc
1976 5707 2155 5780 ipsum
2187 5707 2350 5766 etiam
2374 5708 2428 5764 in
2456 5705 2593 5763 Filio
2623 5706 2802 5763 locum
2851 5705 3090 5765 habebit.
3138 5705 3208 5763 At
3248 5704 3295 5764 si
3323 5704 3427 5761 hoc

234 5883 254 5913 ⁷
284 5884 428 5943 Joan.
461 5904 514 5952 γ,
543 5888 615 5944 25
