4026 6450
527 415 632 471 385

1571 413 1628 469 S.
1671 413 1948 470 CYRILLI
1984 412 2460 470 ALEXANDBINI
2499 411 2825 470 ARCHIEP.

527 532 756 603 impium
787 541 891 598 est,
926 541 979 588 et
1014 533 1246 588 fatemur
1295 531 1517 586 omnino
1555 531 1773 588 Patrem
1814 549 2028 604 semper
2057 535 2107 588 in

2241 533 2377 588 ποῦτο
2435 535 2530 589 καὶ
2580 535 2666 604 ἐφ’
2699 531 2853 586 Υῑοῦ.
2915 531 2978 584 Ei
3033 531 3089 584 δὲ
3140 531 3300 584 τοῦτο
3341 530 3553 595 ἀσεΰὲς,
3590 533 3751 601 ἔχειν
3787 531 3851 585 δὲ

523 637 585 678 se
617 624 784 677 vitam
813 623 1090 686 habuisse,
1133 612 1276 676 idem
1321 620 1485 676 etiam
1536 623 1600 676 de
1649 622 1787 678 Filio
1837 623 2112 678 fatendum

525 723 607 766 est
633 732 646 780 ;
680 715 780 768 hoc
806 714 950 767 cnim
965 721 1048 768 est
1076 713 1146 766 ita
1173 727 1231 766 se
1256 711 1459 767 habere
1483 712 1658 782 ipsum
1688 715 1827 769 sicut
1851 724 1904 769 et
1930 713 2112 768 Pater.

526 804 584 858 Si
618 818 748 859 vero
797 805 842 858 is
893 805 986 873 qui
1029 818 1246 873 semper
1289 802 1494 868 habet,
1551 805 1801 872 accipere
1841 820 1900 860 se
1940 803 2116 869 dicit,

525 895 791 966 singulari
834 895 1017 964 aliquo
1047 895 1276 950 consilio
1323 895 1545 964 dicitur,
1597 898 1838 968 nihilque
1889 897 1940 952 id
1978 895 2118 951 Filio

525 987 672 1054 quod
714 987 779 1042 ad
807 1000 1054 1041 naturam
1081 987 1300 1052 attinet,
1333 986 1522 1044 ofﬁcit.

1207 1101 1446 1158 ALIUD.

602 1215 657 1268 Si
683 1214 806 1284 quis
827 1214 1106 1284 splendori
1137 1215 1359 1273 luminis
1385 1231 1696 1273 sermonem
1715 1218 1937 1280 tribuat,
1962 1227 2018 1273 et
2033 1218 2118 1271 di-
2143 1275 2148 1300 Χ

529 1316 646 1362 cat:
670 1306 877 1361 Lumen
913 1307 1043 1360 mihi
1073 1307 1221 1362 dedit
1257 1309 1440 1363 omnia
1475 1325 1596 1379 quae
1632 1310 1833 1365 habet:
1873 1309 2119 1364 illumino

530 1395 674 1448 enim
699 1395 924 1463 perinde
941 1401 1104 1464 atque
1130 1395 1258 1450 illud
1285 1414 1300 1463 ;
1324 1411 1467 1451 anne
1492 1407 1639 1452 recte
1662 1399 1934 1467 quispiam
1962 1397 2120 1452 dixe-

531 1489 602 1544 rit
649 1488 992 1557 splendorem
1012 1488 1162 1543 illum
1187 1488 1475 1557 aliquando
1504 1504 1610 1544 non
1643 1489 1900 1544 habuisse
1922 1488 2122 1543 illumi-

531 1581 696 1636 nandi
728 1580 1092 1635 facultatem?
1142 1589 1198 1635 et
1234 1581 1510 1650 quomodo
1545 1580 1805 1651 splendor
1844 1581 2015 1637 erat?
2063 1580 2120 1635 Si

534 1687 664 1727 vero
711 1687 832 1726 cum
883 1686 1100 1742 semper
1137 1671 1478 1727 illuminandi
1530 1671 1851 1728 facultatem
1901 1672 2118 1740 habeat,

536 1765 660 1835 quia
680 1764 862 1820 omnia
893 1765 1088 1834 qumin
1114 1765 1317 1819 lumine
1350 1774 1499 1833 sunt,
1552 1765 1736 1830 habet,
1794 1775 1850 1820 et
1907 1765 2000 1836 qui
2040 1765 2122 1834 gi-

2218 627 2465 696 δώσομεν
2490 628 2577 681 ἀεὶ
2607 627 2698 680 τὸν
2729 623 2950 696 Πατέρα
2980 622 3126 694 ζωὴν
3156 625 3212 676 ὲν
3244 623 3448 694 ἐαυτῷ,
3473 623 3630 676 ἔσται
3670 622 3854 676 τοῦτο
3947 665 3982 693 ,τ

2218 721 2315 774 καὶ
2348 722 2434 791 ἐφ’
2465 719 2619 772 Υἱοῦ·
2646 718 2806 771 τοῦτο
2839 718 2950 788 γάρ
2976 719 3091 770 ἐστι
3137 717 3198 769 τὸ
3244 715 3419 780 οὕτως
3449 715 3592 786 ἔχειν
3625 716 3810 769 αὑτὸν
3833 756 3852 779 ,
3939 769 3966 792 ,γ

2218 811 2407 882 ὥσπερ
2438 811 2534 864 καὶ
2593 811 2621 863 ὁ
2650 809 2866 880 Πατήρ.
2907 809 2971 862 ΕΞ
3005 808 3061 860 δὲ
3090 807 3177 861 ἀεὶ
3231 807 3392 876 ἔχων,
3423 807 3712 878 εἰληφέναι
3752 806 3854 860 λέ·
3956 840 3981 882 ξ

2219 917 2324 968 γει,
2356 877 2634 968 οἰκονομεῖ
2680 916 2732 951 τι
2783 877 2946 967 σοφὸν
2991 899 3025 969 ἡ
3073 898 3248 966 φωνὴ,
3282 898 3377 950 καὶ
3427 877 3582 950 οὐδὲν
3625 897 3712 961 εις
3742 896 3853 950 τὸν

2217 993 2318 1062 τῆς
2358 991 2576 1060 φύσεως
2605 989 2764 1059 λόγον
2803 990 3055 1060 ἀδικήσει
3088 989 3178 1043 τὸν
3216 988 3366 1045 Υῐόν.

2911 1101 3118 1155 ΑΛΛΟ.

2292 1215 2363 1270 Εἴ
2389 1214 2573 1286 τιςτῷ
2603 1216 2670 1269 ἐκ
2710 1213 2806 1268 τοῦ
2876 1215 3056 1284 φωτὸς
3109 1214 3509 1285 ἀπαυγάσματι
3566 1216 3846 1287 περιθείη

2221 1307 2426 1380 φωνὴν,
2466 1302 2588 1361 εἶτα
2620 1307 2784 1361 τοῦτο
2803 1307 2973 1377 λέγοι·
3011 1308 3199 1362 Πάντα
3235 1326 3326 1379 μοι
3380 1309 3580 1362 δέδωκε
3615 1309 3683 1362 τὸ
3720 1308 3844 1377 φῶς

2219 1401 2289 1454 τά
2326 1399 2546 1464 ἑαυτοῦ,
2587 1400 2808 1468 φωτίςω
2836 1400 2946 1470 γὰρ
2968 1400 3159 1472 ὥσπερ
3215 1403 3411 1454 ἐκεῖνο·
3463 1397 3552 1470 ἄρ’
3588 1402 3846 1471 εὐλόγως
3943 1429 3964 1474 ,τλ

2221 1489 2290 1545 ἂν
2325 1491 2471 1545 εἴποι
2517 1490 2592 1562 μὴ
2624 1492 2922 1562 ἐσχηκέναι
2953 1494 3084 1546 ποτὲ
3113 1493 3175 1547 τὸ
3219 1493 3561 1564 ἀπαύγασμα
3580 1494 3681 1547 τοῦ
3719 1512 3845 1562 φω-

2221 1583 2391 1648 τίζειν
2422 1582 2518 1655 τὴν
2555 1583 2816 1654 δύναμιν;
2853 1585 2950 1638 καὶ
2994 1583 3114 1648 πῶς
3159 1584 3504 1656 ἀπαύγασμα
3529 1582 3634 1656 ἦν;
3673 1587 3739 1640 Ei
3781 1587 3846 1640 δὲ

2222 1677 2318 1730 καὶ
2348 1675 2606 1746 φωτίζειν
2634 1677 2935 1747 δυνάμενον
2963 1677 3058 1732 διὰ
3087 1678 3149 1731 τὸ
3199 1678 3376 1732 πάντα
3416 1655 3484 1731 τὰ
3520 1655 3618 1732 τοῦ
3657 1679 3844 1746 φωτὸς

2223 1768 2390 1839 ἔχειν,
2419 1770 2514 1823 καὶ
2543 1769 2840 1838 γεννᾶσθαι
2875 1771 3039 1825 πάλιν
3085 1771 3145 1835 ἐξ
3184 1770 3402 1837 ἑαυτοῦ,
3435 1771 3729 1841 εἰληφέναι
3752 1770 3842 1822 λέ-

537 1858 719 1927 gnitur
746 1872 808 1912 ex
843 1856 980 1926 ipso,
1018 1855 1297 1926 accepisse
1324 1857 1393 1911 ab
1425 1856 1542 1926 ipso
1575 1857 1774 1912 dicitur
1803 1875 1818 1912 :
1845 1859 2122 1928 quomodo

2241 1875 2311 1926 (Et.
2344 1861 2477 1930 παρ’
2510 1857 2700 1925 αὐτοῦ,
2761 1857 2877 1924 πῶς
2908 1860 3010 1913 οὐκ
3075 1859 3277 1912 ἄτοπον
3317 1857 3390 1929 μὴ
3424 1861 3521 1912 καὶ
3587 1859 3756 1912 πλέον
3787 1877 3842 1912 τι

537 1965 642 2004 ηοη
664 1950 955 2004 absurdum
982 1947 1144 2003 fuerit
1168 1947 1309 2003 nolle
1343 1947 1575 2016 amplius
1604 1947 1810 2019 aliquid
1845 1949 1912 2003 de
1943 1946 2124 2003 Verbo

2241 1948 2325 2003 τοῦ
2353 1950 2796 2022 παραδείγματος
2815 1953 2956 2004 νοεῖν
2993 1951 3090 2005 ἐπὶ
3122 1949 3217 2003 τοῦ
3249 1950 3384 2003 Θεοῦ
3410 1951 3584 2019 Λόγου
3607 1969 3622 2017 ;
3648 1952 3839 2005 Πάντα

535 2042 649 2108 Dei,
686 2057 845 2110 quam
878 2041 944 2095 de
979 2041 1080 2096 hoc
1118 2039 1367 2110 exemplo
1403 2039 1762 2111 intelligere?
1811 2039 1946 2096 Cum
1977 2040 2122 2095 enim

532 2135 709 2187 omnia
748 2132 1069 2187 naturaliter
1102 2133 1303 2186 habeat
1335 2148 1403 2187 ex
1435 2133 1619 2197 Patre,
1652 2133 1940 2202 accepisse
1965 2147 2026 2188 se
2053 2147 2122 2188 ex

534 2228 650 2297 ipso
677 2226 829 2290 dicit,
861 2227 987 2297 quia
1015 2241 1081 2281 ex
1122 2225 1240 2294 ipso
1280 2224 1498 2296 genitus
1523 2236 1607 2282 est
1635 2264 1652 2291 ,
1704 2240 1830 2282 cum
1872 2224 2126 2283 omnibus

531 2335 652 2389 qum
681 2319 863 2374 habet.

533 2431 765 2492 ALIUD,
796 2432 848 2484 in
872 2430 1008 2484 illud
1047 2446 1064 2484 :
1101 2450 1117 2482 ι
1146 2430 1286 2484 Data
1316 2441 1392 2485 est
1413 2432 1542 2484 mihi
1564 2432 1735 2485 omnis
1758 2439 1990 2499 potestas
2019 2429 2061 2493 ³,
2098 2447 2116 2480 ι

602 2515 672 2566 et,
714 2522 730 2553 ι
771 2501 1026 2570 Cleri/ica
1062 2499 1259 2553 Filium
1294 2513 1438 2555 tuum
1476 2502 1536 2556 ἐ
1579 2521 1596 2553 ι
1651 2511 1741 2554 aut
1769 2499 2123 2553 tmiversalius

602 2576 769 2696 (ἱειεο
814 2574 952 2642 quod
1001 2570 1351 2642 gloriﬁcatur,
1391 2581 1439 2626 et
1508 2589 1577 2626 an
1624 2571 1832 2641 aliquid
1893 2569 2124 2640 accipiat

661 2661 677 2696 ι
708 2659 809 2696 tua.

661 2659 809 2699 mus.

605 2779 772 2836 Filius
796 2779 912 2845 Dei,
932 2788 1199 2848 quatenus
1232 2775 1469 2832 Verbum
1495 2784 1600 2840 est,
1633 2791 1739 2829 non
1776 2775 1898 2830 ideo
1921 2775 2056 2846 petit
2093 2788 2120 2828 ιι

531 2873 721 2940 Patre,
761 2873 845 2928 vel
874 2872 1075 2940 alioqui
1121 2871 1371 2940 accipere
1402 2869 1622 2934 dicitur,
1658 2870 1801 2938 quod
1837 2877 1929 2922 aut
1955 2868 2122 2938 gloria

446 2975 450 2978 ’
537 2973 633 3018 aut
672 2964 774 3018 alia
804 2963 1059 3034 quapiam
1107 2976 1165 3017 re
1198 2969 1380 3031 egeat,
1409 2960 1504 3014 sed
1539 2960 1752 3013 ratione
1795 2959 2124 3014 incarnatio-

539 3057 625 3112 nis
648 3056 751 3110 hoc
774 3055 922 3110 facit.
945 3053 1152 3123 Accipit
1173 3053 1316 3108 enim
1344 3048 1593 3122 respectu
1615 3052 1862 3105 humanm
1889 3063 2120 3118 natum,

538 3150 661 3219 quia
700 3147 854 3203 nobis
883 3145 1075 3202 similis
1111 3144 1286 3199 lactus
1317 3153 1423 3198 cst.
1457 3143 1712 3198 Abundat
1745 3143 1907 3214 227
1939 3152 2124 3197 autem

2231 2043 2341 2116 γὰρ
2374 2041 2513 2114 ἔχων
2567 2043 2810 2113 φυσικῶς
2863 2045 2928 2096 ὲκ
2964 2041 3204 2114 Πατρὸς,
3247 2042 3529 2114 εἰληφέναι
3564 2045 3738 2114 φησὶν
3781 2043 3841 2108 ὲξ

2232 2133 2397 2188 αὑτοῦ
2425 2135 2515 2189 διὰ
2555 2136 2616 2189 τὸ
2670 2135 2730 2203 ea
2778 2133 2947 2190 αὐτοῦ
2998 2135 3382 2207 γεγεννῆσθαι,
3427 2135 3567 2206 μετά
3618 2138 3840 2191 πάντων

2233 2219 2308 2281 ὧν
2348 2226 2484 2299 ἔχει.

2232 2432 2437 2495 ΑΛΛΟ,
2478 2432 2565 2496 εις
2597 2430 2686 2495 τὸ,
2714 2448 2732 2482 ι
2769 2430 2978 2500 Ἐδόθη
3001 2446 3104 2497 μοι
3125 2427 3294 2484 πᾶσα
3332 2429 3607 2493 ἐξουσία·
3644 2447 3662 2478 ι
3702 2426 3828 2500 καὶ,

2309 2521 2328 2554 ι
2367 2502 2645 2566 Δόξασόν
2667 2517 2785 2555 σου
2820 2501 2928 2554 τὸν
2968 2499 3124 2564 Υἱύν,
3159 2518 3176 2551 ι
3214 2501 3251 2567 ἢ
3292 2501 3390 2554 καὶ
3443 2499 3833 2553 καθολικώτε-

2298 2590 2435 2698 ρῗέ,
2473 2571 2745 2640 περὶτοῦ
2800 2568 3152 2636 δοξάζεσθαι
3204 2572 3242 2636 ἣ
3291 2570 3580 2640 δέχεσθαί
3623 2587 3680 2622 τι
3731 2571 3837 2623 τὸν

2405 2658 2462 2697 ν.

2405 2658 2462 2697 ν.

2305 2781 2420 2835 Οὐκ
2451 2781 2510 2834 ἐν
2537 2779 2696 2852 χρείᾳ
2729 2778 2944 2850 δόξηςῆ
2983 2779 3172 2851 ἐτέρου
3226 2778 3371 2841 τινος
3416 2775 3831 2848 καθεστηκὼςὸ

2233 2873 2383 2937 Υἱὸς,
2478 2873 2651 2943 Λόγος
2684 2872 2852 2936 ἐστὶν,
2898 2871 3038 2924 αἰτεῖ
3067 2871 3218 2943 παρὰ
3262 2869 3356 2923 τοῦ
3397 2869 3638 2941 Πατρὸς,
3687 2869 3722 2938 ἦ
3750 2873 3836 2922 καὶ

2231 2963 2534 3034 λαμϐάνειν
2585 2963 2825 3033 λέγεται,
2856 2962 3221 3032 οἰκονομικῶς
3259 2961 3315 3014 δὲ
3348 2960 3506 3013 τοῦτο
3539 2961 3715 3013 ποιεῖ.
3755 2959 3839 3012 Δέ-

2233 3071 2391 3124 χεται
2429 3054 2528 3124 μὲν
2572 3052 2681 3124 γὰρ
2709 3053 3070 3123 ἀνθρωπίνως
3117 3051 3204 3105 διὰ
3228 3052 3288 3105 τὸ
3320 3052 3502 3122 σχῆμα
3551 3051 3655 3122 τῆς
3705 3050 3838 3121 πρὸς

2231 3143 2382 3215 ἡμᾶς
2404 3141 2740 3213 ὁμοιώσεως.
2777 3143 2934 3194 Ἔστι
2963 3141 3021 3194 δὲ
3055 3140 3270 3212 πλήρης
3301 3139 3376 3203 ὠς
3408 3139 3562 3202 Θεός.
3618 3139 3844 3210 Ἐπειδὴ

537 3239 787 3294 omnibus
822 3245 880 3291 ut
907 3235 1064 3291 Deus.
1083 3234 1214 3290 Cum
1251 3233 1398 3290 enim
1434 3233 1602 3296 solus,
1623 3249 1685 3288 ac
1713 3249 1810 3304 per
1838 3247 1896 3288 se
1936 3234 2121 3298 homo,

2241 3235 2342 3307 γὰρ
2379 3234 2541 3305 μόνος
2575 3235 2670 3287 καὶ
2699 3235 2822 3288 καθ’
2849 3232 3040 3288 ἑαυτὸν
3092 3236 3120 3287 ὁ
3169 3232 3475 3302 ἄνθρωπος,
3512 3232 3618 3284 κᾶν
3649 3249 3705 3284 τι
3733 3232 3844 3286 τῶν

541 3331 756 3386 tametsi
779 3328 984 3398 aliquid
1006 3327 1134 3383 boni
1158 3343 1186 3380 a
1211 3327 1321 3381 Deo
1348 3326 1640 3396 acceperit,
1659 3324 1932 3381 facilehoc
1949 3323 2125 3395 ipsum

539 3424 741 3477 amittit
756 3420 922 3493 (quod
940 3420 1155 3490 quidem
1175 3427 1228 3474 et
1244 3402 1415 3472 Adam
1441 3433 1734 3488 perpessus
1755 3415 1881 3488 est),
1901 3417 2128 3472 destitu-

541 3521 630 3564 tus
655 3523 755 3578 per
788 3508 1219 3563 inobedicntiam
1241 3521 1303 3562 ea
1323 3507 1498 3577 gratia
1534 3521 1653 3576 qua:
1671 3507 1822 3576 prius
1841 3506 1914 3560 illi
1933 3505 2127 3561 collata

541 3603 746 3658 fuerat:
772 3601 1143 3656 necessarium
1163 3599 1384 3655 omnino
1410 3601 1530 3666 fuit,
1550 3616 1620 3655 ne
1647 3614 1840 3656 rursus
1862 3599 1914 3654 in
1939 3598 2128 3653 eadem

542 3693 932 3756 incideremus,
967 3703 1028 3748 ut
1053 3691 1392 3747 immutabile
1426 3692 1519 3746 Dei
1551 3690 1796 3746 Verbum
1842 3688 2006 3744 homo
2048 3687 2129 3741 ia-

539 3795 686 3841 ctmn
703 3793 913 3855 peteret
933 3799 961 3837 a
985 3782 1151 3838 Patre
1173 3783 1312 3840 dona
1341 3798 1464 3853 quae
1483 3783 1551 3838 ab
1574 3782 1664 3836 illo
1683 3781 2124 3851 proﬁciscuntur;

545 3888 601 3932 ιιι
645 3893 740 3946 per
789 3877 962 3945 ipsum
1006 3876 1059 3931 in
1106 3891 1268 3947 quem
1327 3875 1478 3930 nulla
1527 3873 1757 3929 mutatio
1809 3873 2129 3928 alteraliove

542 3969 702 4033 cadit,
738 3969 789 4023 in
821 3977 1002 4023 nostra
1039 3969 1202 4022 etiam
1240 3975 1434 4021 natura
1481 3966 1669 4021 eadem
1728 3965 1869 4021 dona
1905 3963 2126 4019 stabili-

543 4069 736 4115 rentur
759 4066 922 4130 atque
964 4057 1441 4113 conﬁrmarentur.
1495 4055 1683 4112 Gratia
1735 4055 1881 4111 enim
1911 4054 2121 4124 princi-

541 4151 688 4218 pium
723 4159 921 4215 nacta,
979 4148 1208 4204 ﬁrmiter
1262 4148 1317 4202 in
1372 4147 1594 4204 Christo
1631 4155 1856 4214 manet;
1902 4147 2128 4216 ipseque

539 4242 950 4298 similitudinem
1003 4242 1056 4296 in
1111 4256 1210 4298 nos
1261 4255 1478 4311 quoque
1523 4238 1898 4295 transmittit:
1934 4252 2127 4292 omnes

542 4339 690 4393 cnim
723 4338 776 4393 in
812 4337 930 4408 ipso
960 4352 1172 4403 sumus,
1218 4347 1491 4406 quatenus
1521 4337 1687 4392 hmno
1735 4335 1912 4392 factus
1960 4346 2043 4392 est
2075 4345 2131 4391 et

542 4431 788 4486 eamdem
821 4443 984 4499 quam
1029 4444 1128 4484 nos
1158 4444 1377 4484 carnem
1410 4427 1664 4498 gestavit.
1713 4425 1848 4482 Nam
1891 4430 1993 4483 hac
2041 4443 2129 4482 ra-

545 4523 694 4578 tione
739 4531 792 4577 et
837 4520 1054 4587 fratres,
1099 4531 1155 4576 et
1195 4537 1361 4575 unum
1408 4535 1530 4574 cum
1583 4533 1649 4573 co
1699 4518 1828 4574 facti
1871 4519 2126 4594 dicimur.

2238 3323 2463 3394 ἀγαθῶν
2497 3322 2650 3394 παρὰ
2676 3321 2812 3376 Θεοῦ
2849 3323 3011 3394 λάϐῃ,
3057 3322 3216 3375 τοῦτο
3257 3322 3455 3394 ῥᾳδίως
3480 3321 3752 3376 ἀπολλύει
3789 3322 3844 3388 (ὃ

2235 3419 2300 3490 δὴ
2330 3418 2426 3472 καὶ
2455 3415 2722 3471 πέπονθεν
2767 3415 3008 3487 Ἀδὰμ),
3069 3415 3163 3469 καὶ
3201 3414 3408 3486 γυμνὸς
3435 3415 3502 3468 ὲκ
3543 3413 3842 3484 παρακοῆς

2237 3509 2453 3582 ἐδείχθη
2483 3509 2584 3579 τῆς
2635 3509 2994 3579 προτεθείσης
3041 3507 3190 3578 αὐτῷ
3227 3508 3470 3578 χάριτος,
3530 3506 3842 3576 ἀναγκαῖον

2235 3597 2326 3672 ἦν,
2387 3602 2473 3654 ἵνα
2520 3599 2595 3672 μὴ
2653 3599 2815 3653 πάλιν
2873 3602 2986 3663 τοῖς
3041 3600 3224 3662 αὐτοῖς
3280 3597 3702 3671 περιπέσωμεν,
3752 3597 3841 3653 τὸν
3947 3595 3962 3626 τ

2235 3693 2509 3764 ἄτρεπτον
2539 3692 2634 3746 τοῦ
2678 3691 2813 3745 Θεοῦ
2842 3691 3016 3760 Λόγον
3063 3691 3355 3760 γενόμενον
3409 3689 3717 3761 ἄνθρωπον,
3750 3692 3833 3742 αι·
3951 3688 3968 3700 “

2235 3785 2398 3856 τῆσαι
2423 3783 2577 3856 παρὰ
2597 3783 2692 3837 τοῦ
2721 3783 2934 3854 Πατρὸς
2979 3783 3048 3836 τά
3075 3780 3134 3847 ἐξ
3165 3783 3358 3836 αὐτοῦ’
3379 3781 3704 3852 χαρίσματαυ
3737 3779 3817 3832 ἵνα

2235 3876 2304 3930 δι’
2343 3874 2508 3929 αὑτοῦ
2573 3874 2766 3946 βέϐαια
2802 3878 2869 3946 τῇ
2931 3874 3181 3946 ἡμετέρα
3234 3873 3393 3943 φύσει
3459 3873 3822 3943 φυλάττηται,

2237 3966 2511 4039 ἀτρέπτου
2543 3968 2638 4020 και
2666 3965 3028 4020 ἁναλλοιώτου
3054 3965 3435 4036 τυγχάνοντος.
3481 3964 3683 4035 Ἀρχὴν
3727 3964 3832 4034 γὰρ

2236 4061 2268 4130 ή
2305 4058 2465 4130 χάρις
2493 4057 2760 4125 λαϐοῦσα,
2822 4059 2973 4128 μένει
3008 4058 3109 4128 μὲν
3165 4056 3423 4126 ἀσφαλῶς
3463 4058 3522 4108 ὲν
3574 4055 3836 4127 Χριστῷ,

2237 4153 2602 4224 παραπέμπει
2627 4151 2684 4205 δὲ
2710 4151 2872 4216 αὐτὸς
2915 4151 3012 4205 καὶ
3040 4151 3121 4214 εἰς
3151 4151 3298 4222 ἡμᾶς
3318 4149 3417 4221 τὴν
3443 4149 3734 4220 ὁμοίωσιν·
3758 4149 3840 4202 ὅτι

2212 4245 2440 4310 ,πάντες
2473 4243 2643 4313 ἐσμὲν
2674 4243 2731 4296 ἐν
2761 4241 2932 4313 αὐτῷ,
2971 4242 3108 4296 καθὸ
3160 4240 3450 4314 ἄνθρωπος
3489 4241 3710 4311 γέγονε,
3749 4242 3843 4294 καὶ

2235 4335 2335 4407 τὴν
2368 4335 2539 4407 αὐτὴν
2573 4336 2706 4405 ἡμῖν
2732 4335 2961 4406 ὲφὸρεσε
2999 4334 3198 4407 σάρκα.
3227 4332 3385 4388 Οῦτω
3418 4333 3528 4405 γὰρ
3557 4334 3659 4387 καὶ
3688 4334 3844 4388 ἀδελο

2238 4426 2330 4496 φοὶ
2359 4426 2456 4478 καὶ
2486 4425 2545 4478 ἓν
2573 4425 2648 4489 ὡς
2682 4424 2820 4498 πρὸς
2847 4423 2980 4479 Θεὸν
3013 4424 3378 4495 γεγεννῆσθαι
3401 4423 3703 4494 λεγόμεθα.
3745 4425 3845 4478 Αι-

2235 4522 2319 4574 τεῖ
2348 4520 2529 4573 τοίνυν
2565 4518 2658 4572 καὶ
2700 4517 2920 4589 δέχεται
2958 4515 3110 4587 παρά
3153 4515 3250 4570 τοῦ
3291 4513 3506 4584 Πατρὺς
3547 4514 3620 4566 δι’
3655 4515 3843 4585 ἡμᾶς,

548 4615 687 4672 Petit
721 4613 904 4682 itaque
958 4620 1016 4667 et
1045 4610 1241 4681 accipit
1293 4626 1322 4665 a
1381 4610 1541 4666 Patrc
1583 4620 1804 4680 propter
1848 4626 1964 4674 nos,
2011 4628 2124 4682 (tum

2241 4610 2379 4682 ἅπερ
2403 4610 2517 4680 ἔχει
2570 4610 2668 4681 μὲν
2708 4608 2978 4678 φυσικῶς,
3044 4609 3120 4672 ὼς
3154 4607 3316 4670 Θεόςο
3349 4604 3540 4677 ἐπειδὴ
3573 4604 3635 4658 δὲ
3657 4607 3845 4676 σάρκα

546 4708 664 4775 ipse
689 4702 1223 4769 habetnatnralitcr,
1263 4712 1322 4757 ut
1353 4703 1523 4756 Deus.
1569 4701 1704 4756 Cum
1733 4717 1865 4757 vero
1908 4717 2128 4758 carnem

547 4797 862 4868 assumpsit,
903 4810 1024 4867 qua:
1074 4793 1469 4865 gloriﬁcatione
1513 4793 1750 4861 egebat,
1804 4803 1968 4864 atque
2015 4794 2131 4850 hate

549 4891 761 4961 quidem
792 4905 902 4946 non
930 4889 1157 4944 alterius
1185 4886 1509 4956 cuiuspiam,
1559 4888 1654 4941 sed
1690 4903 1784 4942 sua
1817 4887 1958 4944 facta
1993 4898 2076 4944 est
2113 4905 2126 4943 :

549 4986 745 5039 merito
771 4981 874 5038 sibi
909 4979 1158 5034 vindicat
1211 4987 1373 5046 atque
1398 4977 1644 5047 adiungit
1667 5019 1682 5042 ,
1711 4994 1832 5048 quae
1887 4980 1939 5033 in
1980 4979 2127 5034 illam

549 5081 604 5129 et
633 5075 778 5130 circa
810 5072 956 5128 illam
985 5069 1144 5135 ﬁunt,
1191 5077 1328 5124 etut
1349 5068 1512 5124 homo
1541 5085 1646 5124 non
1672 5071 1896 5134 habens,
1931 5072 2134 5142 accipit

549 5182 581 5222 a
610 5166 772 5222 Patre
801 5178 921 5235 qua:
949 5159 1272 5218 naturaliter
1303 5160 1466 5214 habet
1496 5171 1552 5214 ut
1575 5161 1745 5217 Filius
1775 5172 1827 5218 et
1860 5160 2021 5217 Deus.

1221 5269 1448 5325 ALIUD.

627 5388 684 5443 Si
717 5382 950 5440 Verbum
982 5381 1076 5438 Dei
1105 5379 1301 5437 factmn
1333 5392 1415 5438 est
1445 5384 1627 5449 homo,
1690 5393 1748 5438 ut
1787 5386 2010 5439 omnino
2051 5384 2132 5440 fa-

555 5489 703 5533 ctum
740 5481 825 5530 est
847 5473 914 5539 ¹⁰,
947 5487 1122 5543 neque
1141 5488 1467 5544 quemquam
1500 5491 1699 5546 negare
1717 5476 1977 5540 arbitror,
2005 5474 2134 5544 quid

554 5567 801 5636 estquod
833 5563 1116 5621 nonnullos
1146 5577 1343 5633 movet,
1403 5577 1463 5621 ut
1490 5582 1614 5622 cum
1661 5566 1913 5621 humanis
1951 5567 2130 5623 verbis

557 5661 636 5716 uti
665 5673 769 5714 non
799 5657 1149 5730 permittant?
1173 5657 1307 5715 Nam
1333 5659 1424 5730 qui
1453 5673 1567 5714 rem
1600 5657 1773 5727 ipsam
1805 5657 1988 5714 subire
2019 5674 2126 5714 non

628 5840 652 5873 ⁸
681 5839 867 5897 Matth.
894 5854 1087 5907 xxvnt,
1122 5838 1208 5896 18.
1287 5842 1308 5874 ο
1343 5836 1496 5897 Joan.
1543 5853 1676 5907 xm,
1713 5837 1759 5893 1.

2233 4702 2329 4756 τοῦ
2389 4701 2708 4770 δοξάζεσθαι
2757 4701 3067 4773 χρῄζουσαν
3091 4700 3272 4767 ἔλαϐε,
3335 4699 3429 4753 καὶ
3485 4698 3586 4769 οὐχ
3647 4698 3847 4770 ἐτέρου

2233 4795 2400 4871 τινὸς,
2429 4795 2544 4848 ἀλλ’
2570 4795 2734 4850 αὐτοῦ
2762 4796 2985 4864 γέγονεν
3014 4794 3152 4866 αῦτη
3178 4834 3193 4858 ,
3225 4793 3453 4856 εἰκότως
3497 4792 3848 4847 ἰδιοποιεῖται

2233 4886 2300 4939 τὰ
2323 4888 2403 4950 εἰς
2432 4887 2604 4960 αὐτὴν
2635 4889 2667 4959 ἢ
2694 4888 2824 4960 περὶ
2855 4887 3028 4959 αὐτὴν
3049 4886 3334 4956 γινόμενα,
3380 4884 3476 4938 καὶ
3505 4883 3581 4949 ὡς
3617 4883 3845 4956 άνθρωυ

2234 4998 2336 5042 πος
2371 4979 2445 5050 μὴ
2471 4980 2631 5050 ἔχων,
2665 4981 2884 5052 δέχεται
2942 4980 3095 5053 παρά
3141 4977 3238 5034 τοῦ
3291 4975 3508 5048 Πατρὺς
3544 4975 3692 5050 άπερ
3723 4977 3847 5048 ἔχει

2239 5071 2506 5138 φυσικῶς,
2539 5071 2614 5135 ὡς
2647 5071 2776 5136 Υἱὸς
2809 5071 2905 5126 καὶ
2928 5070 3080 5136 Θεός.

2924 5268 3132 5323 ΑΛΛΟ.

2305 5388 2369 5441 Εἰ
2402 5386 2626 5455 γέγονεν
2672 5383 2963 5456 ἄνθρωπος
3007 5385 3037 5437 ὁ
3072 5380 3166 5436 τοῦ
3216 5381 3354 5435 Θεοῦ
3393 5382 3589 5451 Λόγος,
3640 5380 3846 5450 γέγονε

2233 5479 2309 5545 δὲ,
2344 5479 2440 5534 καὶ
2471 5478 2718 5549 ἀντερεῖν
2747 5471 2904 5547 οἶμαι
2943 5474 3168 5548 μηδένα,
3219 5475 3274 5528 τί
3311 5475 3374 5528 τὸ
3405 5474 3710 5528 ἀναπεῑθόν
3755 5494 3846 5529 τι·-

2233 5587 2351 5637 νας,
2391 5568 2465 5640 μὴ
2495 5567 2817 5638 ἐπιτρέπειν
2847 5565 2998 5637 αὐτῷ
3029 5568 3151 5628 ταῖς
3200 5563 3493 5636 ἀνθρώπου
3523 5565 3844 5636 κεχρῆσθαι

2237 5665 2476 5733 φωναῖς;
2535 5662 2596 5714 ὐ
2632 5660 2740 5732 γὰρ
2789 5657 2920 5714 αὐτὸ
2959 5657 3019 5714 τὸ
3063 5658 3301 5730 πρᾶγμα
3343 5656 3418 5730 μὴ
3460 5656 3676 5728 φυγὼν,
3720 5655 3841 5712 ἀλλ’

1843 5839 1884 5870 ¹⁰
1917 5835 2076 5896 Joan.
2111 5853 2148 5907 ι,
2189 5839 2268 5896 li.

3730 414 3854 469 εει
