4026 6430
545 303 652 361 587

1550 289 1609 342 S.
1653 284 1931 340 CYRILLI
1966 281 2438 338 ALEXANDRINI
2478 283 2798 338 AllClllliP.

3756 275 3868 330 7.83

545 421 737 490 utique
765 415 1056 472 Dominum
1085 409 1272 481 gloriae
1322 405 1728 461 crucifixisseut
1776 405 1847 457 ιδ.
1903 421 1921 454 ι
1981 401 2174 472 Quod;

2285 401 2490 465 αν,οὑκ
2553 400 2621 454 ἂν
2665 401 2756 452 τὸν
2803 396 3010 469 Κύριον
3049 397 3148 467 τῆς
3195 396 3354 467 δόξης
3394 397 3798 468 ἐσταύρωσαν.
3845 419 3862 450 ι

547 519 734 568 autem
786 517 1080 576 antequam
1147 502 1375 574 gloriam
1424 513 1454 552 a
1501 497 1664 552 Patre
1718 504 1963 567 peteret,
2021 509 2142 550 eam

548 603 825 667 habuerit,
866 609 926 655 ut
959 598 1152 659 Filius,
1189 595 1301 662 ipse
1339 589 1630 645 manifeste
1677 590 1856 656 docet,
1903 589 2096 643 dicens
2127 604 2140 640 :

556 715 574 748 ι
611 696 796 759 Pater,
834 689 1076 762 glorifica
1101 686 1296 740 Filium
1320 693 1466 737 tuum
1494 698 1558 736 ea
1586 680 1758 750 gloria
1781 695 1943 749 quam
1975 679 2147 735 babe-

553 791 674 842 bam
689 786 830 855 apud
851 794 902 838 te
915 791 1040 834 ante
1057 775 1499 834 constitutionem
1522 773 1732 827 mundi.
1749 770 1836 826 iSi
1863 787 1990 826 vero
2010 770 2148 823 fate-

555 888 643 930 tur
672 891 729 931 se
750 874 951 928 habere
976 869 1208 940 gloriam
1235 877 1365 921 ante
1386 867 1744 920 constitutum
1776 865 2074 928 mundum,
2095 869 2151 916 et
2179 901 2184 904 -

553 983 698 1025 nunc
717 983 836 1020 eam
857 966 988 1035 petit
1007 972 1066 1017 ut
1098 978 1205 1016 non
1235 962 1462 1024 habens,
1488 968 1677 1013 nostra
1697 973 1872 1014 causa
1904 957 1954 1010 id
1983 955 2148 1019 facit;

555 1077 612 1121 et
639 1072 825 1118 nostra
866 1060 920 1112 in
958 1058 1074 1126 ipso
1136 1055 1276 1108 facta
1300 1061 1385 1107 est
1413 1052 1628 1120 petitio,
1663 1064 1895 1120 poscens
1919 1048 2151 1118 gloriam

552 1152 806 1206 humanae
840 1156 1049 1200 natura:
1073 1141 1333 1198 conferri.
1393 1141 1532 1194 Cum
1582 1149 1764 1194 autem
1803 1149 1926 1209 post
1969 1153 2153 1193 resur-

553 1245 854 1300 rectionem
888 1239 1020 1292 dicit
1052 1255 1065 1292 :
1098 1255 1116 1288 ‹
1157 1237 1288 1290 Data
1319 1244 1405 1290 est
1442 1234 1576 1288 mihi
1611 1245 1894 1303 poteStas;
1937 1251 1956 1282 ι
1986 1233 2153 1286 etiam

557 1346 686 1391 ante
717 1333 1177 1388 resurrectionem
1211 1343 1331 1382 eam
1387 1327 1646 1382 habuisse
1703 1327 1970 1380 cernitur.
2020 1323 2153 1377 Nam

557 1431 601 1484 si
635 1444 740 1482 non
768 1427 982 1489 habuit,
1007 1438 1116 1493 quo
1137 1432 1297 1490 pacto
1317 1420 1566 1490 increpat
1589 1417 1889 1484 diabolum,
1920 1417 2111 1471 dicens
2140 1433 2153 1468 :

567 1540 586 1572 ι
628 1519 778 1572 Vade
828 1528 998 1582 retro,
1036 1514 1239 1568 Satana
1275 1507 1356 1565 "‘2
1402 1530 1421 1562 ι
1467 1520 1562 1564 aut
1603 1510 1876 1579 quomodo
1928 1509 2156 1578 largitus

561 1624 646 1666 cst
674 1607 954 1679 discipulis
990 1615 1315 1675 potestatem
1347 1605 1398 1657 in
1430 1605 1704 1658 daemones
1731 1603 1778 1633 ¹⁸
1797 1605 1818 1656 ?
1837 1601 2006 1671 229
2025 1617 2161 1670 quo-

563 1705 725 1759 modo
754 1705 919 1758 tiliam
950 1701 1217 1764 Abrabze,
1266 1709 1326 1752 ut
1365 1697 1626 1767 scriptum
1681 1706 1800 1760 est,
1859 1698 2083 1766 ligatam
2128 1710 2157 1749 ιι

565 1794 784 1850 diabolo
833 1802 890 1846 ut
931 1797 1208 1860 potestate
1256 1788 1518 1857 praeditus
1586 1787 1751 1842 solvit
1785 1787 1870 1840 ‘9?
1920 1796 2015 1842 aut
2057 1803 2162 1857 quo

2285 1790 2358 1844 τοῦ
2413 1789 2661 1843 διαϐόλου
2710 1788 2786 1851 ὡς
2840 1787 3093 1852 ἐξουσίαν
3155 1789 3293 1858 ἔχων
3351 1788 3541 1842 ἔλυσεν
3590 1788 3797 1854 ainde;
3845 1791 3873 1859 ἢ
3946 1779 3947 1788 “

564 1899 730 1955 pacto
778 1884 1084 1955 paralytico
1129 1881 1420 1936 sanitatem
1468 1880 1701 1936 contulit
1737 1881 1829 1933 ὀἳ
1885 1881 2164 1950 quomodo

568 1978 792 2033 mulieri
843 1973 1139 2046 peccatrici
1189 1981 1413 2042 peccata
1471 1973 1687 2028 remisit
1743 1971 1835 2025 ³³2
1894 1973 2166 2042 quomodo

564 2081 815 2126 mortuos
851 2065 1311 2124 resuscitavit"?
1359 2065 1522 2122 caecis
1577 2065 1754 2120 visum
1794 2065 2035 2120 restituit
2078 2064 2167 2118 ’3?

569 2162 924 2218 Manifestum
964 2160 1149 2228 itaque
1182 2168 1264 2213 est
1298 2157 1445 2211 illum
1481 2157 1664 2211 verbis
1690 2157 1765 2210 uti
1802 2171 1925 2225 quae
1956 2158 2165 2212 homini

566 2255 920 2316 conveniant,
954 2267 1059 2305 non
1085 2249 1314 2321 quando
1340 2258 1458 2304 erat
1479 2248 1717 2302 Verbum
1739 2255 1894 2302 extra
1925 2263 2166 2316 carnem,

569 2351 665 2406 sed
695 2347 912 2419 quando
951 2346 1126 2400 factus
1153 2353 1240 2399 est
1287 2343 1448 2397 homo
1483 2340 1664 2394 Patris
1703 2341 1843 2398 dona
1887 2339 2045 2394 nobis
2077 2353 2172 2408 pe-

577 2451 722 2497 tcns.
762 2438 838 2494 lta
871 2438 1018 2493 enim
1059 2437 1295 2492 dicimur
1339 2434 1513 2489 etiam
1552 2432 1750 2489 divina;
1795 2441 2004 2486 natura:
2045 2429 2172 2484 facti

581 2549 706 2590 esse
748 2531 1046 2602 participes
1079 2528 1150 2592 ",
1209 2543 1331 2582 cum
1387 2525 1623 2580 Verbum
1677 2533 1920 2578 nostram
1967 2523 2176 2578 humili-

573 2635 744 2681 tatem
766 2623 1035 2692 suscepit,
1082 2629 1140 2675 ut
1179 2636 1278 2674 nos
1316 2620 1384 2673 ad
1421 2633 1578 2674 suam
1621 2617 2000 2672 celsitudinem
2049 2629 2177 2670 eve-

574 2717 698 2783 hat,
737 2731 844 2769 non
871 2723 930 2768 ut
964 2714 1080 2782 ipse
1125 2710 1266 2765 infra
1321 2718 1560 2776 maneat,
1606 2707 1751 2762 sicut
1804 2721 1926 2762 nos.
1973 2705 2178 2762 Idcirco

579 2810 729 2866 cnim
760 2823 885 2862 cum
919 2821 1112 2862 sumus
1143 2815 1337 2857 natura
1361 2803 1614 2856 homines
1638 2840 1654 2866 ,
1688 2801 1765 2856 dii
1822 2816 2084 2856 vocamur
2106 2799 2176 2865 ",

579 2909 780 2971 quippe
814 2898 906 2968 qui
949 2897 1052 2951 hoc
1096 2896 1158 2950 in
1208 2895 1430 2950 Christo
1473 2893 1690 2950 simus:
1735 2893 1990 2950 Christus
2035 2895 2178 2948 enim

581 2992 728 3049 Deus
763 2998 869 3047 est.

1265 3100 1534 3159 ALIUD.‘

2249 491 2372 544 ’Ότι
2420 491 2478 544 δὲ
2512 491 2606 544 καὶ
2648 491 2778 560 πρὶν
2827 490 3050 559 αἰτῆσαι
3086 489 3238 560 παρὰ
3275 488 3488 560 Πατρδς
3543 490 3651 562 τὴν
3693 490 3869 554 δόξαν

2249 577 2396 652 εἶχεν
2421 583 2497 645 ὡς
2537 581 2682 646 Υἱὸς,
2713 579 2877 642 αὐτὸς
2919 578 3160 632 διδάσκει
3199 578 3386 648 σαφῶς
3421 581 3640 648 λέγων·
3681 599 3703 632 ‹
3753 580 3871 633 [ιά-

2248 692 2371 746 τερ,
2411 674 2639 742 δόξασόν
2691 691 2786 727 σου
2842 673 2935 727 τὸν
2983 671 3110 728 Υἱδν
3144 676 3211 745 τῇ
3255 673 3384 744 δόξῃ
3511 671 3689 745 εἶχον,
3763 673 3875 743 πρὸ
3921 677 3925 690 “·

2249 771 2346 824 τοῦ
2379 770 2471 823 τὸν
2517 771 2722 840 κόσμον
2765 767 2923 833 εἶναι,
2961 769 3112 839 παρὰ
3159 769 3263 823 σοί.
3311 789 3329 822 ι
3377 771 3440 824 Et
3489 770 3548 823 δὲ
3597 770 3876 842 ὁμολογεῖ

2255 865 2354 936 μὲν
2388 863 2533 934 ἔχειν
2563 863 2659 916 καὶ
2697 864 2806 933 πρὸ
2842 862 2936 916 τοῦ
2985 863 3196 933 κόσμου
3238 863 3340 932 τὴν
3388 861 3567 928 δόξαν,
3606 865 3769 917 αἰτεῖ
3816 864 3872 916 δὲ

3923 839 3927 874 1

2252 956 2349 1010 νῦν
2380 955 2550 1026 αὐτὴν
2582 955 2658 1018 ὡς
2687 957 2788 1009 οὐκ
2837 955 2997 1025 ἔχων,
3031 955 3099 1008 δι’
3147 957 3298 1026 ἡμᾶς
3327 954 3438 1026 ἄρα
3479 955 3641 1008 τοῦτο
3678 959 3868 1009 ποιεῖ’

2254 1048 2351 1101 καὶ
2395 1047 2552 1118 ήμῶν
2596 1049 2654 1100 ἐν
2684 1046 2834 1116 αὑτῷ
2861 1047 3086 1115 γέγονεν
3127 1046 3160 1116 ἡ
3196 1047 3433 1118 αἴτησις,
3466 1045 3720 1100 καλοῦσα
3770 1045 3873 1116 τὴν

2254 1139 2412 1203 δόξαν
2441 1141 2522 1202 εἰς
2548 1138 2646 1210 τὴν
2692 1137 2984 1208 ἀνθρώπου
3018 1137 3198 1206 φύσιν.
3233 1137 3424 1207 Λέγων
3470 1139 3527 1192 δὲ
3565 1139 3712 1209 μετὰ
3769 1139 3874 1206 τὴν

3927 1013 3931 1062 l

3929 1123 3933 1156 1

2256 1231 2578 1296 ἀνάστασιν,
2627 1247 2645 1280 ι
2697 1228 2885 1299 Ἐδόθη
2929 1245 3018 1298 μοι
3069 1231 3221 1282 πᾶσα
3252 1229 3506 1296 ἐξουσία,
3558 1237 3584 1281 ι’
3614 1230 3719 1282 καὶ
3764 1231 3873 1299 πρ)
3933 1219 3935 1226 ’

2257 1327 2359 1395 τῆς
2392 1323 2747 1386 ἀναστάσεως
2794 1321 2996 1392 ταύτην
3029 1321 3167 1392 ἔχων
3220 1323 3490 1390 φαίνεται.
3526 1324 3590 1376 Ei
3619 1323 3742 1392 γὰρ
3801 1326 3871 1394 μὴ

2259 1413 2394 1488 εἶχε,
2436 1415 2555 1480 πῶς
2593 1415 2834 1486 ἐπετίμα
2882 1415 2960 1486 τῷ
3012 1415 3245 1485 διαϐόλῳ
3300 1414 3509 1483 λέγων’
3563 1433 3582 1465 ι
3637 1415 3874 1483 ’Υπαγε
3937 1407 3939 1422 ¹

2259 1512 2437 1567 ὀπίσω
2489 1529 2622 1584 μου,
2656 1513 2902 1580 Σατανᾶς
2943 1532 2960 1564 ι
2995 1511 3114 1576 πῶς
3157 1513 3215 1565 δὲ
3245 1516 3354 1577 τοῖς
3396 1513 3679 1583 μαθηταῖς
3727 1516 3878 1567 κατὰ
3929 1503 3941 1564 ἐ

2261 1605 2869 1677 δαιμόνων’ὲχαρίζετο
2933 1607 3033 1676 τὴν
3107 1605 3387 1671 ἐξουσίαν;
3458 1606 3578 1669 πῶς
3642 1606 3707 1658 δὲ
3772 1609 3877 1678 τὴν
3941 1593 3943 1626 5

2277 1697 2531 1769 ’Λϐραὰμ
2564 1697 2866 1766 θυγατέρα,
2900 1696 3046 1750 καθά
3073 1698 3406 1766 γέγραπται,
3437 1696 3740 1768 δεδεμένην
3768 1697 3876 1750 ὑπὸ

2266 1881 2385 1944 πῶς
2431 1880 2790 1951 παραλυτικῷ
2840 1879 2939 1950 τὴν
2984 1881 3198 1948 ὑγίειαν
3249 1880 3586 1951 exoptatam;
3641 1880 3764 1944 πῶς
3811 1884 3875 1951 τῇ

2267 1974 2492 2044 γυναικὶ
2519 1976 2585 2045 τῇ
2613 1972 2927 2044 ἁμαρτωλῷ
2955 1973 3056 2034 τὰς
3090 1972 3367 2043 ἁμαρτίας
3411 1973 3562 2044 ἠφίει
3588 1992 3606 2041 ;
3643 1976 3880 2045 νεκροὺς

2268 2066 2327 2119 δὲ
2358 2066 2476 2130 πῶς
2506 2067 2733 2137 ἧγειρε;
2763 2064 2982 2133 τυφλῶν
3016 2064 3072 2116 δὲ
3099 2064 3217 2128 πῶς
3252 2065 3491 2136 ἀνέῳξεν
3520 2067 3876 2137 ὀφθαλμούς

2271 2158 2441 2228 Δῆλον
2491 2153 2586 2211 οὖν
2623 2156 2875 2210 ἐντεῦθέν
2917 2158 3094 2223 ἐστιν,
3140 2157 3223 2210 ὅτι
3269 2157 3371 2221 τὰς
3415 2156 3695 2230 ἀνθρώπῳ
3743 2177 3880 2230 πρε-

2271 2247 2484 2311 πούσας
2529 2247 2680 2316 λέγει
2729 2248 2935 2318 φωνὰς,
2991 2249 3093 2318 οὐχ
3140 2248 3231 2301 ὅτε
3267 2249 3442 2318 Λόγος
3490 2245 3562 2320 ἦν
3620 2250 3724 2320 πρὸ
3773 2250 3874 2320 τῆς

2271 2339 2571 2410 ἐπιδημίας
2603 2339 2710 2404 ἔξω
2745 2340 2948 2410 σαρκός
2975 2354 2990 2370 ⁸
3020 2340 3136 2394 ἀλλ’
3170 2341 3260 2394 ὅτε
3293 2342 3520 2410 γέγονεν
3563 2341 3864 2412 ἄνθρωπος,

2275 2432 2355 2494 εὶς
2389 2431 2538 2502 ἡμᾶς
2575 2431 2758 2485 καλῶν
2783 2431 2881 2495 τὰς
2911 2433 3062 2504 παρὰ
3090 2432 3185 2487 τοῦ
3213 2435 3426 2506 Πατρὸς
3453 2436 3687 2509 δωρεάς.
3718 2435 3878 2488 Οὕτω

2275 2524 2385 2594 γὰρ
2417 2519 2690 2593 λεγόμεθα
2740 2524 2837 2578 καλ⁵
2867 2524 3020 2589 Θείας
3064 2526 3281 2596 φύσεως
3313 2528 3572 2596 γενέσθαι
3604 2530 3882 2589 κοινωνοὶ,

2278 2617 2372 2671 τοῦ
2391 2618 2568 2686 Λόγου
2591 2617 2922 2688 φορέσαντος
2945 2620 3045 2691 τὴν
3071 2620 3229 2690 ἡμῶν
3259 2621 3617 2686 ταπείνωσιν,
3646 2621 3716 2676 ἵν’
3740 2623 3884 2692 ἡμᾶς

2279 2709 2538 2780 ἁναγάγῃ
2558 2710 2690 2780 πρὸς
2713 2711 2775 2763 τὸ
2811 2710 2944 2780 ὕψος
2971 2711 3031 2764 τὸ
3056 2712 3278 2776 ἑαυτοῦ,
3302 2713 3400 2785 οὐχ
3425 2714 3511 2768 ἵνα
3542 2715 3710 2788 μείνῃ
3738 2715 3882 2768 κάτω

2282 2797 2549 2868 καθάπερ
2594 2802 2782 2870 ἡμεῖς.
2815 2803 2916 2854 Διά
2959 2802 3070 2875 γὰρ
3114 2803 3273 2856 τοῦτο
3322 2807 3417 2858 καὶ
3458 2805 3751 2877 ἄνθρωποι
3795 2806 3886 2877 τὴν

2282 2890 2446 2959 φύσιν
2476 2891 2650 2959 ὅντες,
2682 2893 2798 2946 θεοὶ
2822 2895 3270 2967 .χρηματίζομεν,
3294 2897 3370 2962 ὡς
3405 2897 3561 2960 ὅντες
3601 2899 3705 2952 καὶ
3734 2898 3889 2952 τοῦτο

2279 2984 2343 3036 ἐν
2383 2982 2635 3055 Χριστῷ·
2666 2985 2799 3050 Θεὸς
2827 2987 2936 3058 γὰρ
2961 2989 2991 3040 ό
3018 2988 3276 3059 Χριστός.

2981 3100 3186 3155 ΑΛΛΟ.
3205 3169 3230 3176 ἡ

657 3196 718 3254 Si
750 3197 980 3253 humilia
1009 3195 1260 3267 quaedam
1304 3196 1470 3251 verba
1499 3208 1619 3266 qua
1649 3192 1798 3248 carni
1830 3191 2174 3257 conveniunt,

2358 3189 2423 3242 Εἰ
2450 3188 2519 3243 τὰ
2546 3189 2646 3261 τῆς
2680 3189 2880 3261 σαρκὸς
2918 3192 3151 3246 ταπεινά
3191 3193 3417 3264 ῥήματα
3448 3197 3513 3267 τῇ
3543 3193 3778 3268 θεότητι
3806 3196 3895 3250 τοῦ

583 3290 829 3347 nonnulli
884 3289 1158 3344 divinitati
1197 3288 1361 3342 Verbi
1416 3289 1691 3343 ascribere
1722 3296 2031 3342 conantur:
2062 3301 2184 3340 cum

585 3384 828 3439 viderint
871 3381 1156 3438 Christum
1205 3395 1306 3451 per
1349 3395 1566 3436 carnem
1604 3381 1865 3435 miracula
1911 3379 2184 3443 edentem,

585 3474 718 3545 quid
757 3473 985 3538 dicent?
1035 3472 1170 3527 Cum
1223 3472 1368 3528 enim
1417 3487 1484 3526 ex
1519 3472 1686 3526 saliva
1711 3481 1773 3526 et
1819 3481 1965 3526 terra
2008 3470 2184 3524 lutum

588 3565 945 3630 confecisset,
981 3579 1182 3620 execqu
1229 3579 1295 3619 eo
1329 3565 1544 3618 curavit
1577 3582 1590 3618 :
1619 3574 1845 3618 extensa
1888 3579 2075 3628 manu,
2111 3563 2188 3618 fe-

589 3666 847 3727 retroque
876 3667 1020 3714 tacto
1053 3659 1228 3713 viduae
1257 3659 1432 3713 tilium
1481 3659 1825 3728 unigenitum
1865 3657 2185 3724 suscitavit;

590 3761 726 3803 voce
757 3748 920 3802 etiam
947 3763 1046 3818 per
1075 3763 1276 3818 corpus
1306 3749 1451 3802 edita
1479 3746 1752 3801 Lazarum
1783 3761 1814 3801 e
1836 3757 2191 3802 monumento

590 3840 863 3896 evocavit.
904 3839 1032 3896 Hch
1063 3840 1208 3896 enim
1241 3841 1482 3908 praestita
1518 3852 1646 3894 sunt
1679 3854 1775 3909 per
1812 3855 2060 3906 carnem,
2097 3839 2191 3895 sed

591 3948 699 3988 non
752 3941 911 3988 erant
961 3947 1128 4003 opera
1177 3933 1383 3988 carnis.
1416 3933 1882 4000 Quemadmodum
1936 3933 2102 4002 igitur
2145 3934 2192 3988 si

592 4035 845 4082 naturam
881 4025 958 4081 rei
993 4025 1345 4095 aspiciamus,
1381 4040 1448 4082 ex
1477 4027 1782 4082 divinitatis
1813 4029 1864 4082 vi
1895 4041 1959 4082 ac
1989 4027 2193 4082 virtute

592 4131 820 4185 Operum
873 4117 1208 4187 ejuscemodi
1262 4126 1517 4173 eventum
1568 4120 1928 4186 aestimamus,
1977 4119 2192 4174 tametsi

596 4225 696 4281 per
731 4225 956 4265 carnem
989 4209 1132 4264 facta
1165 4210 1314 4265 sint:
1350 4213 1425 4266 ita
1458 4212 1676 4281 quando
1717 4221 1937 4282 propter
1971 4227 2193 4266 carnem

595 4301 899 4356 humanum
927 4301 1133 4371 aliquid
1177 4303 1330 4369 dicit,
1363 4320 1470 4359 non
1510 4305 1618 4357 Deo
1649 4303 1829 4359 Verbo
1857 4305 1910 4359 id
1950 4305 2195 4378 ascriba-

597 4409 762 4460 mus;
805 4393 899 4448 sed
929 4411 1049 4448 cum
1082 4394 1133 4448 id
1167 4410 1195 4448 a
1232 4395 1521 4450 divinitate
1557 4395 1792 4448 alienum
1833 4410 1956 4451 esse
1991 4395 2196 4452 videri-

2288 3278 2466 3348 Λόγου
2494 3281 2834 3352 προσάπτειν
2863 3283 3204 3354 ἐπιχειροῦσί
3229 3301 3396 3353 τινες,
3421 3287 3552 3340 ὅταν
3583 3287 3747 3343 ἴδωσι
3772 3289 3900 3343 ﬂauo

2293 3373 2716 3444 ματουργοῦντα
2753 3376 2989 3447 Χριστὸν
3031 3378 3119 3431 διὰ
3166 3378 3268 3450 τῆς
3311 3380 3534 3450 σαρκὸς,
3587 3381 3644 3434 τί
3681 3383 3901 3455 ἐροῦσιν

2288 3463 2436 3536 ἄρα;
2466 3466 2685 3531 Πτύσας
2732 3469 2830 3538 μὲν
2876 3468 2988 3545 γὰρ
3034 3471 3130 3522 καί¹
3179 3473 3414 3544 ποιήσας
3459 3474 3661 3545 πηλὸν,
3710 3477 3902 3548 ἐθερὰο

2281 3573 2462 3612 ’πευσε
2493 3558 2586 3613 τὸν
2610 3561 2810 3630 τυφλόν
2835 3578 2848 3590 '
2887 3563 3136 3628 ἐκτείνας
3181 3563 3238 3616 δὲ
3281 3566 3385 3636 τὴν
3431 3568 3594 3638 χεῖρα
3619 3569 3722 3622 καὶ
3763 3571 3900 3638 ἁψά-

2297 3667 2455 3720 μενος
2493 3651 2595 3722 τῆς
2622 3652 2805 3724 σοροῦ,
2833 3654 2922 3707 τὸν
2955 3656 3222 3726 μονογενῆ
3253 3657 3354 3728 τῆς
3384 3660 3563 3732 χήρας
3595 3661 3894 3732 ἀνέστησεν

2294 3743 2442 3795 υἱόνο
2492 3743 2676 3816 φωνὴν
2721 3745 2778 3798 δὲ
2830 3747 2990 3815 ἀφεὶς
3044 3747 3132 3802 διὰ
3179 3749 3273 3802 τοῦ
3314 3750 3597 3822 σώματος,
3635 3753 3737 3817 ἔξω
3786 3751 3882 3803 τοῦ

2299 3836 2580 3908 μνήματος
2631 3837 2859 3892 ἐκάλεσε
2907 3839 2999 3893 τὸν
3048 3841 3320 3915 Λάζαρον.
3390 3842 3583 3896 Ταῦτα
3634 3844 3725 3915 μὲν
3773 3843 3879 3912 γὰρ

2293 3928 2529 3981 ἐτελεῖτο
2562 3929 2651 3984 διὰ
2683 3931 2782 4002 τῆς
2817 3931 3041 4002 σαρκὸς,
3087 3933 3201 3986 ἀλλ’
3228 3934 3329 3986 οὐκ
3370 3930 3440 4006 ἦν
3487 3934 3631 4006 ἔργα
3668 3935 3888 4005 σαρκός.

2273 4017 2511 4090 ’Ὥσπερ
2536 4016 2630 4074 οὖν
2655 4021 2737 4085 εἰς
2761 4023 2861 4093 τὴν
2889 4022 3049 4093 φύσιν
3082 4024 3177 4077 τοῦ
3212 4026 3540 4095 πράγματος
3580 4025 3895 4095 βλέποντες,

2297 4113 2363 4182 τῇ
2378 4111 2606 4183 δυνάμει
2619 4113 2719 4184 τῆς
2737 4115 2991 4187 θεότητος
3015 4113 3114 4190 τὴν
3131 4117 3238 4173 τῶν
3253 4119 3724 4190 ἀποτελεσμάτων
3743 4120 3907 4175 ἔκϐα-

2301 4219 2384 4256 σιν
2412 4204 2761 4277 λογιζόμεθα,
2793 4210 2843 4261 εί
2869 4209 2964 4262 καὶ
2993 4209 3081 4262 διὰ
3110 4212 3209 4280 τῆς
3235 4212 3435 4284 σαρκὸς
3460 4211 3705 4280 ἑγένετο’
3733 4213 3911 4276 οὕτως

2298 4291 2428 4345 ὅταν
2445 4291 2532 4346 διὰ
2545 4293 2644 4365 τὴν
2664 4296 2841 4366 σάρκα
2867 4296 3003 4370 λέγῃ
3017 4316 3066 4351 τι
3094 4299 3191 4352 καὶ
3204 4299 3568 4372 ἀνθρώπινον,
3588 4304 3669 4374 μὴ
3688 4304 3770 4374 τῷ
3795 4305 3914 4374 θεῴ

2299 4384 2458 4456 Λόγῳ
2495 4386 2654 4440 τοῦτο
2695 4389 3123 4462 προσάπτωμεν,
3151 4392 3289 4446 ἀλλὰ
3320 4393 3419 4463 τῆς
3448 4393 3716 4466 θεότητος
3754 4398 3916 4451 ἁλλό-

601 4498 745 4554 ιιιυε,
781 4483 848 4536 ad
884 4498 1105 4539 carnem
1142 4485 1468 4540 referamus.
1497 4485 1573 4538 Ita
1608 4485 1751 4537 enim
1785 4485 1997 4556 singula
2028 4487 2174 4556 ipsiu:

2303 4496 2452 4551 τριον
2481 4480 2717 4552 ὁρῶντες
2758 4484 2912 4549 αὐτὸ,
2957 4486 3214 4556 φέρωμεν
3244 4487 3337 4540 ἐπὶ
3364 4488 3464 4558 τὴν
3506 4489 3720 4560 σάρκα.
3757 4493 3917 4546 Οὕτω

600 4574 743 4632 facta
779 4575 866 4628 vel
914 4575 1058 4630 dicta
1109 4577 1163 4630 in
1215 4591 1372 4629 suum
1415 4575 1594 4629 locum
1637 4573 1958 4642 referentes,
2009 4591 2192 4631 veram

602 4666 934 4736 minimeque
967 4681 1256 4723 erroneam
1285 4665 1600 4721 Servatoris
1628 4667 1796 4722 nostri
1828 4667 2194 4738 cognitionem

599 4771 1020 4829 consequemur.

1121 4959 1353 5027 ALIUD,
1386 4963 1670 5016 narratiue.

672 5053 840 5108 Sacra
925 5053 1212 5124 Scriptura
1280 5069 1447 5108 unum
1527 5053 1805 5109 Christum
1882 5057 2194 5123 przedicat:

603 5165 622 5198 ι
657 5145 810 5202 Unus
856 5148 1000 5200 enim
1055 5148 1194 5202 Deus
1239 5145 1421 5212 Pater,
1461 5155 1516 5202 et
1565 5163 1706 5203 unus
1738 5147 2001 5204 Dominus
2039 5149 2199 5206 Jesus

599 5239 953 5294 Christus".
999 5258 1016 5290 ι
1081 5238 1214 5293 Nam
1285 5255 1350 5295 ex
1427 5241 1681 5309 operibus
1740 5256 1862 5312 quae
1926 5243 2026 5298 soli
2085 5243 2197 5300 Deo

602 5331 962 5395 conveniunt,
1018 5329 1157 5385 Deus
1195 5331 1566 5402 cognoscitur.
1600 5331 1734 5386 Cum
1782 5333 1926 5388 enim
1960 5331 2199 5388 Verbum

601 5436 733 5476 caro
768 5419 993 5490 factum,
1031 5433 1088 5478 ut
1112 5424 1378 5494 scriptum
1408 5437 1493 5479 est
1514 5425 1582 5490 ’⁷,
1614 5425 1778 5482 homo
1807 5439 2023 5496 quoque
2049 5427 2200 5482 cerni

679 5601 721 5632 ¹⁶
752 5601 769 5654 1
801 5599 924 5654 Cor.
960 5616 1020 5667 ιι,
1060 5599 1113 5656 8.

1196 5600 1425 5656 "Marc.
1464 5617 1585 5669 vni,
1627 5601 1718 5655 55.

610 5688 704 5735 τιι,
741 5673 807 5724 37
839 5687 989 5742 seqq.

1799 5601 1842 5633 ¹⁸
1883 5601 2073 5660 Matth.
2115 5602 2245 5666 x,8.

1066 5674 1112 5704 "
1147 5671 1516 5745 ibid._tl-l7;
1562 5687 1678 5745 vni,
1713 5671 1913 5745 Lit-56;
1956 5671 2113 5728 Joan.
2146 5691 2222 5736 ιι,
2257 5675 2279 5728 1
2317 5690 2470 5745 seqq.

2303 4572 2414 4641 γὰρ
2456 4572 2688 4626 ἕκαστον
2735 4575 2844 4648 τῶν
2889 4577 3193 4646 γινομένων
3235 4579 3355 4649 ἦτοι
3409 4579 3733 4650 λεγομένων
3786 4584 3916 4652 παρ’

2304 4662 2491 4730 αὑτοῦ,
2543 4662 2732 4736 ὥσπερ
2779 4665 2839 4717 ἐν
2879 4665 2959 4736 τῷ
3009 4667 3124 4738 ἰδίῳ
3177 4668 3328 4739 τόπῳ
3379 4669 3652 4737 τιθέντες,
3696 4672 3920 4742 ἀπλανῆ

2304 4753 2403 4826 τὴν
2453 4756 2582 4824 περὶ
2615 4756 2710 4809 τοῦ
2761 4751 3014 4828 Σωτῆρος
3061 4759 3219 4830 ἡμῶν
3249 4760 3451 4829 γνῶσιν
3491 4761 3721 4832 ἔχοντες
3764 4766 3924 4836 εὑρι-

2307 4847 2570 4917 σκόμεθα.

2741 4965 2929 5020 ΛΛΔΟ
2942 5006 2960 5030 ,
3005 4965 3468 5037 διηγηματικῶς.

2381 5054 2521 5109 Ἕνα
2550 5055 2786 5126 Χριστὸν
2812 5057 3178 5128 κηρύττουσιν
3203 5060 3259 5111 αἱ
3290 5058 3431 5112 θεῖαι
3471 5058 3694 5130 Γραφαί
3716 5077 3730 5090 ο
3761 5079 3784 5112 ‹
3822 5055 3929 5124 Εἷς

2306 5147 2417 5219 γὰρ
2442 5150 2575 5213 Θεὸς
2597 5151 2626 5202 ό
2647 5149 2861 5222 Πατὴρ,
2895 5152 2990 5206 καὶ
3012 5145 3092 5215 εἷς
3113 5149 3319 5222 Κύριος
3352 5150 3564 5222 Ἰησοῦς
3590 5152 3637 5205 Χ
3648 5153 3872 5222 ριστὸς.
3903 5172 3924 5204 ι

2319 5243 2454 5296 Ἀπὸ
2480 5243 2581 5314 μὲν
2607 5241 2719 5314 γὰρ
2743 5244 2854 5297 τῶν
2891 5243 3069 5313 ἔργων
3097 5243 3228 5310 τῶν,
3265 5244 3366 5297 ὅσα
3393 5243 3596 5314 πρέπει
3644 5245 3804 5314 μόνῳ
3842 5243 3930 5313 τῷ

2305 5336 2446 5407 Θεῷ,
2483 5336 2812 5408 γνωρίζεται
2841 5337 2998 5402 Θεός.
3056 5335 3278 5408 Ἐπειδὴ
3325 5337 3382 5390 δὲ
3428 5337 3610 5408 σάρκα
3640 5337 3929 5406 γεγονότα

2304 5427 2401 5482 τὸν
2427 5429 2620 5497 Λόγον,
2650 5429 2795 5483 καθὰ
2834 5431 3170 5502 γέγραπται,
3207 5429 3288 5483 δεῖ
3323 5428 3418 5483 καὶ
3445 5429 3740 5500 ἄνθρωπον
3782 5430 3926 5498 φαί-

2326 5604 2368 5638 η
2404 5603 2594 5660 Matth.
2629 5623 2718 5672 xv,
2740 5607 2928 5663 22-28.
3005 5609 3051 5639 ²⁰
3078 5605 3270 5662 Matth.
3299 5605 3432 5668 rm?
3466 5620 3618 5675 seqq.
3706 5604 3922 5663 "Luc.

2582 5677 2628 5708 ’³
2663 5679 2854 5751 litanti.
2898 5695 2989 5745 xx,
3032 5680 3102 5735 30
3129 5693 3328 5751 seqq;
3366 5677 3522 5735 Joan.
3569 5693 3647 5746 ix,
3689 5679 3923 5749 tseqq.

607 5743 654 5775 ’δ
693 5744 732 5800 ll
769 5742 917 5799 Pctr.
952 5741 990 5814 ι,
1017 5745 1074 5802 4.
1235 5742 1256 5798 Ι
1287 5741 1446 5801 Joau.
1476 5759 1569 5826 ιιι,
1606 5743 1661 5800 t.
1701 5743 1835 5828 ἔται
1874 5745 2002 5801 Cor.
2037 5761 2152 5812 vin,

2291 5747 2362 5828 _"
2391 5741 2548 5805 Joan.
2593 5765 2632 5817 ι,
2674 5748 2761 5803 Η.

1705 5827 1734 5837 ις
