4026 6408
541 263 643 322 sat
1576 267 1637 324 s.
1679 267 1955 325 cmem
1998 268 2476 326 ALEXANDRINI
2514 269 2832 328 ARCHIEP.
3727 287 3853 342 ειυς

543 378 945 445 existimamus,
985 376 1111 432 ﬂeat
1159 387 1216 432 ut
1265 378 1448 444 homo,
1484 379 1780 450 timeatque
1814 391 1868 436 et
1907 389 2133 436 mortem

2262 381 2332 433 ,οῦ
2365 381 2462 444 τὰς
2484 380 2738 446 τοιαύτας
2770 383 3022 454 εἰρῆσθαι
3051 387 3382 460 πιστεύομεν
3414 391 3617 459 φωνὰς,
3654 397 3852 452 κλαιέ-

547 480 899 542 expavescat,
936 470 1140 540 fiatque
1177 472 1348 526 tristis
1388 479 1443 526 et
1478 472 1748 536 turbetur,
1778 473 1993 542 aliaque
2019 490 2136 528 om—

2263 490 2318 526 τω
2367 475 2465 543 μὲν
2539 477 2615 537 ὡς
2667 475 2991 546 ἄνθρωπος,
3051 480 3146 534 καὶ
3194 483 3470 550 φοϐείσθω
3523 489 3692 543 πάλιν
3746 495 3853 544 καὶ

543 564 632 617 nia
666 564 928 633 patiatur,
965 579 1083 631 quae
1109 573 1165 616 et
1201 563 1316 632 ipsa
1349 563 1586 616 humana
1617 575 1810 618 natura
1835 567 1941 634 pati
1980 565 2133 620 solet.

2265 564 2489 618 ξειλιάτω
2533 566 2624 619 τὸν
2667 566 2921 632 θάνατον,
2967 571 3060 624 καὶ
3101 574 3337 640 γινέσθω
3375 579 3697 648 περίλυπος,
3747 587 3855 638 καὶ

543 656 600 710 Si
644 670 773 708 vero
802 657 940 709 Deus
974 657 1025 708 in
1051 669 1216 708 carne
1255 664 1395 721 erat,
1427 655 1728 724 etquidem
1766 666 1906 723 erat,
1939 667 1993 712 et
2030 675 2133 713 non

2265 660 2612 728 ῖαραττέσθω,
2667 662 2764 713 καὶ
2809 664 2909 716 ὅσα
2963 664 3208 733 πέφυκεν
3254 669 3618 740 ήάνθριῢπου
3673 676 3855 743 φύσις

543 749 722 812 aliter,
745 763 906 816 quem
940 748 1126 800 timeat
1157 747 1338 801 Deus?
1374 747 1433 802 Si
1468 764 1592 803 vere
1620 750 1752 804 dicit
1780 767 1793 804 :
1824 768 1842 801 ι
1872 750 1983 821 Ego
2016 767 2133 806 sum

2260 749 2554 819 inopévsw,
2583 751 2761 806 ταῦτα
2789 753 2882 806 καὶ
2912 756 3092 819 αὑτός.
3125 758 3187 810 Εἰ
3211 759 3268 813 δὲ
3301 761 3434 826 Θεὸς
3461 759 3529 835 ἦν
3557 767 3617 818 ἐν
3649 771 3850 840 σαρκὶ,

545 842 652 895 vita
681 841 748 905 ³⁸,
782 861 800 892 ι
836 841 1112 910 quomodo
1147 849 1379 894 mortem
1433 842 1586 896 timet
1631 843 1778 896 vita?
1826 843 1884 898 Si
1925 844 2062 900 alios
2104 859 2134 898 a

2260 835 2305 910 ᾖν
2336 841 2392 894 δὲ
2417 842 2596 908 τοῦτο,
2632 845 2726 897 καὶ
2756 846 2853 916 οὐχ
2881 847 3105 918 ἑτέρως,
3136 851 3258 905 τίνα
3287 853 3534 922 φοϐεῖται
3565 857 3740 925 Θεός;
3784 859 3850 914 Εἰ

545 942 716 988 morte
755 933 1122 998 conservavit,
1175 934 1448 1002 quomodo
1489 934 1608 1004 ipse
1652 935 1831 989 timuit
1868 937 2135 991 mortem?

2257 933 2442 1006 ὶληθὴς
2473 931 2540 1006 ἦν
2571 938 2774 1006 λέγων,
2815 961 2831 992 ι
2879 942 3019 1011 Ἐγώ
3059 945 3175 1015 εἰμι
3217 948 3249 1017 ἡ
3283 945 3433 1019 ζωὴ,
3470 967 3489 1000 ι
3531 950 3678 1003 κατὰ
3718 952 3847 1006 τίνα

542 1024 825 1089 Quomodo
874 1023 1067 1078 timeat
1109 1033 1366 1090 mortem,
1401 1025 1493 1094 qui
1534 1024 1827 1094 discipulos
1876 1028 1942 1080 ad
1974 1025 2132 1082 forti-

2258 1029 2436 1097 τρόπον
2477 1031 2724 1098 φοϐεῖται
2772 1035 2864 1088 τὸν
2899 1035 3130 1090 θάνατον
3171 1040 3203 1109 ἡ
3241 1040 3394 1111 (tot);
3446 1043 3508 1095 Εἰ
3542 1044 3746 1109 ἀλλους
3776 1049 3848 1099 ἐκ

543 1115 808 1180 tudinem,
861 1116 1170 1184 mortisque
1227 1127 1598 1186 contemptum
1652 1119 1990 1184 cohortatur,
2047 1119 2132 1173 di-

2253 1118 2469 1173 ἰανάτου
2497 1121 2743 1190 διέσωσε,
2769 1125 2883 1189 πῶς
2903 1127 2959 1180 δὲ
2987 1128 3150 1192 αὐτὸς
3183 1131 3430 1199 ἐφοϐεῖτο
3455 1133 3545 1186 τὸν
3573 1134 3843 1202 θάνατον,

540 1225 669 1264 cens
711 1228 722 1263 :
763 1228 782 1262 ι
821 1209 1003 1265 Nolite
1053 1213 1247 1266 timere
1297 1227 1393 1267 eos
1449 1213 1541 1282 qui
1591 1215 1848 1268 occidunt
1893 1227 2128 1283 corpus,

2252 1213 2418 1275 icui);
2459 1215 2708 1286 μαθητὰς
2757 1218 3068 1290 ὲπαλείφων
3117 1223 3197 1286 εἰς
3252 1225 3511 1296 φρόνημα
3555 1232 3842 1295 νεανικὸν,

539 1301 782 1356 animam
811 1311 996 1356 autem
1026 1318 1131 1357 non
1158 1313 1382 1374 possunt
1413 1305 1668 1360 occidere
1689 1304 1770 1357 ³⁸⁸2
1801 1325 1820 1358 ι
1849 1303 2129 1371 Quomodo

2255 1301 2330 1353 ιαὶ
2360 1301 2568 1372 λέγων·
2616 1324 2633 1356 ι
2675 1308 2769 1377 Μὴ
2803 1308 3054 1377 φοϐεῖσθε
3084 1312 3196 1366 ἀπὸ
3239 1315 3350 1367 τῶν
3395 1319 3845 1374 ἀποκτεινόντων

540 1395 658 1464 ipse
710 1395 813 1449 hoc
867 1395 1097 1462 timeat,
1153 1397 1196 1451 si
1242 1397 1477 1451 Abrahae
1519 1399 1763 1452 animum
1814 1400 1998 1464 addit,
2048 1399 2130 1454 di-

2246 1389 2293 1442 ιὺ
2320 1390 2501 1462 σῶμα,
2532 1392 2630 1464 τὴν
2659 1395 2716 1447 δὲ
2745 1395 2922 1469 ψυχὴν
2959 1399 3034 1470 μὴ
3064 1401 3381 1472 δυναμένων
3422 1409 3782 1476 ἀποκτεῖναις
3817 1433 3836 1464 ι

539 1505 670 1545 cens
703 1507 716 1543 :
751 1508 770 1541 ι
807 1488 885 1542 Ne
920 1491 1132 1556 timeas,
1179 1490 1308 1560 quia
1337 1501 1512 1545 tecum
1549 1507 1668 1545 sum
1688 1492 1754 1544 ³⁷.
1793 1511 1810 1544 ι
1846 1491 1902 1547 Si
1946 1491 2127 1546 Mosen

2251 1483 2358 1546 Ῑῶς
2389 1484 2454 1538 ἂν
2485 1487 2643 1550 αὐτὸς
2666 1488 2916 1558 ἐφοϐεῖτο
2946 1492 3104 1546 τοῦτο
3130 1495 3343 1562 παθεῖν,
3369 1499 3417 1550 ei
3436 1500 3528 1554 τὸν
3572 1503 3841 1575 Ἀϐραὰμ

540 1582 805 1636 adversus
838 1579 1183 1636 Pharaonem
1242 1582 1510 1648 incitavit,
1557 1592 1610 1637 et
1656 1583 1724 1637 ad
1768 1581 1934 1637 Josue
1982 1582 2130 1639 Nave

2246 1577 2668 1649 πιαραθαρσύνει,
2726 1581 2902 1650 λέγων
2928 1597 2944 1614 ⁸
2991 1603 3010 1636 ι
3060 1588 3152 1658 Μὴ
3183 1589 3372 1656 φοϐοῦ,
3415 1591 3494 1644 ὅτι
3536 1597 3678 1665 μετὰ
3737 1597 3836 1651 σοῦ

541 1673 712 1728 filium
747 1673 880 1728 dicit
913 1692 926 1729 :
960 1693 978 1726 ι
1015 1673 1339 1729 Confortare
1368 1685 1422 1729 et
1465 1674 1696 1730 viriliter
1725 1690 1825 1745 age
1848 1676 1914 1741 ",
1950 1694 1968 1727 ›
2001 1692 2130 1746 quo-

2245 1671 2386 1741 εἰμις
2427 1691 2444 1724 ι
2495 1673 2557 1726 Εἰ
2587 1674 2792 1728 Μωσέα
2834 1678 3161 1750 γοργότερον
3192 1683 3366 1736 ἐποίει
3411 1686 3552 1740 κατὰ
3593 1688 3690 1741 τοῦ
3725 1693 3835 1743 Φα-

538 1769 699 1821 modo
730 1767 782 1821 in
817 1766 966 1821 illum
1009 1775 1188 1822 metus
1227 1768 1407 1832 cadat,
1446 1779 1538 1823 aut
1560 1784 1668 1838 quo
1693 1779 1850 1839 pacto
1879 1770 2128 1826 homines

2241 1736 2382 1832 ραὼ,
2401 1763 2496 1817 καὶ
2526 1765 2661 1836 πρὸς
2703 1736 3020 1836 Ἰησοῦν-τὸν
3046 1736 3141 1824 τόῦ
3176 1772 3327 1842 Ναυῆ
3579 1736 3831 1852 «Cio-ias

539 1855 738 1920 timuit,
775 1856 868 1925 qui
919 1855 1055 1911 alios
1089 1856 1153 1910 ad
1205 1856 1572 1926 abjiciendum
1610 1869 1813 1913 metum
1854 1859 2126 1926 hortatur,

2237 1855 2326 1908 καὶ
2364 1855 2636 1927 ἀνδρίζου,
2681 1878 2700 1910 ι
2737 1859 2852 1923 πῶς
2889 1862 3052 1926 αὐτὸς
3073 1862 3275 1928 δειλίας
3304 1867 3456 1922 ἔσται
3485 1869 3763 1939 δεκτικὸς,
3796 1876 3827 1945 ἢ

535 1944 773 2014 facitque
827 1953 886 2000 ut
926 1945 1165 2001 clament
1201 1965 1212 2000 :
1251 1964 1269 1997 ι
1301 1946 1564 2016 Dominus
1605 1949 1745 2004 mihi
1791 1950 2026 2019 adjutor,
2073 1960 2125 2006 et

2236 1943 2351 2006 πῶς
2381 1944 2705 2015 ἀνθρώπους
2740 1950 3004 2024 ἐφοϐήθη,
3034 1955 3062 2005 ό
3102 1953 3284 2020 ἄλλοις
3322 1960 3722 2028 συμϐουλεύων
3750 1943 3826 2031 εἰς

533 2052 641 2092 non
691 2036 891 2093 timebo
922 2037 1052 2107 quid
1086 2036 1251 2092 faciat
1290 2040 1424 2094 mihi
1482 2040 1647 2095 homo
1673 2041 1758 2094 "?
1787 2061 1806 2092 ι
1844 2042 2123 2108 Quomodo

2237 2035 2290 2088 τὸ
2323 2035 2398 2107 μὴ
2437 2037 2744 2107 φοϐεῖσθαι,
2795 2042 2888 2094 καὶ
2931 2043 3134 2098 πείθων
3178 2046 3343 2120 βοᾷνο
3382 2070 3400 2103 ι
3446 2053 3659 2125 Κύριος
3701 2059 3827 2128 ἐμοὶ

532 2130 580 2184 is
618 2130 708 2200 qui
744 2131 810 2184 ad
844 2131 947 2185 hoc
988 2131 1158 2196 venit,
1190 2140 1247 2186 ut
1289 2143 1518 2187 mortem
1573 2135 1879 2202 interimat,
1911 2136 2026 2207 ipse
2063 2138 2122 2192 ti-

2232 2126 2446 2200 βοηθὸς,
2480 2131 2540 2184 οὐ
2576 2131 2958 2204 φοϐηθήσομαι
2997 2136 3050 2190 τί
3081 2141 3300 2211 ποιήσει
3332 2160 3422 2212 μοι
3446 2126 3770 2216 ἀνθρωποςς
3799 2171 3818 2202 ι

530 2229 680 2276 meat
744 2221 797 2274 id
849 2230 1038 2275 contra
1089 2223 1233 2291 quod
1285 2221 1471 2276 venit?
1527 2223 1637 2278 Aut
1697 2227 1968 2295 quomodo
2018 2242 2120 2282 non

2230 2221 2356 2286 Πῶς
2385 2223 2441 2275 δὲ
2469 2226 2497 2277 ὁ
2531 2225 2612 2289 εἰς
2639 2225 2798 2280 τοῦτο
2828 2229 3134 2300 παρελθὼν,
3170 2233 3258 2289 ἵνα
3299 2237 3393 2291 τὸν
3433 2239 3669 2295 θάνατον
3690 2245 3820 2299 ἀπο-

528 2323 789 2369 extremae
843 2312 1140 2383 impietatis
1187 2312 1354 2369 fuerit
1402 2317 1606 2384 dicere,
1661 2318 1834 2387 ipsum
1879 2321 2118 2378 timuisse

2229 2313 2437 2386 κτείνῃ,
2490 2317 2653 2381 αὐτὸς
2703 2319 2955 2388 ἐφοϐεῖτο
2986 2323 3078 2377 τὸν
3127 2327 3250 2380 καθ’
3291 2325 3352 2384 οὗ
3403 2337 3805 2405 παραγέγονεν;

529 2404 830 2470 infernum,
898 2406 1054 2476 cujus
1106 2408 1362 2463 custodes
1420 2411 1486 2463 ad
1543 2409 1718 2480 ipsius
1772 2423 2119 2483 conSpectum

2232 2405 2302 2458 Ἢ
2333 2407 2451 2472 πῶς
2476 2409 2537 2461 ού
2567 2410 2749 2481 πάσης
2775 2414 3032 2469 ἐπέκεινα
3059 2417 3382 2487 δυσσεϐείας
3415 2404 3533 2478 ἐστὶ
3555 2429 3616 2481 τὸ
3643 2428 3813 2497 λέγειν

527 2498 874 2568 expaverint,
933 2500 1305 2569 reseratisque
1353 2503 1548 2572 portis,
1609 2503 1834 2574 spiritus
1886 2505 2117 2563 inclusos

2231 2497 2510 2566 φοϐεῖσθαι
2543 2501 2635 2555 τὸν
2665 2503 2820 2574 ᾅδην,
2853 2505 2912 2559 ὃν
2945 2509 2995 2560 οἰ
3036 2510 3228 2565 τούτου
3255 2515 3500 2588 πυλωροὶ
3537 2523 3631 2576 καὶ
3661 2524 3821 2592 μόνον

525 2593 874 2657 dimiserunt,
906 2592 1071 2664 230
1133 2595 1271 2650 adeo
1301 2605 1358 2649 ut
1403 2596 1556 2650 multi
1591 2609 1904 2654 sanctorum
1941 2616 2115 2654 resur-

2236 2589 2429 2653 ἰδόντες
2462 2591 2833 2664 κατέπτηξαν,
2888 2596 2982 2650 καὶ
3019 2599 3116 2663 τὰς
3161 2603 3440 2670 ἀφύκτους
3483 2589 3826 2675 πετάσαντες

527 2687 794 2749 rexerint,
829 2687 1132 2756 urbemque
1180 2687 1435 2758 ingressi,
1481 2698 1537 2743 ut
1574 2691 1835 2759 scriptum
1884 2701 1968 2746 est
1994 2692 2059 2756 ⁸ο,
2092 2707 2117 2746 a

2236 2678 2422 2744 πύλας,
2475 2684 2696 2755 ἀφῆκαν
2743 2688 2810 2741 τὰ
2848 2691 3340 2750 ἐναποκλεισθέντα
3395 2701 3707 2773 πνεύματα,
3751 2707 3826 2770 ὼς

529 2777 722 2838 multis
751 2777 852 2832 visi
878 2778 1028 2833 sint?
1061 2779 1344 2844 Quomodo
1380 2781 1559 2836 timuit
1585 2792 1838 2849 mortem,
1867 2785 1958 2852 qui
1995 2785 2119 2839 dum

2237 2771 2522 2844 ὶναστῆναι
2554 2776 2664 2830 τῶν
2693 2779 2867 2848 ἁγίων
2903 2782 3149 2851 πολλοὺς,
3186 2788 3279 2840 καὶ
3320 2771 3582 2846 εἰσελθεῖν
3612 2799 3698 2859 είς
3726 2798 3827 2869 τὴν

523 2878 886 2941 quaereretur,
933 2870 1069 2924 dixit
1115 2871 1196 2927 eis
1252 2873 1347 2941 qui
1404 2873 1472 2927 ad
1517 2874 1697 2944 ipsum
1762 2878 2113 2946 comprehen-

2235 2863 2402 2931 πόλιν,
2430 2867 2574 2920 καθὰ
2605 2871 2938 2942 γέγραπται,
2968 2877 3060 2929 καὶ
3096 2877 3332 2949 ὀφθῆναί
3359 2901 3503 2951 τισι;
3535 2887 3666 2952 Πῶς
3696 2863 3825 2960 ἐφο-

525 2961 760 3018 dendum
797 2973 1147 3017 accesserant
1177 2982 1190 3018 :
1230 2981 1248 3014 ι
1283 2964 1392 3035 Ego
1423 2982 1542 3020 sum
1566 2966 1653 3020 ’⁸ιῖ
1686 2987 1704 3019 ι
1741 2967 2020 3035 Quomodo
2055 2971 2115 3026 ti-

2237 2954 2378 3010 δεῖτο
2419 2959 2509 3012 τὸν
2553 2960 2782 3018 θάνατον
2813 2967 2842 3018 ὁ
2893 2967 2949 3021 ὲν
3000 2969 3077 3041 τῷ
3123 2970 3402 3043 ζητεῖσθαι
3451 2977 3630 3048 λέγων
3686 2954 3827 3053 ττρἀ

524 3047 686 3108 ηιυίι
716 3063 946 3107 mortem
997 3054 1088 3124 qui
1133 3055 1267 3110 dicit
1309 3074 1320 3109 :
1356 3075 1374 3107 ι
1409 3056 1519 3128 Ego
1562 3065 1887 3128 potestatem
1945 3063 2114 3118 habeo

2238 3048 2351 3112 rei);
2409 3055 2855 3124 παραγεγονότας
2901 3059 3064 3115 αὑτὸν
3131 3064 3534 3124 συλλαϐέσθαιο
3586 3095 3606 3126 ι
3681 3077 3828 3145 Ἐγώ

523 3142 837 3198 dimittendi
863 3144 1102 3198 animam
1129 3162 1327 3214 meam,
1359 3156 1414 3202 ct
1445 3164 1637 3204 rursus
1666 3160 1991 3219 potestatem
2021 3155 2113 3209 ha-

2235 3141 2377 3237 ;
2435 3160 2454 3192 ι
2530 3145 2655 3209 Πῶς
2714 3149 2963 3216 ἐφοϐεῖτο
3024 3153 3116 3207 τὸν
3173 3157 3400 3217 θάνατον
3478 3165 3508 3216 ὁ
3577 3141 3766 3237 λέγων
3812 3191 3825 3203 ·

521 3234 626 3290 beo
675 3236 980 3307 accipiendi
1044 3251 1200 3303 cam;
1242 3256 1260 3290 ι
1311 3250 1368 3296 et
1439 3259 1457 3292 ι
1517 3243 1700 3297 nullus
1747 3245 1943 3315 eripiet
1993 3263 2111 3302 cam

2236 3251 2262 3327 ιν
2298 3235 2578 3302 Ἐξουσίαν
2627 3241 2736 3311 ἔχω
2775 3243 2948 3299 θεῖναι
2988 3248 3089 3320 τὴν
3138 3253 3318 3327 ψυχήν
3360 3276 3462 3327 μου
3509 3263 3607 3316 καὶ
3653 3234 3826 3322 πάλιν

521 3325 685 3391 mihi,
730 3327 828 3380 sed
874 3341 974 3396 ego
1007 3328 1224 3397 depono
1265 3343 1382 3382 eam
1417 3345 1446 3382 a
1481 3332 1692 3400 meipso
1714 3331 1792 3385 "?
1821 3353 1840 3384 ι
1881 3332 2111 3390 Verbum

2235 3326 2469 3394 ιξουσίαν
2517 3330 2626 3402 ἔχω
2680 3333 2865 3389 λαϐεῖν
2891 3339 3062 3410 αὑτήν
3086 3359 3100 3373 ·
3147 3364 3165 3396 ι
3204 3325 3300 3400 καῖ
3334 3325 3408 3402 ί(
3446 3353 3642 3419 Οὐδεὶς
3678 3360 3825 3431 αῖρει

523 3415 710 3485 itaque
737 3415 829 3469 Dei
864 3414 919 3470 in
963 3431 1023 3471 se
1062 3427 1293 3473 mortem
1336 3434 1443 3472 non
1483 3420 1700 3487 timuit;
1739 3422 1834 3476 sed
1867 3423 2113 3478 Immani-

2232 3419 2390 3520 ιὺτὴν
2424 3421 2521 3521 διπῖ
2567 3425 2884 3521 epam-(52).?
2925 3432 3035 3501 ἐγὼ
3079 3435 3272 3509 τίθημι
3305 3441 3474 3514 αὐτὴν
3513 3414 3822 3521 ἀπ’-ἐμαυ-

437 3556 444 3560 .
524 3515 608 3563 tas
639 3523 757 3579 quae
792 3524 888 3564 sua
928 3517 1127 3564 natura
1163 3520 1392 3565 mortem
1422 3511 1760 3570 reformidat.

2231 3510 2347 3578 toﬁ;
2392 3531 2410 3564 ι
2449 3515 2564 3568 Οὐκ
2592 3512 2661 3590 ἦν
2687 3515 2781 3574 οὖν
2817 3521 2923 3592 ἄρα
2965 3525 3088 3579 καθ’
3120 3529 3314 3586 ἑαυτὸν
3343 3536 3370 3587 ό
3400 3510 3497 3590 τοῦ
3542 3510 3692 3595 Θεοῦ
3719 3547 3821 3598 Λό-

2217 3617 2314 3669 γος
2344 3605 2371 3655 ὁ
2403 3604 2495 3657 τὸν
2524 3605 2754 3663 θάνατον
2799 3612 3151 3687 ὑποπτήξας·
3183 3620 3300 3674 ἀλλ’
3346 3620 3416 3696 ἦν
3463 3630 3522 3683 ἐν
3570 3632 3726 3704 αὐτῷ
3763 3636 3818 3690 τὸ

2217 3689 2560 3763 ἀνθρώπινον
2593 3702 2835 3769 πεφυκὸς
2862 3704 3020 3758 τοῦτο
3048 3710 3278 3782 πάσχειν
3307 3715 3414 3770 ἀεί.

1039 3795 1275 3864 ALIUD,
1304 3809 1588 3854 narraltre.

2658 3810 2868 3881 AAAO,
2903 3797 3369 3889 διηγηματικῶς.⁸

598 3882 978 3941 Necessarium
1010 3889 1174 3958 plane
1221 3898 1327 3954 est,
1375 3900 1436 3946 ut
1479 3892 1572 3962 qui
1623 3901 1771 3950 recte
1813 3893 2114 3968 intelligere

2299 3895 2538 3968 Ἀνάγκη
2591 3901 2742 3955 πᾶσα
2792 3904 2918 3969 τοὺς
2971 3908 3148 3976 ὀρθῶς
3202 3912 3493 3982 ἐθέλοντας
3557 3925 3697 3976 νοεῖν
3743 3924 3808 3978 τὰ

505 3976 650 4032 -νθιὶι
672 3993 794 4047 qua:
825 3980 892 4034 de
917 3979 1210 4036 Servatore
1245 3992 1434 4039 nostro
1459 3985 1514 4039 in
1542 4000 1693 4040 sacra
1719 3986 1998 4056 Scriptura
2029 3989 2095 4042 di-

2218 3987 2370 4058 παρά
2401 3992 2522 4052 ταῖς
2554 3990 2728 4057 θείαις
2760 3997 3028 4069 εἰρημένα
3050 4001 3295 4074 Γραφαῖς
3337 3976 3597 4082 περὶ-τοῦ
3630 3976 3808 4084 Σωτῆῖ

518 4079 742 4136 cuntur,
787 4074 1134 4128 occasionem
1181 4073 1358 4145 ipsam
1408 4085 1624 4148 spectet
1670 4089 1726 4134 et
1769 4089 2012 4150 tempora
2058 4081 2108 4134 in

2222 4094 2308 4148 ρος
2351 4081 2508 4150 ἡμῶν
2554 4083 2820 4154 Χριστοῦ,
2857 4089 2947 4144 τὸν
2996 4094 3187 4164 καιρὸν
3233 4097 3504 4164 ἐξετάζειν
3547 4106 3642 4157 καὶ
3686 4111 3812 4170 τοὺς

518 4162 735 4232 quibus,
779 4173 875 4219 aut
906 4165 1023 4236 ipse
1051 4167 1119 4221 de
1152 4183 1231 4234 se,
1275 4177 1370 4224 aut
1403 4185 1560 4225 sacra
1594 4170 1873 4242 Scriptura
1910 4173 2108 4244 aliquid

2220 4172 2440 4240 χρόνους
2490 4175 2612 4227 καθ’
2644 4177 2739 4242 οὒς
2788 4179 2820 4252 ἢ
2872 4183 3034 4247 αὐτὸς
3076 4162 3315 4257 εἰρηκώς
3363 4162 3416 4244 τι
3452 4196 3583 4265 περὶ
3615 4162 3810 4253 ἑαυτοῦ

519 4260 588 4337 ἀρ
634 4273 701 4314 eo
737 4258 894 4314 dixit.
941 4259 996 4314 Si
1033 4278 1166 4332 ergo
1205 4262 1447 4318 Verbum
1483 4265 1578 4318 Dei
1627 4277 1917 4335 antequam
1961 4271 2109 4324 lieret

2223 4263 2486 4332 φαίνεται,
2521 4266 2553 4337 ἢ
2586 4269 2641 4320 αἰ
2669 4269 2809 4325 θεῖαι
2838 4272 3055 4344 Γραφαὶ
3091 4281 3218 4350 περὶ
3264 4283 3450 4340 αὐτοῦ.
3487 4258 3552 4340 Εἰ
3590 4290 3693 4360 μὲν
3720 4287 3813 4347 οὖν

518 4363 671 4415 caro,
719 4367 959 4420 unquam
991 4353 1078 4408 vel
1128 4354 1398 4420 ﬂoruisse,
1435 4355 1520 4410 vel
1559 4365 1791 4412 mortem
1844 4358 2107 4425 timuisse,

2221 4356 2343 4450 πρὶν
2396 4357 2622 4450 γένηται
2671 4363 2812 4435 σὰρξ
2853 4367 2881 4418 ὁ
2919 4365 3012 4421 τοῦ
3057 4370 3192 4424 Θεοῦ
3240 4374 3435 4444 Λόγος,
3479 4379 3511 4450 ἢ
3563 4353 3811 4449 κλαύσας

523 4450 615 4496 aut
648 4441 793 4496 aliud
829 4445 1110 4515 quidpiam
1149 4446 1452 4502 humanum
1490 4462 1710 4517 passum
1754 4448 1919 4505 fuisse
1956 4467 2110 4521 repe—

2218 4448 2408 4519 ὁρᾶται
2431 4449 2672 4517 πώποτε,
2710 4454 2742 4527 ἦ
2772 4455 3004 4514 θάνατον
3029 4463 3307 4535 φοϐηθεὶς,
3341 4468 3371 4539 ἢ
3401 4470 3592 4542 ἔτερόν
3626 4493 3679 4529 τι
3703 4479 3808 4531 τῶν

517 4531 680 4598 ritur,
705 4533 871 4588 etiam
899 4551 1046 4591 nunc
1076 4536 1165 4591 illa
1203 4537 1324 4608 ipsa
1355 4537 1536 4593 locum
1565 4539 1620 4592 in
1653 4553 1720 4592 eo
1745 4538 2002 4594 habeant.
2041 4542 2107 4595 At

2216 4539 2566 4640 ἀνθρωπίνων
2612 4546 2938 4619 ὑπομείνας,
2985 4531 3256 4625 κρατείτω
3408 4531 3509 4615 νῦν
3548 4566 3621 4620 τὰ
3653 4571 3806 4640 εἰρη-

515 4622 565 4678 si
604 4632 826 4693 quando
881 4626 1058 4682 factus
1119 4635 1206 4682 est
1253 4629 1439 4694 homo,
1495 4639 1606 4682 tum
1654 4629 1890 4698 primum
1939 4644 2105 4684 sacra:

2217 4629 2351 4700 μένα
2379 4635 2509 4706 περὶ
2541 4637 2730 4692 αὑτοῦ.
2767 4640 2832 4692 Εἰ
2859 4640 2915 4694 δὲ
2941 4622 3033 4697 ὅτε
3072 4645 3298 4716 γέγονεν
3327 4650 3640 4725 ἄνθρωπος,
3688 4622 3807 4714 τότε

517 4711 814 4785 Scriptura:
846 4716 1115 4785 ejusmodi
1143 4719 1209 4772 de
1240 4733 1308 4773 eo
1334 4719 1594 4774 dixerunt
1624 4733 1758 4772 :cur
1792 4734 1900 4772 non
1926 4718 2107 4788 potius

2216 4723 2304 4775 καὶ
2347 4723 2446 4788 τὰς
2497 4729 2755 4794 τοιαύτας
2794 4733 2978 4801 φωνάς
3023 4739 3151 4810 περὶ
3203 4742 3368 4796 αὐτοῦ
3415 4747 3710 4818 εἰρήκασιν
3753 4754 3806 4806 αἱ

503 4804 756 4862 humano
793 4824 947 4863 more
1000 4809 1091 4862 illa
1123 4809 1267 4864 dicta
1315 4825 1439 4864 esse
1474 4811 1841 4878 censebimus,
1876 4819 1935 4866 ut
1964 4810 2093 4866 blas-

2220 4814 2350 4870 θεῖαι
2378 4819 2614 4889 Γραφαὶ,
2643 4823 2697 4876 τί
2726 4825 2800 4896 μὴ
2831 4827 3033 4896 μᾶλλον
3067 4804 3427 4903 ἀνθρωπίνως
3455 4804 3716 4910 εἰρῆσθαι

522 4895 636 4967 phe
649 4898 771 4954 mite
801 4900 1014 4956 crimen
1043 4899 1410 4971 eﬂ'ugiamus?
2009 4921 2014 4926 ·

2217 4909 2430 4962 τοιαῦτα
2464 4913 2730 4986 φήσομεν,
2881 4920 2946 4973 τὸ
2984 4922 3049 4976 ὲκ
3079 4895 3183 4994 τῆς
3217 4895 3582 5002 βλασφημίας.
3608 4895 3807 5005 διαφύζ

2205 5017 2393 5072 γωμεν
2423 5005 2592 5059 κακόν
2611 5024 2627 5074 ;

1187 5100 1418 5159 ALIUD.
2903 5129 3108 5185 AAAO.

898 5187 982 5245 Ex
1021 5189 1310 5258 obiectione
1341 5196 1730 5255 haereticorum.
2392 5213 2488 5279 Ὠς

2293 5302 2298 5303 7
2392 5213 2490 5279 Ὠς
2517 5214 2590 5282 ἐξ
2627 5217 2990 5290 ἀντιθέσεως
3028 5224 3147 5279 τῶν
3180 5231 3625 5303 χριστομάχων.

585 5280 687 5350 Qui
737 5281 908 5346 ﬂevit,
941 5283 1218 5351 inquiunt,
1259 5296 1318 5342 et
1364 5288 1614 5345 timorem
1665 5307 1729 5346 ac
1781 5291 2098 5348 maestitiam

2569 5280 2573 5282 ν
2963 5280 2980 5290 ο
3180 5280 3243 5296 [αν
3263 5280 3307 5284 τ-
3335 5280 3347 5283 '
3368 5280 3583 5303 'I"'lo"’
3612 5280 3626 5290 '

2290 5302 2348 5357 '0
2394 5306 2657 5374 κλαύσας,
2701 5312 2857 5382 φασὶ,
2909 5318 3003 5369 καὶ
3051 5319 3332 5390 φοϐηθεὶς,
3361 5324 3456 5375 καὶ
3501 5325 3807 5396 περίλυπος

512 5375 784 5444 concepit,
835 5377 1109 5445 quomodo
1157 5379 1265 5434 erit
1312 5391 1509 5439 natura
1554 5383 1736 5440 Deus?
1780 5385 1910 5440 Haec
1951 5385 2096 5440 enim

516 5465 792 5488 1.---.2-......
833 5476 951 5488 ---κε
987 5484 1111 5488 ___,_
1156 5473 1167 5483 ο

2713 5375 2726 5382 .
2845 5375 2854 5379 -
3063 5375 3075 5386 ι
3180 5375 3191 5390 ι
3291 5375 3331 5387 -ι
3530 5375 3804 5396 νίιθνν-’πτ

2216 5397 2465 5466 γεγονὼς,
2513 5401 2632 5467 πῶς
2673 5404 2827 5460 ἔσται
2881 5409 3043 5478 φύσει
3081 5411 3250 5478 Θεὸς;
3311 5415 3642 5486 Ἀνθρώπων
3697 5420 3770 5486 γα
3779 5435 3806 5488 ρ

514 5465 796 5521 hominum
831 5476 957 5522 sunt
987 5473 1223 5542 propria.

1091 5473 1223 5542 prin.
2207 5487 2316 5544 ἴδια
2343 5491 2413 5544 τὰ
2441 5495 2681 5550 τοιαῦτα.

587 5638 632 5668 ³⁸
664 5637 820 5696 Joan.
864 5659 975 5712 κεν,
1011 5645 1065 5700 6.
1143 5648 1189 5679 ³⁸
1224 5649 1411 5707 Matth.
1443 5669 1498 5716 κ,
1523 5653 1610 5707 28.
1692 5656 1737 5688 ³⁷
1772 5654 1912 5712 Gen.
1949 5675 2034 5728 xv,
2068 5663 2118 5719 l.

587 5709 742 5760 Ξ.55.
820 5713 1053 5760 “1mm-
1084 5735 1215 5760 vvm
1281 5721 1315 5760 Ε
1413 5723 1456 5757 ιι
1487 5723 1612 5760 Ῐηιιη
1667 5741 1694 5760 ν
1758 5726 1822 5760 1³7
1872 5728 1938 5760 ιρ
2147 5721 2169 5732 ⁴

2205 5665 2243 5699 ³⁸
2271 5665 2436 5728 Josue
2469 5688 2509 5740 ι,
2543 5672 2599 5730 6.
2665 5677 2902 5751 η³⁹Ῥεαιο
2937 5696 3105 5754 cxvn,
3149 5686 3239 5760 6._
3320 5690 3364 5722 ⁸ο
3406 5690 3601 5750 Matth.
3644 5705 3795 5760 nn,

541 5709 631 5776 52,
657 5709 742 5767 55.
820 5713 862 5748 ιι
896 5709 1054 5774 Joan.
1084 5735 1236 5788 xvm,
1281 5721 1334 5777 6,
1413 5723 1456 5757 ιι
1479 5709 1635 5782 πλη.
1667 5741 1723 5796 1’
1758 5709 2034 5798 ﬁngi,
2071 5709 2118 5719 -.

1667 5741 1723 5796 Χ,
2071 5709 2118 5719 -.
2147 5721 2169 5732 Α
2271 5709 2436 5728 νννκν
2469 5709 2509 5740 ι,
2544 5709 2599 5730 υ.
2755 5709 2902 5736 [θαι.
2937 5709 3105 5754 ωινιι,
3149 5709 3202 5740 υ.
3229 5755 3238 5764 Ι
