4026 6408
507 376 613 439 395

1504 375 1560 429 S.
1603 371 1879 426 CYRILLI
1922 360 2403 427 ALEXANDRINI
2439 367 2758 426 ARCHIEP.

3644 365 3760 420 396

507 504 830 569 repugnant,
863 496 1178 562 dictumque
1224 491 1273 544 in
1327 489 1485 543 aliam
1531 487 1855 542 sententiam
1901 486 2085 539 detor-

2219 507 2266 542 ιν
2297 489 2566 552 ἀϐούλως,
2599 487 2692 540 καὶ
2723 486 3021 556 πειρῶνται
3056 483 3116 536 τὸ
3137 480 3430 553 εἰρημένον
3447 479 3526 544 είς
3558 479 3761 551 ἑτέρας

511 606 679 660 quere
740 598 1040 650 conantur,
1096 600 1201 638 non
1260 583 1560 637 tribuentes
1617 575 1755 631 Filio
1816 578 1958 646 quod
2019 577 2089 630 sit

2216 580 2497 654 τεριέλκειν
2525 580 2760 643 ἐννοίας,
2790 577 2890 630 οὐκ
2929 574 3274 637 ἀποδιδόντες
3302 572 3383 644 τῷ
3428 571 3544 642 Υίῷ
3592 572 3656 626 τὸ
3701 572 3765 624 ἓν

497 698 676 737 unum
710 695 831 736 cunt
867 679 1046 742 Patre,
1076 675 1170 731 sed
1211 674 1261 726 id
1288 672 1429 742 quod
1466 679 1612 724 recte
1643 669 1975 740 pulchreque
2004 667 2088 720 di-

511 784 657 829 ctum
691 779 777 826 est
822 766 1124 824 convellere
1158 771 1442 817 conantes.
1481 759 1716 813 Rursum
1751 756 2090 812 invenientes

513 866 568 919 in
607 861 934 932 Evangeliis,
971 868 1307 927 quiscunque
1356 863 1418 906 ut
1471 851 1633 905 homo
1676 858 1769 903 aut
1806 848 1963 911 dixit,
1999 855 2094 899 aut

517 956 666 1022 iecit,
696 952 950 1009 nimirum
979 949 1121 1020 quod
1147 947 1310 1009 ﬁerit,
1341 953 1434 998 aut
1463 955 1698 997 maerore
1729 938 1951 994 aﬂ‘ecttts
1977 937 2090 992 lue-

514 1049 605 1114 rit,
639 1045 855 1114 aliaque
898 1041 984 1098 his
1017 1039 1236 1105 similia,
1273 1053 1379 1092 non
1415 1035 1653 1090 referunt
1686 1035 1753 1088 ad
1783 1023 2092 1087 humanita-

515 1154 645 1207 tem,
702 1125 992 1208 sed'iﬁr32
1021 1134 1198 1190 Verbo
1230 1129 1321 1186 illa
1362 1128 1731 1190 ascribetrtes,
1786 1139 1854 1179 ex
1901 1123 1970 1177 iis
1999 1121 2094 1176 de-

513 1239 822 1292 monstrare
868 1230 1116 1284 nituntur
1143 1240 1248 1280 non
1294 1237 1414 1279 esse
1444 1218 1611 1276 Deum
1635 1217 1732 1289 "qui
1769 1216 1884 1271 haec
1908 1213 2097 1269 fecerit

430 1363 436 1373 ι
515 1340 571 1383 et
594 1339 787 1397 passus
817 1321 1001 1384 fuerit,
1045 1318 1178 1374 adeo
1225 1325 1283 1370 ut
1317 1324 1373 1370 et
1401 1315 1574 1384 ipsum
1623 1307 1888 1364 creaturis
1923 1317 2096 1360 armu-

518 1396 751 1481 merent,
806 1428 931 1470 cum
974 1425 1162 1466 earum
1207 1409 1280 1464 sit
1323 1413 1558 1461 creator.
1600 1402 1712 1455 'Aut
1761 1409 1890 1467 ergo
1937 1396 2094 1450 attri-

515 1508 668 1566 buite
705 1507 846 1564 Filio
868 1504 1011 1574 quod
1043 1503 1118 1557 sit
1154 1515 1292 1555 unus
1321 1513 1443 1551 cum
1478 1495 1656 1558 Patre,
1693 1498 1787 1544 aut
1814 1496 1961 1543 certe
1989 1501 2097 1542 non

518 1601 809 1658 invenietis
849 1597 1090 1654 Verbum
1136 1595 1280 1666 quod
1333 1590 1475 1645 Patri
1526 1585 1731 1657 aequale
1766 1593 1851 1639 est
1885 1598 1982 1653 per
2015 1595 2096 1646 se,

511 1702 790 1764 quatenus
823 1688 1060 1744 Verbum
1095 1693 1202 1749 est,
1250 1681 1401 1745 ﬂere,
1440 1687 1534 1732 aut
1567 1687 1804 1730 maerore
1839 1671 1923 1727 vel
1952 1678 2099 1726 metu

2186 668 2327 727 εἰναι
2359 671 2571 742 ιιατρδς
2593 667 2773 741 (πρὸς)
2804 669 2894 722 τδν
2920 666 3166 738 Πατέρα,
3199 666 3336 720 ἀλλά
3377 665 3440 718 τὸ
3493 663 3677 728 καλῶς
3705 680 3765 716 τε

2187 767 2279 820 καὶ
2307 763 2486 836 ὀρθῶς
2515 761 2811 833 εἰρημένον
2869 760 3275 831 ἐπιχειροῦντες
3305 756 3631 829 παραλύειν.
3660 755 3772 808 Εὑ-

2190 853 2470 924 ρίσκοντες
2507 853 2563 905 δὲ
2592 851 2754 906 πάλιν
2779 851 2838 906 ἓν
2886 852 3001 914 τοῖς
3059 848 3417 920 Εὑαγγελίοις
3452 847 3523 901 τὰ
3553 847 3772 916 ὅσαπερ

2190 945 2264 1008 ὡς
2302 943 2589 1014 ἄνθρωπος
2620 942 2652 1012 ἢ
2679 941 2945 995 πέπονθεν
2985 941 3017 1012 ἣ
3072 939 3166 994 καὶ
3212 937 3450 1012 εἰρηκὼς
3490 936 3770 1006 φαίνεται,

2190 1031 2303 1092 οἷον
2333 1036 2393 1088 τὸ
2409 1034 2674 1087 ἔκλαύσεν
2697 1033 2729 1104 ἢ
2753 1034 2846 1086 καὶ
2868 1029 3138 1102 ἐλυπήθη,
3165 1031 3259 1084 καὶ
3275 1029 3346 1082 τὰ
3365 1028 3571 1090 τούτοις
3583 1027 3774 1098 ὅμοια,

2194 1131 2254 1183 οῦ
2291 1129 2548 1198 φέρουσιν
2599 1125 2695 1178 ἐπὶ
2728 1124 2826 1195 τὴν
2871 1122 3292 1196 ἀνθρωπότητα,
3327 1119 3440 1174 ἀλλ’
3475 1119 3636 1183 εὐθὺς
3693 1119 3780 1188 τῷ

2194 1222 2354 1292 Λόγῳ
2383 1219 2557 1275 ταῦτα
2589 1218 3020 1288 προσάπτοντες,
3055 1214 3330 1281 ἀπόδειξιν
3374 1212 3650 1268 ποιοῦνται
3678 1211 3780 1264 τοῦ

2200 1314 2274 1384 μὴ
2303 1309 2442 1367 εἶναι
2473 1311 2607 1364 Θεὸν
2629 1309 2720 1366 τὸν
2753 1309 2928 1362 ταῦτα
2955 1307 3264 1362 πεπονθότα
3281 1321 3296 1336 ·
3319 1303 3465 1359 ὥστε
3495 1307 3591 1359 καὶ
3611 1304 3783 1358 αὑτὸν

2201 1400 2653 1474 συναριθμεῖσθαι
2682 1403 2750 1470 τῇ
2790 1399 2988 1464 κτίσει,
3023 1399 3115 1452 τὸν
3131 1398 3336 1466 ταύτης
3368 1395 3498 1450 ὄντα
3521 1397 3784 1464 ποιητήν.

2207 1497 2278 1547 "ll
2307 1467 2490 1550 τοίνύν
2517 1467 2805 1561 ἀπόδοςτῷ
2823 1491 2938 1562 Υίῷ
2956 1490 3016 1544 τὸ
3044 1490 3101 1543 ἓν
3119 1484 3256 1544 εῖναι
3275 1487 3411 1558 πρὸς
3428 1487 3521 1542 τὸν
3538 1467 3786 1556 Πατέρα,

2207 1588 2301 1639 καὶ
2324 1587 2422 1656 οὐχ
2440 1585 2695 1655 εὑρήσεις
2716 1583 2807 1636 τὸν
2847 1583 2904 1636 ὲν
2937 1583 3141 1650 ἰσότητι
3163 1579 3257 1634 τοῦ
3288 1579 3500 1649 Πατρδς
3529 1578 3662 1632 ὄντα
3681 1579 3788 1630 A6-

2209 1695 2304 1748 γον
2343 1677 2466 1732 καθ’
2497 1676 2710 1742 ἑαυτὸν,
2808 1675 2981 1743 Λόγος
3010 1673 3150 1739 ἐστὶ,
3181 1672 3439 1726 κλαίοντα
3463 1670 3792 1743 ἢλυπούμεο

521 1759 680 1850 allici,
733 1790 849 1847 aut,
890 1781 934 1834 si
987 1792 1093 1831 non
1140 1772 1362 1830 creditis
1419 1767 1623 1825 dicenti
1673 1765 1772 1835 ipsi
1829 1763 1970 1833 quod
2031 1759 2102 1815 sit

2216 1788 2323 1832 νον,
2357 1769 2390 1840 ἢ
2417 1769 2568 1840 φόϐῳ
2592 1766 2934 1839 ’βαλλόμενον
2955 1783 2971 1798 ο
3002 1765 3036 1836 ἢ
3067 1765 3116 1817 εί
3147 1765 3223 1836 μὴ
3245 1763 3524 1827 πιστεύεις
3575 1761 3791 1830 λέγοντι

519 1892 686 1934 unum
739 1887 860 1929 cum
907 1869 1087 1932 Patre,
1140 1880 1209 1922 ne
1258 1865 1362 1919 hoc
1400 1861 1619 1932 quidem
1670 1856 1929 1920 credatis,
1964 1867 2100 1908 cum

2216 1837 2388 1933 αὐτῷ,
2415 1837 2609 1929 ὅτιπερ
2625 1837 2832 1913 ’έν-ἑστι
2853 1859 2988 1929 πρὸς
3007 1857 3098 1912 τὸν
3125 1854 3321 1911 ἑαυτοῦ
3368 1855 3612 1925 Πατέρα,
3658 1852 3795 1922 μηδὲ

521 1967 653 2024 dicit
683 1978 742 2020 se
773 1959 978 2018 tristari
1014 1975 1028 2013 :
1063 1965 1226 2026 atque
1261 1954 1334 2008 ita
1378 1948 1674 2006 incredulis
1703 1945 1903 2001 Iudaeis
1927 1941 2099 1998 ascri-

517 2058 746 2122 bemini,
781 2052 919 2110 nihil
947 2048 1170 2106 omnino
1198 2059 1387 2102 eorum
1414 2057 1534 2113 quae
1562 2041 1628 2096 de
1659 2039 1950 2094 Servatore
1975 2033 2102 2089 scri-

500 2162 610 2224 apta
637 2157 784 2218 sunt,
821 2143 1163 2212 recipientes.

1196 2249 1422 2306 ALIUD.

593 2373 796 2432 Paulus
864 2367 1060 2424 alicubi
1114 2363 1249 2418 dicit
1297 2362 1363 2416 de
1413 2357 1548 2413 Filio
1603 2356 1696 2412 Dei
1749 2373 1759 2408 :
1811 2375 1827 2406 ι
1887 2353 1988 2419 Qui
2051 2351 2103 2404 iit

523 2465 698 2524 Forma
727 2462 908 2518 Patris
940 2457 1235 2518 essistens,
1265 2468 1372 2505 non
1402 2451 1644 2519 rapinam
1680 2447 1975 2502 arbitratus
2023 2451 2106 2496 est

527 2576 585 2614 sc
643 2571 763 2610 esse
829 2548 1093 2620 {aqualem
1156 2543 1304 2610 Deo,
1385 2540 1478 2593 sed
1549 2539 1787 2606 seipsmn
1861 2534 2106 2591 exinani-

530 2652 624 2713 ιιι,
682 2645 853 2701 forma
905 2639 1045 2696 servi
1097 2644 1340 2704 accepta,
1383 2641 1438 2685 et
1497 2629 1685 2685 habitu
1738 2628 1992 2683 inventus
2051 2633 2109 2679 ttt

531 2739 780 2796 homo".
813 2755 830 2787 ι
873 2735 1110 2789 Verbum
1145 2729 1332 2796 itaque
1380 2723 1475 2778 Dei
1528 2721 1727 2776 factum
1770 2729 1854 2774 est
1900 2719 2104 2773 homo:

531 2845 705 2902 neque
727 2828 872 2882 enim
907 2822 1134 2876 immisit
1170 2834 1229 2872 se
1265 2817 1318 2870 itt
1345 2813 1641 2876 hominem,
1679 2820 1734 2864 ttt
1775 2811 1826 2862 in
1871 2809 2107 2879 prophe—

535 2901 626 2988 tis,
662 2920 757 2976 sed
791 2929 980 2972 revera
1000 2912 1052 2966 id
1082 2911 1260 2962 lactus
1294 2915 1378 2961 est
1403 2903 1544 2974 quod
1583 2917 1704 2965 nos,
1740 2909 1966 2969 excepto
1997 2901 2110 2954 solo

531 3020 780 3084 peccato.
815 3007 910 3062 Est
945 3002 1107 3073 igitur
1138 3001 1303 3060 Deus,
1341 3006 1606 3064 quatenus
1637 2991 1978 3047 est‘Verbnm
2013 2988 2111 3041 Pa-

534 3105 651 3167 tris,
685 3107 739 3155 et
773 3095 1076 3168 proprietas
1105 3089 1353 3145 essentia;
1394 3087 1545 3156 ejus;
1597 3085 1756 3138 homo
1795 3099 1945 3147 vero,
1981 3097 2112 3150 qua-

2217 1955 2299 2008 δτι
2323 1953 2623 2023 λελύπηται
2669 1950 2886 2020 λέγοντι
2939 1949 3242 2022 πιστεύσῃς
3270 1964 3284 1978 ο
3323 1949 3420 2001 καὶ
3468 1946 3645 2008 οὕτως
3695 1947 3794 2014 ἔσῃ

2223 2047 2360 2117 μετᾶ
2394 2045 2506 2098 τῶν
2536 2043 2787 2097 ἀπίστων
2837 2041 3134 2108 Ἰουδαίων,
3164 2039 3317 2094 οὐδὲν
3343 2038 3478 2103 ὅλως
3505 2037 3618 2092 τῶν
3644 2039 3796 2109 παρά

2209 2139 2320 2195 ’τοῦ
2362 2140 2614 2208 Σωτῆρος
2656 2135 2964 2208 εἰρημένων
2987 2133 3299 2205 δεχόμενος.

2887 2243 3093 2298 ᾹΛΛΟ.

2279 2366 2437 2434 Λέγει
2491 2378 2592 2416 που
2640 2359 2851 2422 Παῦλος
2881 2355 3010 2430 περὶ
3039 2354 3133 2409 τοῦ
3164 2351 3296 2407 Υίοῦ
3325 2350 3419 2406 τοῦ
3441 2349 3620 2406 ’Θεοῦο
3657 2345 3782 2415 ιὋς

2209 2462 2264 2512 ὲν
2293 2459 2472 2529 μορφῇ
2501 2453 2636 2508 Θεοῦ
2667 2453 2949 2521 ὑπάρχων,
2980 2449 3080 2518 οὐχ
3121 2443 3414 2517 ἁρπαγμὸν
3455 2445 3704 2516 ἡγήσατο
3727 2442 3789 2496 τί»

2209 2547 2347 2604 εἶναι
2391 2548 2482 2601 ίσοι
2516 2543 2652 2616 Θεῷ,
2690 2543 2804 2597 ἀλλ’
2832 2539 3024 2594 ἑαυτὸν
3051 2538 3307 2604 ὲκένωσε,
3341 2535 3558 2608 μορφὴν
3602 2533 3794 2588 δούλου

2209 2641 2408 2704 λαϐὼν,
2443 2640 2536 2693 καὶ
2564 2638 2802 2708 σχήματι
2832 2631 3075 2705 εὑρεθεὶς
3100 2631 3175 2694 ὡς
3201 2629 3538 2699 ἄνθρωπος.)
3569 2627 3797 2696 Γέγονεν

2210 2729 2302 2787 οῦν
2326 2731 2608 2802 ἄνθρωπος
2641 2731 2670 2781 6
2695 2726 2786 2781 τοῦ
2820 2723 2954 2779 Θεοῦ
2989 2723 3160 2792 Λόγος
3183 2739 3197 2752 ·
3243 2721 3341 2774 οὐκ
3395 2723 3474 2782 είς
3506 2719 3800 2790 ἄνθρωπον

2209 2817 2395 2892 ἦλθεν,
2429 2817 2617 2886 ὥσπερ
2649 2817 2705 2869 ὲν
2751 2817 2864 2880 τοῖς
2917 2813 3227 2886 προφήταις
3251 2826 3263 2840 ⁰
3300 2809 3414 2863 ἀλλ’
3444 2809 3611 2872 ὅντως
3642 2806 3804 2861 τοῦτο

2213 2907 2433 2976 γέγονεν
2460 2907 2597 2977 ὅπερ
2630 2905 2721 2957 καὶ
2751 2904 2933 2974 ἡμεῖς,
2956 2901 3076 2972 δίχα
3106 2899 3275 2971 μόνης
3305 2897 3804 2977 ἀμαρτίας.Ἐστιν

2213 2975 2303 3053 οῦν
2329 2997 2471 3061 ’Θεὸς
2528 2975 2644 3066 μὲν,
2764 2993 2938 3062 Λόγος
2983 2991 3100 3045 ἐστὶ
3147 2989 3243 3044 τοῦ
3295 2975 3529 3060 Πατρὸς,
3559 2988 3657 3041 καὶ
3707 2989 3806 3059 τῆς

2214 3091 2401 3154 οὐσίας
2457 3086 2620 3142 αὑτοῦ
2671 3085 2731 3140 τδ
2781 3084 2944 3138 ίδιον’
2976 3083 3264 3154 ἄνθρωπος
3307 3079 3384 3145 δὲ,
3421 3079 3556 3134 καθὸ
3609 3079 3806 3147 γέγονε

534 3205 690 3248 tenus
729 3187 904 3242 fat-tus
949 3191 1036 3238 est
1079 3192 1231 3241 caro,
1277 3177 1417 3230 sicut
1455 3172 1715 3240 scriptum
1753 3180 1856 3234 est,
1902 3178 1957 3221 et
2011 3183 2107 3220 no-

2219 3181 2374 3254 σὰρξ,
2429 3179 2503 3243 ὡς
2553 3178 2862 3248 γέγραπται
2890 3217 2904 3241 ,
2953 3173 3049 3227 καὶ
3092 3171 3190 3245 τὴν
3243 3170 3403 3243 ἡμῶν
3450 3169 3812 3241 περιεϐάλετο

533 3297 702 3341 stram
742 3291 959 3336 carnem
991 3270 1306 3338 assumpsit.
1353 3265 1489 3321 Cum
1524 3265 1705 3332 itaque
1733 3261 1818 3316 his
1861 3259 2108 3314 terminis

535 3375 666 3429 lides
688 3373 754 3426 de
798 3367 1092 3422 Servatore
1127 3372 1312 3414 nostro
1363 3355 1580 3410 Christo
1621 3353 1930 3416 deﬁniatur,
1992 3349 2107 3403 dis-

533 3469 826 3518 cernantur
863 3455 1004 3510 dicta
1049 3466 1169 3521 quae
1193 3450 1256 3502 atl
1285 3461 1409 3501 eum
1433 3444 1706 3514 pertinent
1726 3441 2112 3496 convenienter

517 3552 754 3609 rationi.
807 3549 874 3601 Et
917 3558 1040 3600 cum
1079 3541 1277 3595 audis:
1317 3555 1334 3587 ι
1367 3536 1477 3607 Ego
1511 3545 1566 3591 et
1615 3533 1774 3588 Pater
1813 3546 1975 3586 unum
2021 3545 2112 3584 su-

524 3661 677 3708 anus,
711 3661 729 3692 ι
766 3641 831 3694 ad
862 3636 1032 3693 solam
1057 3633 1180 3688 Filii
1217 3642 1268 3687 et
1299 3629 1478 3683 Patris
1511 3627 1849 3680 divinitatem
1880 3622 2110 3693 respice,

521 3745 589 3789 et
632 3735 798 3788 Deum
826 3727 1002 3798 cogita
1031 3723 1231 3778 Filium
1273 3735 1339 3775 ex
1369 3717 1606 3773 essentia
1638 3713 1815 3769 Patris
1847 3715 2108 3782 genitum.

537 3824 638 3880 Ubi
657 3835 796 3875 vero
829 3815 1068 3871 audieris
1097 3827 1220 3868 eum
1265 3809 1496 3872 ﬂevisse,
1534 3814 1588 3860 et
1615 3817 1851 3859 mwrore
1874 3818 1937 3858 ac
1968 3811 2113 3856 metu

537 3913 787 3970 ail'ectunt
814 3907 1011 3970 fuisse,
1063 3915 1261 3975 przeter
1290 3903 1341 3956 id
1369 3901 1517 3970 quod
1551 3897 1716 3952 fuerit
1748 3896 1911 3960 Deus,
1942 3894 2115 3950 bouti-

531 4015 657 4061 ‘nent
713 4016 932 4074 quoque
979 3998 1146 4052 luisse
1190 3991 1484 4062 intelligas,
1535 4000 1589 4048 et
1641 3991 1821 4046 tribue
1867 3989 2118 4043 humanae

537 4108 744 4153 natura:
789 4105 910 4162 qua:
955 4090 1031 4144 illi
1082 4088 1369 4142 debentur.
1413 4084 1547 4138 Cum
1595 4082 1742 4137 enim
1789 4077 2017 4134 mortale
2063 4085 2118 4132 et

535 4187 889 4258 corruptibile
934 4197 1136 4252 corpus
1183 4180 1515 4248 assumpsit,
1568 4184 1624 4230 et
1675 4172 1939 4242 ejusmodi
1984 4168 2119 4226 θεῖο-

535 4277 808 4337 t-tionibus
860 4274 1195 4339 obnoxium,
1249 4268 1564 4327 necessario
1607 4267 1781 4320 etiam
1835 4279 1942 4319 una
1994 4276 2118 4318 cum

537 4385 701 4428 carne
750 4369 867 4438 eius
899 4367 1263 4436 proprietates
1295 4361 1349 4417 et
1377 4358 1665 4431 passiones
1693 4358 1750 4410 in
1786 4371 1845 4410 se
1876 4355 2072 4425 recipit
2101 4369 2113 4408 ε

533 4479 673 4534 quas
711 4476 842 4516 cum
894 4474 1022 4515 caro
1072 4455 1375 4521 sustineat,
1417 4454 1535 4522 ipse
1597 4461 1690 4505 eas
1733 4447 2006 4504 sustinere
2054 4459 2120 4504 ac

2221 3271 2594 3342 σάρκα.”ορον
2629 3262 2722 3320 οῦν
2773 3263 3004 3336 ἐχούσης
3051 3263 3241 3316 τοῦτον
3280 3260 3382 3333 τῆς
3430 3258 3671 3322 πίστεως
3712 3261 3816 3329 τῆς

2219 3383 2284 3419 πε
2298 3365 2349 3437 pi.
2376 3362 2470 3417 τοῦ
2501 3359 2751 3432 Σωτῆρος
2775 3357 2930 3428 ἡμῶν
2963 3352 3222 3426 Χριστοῦ,
3251 3349 3722 3423 διακρινέσθωσαν
3752 3353 3813 3403 αἱ

2219 3457 2349 3529 περὶ
2371 3453 2534 3509 αὑτοῦ
2562 3450 2738 3519 φωναὶ
2762 3447 2902 3501 κατὰ
2932 3447 3022 3499 τὸν
3053 3445 3208 3514 λόγον
3240 3442 3333 3497 τὸν
3360 3441 3664 3513 πρέποντα.
3692 3441 3817 3494 Κᾶν

2221 3542 2457 3613 ἀκούσῃς
2476 3556 2488 3568 ·
2541 3559 2558 3589 ι
2582 3535 2724 3606 Ἐγὼ
2753 3535 2850 3589 καὶ
2882 3537 2910 3588 6
2955 3533 3144 3604 Πατὴρ
3172 3532 3229 3584 ἓν
3261 3532 3450 3600 ἐσμεν,
3477 3545 3499 3582 ι
3548 3529 3684 3600 μίαν
3715 3531 3820 3600 ὅρα

2220 3634 2318 3704 τὴν
2342 3631 2571 3701 θεότητα
2596 3628 2689 3681 τοῦ
2711 3625 2842 3680 Υίοῦ
2868 3627 2959 3679 καὶ
2987 3623 3081 3678 τοῦ
3114 3621 3347 3694 ΙΙατρδς,
3366 3623 3460 3675 καὶ
3482 3619 3618 3674 Θεὸν
3641 3622 3818 3674 ἐννόει

2221 3726 2311 3780 τὸν
2339 3721 2468 3776 Υίδν
2495 3723 2556 3774 ἐκ
2585 3719 2682 3789 τῆς
2715 3717 2903 3780 οὐσίας
2928 3716 3057 3769 ὅντα
3086 3713 3179 3767 τοῦ
3209 3712 3440 3784 Πατρός.
3459 3711 3589 3766 Ἐὰν
3615 3710 3675 3764 δὲ
3707 3713 3810 3765 πᾶ-

2221 3815 2306 3868 λιν
2358 3811 2598 3882 ἀκούσης
2645 3809 2772 3880 περὶ
2819 3806 3008 3871 αὑτοῦ,
3036 3806 3118 3859 ὅτι
3154 3803 3384 3856 ἔκλαυσε
3417 3801 3511 3855 καὶ
3538 3799 3800 3872 ἐλυπήθη,

2222 3908 2316 3962 καὶ
2375 3903 2636 3975 ἐπτοήθη,
2673 3899 2768 3955 καὶ
2817 3899 3106 3970 ἀδημονεῖν
3156 3894 3377 3967 ήρξατο,
3426 3892 3604 3947 ὲννόει
3652 3891 3809 3947 πάλιν

2224 3998 2509 4069 ἄνθρωπον
2535 3993 2663 4046 ὄντα
2701 3989 2840 4061 μετά
2869 3990 2929 4042 τὸ
2961 3983 3100 4041 εἶναι
3147 3985 3300 4050 Θεὸν,
3333 3985 3428 4038 καὶ
3465 3981 3718 4038 ἀνα-τίθει
3750 3985 3816 4054 τῇ

2223 4085 2601 4156 ἀνθρωπότητι
2655 4082 2724 4135 τὰ
2773 4081 2909 4150 αὐτῇ
2963 4075 3401 4149 χρεωστούμενα.
3436 4073 3657 4144 Ἐπειδὴ
3711 4073 3819 4144 γὰρ

2226 4177 2420 4250 θνητὸν
2446 4178 2540 4230 καὶ
2568 4171 2805 4244 φθαρτὸν
2835 4168 3074 4223 ἀπέλαϐε
3105 4167 3284 4238 σῶμα,
3303 4165 3396 4218 καὶ
3416 4165 3531 4227 τοῖς
3551 4161 3820 4222 τοιούτοις

2228 4268 2458 4324 πάθεσιν
2501 4263 2878 4335 ὑποκείμενον,
2912 4258 3224 4328 ἀναγκαίως
3277 4254 3413 4326 μετὰ
3458 4253 3562 4323 τῆς
3617 4251 3821 4325 σαρκὸς

2227 4361 2322 4417 καὶ
2349 4359 2419 4412 τά
2448 4358 2617 4429 αὐτῆς
2650 4353 2986 4408 ίδιοποιεῖται
3014 4349 3164 4420 πόιθη
3193 4346 3286 4401 καὶ
3309 4344 3486 4414 αὐτῆς
3512 4341 3822 4414 ὑπομενούο

2230 4467 2330 4523 σης
2379 4448 2538 4514 αὐτὰ,
2567 4446 2641 4511 ὡς
2691 4443 2850 4506 αὐτὸς
2883 4441 3172 4513 ὑπομένων
3203 4437 3444 4523 λέγεται.
3475 4434 3668 4498 Οὕτως
3713 4434 3825 4505 γάρ

531 4559 683 4613 terre
717 4552 936 4609 dicitur.
983 4549 1060 4606 Ita
1109 4549 1254 4605 enim
1307 4545 1460 4601 illum
1507 4539 1831 4598 cruciﬁxum
1871 4549 1927 4596 et
1979 4553 2107 4594 mor-

2231 4517 2411 4614 φαμεν
2430 4541 2512 4594 ὅτι
2544 4540 2637 4594 καὶ
2667 4526 2987 4607 ὲσπέανρώθη
3015 4531 3111 4586 καὶ
3138 4521 3397 4592 ἀπέθανε,
3427 4527 3588 4580 τοῦτο
3616 4525 3826 4579 παθούο

534 4832 832 4888 obnoxium
857 4843 970 4882 non
1001 4836 1105 4881 est.
1133 4824 1226 4878 Pie
1254 4823 1422 4892 igitur
1453 4827 1616 4888 atque
1645 4815 1950 4872 orthodoxe
1973 4815 2117 4870 dicta

543 4919 1044 4994 interpretabimur,
1089 4913 1362 4972 divinitati
1403 4911 1621 4980 quidem
1668 4903 1970 4964 tribuentes
2002 4921 2123 4974 quae

544 5017 727 5070 divino
756 5027 907 5069 more
940 5011 1083 5064 dicta
1116 5013 1243 5062 sunt
1275 5022 1288 5058 :
1318 5003 1470 5058 carni
1500 5017 1628 5058 vero
1654 5015 1775 5070 qua:
1803 5014 1901 5070 per
1927 4998 2123 5054 insitos

540 5103 700 5160 nobis
752 5098 1028 5157 naturales
1072 5103 1273 5160 motus,
1320 5107 1550 5160 quorum
1588 5105 1750 5146 sensu
1801 5103 1923 5145 cum
1967 5103 2121 5144 mens

543 5196 831 5257 aiiiciatur,
869 5189 1064 5244 tacitus
1097 5185 1456 5255 occultusque
1506 5183 1702 5239 mentis
1740 5197 1997 5238 susurrus
2026 5195 2121 5251 per

543 5285 742 5356 lingua:
770 5277 1157 5348 scaturiginent
1191 5275 1448 5345 erumpit.

963 5386 1122 5458 233
1163 5384 1392 5451 ALIUD,
1427 5386 1706 5440 ttarrativc.

618 5503 850 5558 Verbum
907 5499 997 5556 Dei
1033 5513 1138 5554 non
1187 5490 1347 5551 aliam
1400 5498 1469 5551 ob
1514 5510 1734 5550 causam
1789 5493 1992 5550 factum
2040 5502 2116 5548 est

547 5599 724 5658 homo,
751 5607 908 5662 quant
935 5601 992 5645 ut
1015 5590 1194 5644 omnia
1222 5603 1339 5658 quae
1367 5601 1461 5642 sua
1489 5594 1635 5650 sunt,
1659 5584 1857 5640 nostris
1893 5584 2120 5639 inlirnti-

621 5771 670 5806 ⁸ο
697 5770 926 5841 Philipp.
965 5781 1024 5836 tt,
1052 5768 1105 5832 θ,
1134 5767 1190 5821 7.

2233 4650 2332 4704 σης
2359 4633 2457 4704 τῆς
2487 4624 2712 4704 σαρκὸς,
2743 4632 2843 4684 οὐκ
2876 4629 2982 4699 ἰδίᾳ
3007 4621 3104 4680 καὶ
3130 4623 3251 4679 καθ’
3277 4620 3466 4676 ἑαυτὸν
3489 4617 3586 4672 τοῦ
3617 4618 3824 4687 Λόγοιν

2229 4722 2444 4794 ἀπαθὴς
2491 4723 2599 4792 γάρ
2647 4723 2760 4794 ἐστι
2804 4716 2900 4772 καὶ
2938 4716 3224 4776 ἀθάνατοςε
3261 4709 3472 4764 Οὐκοῦν
3518 4708 3828 4779 ὀρθοδόξως

2228 4793 2572 4883 ὲκληψόμεθα
2609 4808 2675 4862 τὰ
2710 4793 3012 4880 εἰρημένα,
3043 4806 3108 4875 τῇ
3162 4801 3260 4873 μὲν
3309 4799 3524 4868 θεότητι
3562 4793 3829 4868 νέμοντες

2228 4905 2295 4960 τὰ
2326 4901 2624 4975 θεοπρεπῆ.
2660 4899 3009 4961 ἀνατιθέντες
3040 4895 3097 4948 δὲ
3125 4895 3192 4965 τῇ
3223 4891 3389 4962 σαρκί⁹
3431 4890 3503 4944 τὰ
3547 4887 3616 4941 δι’
3649 4887 3828 4958 αὐτὴν

2230 4999 2325 5052 καὶ
2355 4997 2440 5060 ὡς’
2461 4992 2520 5059 ἐξ
2558 4993 2727 5063 αὐτῆς
2763 4991 3032 5062 εἰρημένα
3061 4985 3151 5040 διὰ
3181 4983 3288 5039 τῶν
3313 4984 3370 5037 ὲν
3397 4983 3529 5053 ἡμῖν
3570 4977 3830 5049 φυσικῶν

2231 5088 2548 5159 κινημάτων
2569 5102 2582 5116 ·
2618 5077 2693 5138 ὧν
2717 5087 2746 5138 6
2776 5082 2900 5145 νοῦς
2930 5080 3069 5150 ἔχων
3098 5075 3198 5148 τὴν
3221 5073 3493 5142 αἴσθησιν,
3523 5068 3830 5134 ἀναϐλύζει

2227 5181 2316 5234 διὰ
2362 5179 2608 5248 γλώττης
2656 5176 2723 5229 τὰ
2771 5177 2830 5229 ὲν
2885 5171 3040 5245 βάθει
3087 5169 3225 5224 κατὰ
3257 5167 3318 5220 τὸ
3347 5165 3550 5236 ἀφανὲς
3585 5163 3830 5232 ἀφώνοις

2227 5270 2646 5341 ψιθυριζόμενα.
2786 5289 2792 5295 ·
2927 5300 2956 5306 ν-
3048 5329 3052 5332 η
3583 5293 3590 5299 -
3708 5274 3712 5277 ’

2665 5383 2846 5436 ΛΛΛΟ
2869 5419 2882 5446 ,
2922 5363 3377 5449 διηγηματικῶςε

2301 5497 2527 5566 Γέγονεν
2559 5496 2843 5566 ἄνθρωπος
2887 5495 2915 5547 6
2965 5493 3060 5546 τοῦ
3113 5491 3247 5543 Θεοῦ
3278 5488 3448 5556 Λόγος
3477 5483 3537 5536 οὑ
3567 5482 3657 5536 διά
3698 5499 3824 5534 τινα

2231 5587 2501 5657 πρότασιν
2528 5585 2742 5656 ἑτέραν,
2765 5582 2880 5638 ἀλλ’
2903 5582 2986 5635 ἵνα
3015 5581 3190 5632 πάντα
3213 5578 3278 5630 τὰ
3303 5571 3495 5627 ἑαυτοῦ
3517 5572 3640 5632 ταῖς
3660 5568 3824 5639 ἡμῶν
