4050 6444
257 397 407 457 H93

1357 397 1450 452 DE
1481 390 2002 451 TNCA-RNA'HONE
2033 385 2408 452 'UN‘IGENITI.

3407 392 3433 446 Ι
3446 385 3543 450 ιιι

209 507 218 514 ”
264 513 428 585 μόλις
457 510 704 584 ὑπάρξαι
731 511 1120 582 διακεκλῆσθαι
1153 511 1296 575 τότε,
1324 511 1412 564 ⁵ἰηιε
1446 510 1540 563 καὶ
1571 507 1676 579 τῆς
1706 505 1851 562 κατά

1971 492 2246 563 secundum
2277 519 2498 563 carnem
2525 514 2608 560 est
2637 503 2913 575 adeptum.
2944 503 3171 561 Sunt'et
3201 505 3290 560 alii
3322 509 3412 576 qui
3437 509 3542 563 im-

264 606 456 676 σάρκα
481 606 748 674 γενέσεως
773 603 936 673 ἔλαχε
957 603 1056 674 τὴν
1083 603 1279 674 ἀρχήν.
1302 600 1422 653 Elei.
1441 597 1508 652 δὲ
1527 601 1575 652 οἱ
1600 599 1696 652 καὶ
1721 598 1858 670 πρὸς

263 697 431 750 τοῦτο
466 695 665 766 μανίας
691 693 974 756 δυσσεϐῶς
1009 689 1404 762 ίγμένοι,’ὥστε
1425 687 1516 741 καὶ
1542 687 1857 741 ἀνυπόστα-

258 805 358 842 τον
391 786 486 840 τὸν
517 789 582 840 ἐκ
613 785 751 840 Θεοῦ
783 803 949 854 φασιν
991 781 1131 838 εἶναι
1163 784 1367 852 Λόγον,
1398 783 1549 854 ῥῆμα
1584 782 1640 835 δὲ
1672 780 1858 843 ἁπλῶς

257 878 328 932 τὸ
363 878 511 932 κατά
535 876 704 947 μόνην
731 875 1023 947 νοούμενον
1054 875 1340 947 προφορὰν
1368 877 1426 929 ὲν
1473 873 1748 946 ἀνθρώπῳ
1772 890 1859 941 γε·

262 968 482 1021 νέσθαι.
518 967 841 1038 Μάρκελλος
875 968 932 1022 δὲ
964 962 1110 1024 οὗτοι
1137 970 1232 1022 καὶ
1271 968 1557 1032 Φωτεινός.
1605 969 1766 1021 Δοκεῖ
1799 965 1857 1020 δὲ

267 1060 386 1132 μὴν
411 1060 508 1113 καὶ
535 1059 769 1130 ἑτέροις,
801 1058 1219 1131 ὲνανθρωπῆσαι
1245 1063 1344 1132 μὲν
1361 1060 1590 1133 ἀληθῶς
1623 1061 1715 1114 τὸν
1738 1062 1855 1115 Mo-

262 1151 486 1218 νογενῆ,
525 1149 622 1202 καὶ
656 1150 714 1200 ὲν
741 1150 906 1220 σαρκὶ
929 1151 1180 1218 γενέσθαι
1211 1153 1511 1216 πιστεύειν,
1539 1151 1614 1223 μὴ
1643 1153 1748 1223 μὴν
1774 1151 1856 1206 ἔτι

262 1243 366 1295 καὶ
417 1240 733 1311 ὲψοχῶσθαι
785 1242 1006 1306 τελείως
1057 1243 1155 1314 τὴν
1205 1243 1610 1314 ἀναληφθεῖσαν
1653 1244 1854 1314 σάρκα,

257 1331 415 1402 ψυχῇ
445 1331 639 1402 λογικῇ
663 1333 758 1385 καὶ
772 1330 900 1387 νοῦν
935 1333 1135 1404 ἐχούσῃ
1161 1333 1252 1387 τὸν
1290 1334 1414 1388 καθ’
1438 1337 1609 1406 ἡμᾶς,
1641 1337 1722 1398 εἰς
1743 1334 1856 1388 ἐνό-

258 1439 408 1493 τητα
437 1423 495 1475 δὲ
524 1421 625 1494 τὴν
653 1423 910 1490 εἰσάπαν,
942 1423 1130 1495 ὥσπερ
1161 1418 1254 1478 οὖν
1279 1424 1503 1490 οἴονται,
1549 1426 1860 1495 κατασφίγο

263 1530 462 1580 γοντες
479 1514 572 1566 τόν
602 1531 663 1566 τε
690 1517 753 1568 ὲκ
783 1515 918 1568 Θεοῦ
953 1516 1127 1585 Λόγον
1151 1556 1168 1581 ,
1206 1518 1299 1571 καὶ
1341 1520 1433 1572 τὸν
1463 1520 1527 1571 ὲκ
1564 1519 1664 1587 τῆς
1697 1518 1857 1586 ἁγίας

261 1607 553 1679 Παρθένου
575 1608 724 1675 ναὸν,
755 1610 1084 1679 κατοικῆσαί
1109 1627 1270 1680 φασιν
1293 1613 1349 1665 ἐν
1373 1611 1526 1682 αὐτῷ
1550 1611 1642 1664 τὸν
1661 1611 1853 1680 Λόγον,

261 1699 361 1750 καὶ
393 1699 528 1751 ἴδιον
553 1699 654 1768 μὲν
681 1701 1012 1772 ποιήσασθαι
1055 1702 1217 1774 σῶμα
1243 1703 1303 1756 τὸ
1327 1703 1660 1774 ἀναληφθὲν,
1677 1703 1856 1774 ψυχῆς

257 1790 320 1843 δὲ
348 1790 516 1843 αὐτὸν
545 1792 646 1860 τῆς
674 1791 901 1863 λογικῆς
931 1810 989 1846 τε
1015 1794 1110 1846 καὶ¹
1147 1796 1340 1864 νοερᾶς
1373 1795 1721 1868 ἀναπληροῦν
1765 1795 1855 1847 τὸν

259 1879 452 1934 τόπον.
488 1879 712 1951 Ἐτεροι
752 1881 810 1935 δὲ
842 1877 934 1946 αὖ,
981 1883 1344 1953 πρεσϐεύουσι
1370 1884 1470 1954 μὲν
1496 1887 1616 1948 ταῖς
1647 1884 1854 1940 τούτων

256 1970 444 2036 δόξαις
476 1971 543 2024 τὰ
585 1973 804 2026 ἐναντία
824 2012 838 2034 ,
871 1973 966 2026 καὶ
1003 1974 1384 2046 ἀντιφέρονται
1422 1979 1536 2039 τοῖς
1569 1977 1854 2047 φρονήμα-

262 2082 372 2127 σιν,
409 2063 475 2116 ἐκ
508 2081 570 2117 τε
606 2064 744 2117 Θεοῦ
779 2066 989 2136 Λόγου,
1031 2067 1126 2120 καὶ
1152 2067 1330 2137 ψυχῆς
1367 2068 1467 2137 τῆς
1499 2068 1725 2139 λογικῆς
1763 2071 1858 2122 καὶ

261 2157 544 2227 σώματος,
569 2157 686 2228 ἦτοι
705 2158 919 2222 τελείας
941 2157 1126 2222 ἁπλῶς
1150 2159 1567 2232 ἀνθρωπότητος
1596 2163 1858 2216 συνεστά-

257 2267 353 2302 ναι
382 2267 444 2303 τε
480 2250 574 2303 καὶ
601 2249 1007 2320 ἁναπεπλέχθαι
1032 2250 1496 2322 διαϐεϐαιούμενοι
1523 2254 1613 2306 τὸν
1646 2255 1860 2324 Ἐμμα-

257 2344 452 2413 νουὴλ,
485 2343 547 2396 οὺ
585 2342 692 2413 μὴν
724 2342 804 2395 ἔτι
844 2345 936 2397 καὶ
967 2343 1098 2412 ύγιᾶ
1130 2344 1224 2397 καὶ
1250 2345 1552 2415 ἀμώμητον
1577 2346 1862 2409 παντελῶς

259 2434 366 2504 τὴν
395 2435 486 2486 ἐπ’
509 2433 661 2503 αὐτῴ
687 2435 1025 2505 τετηρήκασι
1071 2435 1252 2501 δόξαν-
1313 2437 1708 2491 Καταδιῖστᾶσι
1750 2438 1860 2509 γὰρ

267 2527 348 2589 εἰς
381 2524 483 2577 δύο
515 2525 608 2578 τὸν
637 2525 733 2577 ἕνα
765 2526 1022 2595 Χριςτόν.
1052 2527 1144 2578 καὶ
1178 2529 1408 2596 παχεῖαν
1446 2527 1638 2599 ὥσπερ
1677 2529 1860 2591 αὐτοῖς

264 2617 510 2680 ἐνιέντες
535 2616 633 2686 τὴν
666 2617 949 2688 διατομὴν,
975 2618 1253 2688 ὰναμέρος
1287 2620 1548 2689 ἑκάτερον
1581 2623 1861 2689 μονονουχὶ

262 2709 536 2764 διεστῶτα
565 2709 1075 2782 παραδεικνύουσιν,
1100 2711 1288 2781 ἕτερον
1312 2713 1412 2783 μὲν
1440 2706 1578 2766 εἶναι
1605 2713 1863 2766 διατεινί-

270 2820 429 2874 μενοι
455 2803 550 2856 τὸν
583 2805 649 2856 ὲκ
683 2802 962 2874 Παρθένου
997 2803 1256 2874 τεχθέντα
1300 2805 1522 2869 τελείως
1553 2806 1862 2878 ἄνθρωπον,

269 2893 465 2964 ἕτερον
492 2892 551 2945 δὲ
573 2887 661 2953 αὖ,
681 2891 772 2944 τὸν
799 2893 862 2944 ὲκ
878 2891 1014 2944 Θεοῦ
1042 2891 1255 2963 Πατρὸς
1278 2893 1469 2962 Λόγον,
1493 2895 1594 2964 οὐχ
1617 2896 1644 2948 ὅ
1669 2895 1721 2947 τί
1744 2898 1866 2950 ποτ’

271 2986 430 3038 ἐστὶν
460 2987 496 3056 ἥ
539 3003 598 3038 τε
627 2983 721 3038 τοῦ
764 2985 938 3054 Λόγου
969 2984 1130 3054 φύσις
1152 2987 1243 3040 καὶ
1285 2989 1385 3058 τῆς
1418 2992 1617 3060 σαρκὸς
1655 2990 1866 3062 διακρί-

275 3093 485 3142 νοντες,
520 3077 641 3130 οὐδὲ
666 3077 862 3146 μόναις
887 3080 1006 3140 ταῖς
1031 3079 1113 3140 είς
1136 3079 1294 3132 τοῦτο
1325 3081 1611 3152 διαφοραῖς
1641 3083 1867 3151 ἐμφιλο-

1959 600 2044 670 ple
2089 600 2140 654 in
2173 615 2294 656 eam
2327 599 2608 654 insaniam
2658 609 3044 668 proruperunt,
3091 608 3149 652 ut
3193 599 3429 654 Verbum
3472 615 3545 657 ex

1959 693 2118 748 Patre
2161 692 2501 762 lrypostatice
2551 691 2848 746 subsistere
2899 699 3121 762 negent,
3173 693 3269 747 sed
3319 693 3547 747 verbum

1957 783 2279 852 simpliciter
2309 784 2396 838 ita
2437 792 2498 837 ut
2525 783 2816 851 profertur
2847 783 3184 838 intellectum
3222 783 3278 838 in
3325 784 3551 839 homine

1947 873 2074 930 tueri
2105 875 2453 930 contendant.
2482 874 2547 930 Hi
2573 884 2700 930 sunt
2724 874 3387 930 Marcelluset‘l‘ltotinns.
3406 873 3552 929 Aliis

1950 979 2088 1020 vero
2138 965 2390 1030 videtur,
2427 965 2785 1036 Mnigenitmn
2833 964 3050 1034 quidem
3088 977 3222 1019 vere
3261 963 3547 1018 hominem

1950 1057 2161 1110 {actum
2194 1063 2249 1111 et
2282 1057 2622 1111 incarnatum
2657 1069 2780 1110 esse
2806 1071 2822 1110 :
2845 1065 3112 1110 caeterum
3143 1069 3371 1109 carnem
3401 1053 3548 1108 illam

1945 1162 2120 1217 quam
2143 1148 2434 1217 assumpsit
2465 1162 2568 1202 non
2593 1146 2832 1216 perfecte
2857 1147 3150 1200 animatam
3167 1144 3346 1199 inisse
3367 1146 3549 1199 anima

1957 1241 2210 1296 rationali
2239 1251 2402 1310 atque
2421 1240 2767 1294 intellectum
2807 1239 3062 1303 habente,
3095 1248 3158 1292 ut
3190 1249 3374 1292 nostra
3419 1247 3505 1291 est
3533 1254 3547 1289 :

1957 1330 2052 1385 sed
2065 1331 2128 1384 in
2157 1332 2422 1385 unitatem
2441 1330 2732 1398 quamdam
2756 1326 3239 1391 absolutissimam,
3256 1326 3550 1395 utquidem

1959 1424 2318 1490 arbitrantur,
2362 1425 2803 1494 constringentes
2832 1421 3068 1476 Verbum
3106 1421 3218 1485 Dei,
3265 1430 3318 1475 et
3352 1426 3552 1473 sancta:

1962 1516 2199 1587 Virginis
2231 1517 2511 1588 templum,
2544 1517 2821 1571 habitasse
2847 1515 3065 1584 quidem
3102 1514 3153 1566 in
3192 1526 3258 1568 eo
3285 1510 3549 1572 Verbum,

1959 1619 2014 1664 et
2043 1609 2416 1680 corpusquod
2464 1608 2759 1678 assumpsit
2811 1605 3088 1677 proprium
3137 1603 3242 1658 sibi
3298 1602 3492 1657 fecisse
3536 1619 3549 1652 :

1961 1701 2142 1754 anima
2175 1710 2355 1755 autem
2386 1699 2639 1754 rationali
2667 1709 2832 1768 atque
2864 1695 3215 1751 iutellectuali
3249 1694 3424 1748 locmu
3457 1694 3557 1746 im-

1960 1793 2153 1864 plesse.
2178 1793 2280 1847 Alii
2307 1808 2498 1848 rursus
2525 1793 2626 1846 alia
2647 1793 2839 1847 horum
2862 1789 3210 1858 opinionibus
3237 1787 3394 1856 plane
3421 1800 3554 1839 con-

1963 1889 2128 1941 traria
2149 1896 2415 1951 statuunt,
2443 1887 2698 1940 nimirum
2727 1900 2794 1939 ex
2829 1882 2920 1938 Dei
2961 1882 3155 1944 Verbo,
3187 1889 3350 1948 atque
3375 1879 3555 1933 anima

1960 1979 2213 2034 rationali
2253 1989 2308 2032 et
2357 1993 2605 2048 corpore,
2652 1978 2766 2032 sive
2823 1991 2887 2031 ex
2938 1975 3174 2045 perfecta
3229 1971 3558 2040 siut-pliciter

1963 2073 2302 2127 hut-uanitate
2349 2073 2704 2128 constitutum
2738 2084 2802 2123 ac
2832 2068 3192 2137 compositum
3229 2067 3556 2120 Emmanue-

1961 2170 2066 2225 lem
2103 2175 2391 2222 censentes
2431 2183 2446 2221 :
2483 2180 2589 2220 non
2637 2174 2819 2219 tamen
2865 2163 2917 2216 in
2949 2162 3262 2214 universum
3299 2157 3416 2226 ejus
3441 2155 3556 2226 glo-

1961 2259 2100 2314 riam
2125 2267 2292 2326 atque
2314 2257 2577 2312 honorem
2604 2255 2870 2324 integrum
2901 2252 3235 2318 illacsmuque
3257 2261 3554 2304 conserva-

1963 2358 2110 2403 runt.
2139 2347 2320 2404 Unum
2345 2347 2490 2402 enim
2515 2346 2788 2401 Christum
2817 2345 2868 2398 in
2897 2344 3002 2397 duo
3033 2342 3298 2404 dividunt,
3321 2349 3376 2392 et
3402 2352 3558 2392 cras-

1965 2455 2083 2497 sam
2119 2440 2523 2510 quodammodo
2560 2438 2857 2493 sectionem
2891 2435 3308 2495 constituentes,
3337 2431 3393 2485 in
3424 2429 3559 2482 duas

1967 2534 2120 2603 quasi
2160 2541 2344 2600 partes
2389 2532 2706 2586 distinctum
2751 2529 3065 2590 ostendunt,
3124 2527 3286 2578 alium
3337 2521 3557 2591 quidem

1966 2642 2090 2682 esse
2121 2628 2456 2680 aﬂirmantcs
2493 2640 2616 2677 eum
2645 2625 2735 2692 qui
2765 2639 2827 2674 ex
2867 2621 3084 2691 Virgine
3119 2628 3279 2672 natus
3313 2626 3396 2672 est
3434 2631 3558 2686 per—

1971 2724 2111 2778 fecte
2143 2723 2323 2786 homo,
2355 2721 2516 2772 alium
2553 2733 2619 2771 ex
2653 2719 2762 2771 Dee
2797 2717 2954 2769 Patre
2991 2712 3252 2776 Verbum,
3291 2725 3400 2764 non
3439 2723 3564 2777 qua:

1969 2813 2040 2866 sit
2075 2809 2234 2865 Verbi
2267 2821 2462 2863 natura
2490 2816 2544 2862 ct
2575 2808 2757 2862 carnis
2781 2806 3195 2874 distinguentes,
3227 2799 3562 2870 ncque'solis

1971 2905 2164 2958 horum
2208 2900 2532 2956 diifercutiis
2557 2901 2837 2954 adhaerere
2867 2898 3114 2952 volentes
3144 2894 3318 2967 680
3351 2894 3566 2964 (neque

1971 2993 2116 3046 enim
2159 2992 2211 3043 iu
2253 2992 2354 3045 hoc
2396 3007 2423 3043 a
2465 3000 2610 3043 recta
2644 2989 2912 3043 sententia
2954 2988 3259 3052 aberrant),
3286 2985 3380 3039 sed
3420 2971 3566 3037 hunc

1973 3087 2190 3155 quidem
2244 3092 2300 3137 ut
2345 3084 2620 3137 hominem
2680 3082 3093 3143 constituentes,
3142 3079 3286 3133 hunc
3327 3091 3454 3131 vero
3507 3087 3569 3130 ut

278 3171 452 3242 χωρεῖ
476 3169 774 3233 ἐθέλοντες·
809 3170 871 3222 ού
906 3169 1014 3239 γὰρ
1044 3170 1110 3223 ἂν
1136 3171 1342 3234 ἐννοίας
1383 3173 1482 3241 τῆς
1517 3173 1749 3243 ἀληθοῦς
1791 3177 1867 3236 εἰς

1979 3177 2143 3230 Deum
2182 3175 2504 3230 naturaliter
2533 3191 2597 3229 ac
2624 3189 2748 3228 vere
2782 3173 2976 3228 Filium
3008 3172 3310 3225 nominant.
3346 3171 3411 3224 Et
3441 3170 3564 3238 qui-

276 3263 443 3315 τοῦτο
466 3261 788 3332 διήμαρτον,
813 3263 935 3313 ἐπεὶ
959 3262 1032 3331 μὴ
1061 3261 1220 3330 φύσις
1243 3263 1276 3332 ὴ
1304 3263 1442 3332 αὑτὴ
1469 3266 1670 3333 σαρκός
1696 3282 1755 3317 τε
1777 3269 1871 3317 καὶ

277 3354 445 3417 Θεοῦ,
478 3353 616 3406 ἀλλὰ
640 3353 732 3405 τὸν
775 3354 874 3420 μὲν
905 3353 982 3416 ὠς
1022 3352 1332 3426 ἄνθρωπον,
1369 3355 1477 3427 ἰδία
1503 3356 1742 3419 τιθέντες
1779 3359 1874 3411 καὶ

281 3446 586 3517 ἀναμέρος,
615 3447 706 3496 τὸν
733 3445 808 3510 δὲ,
841 3446 919 3508 ὡς
945 3445 1097 3505 Θεὸν,
1128 3445 1288 3514 φύσει
1309 3463 1367 3498 τε
1392 3449 1486 3500 καὶ
1513 3447 1726 3517 ἀληθῶς
1748 3450 1874 3504 Υἱδν

277 3538 635 3608 ὀνομάζουσι.
666 3537 858 3592 Καίτοι
889 3538 1134 3592 θέλονται
1169 3535 1308 3592 εἶναι
1331 3540 1668 3613 Χριστιανοὶ,
1698 3543 1792 3595 καὶ
1811 3543 1874 3615 δὴ

281 3633 383 3688 καὶ
413 3633 623 3701 λογίδια
646 3635 780 3687 ἄττα
818 3634 946 3702 περὶ
978 3632 1168 3685 τούτου
1212 3636 1622 3704 συγγράφοντες
1648 3677 1662 3698 ,
1702 3637 1876 3690 εἰπεῖν

279 3727 691 3798 τετολμήκασιν
719 3728 911 3788 αὐταῖς
949 3726 1180 3792 λέξεσιιν
1231 3727 1288 3780 ’0
1316 3728 1414 3797 μὲν
1436 3727 1544 3798 γὰρ
1580 3727 1737 3796 φύσει
1781 3731 1876 3783 καὶ

281 3821 508 3892 ἀληθῶς
544 3822 671 3884 Υἱὸς
703 3823 730 3872 ὁ
771 3823 833 3872 ἐκ
856 3819 992 3874 Θεοῦ
1019 3821 1234 3890 Πατρδς
1267 3821 1438 3888 Λόγος
1481 3823 1651 3876 ἐστίν.
1711 3823 1770 3875 Ὀ
1797 3823 1873 3886 δὲ,

279 3911 599 3981 ὁμωνύμως
618 3910 694 3978 τῷ
720 3909 852 3979 mp.
885 3909 1032 3971 Υἱός.
1070 3911 1178 3962 Καὶ
1211 3908 1327 3978 μεθ’
1351 3909 1516 3980 ἕτερα
1565 3909 1758 3960 πάλιν·
1801 3910 1875 3962 Oti

284 4001 431 4071 σὰρξ
458 4003 490 4054 ὸ
512 4001 608 4054 τοῦ
635 3999 774 4052 Θεοῦ
816 4000 1009 4068 Λόγος,
1044 3999 1180 4052 ἀλλὰ
1213 3999 1498 4070 ἄνθρωπον
1549 4000 1873 4070 ἀνειληφώς.

295 4094 358 4147 ὐ
394 4093 494 4161 μὲν
514 4091 626 4162 γὰρ
661 4089 968 4159 Μονογενὴς
1002 4090 1430 4160 προηγουμένως
1475 4090 1569 4142 καὶ
1600 4090 1721 4143 καθ’
1748 4092 1878 4142 ἐαυ-

282 4186 378 4238 τδν
404 4183 529 4246 Υἱὸς
555 4182 674 4235 τοῦ·
697 4181 835 4234 Θεοῦ
878 4183 1016 4244 ἐστι,
1047 4180 1139 4233 τοῦ
1185 4181 1405 4233 πάντων
1433 4180 1789 4252 δημιουργοῦ,
1820 4181 1880 4234 ὃν

281 4277 342 4330 δὲ
368 4274 634 4330 ἀνέλαϐεν
657 4274 963 4344 ἄνθρωπον,
996 4272 1057 4324 οῦ
1113 4272 1272 4340 φύσει
1309 4272 1514 4341 Κύριος
1537 4273 1634 4334 ὣν,
1677 4273 1766 4326 διὰ
1789 4273 1880 4325 τὸν

285 4367 630 4420 ἀναλαϐόντα
652 4364 815 4417 αὑτὸν
842 4362 1058 4432 ἀληθῶς
1080 4362 1216 4414 Θεοῦ
1234 4362 1382 4425 Υίὸν,
1406 4361 1712 4431 ὁμωνύμως
1732 4361 1881 4430 αὐτῷ

291 4457 643 4531 χρηματίζει.
675 4456 748 4508 Τό
785 4456 885 4526 μὲν
919 4455 1048 4525 γὰρ,
1092 4474 1109 4506 ι
1148 4455 1342 4516 Οὐδεὶς
1371 4454 1510 4522 ἔγνω
1534 4454 1624 4506 τὸν
1655 4454 1803 4516 Υίὸν,
1832 4455 1880 4506 εἰ

1976 3270 2096 3322 dem
2133 3267 2428 3322 Christiani
2465 3267 2570 3320 dici
2629 3266 2839 3327 volunt,
2886 3273 2941 3318 et
3001 3263 3262 3332 opuscula
3310 3259 3564 3314 nonnulla

1975 3360 2078 3414 hac
2105 3362 2170 3415 de
2201 3375 2256 3414 re
2282 3359 2718 3420 conscribcntes,
2764 3359 2837 3410 ita
2891 3357 3072 3410 verbis
3104 3352 3236 3423 ipsis
3271 3351 3414 3421 loqoi
3446 3351 3566 3404 ausi

1976 3462 2102 3507 sunt
2131 3471 2144 3505 :
2178 3452 2275 3506 llic
2305 3452 2451 3505 enim
2493 3450 2818 3504 naturaliter
2847 3463 2910 3502 ac
2943 3460 3072 3502 vere
3118 3444 3288 3499 Filius
3333 3443 3566 3497 Verbum

1976 3560 2042 3601 ex
2095 3545 2202 3600 Deo
2237 3545 2395 3598 Patre
2438 3554 2543 3596 est.
2591 3542 2687 3595 l-lie
2731 3556 2884 3603 vero,
2919 3541 3198 3608 :ttquivocc
3232 3551 3355 3592 cum
3410 3533 3565 3597 Filio,

1978 3639 2173 3692 Filius.
2208 3638 2273 3692 Et
2309 3637 2472 3706 paulo
2505 3648 2626 3703 post
2651 3651 2866 3688 rursum
2897 3653 2908 3687 :
2950 3631 3184 3686 Verbum
3217 3630 3311 3684 Dei
3340 3645 3446 3684 non
3487 3638 3571 3684 est

1978 3746 2127 3796 caro,
2157 3733 2250 3784 sed
2283 3731 2556 3785 hominem
2585 3729 2902 3796 assumpsit.
2944 3724 3042 3780 llic
3074 3725 3219 3779 enim
3251 3722 3572 3791 Unigeuitus

1981 3824 2374 3894 principaliter,
2409 3837 2472 3877 ac
2494 3837 2589 3892 per
2621 3837 2680 3877 se
2701 3820 2869 3875 Filius
2903 3818 2994 3874 Dei
3020 3827 3129 3883 est,
3152 3816 3393 3870 omnium
3415 3827 3571 3867 crea-

1983 3916 2137 3980 toris,
2176 3930 2336 3984 quem
2381 3929 2514 3970 vero
2559 3914 2854 3982 assumpsit
2888 3911 3182 3972 hominem,
3221 3923 3324 3960 non
3378 3913 3571 3958 natura

1981 4005 2123 4061 Deus
2163 4007 2451 4069 exsistens,
2489 4015 2710 4076 propter
2755 4020 2876 4070 eum
2915 4004 3008 4071 qui
3053 4002 3226 4071 ipsum
3274 3997 3572 4066 assumpsit

1981 4112 2108 4152 vere
2135 4097 2228 4151 Dei
2260 4096 2477 4160 Filium,
2508 4097 2698 4151 eadem
2727 4111 2784 4149 se
2807 4109 2929 4149 cum
2961 4109 3028 4149 eo
3061 4089 3425 4161 appellatione
3467 4103 3568 4141 no-

1980 4188 2172 4240 minat.
2202 4185 2336 4241 lllud
2373 4187 2515 4241 enim
2558 4203 2573 4241 :
2620 4203 2640 4236 ‹
2675 4184 2842 4239 Nemo
2874 4185 3023 4239 novit
3065 4181 3287 4246 Filium,
3330 4180 3432 4234 nisi
3464 4178 3570 4232 Pa~

1985 4288 2066 4332 ter
2088 4279 2130 4344 ',
2161 4297 2180 4329 ι
2219 4279 2522 4334 naturalem
2556 4295 2619 4335 ac
2653 4295 2839 4334 verum
2870 4294 2934 4334 ex
2977 4276 3141 4331 Patre
3180 4275 3376 4331 Filiqu
3402 4275 3571 4344 signi-

1985 4369 2128 4426 ﬁcat.
2163 4370 2295 4425 illud
2326 4386 2456 4426 vero
2497 4387 2527 4424 a
2571 4371 2825 4426 Gabriele
2879 4369 3083 4425 dictum
3127 4387 3139 4422 :
3196 4386 3214 4418 ι
3250 4365 3325 4420 Ne
3357 4366 3571 4430 timeas,

1986 4462 2175 4522 Maria.
2221 4463 2472 4517 invenisti
2497 4465 2643 4518 enim
2668 4467 2901 4534 gratiam
2933 4463 3077 4532 apud
3113 4461 3302 4524 Deum,
3337 4466 3393 4512 et
3421 4471 3572 4518 ecce,

292 4550 370 4622 μὴ
401 4554 429 4603 ὁ
473 4547 681 4620 Πατὴρ,
727 4568 744 4598 ι
803 4547 895 4600 τὸν
953 4547 1112 4616 φύσει
1145 4564 1206 4598 τε
1247 4548 1340 4599 καὶ
1376 4546 1605 4617 ἀληθείᾳ
1636 4546 1786 4617 δηλοῖ
1815 4547 1867 4598 ἐν

1985 4555 2260 4622 concipies
2295 4556 2346 4607 in
2379 4565 2557 4619 utero,
2590 4566 2646 4610 et
2679 4555 2899 4610 vocabis
2918 4569 3110 4610 nomen
3153 4551 3272 4623 ejus
3313 4548 3518 4609 Jesum,
3549 4566 3570 4597 ρ

285 4643 386 4695 τοῦ
417 4640 635 4711 Πατρδς
678 4640 825 4694 Υίόν.
876 4638 949 4691 Τὸ
975 4639 1033 4690 δέ.
1077 4655 1140 4706 γε
1168 4638 1461 4707 λεγόμενον
1498 4638 1601 4690 ὑπὸ
1649 4638 1742 4690 τοῦ
1775 4638 1813 4689 Γ
1815 4656 1878 4690 α-

287 4733 474 4805 ϐριὴλ,
521 4751 540 4784 ι
575 4733 664 4804 Μὴ
694 4731 884 4802 φοϐοῦ,
921 4732 1176 4803 Μαριάμ·
1208 4727 1366 4802 εὗρες
1396 4731 1504 4802 γὰρ
1535 4731 1696 4801 χάριν
1729 4732 1880 4802 παρὰ

286 4826 371 4896 τῷ
402 4824 543 4893 Θεῷ,
581 4825 674 4877 καὶ
708 4825 818 4876 ἰδοὺ
851 4823 1096 4892 συλλήψῃ
1126 4825 1182 4875 ὲν
1218 4823 1438 4892 γαστρὶ,
1469 4823 1564 4874 καὶ
1590 4821 1722 4894 τέξῃ
1743 4823 1879 4886 υἱὸν,

288 4921 391 4973 καὶ
425 4917 678 4981 καλέσεις
712 4916 771 4970 τὸ
797 4915 966 4985 ὄνομα
991 4914 1155 4968 αὑτοῦ
1191 4913 1417 4982 Ἰησοῦν,
1447 4935 1464 4964 ι
1496 4913 1574 4983 τῷ
1609 4914 1882 4984 ἀνθρώπῳ

289 5009 622 5082 ἐφαρμόζει.
675 5008 837 5062 Ἀλλά
888 5007 1047 5062 ταυτὶ
1111 5007 1208 5077 μὲν
1263 5007 1479 5059 ἐκεῖνοι.
1533 5007 1880 5078 Φρονήσομεν

287 5107 348 5159 δὲ
379 5106 544 5175 ἡμεῖς
565 5103 663 5172 οὐχ
685 5095 789 5154 ὧδέ
812 5101 998 5154 ποθεν.
1025 5099 1336 5152 ’Λναπείσει
1363 5099 1470 5170 γὰρ
1495 5099 1746 5169 οὐδαμῶς
1771 5101 1882 5152 τῶν

292 5194 624 5265 ἑτεροδόξων
646 5197 674 5246 ὁ
713 5195 885 5257 Λόγος
906 5235 920 5258 ,
956 5191 1178 5263 τροχιὰν
1207 5191 1448 5258 ἀφέντας
1483 5193 1580 5259 τὴν
1612 5193 1698 5243 ἐπ’
1729 5191 1880 5254 εὐθὺ,

1991 4648 2193 4700 homini
2243 4649 2561 4702 convenit“.
2616 4645 2722 4702 Sed
2767 4650 2879 4702 haec
2909 4647 3124 4717 quidem
3160 4645 3258 4698 illi.
3303 4641 3410 4695 Nos
3446 4653 3576 4694 vero

1989 4753 2259 4806 mmquam
2299 4740 2370 4793 ita
2414 4740 2732 4794 sentiemus.
2779 4737 2968 4806 Neque
2997 4738 3143 4793 enim
3193 4734 3573 4790 luereticorum

1988 4845 2166 4886 sermo
2199 4846 2434 4900 unquam
2485 4831 2638 4886 nobis
2687 4832 3039 4902 persuaserit,
3085 4837 3140 4881 ut
3185 4828 3384 4881 omissa
3428 4833 3575 4876 recta

1990 4921 2099 4986 via,
2129 4922 2181 4975 in
2209 4923 2370 4976 aliam
2398 4924 2862 4993 transgrediamnr
2887 4937 2949 4975 ac
2979 4923 3313 4975 divertaums
3335 4930 3455 4984 qure
3479 4930 3578 4968 nos

1990 5027 2019 5066 ει
2056 5015 2282 5068 veritate
2331 5016 2585 5070 abducat.
2631 5015 2710 5069 Tu
2758 5029 2914 5075 vero,
2965 5012 3174 5082 explica
3222 5008 3380 5063 nobis
3429 5016 3576 5060 tuam

1991 5108 2341 5171 sententiam,
2382 5109 2537 5162 avide
2578 5109 2723 5162 enim
2755 5115 3012 5175 exsnecto
3054 5103 3264 5164 audire,
3300 5099 3581 5168 ipsamqne

1995 5197 2071 5251 rei
2113 5199 2397 5253 veritatem
2433 5212 2777 5269 cognoscere.

292 5286 625 5355 διαστείχειν
684 5283 897 5354 ἑτέραν.
965 5283 1126 5336 Ἀλλὰ
1168 5281 1394 5353 πέραινε
1423 5282 1483 5334 τὸ
1534 5283 1747 5349 δοκοῦν,
1790 5284 1885 5336 καὶ
1927 5288 2101 5358 πειρῶ
2138 5308 2228 5359 μοι
2299 5291 2498 5361 λέγειν,
2568 5292 2643 5354 ὡς
2685 5291 2823 5344 dictv
2869 5290 3089 5360 ἕτοιμος
3139 5285 3272 5354 ἐγὼ,
3323 5283 3419 5336 καὶ
3454 5281 3582 5333 ἀνα·

298 5377 498 5450 μαθεῖν
521 5380 606 5430 ὅτι
631 5375 866 5446 μάλιστα
897 5373 958 5426 τό
981 5375 1290 5446 ἁκιϐδήλως
1314 5374 1453 5444 ἔχον.

375 5497 440 5549 Λ.
474 5497 561 5558 Ὠς
589 5494 728 5566 βαρὺ
753 5492 814 5545 τὸ
839 5493 1047 5564 χρῆμα,
1079 5492 1174 5546 καὶ
1201 5492 1648 5564 δυσδιακόμιστον
1691 5511 1888 5548 παντε-

297 5589 409 5650 λῶς
439 5587 500 5639 τὸ
541 5587 782 5656 φορτίον.
809 5586 879 5638 Ἢ
911 5587 1010 5637 οὐκ
1040 5581 1214 5650 οἶσθα,
1259 5580 1305 5639 ὦ
1336 5585 1591 5656 φιλότης,
1624 5587 1699 5650 ὡς
1727 5587 1886 5660 εἴπερ

297 5699 389 5746 τις
410 5680 586 5734 ἕλοιτο
632 5679 842 5749 μακρὸν
1013 5677 1230 5747 ἑκάστῳ
1273 5678 1541 5732 ποιεῖσθαι
1583 5677 1759 5748 λόγον,
1795 5681 1891 5732 καὶ

380 5835 404 5866 ⁵
433 5833 622 5886 Matth.
656 5829 850 5895 x527.
929 5831 949 5860 θ
981 5829 1108 5884 Luc.
1136 5847 1176 5895 ι,
1209 5833 1298 5887 50.

626 5924 898 5984 ΡΑΤιιοι..
946 5925 1056 5985 Gn.
1107 5925 1335 5988 LXXV.

2070 5497 2136 5550 A.
2162 5499 2206 5551 υ
2238 5514 2347 5550 rem
2375 5498 2496 5551 dilli.
2519 5499 2664 5563 ilem,
2691 5509 2851 5568 atque
2889 5511 3025 5549 (mus
3061 5493 3464 5561 gravissimum.
3503 5489 3582 5539 Au

1997 5589 2140 5641 enim
2180 5594 2419 5657 ignoras,
2457 5591 2652 5656 amice,
2689 5591 2732 5644 si
2763 5590 2884 5657 quis
2915 5588 2980 5642 tle
3011 5584 3239 5654 singulis
3270 5583 3420 5636 hisce
3464 5578 3582 5632 let:-

2002 5696 2122 5751 3am
2157 5683 2480 5746 orationem,
2521 5691 2942 5748 accuratamquc
2983 5675 3460 5743 investigationem
3498 5669 3585 5723 iu-

3110 5917 3184 5979 38
