4050 6408
352 301 498 357 “S7

1448 300 1538 355 DE
1578 300 1731 357 INCA
1743 298 2088 357 RNATIONE
2135 292 2510 357 UN-lGENlTl.

3485 301 3622 356 “93

349 418 470 490 ρος,
505 420 537 490 ἡ
583 417 668 472 τοῦ
712 420 919 490 κόσμου
966 419 1210 490 σωτηρία
1253 417 1352 472 καί
1381 419 1532 490 ζωὴ,
1563 420 1656 472 καὶ
1716 419 1931 473 διόλωλε

2046 417 2248 485 pridem
2267 424 2350 470 cst
2365 431 2462 486 pro
2486 415 2660 480 nobis,
2679 431 2849 483 neque
2869 415 3168 469 resurrexit
3186 415 3452 474 Christus.
3468 419 3620 484 Quod

349 511 640 574 παντελῶς
684 514 716 580 ἡ
755 513 862 564 τῶν
891 514 946 563 ὲν
979 513 1158 565 πίστει
1209 511 1624 582 κεκοιμημένων
1660 511 1833 574 ἐλπίς.
1864 509 1936 565 Εὖ

348 602 462 674 γὰρ
498 597 597 656 ὧδε
627 604 768 674 ἔχειν
803 605 978 656 ἐδόκει
1009 605 1103 658 καὶ
1133 604 1210 673 τῷ
1245 604 1498 676 μακαρίῳ
1538 604 1757 674 Παύλῳ,
1793 620 1934 675 παρ-

345 695 533 747 έδωκα
558 695 666 766 γὰρ
689 696 838 764 ὑμῖν,
864 702 1048 765 φησιν,
1072 696 1129 747 ἐν
1156 695 1413 766 πρώτοις,
1435 695 1462 747 ὃ
1486 694 1580 748 καὶ
1607 688 1935 765 παρέλαϐον,

349 788 439 840 ὅτι
472 786 708 859 Χριστὸς
754 787 1024 840 ἀπέθανεν
1074 783 1216 857 ὑπὲρ
1263 783 1370 840 τῶν
1421 785 1704 856 ἁμαρτιῶν
1756 784 1944 855 ἡμῶν,

348 881 498 933 κατὰ
525 880 623 943 τὰς
650 879 894 949 Ρραφὰς,
927 879 1022 931 καὶ
1049 878 1130 930 ὅτι
1167 873 1365 948 ἐτᾶςρη,
1399 874 1494 930 καὶ
1525 875 1606 929 ὅτι
1640 873 1937 947 ἐγήγερται

346 975 417 1042 τῇ
453 971 633 1041 ἡμέρᾳ
661 973 725 1040 τῇ
765 971 944 1042 τρίτῃ,
988 968 1129 1022 κατὰ
1166 968 1262 1030 τὰς
1286 963 1528 1037 Γραφὰς,
1560 968 1652 1020 καὶ
1677 967 1758 1020 ὅτι
1781 965 1933 1038 ὤφθη

350 1065 542 1134 Κηφᾷ,
579 1058 697 1115 εἶτα
716 1065 828 1125 τοῖς
853 1060 1081 1123 δώδεκα,
1122 1059 1310 1112 ἔπειτα
1341 1055 1496 1129 ὤφθη
1526 1059 1708 1111 ἐπάνω
1737 1070 1931 1111 πεντα·

349 1154 560 1216 κοσίοις
599 1150 852 1222 ἀδελφοῖς
886 1150 1122 1220 sesima,
1149 1151 1206 1214 ἐξ
1235 1144 1306 1202 ὧν
1334 1152 1381 1202 οἱ
1407 1149 1647 1211 πλείονες
1685 1148 1934 1218 μένουσιν

347 1244 460 1306 ἕως
492 1243 636 1312 ἄρτι,
670 1242 812 1302 τινὲς
847 1239 903 1294 δὲ
945 1243 1036 1295 καὶ
1064 1237 1458 1311 ὲκοιμῆθησαν.
1507 1237 1736 1293 Ἔπειτα
1778 1239 1932 1310 (ii-gon

365 1333 629 1403 Ἰακώϐῳ.
664 1333 855 1385 ἔπειτα
893 1335 1004 1395 τοῖς
1031 1332 1349 1395 ἀποστόλοις
1398 1333 1584 1396 πᾶσιν,
1627 1331 1852 1402 ἔσχατον
1879 1327 1934 1384 δὲ

348 1425 592 1484 πάντων,
617 1423 859 1494 ὡσπερεί
880 1441 955 1492 τῳ
977 1419 1308 1493 ἐκτρώματι,
1330 1423 1513 1492 φησιν,
1535 1421 1688 1492 ὤφθη
1708 1421 1893 1493 κάμοί.
1909 1442 1927 1474 ι

350 1517 464 1566 Καὶ
499 1514 615 1582 μεθ’
639 1514 801 1584 ἕτερα
843 1515 1027 1566 πάλινο
1064 1532 1080 1562 ι
1124 1513 1266 1565 Εἱδέ
1301 1513 1531 1583 Χριστος
1572 1515 1930 1584 κηρύσσεται,

346 1607 434 1658 ὅτι
466 1607 530 1657 ἐκ
568 1602 778 1674 νεκρῶν
813 1601 1130 1672 ἐγήγερται,
1173 1602 1291 1665 πῶς
1331 1599 1580 1671 λέγουσιν
1611 1605 1668 1655 ἐν
1699 1603 1828 1672 ὑμῖν
1855 1618 1934 1656 τι·

346 1712 467 1756 νες,
499 1694 580 1745 ὅτι
607 1693 900 1756 ἀνάστασις
934 1691 1144 1762 νεκρῶν
1176 1692 1272 1745 οὐκ
1301 1691 1477 1758 ﬁctis);
1513 1695 1560 1745 εἰ
1598 1690 1654 1744 δὲ
1685 1693 1934 1744 ἀνάστα-

349 1803 437 1846 σις
469 1786 680 1855 νεκρῶν
708 1784 1003 1855 οὐκέστιν,
1035 1783 1154 1835 ούδέ
1185 1781 1418 1854 Χριστὸς
1447 1785 1758 1855 ἐγήγερται.
1790 1785 1851 1836 Εἰ
1877 1779 1934 1836 δὲ
1966 1772 2004 1823 Β

348 1875 585 1946 Χριστὸς
608 1875 706 1926 οὐκ
738 1851 1054 1942 ἐγῖγερται,
1076 1873 1232 1926 κενὸν
1255 1873 1362 1944 ἄρα
1382 1873 1440 1924 τὸ
1469 1875 1730 1942 κήρυγμα
1752 1871 1930 1940 ἡμῶν,

351 1969 488 2039 κενὴ
530 1967 624 2020 καὶ
655 1969 686 2038 ἡ
711 1967 891 2028 πίστις
916 1963 1093 2036 ἡμῶν.
1129 1965 1513 2036 Εύρισκόμεθα
1533 1964 1590 2017 δὲ
1625 1965 1720 2018 καὶ
1745 1963 1935 2032 ψευδο·

352 2059 633 2130 μάρτυρες
671 2057 765 2109 τοῦ
797 2056 953 2115 Θεοῦ,
997 2057 1079 2108 ὅτι
1110 2057 1300 2125 ἤγειρε
1350 2053 1440 2106 τον
1463 2052 1715 2124 Χριστὸν,
1747 2053 1804 2106 ὃν
1836 2054 1937 2106 οὐκ

351 2148 598 2218 ἤγειρεν,
630 2147 788 2216 εἴπερ
811 2146 916 2215 ἄρα
947 2145 1131 2216 νεκροὶ
1161 2146 1259 2197 οὐκ
1294 2145 1621 2214 ἐγείρονται.
1659 2162 1678 2194 ›
1702 2143 1936 2214 Τεθναίη

348 2240 464 2308 γὰρ
501 2239 584 2301 ἂν,
618 2238 737 2291 εἱπέ
777 2255 887 2308 μοι,
923 2237 1046 2290 τίνα
1091 2237 1154 2305 δὴ
1190 2237 1391 2308 τρόπον
1425 2237 1648 2307 haud:
1682 2235 1804 2298 Πῶς
1846 2231 1938 2288 οὖν

347 2330 623 2401 ἀνέστησε
649 2331 741 2382 τὸν
778 2329 1014 2401 Χριστὸν
1047 2331 1075 2380 ὁ
1111 2329 1300 2400 Πατὴρ
1321 2367 1334 2387 ,
1386 2328 1545 2380 σκιὰν
1569 2327 1697 2380 ὄντα
1729 2329 1824 2380 καὶ
1855 2327 1938 2380 δό-

347 2437 536 2489 κησιν,
574 2420 670 2472 καὶ
706 2422 818 2483 τοῖς
837 2418 931 2472 τοῦ
970 2419 1198 2472 θανάτου
1235 2421 1453 2489 δεσμοῖς
1487 2421 1584 2489 οὐχ
1624 2419 1934 2490 ἁλώσιμονς

345 2514 602 2584 Οὶχέσθω
633 2515 694 2586 δὴ
727 2510 819 2567 οὖν
851 2514 878 2565 ὁ
917 2514 1140 2565 ἐκείνων
1166 2513 1389 2582 ἔμετος,
1435 2512 1603 2582 μῦθον
1641 2513 1697 2566 δὲ
1735 2513 1936 2579 ἄλλως,

347 2609 447 2660 καὶ
481 2607 697 2659 ἀνοσίου
750 2605 946 2677 βουλῆς
996 2604 1434 2675 ἀποερὰσματα,
1488 2604 1555 2656 τὰ
1593 2605 1721 2674 παρ’
1756 2605 1940 2668 αὐτοῖς

347 2700 641 2770 ἡγώμεθα.
676 2700 815 2762 Τοὺς
861 2700 966 2769 γὰρ
999 2696 1272 2760 τοιούτους
1315 2698 1440 2766 ἡμῖν
1487 2695 1938 2768 προκαταμηνύει

347 2792 584 2861 γράφων
624 2791 717 2842 τοῦ
745 2789 1046 2859 Σωτῆριςό
1078 2787 1346 2858 μαθητὴς,
1391 2787 1472 2840 ὅτι
1518 2806 1536 2839 ι
1586 2787 1775 2840 Πολλοὶ
1811 2786 1941 2857 ψευ-

349 2883 692 2952 δοπροφῆται
727 2881 1111 2950 ἐξεληλύθασιν
1147 2882 1226 2943 εἰς
1249 2880 1341 2932 τὸν
1384 2879 1608 2950 κόσμον.
1654 2881 1744 2932 Ἐν
1766 2879 1942 2950 τούτῳ

351 2973 690 3042 γινώσκεται
712 2973 772 3026 τὸ
807 2971 1032 3041 Πνεῦμα
1059 2972 1152 3024 τοῦ
1172 2973 1328 3025 Θεοῦ.
1360 2973 1473 3026 Πᾶν
1507 2973 1731 3043 Πνεῦμα
1756 2973 1785 3028 ὃ
1809 2975 1941 3044 ὁμοη

349 3068 504 3135 λογεῖ
551 3064 760 3136 Ἰησοῦν
807 3063 1041 3134 Χριστὸν
1070 3064 1128 3116 ἐν
1171 3065 1336 3136 σαρκὶ
1377 3065 1703 3136 ἐληλυθότα,
1738 3066 1804 3119 ὲκ
1842 3064 1939 3118 τοῦ

351 3157 494 3209 θεοῦ
522 3158 658 3208 ἐστι.
700 3175 717 3206 ι
757 3156 866 3207 Καὶ
894 3153 1047 3206 τοῦτό
1095 3155 1210 3206 ἐστι
1244 3155 1303 3206 τὸ
1329 3154 1424 3207 τοῦ
1484 3155 1874 3224 ’Λντιχρίστου,
1911 3153 1939 3207 ὃ

349 3251 634 3320 ἀκηκόατε
665 3249 746 3301 ὅτι
780 3247 999 3318 ἔρχεται
1023 3291 1036 3311 ,
1077 3249 1168 3300 καὶ
1195 3247 1288 3299 νῦν
1333 3247 1390 3300 ὲν
1424 3246 1502 3318 τῷ
1557 3247 1746 3318 κόσμῳ
1792 3247 1941 3299 ἐστὶν

351 3343 481 3415 ἤδη.
507 3343 569 3394 Εἰ
599 3342 707 3412 γὰρ
736 3341 810 3412 μὴ
849 3341 1070 3410 γέγονεν
1095 3339 1189 3392 ἄνθ
1202 3357 1403 3410 ρωπος,
1443 3341 1581 3411 μήτε
1616 3340 1722 3410 μὴν
1745 3338 1940 3392 ἀναϐέ-

355 3435 528 3504 ϐηκεν
561 3435 616 3484 ἐν
648 3433 812 3503 σαρκὶ
859 3433 996 3504 πρὸς
1036 3433 1127 3484 τὸν
1159 3435 1214 3484 ἐν
1265 3436 1375 3496 τοῖς
1425 3432 1673 3502 οὐρανοῖς
1719 3431 1940 3502 Πατέρα

355 3523 456 3573 καὶ
489 3521 642 3585 Θεὸν,
695 3521 805 3573 οὐδ’
860 3520 926 3574 ἂν
973 3520 1368 3592 ὑποστρέψειεν
1429 3521 1488 3584 ἐξ
1523 3519 1755 3591 ούρανοῦ
1817 3518 1940 3572 καθ’

357 3616 530 3683 ἡμᾶς,
554 3614 837 3684 ἄνθρωπος
868 3612 1112 3682 δηλονότι
1146 3613 1239 3665 καὶ
1271 3615 1328 3668 ἐν
1363 3613 1551 3685 σαρκί.
1576 3614 1645 3666 ’Ἡ
1661 3613 1763 3666 ούκ
1778 3613 1942 3682 ἀτρε-

357 3707 431 3775 κῆ
474 3722 554 3757 σοι
587 3707 764 3774 φάναι.
779 3705 956 3769 δοκιῗ›;

2038 516 2184 562 certe
2217 509 2261 562 si
2295 517 2352 560 ιιι
2383 522 2567 561 verum
2597 507 2936 571 admittatur,
2957 507 3114 575 periit
3139 507 3516 570 lidcs.suhlata
3539 525 3624 565 est

2038 616 2194 664 crux,
2213 599 2394 652 mundi
2421 597 2564 652 salus
2587 614 2650 652 ac
2668 601 2776 652 vita
2798 619 2811 665 ;
2832 598 3056 670 atquein
3073 601 3382 655 universum
3417 605 3623 656 interiit

2035 706 2222 744 eorum
2261 692 2348 759 qui
2387 691 2439 743 in
2481 691 2583 745 ﬁde
2613 689 3183 761 obdormiermitspes.
3212 692 3288 746 lla
3325 695 3468 748 enim
3500 711 3621 749 sese

2043 798 2151 835 rem
2175 782 2574 847 habere,etiam
2599 782 2758 838 beate
2783 781 2949 839 Paulo
2986 783 3159 838 visum
3193 793 3276 839 est
3308 803 3323 840 :
3353 804 3373 836 ‹
3400 784 3618 840 Tradidi

2038 874 2201 939 enim,
2231 873 2424 942 inquit,
2468 875 2620 928 vobis
2657 875 2707 928 in
2755 875 2944 944 primis
2977 879 3119 942 quod
3151 885 3206 931 et
3234 878 3439 947 accepi,
3490 894 3623 946 quo-

2039 965 2179 1018 niam
2210 963 2458 1020 Christus
2483 974 2723 1021 mortuus
2743 978 2938 1038 estpro
2964 971 3128 1041 632
3155 971 3392 1039 peccatis
3423 973 3623 1025 nostris

2038 1056 2333 1108 secundum
2352 1054 2665 1122 Scripturas
2694 1077 2704 1111 :
2741 1067 2792 1112 et
2825 1062 2964 1127 quod
2994 1063 3237 1129 sepultus
3265 1072 3368 1128 est,
3399 1072 3450 1117 et
3478 1065 3620 1130 quod

2039 1146 2332 1198 resurrein
2355 1145 2513 1200 tertia
2533 1146 2616 1199 die
2639 1150 2934 1202 secundum
2961 1147 3289 1221 Scripturas.
3312 1162 3362 1206 et
3390 1154 3530 1221 quod
3549 1153 3622 1205 vi-

2035 1251 2128 1290 sus
2153 1248 2231 1291 est
2252 1235 2466 1308 Ccpbm,
2494 1255 2556 1294 ac
2583 1250 2764 1308 postea
2795 1243 3096 1298 duodecim.
3131 1245 3330 1300 Deinde
3363 1245 3508 1300 tisus
3541 1261 3621 1301 εει

2036 1327 2152 1397 plus
2170 1344 2329 1400 quam
2353 1331 2662 1401 quingentis
2687 1331 2942 1389 fratribus
2963 1336 3120 1390 simul
3139 1352 3231 1402 ,ει
3253 1338 3446 1406 quibus
3469 1339 3619 1392 multi

2037 1430 2256 1473 manent
2302 1436 2470 1491 usque
2523 1425 2718 1489 adhuc,
2769 1426 2986 1494 quidam
3035 1438 3212 1482 autem
3260 1429 3613 1484 dormierunt.

2041 1509 2240 1565 Deinde
2288 1513 2434 1567 visus
2457 1523 2541 1568 est
2567 1511 2794 1581 Jacoho,
2827 1517 3021 1573 deinde
3053 1520 3314 1589 apostolis
3335 1524 3619 1588 omnibus,

2036 1603 2330 1659 novissime
2358 1614 2537 1658 autem
2563 1609 2804 1660 omnium
2836 1617 3089 1678 tanquam
3122 1613 3392 1675 abortivo,
3427 1612 3621 1682 inquit.

2037 1693 2181 1748 visus
2198 1705 2280 1748 εει
2301 1703 2354 1749 et
2372 1697 2499 1750 mihi
2517 1696 2610 1750 η.»
2633 1695 2695 1751 Et
2714 1700 2870 1768 paulo
2890 1713 3034 1768 post:
3057 1721 3076 1753 ι
3102 1701 3156 1756 Si
3177 1715 3353 1758 autem
3374 1703 3624 1760 Christus

2037 1786 2378 1852 prmdicatnr,
2397 1789 2536 1860 quod
2557 1794 2852 1846 resurrexit
2874 1809 2901 1846 a
2927 1797 3155 1850 mortuis
3176 1838 3190 1862 ,
3217 1797 3486 1865 quomodo
3509 1801 3596 1867 qui
3619 1833 3622 1835 »

2036 1877 2158 1930 dam
2185 1877 2368 1934 dicunt
2397 1880 2448 1934 in
2480 1880 2631 1937 vobis
2656 1885 2909 1952 quoniam
2938 1889 3264 1942 resurrectio
3289 1899 3624 1942 mortuorum

2039 1981 2142 2018 non
2179 1967 2297 2022 est?
2339 1969 2392 2023 Si
2424 1980 2600 2026 autem
2653 1976 2983 2030 resurrectio
3013 1987 3348 2033 mortuorum
3383 1997 3488 2034 non
3517 1996 3622 2040 est.

2039 2071 2213 2125 neque
2234 2057 2480 2114 Christus
2501 2062 2808 2117 resurrexit.
2836 2060 2890 2117 Si
2920 2073 3098 2119 autem
3129 2066 3376 2122 Christus
3403 2088 3506 2122 non
3544 2088 3628 2123 rte--

2039 2147 2299 2206 Surrexit.
2331 2149 2508 2206 inanis
2539 2162 2627 2217 cst
2661 2168 2791 2222 ergo
2838 2154 3149 2224 praedicatio
3192 2166 3397 2222 nostra,
3447 2160 3625 2214 inanis

2039 2247 2121 2290 est
2161 2248 2216 2292 et
2260 2241 2390 2292 lidcs
2419 2251 2637 2310 nostra;
2679 2244 2983 2299 invenimur
3011 2258 3188 2300 autem
3223 2259 3274 2302 et
3310 2248 3426 2303 falsi
3459 2261 3626 2307 tcStcs

2042 2327 2160 2394 Dei,
2189 2333 2444 2399 quoniam
2483 2335 2848 2388 testimonium
2875 2337 3111 2393 diximus
3143 2343 3404 2397 adversus
3437 2341 3623 2406 Deum,

2043 2423 2183 2488 quod
2215 2423 2559 2478 sust-itaverit
2594 2426 2892 2485 Christum.
2921 2443 3078 2498 quem
3115 2447 3217 2485 non
3243 2435 3550 2500 suscitavit,
3580 2439 3623 2490 si

2043 2511 2239 2564 mortui
2271 2528 2374 2563 non
2411 2525 2697 2583 resurgunt
2724 2516 2788 2569 ¹³.
2822 2535 2840 2568 ι
2870 2515 3114 2582 Quonam
3145 2522 3288 2576 enim
3321 2532 3498 2592 pacto,
3524 2526 3622 2579 oh-

2042 2617 2223 2667 secro,
2256 2605 2523 2658 moriatur
2560 2606 2799 2661 umbra?
2833 2611 3110 2674 Quomodo
3159 2614 3320 2682 igitur
3345 2615 3628 2670 suscitavit

2042 2693 2315 2748 Christum
2357 2695 2537 2762 Pater,
2569 2713 2690 2752 cum
2737 2700 2925 2754 umbra
2971 2713 3176 2755 tantum
3222 2715 3275 2758 ει
3306 2705 3625 2777 imaginaria

2045 2785 2288 2854 qumdam
2326 2791 2637 2860 apparentia
2668 2803 2837 2857 esset,
2878 2804 2933 2849 et
2979 2797 3171 2850 mortis
3198 2798 3427 2853 vinculis
3454 2799 3629 2854 obno-

2045 2878 2170 2933 xius
2216 2894 2322 2933 non
2354 2881 2537 2949 esset?
2582 2881 2776 2937 Procul
2819 2885 2981 2956 igitur
3014 2887 3244 2942 facessat
3284 2889 3496 2943 illorum
3534 2908 3629 2942 vo-

2047 2971 2220 3030 tnitio.
2268 2972 2395 3041 quin
2431 2974 2608 3042 potius
2661 2974 2894 3028 fabulam
2939 2975 3198 3048 impiian
3229 2979 3392 3034 animi
3435 2980 3624 3036 ehnlli-

2050 3063 2220 3114 tiones
2255 3064 2648 3118 existimemus.
2687 3065 2959 3135 Ejusmodi
2992 3069 3133 3122 enim
3163 3070 3318 3124 nobis
3347 3081 3502 3126 antea
3537 3075 3630 3127 dc-

2046 3153 2269 3220 scripsit
2319 3151 2624 3207 Servatoris
2669 3156 2836 3208 nostri
2879 3157 3175 3227 discipulus
3224 3177 3236 3212 :
3280 3179 3298 3211 ι
3332 3158 3506 3228 Multi,
3546 3163 3630 3216 in—

2049 3244 2260 3312 quiens,
2312 3246 2795 3315 pseudoprophctm
2845 3249 3096 3303 exierunt
3144 3253 3194 3303 in
3235 3256 3517 3312 mundum.
3574 3257 3627 3308 In

2048 3340 2149 3389 hoc
2195 3337 2545 3405 cotgnoscitnr
2591 3337 2828 3407 Spiritus
2880 3341 2991 3396 Dei.
3045 3342 3232 3398 Omnis
3269 3347 3492 3412 spiritus
3537 3353 3627 3417 qui

2047 3431 2336 3484 conlitetnr
2361 3429 2544 3484 Jesum
2574 3431 2848 3486 Christum
2889 3435 2940 3488 itt
2968 3452 3132 3492 carne
3163 3439 3399 3503 venisse,
3426 3457 3490 3494 ex
3524 3443 3631 3494 Dm

2047 3531 2153 3575 est.
2205 3539 2222 3570 ›
2263 3521 2325 3573 [Ct
2367 3522 2546 3575 omnis
2589 3523 2810 3592 spiritus
2841 3528 2930 3594 qui
2968 3544 3071 3580 non
3101 3533 3389 3585 conlitctnr
3416 3529 3628 3598 Jesum,

2049 3627 2113 3665 ex
2150 3611 2256 3666 Deo
2281 3628 2383 3665 non
2413 3622 2514 3667 est.
2549 3615 2726 3684 Atque
2753 3616 2855 3670 hoc
2892 3628 2967 3672 est
3008 3619 3072 3672 de
3101 3623 3464 3684 Antm-hristo.
3489 3630 3630 3694 quod

2052 3702 2304 3770 audistis,
2339 3704 2594 3772 quoniam
2651 3705 2848 3768 veniet,
2887 3719 2938 3760 et
2974 3726 3115 3764 nunc
3159 3712 3270 3780 jam
3327 3714 3377 3766 in
3437 3720 3634 3767 mundo

357 3816 443 3856 est
481 3803 544 3854 ”.
583 3821 600 3852 ι
638 3802 692 3854 Si
723 3804 865 3860 enim
896 3803 1054 3854 homo
1087 3801 1263 3856 fartus
1294 3817 1399 3856 non
1447 3811 1551 3869 est,
1601 3815 1772 3870 neque
1840 3799 2082 3855 ascendit
2113 3799 2162 3851 in
2233 3816 2396 3853 carne
2433 3800 2482 3852 in
2529 3800 2695 3855 (-mlos
2737 3803 2799 3854 ad
2856 3798 3068 3858 Patrem
3115 3821 3176 3860 ac
3230 3808 3418 3871 Deum,
3458 3827 3635 3881 neque

359 3902 543 3954 redire.
578 3901 764 3967 poterit
801 3915 864 3952 ex
895 3902 1033 3953 ειεΙυ
1063 3901 1218 3954 nobis
1245 3899 1455 3963 similis,
1490 3900 1650 3954 homo
1678 3897 1959 3964 nimirum,
1996 3906 2048 3950 et
2081 3897 2132 3947 iu
2163 3911 2346 3947 carne.
2383 3894 2537 3950 Anne
2568 3897 2660 3948 tibi
2705 3911 2824 3950 vera
2867 3898 3045 3950 dicere
3081 3900 3305 3953 videor?

434 3999 497 4051 Β.
532 3997 640 4050 Καὶ
671 3996 836 4062 μάλα.

432 4091 501 4142 Α.
531 4090 605 4141 Τὸ
632 4089 688 4141 δὲ
711 4088 774 4158 δὴ
798 4088 889 4140 καὶ
920 4087 1137 4158 ἐτέρους
1169 4085 1374 4138 οἴεσθαί
1406 4102 1464 4137 τε
1500 4084 1593 4137 καὶ
1616 4084 1832 4154 φρονεῖν
1886 4080 1946 4144 ἐξ

359 4180 678 4249 ἀμετρήτου
709 4178 955 4240 νωθείας,
985 4176 1196 4244 γένεσιν
1233 4174 1330 4244 μὲν
1377 4173 1676 4243 ἀνῄνασθαι
1714 4172 1813 4243 τὴν
1858 4171 1948 4223 διὰ

361 4271 462 4340 τῆς
500 4270 662 4337 ἁγίας
699 4268 974 4339 Παρθένου
999 4309 1013 4332 ,
1045 4267 1135 4320 τὸν
1162 4268 1227 4319 ἐκ
1249 4265 1383 4318 Θεοῦ
1422 4265 1593 4334 φύντα
1629 4265 1818 4331 Λόγον,
1854 4263 1947 4315 καὶ

2121 3986 2180 4042 Β,
2223 3988 2473 4042 Omnino.

2123 4079 2187 4131 Α.
2231 4077 2378 4142 Quod
2407 4092 2530 4130 vero
2555 4078 2643 4130 alii
2675 4094 2738 4132 ex
2767 4079 3027 4136 immensa
3060 4084 3291 4152 quadam
3317 4087 3633 4156 stupiditatn

2055 4169 2287 4222 Verbum
2324 4184 2386 4223 cx
2441 4163 2548 4221 Deo
2591 4171 2828 4238 genitum
2881 4175 3026 4228 nasci
3074 4192 3137 4228 ex
3189 4189 3373 4234 sancta
3415 4179 3634 4250 Virgine.

2056 4261 2311 4320 noluisse,
2343 4270 2396 4313 et
2431 4270 2674 4315 naturam
2706 4253 2944 4317 uestram
2993 4267 3284 4334 respuisse,
3331 4272 3424 4323 sed
3455 4273 3634 4340 potius

363 4365 528 4433 φύσιν
564 4361 831 4431 ἀτιμάσαι
881 4362 980 4431 τὴν
1028 4359 1150 4412 καθ’
1193 4360 1361 4430 ἡμᾶς,
1399 4355 1846 4430 παρατετράιρθαι
1893 4354 1942 4407 δὲ

2055 4362 2318 4404 mutatum
2356 4353 2528 4421 ipsum
2562 4353 2615 4407 in
2658 4369 2873 4408 carnem
2926 4364 3198 4410 terrenam
3249 4364 3628 4417 contendunt:

367 4456 569 4526 μᾶλλον
603 4455 768 4506 αὑτὸν
803 4455 882 4515 εἰς
907 4452 1002 4523 τὴν
1035 4451 1142 4505 ἀπὸ
1162 4451 1265 4520 γῆς
1292 4450 1490 4520 σάρκα,
1521 4447 1948 4520 δυσφημούντιυν

363 4548 486 4600 ἐστὶ
508 4549 606 4616 τὴν
633 4545 966 4614 οἰκονομίαν,
994 4545 1086 4596 καὶ
1106 4547 1216 4596 τοῖς
1241 4543 1404 4606 θείοις
1436 4544 1749 4612 σκέμμασιν
1772 4545 1949 4595 ἐπιτι-

368 4641 478 4709 μᾷν
507 4638 817 4709 ᾑρημένων.
862 4638 919 4690 Ὀ
950 4637 1048 4706 μὲν
1071 4636 1178 4706 γὰρ
1202 4637 1308 4689 τῶν
1332 4635 1468 4689 ὅλων
1491 4635 1839 4706 δημιουργὸς,
1855 4634 1951 4687 καὶ

367 4729 539 4792 πολὺς
566 4729 644 4790 εἰς
680 4727 828 4779 ἔλεον
857 4727 951 4780 τοῦ
974 4727 1109 4780 Θεοῦ
1149 4727 1352 4796 Λόγος,
1398 4726 1702 4778 κεκένωκεν
1739 4724 1951 4789 ἑαυτὸν,

368 4822 438 4875 δι’
472 4823 620 4890 ἡμᾶς
657 4821 948 4890 γενόμενος
995 4804 1302 4890 ἄνθρωπός,
1336 4818 1627 4887 γενόμενος
1665 4818 1729 4869 ἐκ
1767 4832 1956 4887 γυναι-

369 4913 488 4974 κὸς,
516 4913 580 4964 ἵν’
613 4912 850 4981 ἐπείπερ
883 4909 1118 4976 αἵματος
1150 4910 1245 4962 καὶ
1271 4908 1471 4980 σαρκὸς
1501 4906 1865 4977 κεκοινώνηκε
1887 4906 1956 4960 τὰ

371 5003 582 5067 παιδία,
621 5001 898 5054 τουτέστιν
961 5001 1120 5069 ἡμεῖς
1146 5039 1160 5062 ,
1206 4999 1299 5049 καὶ
1341 4997 1502 5060 αὐτὸς
1559 4994 1957 5066 παραπλησίως

375 5096 624 5165 μετάσχῃ
639 5093 748 5145 τῶν
766 5092 954 5156 ὄντων,
978 5112 994 5142 ι
1009 5091 1126 5143 Ἵνα
1147 5088 1234 5141 διὰ
1254 5088 1348 5140 τοῦ
1373 5088 1604 5141 θανάτου
1629 5087 1955 5158 καταργήσῃ

370 5188 463 5238 τὸν
498 5185 557 5237 τὸ
593 5185 790 5254 κράτος
823 5182 1015 5252 ἔχοντα
1043 5179 1138 5234 τοῦ
1168 5179 1421 5240 θανάτου,
1446 5178 1694 5232 τουτέστι
1727 5177 1817 5230 τὸν
1839 5175 1955 5230 διὰ-

373 5276 550 5338 6ολον,
586 5275 679 5328 καὶ
711 5274 996 5344 ἀπαλλάξῃ
1016 5273 1258 5337 τούτους,
1286 5273 1399 5325 ὅσοι
1434 5271 1584 5341 φόϐῳ
1616 5269 1847 5323 θανάτου
1869 5267 1957 5321 διὰ

377 5367 580 5430 παντὸς
608 5367 702 5418 τοῦ
745 5363 844 5435 ζῇν
868 5403 883 5429 ,
925 5366 1101 5436 ἔνοχοι
1137 5360 1278 5434 ἦσαν
1316 5361 1578 5425 δουλείας.
1606 5380 1624 5411 ι
1676 5354 1804 5412 Ὧδε
1847 5358 1957 5428 γὰρ

375 5459 480 5527 ἔφη
511 5457 570 5510 τὸ
619 5456 858 5526 Γρὰμμα
890 5455 950 5507 τὸ
983 5454 1145 5526 ἱερόν.
1191 5456 1250 5508 Οἱ
1280 5453 1336 5507 δὲ
1368 5453 1465 5523 τῆς
1492 5452 1635 5505 οὕτω
1667 5447 1955 5519 παγκάλης

451 5654 495 5686 "
525 5656 539 5708 l
564 5655 687 5708 Cor.
718 5669 804 5714 XV,
828 5653 938 5710 3-8.

383 5724 627 5782 18llehm
659 5743 691 5790 I,
725 5725 806 5787 Η,
851 5726 934 5779 15.

1018 5655 1061 5685 ¹³
1087 5656 1214 5710 iltid.
1249 5653 1434 5708 12—1-3.

1517 5646 1561 5682 ”
1590 5648 1604 5703 l
1632 5647 1784 5700 Joan.
1828 5659 1899 5707 tv,
1929 5643 2040 5697 1-5.

2059 4441 2109 4494 iu
2165 4440 2590 4494 incarnationem
2656 4439 2750 4496 Dei
2805 4433 3294 4510 hlaspltema'ntium
3345 4447 3634 4517 divinaque.

2058 4530 2283 4585 consilia
2317 4531 2740 4601 improbantimn
2767 4545 2867 4589 est.
2903 4537 3124 4591 Creator
3154 4536 3294 4589 enim
3326 4537 3488 4590 totius
3517 4539 3636 4591 nni-

2060 4623 2222 4682 vcrsi.
2258 4631 2310 4676 et
2343 4621 2549 4692 largum
2583 4622 2635 4677 in
2681 4623 3104 4681 misericordiam
3152 4629 3240 4683 Dei
3276 4628 3504 4682 Verbum
3539 4647 3636 4684 cx-

2059 4711 2288 4764 innnivit
2317 4711 2576 4778 scipsum,
2610 4709 2808 4765 factum
2832 4730 2930 4782 pro
2958 4717 3110 4771 nobis
3142 4719 3300 4772 homo
3331 4719 3392 4777 “’.
3425 4731 3640 4773 natum-

2056 4820 2160 4875 que
2189 4820 2219 4859 ε
2261 4805 2484 4860 muliere
2509 4805 2574 4870 “,
2607 4815 2664 4858 ut
2695 4810 3152 4876 quemadmodum
3191 4814 3468 4882 Sanguinis
3509 4831 3636 4883 par-

2059 4895 2249 4965 ticipes
2277 4896 2384 4950 sint
2421 4898 2568 4966 pueri
2597 4895 2660 4963 ⁸⁷,
2696 4897 2798 4952 hoc
2832 4911 2917 4954 est
2957 4916 3075 4965 nos,
3104 4903 3174 4955 ita
3200 4905 3361 4958 etiam
3389 4906 3640 4960 similiter

2059 4988 2173 5059 ipse
2209 5005 2395 5044 eorum
2425 4987 2696 5062 particeps
2733 5002 2910 5048 esset:
2939 4992 3104 5064 683
3140 5013 3158 5045 ι
3190 4994 3259 5050 Ut
3293 5011 3387 5065 per
3411 5010 3636 5053 mortem

2060 5082 2364 5136 destrueret
2399 5099 2519 5136 cum
2556 5084 2647 5152 qui
2695 5085 2925 5139 habehat
2966 5087 3155 5140 mortis
3191 5087 3500 5156 imperium,
3538 5090 3642 5145 hoc

2061 5181 2140 5225 est
2197 5171 2508 5238 diabolum;
2557 5180 2612 5226 et
2660 5172 2852 5228 liberet
2912 5189 3004 5228 eos
3065 5175 3155 5244 qui
3212 5176 3405 5230 timore
3451 5178 3642 5230 mortis

2063 5279 2157 5332 per
2185 5274 2350 5317 totam
2381 5264 2542 5318 vitam
2584 5264 2800 5318 obnoxii
2833 5275 2988 5318 erant
3025 5267 3292 5320 servituti.
3329 5286 3348 5318 ι
3389 5267 3463 5322 lla
3496 5269 3640 5322 enim

2063 5357 2139 5408 ait
2166 5370 2321 5409 sacra
2369 5355 2645 5423 Scriptura
2695 5355 2760 5408 ’⁸.
2808 5356 2868 5407 lli
2906 5372 3034 5409 vero
3063 5357 3325 5425 optimum
3369 5359 3470 5414 hoc
3503 5375 3642 5427 prau-

2064 5446 2569 5513 Stantissitnumque
2597 5444 2685 5498 Dei
2723 5445 3026 5510 consilium,
3059 5457 3315 5516 tauquam
3341 5464 3529 5517 parum
3552 5451 3646 5505 du-

2120 5642 2162 5674 ”
2188 5643 2416 5714 Philipp.
2454 5660 2511 5708 tt,
2546 5643 2595 5699 7.

2676 5644 2719 5675 ¹⁶⁸
2745 5643 2918 5698 Calai.
2955 5659 3027 5709 Iv,
3053 5645 3106 5699 4.
3188 5647 3227 5679 ⁸⁷
3263 5645 3424 5701 Hebr.
3462 5661 3524 5711 11,
3563 5647 3646 5706 Η.
