4050 6416
391 324 533 385 H39

1376 317 1436 375 8.
1476 317 1749 377 οῑῐιιιιι
1789 318 2253 377 ΔιεχΑΝοκιΝι
2293 319 2610 380 ARCHIEP.

3514 327 3651 384 1200

395 462 522 502 core
558 443 871 500 institutum
893 439 1174 507 damnant,
1208 447 1260 496 et
1294 439 1516 510 perinde
1545 456 1607 495 ac
1642 440 1687 497 si
1718 441 1818 513 ipsi
1863 456 1975 497 me-

2081 444 2173 497 καὶ
2202 442 2430 516 ἀρίστης
2473 442 2670 514 βουλῆς
2693 444 2776 496 ’.τὸ
2828 443 3075 516 ἀπρεπὲς
3112 444 3503 516 ικαθορίζουσι,
3550 432 3652 502 καὶ

398 539 530 591 tiora
586 536 900 606 excogitare
947 532 1176 602 possint,
1230 532 1396 602 ipsius
1444 534 1722 603 sapientiae
1755 534 1970 589 decreta

396 630 725 699 improbant.
770 625 957 697 Neque
996 627 1140 681 enim
1189 638 1257 679 ex
1303 634 1457 693 partu
1498 624 1736 692 Virginis
1772 625 1971 679 editum

398 722 638 776 Verbum
669 719 1084 775 existimandum
1133 726 1357 772 censent
1398 734 1412 770 :
1448 717 1542 772 sed
1586 720 1764 788 potius
1812 717 1972 772 Verbi

398 823 645 866 naturam
686 810 739 863 in
776 809 949 865 debile
990 809 1091 861 hoc
1127 820 1326 875 corpus
1358 804 1795 860 traiisi‘ortnatam
1833 820 1971 868 esse,

396 913 453 958 et
487 901 835 957 mutationem
869 899 1230 969 imaginantur
1254 898 1373 966 ejus
1404 897 1457 951 in
1490 913 1646 966 quem
1682 898 1826 953 nulla
1855 913 1973 951 mu-

398 994 528 1048 tatio
549 991 714 1048 cadit.
746 990 985 1044 Firmata
1014 989 1157 1044 enim
1194 997 1358 1058 atque
1386 987 1620 1043 stabilita
1650 996 1735 1044 est
1765 988 1857 1042 Dei
1885 1003 1976 1041 na-

399 1094 514 1139 tura
548 1084 599 1138 in
630 1082 867 1152 propriis
907 1081 1019 1137 suis
1059 1079 1234 1146 bonis,
1262 1087 1317 1134 et
1358 1079 1769 1134 immutabiiiter
1793 1078 1846 1132 in
1880 1093 1978 1133 suo

394 1184 537 1231 statu
578 1183 876 1245 permanet.
917 1173 1117 1228 Natura
1151 1171 1294 1225 enim
1329 1179 1530 1233 creata,
1582 1185 1809 1240 quaeque
1844 1181 1977 1225 tem-

393 1282 525 1336 pore
552 1268 619 1323 ad
649 1281 770 1322 esse
806 1265 1050 1320 traducta
1097 1272 1204 1326 est,
1255 1261 1543 1316 mutationi
1588 1260 1821 1317 obnoxia
1870 1269 1974 1328 est,

395 1370 629 1427 vereque
662 1357 714 1411 id
743 1356 807 1410 de
828 1353 1094 1425 ejusmodi
1122 1366 1181 1407 re
1206 1352 1311 1405 dici
1337 1351 1524 1418 possit.
1551 1350 1684 1404 Nam
1719 1351 1978 1421 quidquid

393 1447 690 1506 exsistendi
720 1446 1041 1516 principium
1070 1444 1301 1514 accepit,
1324 1443 1373 1499 ei
1398 1444 1559 1498 etiam
1585 1444 1980 1513 quodammodo

391 1541 618 1597 insitum
649 1550 755 1606 est,
786 1548 844 1593 ut
878 1537 1071 1592 u‘uitari
1102 1538 1291 1608 possit.
1319 1536 1458 1590 Deus
1488 1549 1616 1590 vero
1647 1536 1736 1605 qtti
1764 1550 1978 1589 onmem

394 1636 722 1691 intellectum
768 1640 1007 1702 superat,
1044 1639 1100 1685 et
1128 1629 1503 1684 exsisteniiam
1535 1630 1608 1692 ait
1652 1637 1772 1683 ortu
1820 1638 1980 1698 atque

394 1727 616 1783 interitu
639 1726 863 1780 liberam
890 1722 1074 1786 habet,
1092 1723 1240 1775 omni
1267 1722 1563 1775 mutatione
1589 1721 1836 1791 superior
1860 1732 1977 1786 est;

2073 534 2262 607 ὥσπερ
2295 536 2414 589 ἐνὸν
2445 536 2631 600 αὐτοῖς
2658 535 2730 590 τὰ
2758 536 2965 607 ἀμείνω
2993 540 3242 607 φρονεῖν,
3272 539 3378 591 ικαὶ
3411 540 3525 602 τοῖς
3552 538 3652 606 τῆς

2073 626 2265 696 σοφίας
2290 627 2584 699 ἐπιτιμῶσι
2616 626 2917 697 σκέμμασι.
2944 629 3034 696 Μὴ
3068 629 3178 696 γὰρ
3206 628 3272 698 δὴ
3312 629 3510 699 χρῆναι
3560 629 3651 682 λέ-

2073 737 2260 789 γουσιν
2289 721 2453 775 ὠδῖνα
2483 723 2576 775 καὶ
2604 723 2761 775 τόκον
2788 721 2877 775 τὸν
2905 723 2969 776 ἐκ
2997 722 3251 791 γυναικὸς
3281 724 3654 795 καταγράφειν

2074 813 2222 883 ἡμᾶς
2249 813 2344 866 106
2373 814 2730 881 Μονογενοῦς,
2764 812 2971 867 οἴεσθαι
2992 813 3049 866 δὲ
3076 814 3275 885 μᾶλλον
3299 814 3397 885 τὴν
3429 814 3520 867 106
3548 815 3651 870 A6-

2076 919 2173 971 γου
2203 903 2365 973 φύσιν
2394 905 2476 968 είς
2511 905 2572 957 τὸ
2618 904 2817 974 σαθρὸν
2857 904 2922 976 δὴ
2951 904 3110 957 τοῦτο
3142 907 3655 977 μετεστοιχειῶσθαι

2078 991 2257 1063 σῶμα,
2295 992 2387 1047 καὶ
2418 990 2626 1064 τροπὴν
2649 991 3018 1061 φαντάζονται
3044 993 3137 1045 τοῦ
3164 993 3367 1065 τροπὴν
3392 996 3491 1047 οὐκ
3515 995 3657 1047 εἰδό-

2074 1100 2185 1148 τος.
2239 1084 2583 1156 Ἐρήρεισται
2618 1084 2727 1156 γὰρ
2753 1085 2787 1154 ή
2818 1083 2955 1137 Θεοῦ
2987 1084 3151 1153 φύσις
3205 1087 3263 1139 ὲν
3317 1086 3467 1143 ἰδίοις
3517 1086 3656 1154 ἀγα-

2078 1174 2224 1241 θοίς,
2298 1175 2395 1229 καὶ
2456 1175 2849 1229 ἀκατάσειστον
2914 1175 3027 1247 ἔχει
3093 1176 3190 1248 τὴν
3250 1176 3336 1247 ἐφ’
3405 1172 3487 1241 οἷς
3542 1180 3658 1231 ἐστι

2077 1265 2358 1337 διαμονήν.
2387 1266 2555 1329 Φύσις
2589 1265 2686 1336 μὲν
2719 1265 2883 1336 γὰρὴ
2922 1267 3147 1339 γενητὴ,
3178 1268 3275 1321 καὶ
3306 1268 3481 1339 χρόνῳ
3512 1287 3659 1340 παρ-

2078 1355 2356 1427 ενεχθεῖσα
2379 1356 2513 1427 πρὸς
2539 1355 2790 1429 ὓπαρξιν,
2816 1355 2976 1408 πάθοι
3013 1356 3079 1409 ἂν
3107 1357 3204 1428 τήν
3236 1356 3540 1422 ἀλλοίωσιν,
3565 1358 3660 1410 καὶ

2078 1447 2179 1499 οὐκ
2219 1446 2325 1513 ἔξω
2381 1445 2544 1515 λόγου
2582 1445 2678 1498 106
2713 1445 3047 1515 καθήκοντός
3077 1464 3138 1500 τε
3183 1446 3278 1500 καὶ
3306 1446 3552 1518 ἀληθοῦς
3599 1450 3660 1500 τὺ

2080 1536 2270 1609 χρῆμα
2298 1538 2558 1592 κείσεται.
2593 1537 2667 1591 Τὸ
2691 1538 2800 1609 γὰρ
2826 1537 3000 1609 ἀρχὴν
3030 1539 3167 1603 ὅλως
3188 1539 3283 1592 106
3307 1534 3446 1593 εἶναι
3475 1540 3658 1610 λαχὸν,

2078 1629 2244 1683 οἱονεί
2280 1647 2397 1692 πως
2429 1628 2527 1701 ἤδη
2552 1630 2647 1682 καὶ
2680 1628 3125 1700 συνεσπαρμένον
3160 1629 3271 1701 ἔχει
3319 1630 3380 1682 τὸ
3413 1629 3660 1683 ἀλλοιοῦ-

2084 1721 2209 1774 σθαι
2246 1720 2378 1774 δεῖν.
2411 1719 2544 1783 Θεὸς
2569 1719 2629 1774 δὲ
2660 1722 2689 1773 ὁ
2716 1720 2917 1783 παντὸς
2946 1720 3204 1775 ἐπέκεινα
3238 1720 3358 1786 νοῦ,
3395 1724 3661 1789 γενέσεως

393 1828 467 1883 et,
498 1816 667 1874 veluti
699 1815 928 1885 propria:
956 1828 1067 1869 sua
1098 1825 1304 1868 natura:
1350 1813 1559 1868 ratione
1585 1813 1767 1868 omnia
1797 1822 1975 1868 creata

2081 1814 2178 1867 καὶ
2227 1812 2434 1887 φθορᾶς
2486 1815 2586 1884 τὴν
2621 1813 2855 1887 ὕπαρξιν
2911 1814 3049 1885 ἔχων
3084 1812 3429 1886 ἐξῃρημένην
3471 1830 3529 1866 τε
3567 1811 3663 1867 καὶ

396 1911 552 1977 longe
606 1905 841 1971 excedit,
899 1912 956 1958 et
1018 1904 1235 1974 quidem
1303 1903 1798 1973 incomparabiliter
1845 1919 1860 1958 :
1907 1904 1976 1959 ita

391 1998 558 2054 etiam
594 1997 648 2051 in
685 1998 753 2050 iis
787 2010 908 2067 qua:
936 1994 1204 2050 creaturis
1244 1995 1342 2049 abs
1369 2008 1428 2049 se
1458 1993 1696 2048 conditis
1732 1994 1980 2049 accidere

391 2088 586 2156 solent,
619 2087 777 2157 longe
832 2085 1133 2152 antecellit;
1171 2085 1411 2156 nullique
1456 2084 1534 2140 rei
1572 2100 1689 2154 qua:
1721 2085 1976 2139 damnum

393 2180 595 2237 inferre
645 2178 816 2248 possit
860 2178 1130 2232 obnoxius
1178 2187 1280 2233 est.
1333 2176 1558 2231 Deitatis
1610 2176 1791 2246 itaque
1840 2176 1978 2232 bona

391 2282 518 2329 sunt
567 2272 718 2325 ﬁrma
762 2283 828 2323 ac
881 2269 1116 2323 Stabiiia.
1156 2269 1541 2324 Creaturarum
1600 2284 1748 2336 vero,
1782 2269 1980 2324 altera-

394 2364 631 2420 tionibus
681 2360 1182 2431 mutationibusque
1227 2346 1489 2430 subjecta,
1540 2370 1594 2415 et
1644 2360 1978 2428 corruptioui

390 2456 590 2512 vicina.
617 2453 770 2522 Quod
812 2454 1026 2522 quidem
1067 2453 1271 2521 optime
1305 2453 1614 2522 intelligens
1649 2454 1979 2507 rectissime-

391 2561 496 2617 que
517 2560 699 2615 secum
718 2544 994 2598 aestimans
1016 2544 1276 2613 propheta
1298 2541 1582 2607 Joremias,
1609 2543 1682 2596 ita
1716 2542 1779 2596 ad
1812 2541 1979 2596 Deum

392 2637 658 2693 exclamat
688 2653 699 2688 :
734 2635 815 2689 Tu
863 2635 1083 2703 quidem
1128 2633 1369 2689 insidens
1402 2634 1658 2689 SiBCtillllii
1691 2632 1709 2688 ξ
1745 2650 1842 2688 nos
1887 2650 1980 2686 au-

400 2739 504 2783 tem
534 2727 821 2796 perdentes
856 2726 1134 2781 szuculum.
1183 2721 1349 2777 Sedet
1392 2724 1535 2777 enim
1573 2721 1735 2777 veluti
1769 2724 1820 2775 in
1855 2737 1980 2791 pro-

394 2819 526 2889 priis
554 2820 772 2875 sedibus
795 2834 1007 2887 semper
1032 2815 1192 2882 Deus,
1218 2817 1502 2871 dominans
1524 2823 1685 2883 atque
1709 2815 1983 2884 imperans

393 2911 667 2975 omnibus,
704 2910 954 2979 nullaque
992 2908 1205 2963 aii‘ectio
1235 2907 1288 2962 in
1318 2923 1440 2962 eum
1476 2907 1761 2977 imperium
1799 2907 1979 2961 habet.

391 3001 503 3058 Nos
532 3017 659 3057 vero
692 3017 813 3056 cum
851 3012 1039 3055 natura
1080 3000 1287 3069 praediti
1321 3002 1492 3054 simus
1539 3015 1699 3070 quam
1748 2982 1983 3053 matrime

2076 1906 2503 1979 ὑπερίσχουσαν,
2536 1907 2776 1977 ἀμείνων
2807 1908 2956 1961 ἔσται
2978 1908 3073 1961 καὶ
3095 1907 3324 1977 τροπῆς,
3355 1906 3451 1960 καὶ
3473 1904 3663 1978 ὥσπερ

2079 1996 2158 2067 τῷ
2200 1997 2300 2068 τῆς
2342 1998 2483 2062 ,ἰδίας
2514 1999 2728 2068 φύσεως
2784 1999 2949 2070 λόγῳ,
2997 1999 3198 2062 παντὸς
3241 1993 3396 2070 οἶμαί
3424 2017 3527 2052 που
3565 1999 3661 2053 106

2080 2087 2423 2160 κεκλημένου
2448 2089 2583 2160 πρὸς
2613 2090 2827 2159 γένεσιν
2850 2090 3270 2163 ὑπερανέστηκε
3298 2090 3394 2144 καὶ
3424 2091 3664 2164 ὑπερφέ-

2082 2197 2260 2252 ρεται,
2291 2181 2389 2234 καὶ
2421 2180 2578 2233 10610
2622 2170 2976 2252 ἀσυγκρίτοις
3026 2181 3343 2252 διαφοραῖς,
3387 2182 3530 2236 οὕτω
3560 2187 3664 2238 κάν

2079 2274 2193 2336 τοῖς
2242 2272 2462 2326 εἰωθόσι
2510 2272 2833 2343 συμϐαίνειν
2888 2276 3001 2337 τοῖς
3037 2271 3104 2326 δι’
3156 2271 3322 2327 αὑτοῦ
3375 2276 3660 2345 γεγονόσι,

2080 2363 2502 2435 ύπερανεστήξει
2534 2363 2697 2417 πάλιν
2716 2404 2734 2431 ,
2766 2364 2960 2417 παθεῖν
2985 2365 3087 2418 οὐκ
3120 2363 3280 2428 είδως
3322 2366 3385 2419 τὸ
3421 2369 3664 2435 πεφυκὸς

2081 2456 2307 2510 ἀδικεῖν.
2337 2453 2573 2520 Οὐκοῦν,
2613 2457 2670 2509 ἐν
2696 2456 2920 2525 ἀγαθοῖς
2948 2457 3047 2527 μὲν
3073 2455 3133 2509 τὸ
3156 2456 3299 2510 θεῖον
3326 2458 3662 2528 ἀμεταπτώ-

2080 2562 2191 2609 τοις
2227 2544 2362 2599 ἐστί.
2387 2545 2468 2599 Τά
2482 2545 2537 2599 δέ
2566 2564 2629 2616 γε
2652 2548 2750 2618 τῆς
2776 2548 3033 2611 κτίσεως,
3056 2550 3114 2600 ὲν
3135 2548 3419 2603 ἀλλοιώσει
3439 2552 3532 2605 καὶ
3545 2569 3663 2624 τρο-

2083 2640 2232 2698 παῖς,
2260 2636 2554 2709 ἀγχίθυρον
2584 2640 2776 2710 ἔχοντα
2797 2640 2895 2712 τὴν
2928 2644 3313 2714 παραφθορὰν.
3360 2647 3475 2700 Καὶ
3506 2646 3666 2702 τοῦτο

2081 2729 2362 2797 γινώσκων
2391 2725 2449 2784 εὖ
2477 2729 2647 2800 μάλα,
2674 2732 2768 2785 καὶ
2784 2732 2866 2797 ὡς
2892 2731 3089 2804 ἄριστα
3123 2734 3428 2804 φιλοσόφων
3458 2740 3488 2793 ὁ
3533 2756 3667 2810 προ-

2084 2822 2260 2892 φήτης
2276 2821 2543 2892 Ἱερεμίας
2566 2820 2834 2892 ηάνεφὼνει
2856 2824 2991 2895 πρὸς
3012 2825 3165 2890 Θεδν,
3182 2827 3264 2879 ὅτι
3280 2847 3299 2878 ι
3321 2830 3392 2882 Σὺ
3414 2831 3632 2902 καθήμε
3649 2860 3668 2871 -

2082 2928 2169 2974 v0;
2213 2912 2304 2965 τὸν
2336 2912 2530 2977 αἰῶνα,
2565 2912 2660 2966 καὶ
2689 2915 2849 2985 ἡμεῖς
2880 2914 3241 2987 ἀπολλύμενοι
3278 2917 3369 2973 τὸν
3396 2920 3600 2974 αἰῶνα·
3641 2940 3662 2976 ι

2083 3001 2391 3056 καθεδεῖται
2418 3005 2527 3075 γάρ
2557 3002 2745 3077 ὥσπερ
2768 3006 2828 3060 ἐν
2861 3006 3012 3071 ίδίοις
3050 3007 3237 3071 θάκοις
3266 3009 3329 3062 τὸ
3363 3009 3506 3065 θεῖον
3554 3012 3666 3077 ἀεὶ,

394 3093 462 3147 ad
506 3091 885 3146 alterationcm
930 3089 1395 3155 mutationemque
1430 3087 1671 3157 proclivi,
1705 3089 1975 3157 perdimus

2085 3095 2367 3165 βασιλεῦον
2400 3095 2494 3146 καὶ
2526 3097 2905 3168 κατακρατοῦν
2930 3098 3039 3151 τῶν
3062 3099 3221 3164 ὅλων,
3249 3101 3344 3154 καὶ
3377 3102 3481 3155 ὑπὸ
3534 3105 3667 3174 μηδ-

392 3181 669 3244 saecuium,
707 3182 807 3236 hoc
834 3185 939 3242 est,
991 3180 1040 3232 iu
1089 3177 1280 3249 quovis
1321 3189 1564 3248 tempore
1598 3179 1975 3249 corruptibiles

394 3272 787 3341 mutabilesque
810 3285 1018 3324 sumus.
1076 3269 1259 3324 Deitas
1306 3270 1488 3340 itaque
1540 3270 1688 3324 nullo
1738 3286 1974 3340 unquam

396 3379 635 3436 tempore
681 3365 876 3418 tuutari
914 3372 1110 3432 potest,
1146 3377 1325 3432 neque
1352 3363 1456 3418 ulla
1504 3362 1787 3418 aﬂ'eclione
1819 3380 1847 3417 a
1880 3380 1974 3418 sua

396 3458 652 3511 ﬁrmitate
680 3455 972 3517 dimoveri;
994 3470 1024 3509 e
1046 3455 1323 3508 contrario
1343 3455 1715 3523 corruptibilis
1742 3456 1975 3508 mutabi-

397 3550 589 3616 lis-que,
637 3550 737 3600 hoc
784 3556 887 3611 est,
925 3553 1105 3600 creata
1146 3555 1362 3610 natura,
1414 3548 1689 3602 essentiaii
1727 3547 1972 3602 immuta-

397 3642 604 3695 bilitate
627 3639 849 3708 prwdita
872 3651 995 3692 esse
1019 3654 1123 3694 non
1147 3649 1341 3709 potest,
1360 3653 1534 3709 neque
1557 3640 1751 3693 divina:
1774 3651 1977 3693 natura:

396 3734 660 3787 bonorum
691 3730 1032 3801 possessione
1057 3731 1299 3801 gloriari.
1329 3731 1523 3785 Audiet
1555 3730 1699 3785 enim
1736 3730 1930 3793 merito
1962 3747 1975 3781 :

392 3819 560 3895 σοι
602 3819 784 3888 «Quid
833 3821 976 3875 enim
1027 3821 1229 3885 habes,
1277 3822 1421 3891 quod
1476 3836 1582 3875 non
1639 3821 1971 3890 accepisti?»

393 3913 544 3981 Quod
581 3927 708 3967 vero
744 3912 1096 3968 immutabilis
1149 3913 1372 3969 omnino
1430 3914 1505 3968 sit
1552 3910 1711 3968 Verbi
1749 3924 1974 3975 natura,

397 4007 669 4062 nuttabiiis
708 4017 886 4061 autem
933 4021 1157 4075 prorsus
1203 4015 1409 4070 creata,
1448 4005 1704 4061 facillime
1743 4007 1864 4074 quis
1896 4006 1977 4059 iu-

399 4099 604 4171 telligat
645 4113 676 4154 e
713 4100 912 4153 Datidc
957 4100 1008 4152 in
1056 4099 1247 4170 spiritu
1292 4110 1522 4154 canente
1566 4117 1580 4154 :
1625 4117 1644 4151 ι
1674 4098 1807 4154 Coeli
1852 4113 1976 4168 per-

392 4190 570 4253 ibtmt,
622 4199 677 4244 tu
716 4202 896 4244 autem
952 4191 1318 4261 perutancbis,
1351 4200 1408 4245 et
1452 4206 1643 4247 omnes
1696 4199 1755 4245 ut
1810 4192 1976 4245 vesti-

393 4292 634 4337 mentum
687 4292 1029 4337 veterascent
1085 4296 1099 4334 :
1149 4292 1204 4335 et
1259 4283 1400 4337 sicut
1452 4283 1784 4352 opertorium
1853 4298 1973 4335 mu-

394 4373 533 4426 tabis
561 4388 678 4438 eos,
711 4383 765 4431 et
810 4373 1181 4427 mutabuntur.
1220 4372 1298 4427 Tu
1338 4382 1517 4428 autem
1570 4372 1711 4427 idem
1751 4373 1865 4440 ipse
1894 4387 1972 4437 es,

2083 3185 2196 3249 ενὸς
2230 3185 2337 3238 τῶν
2357 3185 2544 3239 παθῶν
2576 3185 3026 3257 τυραννούμενον.
3083 3190 3269 3258 Ἡμεῖς
3296 3191 3354 3243 δὲ
3383 3191 3482 3263 τὴν
3507 3192 3669 3263 φύσιν

2084 3278 2493 3350 εύτροχωτάτην
2533 3296 2591 3332 τε
2624 3278 2719 3332 καὶ
2755 3278 3142 3350 εὐπαράφορον
3176 3285 3370 3355 κομιδῇ
3410 3286 3545 3355 πρὸς
3574 3287 3669 3340 ἁλ-

2079 3368 2297 3421 λοίωσιν
2323 3371 2538 3440 ἔχοντες
2570 3371 2664 3423 καὶ
2697 3371 2925 3442 τροπὴν,
2953 3373 3305 3444 ἀπολλύμεθα
3337 3376 3428 3429 τὸν
3473 3379 3666 3444 αἰῶνα,

2083 3462 2361 3515 τουτέστιν
2389 3504 2401 3527 ,
2434 3464 2492 3515 ἐν
2526 3463 2688 3516 παντὶ⁵
2736 3462 2915 3533 καιρῷ
2960 3465 3055 3516 καὶ
3104 3466 3302 3537 χρόνῳ.
3338 3467 3569 3540 φθαρτοί
3609 3471 3671 3526 τέ

2084 3552 2252 3622 ἐσμεν
2275 3553 2368 3606 καὶ
2395 3554 2639 3624 τρεπτοί.
2669 3551 2796 3606 061‘
2817 3550 2911 3607 οὖν
2939 3553 2998 3606 τὸ
3029 3551 3171 3610 θεῖον
3199 3557 3257 3607 ἐν
3284 3563 3666 3628 παρατροπαῖς

2084 3642 2279 3708 γένοιτ’
2303 3644 2368 3697 ἄν
2395 3660 2524 3697 ποτε
2567 3646 2665 3714 τῆς
2717 3644 2853 3707 ἰδίας
2898 3645 3239 3717 ὲδραιότητος
3289 3648 3522 3713 ὲξωσθὲν
3557 3652 3662 3705 ὑπό

2084 3748 2177 3783 του
2216 3730 2327 3783 τῶν
2377 3730 2584 3795 παθῶν,
2619 3730 2731 3784 οὔτ’
2763 3732 2830 3785 ἂν
2877 3733 2914 3803 ή
2960 3728 3174 3804 φθαρτή
3206 3750 3265 3786 τε
3293 3735 3385 3787 καὶ
3426 3735 3671 3789 ἀλλοιου-

2089 3822 2224 3892 μένη
2247 3861 2262 3885 ,
2295 3822 2577 3876 τουτέστιν
2625 3823 2659 3892 ή
2693 3822 2915 3893 γενητὴ,
2959 3824 3452 3897 καταπλουτήσειεν
3489 3827 3553 3880 ἂν
3579 3829 3672 3881 ού-

2088 3911 2253 3983 σιὼδη
2303 3912 2403 3984 τὴν
2450 3911 2734 3983 ἀτρεψίαν,
2789 3913 2897 3966 οὐδ’
2921 3912 2987 3968 ἀν
3041 3916 3372 3987 ἑπαυχήσειε
3419 3921 3532 3982 τοῖς
3571 3922 3671 3990 τῆς

2085 4004 2236 4068 θείας
2272 4004 2485 4074 φύσεως
2517 4006 2741 4072 ἀγαθοῖς
2767 4004 2842 4068 ὡς
2865 4005 3076 4077 ίδίοιςή
3109 4009 3307 4071 κτίσις.
3351 4008 3669 4064 Ἀκούσεται

2083 4097 2193 4168 γὰρ
2220 4097 2481 4165 εὐλόγως·
2521 4112 2540 4147 ι
2583 4096 2647 4149 Τί
2680 4096 2789 4168 γὰρ
2819 4096 2986 4167 ἔχεις,
3016 4097 3046 4150 ὃ
3090 4099 3191 4152 οὐκ
3223 4099 3447 4166 ἔλαϐεςς
3487 4120 3505 4152 ι
3545 4102 3667 4155 Ὅτι

2082 4189 2139 4242 δέ
2170 4190 2317 4241 ἐστιν
2356 4186 2628 4259 ἄτρεπτος
2670 4186 2768 4257 μὲν
2797 4187 2893 4240 καὶ
2929 4187 3287 4253 ἀναλλοίωτος
3316 4192 3594 4256 παντελιῖς
3631 4194 3667 4263 ή

2083 4280 2177 4334 106
2229 4280 2389 4348 λόγου
2429 4279 2613 4350 φύσις,
2666 4278 2932 4350 ἀλλοιωτὴ
2964 4278 3021 4333 δὲ
3051 4280 3330 4346 παντελῶς
3376 4284 3408 4352 ή
3443 4285 3668 4355 γενητὴ,

2085 4372 2429 4444 καταθρήσαι
2461 4389 2544 4436 τις
2581 4372 2647 4426 ἂν
2682 4371 2776 4425 καὶ
2815 4371 2932 4424 λίαν
2954 4372 3213 4436 εὐκόλως,
3261 4374 3669 4446 ἀναμελῳδοῦν-

391 4475 443 4517 et
493 4466 619 4517 anni
672 4465 746 4518 tui
811 4478 917 4518 non
968 4462 1314 4517 deﬁcient".
1350 4483 1370 4515 ι
1412 4462 1508 4518 Ubi
1563 4464 1727 4533 igitur
1779 4463 1975 4518 mansit

2085 4480 2175 4525 τος
2210 4465 2268 4517 ὲν
2309 4462 2586 4533 Πνεύματι
2618 4460 2713 4516 τοῦ
2749 4462 3021 4533 μακαρίου
3058 4461 3251 4516 Δαϐίδ·
3291 4484 3312 4515 ι
3350 4467 3413 4518 Oi
3449 4467 3669 4538 οὐρανοὶ

394 4555 628 4610 Verbum
684 4555 798 4620 Dei,
840 4557 884 4610 si
935 4570 1062 4610 vere
1110 4555 1333 4624 dicitur,
1378 4555 1525 4624 quod
1585 4554 1826 4623 deposita
1877 4569 1974 4609 sua

393 4649 652 4702 iirmitate
701 4658 862 4715 atque
908 4647 1233 4711 stabilitate,
1282 4648 1349 4701 ad
1403 4647 1453 4702 id
1503 4647 1644 4716 quod
1710 4659 1815 4698 non
1859 4656 1977 4700 erat

396 4744 674 4797 traductus
708 4752 810 4806 est,
868 4743 1391 4810 transiormatusque
1425 4749 1508 4794 est
1557 4741 1609 4792 in
1658 4740 1842 4793 carnis
1876 4753 1976 4791 na-

394 4844 591 4899 turam,
631 4842 684 4887 et
723 4844 922 4887 statum
966 4831 1414 4902 corruptibiiem?
1454 4831 1606 4884 Anne
1646 4830 1827 4899 potius
1879 4829 1979 4882 hoc

393 4926 642 4980 delirium
675 4939 835 4995 atque
859 4924 1067 4980 insania
1099 4924 1225 4978 est?

2080 4555 2426 4620 ἀπολοῦνται,
2466 4556 2530 4609 σὺ
2554 4554 2611 4608 δὲ
2642 4554 2938 4624 διαμενεῖς,
2978 4554 3073 4608 καὶ
3104 4555 3307 4620 πάντες
3344 4557 3419 4620 ὼς
3452 4559 3669 4628 ἱμάτιον

2082 4647 2585 4717 παλαιωθήσονται,
2630 4647 2724 4700 καὶ
2767 4648 2899 4700 ὡσεὶ
2952 4646 3299 4718 περιὸόλαιον
3334 4648 3528 4716 ἑλίξεις
3565 4652 3669 4702 αὑ-

2080 4740 2229 4803 τοὺς,
2255 4741 2347 4792 καί
2369 4739 2788 4810 ἀλλαγήσονται.
2827 4740 2898 4792 Σὺ
2925 4738 2980 4791 δὲ
3010 4741 3039 4792 ό
3066 4738 3229 4803 αὐτὸς
3255 4734 3325 4801 εἴ,
3355 4742 3449 4793 καὶ
3480 4743 3546 4794 τά
3569 4742 3667 4813 ἔτη

2086 4848 2177 4885 σου
2214 4832 2314 4885 οὐκ
2357 4831 2688 4901 ὲκλείψουσι.
2727 4850 2746 4884 ι
2785 4831 2891 4883 Ποῦ
2926 4831 3219 4903 τοιγαροῦν
3279 4833 3590 4903 μεμένηκεν
3642 4838 3670 4888 ό

2083 4924 2247 4988 αὐτὸς
2270 4925 2298 4976 ὁ
2328 4926 2393 4979 ἐκ
2426 4924 2560 4978 Θεοῦ
2601 4925 2794 4993 Λόγος,
2827 4922 2986 4996 είπερ
3018 4925 3164 4978 ἐστὶν
3206 4925 3432 4995 ἀτρεκὲς
3458 4926 3666 4991 εἰπεῖν,

388 5031 471 5082 ὃτι
513 5025 696 5095 μεθεὶς
730 5024 788 5076 τὺ
810 5022 1215 5094 ὲρηρεισμένως
1268 5038 1327 5074 τε
1390 5020 1483 5074 καὶ
1508 5020 1814 5091 ἀκλονήτως
1844 5020 2008 5091 ἔχειν,
2047 5022 2487 5093 καταπεφοίτηκε
2551 5020 2652 5091 μὲν
2701 5022 2780 5082 εἰς
2821 5020 2958 5090 ὅπερ
2982 5020 3082 5073 οὐκ
3106 5015 3194 5089 ἦν,
3232 5020 3670 5089 μεταπεποίηται

389 5118 447 5172 δὲ
474 5117 569 5171 καὶ
606 5117 684 5178 εἰς
716 5114 917 5184 σαρκὸς
958 5112 1141 5182 φύσιν,
1179 5113 1271 5165 καὶ
1337 5114 1417 5176 εἰς
1478 5112 1538 5165 τὸ
1582 5110 1898 5183 φθείρεσθαι
1964 5114 2239 5183 πεφυκός
2272 5108 2397 5184 ’Ἆρ’
2440 5108 2535 5166 οὖν
2577 5113 2698 5184 οὐχὶ
2747 5112 2913 5183 λῆρός
2985 5128 3044 5163 τε
3080 5111 3175 5164 καὶ
3218 5109 3321 5180 ήδη
3372 5111 3468 5163 καὶ
3498 5114 3670 5179 μανία

390 5211 546 5265 ταυτί
566 5228 580 5277 ;

392 5326 401 5339 -
463 5303 523 5358 Β.
565 5304 661 5358 Est
692 5312 857 5354 certe.

463 5395 527 5450 Δ.
571 5391 779 5446 Licebit
803 5391 945 5443 enim
978 5405 1095 5460 part
1127 5393 1429 5450 temeritate
1460 5394 1660 5460 dicere,
1689 5396 1829 5464 quod
1862 5411 1968 5450 non

392 5498 478 5539 est
518 5485 921 5538 dissentanenm
950 5523 964 5549 ,
1020 5493 1285 5538 terrenam
1333 5501 1548 5556 quoque
1599 5498 1843 5541 naturam
1904 5488 1970 5541 ad

400 5576 620 5630 Deitatis
651 5582 895 5628 naturam
921 5578 1287 5635 conscendere
1319 5594 1494 5648 posse,
1524 5592 1684 5650 atque
1728 5581 1777 5635 in
1809 5597 1967 5635 unam

471 5748 512 5780 "
538 5751 679 5807 i'sal.
712 5764 782 5821 ct,
812 5751 896 5822 Ἥ,
938 5754 1026 5810 28.

2150 5303 2211 5355 B.
2243 5303 2393 5356 Πάνυ
2418 5300 2517 5373 μὲν
2546 5298 2659 5354 οὖν.

2149 5395 2213 5448 Α.
2247 5394 2390 5465 Ὥρα
2406 5393 2516 5464 γὰρ
2546 5395 2718 5445 εἰπεῖν
2742 5395 2862 5451 ταῖς
2884 5391 3111 5444 ἐκείνων
3144 5392 3405 5464 ἀμαθίαις
3438 5393 3670 5446 ἀντιτεί-

2079 5505 2267 5550 νοντας
2287 5485 2678 5557 ἀμαθέστερον,
2710 5485 2784 5543 ὼς
2827 5484 2973 5537 ἔστιν
3007 5484 3107 5539 ούκ
3143 5486 3369 5548 ἀπεικὸς
3393 5525 3406 5549 ,
3428 5472 3539 5539 ’καὶ
3567 5484 3665 5555 τὴν

2078 5579 2185 5632 ἀπὸ
2211 5579 2313 5649 γῆς
2338 5580 2517 5649 σάρκα
2539 5577 2672 5647 πρὸς
2700 5575 2795 5647 τὴν
2822 5576 2917 5645 τῆς
2948 5576 3210 5645 Θεότητος
3249 5575 3411 5645 φύσιν
3442 5578 3665 5645 ἀναᾳοι-
