4050 6454
346 512 484 571 1201

1469 516 1557 576 DE
1596 516 2115 577 ΙΝΟᾹΒΝΑἸΊΟΝΕ
2159 521 2532 583 UNIGENITI.

3511 534 3533 588 l
3546 534 3650 590 202

338 630 444 699 τᾴν
477 626 926 698 δύνασθαίποτε,
967 633 1185 705 καὶτῆς
1226 636 1490 690 ἀνωτάτω
1535 637 1724 691 πατῶν
1762 638 1949 704 οὐσίας

2069 658 2176 696 :um
2218 660 2473 711 suprema
2514 661 2756 701 ommum
2790 647 3026 702 essentia
3067 649 3516 723 constitutionem
3553 667 3648 708 ve-

340 718 603 786 γενέσθαι
631 719 911 776 σύστασιν.
948 725 1010 777 Et
1051 727 1159 795 γὰρ
1189 727 1330 796 αὑτὴ
1360 727 1462 797 τῆς
1491 728 1747 799 θεότητος
1781 731 1814 799 ἡ
1848 729 1949 797 φύ-

340 828 452 873 σις,
484 812 627 866 κατά
660 829 723 881 γε
749 814 850 886 τὴν
876 816 1100 870 ἐκείνων
1150 818 1574 890 ἐμϐροντησίαν,
1608 821 1690 882 είς
1717 822 1816 892 τὴν
1850 824 1950 892 τῆς

342 903 552 973 σαρκὸς
577 907 1010 979 μετακεχωρηκε
1045 908 1227 978 φύσιν,
1275 911 1428 965 οὐδὲν
1457 912 1519 964 τὸ
1548 913 1815 982 ἀπεῖργον
1845 912 1948 978 ἔτι,

340 995 443 1065 τὴν
476 997 575 1066 μὲν
608 997 764 1051 κάτω
793 1017 852 1052 τε
881 1001 976 1054 καὶ
1011 1001 1148 1055 ἰδίαν
1179 1003 1342 1071 φύσιν
1367 1044 1380 1067 ,
1415 1005 1832 1075 ὑπερπετασθαι
1854 1005 1950 1075 τὴν

343 1087 549 1158 σάρκα,
585 1091 1064 1159 μεταπλάττεσθαι
1086 1095 1143 1148 δὲ
1167 1095 1304 1162 πρὸς
1340 1096 1590 1168 θεότητά,
1626 1098 1721 1150 καὶ
1749 1099 1829 1162 εἰς
1863 1099 1953 1151 οὐ-

342 1179 471 1232 σίαν
495 1181 595 1252 τὴν
637 1182 923 1241 ἀνωτάτω.
963 1186 1105 1240 Ἀλλ’
1136 1187 1198 1240 οὐ
1228 1190 1350 1252 ταῖς
1377 1190 1608 1243 ἐκείνων
1637 1191 1952 1254 ἀσυνεσίαις

338 1272 406 1324 τὸ
453 1273 710 1339 εὐπειθὲς
753 1277 1133 1348 χαριούμεθα·
1167 1281 1610 1353 προσκεισόμεθα
1654 1282 1711 1335 δὲ
1749 1282 1952 1352 μᾶλλον

339 1369 468 1430 ταῖς
499 1365 676 1431 θείαις
728 1370 768 1422 Γ
773 1375 1014 1440 ραφαῖς,--
1050 1373 1145 1426 καὶ
1199 1375 1487 1447 προφήτου
1521 1377 1620 1445 μὲν
1651 1375 1904 1444 λέγοντος
1935 1392 1947 1406 ⁸

348 1474 369 1506 ι
409 1455 544 1508 Ἰδοὺ
594 1459 626 1526 ἡ
662 1457 942 1528 Παρθένος
976 1462 1032 1513 ἐν
1060 1465 1263 1534 γαστρὶ
1303 1463 1535 1534 λήψεται
1565 1507 1578 1529 ,
1616 1467 1708 1519 καὲι
1737 1466 1952 1533 τέξεται

343 1545 502 1605 Υἱὺν,
539 1546 635 1598 καὶ
676 1547 930 1612 καλέσεις
974 1549 1036 1604 τὸ
1089 1549 1262 1622 ὄνομα
1303 1551 1483 1605 αὑτοῦ·
1516 1553 1888 1626 Ἐμμανουήλ·
1928 1575 1946 1606 ι

342 1637 900 1708 καταστραγίζοντος
943 1641 999 1694 δὲ
1024 1643 1124 1714 τὴν
1158 1645 1618 1717 προαναςρώνησιν
1653 1647 1748 1700 τοῦ
1777 1665 1954 1718 μακα-

314 1735 471 1802 ·ρίου
499 1733 744 1803 Γαϐριὴλ
766 1773 780 1799 ,
836 1735 931 1788 καὶ
977 1739 1077 1806 τὴν
1127 1737 1334 1791 ἀνωθεν
1364 1739 1546 1810 ψῆφον
1579 1743 1645 1810 τῇ
1684 1741 1953 1813 Παρθένῳ

339 1825 803 1895 διερμηνεύοντος
829 1845 841 1855 ·
879 1847 896 1879 ι
1054 1828 1225 1898 φοϐοῦ
1261 1830 1391 1907 γάρ,
1426 1831 1554 1901 ἔφη,
1583 1833 1836 1904 Μαριὰμ,
1870 1836 1953 1890 ὅτι

345 1915 461 1968 ἰδοὺ
485 1916 730 1988 συλλήψῃ
760 1920 818 1969 ἐν
854 1921 1092 1990 γαστρὶ,
1112 1921 1208 1974 καὶ
1235 1921 1364 1993 τέξῃ
1398 1923 1543 1989 Υίὸν,
1583 1925 1672 1977 καὶ
1704 1925 1954 1990 καλέσεις

2053 737 2194 792 nire.
2225 735 2282 791 Si
2317 753 2550 807 namque
2582 738 2693 808 ipsa
2736 739 3037 795 divinitatis
3072 752 3267 796 natura
3300 742 3488 814 (juxta
3529 744 3650 802 illo-

2055 845 2172 884 rum
2221 831 2676 905 deliramentum)
2733 834 2785 890 in
2838 837 3020 892 carnis
3076 844 3328 894 naturam
3373 839 3650 907 transivit,

2055 923 2187 978 nihil
2211 923 2486 980 obstiterit
2513 926 2806 995 quominus
2837 926 3066 984 inferior
3090 927 3206 983 haec
3235 939 3424 985 nostra
3456 939 3652 984 natura

2055 1018 2324 1073 transiliat
2355 1033 2601 1084 carnem,
2627 1029 2679 1074 et
2730 1021 2783 1074 in
2833 1021 3100 1076 Deitatem
3147 1031 3310 1091 atque
3337 1037 3651 1092 supremam

2057 1111 2201 1164 illam
2230 1113 2525 1167 essentiam
2567 1112 3002 1169 transformctur.
3043 1117 3114 1168 At
3157 1129 3256 1170 nos
3303 1114 3514 1169 illorum
3565 1115 3650 1168 in-

2055 1203 2218 1272 eptiis
2248 1204 2408 1258 ﬁdem
2435 1219 2772 1274 nequaquam
2803 1205 3214 1262 adhibebimus:
3236 1207 3329 1261 sed
3365 1207 3544 1276 potius
3570 1207 3652 1261 di-

2058 1297 2199 1352 vinis
2245 1296 2547 1367 Scriptnris
2592 1298 3026 1368 acquiescemus,
3057 1301 3320 1370 propheta
3353 1300 3517 1354 etiam
3566 1299 3654 1353 di-

2057 1398 2214 1442 cente
2256 1405 2268 1442 :
2318 1407 2336 1440 ι
2365 1390 2505 1443 Ecce
2538 1387 2696 1458 Virgo
2746 1390 2798 1443 in
2837 1400 2992 1444 utero
3036 1389 3331 1459 concipiet,
3374 1399 3430 1445 et
3479 1391 3657 1459 pariet

2059 1477 2277 1541 Filium,
2305 1489 2361 1534 et
2391 1480 2661 1535 vocabunt
2690 1495 2892 1535 nomen
2931 1481 3051 1551 ejus
3078 1479 3393 1534 Emmanuel
3434 1481 3512 1547 ’°;
3547 1498 3567 1533 ι
3602 1489 3658 1536 et

2060 1573 2218 1628 beato
2238 1571 2494 1628 Gabriele
2511 1573 2652 1628 hanc
2674 1573 3079 1642 praedictionem
3105 1571 3488 1637 conﬁrmaute,
3521 1573 3658 1627 divi-

2059 1680 2292 1736 namque
2319 1666 2654 1720 voluntatem
2696 1666 2895 1736 virgini
2931 1666 3244 1721 declaraute
3272 1685 3285 1722 :
3317 1684 3337 1718 ι
3362 1665 3440 1722 Ne
3466 1666 3659 1722 timeas

2056 1756 2226 1819 enim,
2278 1757 2475 1825 inquit,
2528 1755 2720 1821 Maria,
2772 1757 3031 1827 quoniam
3091 1770 3222 1814 ecce
3273 1756 3550 1825 cuncipies
3602 1757 3657 1810 in

2059 1853 2242 1906 utero,
2270 1851 2324 1897 et
2354 1844 2537 1913 paries
2580 1843 2800 1908 Filium,
2845 1856 2901 1900 et
2935 1846 3156 1901 vocabis
3189 1861 3387 1902 nomen
3419 1847 3537 1915 ejus
3567 1844 3657 1902 Je-

2059 1951 2178 1990 sum
2216 1936 2285 1989 ¹¹.
2321 1955 2339 1988 ι
2378 1937 2452 1992 Ex
2490 1937 2721 1993 muliere
2753 1947 2940 1993 natum
2977 1953 3167 1994 revera
3222 1938 3499 1994 credimus
3531 1938 3660 1993 Em-

338 2009 409 2062 τὸ
439 2008 614 2079 ὖνομα
643 2011 810 2063 αὑτοῦ
849 2011 1060 2081 Ἰησοῦν
1083 2029 1096 2042 ο
1129 2036 1148 2064 ι
1189 2015 1270 2067 ἐκ·
1295 2016 1554 2083 γυναικὸς
1599 2017 1818 2090 ἀληθῶς
1863 2037 1952 2088 γε-

2069 2029 2401 2093 manuelem;
2439 2041 2495 2085 et
2533 2031 2875 2101 splendidam
2919 2032 3406 2103 ad-mirabilcmque
3452 2038 3661 2087 natura:

342 2102 642 2172 γενενῆσθαι
683 2103 1014 2174 πιστεύομεν
1045 2106 1136 2160 τὸν
1183 2107 1554 2182 Ἐμμανουήλ,
1592 2112 1693 2164 καὶ·
1729 2111 1790 2165 τὸ
1812 2113 1952 2184 λαμ-

348 2194 493 2266 πρόν
522 2213 582 2248 τε
620 2197 715 2248 καὶ
749 2196 1082 2264 ἀξιάγαστον
1107 2198 1205 2267 τῆς
1243 2201 1454 2254 ἑαυτῶν
1483 2201 1699 2271 φύσεως
1731 2204 1793 2257 οὐ
1827 2203 1959 2258 διω-

343 2287 562 2357 σόμεθα
585 2288 872 2359 καύχημα,
902 2289 1231 2360 φρονοῦντες
1261 2293 1460 2364 ὀρθῶς.

423 2381 485 2433 Β.
519 2381 754 2450 Ἀρίστα
796 2380 954 2451 ἔφης.
1021 2381 1397 2454 Ἐπεδράξατο
1421 2386 1529 2458 γὰρ
1565 2389 1593 2440 ὀ
1615 2389 1949 2459 Μονογενὴς,

338 2472 473 2542 ουχὶ
504 2472 603 2542 τῆς
632 2471 768 2534 ἰδίας
794 2464 1011 2542 φύσεως
1043 2469 1099 2544 (ἦ
1131 2474 1241 2546 γὰρ
1281 2477 1348 2531 ἂν
1370 2478 1616 2532 οὑδὲντι
1649 2481 1852 2550 μᾶλλον
1885 2480 1955 2534 τά

340 2565 474 2618 καθ’
505 2567 652 2636 ἡμᾶς
672 2567 730 2618 ἐν
761 2567 1224 2637 ἀμείνοσιν),ἀλλ’
1253 2569 1373 2623 οὐδὲ
1395 2570 1494 2640 τῆς
1515 2572 1788 2640 ἀγγέλων,
1821 2574 1955 2627 ἀλλὰ

338 2656 668 2728 σπέρματος
703 2657 976 2727 Ἀϐραάμ,
1006 2658 1150 2712 καθά
1180 2658 1633 2733 γέγραπταιῘΗν
1654 2663 1762 2737 γὰρ
1786 2664 1952 2729 οὕτω,

339 2750 443 2802 καὶ
474 2750 572 2819 οὐχ
601 2749 827 2820 ἑτέρως,
862 2751 924 2804 τὸ
961 2751 1313 2825 διολισθῆσαν
1363 2758 1442 2820 εἰς
1498 2755 1708 2828 φθοράν
1737 2758 1952 2812 ἀνασώ-

342 2841 548 2895 σασθαι
587 2844 768 2910 γένος.

420 2934 485 2985 Δ.
506 2933 570 2986 Τί
594 2934 686 2998 ὃές
720 2936 857 3006 Οὐχὶ
878 2937 1102 2993 κάκεῖνο
1129 2941 1267 3010 πρὸς
1296 2942 1474 2995 τοῖσδε
1505 2943 1954 3012 καταθαυμάζειν

340 3027 521 3091 ἄξιον,
555 3021 602 3080 ὦ
647 3029 876 3099 Ἑρμεία
897 3049 912 3097 ;

419 3121 481 3174 Β.
525 3121 598 3174 Τὸ
627 3121 781 3174 ποῖόν
801 3139 854 3175 τι
889 3125 1030 3195 φής;

420 3213 485 3267 Α.
511 3213 690 3268 Μόνον
719 3214 828 3286 γάρ
857 3218 979 3288 οὐχὶ
1002 3221 1095 3271 καὶ
1117 3220 1177 3273 τὸ
1220 3221 1498 3292 ἐρρῶσθαι
1545 3226 1853 3294 φράσαντες
1886 3228 1951 3298 τῇ

2062 2131 2260 2178 uestrae
2290 2123 2607 2193 dignitatem
2638 2138 2742 2180 non
2773 2124 3099 2192 rejiciemus.

2135 2391 2192 2445 Β.
2241 2392 2458 2460 Optime
2504 2391 2664 2446 dicis.
2711 2392 3084 2461 Apprehcndit
3134 2392 3280 2446 enim
3336 2391 3496 2454 Deus,
3552 2405 3658 2446 non

2060 2487 2334 2556 propriam
2363 2501 2426 2540 ac
2453 2486 2780 2554 peculiarem
2818 2495 3068 2539 naturam
3097 2487 3308 2556 (neque
3330 2484 3474 2539 enim
3496 2483 3659 2554 quid-

2061 2595 2219 2648 quam
2253 2579 2318 2631 ad
2355 2593 2452 2633 nos
2482 2577 2729 2632 utilitatis
2761 2579 3142 2647 pervenisset),
3164 2578 3257 2632 sed
3290 2591 3464 2645 neque
3486 2589 3657 2646 augeo

2061 2671 2263 2733 lorum,
2315 2670 2407 2724 sed
2441 2685 2626 2724 semen
2659 2669 2916 2736 Abrahm,
2960 2670 3100 2723 sicut
3148 2669 3411 2736 scriptum
3464 2675 3548 2722 est
3582 2663 3649 2718 τ’.

2059 2761 2134 2815 ita
2171 2761 2340 2824 cnim,
2376 2771 2430 2814 et
2464 2777 2568 2815 non
2605 2760 2765 2814 aliter
2794 2775 2966 2830 genus
2995 2759 3059 2812 ad
3106 2759 3404 2829 perniciem
3442 2756 3662 2814 devolu-

2061 2864 2172 2908 tum
2202 2853 2613 2908 instaurandnm
2648 2862 2788 2908 erat.

2135 2945 2198 2998 A.
2242 2943 2382 3008 Quid
2408 2958 2540 2997 vero
2561 2942 2585 2996 ‘.’
2606 2943 2763 2998 Anne
2791 2943 2892 2996 hoc
2918 2942 3083 2997 etiam
3112 2941 3495 2996 admirandum
3527 2954 3660 2997 cen-

2059 3050 2172 3098 ses,
2201 3033 2419 3088 llermia
2444 3031 2467 3084 ἲ

2130 3125 2190 3178 Β.
2235 3125 2502 3189 Quidnam
2528 3125 2550 3176 ?

2132 3218 2197 3270 A.
2257 3215 2441 3269 Sacra:
2487 3213 2634 3268 cuitu
2697 3211 2996 3279 Scriptura:
3058 3210 3213 3278 quasi
3271 3211 3658 3281 valedicentes,

341 3307 699 3379 θεοπνεύστῳ
722 3310 938 3381 Γραφῇ,
961 3311 1056 3364 καὶ
1074 3312 1354 3387 πνεύμασι
1391 3316 1616 3380 πλάνοις
1638 3317 1730 3370 τὸν
1753 3319 1954 3372 οἰκεῖόν

2069 3318 2113 3364 ει
2159 3307 2446 3377 spiritibus
2481 3305 2686 3362 erroris
2726 3313 2962 3360 mentem
3010 3303 3346 3370 addicentes,
3390 3303 3557 3375 685
3595 3321 3662 3360 eo

340 3417 495 3462 τινες
534 3401 908 3472 ἀπονέμοντες
933 3403 1082 3469 νοῦν,
1114 3407 1194 3468 εἰς
1223 3405 1385 3458 τοῦτο
1411 3406 1703 3461 καθίκοντο
1727 3408 1955 3462 δυσϐου-

343 3492 471 3556 λίας
517 3493 614 3546 καὶ⁵
651 3494 1052 3564 μειρακιώδους
1099 3495 1451 3568 ἀϐελτηρίας,
1492 3498 1569 3562 ὡς
1603 3500 1814 3555 οἴεσθαι
1845 3502 1956 3554 δεῖν

339 3586 442 3639 τὸν
473 3585 580 3638 τῶν
602 3585 815 3640 αἰώνων
835 3587 1187 3659 δημιουργὸν,
1207 3589 1298 3642 τὸν
1317 3591 1588 3645 συναΐδιον
1607 3591 1687 3663 τῷ
1712 3593 1833 3665 Θεῷ
1860 3596 1956 3649 καὶ

348 3679 534 3749 Πατρὶ
561 3678 758 3748 Λόγον,
785 3683 852 3752 τῇ
891 3681 991 3752 τῆς
1049 3681 1253 3752 σαρκὸς
1287 3682 1505 3751 γενέσει
1552 3703 1958 3759 συμπαρομαρ-

344 3770 562 3824 τοῦσαν
584 3771 732 3842 ἔχειν
767 3771 866 3842 τῆς
895 3773 1185 3844 ὑπάρξεως
1211 3775 1312 3847 τὴν
1337 3775 1514 3847 ἀρχὴν
1537 3816 1551 3842 ,
1597 3779 1691 3831 καὶ
1717 3778 1952 3853 ὀψιγενῆ

345 3864 729 3933 φαντάζεσθαι
751 3862 842 3916 τὸν
876 3865 1136 3920 ἐπέκεινα
1159 3868 1362 3932 παντὸς
1385 3869 1584 3935 αἰῶνος
1616 3871 1709 3925 καὶ
1726 3873 1918 3943 χρόνου
1938 3915 1953 3940 ,

343 3955 428 4018 ὼς
459 3957 516 4008 ὲν
547 3957 799 4026 ἐσχάτοις
848 3957 943 4011 καὶ
995 3958 1151 4029 μόλις
1193 3963 1305 4024 τοῖς
1332 3961 1433 4033 τῆς
1484 3963 1957 4036 ἐνανθρωπήσεως

344 4052 586 4118 καιροῖς,
619 4048 843 4120 Πατέρα
877 4051 978 4119 μὲν
998 4051 1252 4119 γενέσθαι
1277 4051 1371 4105 τὸν
1399 4053 1557 4119 Θεὸν,
1583 4056 1957 4110 συνεισϐαλεῖν

345 4142 406 4196 δὲ
433 4140 626 4214 ὥσπερ
658 4145 738 4206 εἰς
767 4143 830 4194 τὺ
859 4139 1002 4196 εἷναί
1035 4159 1098 4195 τε
1143 4144 1238 4198 καὶ¹
1286 4147 1586 4214 ὑφεστάναι
1638 4148 1718 4218 τῷ
1755 4151 1820 4203 ὲκ
1857 4152 1958 4221 τῆς

349 4234 636 4307 Παρθένου
693 4235 806 4306 ναῷ
830 4279 844 4302 ,
894 4236 986 4290 τὸν
1037 4237 1107 4290 δι’
1131 4234 1193 4293 οῦ
1233 4236 1302 4290 τά
1327 4238 1526 4304 πάντα,
1563 4240 1658 4293 καὶ
1711 4241 1769 4293 ὲν
1889 4242 1956 4295 τά

347 4331 556 4385 πάντα.
585 4325 716 4403 Ἆρ’
760 4329 854 4385 οὖν
887 4331 1009 4402 οὐχὶ
1055 4333 1209 4404 πρὸς,
1238 4331 1394 4402 λῆξιν
1419 4333 1522 4404 ἤδη
1564 4334 1664 4405 τὴν
1696 4335 1958 4389 ἀνωτάτω

345 4424 704 4495 διεληλάκασι
738 4425 848 4478 τῶν
871 4424 1089 4489 κακῶν,
1120 4427 1169 4478 οἱ
1209 4425 1380 4496 μῦθον
1411 4425 1556 4480 οὓτω
1592 4427 1686 4481 τὸν
1733 4428 1955 4500 γραώδη

352 4518 448 4568 καὶ
486 4515 742 4586 βδελυρὸν
773 4517 1175 4588 προχειρότατα
1211 4521 1626 4588 προσηκάμενοι
1651 4557 1666 4582 ,
1729 4521 1825 4574 καὶ
1858 4523 1956 4591 τῆς

350 4608 599 4679 ἀκράτου
653 4609 886 4672 νωθείας
941 4608 1034 4662 τὸν
1075 4611 1276 4663 οἰκεῖον
1330 4611 1743 4682 ἀναπλήσαντες
1791 4611 1955 4677 νοῦν;

2059 3402 2346 3472 imperitiae
2393 3411 2451 3456 et
2494 3399 2752 3468 juvenilis
2799 3399 3126 3453 temeritatis
3175 3398 3543 3464 devenerunt,
3603 3409 3662 3454 ut

2058 3493 2427 3549 existimarint
2459 3506 2583 3546 eum
2619 3491 2713 3560 qui
2771 3489 3025 3544 conditor
3075 3497 3161 3544 est
3219 3489 3544 3544 szrculorum
3607 3501 3665 3547 et
3752 3489 3757 3498 ’

2058 3595 2368 3641 εοιειεηιιιε
2392 3583 2508 3639 Deo
2536 3594 2590 3639 et
2613 3583 2782 3649 Patri,
2808 3581 3049 3638 Verbum
3093 3582 3374 3648 nimirum,
3408 3593 3520 3638 tum
3552 3585 3663 3664 pri:

2061 3694 2206 3734 munt
2243 3678 2540 3734 exsistcndi
2590 3678 2802 3733 initium
2840 3679 3147 3747 accepisse,
3197 3692 3322 3732 cum
3362 3679 3662 3732 secundum

2060 3788 2282 3828 carnem
2320 3784 2481 3828 natus
2515 3782 2622 3840 est,
2650 3784 2706 3828 et
2737 3770 2888 3825 tarde
2918 3771 3157 3839 genitum
3189 3785 3329 3831 esse.
3364 3769 3454 3839 qui
3479 3771 3661 3825 omn-ia

2059 3865 2256 3920 saecula
2293 3873 2349 3918 et
2395 3871 2636 3932 tempora
2668 3861 2958 3923 antecedit,
2996 3859 3068 3912 ita
3099 3869 3159 3914 ut
3189 3858 3412 3913 ultimus
3447 3859 3661 3914 tandem

2059 3955 2457 4012 incarnationis
2497 3955 2834 4022 temporibus
2874 3951 3019 4006 Dens
3053 3953 3232 4007 factus
3263 3951 3334 4005 sit
3383 3949 3566 4018 Pater,
3606 3963 3663 4007 et

2059 4048 2460 4120 quodammodo
2489 4047 2790 4101 immissum
2825 4047 2876 4098 in
2907 4058 3120 4100 uterum
3154 4044 3392 4116 Virginis
3429 4053 3485 4098 ut
3515 4054 3666 4100 esset

2060 4152 2222 4212 atque
2270 4139 2616 4204 subsisteret,
2662 4154 2784 4191 eum
2824 4139 2919 4205 per
2952 4153 3113 4207 quem
3165 4147 3219 4192 et
3272 4137 3324 4191 iu
3378 4152 3488 4207 quo
3535 4149 3661 4192 sunt

2059 4235 2261 4291 omnia.
2295 4235 2453 4287 Anne
2485 4247 2579 4287 eos
2608 4233 2674 4284 ad
2713 4240 2909 4285 metam
2942 4232 3186 4284 ninnium
3231 4230 3503 4285 malorum
3537 4244 3661 4298 per-

2061 4327 2274 4382 venisse
2305 4341 2518 4393 censes,
2557 4326 2648 4395 qui
2684 4326 2821 4378 adeu
2849 4324 3082 4379 anilibus
3112 4333 3276 4393 atque
3308 4321 3661 4379 exsecrandis

2063 4418 2256 4474 fabulis
2276 4417 2518 4472 animum
2539 4415 2845 4488 adjiciunt?
2867 4434 2886 4468 ι
2913 4415 3259 4486 Sepulcrum,
3277 4426 3447 4478 certe,
3465 4425 3660 4484 patens

2059 4518 2144 4565 cst
2190 4516 2378 4578 guttur
2414 4523 2628 4573 eorum,
2679 4497 2878 4577 linguis
2910 4509 3024 4562 suis
3051 4506 3239 4562 dulese
3278 4506 3532 4577 agebant,
3562 4520 3656 4561 ve-

2064 4604 2258 4659 nenum
2297 4604 2542 4674 aspidmn
2567 4603 2667 4658 sub
2703 4602 2860 4656 labiis
2892 4617 3104 4665 eorum,
3141 4615 3370 4670 quorum
3399 4615 3461 4655 os
3487 4599 3657 4655 male-

357 4731 376 4754 .
403 4703 612 4771 Τάφος,
641 4701 880 4772 ἀληθῶς,
909 4699 1259 4772 ἀνεῳγμένος
1292 4705 1320 4756 ὁ
1366 4703 1575 4774 λάρυγξ
1605 4705 1808 4770 αὐτῶν,
1841 4709 1954 4769 ταῖς

2069 4698 2306 4754 dictione
2336 4706 2391 4753 et
2428 4697 2791 4751 amaritudine
2822 4695 3040 4765 plenum
3065 4705 3147 4748 est
3172 4693 3241 4749 ".
3275 4712 3294 4747 ι

351 4794 633 4863 γλώσσαις
648 4793 829 4847 αὐτῶν
853 4792 1184 4857 ἐδολιοῦσαν,
1212 4794 1288 4857 ἰὸς
1309 4795 1554 4848 ἀσπίδιον
1572 4797 1678 4850 ὑπὸ
1706 4798 1774 4850 τὰ
1805 4798 1956 4868 χείλη

351 4884 562 4949 αὐτῶν,
593 4878 668 4939 ὧν
689 4884 751 4937 τὸ
788 4884 965 4954 στόμα
993 4883 1134 4954 ἀρᾶς
1167 4884 1261 4938 καὶ
1293 4885 1521 4956 πικρίας
1548 4887 1730 4956 γέμει.
1775 4907 1792 4938 ι

430 4980 490 5030 Β.
534 4978 800 5050 Σύμφημι
828 4994 842 5008 ’
873 4978 968 5031 καὶ
1005 4976 1112 5049 γάρ
1141 4978 1292 5030 ἐστιν
1327 4978 1563 5049 ἀτρεκὴς
1593 4981 1622 5032 ό
1666 4978 1764 5033 τοῦ
1804 4980 1956 5035 Ψάλο

355 5071 548 5134 λοντος
584 5070 766 5139 λόγος.
875 5075 879 5078 ’

430 5165 497 5216 Α.
536 5159 614 5216 Ἦ
641 5163 752 5236 γὰρ
787 5163 908 5233 οὐχὶ
935 5161 1028 5217 τὸν
1071 5160 1138 5215 δι’
1167 5155 1228 5214 οῦ
1263 5162 1330 5215 τὰ
1366 5162 1565 5225 πάντα,
1609 5163 1704 5216 καὶ
1746 5169 1960 5236 προϋφο

357 5256 585 5312 εστάναι
610 5256 719 5310 τῶν
750 5257 972 5313 πάντων
995 5257 1239 5328 ἀνάγκης

435 5438 497 5491 Β.
540 5432 613 5492 Εὖ
646 5437 849 5506 λέγεις.

436 5530 502 5584 Α.
543 5529 609 5583 Τί
643 5529 700 5582 δὲ
727 5529 791 5598 δὴ
819 5528 915 5581 καὶ
945 5527 1118 5599 δρῷεν
1151 5529 1240 5591 ἂν,
1283 5528 1533 5581 Ἰωάννου
1583 5527 1682 5598 μὲν
1714 5528 1957 5600 γράφον-

361 5637 480 5686 τος,
515 5639 532 5672 ι
556 5621 643 5674 Ἐν
671 5622 816 5692 ἀρχῇ
841 5616 910 5690 ἦν
946 5621 975 5672 ό
995 5619 1186 5690 Λόγος,
1217 5621 1393 5674 πάντα
1417 5622 1488 5697 ¹δι’
1515 5619 1684 5674 αὐτοῦ
1717 5620 1957 5691 ἐγένετο,

367 5713 463 5766 καὶ
487 5715 657 5785 χωρὶς
681 5713 847 5766 αὐτοῦ
883 5713 1101 5782 ἐγένετο
1133 5713 1254 5765 οὐδὲ
1294 5713 1373 5766 ἓν.
1411 5733 1428 5765 ι
1465 5713 1576 5766 Καὶ
1605 5713 1793 5778 πάλιν,
1833 5733 1850 5766 ι
1893 5716 1958 5767 Ὃ

368 5801 438 5878 ἦν
489 5807 586 5860 ἀπ’
636 5806 850 5877 ἀρχῆς,
895 5806 923 5858 ὃ
978 5805 1332 5875 ἀκηκόαμεν,
1388 5806 1416 5858 ὃ
1467 5807 1795 5878 ἑωράκαμεν
1848 5809 1958 5870 τοῖς

449 5988 494 6021 ²⁰
530 5989 634 6046 lsa.
674 5987 860 6059 vn,li.
941 5988 979 6018 “
1009 5985 1144 6045 Luc.
1181 6000 1218 6057 ι,
1261 5985 1350 6055 50,
1385 5986 1498 6052 31.,
1554 5986 1778 6046 “Hebr.
1805 6002 1843 6057 ι,
1882 5986 1966 6043 10.

2044 5985 2088 6019 ’³
2116 5985 2258 6043 Psal.
2296 6002 2412 6059 xm,
2445 5987 2496 6044 5.

2139 4972 2206 5030 B.
2237 4973 2538 5027 Assentiur.
2609 4968 2779 5026 Verus
2809 4985 2958 5024 ennn
2989 4978 3074 5024 est
3103 4968 3404 5025 Psalmista‘:
3454 4982 3656 5025 sermo.

2134 5155 2198 5206 A.
2263 5151 2400 5218 Quid
2457 5152 2638 5217 enim,
2707 5162 2889 5205 nonne
2938 5163 3060 5205 eum
3117 5163 3212 5218 per
3258 5162 3416 5218 quem
3475 5148 3658 5203 omnia

2063 5251 2204 5304 facta
2255 5254 2401 5312 sunt,
2451 5246 2706 5300 omnibus
2749 5245 2916 5301 etiam
2968 5243 3358 5320 praeexstitisse
3420 5255 3652 5298 necesse

2063 5353 2146 5397 est
2181 5341 2206 5395 ?

2138 5433 2200 5488 Β.
2236 5434 2404 5489 Recte
2438 5432 2594 5488 dicis.

2139 5529 2203 5583 Λ.
2255 5528 2392 5594 Quid
2448 5541 2578 5582 vero
2634 5535 2816 5597 agant,
2883 5525 3157 5579 scribente
3216 5521 3477 5578 Joanne:
3519 5541 3537 5575 ι
3605 5523 3660 5578 In

2069 5624 2335 5694 principio
2381 5633 2502 5678 erat
2555 5621 2811 5690 Verbum,
2874 5619 3056 5673 nuntia
3117 5633 3216 5688 per
3275 5618 3449 5687 ipsum
3511 5616 3657 5671 facta

2070 5727 2216 5784 sunt,
2247 5726 2302 5772 et
2332 5716 2452 5771 sine
2487 5715 2606 5784 ipso
2638 5713 2836 5768 factum
2868 5720 2952 5768 est
2975 5711 3110 5766 nihil
3141 5712 3206 5766 “.
3251 5731 3270 5765 ι
3304 5709 3371 5766 Ει
3394 5723 3610 5766 rursum
3641 5729 3654 5762 :

2078 5829 2096 5860 ε
2118 5808 2268 5875 Quod
2291 5815 2409 5862 erat
2435 5806 2502 5861 ab
2536 5805 2710 5872 initio,
2734 5804 2877 5875 quod
2903 5804 3228 5870 audivimus,
3253 5803 3395 5874 quod
3425 5801 3660 5857 vidimus

2577 5986 2622 6019 ²”
2647 5984 2807 6044 Joan.
2837 6003 2876 6054 ι,
2912 5983 3024 6044 1-3.
