4050 6410
311 393 457 450 1209

1407 406 1498 460 DE
1537 408 2043 470 lNCAltNATlONE
2086 417 2399 474 UNlG-ENIT
2415 420 2458 476 Ῐ.

3441 424 3595 480 ιετε

315 511 534 580 ’Ὠσπερ
561 513 669 583 γὰρ
710 511 790 577 εἷς
824 515 938 568 ἐστι
971 517 1101 580 Θεὸς
1124 520 1151 571 ὁ
1185 521 1393 591 Πατὴρ,
1422 522 1481 587 ἐξ
1503 522 1562 578 οὗ
1591 529 1658 579 τὰ
1692 530 1884 594 πάντα,

1995 535 2136 588 enim
2186 552 2326 590 unus
2366 546 2453 591 est
2505 537 2645 590 Deus
2704 535 2886 602 Pater,
2940 551 3004 592 ex
3031 552 3137 605 quo
3198 548 3322 592 sunt
3354 540 3580 593 omnia:

308 601 462 653 οὕτω
501 604 597 656 καὶ
644 598 723 667 εἷς
777 604 983 677 Κύριος
1045 610 1248 680 Ἰησοῦς
1295 613 1570 682 Χριστὸς,
1615 618 1679 669 δι’
1725 615 1785 673 οὗ
1831 619 1901 674 τὰ

309 694 519 747 πάντα.
569 695 702 750 Θεὸν
745 697 854 768 γὰρ
889 699 1019 755 ὅντα
1067 703 1210 756 κατὰ
1250 703 1412 772 φύσιν
1458 707 1899 782 ὲπιγινώσκομεν

307 784 407 838 τὸν
455 783 523 838 δι’
553 781 612 839 οὗ
654 786 722 839 τὰ
769 787 968 858 πάντα,
1006 792 1177 861 Λόγον
1203 835 1216 858 ,
1267 795 1362 846 καὶ
1395 797 1443 846 εί
1492 798 1682 865 γέγονε
1730 781 1894 873 σὰρξ,

305 876 612 940 τουτέστιν,
642 878 739 931 ἄνθ
746 885 951 950 ρωπος.

387 967 446 1021 Β.
504 969 798 1040 Ὀρθὸτατα
833 972 988 1044 ἔφης.

383 1062 446 1114 Α.
503 1062 641 1114 Ἀλλ’
671 1064 787 1117 οῦτι
820 1083 922 1117 που
960 1068 1164 1137 σφόδρα
1197 1072 1317 1133 ταῖς
1347 1073 1403 1125 ἐν
1449 1077 1580 1145 ἡμῖν
1609 1078 1739 1148 περὶ
1775 1077 1898 1131 τού-

302 1165 405 1202 του
452 1151 635 1218 δόξαις
683 1155 752 1207 τὰ
793 1157 1019 1212 ἐκείνων
1052 1161 1411 1232 συμφέρεται.
1449 1166 1583 1220 Ἕνα
1634 1169 1735 1238 μὲν
1788 1170 1897 1240 γὰρ

305 1241 763 1313 ὁμολογουμένως
829 1248 1229 1319 παραδέχονται
1303 1256 1395 1308 καὶ
1446 1257 1597 1311 αὐτοὶ
1658 1261 1896 1330 Χριστὸν

321 1331 559 1402 Ἰησοῦν,
591 1334 788 1405 ἄριστα
813 1339 1140 1409 φρονοῦντες
1164 1341 1222 1395 ἒν
1249 1361 1311 1410 γε
1337 1346 1529 1418 τούτῳ.
1568 1350 1892 1420 Παρωθοῦν-

304 1442 400 1478 ται
425 1425 484 1478 δὲ
520 1426 643 1480 λίαν
671 1429 746 1491 ὼς
781 1430 1041 1495 δυσσεϐὲς
1069 1434 1148 1486 ὅτι
1178 1437 1413 1506 μάλιστα
1442 1443 1791 1514 καταδιῖστᾷν
1817 1447 1895 1509 είς

304 1516 406 1570 δύο
429 1517 524 1570 τὸν
564 1519 913 1592 Ἐμμανουήλ
933 1540 946 1552 ·
973 1523 1152 1595 ψυχῆς
1184 1527 1230 1579 δ’
1262 1523 1354 1581 οὖν
1392 1531 1540 1600 ὅμως
1567 1533 1666 1603 τῆς
1687 1535 1896 1604 ἀνθρω-

307 1609 477 1679 πίνης
501 1611 594 1663 καὶ
620 1612 844 1684 λογικῆς
870 1615 966 1686 τὴν
1006 1618 1186 1688 σάρκα
1216 1620 1620 1690 γυμνώσαντες,
1650 1626 1893 1695 ἡνῶσθαί

306 1715 478 1766 φασιν
509 1701 645 1773 αὐτῇ
687 1703 777 1756 τὸν
826 1705 889 1756 ὲκ
931 1704 1069 1758 Θεοῦ
1108 1707 1317 1775 Λόγον.ς
1359 1710 1680 1784 Ἑξεύρηται
1714 1715 1771 1768 δέ
1812 1732 1895 1778 τις

303 1793 499 1856 αὐτοῖς
527 1794 774 1861 πιθανὸς,
807 1797 881 1862 ὡς
917 1799 1118 1853 οῖονται
1143 1842 1158 1866 ,
1213 1802 1349 1872 πρὸς
1383 1803 1541 1858 τοῦτο
1573 1807 1765 1875 Λόγος.
1811 1808 1892 1862 Τὰ

302 1883 419 1953 γάρ
459 1899 566 1950 τοι,
615 1887 770 1954 φασὶ,
821 1888 960 1943 κατὰ
1010 1891 1262 1946 σύνθεσιν
1312 1895 1449 1966 πρὸς
1507 1897 1625 1960 ἐνὸς
1683 1898 1889 1952 τελείου

305 1973 572 2028 σύστασιν
607 1975 1120 2048 σννδεδραμηκὸτα,
1171 1981 1311 2054 μέρη
1354 2000 1414 2036 τε
1447 1988 1540 2038 καὶ
1577 1985 1636 2052 ἐξ
1684 1987 1890 2042 ἀτελῶν

299 2062 539 2132 δρᾶσθαι
570 2065 716 2133 φιλεῖ
736 2106 749 2130 ,
792 2067 887 2121 τοῦ
913 2069 1136 2134 τελείως
1169 2071 1385 2141 ἔχοντος
1420 2076 1543 2129 καθ’
1573 2079 1754 2140 ἑαυτὸ,
1797 2081 1892 2132 καὶ

299 2153 384 2217 ὡς
415 2155 475 2207 ἐν
507 2155 614 2226 ἰδίᾳ
643 2156 825 2226 φύσει,
852 2159 953 2229 τῆς
985 2161 1048 2214 ὲκ
1074 2162 1260 2233 μερῶν
1293 2166 1595 2233 συνθέσεως
1620 2171 1680 2222 οὐ
1709 2171 1893 2242 δεδεη-

297 2243 495 2311 μένου.
517 2245 808 2317 Τοιγάρτοι
833 2250 984 2317 φασὶ,
1015 2255 1384 2324 παραιτητέον
1415 2258 1661 2323 εἰκότως,
1681 2260 1891 2332 ἄνθρω-

295 2353 406 2388 πον
445 2337 627 2391 δοῦναι
653 2340 880 2406 τέλειον,
912 2343 1004 2396 τδν
1034 2347 1400 2402 συνενωθέντα
1437 2350 1514 2421 τῷ
1547 2353 1704 2423 Λόγῳ
1739 2354 1886 2420 ναὸν,

295 2426 389 2480 ἵνα
426 2429 521 2481 καὶ
554 2430 586 2500 ἡ
630 2430 902 2500 σύνθεσις,
931 2435 1076 2509 ἤπερ
1105 2437 1170 2490 ἂν
1203 2439 1296 2492 ἐπὶ
1328 2442 1550 2512 Χριστῷ
1581 2447 1752 2496 νοοῖτο
1790 2463 1884 2498 τυ-

294 2519 420 2588 χὸν,
473 2521 676 2592 ἀκριϐῆ
731 2541 788 2575 τε
840 2526 936 2578 καὶ
982 2528 1304 2599 ἀδιάϐλητον
1353 2533 1444 2585 τὸν
1501 2536 1699 2605 ἑαυτῆς
1747 2538 1886 2590 ἀπο-

295 2613 470 2677 σώζει
503 2615 692 2686 Λόγον.
722 2621 831 2672 Καὶ
863 2622 969 2690 μὴν
1000 2624 1221 2677 κάκεῖνο
1262 2628 1549 2698 προσθεῖεν
1575 2629 1661 2694 ἂν,
1696 2631 1888 2702 ὥσπερ

293 2702 394 2760 οὖν
421 2701 662 2779 ἐγῷμαι.
698 2711 763 2765 Ei
793 2714 901 2784 γὰρ
929 2715 990 2780 ἐξ
1022 2716 1317 2788 ἀνθρώπου
1342 2721 1566 2784 τελείου,
1604 2725 1756 2793 φασὶ,
1793 2727 1888 2778 καὶ

291 2797 399 2849 τοῦ
431 2799 496 2852 ἐκ
531 2800 746 2872 [ἰατρὸς
770 2802 924 2868 ὗντος
964 2807 1162 2876 Λόγου,
1196 2812 1516 2883 συντίθεμεν
1545 2817 1636 2868 τὸν
1676 2816 1887 2888 Ἐμμα-

291 2891 501 2962 νουήλ,
548 2893 609 2945 οὐ
661 2893 836 2964 βραχὺ
887 2898 948 2950 τὸ
987 2898 1170 2970 δεῖμα,
1209 2903 1408 2973 μᾶλλον
1458 2905 1513 2957 δὲ
1551 2907 1890 2977 ἀδιάφυκτον

293 2984 401 3054 ἤδη
429 3001 547 3054 πως
575 2983 642 3038 ἂν
671 2986 918 3056 φανεῖται
953 2991 1156 3058 λοιπὸν,
1186 2995 1247 3047 τὸ
1283 2997 1376 3050 καὶ
1415 2997 1729 3069 ἀϐουλήτως
1753 3002 1883 3066 δεῖν,

262 3075 392 3128 δύο
437 3076 536 3145 μὲν
567 3079 751 3146 υἱοὺς,
783 3082 1056 3152 Χριστοὺς
1105 3085 1162 3139 δὲ
1208 3083 1274 3141 αὖ
1318 3089 1413 3142 δύο
1440 3095 1654 3160 φρονεῖν
1691 3110 1750 3146 τε
1793 3096 1886 3148 καὶ

293 3166 421 3236 λέγε
432 3186 500 3222 ιν.

366 3259 430 3313 Β.
473 3256 607 3315 Εἶτα
641 3263 694 3316 τί
726 3264 935 3330 τούτοις
964 3266 1298 3338 ἀντεροῦμεν
1329 3271 1524 3341 ήμεῖς;

364 3351 430 3404 A.
477 3353 701 3422 Πρῶτον
737 3358 858 3422 μὲν,
892 3357 975 3410 ὅτι
1005 3359 1102 3426 τῆς
1149 3359 1385 3423 πίστεως
1430 3363 1528 3432 τὴν
1575 3362 1748 3426 οὕτως
1787 3365 1883 3435 ἀρ-

287 3443 593 3514 χαιοτάτην
620 3447 708 3500 καὶ
753 3443 811 3513 ἐξ
857 3448 1036 3501 αὐτῶν
1085 3451 1193 3503 τῶν
1234 3452 1405 3520 ἁγίων
1463 3453 1778 3508 ἀποστόλων
1809 3455 1886 3508 δι-

286 3540 539 3610 ήκουσαν
586 3542 666 3604 είς
711 3543 861 3611 ἡμᾶς
910 3546 1230 3612 παράδοσιν,
1258 3548 1317 3600 οὐ
1363 3550 1482 3611 ταῖς
1517 3549 1888 3623 ὑπερμέτροις

285 3632 604 3701 ἀκριϐείαις
629 3635 958 3688 καταλυπεῖν
979 3637 1293 3703 ἄξιον,οῦτε
1327 3641 1436 3711 μὴν
1456 3644 1577 3706 ταῖς
1607 3644 1686 3706 εἰς
1715 3644 1883 3714 ἄκρον

283 3723 546 3794 ἐρεύναις
580 3727 871 3795 ὑποφέρειν
900 3727 967 3780 τὰ
992 3729 1133 3800 ὑπὲρ
1166 3730 1312 3796 νοῦν,
1339 3731 1452 3784 ἀλλ’
1467 3732 1586 3786 οὐδὲ
1612 3734 1768 3804 ἥκειν
1803 3736 1884 3797 εἰς

286 3816 463 3886 μέσον
487 3811 684 3887 οἷάπερ
702 3819 852 3882 τινας
887 3821 1128 3891 ὁριστὰς,
1153 3823 1246 3876 καὶ
1277 3823 1666 3893 ῥιψοκινδύνως
1700 3826 1882 3893 λέγον·

281 3925 410 3970 τας,
446 3908 520 3972 ὡς
550 3911 609 3962 τὺ
637 3910 784 3962 δεῖνα
809 3911 933 3981 μὲν,
957 3913 1156 3983 ὀρθῶς,
1175 3914 1236 3968 τὸ
1265 3916 1412 3968 δεῖνα
1428 3916 1484 3969 δὲ
1507 3913 1596 3981 αὖ,
1624 3917 1880 3988 ἑτεροίως

281 3999 434 4068 ἔχειν
464 4001 603 4076 χρῆν
635 4001 827 4071 δήπου,
856 4004 951 4056 καὶ
977 4000 1044 4074 ἦν
1067 4005 1290 4074 ἄμεινον
1319 4007 1556 4074 ἀληθῶς,
1586 4009 1879 4078 ἀπονέμειν
1922 4027 1924 4030 ·

279 4092 342 4144 δὲ
392 4089 596 4161 μᾶλλον
625 4092 706 4162 τῷ
744 4093 1007 4164 πανσὸφῳ
1039 4094 1158 4165 Θεῷ
1199 4097 1308 4149 τῶν
1360 4097 1504 4149 ἰδίων
1537 4099 1876 4168 διασκέψεων

280 4184 384 4254 τὴν
413 4184 555 4248 ὁδὸν,
590 4184 686 4237 καὶ
717 4184 791 4254 μὴ
825 4187 937 4249 τοῖς
975 4181 1033 4238 εὖ
1065 4185 1150 4256 ἔχε
1163 4204 1208 4239 ιν
1241 4189 1373 4258 παρ’
1401 4187 1549 4258 αὐτῷ
1581 4189 1874 4258 δεδοκιμα-

283 4275 510 4345 σμένοις
543 4276 898 4348 ὑπερφιάλως
928 4280 1210 4349 ἐπιτιμᾷν.
1246 4279 1616 4349 ’Λκονσόμεθα
1641 4280 1749 4353 γὰρ
1782 4281 1872 4332 λέ-

279 4387 471 4437 γοντος
501 4371 769 4442 ἐναργῶς,
795 4390 814 4423 ι
839 4373 913 4424 Οὐ
941 4373 1048 4441 γάρ
1073 4375 1211 4425 εἰσιν
1239 4375 1294 4426 αἱ
1327 4373 1512 4443 βουλαί
1539 4391 1661 4441 μου,
1684 4374 1874 4446 ὥσπερ

284 4465 340 4515 αὶ
383 4464 573 4532 βουλαὶ
612 4463 766 4534 ὑμῶν
798 4465 894 4533 (4),
927 4465 1047 4518 οὐδὲ
1093 4465 1284 4535 ὥσπερ
1329 4469 1383 4518 αἱ
1445 4467 1554 4519 ὁδοὶ
1604 4469 1780 4537 ὑμῶν,
1817 4471 1873 4521 αἱ

2006 627 2078 678 ita
2120 627 2284 680 etiam
2318 644 2455 680 unus
2488 626 2746 682 Dominus
2784 626 2940 682 Jesus
2971 628 3246 695 Christus,
3298 644 3393 697 per
3420 645 3581 699 quem

2002 719 2208 773 onmia.
2269 720 2434 772 Deum
2503 720 2649 773 enim
2701 736 2822 774 esse
2857 722 3150 775 secundum
3188 733 3439 775 naturam
3467 737 3584 790 pro-

2002 797 2219 861 litemur
2249 809 2502 872 Verbum,
2533 824 2629 878 per
2666 811 2807 877 quod
2853 810 3056 874 omnia,
3108 811 3320 865 etiamsi
3382 809 3581 864 factum

2001 901 2067 955 sit
2099 916 2246 965 caro,
2273 900 2373 954 hoc
2403 911 2507 967 est,
2533 901 2710 954 homo.

2071 995 2130 1050 Β.
2161 995 2484 1049 Rectissime
2522 995 2728 1050 dixisti.

2063 1088 2128 1139 A.
2153 1086 2320 1154 Atqui
2369 1101 2474 1138 non
2516 1085 2809 1139 admodum
2858 1100 2977 1140 cum
3014 1098 3197 1140 nostra
3230 1090 3295 1142 de
3324 1087 3417 1140 illo
3452 1101 3579 1142 sen-

1999 1179 2166 1232 tentia
2224 1178 2440 1231 illorum
2515 1181 2763 1244 dogmata
2814 1181 3160 1234 conveniunt.
3207 1178 3381 1234 Unum
3431 1181 3578 1233 enim

2001 1269 2188 1335 procul
2244 1267 2406 1322 dubio
2473 1267 2641 1338 689
2690 1268 2851 1323 etiam
2924 1269 2996 1323 illi
3067 1271 3331 1339 recipiunt
3393 1270 3582 1324 Jcsuur
3628 1269 3668 1339 ,‘

1998 1362 2296 1422 Christum,
2323 1361 2531 1428 optime
2575 1362 2677 1415 hac
2709 1362 2925 1430 quidem
2984 1377 3048 1415 ex
3084 1372 3234 1430 parte
3261 1361 3576 1417 sentientes.

1999 1447 2347 1508 Dutestantur
2394 1453 2559 1508 etiam
2619 1463 2875 1519 tanquam
2930 1456 3274 1507 vehementer
3333 1455 3576 1523 impium,

1995 1542 2404 1597 Etntnanuelcm
2441 1545 2489 1594 iu
2530 1544 2636 1596 duo
2679 1545 2920 1597 dividere
2966 1545 3191 1598 :anima
3252 1555 3429 1598 tamen
3481 1547 3580 1600 hu-
3632 1565 3640 1636 ἱ

1999 1649 2154 1687 mana
2219 1645 2274 1687 et
2334 1634 2583 1687 rationali
2627 1649 2848 1688 carnem
2889 1635 3186 1701 prirantes,
3227 1633 3459 1688 Verbum
3512 1649 3577 1688 ex

1996 1725 2106 1778 Deo
2145 1725 2192 1779 ei
2231 1725 2438 1779 unitum
2464 1741 2584 1778 esse
2609 1725 2782 1780 aiunt.
2823 1725 2887 1779 Et
2911 1727 3240 1794 probabilem
3265 1727 3577 1794 quamdam,

1999 1828 2055 1871 ut
2113 1818 2452 1884 existimant,
2517 1819 2781 1872 rationem
2826 1817 3066 1887 cpiiiioni
3106 1833 3215 1872 sua:
3255 1826 3578 1886 praetexunt.

1996 1909 2127 1975 Qua:
2177 1909 2345 1972 enim,
2386 1910 2662 1977 inquiunt,
2710 1925 2806 1979 per
2858 1910 3301 1978 compositionem
3330 1910 3396 1963 ad
3420 1910 3580 1963 unius

1997 2001 2218 2071 perfecti
2261 2002 2698 2055 constitutionem
2725 2012 3082 2064 concurrunt,
3131 2014 3311 2070 partes
3364 2012 3413 2054 ct
3454 2001 3578 2069 qui-

1993 2094 2112 2146 dem
2147 2110 2211 2146 ex
2251 2091 2582 2162 imperfectis
2616 2093 2853 2162 cunSpici
2878 2094 3051 2146 solent
3081 2110 3094 2159 ;
3135 2093 3254 2161 ejus
3301 2094 3446 2162 quod
3483 2109 3582 2164 per

1994 2199 2073 2249 se,
2141 2195 2195 2238 et
2258 2185 2309 2237 in
2373 2183 2590 2255 propria
2635 2199 2731 2238 sua
2786 2193 2979 2238 natura
3033 2186 3332 2251 perfectura
3377 2195 3482 2250 est,
3524 2192 3579 2239 ct

1994 2276 2388 2341 compositione
2441 2291 2505 2330 ex
2563 2277 2810 2345 partibus
2865 2291 2970 2330 non
3013 2287 3155 2346 eget.
3216 2275 3448 2343 Idcirco,
3491 2277 3578 2330 iu-

1993 2369 2206 2437 quiunt,
2249 2367 2549 2422 cavendum
2604 2369 2825 2423 omnino
2860 2378 2964 2430 est,
3008 2385 3074 2424 ne
3125 2369 3425 2436 perfectura
3464 2380 3576 2424 sta-

1994 2470 2208 2514 tuamus
2266 2459 2563 2524 hominem,
2621 2459 2878 2529 templum
2933 2463 3075 2528 quod
3150 2460 3324 2514 Verbo
3369 2460 3576 2513 unitum

1990 2561 2092 2616 est,
2151 2561 2209 2606 ut
2262 2552 2608 2621 compositio,
2645 2567 2766 2619 qua:
2829 2551 2880 2605 in
2951 2552 3170 2606 Christo
3232 2551 3576 2622 intelligitur,

1993 2647 2290 2714 perfectam
2344 2660 2494 2700 suam
2559 2653 2614 2699 et
2689 2643 3228 2714 irreprchensibilem
3307 2644 3576 2698 rationein

1990 2738 2258 2791 obtineat.
2299 2737 2431 2791 lllttd
2483 2752 2615 2792 vero
2639 2739 2912 2802 etiam,ut
2978 2736 3238 2804 arbitror,
3300 2735 3576 2804 adiicient.

1991 2827 2047 2882 Si
2083 2829 2252 2894 enim,
2286 2829 2558 2898 inquiunt,
2592 2844 2654 2883 ex
2684 2827 2924 2899 perfecto
2947 2828 3185 2892 homine,
3219 2836 3273 2882 et
3303 2843 3368 2881 ex
3399 2825 3581 2882 Verbo

1991 2919 2172 2975 Patris
2247 2920 2666 2976 Emmanuelem
2741 2921 3150 2983 constituimus,
3219 2935 3325 2974 non
3385 2934 3576 2987 parum

1992 3013 2309 3074 verendum,
2362 3013 2470 3067 imo
2521 3028 2650 3069 vero
2703 3013 3070 3067 necessarium
3141 3011 3299 3080 plane
3367 3012 3469 3067 erit
3521 3020 3578 3066 ut

1990 3104 2126 3156 does
2168 3103 2308 3158 ﬁlios
2330 3113 2384 3157 et
2408 3105 2541 3158 duos
2573 3104 2809 3158 christos
2844 3103 3126 3158 faciamus.

2059 3279 2125 3331 Α.
2153 3278 2288 3343 Quid
2321 3293 2448 3331 vero
2480 3294 2583 3331 non
2615 3280 2700 3334 his
2729 3281 3216 3350 respondebimus?

2059 3367 2123 3417 A.
2151 3365 2387 3420 Primum
2421 3366 2639 3435 quidem
2693 3368 2834 3435 quod
2889 3369 3318 3438 antiquissimzc,
3343 3383 3578 3439 quaeque

1987 3457 2123 3510 adeo
2152 3456 2219 3510 ab
2260 3457 2390 3525 ipsis
2420 3458 2621 3512 sanctis
2653 3459 2911 3528 apostolis
2945 3460 3009 3512 ad
3039 3477 3135 3514 nos
3168 3461 3416 3530 pervenit.
3452 3461 3574 3514 fidei

1989 3550 2288 3613 traditiooi,
2320 3550 2618 3620 singularis
2650 3551 2915 3620 perfectio
2966 3551 3281 3621 deroganda
3339 3568 3444 3606 nou
3478 3553 3572 3618 sit,

1986 3641 2078 3695 sed
2112 3657 2284 3710 neque
2320 3656 2547 3695 summa:
2581 3643 2981 3712 investigationi
3006 3657 3064 3696 ea
3096 3661 3213 3710 quae
3240 3643 3574 3699 intellectum

1987 3741 2229 3785 nostrum
2257 3735 2527 3787 excedunt
2555 3733 2914 3801 subjicienda,
2951 3750 3128 3803 neque
3158 3752 3344 3789 rursus
3396 3751 3494 3790 nos
3521 3737 3575 3790 in

1987 3824 2220 3877 medium
2253 3825 2549 3892 procedere
2578 3825 2800 3890 debere,
2836 3826 3002 3878 veluti
3038 3828 3296 3894 quosdam
3332 3828 3576 3884 arbitros

1983 3915 2182 3982 quique
2211 3916 2408 3968 limites
2435 3915 2857 3978 constituamus,
2885 3918 3279 3986 temerarieque
3299 3918 3574 3984 dicamus,

1983 4005 2237 4058 nonnulla
2267 4006 2483 4072 quidem
2514 4014 2664 4059 recte
2701 4021 2820 4060 sese
2852 4007 3076 4072 habere,
3131 4010 3386 4063 nonnulla
3441 4028 3573 4066 vero

1980 4113 2084 4149 non
2112 4097 2265 4160 item,
2299 4097 2391 4149 sed
2425 4095 2526 4149 alia
2556 4096 2763 4149 ratione
2795 4096 2984 4149 melius
3011 4113 3130 4153 sese
3166 4100 3437 4166 habitura,
3458 4104 3572 4185 sed

1977 4187 2154 4256 potius
2195 4186 2596 4253 sapientissimo
2632 4185 2742 4240 Deo
2773 4186 3177 4256 relinquendam
3202 4207 3320 4246 esse
3345 4208 3567 4248 suorum

1978 4276 2326 4331 consiliorum
2363 4278 2529 4342 viam,
2564 4293 2737 4345 neque
2759 4293 2820 4331 ea
2840 4293 2960 4346 qua:
2984 4294 3011 4330 a
3045 4280 3152 4334 Deo
3181 4289 3238 4335 ut
3273 4295 3415 4337 recta
3444 4300 3569 4353 pro-

1979 4369 2097 4420 bata
2129 4378 2472 4422 sunttemere
2498 4370 2917 4438 reprehendere.
2946 4369 3242 4426 Audiemus
3268 4372 3411 4426 enim
3440 4389 3566 4429 eum

1979 4456 2261 4511 manilcste
2297 4458 2564 4511 dicentem
2599 4474 2613 4510 :
2658 4476 2677 4509 ι
2723 4458 2837 4513 Non
2871 4471 2996 4513 sunt
3037 4460 3265 4514 consilia
3311 4477 3426 4515 mea
3464 4462 3568 4517 sic-

277 4553 391 4605 ὁδοί
425 4570 551 4622 μου,
585 4552 700 4605 ἀλλ’
730 4551 920 4622 ὥσπερ
945 4553 1142 4623 ἀπέχει
1170 4556 1198 4606 ὁ
1236 4554 1464 4623 οὐρανὸς
1494 4555 1601 4608 ἀπὸ
1622 4557 1719 4626 τῆς
1744 4560 1867 4628 γῆς,

1988 4562 2036 4604 ιιι
2079 4552 2304 4605 censilia
2342 4562 2545 4614 vestra,
2597 4567 2773 4622 neque
2800 4553 2940 4607 sicut
2971 4554 3068 4607 riae
3125 4571 3279 4622 meae,
3323 4556 3424 4609 vite
3480 4571 3569 4610 rc-

275 4639 458 4703 οὕτως
487 4641 735 4710 ἀπέχειὴ
769 4639 885 4703 ὁδός
923 4657 1024 4710 μου
1059 4641 1166 4693 ἀπὸ
1189 4641 1296 4695 τῶν
1319 4641 1449 4694 ὁδῶν
1470 4642 1646 4712 ὑμῶν,
1681 4645 1773 4696 καὶ
1809 4645 1880 4696 τὰ

273 4732 623 4803 διανοήματα
653 4733 807 4804 ὑμῶν
832 4733 938 4786 ἀπο
970 4734 1068 4803 τῆς
1097 4733 1332 4798 διανοίας
1361 4752 1519 4805 μου.»
1543 4731 1674 4789 Εἶτα
1704 4738 1763 4789 τὸ
1789 4737 1875 4789 δο-

276 4824 414 4878 κοῦν
456 4826 641 4888 αὐτοῖς
694 4825 965 4896 ηὑρῆσθαι
1002 4826 1202 4894 σοφῶς,
1250 4826 1414 4878 ἕωλον
1450 4827 1732 4888 παντελῶς
1779 4829 1875 4881 καὶ

269 4917 491 4986 ἀμαθὲς
518 4916 578 4970 ὃν
604 4917 894 4972 ἁλώσεται.
928 4919 990 4970 Εἰ
1017 4916 1126 4988 γὰρ
1150 4917 1212 4987 δή
1247 4935 1328 4980 τις
1356 4916 1547 4978 ἕλοιτο,
1571 4905 1751 4989 ψυχῆς
1781 4918 1868 4972 λο»

271 5009 447 5078 γικῆς
487 5009 580 5062 τὸν
613 5008 756 5062 θεῖον
786 5011 992 5062 ἐκεῖνον
1041 5010 1437 5079 ἁπογυμνῶσαι
1478 5009 1628 5072 ναὸν,
1674 5012 1773 5064 οὐκ
1805 5011 1866 5075 ἐξ

242 5093 488 5156 ’ἀτελῶν
519 5103 552 5170 ὴ
582 5101 798 5164 σύνοδος
828 5100 979 5154 ἔσται
1005 5100 1116 5162 δύο,
1146 5101 1340 5154 πολλοῦ
1379 5119 1440 5168 γε
1468 5101 1561 5154 καὶ
1583 5102 1683 5157 δεῖ.
1707 5104 1861 5157 Ἔστι

273 5193 380 5262 μὶν
407 5191 514 5263 γὰρ
567 5191 1036 5262 ὁμολογουμένως,
1077 5191 1154 5255 ὼς
1205 5191 1342 5263 πρὸς
1384 5190 1506 5244 ὅλον
1548 5191 1857 5260 ἄνθρωπον,

268 5286 370 5340 τὸν
407 5287 473 5338 ὲκ
503 5284 682 5354 ψυχῆς
711 5283 775 5355 δὴ
807 5283 950 5353 λέγω
977 5283 1072 5338 καὶ
1121 5284 1390 5355 σώματος,
1425 5283 1561 5355 μόνη
1606 5286 1698 5337 καὶ
1739 5284 1864 5337 καθ’

350 5443 394 5474 ³⁸
427 5443 531 5498 lsa.
557 5456 644 5510 ev,
676 5441 729 5508 8,
773 5441 826 5497 9.

1978 4656 2103 4699 Sine
2142 4657 2152 4689 ε
2191 4646 2284 4698 sed
2316 4644 2457 4696 sicut
2498 4645 2664 4698 distat
2719 4646 2915 4698 rmlum
2971 4661 3000 4699 ιι
3031 4657 3199 4708 terra,
3241 4658 3444 4701 tantum
3483 4648 3565 4702 di-

1978 4742 2120 4787 stant
2155 4735 2253 4786 \ire
2289 4752 2419 4787 mea:
2442 4751 2469 4786 a
2502 4735 2601 4787 viis
2637 4735 2848 4797 vestris,
2887 4747 2938 4788 et
2972 4737 3335 4806 cogitationes
3365 4748 3567 4792 vestrm

1978 4843 2005 4878 a
2034 4827 2458 4896 cogitationibus
2483 4827 2619 4881 meis
2651 4827 2716 4884 ³⁸.
2741 4846 2758 4878 ι
2790 4826 3058 4882 Praeterea
3092 4829 3140 4883 id
3170 4831 3310 4898 quod
3343 4831 3558 4897 sapiet»

1979 4929 2058 4973 ter
2086 4919 2371 4973 adinodum
2415 4917 2482 4973 ab
2529 4919 2632 4971 illis
2667 4919 2943 4972 int-cntum
2973 4936 3092 4974 esse
3123 4921 3560 4982 videtur,vanum

1973 5023 2194 5076 prorsus
2253 5021 2417 5078 atque
2485 5009 2780 5062 absurdum
2831 5026 2953 5064 esse
2981 5011 3432 5077 deprehendetur.
3499 5007 3564 5062 Si

1971 5103 2092 5169 quis
2115 5103 2256 5154 enim
2287 5101 2676 5155 velitdivinum
2714 5101 2838 5154 illud
2876 5103 3130 5172 templum
3167 5099 3562 5155 rationaliani—

1973 5209 2055 5245 ma
2095 5194 2330 5262 privare,
2361 5208 2464 5245 non
2494 5206 2558 5244 ex
2592 5191 2922 5259 imperfectis
2952 5209 3274 5262 congressus
3325 5194 3563 5245 duorum

1935 5284 2071 5339 ’erit
2102 5301 2114 5337 :
2145 5285 2370 5337 multum
2391 5283 2532 5336 enim
2562 5283 2734 5339 abest.
2763 5284 2855 5338 Est
2878 5284 3020 5338 enim
3052 5283 3312 5354 profecto,
3337 5297 3560 5352 compa-

1511 5596 1671 5654 non.
1714 5565 2034 5653 VULCANII
2071 5596 2304 5653 item.

345 5764 422 5834 μ)
462 5765 595 5819 Vide
624 5779 742 5833 quae
774 5765 838 5817 ad
878 5756 1246 5834 hunelocum
1291 5761 1668 5834 adnotayimus
1704 5762 1843 5834 lihro

273 5831 530 5892 adrasus
574 5831 1135 5906 Anthropomorphilas
1169 5831 1369 5901 (Cyrilli
1409 5843 1446 5886 t.
1477 5831 1563 5899 IX,
1598 5841 1706 5888 not.
1745 5832 1854 5903 ll),

1954 5762 2162 5886 ubirde
2191 5779 2349 5847 socc
2382 5766 2698 5838 οἰκονομίας
2732 5767 2963 5839 egimus,
3003 5765 3227 5841 ejusque
3280 5769 3434 5831 varis
3463 5767 3550 5826 si-

1962 5849 2050 5886 ent
2078 5851 2331 5886 tcanone.

1962 5849 2331 5902 gntltcattoue.
