4050 6454
502 448 635 505 I9.“

1493 443 1553 500 S.
1594 440 1867 501 CYRILLI
1909 443 2381 503 ALEXANDBINI
2420 446 2738 504 AltClilEP.

3623 448 3768 506 1212

505 574 719 627 ratione
751 566 1189 630 lotiusbominis,
1237 567 1439 629 anima,
1477 567 1720 634 inquam,
1755 576 1811 621 et
1856 582 2084 635 corpore

2201 571 2385 641 ἑαυτὴν
2414 572 2492 634 ὡς
2518 571 2684 641 μέρος
2712 573 2744 641 ἡ
2783 569 2941 641 σάρξ.
2980 568 3120 623 Ἀλλ’
3145 569 3172 623 ὃ
3194 586 3257 639 γε
3287 568 3420 633 Θεὸς
3449 568 3637 634 Λόγος,
3668 578 3771 638 οὑχ

506 661 828 723 constantis,
856 659 967 715 sola
988 673 1052 712 ac
1079 672 1173 727 per
1203 673 1260 711 se
1289 665 1345 709 ιιι
1388 672 1534 726 pars,
1581 674 1730 712 caro.
1772 657 1879 713 Sed
1925 659 2092 730 690

507 755 675 809 Deum
708 752 958 815 Verbum,
984 764 1089 803 non
1123 765 1246 818 pars
1279 749 1504 817 alicujus
1547 766 1668 805 esse
1723 751 2078 820 intelligitur:

507 847 600 901 sed
630 859 801 914 neque
829 841 1192 910 imperfectus.
1222 841 1656 897 l'erl’ectissimus
1704 843 1847 897 enim
1881 853 1965 898 est
2027 845 2079 898 in

506 953 599 990 sua
630 945 840 988 natura.
874 933 1107 990 Ubinam
1138 932 1299 1001 igitur
1323 949 1388 985 ex
1420 932 1755 1001 imperfectis
1793 936 1859 988 ad
1927 952 2089 989 unmn

506 1025 758 1093 quiddam
786 1024 1086 1092 perlectum
1115 1025 1217 1075 erit
1239 1037 1539 1077 concursus
1560 1022 1584 1075 ?
1608 1023 1652 1076 si
1681 1024 1845 1078 modo
1884 1035 1968 1079 est
2024 1040 2092 1079 ex

507 1116 745 1187 perfecto
781 1112 976 1179 Verbo,
1018 1123 1073 1168 et
1123 1129 1288 1167 carne
1314 1114 1649 1181 imperfecta,
1671 1117 1930 1184 quantum
1963 1118 2088 1171 atti-

507 1217 597 1263 net
621 1206 685 1261 ad
713 1207 979 1260 rationem
1026 1205 1260 1258 hominis
1318 1206 1542 1271 perfecti
1605 1207 1903 1261 secundum
1968 1223 2093 1277 pro-

505 1298 677 1366 priam
735 1311 885 1348 suam
948 1306 1219 1348 naturam.
1288 1293 1457 1347 Filios
1519 1307 1698 1350 autem
1751 1312 2090 1367 nequaquam

503 1389 640 1443 duos
668 1385 1042 1449 aderabimns,
1077 1394 1132 1437 ιιι
1163 1400 1338 1452 neque
1366 1386 1500 1441 duos
1544 1387 1779 1442 chi-istos
1812 1389 2090 1444 dicemus:

506 1479 719 1534 tametsi
753 1493 818 1532 ex
843 1478 1060 1532 boniine
1097 1474 1359 1546 perfecto,
1393 1485 1451 1531 et
1481 1493 1545 1532 ex
1575 1477 1682 1534 Deo
1721 1478 1896 1535 Verbo
1959 1496 2092 1536 con-

505 1589 726 1627 cursum
756 1572 822 1625 ad
855 1569 1114 1624 unitatem
1166 1568 1368 1623 factum
1427 1572 1738 1635 credamus,
1764 1573 2089 1630 Emmanue-

507 1665 630 1719 lem.
670 1663 1129 1728 Quemadmodum
1164 1663 1330 1726 enim,
1366 1674 1424 1716 ut
1454 1662 1556 1717 illis
1613 1664 1832 1733 quidem
1858 1667 2088 1732 videtur,

507 1755 720 1809 tametsi
738 1770 802 1809 ex
840 1754 954 1809 sola
981 1768 1146 1808 carne
1167 1754 1400 1817 dicatur,
1430 1764 1483 1809 et
1519 1755 1692 1811 Verbo
1715 1758 1859 1825 quod
1885 1773 1950 1813 ex
1982 1759 2090 1813 Deo

506 1848 665 1903 Patre
692 1846 958 1917 apparuit,
983 1846 1124 1899 nulla
1160 1846 1298 1901 ratio
1350 1847 1449 1901 hoc
1482 1848 1563 1902 eis
1601 1849 1969 1916 persuadebit,
2030 1860 2097 1905 ut

2192 660 2268 725 ὡς
2309 661 2474 732 μέρος
2516 662 2582 714 ἂν
2612 661 2787 715 νοοῖτό
2828 677 2991 724 τινος,
3022 660 3137 713 ἀλλ’
3181 661 3300 714 οὐδὲ
3326 659 3539 730 ἀτελὴς.
3570 654 3615 712 ῶ
3642 675 3773 726 γεν-

2196 755 2357 808 ναῖοι.
2393 746 2711 816 Παντέ).ειος
2753 752 2863 823 γὰρ
2897 754 2955 805 ὲν
2990 753 3097 823 ἰδίᾳ.
3137 752 3316 822 φύσει.
3349 749 3459 804 Ποῦ
3500 749 3679 803 τοίνυν
3713 749 3772 813 ἐξ

2193 842 2425 907 ἀτελῶν,
2461 844 2653 914 ήπρὸς
2675 843 2734 896 ’ἐν
2772 860 2824 896 τι
2862 842 3063 896 τέλειον
3098 842 3249 895 ἔσται
3283 840 3575 912 συνδρομὴ,
3612 839 3778 908 εἴπερ

2194 934 2341 986 ἐστὶν
2379 934 2443 986 ὲκ
2490 934 2696 986 τελείου
2730 934 2926 1003 Λόγου,
2977 935 3071 988 καὶ
3123 933 3323 1007 σαρκὸς
3353 932 3599 995 ἀτελοῦς,
3648 931 3779 984 ὅσον

2194 1018 2331 1093 ἧκεν
2354 1025 2435 1088 εἰς
2464 1021 2621 1091 λόγον
2656 1024 2747 1078 τὸν
2782 1025 2868 1076 ἐπ’
2904 1023 3176 1096 ἀνθρώπῳ
3201 1023 3413 1092 τελείῳ,
3442 1023 3536 1075 καὶ
3569 1021 3778 1093 ἀρτίως

2195 1114 2371 1183 ἔχοντι
2405 1114 2547 1168 κατά
2581 1115 2679 1184 τὴν
2723 1115 2859 1169 ἰδίαν
2891 1114 3070 1185 φύσιν.
3100 1115 3262 1178 Υίοῦς
3292 1112 3347 1167 δὲ
3385 1113 3500 1167 οῦτι
3542 1130 3645 1165 που
3680 1111 3779 1165 δύο

2195 1207 2680 1277 προσκυνήσομεν,
2733 1206 2848 1260 ἀλλ’
2881 1206 3002 1260 οὐδὲ
3046 1207 3299 1278 χριστοίις
3355 1204 3588 1277 ἐροῦμεν
3643 1203 3775 1268 δύο,

2196 1298 2298 1351 κᾶν
2332 1297 2390 1363 ἐξ
2421 1296 2708 1369 ἀνθρώπου
2732 1299 2936 1351 τελείου
2973 1300 3065 1351 καὶ
3100 1301 3163 1352 ὲκ
3191 1296 3329 1350 θεοῦ
3364 1296 3539 1365 Λόγου
3564 1295 3663 1364 τὴν
3694 1295 3781 1358 εἰς

2196 1388 2420 1458 ἑνότητα
2452 1387 2754 1459 συνδρομὴν
2793 1387 3105 1459 πεπράχθαι
3140 1386 3485 1458 πιστεύωμεν
3509 1385 3605 1439 τοῦ
3639 1386 3781 1455 Ἐμ-

2200 1480 2463 1551 μανουήλ.
2493 1480 2701 1552 Ὠσπερ
2740 1480 2868 1552 γὰρ,
2911 1480 3056 1534 κατά
3083 1496 3144 1548 γε
3175 1479 3236 1533 τὸ
3263 1479 3493 1542 ἐκείνοις
3530 1472 3588 1532 εὖ
3628 1478 3780 1549 ἔχειν

2196 1572 2408 1637 δοκοῦν,
2434 1572 2529 1626 καὶ
2560 1574 2608 1625 εἰ
2640 1574 2702 1626 ἐκ
2739 1572 2908 1644 μόνης
2932 1572 3146 1642 λέγοιτο
3173 1571 3272 1642 τῆς
3306 1588 3368 1624 σα
3381 1571 3528 1641 ρκὶς,
3551 1572 3644 1624 καὶ¹
3676 1570 3777 1624 τοῦ

2195 1661 2259 1713 ὲκ
2297 1659 2431 1713 Θεοῦ
2491 1662 2703 1733 Πατρὸς
2740 1662 3044 1733 πεφηνότος
3093 1663 3301 1731 Λόγου,
3360 1663 3536 1725 οὐδεὶς
3576 1663 3780 1725 αὐτοὺς

2196 1751 2479 1804 ἀναπείσει
2510 1752 2711 1822 τρόπος
2743 1752 3020 1825 ἁναμέρος
3044 1754 3147 1824 τὴν
3183 1756 3359 1825 σάρκα
3389 1754 3656 1818 τιθέντας,
3681 1756 3780 1808 καὶ

2195 1840 2473 1914 ἀναμέρος
2501 1840 2567 1898 αὖ
2598 1843 2688 1897 τδν
2746 1846 3056 1917 Μονογενῆ,
3095 1846 3261 1900 δυάδα
3301 1847 3537 1919 χριστῶν
3586 1849 3779 1918 ὁμολο-

505 1938 729 1995 seorsiin
759 1951 976 1990 carnem
1009 1936 1358 2003 collocantes,
1396 1945 1451 1993 et
1470 1942 1700 1993 seorsim
1741 1938 2088 2011 U‘nigenitum

2201 1938 2330 2004 γεῖν,
2382 1936 2514 1989 xiiii.”
2544 1939 2623 2000 εἰς
2664 1938 2761 1991 ἕνα
2800 1939 3004 2010 Κύριον
3031 1939 3244 2011 Ἰησοῦν
3275 1941 3509 2012 Χριστὸν
3538 1940 3783 2012 παραδέ-

503 2032 639 2085 duos
681 2029 917 2085 cbristos
949 2027 1319 2084 conﬁteantur
1347 2045 1360 2082 :
1396 2030 1490 2084 sed
1521 2030 1575 2083 in
1608 2046 1773 2085 unum
1803 2032 2088 2089 Dominum

501 2121 686 2178 Iesum
712 2122 997 2176 Christum
1030 2120 1440 2175 Emmanueletn
1466 2121 1728 2190 recipient
1751 2124 1921 2194 (recte
1944 2125 2089 2179 enim

505 2214 797 2269 admodum
837 2214 890 2266 in
926 2212 1029 2267 hoc
1058 2213 1264 2267 sentire
1299 2212 1593 2284 videntur),
1637 2214 1708 2267 ita
1757 2216 1921 2270 etiam
1949 2226 2089 2271 tam-

504 2305 605 2356 etsi
631 2301 837 2358 homini
870 2303 1134 2371 perfecto,
1154 2300 1245 2369 qui
1279 2299 1784 2370 nimirumeorpore
1809 2312 1863 2356 et
1887 2303 2088 2365 animo,

505 2394 668 2448 ννΙιιιί
698 2392 989 2449 conﬂatum
1014 2401 1177 2461 atque
1203 2391 1411 2445 unitum
1453 2406 1575 2445 esse
1614 2389 1848 2447 Verbum
1880 2409 1947 2448 ex
1981 2393 2090 2450 Deo

504 2484 756 2542 inetl'abili
788 2485 1185 2554 quodammodo
1220 2493 1386 2555 atque
1401 2483 1739 2538 intellectum
1795 2497 2092 2556 superante

500 2581 916 2634 dieamusmon
958 2577 1274 2631 dualitatem
1330 2575 1566 2630 liliorum
1630 2577 1939 2642 statuimus,
1998 2582 2091 2633 sed

502 2688 666 2726 unum
693 2680 853 2739 atque
893 2670 1140 2724 eumdem
1207 2677 1399 2722 natura
1461 2670 1677 2738 quidem
1739 2676 2089 2725 exsistentem

504 2764 694 2821 Deum.
721 2762 919 2831 quique
952 2776 1017 2817 ex
1051 2762 1163 2829 ipsa
1206 2761 1297 2815 Dei
1348 2775 1413 2815 ac
1435 2759 1615 2815 Patris
1644 2761 1879 2816 essentia
1935 2778 2095 2832 appa-

506 2854 863 2921 l'llil,t[‘llit|tle
892 2852 1096 2906 ultimis
1152 2852 1335 2905 sweuli
1387 2853 1720 2922 temporibus
1777 2853 1952 2909 factus
2009 2865 2093 2909 est

503 2948 689 3012 homo,
712 2960 766 3000 et
804 2961 868 2999 cx
891 2954 1077 2997 saneta
1111 2942 1333 3013 Virgine
1359 2952 1536 3009 natus,
1556 2955 1720 3013 atque
1742 2962 1770 2997 a
1816 2946 1973 3000 nobis
2001 2962 2093 3015 pa-

504 3045 638 3096 riter
662 3054 716 3095 et
745 3038 947 3095 sanctis
987 3037 1194 3107 angelis
1223 3038 1481 3092 adoratus
1503 3047 1606 3104 est,
1633 3036 1789 3107 juxta
1846 3035 2095 3108 Scripta»

506 3151 613 3189 ras.

576 3223 635 3277 B.
667 3222 805 3289 Quid
832 3222 1015 3292 igitur,
1046 3220 1091 3273 si
1159 3219 1361 3283 dicant,
1401 3217 1657 3273 Nostrum
1716 3227 1916 3274 statum
1976 3216 2162 3287 solo”

505 3315 782 3385 Unigenili
815 3315 1047 3368 adventu
1087 3313 1384 3382 indiguisse
1415 3330 1428 3365 :
1459 3330 1583 3369 cum
1624 3323 1803 3369 autem
1833 3315 1991 3370 vellet
2059 3334 2087 3370 a

505 3409 829 3463 mortalibus
856 3407 1030 3472 cerni,
1065 3417 1118 3461 et
1163 3422 1284 3460 cum
1341 3407 1649 3462 hominibus
1682 3408 1908 3471 versari,
1934 3423 2093 3462 evan-

505 3500 799 3570 gelii-aeque
849 3500 972 3553 vitae
1022 3500 1164 3553 viam
1210 3499 1366 3554 nobis
1424 3501 1734 3561 ostendere,
1788 3494 2137 3555 admirabili'

503 3592 739 3660 quadam
765 3590 1176 3661 diSpensatione
1196 3608 1416 3645 carnem
1438 3593 1592 3646 nobis
1608 3592 1841 3646 similem
1888 3592 2092 3648 induis-

503 3681 601 3737 se?
624 3681 807 3739 Deitas
832 3682 974 3738 enim
1011 3684 1064 3738 in
1097 3698 1194 3739 sua
1228 3693 1418 3737 natura
1452 3683 1601 3738 cerni
1648 3699 1752 3737 non
1782 3693 1983 3752 potest.

576 3867 641 3919 Α.
665 3865 826 3920 Certe
853 3864 1247 3920 incarnationis
1277 3880 1497 3936 scopum
1560 3866 1842 3935 ignorasse
1904 3867 2093 3937 depre-

503 3958 827 4024 henduntur,
855 3968 901 4012 et
930 3972 1180 4026 magnum
1239 3956 1516 4025 religionis
1563 3957 1882 4027 mysterium
1945 3959 2091 4013 nulla

503 4052 717 4106 ratione
747 4047 1189 4104 intellexisse.Si
1218 4049 1362 4104 enim
1394 4049 1703 4104 incarnatio
1746 4050 1864 4104 sive
1900 4050 2094 4104 imma-

505 4141 653 4194 natio
694 4153 812 4192 eam
851 4140 1018 4193 solam
1049 4137 1118 4193 ob
1160 4152 1378 4193 causam
1412 4139 1553 4192 facta
1580 4148 1664 4193 est
1699 4149 1754 4192 ut
1781 4154 1809 4191 a
1845 4141 2093 4194 intn'tali-

503 4231 604 4285 lms
627 4240 965 4296 cerneretur,
985 4229 1226 4299 nihilque
1251 4229 1396 4285 aliud
1425 4231 1677 4283 humana:
1731 4239 1937 4285 natura:
1974 4231 2094 4285 itide

504 4324 758 4390 acet'Ssil,
786 4336 892 4393 quo
925 4330 1082 4393 pacto
1113 4338 1219 4377 non
1253 4322 1425 4377 satius
1454 4322 1617 4377 fuerit
1655 4331 1714 4375 ut
1770 4322 2091 4377 Docetarum

502 4417 814 4486 opinionem
861 4416 1025 4469 etiam
1082 4431 1183 4470 nos
1243 4414 1685 4485 amplectamur?
1742 4415 1833 4483 qui
1874 4415 2092 4484 quidem

503 4524 667 4561 carne
702 4506 862 4560 simul
899 4517 951 4560 et
974 4514 1188 4561 terreno
1222 4520 1455 4574 corpore
1483 4503 1725 4559 Verbum
1762 4506 2091 4568 resticntes,

2193 2026 2375 2093 ξονται
2427 2027 2519 2081 τὺν
2570 2028 2952 2101 Ἐμμανουήλ·
2984 2031 3121 2102 ὀρθὰ
3158 2031 3267 2103 γὰρ
3312 2031 3377 2103 δὴ
3426 2032 3549 2086 λίαν
3598 2033 3657 2085 ἐν
3708 2049 3780 2101 γε

2189 2116 2366 2188 τούτῳ
2409 2121 2626 2188 φρονεῖν
2680 2118 3021 2187 ἐγνώκασινο
3066 2121 3207 2175 οὕτω
3255 2124 3355 2176 κᾶν
3388 2121 3660 2193 ἀνθρώπῳ
3690 2139 3784 2175 τε·

2192 2208 2340 2280 λείῳ,
2371 2208 2617 2278 δῆλον·δέ
2647 2210 2729 2263 ὅτι
2767 2209 2844 2281 τῷ
2878 2212 2943 2264 ἐκ
2985 2212 3164 2282 ψυχῆς
3207 2213 3301 2265 καὶ
3329 2209 3581 2280 σῶματος
3611 2212 3783 2265 οἱονεὶ

2194 2300 2579 2371 συνενηνέχθαι
2611 2318 2671 2355 τε
2716 2303 2809 2357 καὶ
2854 2303 3098 2374 ἡνῶσθαι
3149 2303 3401 2375 λέγωμεν
3450 2304 3783 2376 amasque;

2191 2409 2250 2444 τε
2286 2393 2380 2445 καὶ
2410 2392 2558 2464 ὑπὲρ
2576 2393 2700 2446 νοῦν
2732 2393 2822 2447 τόν
2848 2396 2911 2447 ἐκ
2945 2394 3082 2448 Θεοῦ
3111 2396 3305 2465 Λόγον,
3325 2397 3423 2467 οὐχ
3451 2396 3581 2449 υἱῶν
3609 2396 3784 2450 δυάδα

2191 2484 2568 2556 διανοήσομεν,
2601 2486 2719 2539 ἀλλ’
2748 2486 2846 2540 ἕνα
2878 2487 2975 2540 καὶ⁴
3001 2487 3092 2541 τὸν
3121 2487 3304 2552 αὐτὸν,
3336 2487 3496 2557 φύσει
3529 2487 3628 2559 μὲν
3650 2488 3782 2542 ὄντα

2193 2576 2346 2640 Θεὸν,
2398 2578 2493 2631 καὶ
2532 2576 2591 2642 ἐξ
2627 2579 2796 2649 αὐτῆς
2842 2580 3122 2650 πεφηνότα
3158 2580 3259 2650 τῆς
3297 2580 3487 2644 οὐσίας
3514 2580 3609 2634 τοῦ
3639 2580 3780 2634 θεοῦ

2196 2670 2287 2722 καὶ
2314 2668 2550 2739 Πατρός,
2582 2671 2639 2722 ἐν
2673 2671 2921 2739 ἐσχάτοις
2949 2670 3007 2725 δὲ
3036 2671 3129 2725 τοῦ
3160 2672 3355 2737 αἰῶνος
3385 2675 3598 2740 καιροῖς
3626 2673 3785 2741 γενό-

2198 2778 2357 2831 μενον
2392 2760 2698 2831 ἄνθρωπον,
2729 2762 2824 2814 καὶ
2853 2762 2940 2815 διὰ
2963 2762 3062 2831 τῆς
3084 2762 3243 2830 ἁγίας
3277 2763 3553 2831 Παρθένου
3585 2778 3783 2831 γεγεν-

2193 2840 2449 2921 νημένον,
2503 2852 2598 2904 καὶ
2631 2852 2768 2922 πρός
2807 2868 2873 2920 γε
2914 2852 3073 2924 ἡμῶν
3110 2852 3289 2906 αὐτῶν
3332 2853 3427 2906 καὶ
3467 2853 3576 2906 τῶν
3609 2853 3786 2923 ἁγίων

2195 2943 2441 3012 ἀγγέλων
2470 2945 2947 3015 προσκυνούμενον
2985 2944 3128 2998 κατὰ
3152 2946 3251 3009 τὰς
3285 2945 3528 3015 Γραφᾶς.

2266 3216 2326 3268 B.
2367 3212 2433 3266 Τί
2472 3206 2585 3276 οῦν,
2626 3211 2675 3263 εἰ
2706 3209 2769 3280 δὴ
2817 3212 2993 3279 φαῖεν,
3024 3209 3107 3262 ὅτι
3145 3208 3329 3278 Μόνης
3377 3208 3469 3279 μὲν
3504 3208 3677 3263 ἐδεῖτο
3720 3209 3784 3264 τὸ

2195 3308 2316 3362 καθ’
2340 3308 2484 3376 ὑμᾶς
2520 3306 2619 3375 τῆς
2660 3303 2759 3357 τοῦ
2782 3302 3123 3370 Μονογενοῦς
3166 3301 3482 3372 ἐπιδημίας,
3515 3302 3783 3373 ἐθελήσας

2192 3399 2249 3453 δὲ
2281 3397 2512 3468 ὀφθῆναι
2532 3398 2644 3459 τοῖς
2670 3395 2763 3449 ἐπὶ
2794 3394 2918 3464 γῆς,
2953 3393 3046 3446 καὶ
3075 3392 3382 3463 ἀνθρώποις
3408 3411 3785 3465 συναναστραο

2194 3491 2385 3560 φῆναι,
2408 3487 2728 3561 παραδεῖξαέ
2750 3504 2807 3540 τε
2828 3488 2959 3557 ἡμῖν
2978 3486 3078 3555 τῆς
3106 3486 3472 3556 εὐαγγελικῆς
3500 3486 3779 3550 πολιτείας

2192 3580 2292 3652 τὴν
2321 3580 2470 3644 ὁδὸν,
2514 3577 2876 3647 οἰκονομικῶς
2909 3576 3227 3645 ἠμπέσχετο
3274 3578 3374 3647 τὴν
3403 3578 3598 3647 ὁμοίαν
3641 3581 3780 3648 ἡμῖν

2197 3672 2407 3741 σάρκας
2460 3670 2521 3723 τὸ
2569 3671 2677 3740 γάρ
2709 3684 2791 3721 τοι
2821 3667 3003 3733 Θεῖον,
3058 3668 3199 3722 κατὰ
3265 3668 3428 3740 φύσιν
3490 3669 3626 3722 ἰδίαν
3680 3671 3783 3742 οὺχ

2192 3762 2407 3835 ὁρατόν.

2266 3858 2332 3910 Α.
2378 3856 2739 3924 Ἠγνοηκότες
2790 3857 3091 3912 ἁλώσονται
3147 3857 3250 3928 τῆς
3310 3857 3786 3928 ὲνανθρωπὴσεως

2193 3948 2285 4002 τὸν
2318 3947 2540 4011 σκοπὸν,
2576 3949 2667 4000 καὶ
2707 3948 2957 4013 συνέντες
2988 3950 3243 4020 οὐδαμῶς
3283 3950 3343 4004 τὸ
3384 3951 3532 4019 μέγα
3554 3950 3659 4020 τῆς
3689 3951 3783 4003 εῦ-

2196 4039 2410 4103 σε6είας
2444 4040 2759 4109 μυστήριον.
2791 4041 2854 4094 Εἰ
2891 4042 3000 4112 γὰρ
3029 4040 3092 4111 δὴ
3131 4042 3297 4111 μόνην
3328 4041 3441 4111 ἔχει
3469 4040 3567 4111 τὴν
3591 4041 3767 4111 ἀφορ-

2198 4133 2303 4205 μὴν
2335 4131 2394 4185 τὸ
2421 4130 2650 4201 ὀφθῆναι
2674 4134 2785 4195 τοῖς
2812 4134 2905 4186 ἐπὶ
2929 4133 3167 4205 γῆς,τοῦ
3202 4133 3542 4203 Μονογενοῦς
3572 4136 3606 4204 ἡ
3648 4136 3788 4205 σάρι

2194 4242 2382 4289 κωσις,
2421 4225 2518 4278 εἴτ’
2566 4221 2658 4278 οὖν
2710 4224 3164 4297 ὲνανθρὼπησιςν,
3211 4226 3524 4298 προσετίθει
3560 4244 3626 4295 γε
3676 4227 3787 4298 μὴν

2194 4316 2380 4389 ἓτερον
2410 4316 2562 4370 οὐδὲν
2591 4320 2656 4389 τῇ
2690 4318 3008 4390 ἀνθρωπεία
3036 4319 3215 4389 φύσει,
3250 4319 3368 4383 πῶς
3416 4315 3509 4372 οὖν
3559 4319 3787 4389 ἄμεινον

2195 4409 2294 4480 ἤδη
2325 4426 2442 4472 πως
2479 4408 2574 4461 καὶ
2613 4409 2795 4477 σοφὸν,
2838 4411 2904 4477 τῇ
2945 4409 3055 4462 τῶν
3095 4408 3340 4482 δοκητῶν
3400 4407 3784 4480 συμφέρεσθαι

2194 4499 2319 4570 δόξῃ
2363 4501 2457 4553 καὶ
2513 4501 2660 4570 ἡμᾶς
2713 4499 2944 4567 aeto-5;;
3001 4500 3052 4554 οἶ
3117 4502 3318 4573 σαρκός
3369 4518 3431 4554 τε
3479 4500 3614 4570 ὁμοῦ
3673 4501 3773 4553 καὶ

505 4599 678 4653 visum
712 4597 931 4666 quidem
959 4611 1079 4652 esse
1108 4595 1423 4651 fabulantur
1470 4602 1529 4648 ut
1577 4595 1875 4659 hominem,
1909 4594 2090 4648 miseri

2201 4593 2383 4660 γηῖνου
2420 4592 2669 4662 σώματος
2718 4593 3191 4665 ἁπαμφιεννύντες
3227 4593 3318 4648 τὸν
3357 4593 3551 4661 Λόγον,
3597 4588 3788 4661 ὦφθαι

502 4692 760 4761 qUodqne
795 4690 1125 4760 eptimarnm
1205 4703 1384 4742 rerum
1439 4696 1630 4741 auctor
1676 4684 1860 4749 fuerit,
1918 4696 2102 4755 aperte

505 4784 768 4839 fatentur.
797 4781 990 4837 Nonne
1013 4797 1162 4847 vero,
1195 4780 1240 4835 si
1269 4779 1503 4834 Verbum
1535 4794 1600 4833 ex
1638 4777 1801 4849 691
1831 4779 1939 4835 Deo
1973 4780 2101 4834 nihil

507 4874 752 4928 utilitatis
778 4872 1029 4926 humana:
1055 4882 1263 4925 natura:
1286 4869 1489 4936 attulit,
1555 4871 1771 4924 tametsi
1817 4885 1946 4925 caro
1986 4871 2097 4928 fac-

509 4980 620 5020 tum
645 4965 739 5024 sit.
763 4966 934 5020 satius
958 4978 1078 5018 esse
1100 4962 1341 5024 duxeris.
1367 4960 1499 5016 illud
1533 4961 1600 5015 ab
1627 4960 1963 5019 immunditia
1981 4979 2101 5019 car-

506 5058 610 5112 nali
646 5056 944 5117 vindicare,
971 5052 1137 5108 semel
1186 5061 1366 5107 autem
1405 5067 1632 5122 corpore
1687 5062 1902 5113 terreno
1944 5072 2095 5110 usum

503 5149 840 5211 existimare,
875 5155 1039 5217 atque
1065 5145 1136 5199 ita
1164 5144 1501 5215 propositum
1532 5147 1635 5203 sibi
1666 5163 1887 5219 scopum
1918 5149 2098 5206 absol-

507 5240 687 5298 visse?

571 5415 629 5468 Β.
669 5414 931 5480 Quantam
960 5414 1119 5483 igitur
1145 5413 1306 5471 l'tterit
1342 5416 1463 5485 ejus
1493 5418 1544 5473 in
1581 5434 1806 5476 carnem
1832 5420 2097 5477 adventus

512 5503 674 5565 ratio,
703 5509 796 5553 aut
821 5503 1067 5567 quisnam
1114 5506 1303 5561 modus
1367 5507 1786 5575 incarnationis,
1821 5522 1915 5566 aut
1943 5514 2098 5583 cujus

514 5609 676 5648 rausa
704 5591 843 5646 facta
892 5594 1072 5662 fuerit,
1094 5597 1252 5652 velim
1277 5599 1525 5669 equidem
1552 5602 1877 5672 intelligere.
1918 5640 1923 5643 -

578 5690 645 5740 Α.
670 5685 780 5754 Age
807 5700 953 5761 ergo.
982 5689 1109 5743 audi
1147 5705 1332 5745 sacras
1382 5690 1637 5759 Litteras,
1674 5702 1728 5747 et
1784 5703 2093 5749 sanctorum

515 5776 881 5842 apostolorum
916 5781 1077 5836 dictis
1134 5782 1331 5837 mentis
1355 5782 1526 5836 aciem
1555 5783 1759 5837 acriter
1786 5783 2093 5852 intendens,

518 5866 640 5922 vide
662 5866 713 5921 id
734 5868 873 5937 quod
908 5871 1187 5941 quan'itur.
1243 5872 1470 5943 Sapiens
1523 5872 1705 5944 itaque
1762 5874 1961 5933 Paulus
2021 5880 2092 5933 ita

2207 4683 2306 4755 μὲν
2349 4684 2426 4747 ὡς
2480 4686 2767 4758 ἄνθρωπον
2818 4686 3291 4758 μυθοπλαστοῦσιν
3328 4689 3377 4741 οἱ
3410 4687 3655 4751 δείλαιοι,
3693 4688 3790 4755 γέο

2201 4792 2344 4830 νοιτο
2380 4777 2437 4831 δὲ
2477 4779 2559 4832 ὅτι
2590 4779 2699 4833 τῶν
2751 4779 3053 4832 καλλίστων
3102 4780 3397 4851 εἰσηγητὴς
3447 4778 3792 4849 διωμολογή-

2200 4887 2361 4924 κασιν
2403 4872 2680 4943 ἐναργῶς·
2715 4872 2747 4944 ἢ
2784 4873 2883 4926 οὐκ
2922 4873 3142 4943 ἄμεινον
3179 4875 3346 4943 ἐρεῖς,
3393 4874 3442 4925 εἰ
3466 4866 3642 4942 μηδὲν
3674 4872 3790 4925 ὀνί-

2199 4977 2324 5031 νησι
2349 4962 2450 5033 τὴν
2498 4963 2788 5034 ἀνθρώπου
2832 4964 2994 5034 φύσιν
3032 4967 3059 5019 ὁ
3104 4967 3168 5019 ἐκ
3196 4966 3331 5017 Θεοῦ
3365 4965 3558 5033 Λόγος,
3602 4964 3701 5017 καὶ
3734 4964 3789 5017 εξ

2198 5053 2389 5120 γέγονε
2430 5050 2585 5122 σὰρξ,
2625 5052 3062 5108 ἀπαλλάττεσθαι
3113 5054 3214 5124 μὲν
3266 5052 3611 5123 ἀκαθαρσίας
3649 5069 3788 5124 σαρς

2199 5143 2364 5214 κικῆς
2400 5144 2549 5211 δόξαι
2577 5142 2621 5199 δ’
2653 5142 2747 5200 οῦν
2799 5146 2944 5212 ἅπαξ
2975 5145 3052 5216 τῷ
3110 5147 3286 5217 γηΐνῳ
3334 5145 3789 5217 προσκεχρῆσθαι

2202 5233 2445 5306 σώματι,
2486 5237 2812 5309 διαπερᾶναί
2852 5255 2911 5292 τε
2957 5237 3101 5292 οῦτω
3134 5237 3227 5290 τὸν
3270 5236 3610 5308 προτεθέντα
3653 5251 3782 5289 σκο-

2200 5326 2301 5378 πόν
2324 5343 2340 5393 ;

2267 5419 2333 5474 Α.
2374 5416 2472 5483 Τίς
2503 5413 2597 5473 οὖν
2642 5418 2711 5473 ἂν
2740 5417 2949 5489 γένοιτο
2981 5419 3082 5490 τῆς
3125 5418 3418 5491 ἐπιδημίας
3448 5420 3478 5472 ὀ
3518 5419 3717 5488 Λόγος,
3752 5420 3791 5490 ἢ

2196 5510 2280 5574 τίς
2307 5511 2336 5563 ό
2355 5510 2553 5582 τρόπος
2578 5514 2676 5582 τῆς
2710 5510 3194 5582 ἐνανθρωπήσεως,
3228 5512 3541 5583 πέπρακται
3575 5511 3633 5565 δὲ
3656 5512 3790 5565 ὅτου

2198 5605 2379 5675 χάριν,
2415 5602 2650 5673 ἐθέλοιμ’
2684 5602 2750 5656 ἂν
2784 5604 3070 5674 ἐκμαθεῖν.

2269 5694 2447 5747 Λ.“Ἰθι
2480 5693 2544 5765 δὴ
2566 5690 2680 5761 οὖν,
2711 5690 2757 5750 ὦ
2787 5700 3023 5765 γενναῖε,
3057 5697 3227 5749 πόθου
3264 5697 3372 5749 τῶν
3406 5694 3565 5765 ἱερῶν
3598 5695 3792 5765 Γραμ-
3860 5722 3869 5730 ·

2202 5788 2421 5856 μάτων,
2475 5788 2569 5840 καὶ
2622 5791 2745 5853 ταῖς
2811 5789 2921 5841 τῶν
2973 5792 3146 5856 ἁγίων
3199 5788 3514 5842 ἀποστόλων
3572 5789 3792 5856 φωναῖς

2200 5877 2479 5948 ἐνερείσας
2510 5874 2566 5932 εὖ
2600 5879 2743 5951 μάλα
2770 5879 2869 5952 τῆς
2903 5880 3142 5945 διανοίας
3165 5882 3255 5935 τὸν
3288 5880 3587 5952 ὀφθαλμὸν,
3619 5880 3788 5950 ἄθρει
