4050 6412
552 420 696 479 ίξῖῐῦ

1577 412 1636 473 s.
1675 413 1952 473 CYRILLI
1991 412 2465 472 ALEXANDRINI
2490 368 2828 469 incursu.

3668 409 3821 505 1216⁴

556 544 789 597 etiones.
828 539 1076 595 Esurisse
1097 536 1240 594 enim
1264 536 1567 602 dicitur,ct'
1591 536 1804 592 labores
1834 553 1907 592 er
1950 537 2125 608 longis

2232 536 2380 592 αίτια
2422 536 2594 606 πάθη.
2640 535 2903 602 Πεινῆσαι
2944 533 3053 605 γὰρ
3092 532 3336 602 λέγεται,
3376 531 3580 595 κόπους
3611 548 3673 584 τε
3708 532 3823 586 ὑπ·-

555 629 978 700 prol’ectiouibus
1009 629 1287 695 tolerasse,
1321 643 1573 699 pavorem
1612 628 1776 683 etiam
1826 644 1889 685 ac
1936 638 2147 694 metus,

553 724 793 781 dolorem
820 731 876 776 et
914 736 1224 787 maerorem,
1285 731 1515 776 mortem
1581 720 1815 790 denique
1864 720 1918 774 in
1972 736 2134 775 cruce

553 818 807 873 subiiSse.
837 815 1076 884 Cogente
1113 816 1258 871 enim
1287 815 1503 869 nemine
1573 815 1810 868 animam
1846 829 1998 869 suam
2038 830 2132 884 pro

555 907 712 963 nobis
742 908 917 977 posuit
935 905 1004 971 δι,
1040 915 1095 960 ιιι
1132 906 1362 961 mortuis
1393 904 1553 960 simul
1576 916 1634 961 et
1684 905 1991 961 viventibus
2038 907 2136 959 do-

554 998 790 1052 minetur
815 996 882 1051 “.
906 997 1140 1052 Carnem
1170 1010 1587 1065 namque‘suam
1619 1010 1718 1065 pro
1747 996 1986 1051 onmium
2012 1010 2135 1049 car-

553 1108 620 1146 ne
649 1092 986 1161 persolvens,
1013 1091 1213 1146 donum
1248 1104 1435 1144 revera
1483 1088 1743 1145 omnibus
1781 1086 2130 1157 tequivalens,

552 1185 789 1238 animam
820 1183 985 1237 etiam
1018 1197 1172 1237 suam
1207 1181 1451 1236 omnium
1480 1182 1784 1234 animarum
1810 1176 2130 1246 redemptio-

553 1276 636 1329 nis
666 1275 900 1343 pretium
936 1273 1109 1338 dedit,
1135 1271 1348 1327 tametsi
1404 1287 1621 1326 rursum
1679 1270 1961 1333 revixerit,
2017 1269 2126 1321 vita

552 1365 874 1420 naturaliter
913 1364 1209 1429 exsistens,
1264 1372 1323 1418 ut
1362 1361 1523 1417 Deus.
1576 1361 1788 1417 idcirco
1817 1371 1873 1415 et
1912 1359 2145 1414 divinus»

550 1457 745 1511 Petrus
774 1458 846 1510 ita
879 1458 991 1510 ait:
1035 1474 1054 1506 ε
1090 1454 1203 1509 Viri
1238 1454 1458 1521 t'ratres,
1514 1453 1676 1509 liceat
1744 1451 2008 1507 audenter
2050 1451 2132 1513 di-

551 1562 677 1601 cere
697 1548 763 1600 ad
791 1562 887 1603 vos
919 1547 986 1601 de
1015 1545 1321 1616 patriarcha
1361 1545 1547 1609 David,
1562 1544 1817 1613 quoniam
1846 1544 2135 1598 defunctus

472 1710 475 1713 _
549 1646 638 1692 est
669 1647 723 1692 et
757 1638 1003 1707 sepultus
1033 1645 1137 1702 est,
1168 1644 1223 1692 et
1262 1635 1568 1705 sepulcrum
1596 1634 1714 1703 ejus
1742 1643 1828 1690 est
1853 1634 1994 1705 apud
2033 1648 2131 1687 nos

552 1744 725 1798 usque
755 1730 808 1784 in
852 1728 1172 1785 hodiernum
1207 1728 1372 1784 diem.
1397 1727 1662 1798 Propheta
1693 1727 1856 1797 igitur
1882 1741 2002 1780 cum
2045 1741 2130 1782 es-

551 1830 654 1883 set,
675 1831 731 1873 et
758 1820 922 1875 sciret
950 1817 1697 1889 quiajurejuraudojurasset
1745 1816 1820 1871 illi
1885 1817 2026 1872 Deus
2063 1817 2131 1871 de

2235 631 2479 696 ενεγκεϊν
2507 627 2635 689 τοὺς
2675 628 2740 678 ἐκ
2777 624 3005 697 μακρῶν
3025 623 3366 694 ὀδοιποριῶν,
3410 622 3603 687 πτοίας
3631 640 3691 675 τε
3722 625 3824 677 καὶ

2235 719 2456 788 φόϐους,
2494 719 2589 770 καὶ
2635 717 2812 786 λύπην
2849 715 2946 769 καὶ
2991 715 3256 784 ἀγωνίαν,
3305 714 3399 768 καὶ
3446 715 3539 769 τὸν
3601 715 3695 768 ἐπὶ
3741 713 3826 785 τῷ

2236 810 2454 881 σταυρῷ
2484 810 2730 863 θάνατον.
2769 806 3271 876 Ἐπαναγκάζοντος
3306 805 3415 878 γὰρ
3446 805 3686 869 οὐδενὸς,
3728 806 3827 859 τέ-

2233 905 2414 958 θεικιεν
2432 903 2526 969 ἀφ’
2548 899 2745 953 ἐάυτοῦ
2766 899 2864 970 τὴν
2887 897 3025 951 ἰδίαν
3054 896 3232 967 ψυχὴν
3250 896 3390 967 ὑπὲρ
3412 895 3593 967 ἡμῶν,
3614 895 3703 948 ἴνα
3722 895 3828 948 καὶ

2234 994 2442 1065 νεκρῶν
2474 994 2567 1046 καὶ⁵
2598 990 2815 1057 ζώντων
2844 988 3131 1061 κυριεύσῃ.
3163 988 3350 1060 Σάρκα
3396 987 3497 1057 μὲν
3536 988 3637 1057 τὴν
3679 987 3823 1040 ἰδίαν

2230 1085 2329 1154 τῆς
2370 1084 2625 1137 ἁπάντων
2679 1081 2880 1151 σαρκὸς
2921 1078 3340 1144 άνταποτιννὺς,
3386 1079 3559 1150 δῶρον
3589 1078 3816 1148 ἀληθῶς

2231 1174 2503 1239 ἀντάξιον,
2543 1174 2722 1243 ψυχὴν
2761 1172 2817 1225 δὲ
2847 1171 3024 1242 ψυχῆς
3059 1171 3375 1242 ἀντίλυτρον
3408 1174 3507 1242 τῆς
3555 1171 3824 1237 ἁπάντων

2233 1264 2579 1335 ποιούμενος,
2620 1266 2669 1318 εί
2724 1264 2816 1318 καὶ
2859 1264 3064 1317 ἀνεϐίω
3095 1263 3279 1328 πάλιν,
3307 1262 3420 1334 ζωὴ
3470 1261 3612 1315 κατά
3651 1261 3823 1331 φύσιν

2231 1359 2492 1430 ὑπάρχων
2535 1358 2612 1422 ὡς
2644 1358 2801 1420 Θεός.
2852 1358 2962 1412 Καὶ
2995 1357 3125 1426 γοῦν
3171 1359 3200 1411 6
3242 1356 3536 1420 θεσπέσιος
3582 1356 3816 1428 Πέτρος,

2237 1470 2256 1503 ι
2282 1451 2510 1521 Ἀνδρες
2538 1449 2784 1520 ἀδελφοὶ,
2816 1449 3001 1520 φησιν,
3036 1449 3155 1516 ἐξὸν
3196 1451 3373 1503 εἰπεῖν
3419 1448 3561 1519 μετά
3593 1450 3821 1518 παρῤη-

2232 1542 2351 1604 σίας
2383 1540 2516 1610 πρὸς
2538 1540 2683 1609 ὑμᾶς
2707 1538 2836 1609 περὶ
2873 1539 2971 1592 τοῦ
3010 1540 3350 1609 πατριάρχου
3386 1537 3573 1600 Δαϐὶδ,
3594 1538 3677 1590 ὅτι
3718 1540 3821 1592 καὶ

2230 1634 2552 1706 ἐτελεύτησε
2577 1634 2674 1687 καὶ
2709 1633 2907 1702 ἐτάφη,
2940 1633 3037 1685 καὶ
3060 1632 3120 1684 τὸ
3148 1631 3341 1702 μνῆμα
3371 1631 3538 1684 αὐτοῦ
3573 1631 3723 1682 ἐστιν
3759 1629 3821 1683 ἐν

2229 1728 2362 1796 ἡμῖν
2399 1725 2525 1797 ἄχρι
2549 1724 2647 1795 τῆς
2671 1724 2885 1794 ἡμέρας
2916 1722 3141 1792 ταύτης.
3187 1721 3480 1793 Προφήτης
3514 1715 3606 1773 οὖν
3633 1719 3822 1791 ὑπάρ-

2229 1833 2362 1887 χων,
2392 1816 2485 1869 καὶ
2524 1812 2701 1878 εἰδὼς,
2727 1814 2809 1868 ὅτι
2854 1814 3004 1883 ὅρκῳ
3050 1810 3267 1883 ὤμοσεν
3312 1810 3463 1881 αὐτῷ
3494 1813 3522 1865 6
3552 1811 3705 1873 Θεὸς,
3751 1812 3823 1864 ἐκ

551 1908 728 1963 fructu
757 1908 921 1963 lumbi
947 1909 1066 1979 ejus
1089 1911 1279 1964 sedere
1313 1922 1477 1978 super
1505 1908 1689 1962 sedem
1732 1905 1872 1974 ejus,
1932 1906 2121 1974 praevi-

2232 1906 2449 1977 καρποῦ
2492 1905 2595 1975 τῆς
2641 1902 2844 1973 ὀσφύος
2887 1901 3052 1957 αὐτοῦ
3088 1900 3312 1955 καθίσαι
3354 1902 3449 1954 ἐπὶ
3495 1901 3586 1955 τὸν
3622 1902 3825 1972 θρόνον

551 2000 685 2054 deus
708 1999 926 2055 locutus
948 2006 1030 2055 est
1060 1999 1130 2055 de
1156 2000 1555 2055 resurrectione
1584 1998 1807 2063 Christi,
1862 1997 1986 2066 quia
2033 2012 2131 2051 ne-

548 2103 654 2154 que
675 2088 939 2143 derelicta
961 2100 1045 2145 est
1080 2088 1133 2144 in
1161 2088 1372 2145 inferno
1400 2089 1578 2143 anima
1609 2089 1748 2155 ejus,
1776 2103 1955 2160 neque
2001 2103 2130 2142 caro

547 2179 671 2244 ejus
691 2179 827 2233 vidit
858 2179 1262 2249 corruptionem
1289 2178 1359 2234 “.
1393 2198 1411 2232 ι
1453 2177 1639 2248 Neque
1669 2179 1815 2234 enim
1870 2179 1950 2232 las
1969 2175 2131 2233 fuerit

550 2272 728 2326 dicere
749 2284 1020 2340 perpetuat
1050 2272 1692 2343 corruptioniobnoxiam
1731 2285 1854 2326 esse
1892 2271 2133 2343 potuisse

547 2377 769 2416 carnem
805 2358 980 2416 Verbo
1005 2362 1251 2427 unitam;
1296 2378 1471 2432 neque
1500 2376 1688 2417 rursus
1740 2361 1976 2416 divinam
2014 2361 2130 2415 aui-
2169 2392 2174 2396 -

548 2467 692 2507 mam
720 2453 892 2521 portis
922 2452 1116 2507 inferni
1144 2452 1466 2521 subjectum.
1501 2452 1632 2506 Nam
1658 2453 1711 2506 in
1735 2451 1949 2507 inferno
1976 2454 2131 2507 derc-

549 2544 710 2598 lictus
738 2553 967 2610 nonest,
990 2554 1047 2599 ut
1069 2544 1285 2600 divinus
1316 2544 1479 2615 693
1502 2544 1694 2599 Petrus
1718 2544 1814 2598 ait.
1838 2542 1954 2598 Non
1986 2543 2127 2598 enim

550 2644 800 2689 naturam
828 2650 949 2704 quae
980 2650 1009 2687 a
1035 2645 1209 2690 morte
1227 2636 1614 2704 comprehendi
1648 2644 1701 2690 et
1728 2635 1869 2690 vinci
1895 2652 1999 2690 non
2036 2652 2128 2704 po-

550 2734 678 2790 test,
706 2725 811 2781 hoc
833 2735 942 2791 est,
978 2726 1320 2781 divinitatem
1349 2725 1644 2795 Unigeniti,
1687 2741 1720 2782 e
1757 2727 2129 2781 subterraneis

548 2818 819 2885 specubus
857 2819 1134 2873 reductam
1187 2818 1285 2873 ait.
1338 2815 1528 2887 Neque
1587 2816 1731 2870 enim
1765 2814 2128 2887 admiratione

548 2909 709 2979 digna
738 2924 824 2964 res
842 2919 1009 2969 esset,
1037 2909 1085 2964 si
1122 2925 1227 2962 non
1276 2909 1475 2963 mansit
1510 2908 1563 2961 in
1619 2906 1832 2962 inferno
1866 2905 2126 2972 Verbum,

547 3000 693 3071 quod
725 3000 957 3055 Deitatis
983 3000 1220 3055 ellicacia
1245 3007 1300 3055 et
1322 3008 1518 3055 natura
1565 2997 1873 3055 admirabili
1945 3007 2001 3052 et
2042 3012 2129 3051 ra-

548 3095 749 3151 tionem
772 3095 1072 3147 excedente
1099 3093 1258 3149 modo
1270 3092 1455 3148 omnia
1483 3091 1669 3159 implet
1691 3090 1983 3160 omniaque
2000 3103 2127 3158 per-

548 3194 710 3237 tneat.
737 3182 1000 3252 Superior
1020 3184 1166 3237 enim
1199 3193 1282 3238 est
1326 3182 1477 3238 omni
1512 3182 1629 3238 loco
1678 3191 1732 3235 et
1781 3178 2127 3236 circumscri-

2233 1997 2424 2060 αὑτοῦ,
2471 1996 2709 2067 προϊδὼν
2753 1995 2985 2065 ἐλάλησε
3025 1994 3289 2065 περὶτῆς
3340 1994 3692 2057 ἀναστάσεως
3719 1993 3823 2048 τοῦ

2232 2086 2493 2159 Χριστοῦ,
2536 2087 2619 2140 ὅτι
2658 2084 2782 2139 οὔτε
2834 2082 3231 2155 ἐγκατελείφθη
3288 2086 3369 2147 εἰς
3403 2084 3538 2156 ᾆδην
3579 2086 3612 2153 ἡ
3666 2085 3822 2156 ψυχὴ

2231 2178 2418 2243 αὐτοῦ,
2449 2177 2573 2232 οὗτε
2599 2180 2633 2249 ἡ
2669 2175 2999 2249 σὰρξαύτοῦ
3036 2171 3146 2228 εἶδε
3176 2174 3497 2246 διαφθοράν.
3528 2195 3546 2227 ι
3582 2176 3658 2227 Οὐ
3706 2176 3823 2249 γάρ

2230 2287 2314 2325 τοι
2340 2271 2498 2341 θέμις
2522 2258 2736 2335 εἰπεῖν,
2756 2266 2934 2338 φθορᾷ
2970 2265 3069 2336 μὲν
3100 2264 3362 2319 δύνασθαι
3391 2263 3715 2336 κρατεῖσθαι
3739 2263 3823 2317 δι-

2232 2366 2418 2436 ηνεκεῖ
2443 2363 2543 2432 τὴν
2571 2360 2868 2415 ἐνωθεῖσαν
2890 2359 2972 2431 τῷ
2996 2360 3156 2430 Λόγῳ
3190 2359 3390 2429 σάρκα,
3408 2358 3638 2428 κάτοχον
3668 2358 3724 2411 δέ
3750 2352 3824 2412 αὖ

2229 2460 2349 2521 ταῖς
2390 2456 2517 2527 ᾅδου
2561 2454 2760 2518 πύλαις
2797 2456 2899 2524 τὴν
2950 2452 3104 2508 θείαν
3144 2450 3400 2521 γενέσθαι
3448 2450 3651 2522 ψυχήν.
3702 2452 3824 2505 Οὐκ

2229 2546 2629 2617 ἐγκατελείφθη
2672 2547 2779 2619 γὰρ
2824 2547 2906 2610 εἰς
2942 2544 3093 2616 ᾅδου,
3144 2543 3292 2597 καθὰ
3337 2544 3432 2597 καὶ
3463 2545 3492 2596 6
3531 2543 3823 2608 θεσπέσιος

2231 2641 2334 2709 ἔφη
2360 2639 2586 2711 Πέτρος.
2624 2637 2700 2690 Οὐ
2739 2637 2848 2707 γάρ
2881 2653 2984 2688 που
3013 2637 3115 2706 τήν
3158 2651 3223 2703 γε
3264 2634 3505 2705 ἄληπτον
3538 2634 3826 2698 παντελῶς

2230 2731 2325 2784 καὶ
2357 2730 2631 2785 ἀνάλωτον
2664 2727 2743 2799 τῷ
2778 2728 2995 2799 θανάτῳ
3034 2727 3217 2798 φύσιν,
3254 2727 3528 2792 τουτέστι,
3564 2726 3664 2798 τὴν
3700 2727 3826 2781 θεό-

2228 2841 2369 2895 τητα
2406 2823 2500 2876 τοῦ
2548 2820 2911 2891 Μονογενοῦς,
2959 2820 3069 2874 τῶν
3102 2820 3204 2873 ὑπὸ
3249 2820 3414 2890 χθόνα
3458 2818 3648 2889 μυχῶν
3687 2820 3827 2873 ἀνα-

2230 2916 2556 2987 κεκομίσθαι
2587 2916 2773 2986 φησίν.
2800 2915 2876 2969 Οὐ
2903 2914 3012 2986 γάρ
3044 2914 3110 2968 ἂν
3134 2912 3343 2983 ἠξιώθη
3370 2913 3432 2965 τὸ
3463 2913 3651 2983 χρῆμα
3684 2912 3822 2965 θαύ-

2232 3023 2422 3077 ματος,
2461 3008 2510 3059 εἰ
2547 3006 2622 3077 μὴ
2652 3005 2962 3077 μεμένηκεν
2992 3006 3073 3069 εἰς
3102 3005 3192 3057 τὸν
3224 3003 3359 3076 ᾆδην
3387 3006 3416 3057 6
3454 3005 3519 3056 ὲκ
3553 3001 3688 3056 θεοῦ
3721 3003 3823 3055 A6-

2228 3116 2346 3167 γος,
2384 3099 2451 3168 τῇ
2485 3098 2585 3167 τῆς
2613 3097 2867 3166 θεότητος
2899 3096 3153 3168 ἐνεργείᾳ
3186 3114 3245 3149 τε
3275 3095 3373 3150 καὶ
3413 3094 3593 3165 φύσει,
3631 3112 3821 3166 παρα-

2229 3188 2396 3255 δόξως
2426 3188 2521 3243 καὶ
2556 3189 2695 3259 ὑπὲρ
2746 3188 2928 3258 λόγον,
2973 3188 3200 3260 πληρῶν
3242 3189 3343 3260 μὲν
3376 3188 3447 3242 τὰ
3486 3190 3687 3255 πάντα,
3726 3191 3824 3243 καὶ

547 3278 754 3345 ptione,
783 3274 1259 3344 magnitudineque
1291 3274 1645 3328 tncnsurabili
1680 3273 1886 3337 Deitas,
1919 3286 2017 3325 nec
2062 3270 2131 3325 ab

2238 3281 2350 3342 rei;
2397 3280 2565 3332 πᾶσιν
2613 3277 2924 3349 ἐπιδημῶν.
2996 3277 3280 3349 Ἀνωτέρω
3336 3279 3445 3350 γάρ
3494 3279 3685 3344 τόπου,
3727 3279 3825 3333 καὶ

548 3367 656 3423 ullo
685 3366 1015 3421 continetur.
1047 3366 1175 3421 Illud
1211 3381 1341 3421 vero
1389 3366 1591 3420 nemini
1641 3382 1747 3420 non
1788 3380 2138 3435 summopere

546 3458 923 3513 admirandqu
952 3464 1057 3517 est.
1084 3458 1234 3528 quod
1260 3472 1453 3528 corpus
1487 3466 1676 3511 natura
1732 3471 1826 3513 sua
1872 3455 2139 3524 corrupti-

548 3551 655 3604 hite
683 3549 960 3615 revixerit,
1016 3549 1284 3619 siquidem
1342 3548 1743 3617 iucorruptibili
1804 3548 1981 3605 Verbo
2021 3547 2139 3603 uni-

549 3653 665 3695 tum
698 3641 1057 3697 erat.Auima
1105 3652 1288 3698 autem
1343 3641 1550 3706 divina,
1599 3657 1722 3711 qua:
1782 3656 2136 3711 congressum

547 3742 711 3803 atque
741 3734 1001 3789 unitatem
1042 3750 1164 3790 cum
1195 3732 1373 3789 Verbo
1402 3743 1694 3789 consecuta
1736 3743 1875 3799 erat,
1910 3733 2137 3789 descen-

545 3827 624 3880 dit
655 3825 869 3893 quidem
902 3826 954 3880 itt
991 3825 1283 3892 infernum,
1317 3834 1372 3879 et
1405 3825 1584 3880 divina
1629 3825 1870 3895 potentia
1911 3824 2135 3881 faculta-

547 3929 708 3988 thue
736 3927 918 3986 utens,
940 3918 1108 3974 etiam
1144 3918 1430 3988 spiritibus
1455 3917 1509 3972 itt
1546 3917 1762 3974 inferno
1812 3917 2135 3973 constitutis

543 4010 817 4080 apparuit.
841 4010 1046 4066 idcirco
1071 4013 1235 4065 etiam
1259 4010 1397 4065 dixit
1427 4010 1495 4066 iis
1515 4010 1606 4080 qui
1628 4010 1681 4065 in
1701 4010 1935 4066 vinculis
1953 4019 2132 4077 erant,

549 4121 571 4154 ι
615 4100 812 4156 Exite:
862 4112 918 4157 et
964 4102 1031 4158 iis
1060 4102 1154 4173 qui
1185 4102 1238 4156 in
1265 4103 1525 4169 tenebris,
1548 4100 1880 4160 Bevelamini
1907 4102 1973 4159 “.
2009 4123 2029 4155 ι
2056 4103 2137 4157 Ac

548 4193 681 4247 mihi
713 4193 929 4261 quidem
962 4194 1290 4259 ejuscemodi
1321 4194 1522 4265 aliquid
1556 4195 1739 4251 dicere
1765 4195 1979 4250 videtur
2002 4195 2134 4250 bea-

544 4292 634 4338 tus
667 4282 860 4339 Petrus
889 4285 955 4339 de
974 4282 1151 4341 Verbo
1178 4285 1294 4350 Dei,
1322 4286 1497 4356 deque
1535 4287 1715 4342 anima
1767 4302 1888 4357 quae
1925 4288 1976 4342 ei
2033 4302 2135 4356 per

547 4377 1008 4447 dispensationem
1050 4379 1197 4434 unita
1217 4387 1322 4435 est.
1382 4397 1402 4432 ι
1448 4377 1638 4435 Melius
1694 4387 1801 4448 est,
1856 4379 2132 4450 inquiens,

548 4468 954 4525 Iumel’acientes
981 4467 1054 4540 (si
1084 4469 1334 4526 voluntas
1364 4469 1461 4527 Dei
1493 4470 1643 4542 velit)
1658 4471 1791 4540 pati,
1823 4485 1986 4541 quam
2018 4485 2134 4524 ma-

547 4560 885 4624 lefacientcs,
938 4561 1065 4631 quia
1118 4569 1175 4617 et
1225 4560 1476 4617 Christus
1521 4563 1691 4617 semel
1738 4577 1837 4631 pro
1899 4560 2135 4631 peccatis

549 4662 801 4708 mortuus
823 4663 923 4717 est,
949 4652 1130 4721 justus
1164 4668 1263 4724 pro
1283 4654 1521 4723 iniustis,
1546 4662 1605 4707 ut
1632 4666 1731 4706 nos
1756 4651 1975 4709 oil'erret
1993 4652 2125 4718 Deo,

547 4742 906 4799 mortificatus
952 4743 1169 4814 quidem
1201 4758 1388 4811 carne,
1420 4743 1731 4799 viviﬁeatus
1757 4750 1942 4796 autem
2003 4741 2128 4813 Spi-

547 4836 650 4889 ritu
684 4853 698 4889 :
735 4835 790 4888 lu
811 4853 940 4906 quo,
979 4838 1173 4906 inquit,
1201 4846 1257 4891 et
1276 4837 1341 4893 iis
1362 4835 1454 4905 qui
1499 4835 1554 4889 in
1584 4849 1809 4908 carcere
1835 4836 2128 4905 erant.spi-

548 4927 739 4982 ritibus
768 4928 989 4982 veniens
1016 4926 1351 4998 praedicavit,
1391 4924 1483 4996 qui
1532 4924 1825 4994 aliquando
1862 4924 2123 4980 increduli

546 5017 760 5071 fuerant
784 5018 850 5072 “.
879 5038 898 5070 ι
927 5017 1294 5086 Nequeenim,
1323 5026 1383 5070 ut
1405 5015 1663 5079 arbitror,
1690 5015 1910 5081 dixerit,
1933 5017 2129 5071 undam

545 5110 828 5177 solamque
856 5123 954 5178 per
978 5122 1040 5162 se
1060 5107 1324 5162 Deitatem
1352 5105 1626 5174 Unigeniti
1662 5108 1712 5160 in
1732 5106 2000 5161 infernum
2032 5107 2126 5163 de-

545 5200 824 5254 scendisse
867 5215 881 5250 :
915 5199 1187 5269 siquidem
1216 5196 1505 5254 invisibilis
1538 5199 1807 5254 exsistens
1852 5198 2133 5268 spiritibus

547 5289 638 5354 qui
667 5286 781 5341 illic
801 5298 982 5355 erant,
1006 5287 1305 5358 praedicare
1334 5288 1561 5346 omnino
1594 5306 1700 5345 nou
1763 5291 1958 5361 potuit.
1984 5289 2132 5345 Prae-

547 5378 779 5434 stantior
808 5380 953 5433 enim
984 5389 1068 5435 est
1099 5380 1285 5439 Deitas
1321 5397 1479 5452 quam
1524 5392 1582 5438 ut
1616 5384 1762 5439 cerni
1801 5384 2000 5453 possit:
2037 5383 2132 5438 sed

549 5482 729 5537 neque
757 5468 1075 5541 imaginaria
1108 5474 1339 5543 quadam
1368 5475 1680 5544 apparentia
1709 5476 2047 5530 divinitatem
2078 5475 2130 5529 in

549 5558 748 5613 anima:
791 5560 1028 5630 speciem
1086 5562 1528 5619 transformatam
1594 5567 1988 5631 concedemus;
2037 5566 2131 5619 sed

550 5648 778 5719 perinde
804 5660 968 5724 atque
992 5654 1061 5710 iis
1088 5654 1180 5725 qui
1214 5656 1393 5712 adhuc
1428 5655 1481 5711 in
1504 5670 1671 5713 carne
1720 5664 2031 5723 versantur,
2056 5658 2128 5713 ita

622 5826 664 5860 “
699 5824 895 5889 Ilean.
928 5848 1013 5898 tn.
1057 5833 1143 5890 ιι.
1220 5833 1263 5867 δ’
1298 5832 1463 5892 Rom.
1507 5848 1619 5900 xtv,
1649 5831 1703 5893 9.
1781 5833 1968 5893 “Act.
2003 5849 2063 5896 tt.
2095 5834 2132 5888 2‘

2237 5836 2286 5891 l.
2364 5832 2535 5890 “lea.
2564 5850 2709 5897 nix.
2744 5835 2795 5892 9.

2241 3367 2626 3439 περιορισμοῦ,
2655 3367 2749 3421 καὶ
2783 3366 3053 3438 μεγέθους
3086 3368 3359 3439 μετρητοῦ
3390 3369 3449 3421 τὸ
3479 3369 3656 3432 Θεῖον,
3689 3369 3825 3422 αὐτὸ

2237 3459 2293 3512 δὲ
2322 3456 2426 3511 ὑπὸ
2457 3457 2683 3530 μηδενὸς
2704 3457 3072 3530 χωρούμενον.
3100 3458 3413 3530 Παράδοξον
3435 3459 3511 3525 δὲ,
3541 3461 3633 3513 καὶ
3647 3460 3823 3513 οὐδενὶ

2238 3551 2347 3606 τῶν
2379 3551 2547 3605 ὄντων
2573 3549 2949 3621 ἀθαύμαστον,
2990 3549 3072 3603 ὅτι
3104 3549 3264 3620 σῶμα
3301 3550 3399 3622 μὲν
3433 3551 3633 3605 ἀνεὸίω
3661 3551 3724 3604 τὸ
3754 3554 3824 3621 τῇ

2240 3641 2397 3711 φύσει
2454 3640 2712 3712 φθαρτὸν,
2756 3642 3034 3712 συνήνωτο
3062 3640 3173 3713 γὰρ
3204 3641 3283 3713 τῷ
3326 3642 3589 3714 ἀφθάρτῳ
3636 3643 3821 3713 Λόγῳ.

2238 3732 2400 3802 Ψυχὴ
2434 3731 2491 3784 δὲ
2529 3732 2562 3802 ὴ
2609 3730 2752 3796 θεία,
2803 3730 2901 3802 τὴν
2932 3731 3071 3804 πρὸς
3127 3733 3291 3786 αὑτὸν
3324 3733 3567 3818 λαχοῦσα
3602 3735 3823 3807 συνδρο·

2240 3826 2349 3892 μήν
2378 3840 2436 3876 τε
2468 3823 2563 3876 καὶ⁵
2584 3822 2778 3876 ἕνωσιν
2808 3823 3257 3894 καταπεφοίτηκε
3287 3822 3386 3894 μὲν
3410 3825 3490 3887 εἱς
3521 3823 3670 3896 ᾅδου,
3702 3823 3823 3877 θεο-

2238 3917 2442 3988 πρεπεῖ
2475 3914 2532 3968 δὲ
2553 3914 2782 3985 δυνάμει
2834 3914 2929 3968 καὶ
2969 3915 3187 3988 ἐξουσία
3231 3917 3525 3988 χρωμένη,
3578 3917 3674 3971 καὶ
3710 3921 3823 3983 τοῖς

2238 4010 2419 4062 ἐκεῖσε
2454 4006 2735 4077 πνεύμασι
2765 4007 3147 4078 κατεφαίνετο.
3176 4006 3470 4080 Τοιγάρτοι
3497 4010 3590 4062 καὶ
3615 4008 3822 4077 ἔφασκε

2235 4102 2345 4164 τοῖς
2382 4101 2438 4153 ἐν
2462 4098 2704 4169 δεσμοῖς,
2739 4117 2758 4151 t
2795 4099 3095 4168 Ἐξέλθετε,
3133 4100 3227 4154 καὶ
3263 4103 3376 4163 τοῖς
3416 4102 3473 4154 ὲν
3511 4099 3589 4171 τῷ
3616 4101 3823 4168 σκότει,

2248 4192 2717 4263 ’Λνακαλύφθητε.
2756 4211 2776 4244 ι
2806 4193 2914 4246 Καί
2968 4209 3059 4264 μοι
3088 4193 3256 4260 δοκεῖ,
3295 4194 3460 4263 φάναι
3484 4212 3537 4248 τι
3573 4193 3824 4248 τοιοῦτον

2236 4286 2332 4338 καὶ
2361 4287 2390 4340 6
2421 4285 2698 4357 μακάριος
2729 4288 2936 4358 Πέτρος
2967 4285 3096 4356 περί
3124 4303 3186 4338 τε
3210 4286 3305 4340 τοῦ
3335 4286 3468 4339 Θεοῦ
3500 4285 3697 4355 Λόγου,
3730 4289 3823 4340 καὶ

2236 4378 2335 4447 τῆς
2394 4377 2519 4432 καθ’
2567 4377 2766 4432 ἕνωσιν
2827 4379 3182 4450 οἰκονομικὴν
3225 4377 3602 4449 γεγενημένης
3650 4378 3824 4433 αὐτοῦ

2234 4466 2432 4538 ψυχῆς,
2463 4487 2482 4521 t
2510 4467 2773 4540 Κρεῖττον
2817 4467 2927 4541 γὰρ
2977 4466 3468 4538 ἀγαθοποιοῦντας,
3501 4469 3550 4520 εξ
3585 4467 3731 4522 θέλοι
3763 4470 3823 4522 τὲ

2166 4593 2211 4648 D
2237 4557 2449 4630 θέλημα
2473 4558 2568 4613 τοῦ
2590 4558 2751 4625 Θεοῦ,
2786 4559 3040 4632 πάσχειν,
3064 4559 3098 4631 ἦ
3135 4557 3588 4624 κακοποιοῦντας,
3614 4559 3699 4612 ὅτι
3728 4561 3822 4613 καὶ

2234 4652 2264 4704 6
2301 4651 2538 4723 Χριστὸς
2584 4651 2735 4716 ἅπαξ
2782 4652 2924 4724 ὑπὲρ
2967 4652 3255 4723 ἁμαρτιῶν
3295 4650 3572 4716 ἀπέθανε,
3611 4651 3823 4716 δίκαιος

2235 4741 2377 4813 ὑπὲρ
2408 4741 2634 4808 ἀδίκων,
2659 4742 2727 4797 ἵν’
2762 4744 2911 4815 ἡμᾶς
2932 4745 3264 4818 προσαγάγῃ
3300 4742 3379 4812 τῷ
3405 4742 3545 4812 Θεῷ,
3571 4744 3820 4796 θανατω-

2234 4833 2346 4898 θεὶς
2365 4836 2551 4907 σαρκὶ,
2577 4834 2933 4906 ζωοποιηθεὶς
2962 4835 3021 4889 δὲ
3044 4834 3338 4906 πνεύματι’
3358 4835 3444 4886 Ἐν
3463 4827 3702 4906 ᾧ,φησ“ι,
3730 4835 3823 4888 καὶ

2233 4930 2347 4993 τοίς
2376 4930 2436 4981 ἐν
2461 4929 2680 5001 φυλακῇ
2715 4928 2992 5001 πνεύμασι
3028 4928 3314 5000 πορευθεὶς
3340 4927 3629 4999 ἐκήρυξεν,
3659 4928 3826 4981 ἀπει-

2235 5020 2432 5091 θήσασι
2464 5037 2619 5074 ποτε.
2656 5040 2675 5073 ι
2722 5020 2858 5074 Οὐδὲ
2887 5020 2997 5092 γάρ
3025 5014 3181 5092 οἶμαι
3218 5021 3376 5090 φαῖεν
3408 5020 3496 5083 ἂν,
3529 5018 3605 5083 ὡς
3636 5019 3826 5091 γυμνὴ

2234 5111 2328 5165 καὶ
2354 5112 2474 5166 καθ’
2500 5112 2747 5184 ἐαυτὴνή
2767 5112 2968 5182 Θεότης
2990 5111 3084 5165 τοῦ
3114 5110 3470 5180 Μονογενοῦς,
3488 5111 3824 5180 καταπεφοί-

2233 5222 2367 5276 τηκε
2397 5204 2496 5276 μὲν
2535 5207 2617 5269 είς
2656 5205 2806 5278 ᾅδου,
2836 5206 3129 5277 διεκήρυξε
3167 5205 3225 5258 δέ
3262 5206 3377 5267 τοῖς
3426 5205 3607 5256 ἐκεῖσε
3655 5203 3822 5256 πνεύ-

2232 5311 2387 5365 μασι,
2420 5294 2620 5358 ᾶοπτος
2649 5290 2784 5349 οὖσα
2814 5295 3119 5358 παντελῶς.
3144 5296 3414 5365 Κρεῖττον
3445 5292 3555 5363 γὰρ
3597 5291 3686 5345 ἀεὶ
3728 5290 3824 5345 τοῦ

2234 5382 2466 5454 ὁρᾶσθαι
2504 5383 2566 5435 τὸ
2597 5383 2774 5448 Θεῖον,
2805 5384 2918 5437 ἀλλ’
2952 5383 3074 5436 οὐδὲ
3109 5383 3350 5456 δοκήσει,
3393 5383 3488 5435 καὶ
3513 5382 3826 5451 ἐσχηματι-

2241 5474 2479 5544 σμένως,
2517 5475 2597 5539 είς
2617 5475 2680 5528 τὸ
2708 5476 2887 5545 ψυχῆς
2919 5472 3058 5539 εἶδος
3083 5475 3253 5546 αὐτὴν
3288 5473 3685 5547 μεμορφῶσθαι
3717 5473 3823 5527 δώ-

2240 5583 2427 5636 σομεν,
2463 5567 2831 5639 παραιτητέον
2863 5566 2919 5621 δὲ
2975 5569 3227 5638 πανταχῆ
3266 5569 3363 5639 τὴν
3399 5568 3620 5639 δόκησιν
3642 5582 3655 5595 ·
3705 5565 3825 5620 ἀλλ’

2236 5658 2426 5730 ὥσπερ
2446 5661 2557 5723 τοῖς
2587 5658 2668 5711 ἔτι
2710 5662 2851 5730 μετά
2880 5662 3103 5731 σαρκὸς,
3136 5659 3280 5714 οὕτω
3305 5661 3399 5713 καὶ
3426 5662 3549 5725 ταῖς,⁹
3580 5661 3660 5723 εἰς
3692 5658 3823 5732 ᾅδου

2878 5837 2919 5870 ⁵³
2943 5835 3128 5894 lPett'.
3170 5853 3251 5901 Iit,
3288 5838 3473 5894 17-20.
