4050 6442
291 350 429 403 1321

289 555 576 626 ἁμαρτεῖν
604 558 697 608 τοῦ
757 558 1062 627 πρέποντάς
1099 576 1158 611 τε
1211 560 1307 611 καὶ
1337 559 1594 629 ἀληθοῦς.
1641 559 1734 630 Μὴ
1777 560 1884 629 γάρ

294 667 393 718 μοι
422 648 625 720 διέλῃς,
653 649 787 719 μηδὲ
814 650 1022 715 διῖστάς
1053 653 1130 714 εἰς
1161 651 1447 721 ἄνθρωπον
1475 651 1658 714 tamn;
1685 653 1779 704 καὶ
1805 654 1884 715 εὶς

287 738 438 792 Θεὸν
473 741 668 806 Λόγον,
694 740 1043 811 διπρόσωπον
1072 742 1202 811 ἡμῖν
1227 741 1507 794 ἀνατύπου
1549 741 1641 794 τὸν
1676 742 1885 812 Ἐμμα-

291 832 488 904 νουήλ.
520 833 612 903 Μὴ
642 834 750 903 ἄρα
779 851 862 896 τις
892 834 1024 903 ἡμῖν
1063 834 1290 896 εἰκότως
1315 833 1732 905 διαμωμήσαιτο
1756 851 1886 904 φρο-

292 926 416 977 νεῖν
437 923 716 994 ἑλομένοις
745 924 902 994 ὀρθὸν
930 923 1032 994 μὲν
1063 924 1234 986 οὐδὲν,
1286 927 1468 978 ἐκεῖνα
1497 925 1550 978 δὲ
1594 925 1815 995 μᾶλλον,
1851 925 1886 978 ἃ

291 1015 400 1093 καὶ.
445 1014 532 1068 διὰ
572 1014 673 1084 τῆς
705 1015 868 1082 ἁγίας
902 1016 1267 1086 κατεδικάσθη
1316 1017 1575 1087 Γραφῆςς
1615 1012 1740 1069 Ὧδε
1778 1017 1886 1087 γάρ

293 1120 384 1167 τις
414 1103 520 1172 ἔφη
543 1102 652 1155 τῶν
675 1102 915 1173 Χριστοῦ
943 1103 1252 1174 μαθητῶν-ι
1276 1104 1461 1175 Ὑμεῖς
1488 1105 1567 1164 δὲ,
1586 1105 1882 1174 ἀγαπητοὶ,

296 1195 586 1265 μνήσθητε
616 1195 726 1248 τῶν
761 1195 1028 1265 ῥημάτων
1063 1196 1170 1248 τῶν
1201 1196 1616 1268 προειρημένων
1647 1197 1750 1249 ὑπὸ
1778 1198 1885 1250 τῶν

292 1287 625 1340 ἀποστόλων
681 1286 774 1340 τοῦ
828 1288 1038 1358 Κυρίου
1082 1287 1240 1359 ἡμῶν
1273 1287 1444 1359 Ἰησοῦ
1494 1290 1754 1360 Χριστοῦ,
1803 1289 1884 1342 ὃτι

291 1382 491 1450 ἔλεγον
521 1382 674 1453 ὑμῖν,
705 1382 786 1435 ὅτι
816 1383 900 1435 ἐπ’
935 1383 1178 1452 ἐσχάτων
1204 1381 1312 1434 τῶν
1337 1382 1543 1452 χρόνων
1573 1381 1885 1437 ἐλεύσονται

294 1478 356 1528 ἐν
407 1476 766 1545 ἐμπαιγμονῇ
807 1475 1109 1544 ἐμπαῖκται
1155 1474 1293 1526 κατὰ
1322 1475 1421 1537 τὰς
1458 1475 1666 1528 ἑαυτῶν
1695 1477 1886 1528 ἐπιθυ-

297 1567 436 1637 μίας
466 1565 829 1637 πορευόμενοι
859 1565 966 1618 τῶν
991 1565 1280 1619 ἀσεϐειῶν.
1315 1561 1476 1618 Οῦτοί
1508 1567 1646 1620 εἰσ¹ν
1668 1569 1716 1619 οἱ
1748 1568 1882 1620 ἀποα

290 1658 628 1729 διορίζοντες
659 1658 900 1728 ψυχικοι,
928 1655 1146 1727 πνεῦμα
1179 1659 1252 1728 μὴ
1278 1657 1512 1727 ἔχοντες.
1545 1676 1560 1708 ι

371 1751 433 1802 Β.
479 1750 552 1802 Οὐ
593 1749 886 1822 διοριστέον
927 1745 1020 1802 οῧν
1059 1751 1163 1819 ἄρα
1204 1751 1322 1802 κατ’
1354 1751 1543 1803 οὐδένα
1583 1750 1810 1819 τρόπον;

1427 352 1514 408 DE
1550 349 2066 409 IXCARNATIONE
2111 349 2482 408 lJ-NlCi'lNlTl.

366 466 436 515 Α.
484 462 593 516 Καὶ
631 464 738 533 μὴν
779 464 939 517 τοῦτὸ
979 465 1041 534 γέ
1088 443 1301 536 ἐστινὴ
1349 466 1636 538 πλάνησις,
1680 469 1771 521 καὶ
1823 469 1884 519 τι
1922 481 1957 528 Α

3436 361 3574 417 ιεειει

2060 467 2124 519 Α.
2162 466 2322 535 Atqui
2351 467 2452 521 hoc
2481 467 2695 535 quidem
2726 475 2811 521 est
2833 480 3037 534 errare,
3067 478 3122 524 et
3165 485 3194 522 a
3223 472 3446 525 veritate
3476 477 3571 528 de-

1994 554 2230 610 ﬂectere.
2265 553 2453 625 Neque
2481 556 2623 610 enim
2652 557 2766 610 hare
2788 557 3089 611 divellenda
3125 569 3270 626 sunt,
3297 561 3364 613 ita
3391 572 3448 616 ιιι
3480 563 3575 617 ho-

1990 648 2188 702 minem
2219 648 2448 702 seorsim
2481 657 2711 711 statuas,
2740 656 2795 703 et
2826 646 2994 703 Deum
3056 650 3291 705 Verhum
3317 654 3574 718 seorsim,

1988 749 2043 794 et
2092 739 2287 808 duplici
2338 755 2570 807 persona
2622 741 2906 809 przeditum
2961 743 3119 798 nobis
3163 741 3574 800 Emmanuelcm

1987 830 2228 901 emngas.
2257 829 2448 886 Nonne
2482 833 2630 886 enim
2669 833 2864 886 merito
2921 849 3019 887 nos
3079 833 3245 906 695
3304 837 3577 906 quispiam

1992 923 2371 990 reprehendat,
2402 923 2442 976 si
2481 925 2666 976 relicta
2697 940 2822 977 vera
2854 937 3111 995 rectaque
3163 930 3460 992 sententia,
3510 945 3572 980 ea

1989 1016 2164 1081 potius
2192 1026 2464 1069 sectenmr
2500 1032 2619 1084 qu:e
2663 1031 2817 1071 sacra
2868 1017 3146 1086 Scriptum
3211 1023 3578 1074 condemnat?

1988 1103 2121 1157 Nam
2154 1106 2226 1160 ita
2261 1107 2482 1174 quidam
2517 1107 2906 1175 discipulorum
2932 1109 3131 1163 Christi
3171 1110 3343 1179 inquit
3371 1129 3383 1165 :
3415 1131 3433 1164 ι
3465 1112 3575 1167 Vos

1987 1209 2190 1262 autem,
2219 1198 2424 1259 dilecti.
2456 1213 2722 1253 memores
2748 1210 2922 1255 estote
2955 1204 3240 1256 verhornm
3293 1219 3410 1273 quzc
3433 1221 3571 1272 pra!-

1989 1289 2129 1343 dicta
2161 1300 2286 1345 sunt
2333 1291 2400 1342 ab
2428 1292 2692 1359 itpOalOiiS
2728 1291 2937 1346 Domini
2974 1295 3142 1347 nostri
3173 1293 3297 1350 Jcsu
3325 1296 3528 1351 ChriSIi
3555 1310 3569 1347 :

1988 1381 2078 1448 qui
2107 1381 2357 1436 dicebant
2391 1382 2562 1445 vobis,
2586 1385 2843 1450 quoniam
2884 1385 2936 1438 in
2974 1386 3282 1440 novissimis
3317 1389 3574 1455 tempori-

1990 1472 2088 1523 lius
2117 1471 2336 1526 venient
2365 1471 2612 1527 illusores
2640 1469 2936 1528 secundum
2963 1476 3231 1529 desideria
3260 1492 3352 1531 sua
3388 1479 3573 1530 ambu-

1989 1559 2160 1614 lantes
2197 1561 2248 1614 iu
2289 1562 2679 1629 inmietatihus.
2753 1564 2814 1617 lli
2869 1574 2994 1618 sunt
3021 1570 3113 1636 qui
3168 1577 3456 1636 segregant
3489 1583 3574 1622 se-

1989 1654 2268 1722 mctipsos,
2301 1654 2586 1720 animales,
2615 1655 2866 1721 spiritum
2904 1673 3009 1711 non
3049 1660 3308 1714 habentes
3343 1661 3408 1713 '°.
3445 1678 3464 1711 ι

2061 1743 2121 1796 Β.
2161 1742 2316 1798 Nulla
2352 1746 2512 1814 igitur
2547 1749 2755 1802 ratione
2786 1759 2913 1802 sunt
2949 1751 3252 1805 dirimenda
3295 1753 3420 1805 ista.

366 1849 435 1898 A.
479 1812 778 1914 Οὐμενοῦν.
832 1843 925 1906 Εἰς
971 1859 1034 1910 γε
1185 1843 1420 1912 μάλιστα
1470 1843 1530 1896 τὸ
1579 1812 1672 1896 δῦο
1721 1812 1886 1911 φάναι

2061 1837 2126 1891 Α.
2175 1836 2243 1891 Ut
2299 1812 2536 1892 maxime
2592 1840 2698 1894 duo
2756 1841 3007 1894 dicantur
3067 1854 3355 1913 postquam
3418 1846 3572 1900 unita

293 1937 444 2006 μετᾶ
497 1936 596 2008 τὴν
654 1935 869 1996 ἕνωσιν,
915 1935 1010 1987 καὶ
1044 1935 1316 2005 ᾀναμέρος
1362 1934 1624 2005 ἑκάτερον
1666 1935 1886 1987 ἐννοεῖν.

303 2029 510 2082 ’ἰστέον
532 2028 577 2081 δ’
607 2023 719 2093 οῦν,
753 2027 834 2080 ὅτι
866 2026 1061 2098 θεωρεῖ
1090 2029 1187 2097 μέν
1223 2045 1341 2080 τινα
1381 2029 1598 2096 φύσεων
1626 2027 1888 2097 διαφορὰν

289 2123 320 2173 ὁ
349 2121 512 2185 νοῦς·
535 2121 732 2174 ταυτὸν
771 2120 880 2191 γὰρ
917 2119 976 2173 οὔ
1013 2120 1065 2173 τί
1102 2139 1204 2173 που
1236 2121 1426 2192 θεότης
1453 2139 1511 2174 τε
1545 2121 1640 2174 καὶ
1677 2121 1889 2192 ἀνθρω-

291 2212 472 2282 nam;
491 2228 504 2241 ·
535 2210 836 2274 εἰσδέξεται
864 2210 920 2263 δὲ
942 2210 1079 2280 ὁμοῦ
1103 2213 1222 2273 ταῖς
1255 2213 1382 2282 περὶ
1405 2210 1608 2264 τούτων
1636 2212 1885 2274 ἐννοίαις,

291 2306 394 2358 καὶ
427 2308 541 2358 τοῖν
561 2306 763 2373 ἀμιροῐν
791 2305 870 2367 εἰς
902 2304 1135 2374 ἑνότητα
1161 2304 1492 2375 συνδρομήν.
1524 2304 1732 2359 Οὐκοῦν
1752 2304 1887 2357 Θεοῦ

293 2399 401 2468 μὲν
431 2396 598 2464 ἐξέφυ
631 2395 727 2450 τοῦ
760 2396 998 2468 Πατρὸς,
1023 2396 1096 2460 ὼς
1125 2396 1279 2461 Θεὸς,
1308 2397 1384 2460 ὡς
1413 2399 1478 2450 ἐκ
1504 2396 1782 2468 Παρθένου
1807 2397 1885 2460 δὲ,

289 2489 589 2560 ἄνθρωπος
617 2507 630 2517 ⁸
667 2491 695 2541 ὁ
733 2489 842 2560 γὰρ
886 2489 1021 2543 Θεοῦ
1055 2490 1270 2558 Πατρὸς
1303 2491 1630 2561 ἀπορῤήτως
1682 2508 1742 2543 τε
1794 2491 1889 2543 καὶ

291 2586 439 2655 ὑπὲρ
497 2583 619 2637 νοῦν
675 2585 998 2655 ἀναλάμψας
1031 2584 1224 2652 Λόγος,
1265 2584 1622 2655 γεγεννῆσθαι
1671 2584 1888 2651 λέγεται

289 2679 394 2730 καὶ
440 2676 530 2728 διὰ
582 2677 859 2743 γυναικὸς,
894 2676 1302 2745 καταφοιτήσας
1350 2678 1429 2738 εἰς
1469 2675 1884 2746 ἀνθρωπότητα,

289 2772 394 2821 καὶ
441 2766 630 2830 καθετς
679 2768 873 2820 ἑαυτὸν
903 2769 982 2831 εἰς
1011 2769 1146 2839 ὅπερ
1194 2768 1292 2820 οὐκ
1324 2762 1413 2838 ἦν,
1442 2767 1541 2837 οὐχ
1597 2769 1684 2820 ἵνα
1731 2768 1891 2840 μείνῃ

291 2860 700 2929 κεκενωμένος,
731 2859 846 2913 ἀλλ’
877 2861 964 2913 ἵνα
997 2860 1129 2924 Θεὸς
1157 2859 1295 2915 εἶναι
1331 2863 1655 2930 πιστεύηται
1707 2861 1802 2914 καὶ
1832 2863 1889 2915 ἐν

290 2953 429 3006 εἴδει
457 2953 536 3021 τῷ
571 2952 692 3004 καθ’
720 2954 868 3022 ἡμᾶς
908 2953 1165 3023 πεφηνὼς
1192 2955 1284 3006 ἐπὶ
1324 2955 1447 3024 γῆς,
1479 2955 1577 3024 οὐχ
1605 2954 1679 3018 ὡς
1711 2955 1766 3008 ἐν
1797 2955 1891 3006 ἀν-

293 3043 506 3114 θρώπῳ
542 3044 899 3112 κατοικήσας,
923 3043 1038 3095 ἀλλ’
1069 3044 1140 3105 ὡς
1168 3043 1299 3096 αὐτὸ
1327 3044 1466 3096 κατὰ
1489 3044 1651 3112 φύσιν
1675 3043 1888 3115 ἄνθρω-

293 3153 400 3198 πος
446 3132 708 3202 γεγονὼς,
741 3133 878 3204 μετά
897 3133 990 3186 τοῦ
1015 3134 1111 3205 τὴν
1138 3134 1273 3186 ἱδίαν
1295 3134 1680 3188 ἀνασώσασθαι
1707 3134 1882 3199 δόξαν.
1917 3165 1958 3220 C

292 3229 409 3280 Καὶ
441 3227 574 3295 γοῦν
598 3229 624 3279 ὁ
647 3225 938 3288 θεσπέσιος
975 3225 1206 3288 Παῦλος,
1249 3227 1318 3278 τὰ
1350 3227 1482 3279 πολὺ
1510 3227 1606 3296 τῆς
1647 3227 1890 3298 ἀλλήλων

290 3319 717 3389 ὀμοουσιότητος
746 3318 1066 3386 διεστηκότα
1106 3334 1165 3369 τε
1206 3318 1298 3370 καὶ
1338 3318 1632 3388 ἀμιτρήτῳ
1661 3318 1891 3389 διαφορᾷ

291 3411 765 3482 διεσχοινισμένα,
796 3410 1024 3478 θεότητά
1050 3427 1108 3463 τε
1136 3410 1233 3463 καὶ
1260 3409 1656 3480 ἀνθρωπότητα
1706 3410 1891 3463 συλλέ-

291 3523 412 3574 γων
439 3506 517 3566 εἰς
542 3502 600 3555 ἒν
627 3501 1013 3573 οἰκονομικῶς,
1048 3503 1141 3554 καὶ
1167 3500 1226 3565 ἐξ
1253 3502 1459 3571 ἀμφοῖν
1487 3501 1575 3555 τὸν
1610 3502 1704 3554 ἕνα
1733 3520 1890 3555 κατα-

294 3596 586 3667 σημαίνων
634 3595 895 3667 Χριστὸν,
945 3595 1038 3646 κ..“ι
1090 3593 1216 3646 Υἰὸν
1265 3594 1360 3646 καὶ
1408 3593 1574 3658 Θεὸν,
1629 3613 1645 3643 ι
1681 3594 1891 3657 Παῦλος

289 3687 508 3751 δοῦλος,
551 3686 740 3756 φησιν,
783 3683 958 3754 Ἰησοῦ
1008 3682 1267 3754 Χριστοῦ,
1309 3682 1504 3753 κλητὸς
1556 3685 1887 3747 ἀπόστολος,

291 3777 685 3849 ἀφωρισμένος
715 3778 792 3839 εἰς
823 3777 1150 3844 Εὐαγγέλιον
1180 3775 1337 3838 Θεοῦ,
1364 3775 1392 3828 ὃ
1418 3777 1891 3846 προεπηγγείλατο

290 3875 388 3926 διὰ
433 3872 544 3924 τῶν
592 3870 888 3940 προφητῶν
924 3869 1088 3922 αὑτοῦ
1138 3872 1195 3922 ἐν
1245 3869 1484 3939 Γραφαῖς
1533 3870 1737 3935 ἁγίαις,
1765 3870 1891 3936 περὶ

291 3962 395 4016 τοῦ
426 3961 556 4015 Υἰοῦ
598 3962 762 4014 αὐτοῦ
803 3961 896 4012 τοῦ
933 3961 1226 4030 γενομένου
1272 3961 1335 4012 ἐκ
1387 3962 1698 4029 σπέρματος
1727 3961 1891 4012 Δοιϐἰδ

293 4055 445 4108 κατὰ
477 4055 676 4124 σάρκα,
705 4052 796 4106 τοῦ
844 4051 1154 4122 ὁρισθέντος
1192 4051 1323 4103 Υἰοῦ
1371 4050 1507 4102 Θεοῦ
1559 4053 1616 4103 ἐν
1664 4052 1888 4121 δυνάμει

293 4147 444 4199 κατὰ
467 4145 691 4215 Πνεῦμα
719 4141 1048 4214 ἁγιωσύνης.
1082 4161 1100 4194 ι
1121 4141 1253 4193 Ἰδοὺ
1278 4140 1341 4210 δὴ
1368 4139 1557 4207 σαφῶς
1578 4141 1888 4211 ἀφωρίσθαι

292 4240 466 4310 φησὶν
514 4239 704 4291 ἑαυτὸν
738 4239 818 4299 εἰς
864 4235 1194 4304 Εὐαγγέλιον
1245 4233 1401 4298 Θεοῦ,
1438 4234 1613 4288 καίτοι
1662 4234 1888 4306 γράφων

292 4329 602 4399 ἀναιρανδόν
625 4346 639 4361 ο
703 4349 719 4380 ι
752 4327 889 4381 υῦτε
940 4328 1048 4398 γὰρ
1101 4327 1326 4388 ἑαυτοὺς
1354 4326 1721 4395 κηρύσσομεν,
1754 4326 1889 4378 ἀλλὰ

296 4422 535 4492 Χριστὸν
590 4420 796 4490 Ἰησοῦν
859 4420 1083 4490 Κύριον.
1129 4438 1148 4471 ι
1198 4421 1308 4471 Καὶ
1358 4420 1550 4472 πάλιν·
1609 4439 1626 4469 ι
1658 4419 1732 4472 Οὐ
1779 4421 1888 4488 γὰρ

297 4512 493 4579 ἔκρινὰ
520 4529 571 4563 τι
605 4511 805 4562 εἰδέναι
839 4512 895 4562 ἐν
925 4511 1072 4579 ὑμῖν,
1101 4511 1147 4560 εξ
1175 4510 1252 4579 μὴ
1282 4509 1488 4580 Ἰησοῦν
1521 4510 1774 4582 Χριστὸν,
1795 4511 1886 4562 καὶ

293 4603 490 4656 τοῦτον
549 4601 981 4672 ἐσταυρωμένον·
1018 4620 1035 4650 ι
1089 4602 1216 4652 Υἱὸν
1276 4600 1332 4653 δὲ
1386 4600 1548 4654 αὑτὸν
1611 4602 1883 4671 ὀνομάσας

292 4695 459 4756 Θεοῦ,
493 4695 588 4746 καὶ
637 4695 700 4745 ἐκ
746 4693 1063 4762 σπέρματος
1101 4693 1263 4745 Δασιδ
1297 4693 1655 4762 γεγεννῆσολι
1694 4711 1880 4762 φησιν,

293 4786 534 4857 ὡρίσθαι
585 4801 644 4837 τε
684 4785 1106 4854 ’δι’ίσχυρίςεται,
1138 4783 1233 4836 καὶ
1281 4786 1358 4846 εἰς
1392 4784 1516 4836 Υἱὸν
1565 4784 1723 4837 Θεοῦ.
1758 4785 1882 4848 Πῶς

292 4875 414 4942 οὖν,
465 4879 586 4930 εἰπέ
634 4895 746 4948 μοι,
779 4876 932 4940 Θεὸς,
981 4879 1008 4929 ὁ
1055 4877 1118 4929 ἐκ
1174 4878 1484 4947 σπέρματος
1530 4879 1740 4945 ἀναφὺς
1786 4877 1880 4930 τοῦ

292 4967 496 5033 Δαϐίδ;
525 4969 552 5018 ὁ
571 4967 627 5019 δὲ
650 4967 714 5036 δὴ
745 4967 836 5018 καὶ
871 4966 974 5035 πρὸ
999 4964 1207 5019 αἰώνων
1234 4967 1328 5018 καὶ
1357 4965 1540 5028 ἀϊδίως
1577 4967 1722 5031 Υἱὸς,
1748 4968 1882 5020 καθὸ

293 5059 544 5127 πέφηνεν
590 5057 653 5108 ἐκ
699 5053 855 5117 Θεοῦ,
893 5054 1013 5106 τίνα
1048 5053 1111 5123 δὴ
1154 5053 1353 5124 τρόπον
1394 5055 1472 5115 εἰς
1500 5054 1626 5104 Υἱὸν
1671 5053 1880 5124 ὡρίσθη

292 5149 457 5211 Θεοῦ,
477 5147 731 5218 καθάπερ
755 5148 832 5209 εἰς
857 5145 1026 5216 ἀρχὰς
1049 5146 1144 5197 τοῦ
1169 5145 1467 5214 ὑφεστάναι
1496 5144 1880 5216 παρενεχθεὶς

296 5243 448 5309 Ἔφη
495 5240 603 5309 γὰρ
646 5239 807 5301 αὐτὸς
855 5238 983 5308 περὶ
1035 5237 1251 5302 ἑαυτοῦ,
1308 5256 1324 5287 ι
1355 5237 1558 5307 Κύριος
1593 5233 1712 5290 εἷπε
1748 5238 1882 5309 πρός

295 5349 389 5402 με·
424 5332 551 5394 Υἱός
598 5348 699 5400 μου
757 5327 803 5381 εἷ
849 5330 937 5391 σὺ,
967 5328 1076 5397 ἐγὼ
1126 5331 1365 5400 σήμερον
1405 5329 1712 5398 γεγέννηκά
1747 5347 1825 5383 σε.
1859 5350 1876 5380 ι

292 5423 492 5477 Καίτοι
524 5422 617 5474 τοῦ
643 5419 908 5489 σήμερον
932 5423 1017 5473 ἀεί
1041 5439 1156 5482 πως
1183 5424 1330 5491 ἡμῖν,
1360 5422 1478 5490 οὐχὶ
1505 5421 1594 5473 τὸν
1626 5438 1885 5492 παρῳχη-

293 5518 460 5576 κότα,
506 5513 598 5566 τὸν
630 5513 899 5566 ἐνεστῶτα
945 5512 1002 5565 δὲ
1044 5513 1245 5583 μᾶλλον
1291 5512 1717 5582 καταδηλοῦντος
1765 5531 1886 5565 και-

298 5621 329 5673 ρ
338 5606 412 5660 ὧν.

376 5804 419 5837 ⁸⁸
446 5802 572 5860 Jud.
603 5803 782 5856 i7-IU.

865 5803 904 5831 ³⁸
940 5804 1092 5854 iimu.
1126 5816 1161 5864 ι,
1210 5803 1227 5853 ι
1265 5803 1316 5855 5.
1391 5805 1436 5834 δ’
1468 5801 1510 5855 ll
1544 5803 1667 5856 Cor.
1702 5819 1770 5869 tv,
1804 5805 1855 5857 5.

1990 1938 2136 1991 sunt,
2180 1938 2233 1984 et
2290 1931 2516 1984 seorsim
2579 1931 2790 2002 singula
2849 1933 3244 2005 intelligantur,
3295 1936 3574 1992 sciendum

1989 2027 2094 2082 est,
2127 2021 2267 2089 quod
2327 2036 2484 2076 meus
2535 2023 2756 2091 quidem
2822 2035 3139 2080 naturarum
3197 2029 3572 2083 diversitatem

1990 2115 2298 2168 considerat
2339 2113 2551 2186 (neque
2598 2117 2740 2169 enim
2795 2117 2936 2172 idem
2989 2129 3115 2173 sunt
3161 2121 3472 2176 humanitas
3517 2134 3573 2176 ct

1991 2204 2290 2276 divinitas),
2325 2207 2416 2260 sml
2449 2208 2610 2260 simul
2651 2208 2816 2261 etiam
2849 2225 2971 2263 cum
3005 2211 3109 2265 hac
3140 2212 3576 2268 consideratione

1992 2299 2276 2367 utriusque
2325 2314 2648 2353 concursum
2697 2302 2764 2353 ad
2827 2301 3092 2356 unitatem
3151 2305 3570 2374 contemplatur.

1991 2388 2225 2444 Proinde
2258 2406 2320 2446 ex
2356 2391 2462 2446 Deo
2487 2392 2704 2458 quidem
2737 2395 3025 2462 processit,
3065 2404 3124 2450 ιιι
3154 2395 3293 2450 Deus
3319 2413 3336 2451 :
3363 2412 3430 2452 ex
3463 2397 3574 2451 Vir-

1991 2481 2114 2547 gine
2144 2491 2342 2544 autem.
2379 2493 2436 2538 ut
2477 2484 2659 2541 homo.
2696 2484 2928 2540 Vel-lium
2959 2488 3103 2543 enim
3133 2490 3274 2556 quod
3322 2489 3574 2543 iucﬂahi-

1994 2573 2136 2636 liter,
2175 2587 2449 2642 Supraque
2491 2575 2828 2630 intellectum
2867 2579 3160 2631 lmmanum
3196 2595 3226 2633 e
3261 2577 3372 2634 Deo
3409 2579 3574 2636 Patre

1993 2662 2216 2727 eﬂ'ulsit,
2251 2674 2436 2716 natum
2477 2680 2598 2718 esse
2628 2665 2830 2719 dicitur
2858 2668 3125 2722 ctiam‘cx
3166 2669 3414 2736 muliere,
3449 2686 3572 2725 cum

1994 2755 2386 2808 humanitatem
2431 2761 2745 2825 assumpsit,
2789 2767 2842 2811 et
2883 2759 3120 2828 seipsum
3145 2763 3380 2835 ‘demisit
3420 2765 3486 2816 ad
3521 2765 3577 2816 id

1991 2846 2264 2914 quodnon
2297 2855 2455 2906 erat;
2495 2863 2598 2901 non
2639 2860 2698 2902 ut
2729 2851 3062 2905 divinitatem
3103 2855 3338 2918 amittat,
3378 2855 3473 2910 sed
3517 2865 3576 2909 ut

1996 2938 2135 2992 Deus
2165 2955 2288 2993 esse
2333 2940 2614 3002 credatur,
2655 2953 3008 3010 nostramque
3044 2944 3274 2998 tiu'mam
3316 2949 3367 3000 in
3415 2951 3578 3002 terris

1993 3043 2257 3102 gestasse,
2305 3047 2410 3085 nou
2471 3041 2730 3102 tanquam
2787 3035 2841 3088 in
2893 3035 3112 3090 homine
3159 3038 3440 3104 habitans,
3476 3043 3574 3097 sed

1995 3134 2252 3192 tanquam
2307 3125 2410 3176 hoc
2473 3124 2676 3191 ipsum,
2735 3127 2894 3179 homo
2947 3127 3206 3180 nimirum
3254 3130 3577 3186 naturaliter

1993 3216 2190 3280 factus,
2221 3219 2438 3286 propria
2472 3227 2652 3270 tamen
2700 3232 2795 3271 sua
2843 3219 3014 3287 gloria
3050 3219 3259 3287 integra
3295 3233 3570 3278 manente.

1991 3307 2197 3362 Idcirco
2225 3309 2440 3362 divinus
2477 3309 2565 3361 ille
2596 3306 2832 3370 Paulus,
2865 3311 3254 3382 humanitatem
3281 3323 3335 3367 et
3371 3314 3567 3368 divini-

1994 3407 2156 3453 tatem
2204 3413 2324 3469 qua’.
2378 3399 2531 3466 longe
2587 3415 2616 3452 a
2674 3401 3248 3458 consubstantialitate
3313 3405 3453 3460 inter
3514 3424 3577 3462 se

1992 3492 2214 3555 distant,
2253 3502 2301 3546 et
2343 3494 2603 3547 immensa
2640 3494 2872 3561 quadam
2912 3495 3217 3550 differentia
3256 3499 3575 3571 disjungun-
3617 3519 3619 3522 ·

1994 3594 2100 3651 tur,
2134 3586 2185 3638 in
2212 3603 2378 3640 unum
2413 3588 2624 3641 ratione
2667 3587 3056 3642 incarnationis
3090 3591 3382 3662 colligens,
3413 3601 3576 3663 atque

1991 3692 2054 3730 cx
2091 3676 2300 3730 duobus
2331 3692 2491 3729 unum
2519 3676 2810 3747 designans
2847 3679 3146 3748 Christum,
3177 3693 3232 3736 et
3266 3682 3488 3750 Filium,
3521 3697 3578 3739 et

1996 3769 2184 3832 Deum,
2212 3771 2282 3822 ita
2315 3770 2489 3840 inquit
2524 3787 2537 3821 :
2579 3789 2597 3820 ι
2627 3769 2825 3824 Paulus
2855 3785 3052 3826 servus
3072 3769 3197 3827 Jesu
3228 3773 3462 3838 Christi,
3488 3793 3578 3830 vo-

1992 3871 2148 3913 catus
2207 3862 2518 3929 apostolus,
2566 3871 2880 3930 segregatus
2940 3860 2994 3914 in
3049 3862 3410 3936 Evangelium
3455 3867 3572 3924 Dei.

1992 3949 2142 4016 Quod
2170 3951 2500 4018 promiserat
2527 3965 2623 4017 per
2669 3952 2962 4019 prophetas
3005 3968 3137 4008 suos
3177 3954 3230 4007 in
3278 3954 3576 4025 Scripturis

1991 4041 2195 4094 sanctis
2234 4040 2302 4095 de
2344 4040 2484 4093 Filio
2513 4055 2632 4105 suo,
2680 4041 2770 4110 qui
2817 4041 2995 4097 factus
3033 4052 3116 4097 cst
3161 4045 3210 4098 ei
3254 4059 3318 4100 ex
3361 4051 3575 4106 semine

1995 4133 2159 4183 David
2221 4132 2514 4185 secundum
2565 4146 2806 4185 carnem.
2869 4134 2970 4199 Qui
3032 4135 3449 4202 pra-destinatus
3491 4151 3577 4194 est

1990 4222 2162 4276 Filius
2191 4221 2282 4276 Dei
2320 4223 2371 4276 iu
2403 4222 2602 4276 virtute
2630 4223 2929 4278 secundum
2974 4224 3239 4296 Spiritum
3273 4232 3575 4287 sant-tilica-

1993 4317 2154 4373 tionis
2183 4317 2248 4370 ".
2283 4334 2301 4368 ι
2337 4317 2472 4370 Ecce
2506 4316 2794 4372 manifeste
2824 4329 3166 4388 segregatum
3214 4335 3272 4376 se
3296 4338 3415 4378 esse
3445 4327 3574 4381 dicit

1993 4411 2044 4464 in
2077 4409 2422 4477 Evangelimn
2473 4407 2586 4472 Dei,
2615 4420 2799 4478 aperte
2831 4410 3029 4480 alioqui
3064 4412 3308 4467 scribens
3350 4432 3362 4468 :
3401 4433 3420 4466 ι
3454 4416 3568 4470 Νοιι

1922 4516 1961 4570 ο
1991 4499 2134 4554 enim
2198 4498 2560 4564 nosmetipsos
2607 4500 2985 4564 praedicamus,
3025 4503 3118 4556 sed
3175 4504 3450 4559 Christum
3483 4505 3571 4560 Je-

1990 4607 2108 4646 sum
2145 4590 2426 4644 Dominum
2458 4591 2526 4644 δ’.
2556 4610 2574 4642 ι
2605 4590 2670 4644 Et
2721 4608 2906 4647 rursus
2933 4611 2948 4647 :
2989 4613 3008 4646 ι
3032 4594 3214 4664 Neque
3247 4598 3390 4652 enim
3431 4598 3573 4668 judi-

1989 4681 2104 4734 cavi
2150 4670 2445 4750 quidquam
2499 4684 2638 4735 scire
2691 4681 2742 4734 iu
2797 4683 2971 4746 vobis,
3035 4685 3135 4739 nisi
3179 4686 3361 4742 Jesnm
3412 4689 3572 4743 Chri-

1989 4784 2158 4835 Sltltll,
2194 4785 2250 4829 ct
2299 4775 2517 4844 quidem
2562 4776 2973 4829 cruciﬁxum”.
3007 4795 3026 4828 ι
3063 4777 3254 4832 Filium
3301 4795 3426 4833 vero
3478 4781 3569 4836 Dci

1991 4867 2165 4934 ipsum
2198 4868 2514 4933 nominans,
2544 4867 2703 4921 etiam
2733 4883 2797 4922 ex
2829 4869 3039 4923 semine
3074 4870 3236 4922 David
3262 4882 3442 4925 natmu
3472 4874 3568 4937 ait,

1990 4969 2446 5029 Segregatumque
2489 4975 2546 5012 se
2589 4958 2852 5023 aﬂirmat,
2890 4961 3052 5014 etiam
3103 4962 3155 5015 iu
3204 4961 3396 5016 Filium
3451 4963 3566 5019 Dei.

1989 5049 2269 5115 Quomodo
2303 5052 2463 5120 igitur
2492 5064 2572 5113 est
2604 5054 2774 5114 Deus,
2811 5054 2900 5123 qui
2930 5070 2990 5108 ex
3024 5054 3230 5108 semine
3268 5054 3432 5110 David
3471 5075 3574 5112 tia--

1992 5149 2078 5194 tus
2105 5141 2226 5194 est?
2261 5141 2326 5196 Et
2354 5143 2442 5210 qui
2479 5155 2602 5197 ante
2631 5143 2798 5214 696
2834 5146 3028 5198 saecula
3072 5155 3125 5200 et
3156 5148 3224 5199 ah
3249 5158 3454 5201 aeterno
3484 5161 3570 5204 cst

1992 5232 2178 5296 Filius,
2215 5243 2482 5300 quatenus
2515 5250 2576 5287 ex
2631 5235 2740 5288 Deo
2787 5236 3090 5305 processit,
3131 5253 3239 5306 quo
3289 5251 3448 5305 pacto
3486 5253 3569 5295 est

1987 5335 2306 5393 segregatus
2345 5325 2396 5378 in
2439 5323 2634 5378 Filium
2661 5325 2777 5388 Dei.
2829 5329 3165 5382 exsistentize
3210 5346 3321 5382 suze
3364 5333 3567 5400 piiuci-

1985 5417 2129 5486 pium
2155 5417 2558 5486 quodammodo
2587 5421 2820 5472 nactus?
2851 5420 2940 5473 Ait
2963 5421 3104 5474 enim
3135 5421 3253 5490 ipse
3278 5424 3341 5476 de
3364 5427 3567 5493 seipso,

1987 5523 2005 5555 ι
2044 5503 2304 5559 Dominus
2352 5506 2489 5559 dixit
2525 5507 2590 5560 :ul
2643 5523 2771 5562 ine:
2823 5507 2992 5565 Filius
3045 5527 3198 5564 mens
3253 5528 3312 5567 es
3361 5522 3565 5584 ηιμ-ιιι)

1982 5597 2140 5651 hodie
2179 5597 2337 5666 genui
2370 5607 2421 5652 te
2441 5598 2516 5654 "‘.
2554 5617 2572 5650 ι
2611 5598 2744 5653 Cum
2785 5599 2984 5670 alioqui
3024 5602 3175 5656 hodie
3209 5619 3314 5657 non
3345 5616 3565 5675 pra:ter~

1982 5689 2134 5750 imm,
2165 5689 2258 5742 sed
2289 5705 2527 5757 praesens
2562 5702 2772 5760 tempus
2803 5709 3020 5762 semper
3051 5696 3342 5764 significet.

1931 5804 1978 5835 τ’
2014 5803 2029 5854 ι
2061 5801 2186 5855 Cor.
2215 5817 2274 5867 ιι,
2304 5802 2356 5855 2.

2435 5803 2478 5835 ³³
2509 5805 2647 5858 i'sal.
2684 5823 2743 5871 ιι,
2777 5809 2844 5873 ’ῐ;
2879 5807 3042 5863 ili-br.
3074 5823 3112 5875 ι,
3144 5811 3198 5866 5.
3228 5879 3233 5885 .
