4050 6430
276 412 297 465 Ι
309 413 424 466 2925

1376 410 1466 470 DE
1512 407 2035 467 INCARNATIONE
2077 415 2451 470 UMGENITI.

3418 422 3555 484 £226

273 507 489 575 μένων,
519 495 658 558 ἀλλά
686 503 957 576 λαλοῦμεν
979 503 1115 556 Θεοῦ
1142 502 1334 572 σοφίαν
1365 505 1423 556 ὲν
1459 504 1745 575 μυστηρίῳ
1772 504 1874 575 τὴν

1991 506 2072 559 ted
2132 507 2403 577 loquimur
2470 507 2564 562 Dei
2620 508 2942 579 sapientiam
2998 512 3050 567 in
3104 517 3385 585 mysterio,
3440 536 3556 590 quu'

267 594 809 666 ἀποκεκρυμμένην,
832 594 900 665 ἣν
935 592 1241 665 προώρισεν
1263 595 1292 647 6
1313 592 1447 655 Θεὸς
1477 592 1584 665 πρὸ
1615 594 1722 646 τῶν
1744 591 1874 646 αίώο

269 705 390 741 νων
434 690 517 751 εἰς
554 687 710 752 δόξαν
742 687 919 757 ὑμῶν,
964 687 1033 757 ἣν
1078 686 1255 750 οὐδεὶς
1288 685 1398 740 τῶν
1445 686 1724 758 ἀρχόντων
1773 685 1870 740 τοῦ

269 780 483 844 αἰῶνος
505 779 694 834 τούτου
723 780 981 848 ἔγνωκεν.
1013 799 1032 832 t
1055 780 1118 833 Εί
1143 779 1251 852 γὰρ
1268 780 1533 848 ἔγνωσαν,
1553 779 1653 833 οὐκ
1683 778 1750 834 ἂν
1780 778 1872 833 τὸν

274 873 491 945 Κύριον
521 873 624 945 τῆς
656 874 812 945 δόξης
847 873 1221 945 ἐσταύρωσαν.
1253 873 1492 946 Καὶ-μὴν
1519 874 1612 927 ἐπὶ
1640 871 1872 937 τούτοις,

281 985 301 1018 ι
320 968 423 1030 ’ος
444 964 521 1020 ὢν
541 965 886 1037 ἀπαύγασμα
907 967 1006 1037 τῆς
1024 966 1182 1036 δόξης
1201 966 1296 1019 καὶ
1313 966 1601 1037 χαρακτὴρ
1620 969 1720 1037 τῆς
1741 966 1874 1019 ὑπο-

278 1060 531 1123 στάσεως
572 1059 761 1123 αὑτοῦ,
797 1060 978 1131 φέρων
1008 1077 1066 1114 τε
1098 1059 1167 1113 τά
1198 1060 1374 1113 πάντα
1423 1058 1500 1131 τῷ
1546 1060 1749 1131 ῥήματι
1774 1059 1875 1129 τῆς

276 1152 568 1224 δυνάμεως
600 1152 788 1214 αὐτοῦ,
822 1151 1165 1224 καθαρισμὸν
1192 1152 1301 1206 τῶν
1327 1153 1611 1224 ἁμαρτιῶν
1644 1153 1873 1221 ποιησά-

282 1263 471 1319 μενος,
498 1245 752 1299 ἒκάθισεν
786 1247 843 1298 ὲν
875 1245 1025 1317 δεξιᾷ
1050 1246 1149 1317 τῆς
1195 1244 1585 1316 μεγαλωσύνης
1632 1247 1691 1299 ὲν
1738 1244 1877 1316 ὑψη-

279 1336 418 1400 λοῖς,
449 1334 692 1406 τοσούτῳ
721 1335 984 1405 κρείττων
1012 1335 1303 1406 γενόμενος
1337 1336 1449 1389 τῶν
1472 1334 1741 1404 ἀγγέλων,
1766 1337 1877 1406 ὅσῳ

276 1426 691 1499 διαφορώτερον
719 1428 851 1497 παρ’
884 1428 1082 1491 αὐτοὺς
1108 1427 1585 1499 κεκληρονόμηκεν
1624 1428 1815 1498 ὄνομα.
1851 1447 1869 1479 ι

279 1521 483 1576 Καίτοι
532 1520 593 1573 τό
638 1536 702 1588 γε
739 1515 877 1572 εἷναί
924 1535 984 1572 τε
1035 1519 1130 1573 κα)⁵
1175 1517 1536 1589 ὀνομάζεσθαι
1575 1519 1677 1590 τῆς
1720 1518 1878 1589 δόξης

278 1614 515 1686 Κύριον,
536 1611 654 1676 πῶς
677 1612 800 1683 οὐχὶ
823 1611 942 1664 λίαν
969 1612 1261 1683 ὑπερτενὲς
1284 1612 1376 1665 καὶ
1398 1611 1600 1674 παντὸς
1622 1610 1877 1664 ἐπέκεινα

276 1703 518 1778 γενητοῦ
554 1706 648 1758 καὶ
680 1704 1036 1775 παρηγμένον.)
1068 1703 1207 1773 πρὸς
1230 1703 1442 1772 γένεσιν
1461 1721 1475 1771 ;
1495 1704 1607 1757 Καὶ
1636 1702 1876 1774 παρίημι

281 1799 389 1869 μὲν
423 1797 496 1851 τὰ
536 1794 872 1868 ἀνθρώπινα·
906 1794 1117 1867 σμικρὰ
1142 1794 1251 1867 γάρ
1295 1793 1359 1866 δὴ
1405 1793 1547 1849 λίανο
1581 1794 1691 1865 ἐρῶ
1715 1795 1760 1847 δ’
1783 1790 1877 1849 οὖν

278 1893 366 1946 ὅτι
401 1891 504 1945 κᾶν
544 1889 838 1958 ’Λγγέλους
870 1888 1157 1958 ὀνομάσαι,
1190 1887 1282 1941 καὶ
1311 1886 1511 1960 Ἀρχάς
1534 1888 1627 1941 καὶ
1646 1887 1881 1959 Θρόνους

278 1974 762 2055 καιΚυριότητας
809 1980 1263 2051 ἀπαριθμήσαιτό
1291 1997 1394 2045 τις,
1427 1981 1521 2033 καὶ
1556 1979 1664 2051 μὴν
1704 1980 1799 2033 καὶ
1831 1981 1885 2035 εί-

277 2076 395 2130 τῶν
426 2074 689 2131 ἀνωτάτω
718 2074 1146 2145 διαμεμνήσεται
1176 2073 1449 2143 Σεραφὶμ,
1470 2072 1703 2127 κατόπιν
1734 2073 1883 2126 ἰόντα

279 2167 388 2239 τῆς
406 2160 581 2231 οὕτως
609 2164 937 2237 ὑπερτενοῦς
959 2164 1345 2235 ὁμολογήσειεν
1368 2162 1434 2216 ἂν
1453 2163 1725 2228 εὐκλείας,
1747 2162 1801 2216 εἴ
1818 2180 1881 2232 γε

278 2260 414 2315 νοῦν
444 2260 558 2330 ἔχοι
586 2258 661 2329 μὴ
693 2250 1479 2329 παρεφθαρμὲνον.Ἔκκριτον
1507 2256 1617 2328 γὰρ
1655 2252 1794 2310 εἶναι
1822 2255 1884 2309 τὸ

278 2352 459 2423 γέρας
499 2350 664 2422 φημὶ,
704 2349 799 2404 καὶ⁸
835 2348 946 2402 δεῖν
978 2347 1298 2403 ἀνακεῖσθαι
1331 2346 1467 2419 μόνῃ
1497 2349 1564 2418 τῇ
1600 2346 1710 2400 τῶν
1742 2347 1882 2402 ὅλων

278 2443 650 2516 παμϐασιλίδι
696 2443 875 2513 φύσει.
910 2441 1035 2504 Πῶς
1063 2437 1156 2494 οὖν
1202 2439 1269 2494 ἂν
1321 2441 1531 2509 γένοιτο
1583 2442 1681 2511 τῆς
1725 2439 1884 2509 δόξης

279 2535 496 2609 Κύριος
536 2537 563 2589 6
590 2531 1037 2603 ὲσταυρωμένος;
1076 2530 1150 2584 Τὸ
1181 2530 1238 2584 δὲ
1269 2529 1611 2601 ἀπαύγασμα
1643 2529 1734 2584 τοῦ
1766 2530 1881 2584 Πα-

278 2628 437 2700 τρὺς,
470 2626 564 2680 καὶ
593 2626 691 2696 τῆς
718 2623 904 2688 οὐσίας
936 2624 965 2676 ὀ
998 2622 1306 2695 χαρακτὴρ,
1336 2623 1364 2675 6
1392 2623 1573 2693 φέρων
1602 2621 1671 2675 τὰ
1702 2620 1882 2691 πάντα

280 2719 367 2791 τῷ
413 2719 623 2792 ῥήματι
670 2717 769 2788 τῆς
800 2716 1082 2787 δυνάμεως
1110 2714 1297 2779 αὐτοῦ,
1332 2714 1596 2785 κρείττων
1633 2712 1883 2783 ἀγγέλων

279 2809 876 2883 γεγενῆσθαιλέγεται,
893 2809 1035 2880 τάχα
1054 2823 1156 2861 που
1185 2806 1246 2861 τὸ
1274 2807 1513 2870 ἔλαττον,
1535 2806 1610 2871 ὡς
1642 2799 1882 2877 ἐγῷμαι,

281 2906 495 2972 λαϐὼν,
530 2907 619 2960 ὅτε
650 2905 892 2976 πέφηνεν
922 2903 1228 2975 ἄνθρωπος.
1260 2901 1576 2973 Γέγραπται
1621 2899 1751 2974 γάρ,
1799 2900 1882 2953 ὅτι

290 3023 309 3055 ι
344 3002 452 3057 Τὸν
485 3000 541 3053 δὲ
577 2998 753 3073 βραχύ
783 3014 837 3052 τι
863 2998 992 3069 παρ’
1024 2994 1288 3067 ἀγγέλους
1333 2994 1718 3066 ἠλαττωμένον
1760 2993 1884 3065 βλέο

287 3111 472 3164 πομεν
512 3091 743 3161 Ἰησοῦν,
773 3090 861 3144 διὰ
890 3091 951 3144 τὸ
978 3089 1208 3160 πάθημα
1236 3088 1332 3142 τοῦ
1369 3088 1601 3143 θανάτου
1636 3087 1761 3159 δόξῃ
1789 3087 1884 3140 καὶ

1976 597 2289 653 abscondita
2324 609 2441 667 est,
2467 615 2628 670 quam
2673 602 3080 670 praedestinavit
3118 605 3259 662 Deus
3292 617 3417 664 ante
3458 626 3557 667 sce-

1974 689 2093 743 cula
2125 690 2178 744 in
2222 690 2449 761 gloriam
2503 701 2770 757 nostram,
2824 710 2988 763 quam
3043 710 3206 752 nemo
3255 700 3562 770 principum

1976 781 2135 849 hujus
2160 783 2344 838 surculi
2379 784 2651 852 cognovit.
2686 784 2743 840 Si
2775 788 2921 842 enim
2958 791 3380 860 cognovissent,
3421 808 3560 847 nun-

1976 888 2135 944 quam
2188 875 2475 930 Dominum
2515 876 2700 947 gloriae
2726 879 3213 936 cruciﬁxissent".
3264 902 3283 934 ι
3328 883 3563 940 Praeteri

1975 979 2080 1019 ea:
2145 983 2163 1017 ι
2192 962 2293 1031 Qui
2341 979 2464 1020 cum
2508 966 2580 1021 sit
2620 966 2874 1037 splendor
2905 967 3091 1038 gloriae
3130 978 3185 1025 et
3223 970 3394 1041 ﬁgura
3432 972 3553 1027 sub-

1976 1058 2192 1113 stantia:
2225 1057 2365 1127 ejus,
2392 1061 2734 1131 'portansque
2760 1063 2945 1115 omnia
2977 1062 3145 1118 verbo
3176 1065 3393 1122 virtutis
3423 1081 3559 1131 sum,

1980 1149 2354 1221 purgationem
2387 1159 2730 1221 peccatorum
2754 1151 2982 1220 faciens,
3006 1156 3158 1211 sedet
3181 1157 3247 1210 ad
3277 1158 3561 1217 dexteram

1982 1247 2277 1318 majestatis
2321 1248 2374 1301 in
2420 1247 2693 1314 excelsis;
2746 1256 2896 1303 tanto
2944 1248 3135 1303 melior
3178 1251 3387 1318 angelis
3431 1252 3562 1309 eﬂ'e-

1979 1349 2125 1402 ctus,
2161 1347 2366 1406 quanto
2404 1338 2742 1394 dim-rentius
2791 1355 2902 1409 pra:
2953 1340 3056 1395 illis
3105 1357 3299 1397 nomen
3341 1343 3564 1401 haeredi-

1983 1430 2115 1484 tavit
2138 1429 2202 1482 πε.
2236 1447 2254 1481 ι
2290 1430 2454 1484 Porro
2479 1446 2600 1485 cum
2637 1433 2711 1485 sit
2738 1440 2793 1486 et
2834 1431 3133 1503 appelletur
3157 1433 3413 1491 Dominus
3446 1437 3566 1506 glo—

1981 1522 2095 1588 riae,
2147 1523 2419 1590 quomodo
2458 1539 2573 1577 non
2622 1525 2876 1580 omnibus
2933 1526 3135 1581 creatis
3183 1534 3237 1581 et
3287 1527 3354 1581 ad
3388 1535 3571 1581 ortum

1983 1614 2244 1669 traductis
2267 1615 2339 1670 sit
2364 1615 2950 1687 excellentioriAtque
2983 1628 3043 1670 ut
3069 1617 3304 1673 humana
3337 1628 3571 1688 prieter‘

1980 1721 2100 1761 eam
2124 1746 2139 1770 ,
2180 1721 2300 1775 quae
2328 1706 2488 1760 exilia
2527 1707 2763 1776 viliaque
2795 1715 2943 1774 sunt,
2974 1708 3019 1763 si
3064 1710 3186 1777 quis
3225 1708 3461 1780 Angelos
3514 1716 3573 1762 et

1984 1796 2347 1867 Principatus,
2375 1807 2429 1851 et
2460 1797 2709 1853 Thronos
2735 1813 2799 1852 ac
2822 1798 3235 1853 nominationes
3259 1810 3569 1862 recenseat,

1983 1887 2117 1959 quin
2146 1896 2202 1942 et
2224 1902 2493 1956 suprema:
2528 1888 2805 1959 dignitatis
2849 1887 3159 1958 Serapbim,
3194 1891 3460 1946 immenso
3498 1902 3573 1944 ta-

1983 1995 2105 2034 men
2131 1980 2446 2036 discrimine
2475 1996 2505 2035 a
2534 1996 2746 2036 summa
2775 1983 2877 2038 hac
2894 1982 3075 2052 gloria
3108 1982 3331 2039 ditl'erre
3357 1981 3575 2052 judica-

1984 2074 2080 2140 hit,
2139 2075 2182 2129 si
2239 2083 2471 2129 mentem
2522 2083 2838 2142 corruptam
2893 2089 2998 2129 non
3064 2075 3283 2130 habeat.
3322 2075 3572 2130 Eximius

1983 2166 2126 2220 enim
2158 2165 2330 2222 honor
2351 2176 2454 2235 est,
2479 2167 2680 2238 quique
2712 2168 2811 2222 soli
2852 2167 3049 2223 divinat
3073 2154 3285 2223 natura:
3325 2183 3445 2238 quas
3471 2169 3570 2224 toti

1984 2257 2235 2315 universo
2269 2261 2500 2330 imperat
2520 2261 2793 2316 convenit.
2824 2260 2896 2315 At
2918 2275 3026 2331 quo
3052 2270 3209 2330 pacto
3239 2258 3405 2315 fuerit
3451 2260 3563 2315 Do-

1986 2335 2164 2405 minus
2190 2351 2395 2423 gloriae,
2430 2352 2474 2407 is
2495 2353 2585 2423 qui
2609 2353 2759 2407 cruci
2787 2352 2976 2411 atIixus
3006 2352 3125 2409 est?
3142 2352 3412 2423 Splendor
3438 2368 3571 2409 vero

1984 2442 2184 2511 Patris,
2232 2452 2288 2498 et
2340 2444 2626 2500 character
2688 2445 2944 2500 essentia:
2996 2445 3185 2516 ipsius,
3239 2454 3575 2515 portansque

1984 2537 2166 2592 omnia
2215 2537 2381 2593 verbo
2426 2538 2640 2594 virtutis
2691 2553 2840 2602 sum,
2897 2539 3089 2594 melior
3138 2538 3346 2608 angelis
3394 2538 3574 2593 factus

1984 2645 2102 2686 esse
2130 2631 2346 2695 dicitur,
2377 2631 2556 2686 minor
2592 2631 2868 2699 nimirum,
2901 2639 2962 2686 ut
3000 2632 3257 2699 arbitror,
3284 2631 3364 2686 eis
3394 2631 3574 2687 decla-

1986 2733 2158 2790 ratus,
2203 2738 2325 2778 cum
2377 2722 2627 2793 apparuit
2671 2723 2852 2780 homo.
2910 2721 3186 2793 Scriptum
3242 2731 3324 2777 est
3369 2722 3512 2778 enim
3556 2740 3571 2777 :

1994 2835 2012 2868 ι
2052 2814 2218 2869 Paulo
2253 2815 2429 2869 minus
2459 2814 2528 2869 ab
2558 2815 2764 2885 angelis
2807 2814 3076 2869 minutum
3106 2814 3354 2869 videmus
3384 2812 3570 2868 Iesum

1988 2914 2208 2978 propter
2232 2906 2540 2975 passionem
2574 2907 2767 2962 mortis
2793 2914 2845 2961 et
2872 2906 3076 2962 honore
3108 2916 3428 2962 coronatum
3456 2906 3523 2960 ⁵⁸.
3550 2925 3570 2957 ι

1987 2998 2128 3067 Quid
2162 2997 2367 3067 igitur?
2409 2996 2827 3053 Privabimusne
2873 2997 3109 3053 Verbum
3160 2998 3305 3065 quod
3352 3013 3420 3053 ex
3463 2995 3578 3054 Dco

1987 3106 2051 3146 ac
2083 3089 2242 3145 Putre
2273 3089 2535 3158 processit
2566 3089 2886 3144 excellentia
2923 3089 3008 3144 illa
3041 3088 3213 3160 698
3239 3105 3359 3160 qua:
3384 3104 3578 3145 esscn-
3684 3104 3691 3111 λ

283 3190 427 3259 τιμῇ
459 3182 926 3254 ἐστεφανωμένον.
953 3176 1104 3251 »Ἆρ’
1124 3176 1219 3233 οὖν
1241 3177 1516 3248 ὲξὼσομεν
1544 3178 1633 3232 τὸν
1659 3180 1724 3232 ὲκ
1747 3178 1881 3231 Θεοῦ

1991 3180 2190 3235 tialitcr
2218 3179 2319 3249 ipsi
2357 3179 2520 3244 inest,
2543 3188 2599 3233 et
2627 3193 2656 3231 a
2687 3176 2930 3247 perfecta
2966 3193 3087 3232 cum
3121 3176 3281 3234 Patre
3314 3177 3576 3235 similitu-

285 3278 511 3351 [ἰατρὸς
535 3274 819 3347 πεφηνότα
844 3273 1034 3342 Λόγον,
1060 3271 1160 3341 τῆς
1187 3268 1336 3339 αὐτῷ
1360 3268 1671 3341 προσούσης
1693 3266 1885 3321 οὐσιῶ-

283 3373 418 3436 ἑους
467 3369 761 3439 ὑπεροχῆς,
796 3367 890 3418 καὶ
920 3363 1020 3433 τῆς
1049 3361 1185 3434 πρὸς
1212 3359 1373 3414 αὐτὸν
1410 3357 1672 3430 ἀκριϐοῦς
1719 3358 1888 3427 ἐμφεο

288 3465 472 3539 ρείας,
503 3462 599 3516 καὶ
640 3461 739 3531 τῆς
770 3457 1018 3528 ἀγγέλων
1051 3453 1300 3518 εὐκλείας
1330 3450 1640 3524 ἡττώμενον
1666 3448 1888 3519 βλέπον-

284 3576 385 3621 τες
413 3554 505 3610 ora
528 3553 589 3607 τὸ
615 3552 717 3623 τῆς
741 3547 1054 3619 οἰκονομίας
1083 3541 1529 3615 σμικροπρεπές;

366 3650 429 3702 Β.
472 3643 771 3717 Οῦμενοῦν.
804 3637 973 3712 Οἶμαι
1006 3637 1115 3710 γάρ
1145 3637 1276 3700 δεῖν,
1304 3634 1428 3690 οὔτε
1466 3633 1576 3688 τῶν
1609 3632 1889 3705 ἀνθρωπίκ

288 3757 405 3797 νων
438 3735 802 3794 ἀπαλλάττειν
849 3727 1130 3791 παντελῶς
1172 3726 1261 3780 τὸν
1292 3727 1356 3779 ἐκ
1385 3723 1519 3779 Θεοῦ
1549 3724 1718 3793 Λόγον
1752 3720 1890 3794 μετά

286 3834 395 3906 τὴν
430 3829 566 3901 πρὸς
590 3827 771 3899 σάρκα
798 3823 1036 3887 σύνοδον,
1062 3819 1190 3875 οῦτε
1215 3819 1319 3892 μὴν
1344 3817 1502 3891 δόξης
1527 3818 1629 3883 τῆς
1663 3817 1892 3889 θεοπρε-

290 3925 436 3990 ποῦς
468 3922 794 3994 ἀποστερεῖν
819 3916 879 3972 τδ
912 3914 1273 3985 ἀνθρώπινον,
1306 3914 1354 3966 εἰ
1381 3914 1440 3965 ἐν
1472 3910 1696 3983 Χριστῷ
1720 3914 1893 3964 νοοῖτο

293 4021 395 4076 καί
423 4017 658 4087 λέγοιτο.
691 4011 838 4084 Πλὴν
868 4009 1163 4081 ὲρομὲνους
1217 4004 1327 4058 ἴσθι
1352 4003 1433 4057 τοί
1472 4020 1623 4065 τινας
1646 4019 1658 4031 ·
1694 4000 1789 4065 Τίς
1828 4000 1893 4072 δὴ

292 4116 408 4186 ἄρα
436 4111 585 4166 ἐστὶν
611 4105 827 4177 ἀληθῶς
864 4100 1070 4173 Ἰησοῦς
1095 4101 1124 4153 6
1146 4095 1414 4170 Χριστός;
1459 4094 1515 4146 '0
1547 4095 1610 4147 ὲκ
1634 4093 1892 4162 γυναικὸς

294 4205 614 4276 ἅνθρωπος,
646 4199 815 4270 ἤγουν
848 4196 876 4248 ὁ
905 4195 969 4247 ὲκ
996 4189 1132 4243 Θεοῦ
1161 4187 1369 4257 Λόγος;

367 4272 437 4351 Λ.
468 4291 707 4348 Ἦλίθιον
756 4287 856 4358 μὲν
907 4281 1105 4354 κομιδῇ
1153 4278 1212 4333 τὸ
1239 4273 1598 4332 διατείνεσθαι
1639 4272 1891 4346 περιττὰ,

297 4388 398 4445 καὶ
441 4382 745 4456 φληνάφοις
776 4372 1179 4443 εἰκαιομυθίαις
1218 4362 1806 4437 ἀνταναιρωνεῖν.Ἐρῶ
1847 4364 1893 4417 δ’

1988 3272 2133 3340 dine,
2161 3286 2284 3327 cum
2322 3270 2471 3326 illum
2511 3270 2580 3326 ob
2605 3268 3002 3325 incarnationis
3028 3269 3396 3326 humilitatem
3430 3268 3572 3325 infe-

1990 3364 2192 3418 riorem
2224 3362 2431 3432 angelis
2458 3361 2660 3417 factum
2699 3361 2985 3416 videmus?

2062 3621 2124 3676 Β.
2168 3621 2544 3693 Nequaquam.
2578 3622 2845 3679 Existimo
2874 3623 3019 3678 enim
3044 3631 3298 3692 oportere
3326 3635 3502 3694 neque
3527 3621 3581 3679 in

1993 3716 2689 3783 universumhumanitatis
2716 3715 3144 3787 proprietatibus
3186 3716 3403 3785 privare
3444 3714 3579 3771 Ver-

1995 3808 2119 3863 bum
2159 3822 2224 3863 ex
2261 3808 2399 3872 Deo,
2438 3818 2725 3878 postquam
2779 3822 2997 3861 carnem
3036 3806 3373 3875 assumpsit:
3409 3821 3586 3876 neque

1996 3912 2185 3953 rursus
2231 3897 2626 3952 humanitatem
2676 3895 2857 3949 divina
2910 3893 3079 3965 gloria
3126 3893 3386 3963 spoliare,
3441 3894 3486 3947 si
3527 3893 3584 3947 in

1992 3993 2210 4049 Christo
2238 3990 2572 4059 intelligatur
2601 3999 2655 4043 et
2687 3989 2920 4043 dicatur.
2951 3992 3022 4041 At
3062 3987 3248 4041 dicunt
3282 3985 3531 4041 nonnulli
3560 4008 3575 4041 :

1994 4086 2256 4154 Quisnam
2292 4098 2416 4136 vere
2447 4079 2709 4135 estJesus
2736 4077 3028 4134 Christus?
3070 4076 3315 4133 Homone
3350 4094 3418 4133 ex
3462 4095 3585 4132 mu-

1993 4181 2128 4235 liere
2162 4187 2344 4243 natus,
2373 4191 2440 4230 an
2469 4173 2702 4228 Verbum
2734 4188 2799 4226 ex
2845 4171 2996 4227 Deo?

2065 4271 2131 4328 A.
2176 4268 2386 4325 Stolida
2421 4265 2666 4338 profecto
2708 4281 2797 4320 res
2837 4274 2921 4320 est
2954 4264 3019 4319 de
3048 4263 3209 4318 rebus
3233 4264 3588 4333 supervacuis

1995 4364 2197 4420 acriter
2230 4359 2596 4422 contendere,
2635 4357 3044 4427 nugacihusqne
3090 4370 3154 4409 ac
3192 4354 3347 4410 vanis
3392 4354 3587 4409 verbo--

296 4477 416 4542 οὖν,
449 4445 550 4532 δτι.
569 4445 838 4544 σφαλερόν
864 4485 922 4521 τε
963 4464 1055 4519 καὶ
1088 4463 1189 4517 οὐκ
1220 4460 1455 4532 ἀζήμιον
1486 4459 1548 4511 τὸ
1584 4457 1885 4529 διατέμνειι

1999 4470 2118 4510 rum
2152 4451 2477 4509 commentis
2519 4447 2863 4513 occlamare,
2919 4447 3047 4517 quin
3090 4445 3270 4516 potius
3315 4445 3588 4515 periculo-

403 4530 628 4622 ίκαί
672 4530 945 4628 ἀνάμέρος
975 4553 1128 4624 ίστᾷν
1177 4530 1462 4619 ἄνθρωπόν
1488 4565 1548 4602 τε
1577 4546 1672 4601 καὶ
1697 4546 1885 4615 Λόγον,

1998 4564 2118 4607 sum
2160 4546 2493 4614 noxiumque
2532 4557 2654 4598 esse
2695 4540 3010 4612 judicarint,
3058 4554 3246 4596 secare
3292 4540 3345 4594 in
3389 4539 3496 4594 duo
3535 4551 3592 4594 et

295 4662 404 4717 οὐκ
456 4655 791 4728 ἀνεχομένης
841 4648 940 4718 τῆς
988 4641 1320 4713 οἰκονομίας,
1369 4640 1462 4695 καὶ
1512 4637 1748 4711 Χριστὸν
1797 4638 1895 4692 ’ἐνα

302 4751 523 4825 βοώσης
549 4748 648 4817 τῆς
683 4740 1041 4799 θεοπνεύστου
1070 4734 1314 4807 Γρκφῆς·
1345 4732 1556 4825 Χρῆναξ
1586 4730 1695 4802 γὰρ
1719 4728 1896 4825 έγξυγέ

299 4822 474 4917 ξρημι,
512 4841 651 4913 μήτε
687 4837 781 4891 τὸν
826 4837 889 4888 ὲκ
928 4828 1064 4885 Θεοῦ
1094 4828 1267 4897 Λόγον
1299 4823 1721 4917 ἀνθρωπότητος
1748 4822 1895 4917 δίχα,

2002 4640 2291 4713 separatim
2338 4646 2583 4694 statuere
2619 4635 2893 4691 hominem
2947 4643 3003 4687 ct
3033 4632 3306 4699 Verbum,
3343 4645 3465 4686 cum
3502 4629 3592 4685 in-

2004 4731 2341 4791 carnationis
2377 4728 2515 4783 ratio
2561 4726 2615 4781 id
2663 4741 2767 4780 non
2821 4724 3082 4794 patiatur,
3139 4736 3375 4792 cumque
3428 4736 3589 4779 sacra

2009 4825 2287 4895 Scriptura
2318 4835 2487 4876 unum
2524 4831 2648 4875 esse
2682 4815 2960 4872 Christum
2991 4814 3269 4885 praedicet.
3300 4813 3414 4885 Ego
3444 4813 3589 4868 enim

305 4901 650 5011 '16‘J'éx
670 4926 926 4999 γυναικὸς
950 4919 1321 4991 ἀποτεχθέντα
1350 4916 1612 5011 ναὸν,οὐχ
1635 4912 1885 5011 ἐνωθέντε

2005 4918 2078 4973 ita
2111 4923 2294 4971 statuo
2321 4919 2611 4981 oportere,
2644 4922 2820 4977 neque
2850 4905 3087 4961 Verbum
3135 4919 3202 4960 ex
3243 4903 3354 4959 Deo
3384 4901 3595 4973 absque

297 4993 386 5101 τῆς
402 5027 583 5097 Λόγῳ,
601 4993 838 5095 Χριστὸν
862 5014 1071 5090 Ἰησοῦν
1093 5010 1477 5084 ὀνομάζεσθαι.
1497 5006 1884 5101 Ἀνθρωπότητ

2003 5005 2363 5069 humanitate,
2396 5014 2570 5071 neque
2589 4996 2847 5068 templum
2885 4995 3028 5067 quod
3054 5009 3121 5050 ex
3153 4993 3373 5066 Virgine
3402 5002 3590 5048 natum

301 5083 421 5193 γάρ
443 5116 567 5191 καθ’
586 5116 779 5170 ἕνωσιν
799 5106 1149 5178 οἰκονομικὴν
1166 5103 1496 5177 ἀπορρήτως
1518 5099 1885 5171 συνενηνεγμέ

2003 5109 2088 5157 est
2114 5112 2226 5154 non
2259 5095 2468 5150 unitum
2502 5091 2702 5156 Verbo,
2726 5087 2909 5145 Jesum
2935 5087 3211 5151 Christum
3241 5085 3446 5142 vocari.
3477 5083 3595 5139 Hu-

439 5212 469 5266 6
510 5182 576 5263 έκ
618 5204 755 5261 Θεοῦ
796 5204 967 5273 Λόγος
992 5176 1198 5254 νοεῖται
1230 5176 1487 5268 Χριστὸς,
1517 5192 1779 5262 ἀνωτέρω
1809 5191 1885 5263 μὲι

2008 5188 2258 5246 manitati
2286 5186 2431 5242 enim
2468 5183 2769 5239 secundum
2815 5181 3077 5236 unitatem
3119 5193 3219 5251 per
3254 5176 3594 5247 incarnatio-

304 5268 753 5377 ἀνθρωπότητος,
781 5296 857 5361 t'o;
885 5268 1047 5366 τρύσει
1072 5292 1205 5356 Θεὸς
1234 5289 1330 5344 καὶ
1358 5286 1509 5351 Υἱὸς,
1539 5285 1822 5377 ὐῳιζᾲάνων
1846 5283 1885 5338 δι

2008 5296 2130 5338 nem
2163 5279 2361 5336 factam
2394 5273 2741 5332 inell‘abiliter
2764 5272 3078 5343 copulatum
3106 5268 3343 5327 Verbum
3365 5284 3433 5324 ex
3460 5268 3594 5335 Deo,

305 5415 364 5453 τι
417 5362 593 5467 βραχὺ
626 5362 747 5445 ’τοῦ
785 5389 842 5442 ὲν
892 5362 1023 5458 δόξῃ
1063 5378 1423 5454 θεοπρεποῦς.
1472 5376 1548 5440 ὡς
1593 5374 1881 5467 ἄνθρωπος

2009 5374 2211 5432 dicitur
2237 5371 2511 5440 Christus,
2541 5368 2793 5438 superior
2822 5366 3040 5437 quidem
3076 5379 3240 5435 quam
3282 5370 3365 5419 est
3398 5362 3592 5417 huma-

309 5465 628 5560 Τοιγάρτοι,
658 5481 791 5538 ποτε
843 5479 941 5549 μὲν
997 5476 1238 5547 ἔφασκεν
1266 5491 1280 5507 ·
1310 5492 1328 5526 t
1350 5472 1411 5526 ὐ
1461 5467 1726 5542 ἑωρακὼς
1781 5465 1905 5538 ἐμὲ,

310 5581 531 5651 ἑώρακε
561 5576 653 5632 τὸν
685 5569 1088 5645 Πατέρα.Ὲγὼ
1130 5568 1225 5622 καὶ
1250 5570 1279 5622 6
1309 5564 1499 5637 Πατὴρ
1534 5564 1594 5616 ἓν
1641 5562 1809 5631 ἐσμεν
1836 5577 1846 5588 ·
1882 5577 1901 5609 ι

309 5676 406 5729 ὁτὲ
436 5676 492 5729 δὲ
523 5670 590 5729 αὖ
628 5668 787 5723 πάλιν
809 5684 822 5697 ·
860 5685 878 5717 ι
900 5664 958 5717 ’0
986 5663 1174 5731 Πατήρ
1208 5676 1316 5756 μοη
1340 5655 1539 5728 μείζων
1575 5652 1673 5726 μού
1702 5654 1903 5705 ἐστιν.»

882 5772 899 5799 /

393 5851 478 5907 ⁸⁷1
511 5851 634 5906 Cor.
666 5862 728 5910 ιι,
762 5844 876 5897 6-8.
955 5839 1001 5874 ³⁸
1028 5839 1192 5893 Hebr.
1232 5852 1270 5899 ι,
1307 5835 1361 5897 5,
1392 5836 1443 5889 ι.
1523 5835 1567 5867 '9
1594 5832 1756 5888 Ilebr.
1794 5847 1853 5896 ιι,
1884 5830 1938 5885 9.

644 5942 917 6004 PATBOL.
964 5936 1084 5996 Cn.
1118 5928 1367 5994 LXXV,

2014 5464 2180 5531 nitas,
2212 5472 2272 5519 ut
2307 5472 2501 5518 natura
2529 5459 2675 5517 Deus
2699 5457 2946 5515 etFilius
2973 5469 2989 5510 :
3017 5453 3247 5511 inferior
3291 5468 3420 5510 vero
3462 5469 3600 5509 non-

2014 5557 2148 5614 nihil
2179 5556 2346 5629 gloria
2374 5555 2595 5618 divina,
2629 5562 2686 5607 ut
2726 5552 2910 5607 homo.
2964 5549 3178 5607 Idcirco
3215 5557 3272 5605 et
3310 5548 3426 5618 ipse
3471 5546 3597 5602 alibi

2016 5648 2191 5703 dixit:
2235 5666 2253 5698 ι
2285 5646 2388 5713 Qui
2438 5645 2571 5700 vidit
2615 5659 2735 5709 me,
2770 5642 2903 5698 vidit
2943 5650 2998 5696 et
3039 5641 3255 5697 Patrem
3289 5640 3355 5696 ‘°.
3390 5637 3504 5712 Ego
3548 5648 3602 5691 et

2017 5829 2059 5861 ⁸⁸
2083 5826 2238 5883 Joan.
2279 5843 2388 5895 xw,
2423 5825 2477 5881 9.

3193 5911 3265 5973 39
