4050 6414
506 429 643 488 {327

1494 429 1552 479 S:
1594 424 1863 482 CHULLI
1905 427 2372 482 ALEXAP‘DIHNI
2417 430 2731 486 AiiCiiiEP.

3623 421 3766 482 19948

505 553 666 603 Pater
709 563 870 599 unum
929 560 1114 597 sumus
1140 544 1203 596 ".
1253 562 1270 593 ›
1307 543 1437 595 Cum
1490 560 1616 598 vero
1659 546 1791 599 dicit
1824 563 1834 596 :
1870 567 1886 596 ι
1923 546 2068 602 Patet

2185 547 2260 599 υὺ
2302 547 2470 616 μείων
2515 549 2622 619 γάρ
2665 549 2740 600 ὢν
2776 547 2865 600 τοῦ
2904 547 3114 616 [ἰατρὸς
3152 546 3290 599 κατά
3319 562 3378 613 γε
3415 544 3473 596 τὸ
3517 543 3572 596 ὲν
3605 542 3769 611 οὐσίᾳ

507 639 680 705 major
714 652 796 689 me
822 635 961 688 est"
994 651 1004 685 :
1047 653 1062 684 ι
1089 649 1207 686 cum
1237 647 1342 686 non
1377 633 1446 686 sit
1473 634 1648 689 minor
1676 633 1836 690 Patre
1868 637 2076 691 ratione

508 728 804 784 identitatis
857 727 1143 791 essentite,
1197 733 1250 778 et
1302 725 1630 779 omnimodas
1681 727 2072 791 similitudinis,

505 820 764 873 minorem
805 833 862 870 se
894 830 1011 868 esse
1053 815 1182 868 dicit
1221 813 1433 869 ratione
1465 815 1837 871 humanitatis.
1868 815 2074 871 Praedi-

503 921 656 962 catnr
679 923 802 962 vero
823 907 983 961 etiam
1014 906 1066 959 in
1101 905 1273 960 sacris
1298 905 1537 970 Litteris,
1559 906 1825 961 interdum
1857 909 2073 977 quidem

502 1009 557 1052 ut
588 1002 795 1068 integre
823 997 1092 1049 cxsistens
1124 997 1304 1059 homo,
1333 1009 1438 1048 non
1463 1009 1719 1064 expressa
1745 997 1913 1066 ipsius
1938 996 2076 1051 divi-

498 1093 699 1152 nitate,
753 1089 962 1142 ratione
1017 1086 1454 1141 incarnationis:
1510 1085 1776 1140 interdum
1829 1103 1959 1142 vero
2016 1097 2074 1142 ut

501 1181 661 1242 Deus,
694 1194 796 1232 non
823 1191 1079 1245 expressa
1129 1176 1464 1230 humanitate
1494 1194 1506 1229 :
1536 1186 1725 1229 neutra
1769 1185 1946 1230 tamen
1990 1192 2074 1230 ra-

500 1272 646 1325 tione
678 1271 776 1340 ipsi
813 1268 1008 1338 injuria
1058 1268 1134 1330 lit,
1170 1275 1392 1337 propter
1435 1269 1718 1336 utriusque
1759 1267 2075 1337 appellatio-

499 1363 584 1416 nis
609 1363 660 1415 in
685 1376 850 1414 unum
877 1372 1227 1413 concursum.

569 1456 627 1510 Β.
665 1456 945 1521 Quomodo
977 1453 1057 1508 ais
1075 1453 1100 1505 ἲ
1137 1466 1308 1522 neque
1335 1453 1478 1507 enim
1503 1453 1638 1508 satis
1661 1467 1924 1523 assequor
1947 1455 2072 1523 quid

496 1553 654 1606 velis.

569 1643 630 1694 Α.
677 1641 936 1696 Hebraeus
977 1655 1041 1694 ex
1082 1639 1322 1693 Hebraeis
1363 1648 1418 1694 et
1464 1639 1604 1694 tribu
1643 1640 1940 1712 Benjamin,
1978 1656 2074 1695 vo-

495 1746 652 1790 catus
677 1735 972 1804 apostolus,
1004 1733 1196 1788 scribit
1227 1732 1292 1787 iis
1339 1733 1431 1800 qui
1477 1747 1573 1802 per
1600 1732 1756 1788 ﬁdem
1793 1733 2072 1804 justiticati

489 1837 652 1894 sunt,
693 1837 747 1881 et
789 1828 1186 1882 mortificarunt
1225 1827 1463 1879 membra
1507 1825 1711 1890 carnis,
1757 1825 2072 1881 fornicatio-

2182 636 2396 700 ταυτὸν,
2429 638 2523 689 καὶ
2558 638 2698 690 κατά
2734 640 2840 691 πᾶν
2871 636 3047 690 ὁτιοῦν
3075 638 3135 690 τὸ
3169 632 3503 699 ίσοστατοῦν,
3534 634 3592 686 ὲν
3618 632 3771 686 ὲλάτο

2181 745 2329 781 τοσιν
2376 723 2515 783 εἶναί
2547 746 2679 800 φησι
2722 728 2809 783 διὰ
2842 729 2900 782 τὸ
2930 728 3284 799 ἀνθρώπινον.
3318 725 3663 798 Κηρύττεται
3707 722 3769 775 δὲ

2183 819 2276 870 καὶ
2309 817 2394 870 διὰ
2424 818 2531 870 τῶν
2567 819 2728 889 ἱερῶν
2760 820 3130 891 Γραμμάτων,
3162 818 3291 873 ποτὲ
3317 818 3414 888 μὲν
3443 817 3518 876 ὡς
3548 815 3666 878 ὅλος
3688 811 3769 865 ὢν

2182 906 2484 976 ἄνθρωπος,
2523 907 2945 978 σεσιωπημένης
2975 909 3142 961 αὑτοῦ
3187 910 3285 978 τῆς
3329 908 3584 977 θεότητος
3620 905 3773 958 οἱκο-

2182 999 2446 1067 νομικῶς·
2490 1000 2623 1052 ποτὲ
2670 999 2725 1052 δὲ
2772 995 2839 1052 αὖ
2896 999 3056 1054 πάλιν
3087 1001 3177 1054 καὶ
3206 1001 3358 1064 Θεὸς,
3395 996 3771 1068 σεσιγημένης

2181 1089 2346 1142 αὑτοῦ
2395 1091 2491 1157 τῆς
2529 1089 2982 1161 ἀνθρωπότητος’
3018 1092 3282 1144 ἀδικεῖται
3326 1091 3382 1143 δὲ
3427 1089 3546 1142 κατ’
3573 1085 3772 1142 οὐδένα

2180 1179 2379 1250 τρόπον
2413 1181 2500 1234 διὰ
2532 1182 2625 1233 καὶ
2659 1183 2858 1251 ἀμφοῖν
2887 1184 2967 1246 είς
3005 1183 3230 1253 ἑνότητα
3261 1182 3552 1253 σύμϐασιν.

2253 1448 2309 1500 Β.
2357 1448 2475 1511 Πῶς
2515 1449 2725 1518 λέγεις;
2765 1451 2988 1522 συνίημι
3022 1452 3130 1522 γὰρ
3163 1454 3224 1505 οὐ
3260 1454 3490 1525 σφόδρα.

2252 1627 2315 1678 Α.
2347 1625 2404 1678 Ὀ
2444 1625 2693 1696 Ἑϐραῖος
2733 1626 2791 1692 ἐξ
2824 1628 3093 1698 Ἐϐραίων
3129 1630 3222 1683 καὶ
3261 1630 3439 1700 φυλῆς
3479 1630 3767 1706 Βενιαμὶν,

2179 1718 2207 1769 ό
2240 1716 2434 1787 κλητὸς
2462 1719 2776 1784 ἀπόστολος,
2807 1721 3110 1775 ἐπιστέλλει
3147 1725 3259 1786 τοῖς
3285 1725 3369 1778 διὰ
3404 1725 3642 1790 πίστεως
3673 1727 3768 1781 δε-

2179 1808 2576 1878 δικαιωμένοις,
2616 1813 2710 1864 καὶ
2741 1813 3186 1883 κατανεκρώσασι
3229 1815 3296 1868 τά
3333 1817 3468 1888 μέλη
3498 1817 3596 1888 τῆς
3627 1835 3770 1889 σαρ-

497 1933 619 1973 nem
677 1917 944 1982 videlicet,
993 1915 1421 1980 immunditiam,
1469 1915 1773 1980 libidinem,
1825 1916 2068 1985 concupi-

2176 1901 2290 1962 κὸς.
2326 1901 2581 1970 πορνείαν
2613 1903 2676 1972 δὴ
2708 1902 2852 1972 λέγω
2885 1906 2980 1958 καὶ
3007 1905 3198 1970 πάθος,
3231 1907 3526 1977 ἐπιθυμίαν
3562 1909 3767 1982 κακὴν,

496 2009 756 2064 scentiam
810 2008 1004 2062 malam
1049 2021 1102 2061 et
1125 2007 1471 2060 ‘hvaritiam:
1512 2025 1530 2057 ι
1566 2005 1874 2061 Mortilicati
1925 2000 2068 2062 enim

495 2100 646 2160 estis,
681 2107 734 2153 et
765 2099 870 2153 vita
898 2107 1077 2152 vestra
1124 2095 1442 2150 abscondita
1482 2105 1565 2150 est
1600 2112 1720 2148 cum
1768 2095 1985 2152 Christo
2017 2099 2068 2151 in

491 2191 607 2245 Deo
629 2191 696 2244 ".
737 2210 755 2242 ι
777 2190 904 2260 ‘lpse
934 2189 1098 2243 etiam
1131 2188 1195 2242 de
1229 2186 1506 2255 discipulis
1537 2187 1649 2241 suis
1680 2186 1804 2242 alibi
1849 2187 2024 2263 inquit
2051 2207 2065 2242 :

501 2303 519 2334 ι
556 2281 718 2337 Pater
743 2290 955 2344 sancte,
992 2269 1158 2333 serva'
1181 2293 1272 2332 eos
1318 2278 1370 2330 in
1415 2277 1630 2331 nomine
1675 2285 1766 2332 tuo
1810 2294 1946 2347 quos
1979 2279 2070 2339 de-

425 2416 432 2423 .
494 2375 620 2428 nisti
657 2373 806 2438 mihi,
834 2371 1002 2442 699
1033 2379 1090 2424 ut
1118 2371 1228 2423 sint
1267 2384 1464 2434 unum,
1497 2368 1634 2422 sicut
1667 2378 1720 2422 et
1761 2385 1878 2424 nos.
1935 2370 2066 2424 Cum

491 2481 668 2520 essem
704 2478 826 2518 cum
852 2463 956 2525 eis,
985 2475 1084 2528 ego
1123 2461 1406 2513 servabam
1455 2472 1548 2511 eos
1592 2458 1644 2511 in
1691 2459 1906 2513 nomine
1955 2469 2065 2513 tuo.

491 2562 638 2626 Quos
667 2557 859 2612 dedisti
891 2555 1023 2608 mihi
1051 2570 1149 2624 ego
1169 2554 1535 2618 custodivi,'et
1568 2567 1725 2606 nemo
1748 2565 1812 2605 ex
1846 2551 1910 2605 iis
1941 2565 2066 2619 per-

488 2652 570 2715 iit,
615 2651 718 2705 nisi
759 2648 900 2702 (ilius
943 2647 1284 2716 perditionis,
1325 2655 1383 2698 ut
1419 2643 1702 2713 Scriptura
1752 2642 2063 2712 impleatur.

485 2740 642 2795 Nunc
669 2747 849 2793 autem
884 2737 951 2791 ad
977 2747 1030 2791 te
1060 2737 1234 2796 venio,
1269 2747 1323 2788 ct
1365 2735 1478 2788 hmo
1519 2735 1713 2802 loquor
1747 2733 1800 2786 in
1846 2733 2064 2798 mundo,

481 2843 549 2888 ut
589 2832 824 2898 habeant
884 2828 1138 2899 gaudium
1199 2842 1374 2881 meum
1422 2826 1696 2895 impletum
1768 2825 1819 2878 in
1866 2835 2066 2880 semet-

490 2924 625 2994 ipsis
647 2921 716 2976 ⁸⁸.
752 2939 772 2972 ι
810 2918 1070 2986 lntelligis
1099 2918 1304 2988 itaque,
1345 2929 1452 2986 quo
1486 2924 1642 2983 pacto
1667 2914 1718 2966 in
1753 2913 1834 2966 bis
1859 2928 1923 2968 ex
1955 2913 2065 2968 sola

487 3010 886 3084 quodammodo
942 3009 1279 3064 humanitate
1337 3006 1492 3060 nobis
1541 3004 1832 3074 signiﬁcari
1884 3005 2068 3058 videa-

487 3118 571 3160 tur
591 3105 616 3158 ἲ

555 3196 617 3252 B.
658 3193 825 3252 Recte
855 3195 958 3250 ais.

2173 1991 2267 2043 καὶ
2309 1991 2408 2062 τὴν
2459 1990 2790 2058 πλεονεξίαν.
2848 1994 3214 2050 «Ἀπεθάνετε
3264 1997 3392 2068 γὰρ,
3423 2001 3516 2052 καὶ
3567 2001 3598 2071 ή
3645 1998 3768 2069 ζωὴ

2175 2083 2326 2152 ὑμῶν
2355 2083 2659 2154 κέκρυπται
2691 2087 2786 2138 σὺν
2815 2085 2891 2156 τῷ
2920 2088 3142 2158 Χριστῷ
3170 2090 3226 2140 ἐν
3261 2090 3338 2160 τῷ
3360 2091 3500 2160 Θεῷ.
3527 2109 3544 2143 ι
3587 2092 3770 2156 Αὐτός

2170 2189 2234 2241 γε
2260 2173 2365 2242 μὴν
2395 2171 2500 2244 ἔφη
2522 2174 2651 2245 περὶ
2682 2175 2790 2227 τῶν
2821 2177 3014 2230 ἑαυτοῦ
3051 2177 3329 2249 μαθητῶν
3362 2198 3380 2231 ι
3406 2181 3587 2251 Πάτερ
3614 2181 3766 2250 ᾶγιε,

2170 2263 2410 2332 τήρησον
2441 2264 2639 2326 αὐτοὺς
2678 2266 2735 2318 ὲν
2766 2265 2842 2335 τῷ
2881 2267 3106 2337 ὀνόματί
3145 2286 3259 2331 σου,
3367 2271 3607 2334 δέδωκάς
3644 2288 3766 2343 μοι,

2172 2354 2261 2406 ἴνα
2290 2347 2423 2408 ὦσιν
2454 2354 2532 2420 ἓν,
2551 2354 2731 2419 καθὼς
2750 2359 3065 2428 ὴμεῖς.⁶’οτε
3095 2361 3244 2432 ἤμην
3275 2362 3394 2432 μετ’
3423 2363 3622 2429 αὐτῶν,
3649 2364 3769 2433 ἐγὼ

2170 2444 2398 2516 ἐτήρουν
2429 2445 2627 2509 αὐτοὺς
2656 2448 2715 2500 ἐν
2742 2447 2816 2518 τῷ
2847 2450 3071 2518 ὀνόματί
3106 2469 3220 2518 σου,
3252 2453 3342 2517 οὓς
3371 2453 3604 2519 δέδωκάς
3645 2473 3764 2526 μοι,

2170 2539 2265 2591 καὶ
2305 2537 2547 2608 ἐφύλαξα
2575 2541 2791 2604 αὐτοὺς,
2825 2541 2918 2594 καὶ
2955 2543 3131 2607 οὐδεὶς
3177 2544 3235 2611 ἐξ
3280 2545 3459 2601 αὐτῶν
3491 2547 3764 2612 ἀπώλετο,

2170 2633 2222 2683 ει
2260 2629 2335 2702 μὴ
2364 2633 2391 2683 ὀ
2419 2631 2534 2694 υίὸς
2579 2631 2678 2701 τῆς
2719 2616 3019 2699 ἀπωλείας,
3068 2635 3216 2706 ἴναὴ
3253 2637 3441 2709 Γραφὴ
3477 2639 3764 2712 πληρωθῇ.

2169 2721 2283 2776 Νῦν
2337 2723 2393 2776 δὲ
2441 2722 2577 2795 πρὸς
2627 2724 2687 2776 σὲ
2737 2722 2990 2795 ἔρχομαι,
3022 2725 3117 2779 καὶ
3163 2725 3340 2782 ταῦτα
3392 2729 3539 2782 λαλῶ
3583 2733 3640 2783 ὲν
3682 2733 3766 2802 τῷ

2170 2818 2378 2888 κόσμῳ,
2418 2818 2505 2870 ἵνα
2542 2817 2708 2888 ἔχωσι
2749 2819 2849 2890 τὴν
2885 2819 3060 2892 χαρὰν
3088 2821 3187 2892 τὴν
3217 2823 3356 2894 ἐμὴν
3387 2825 3766 2896 πεπληρωμέ-

2169 2926 2266 2979 νην
2297 2911 2354 2962 ὲν
2382 2911 2612 2974 ἑαυτοῖς.
2649 2931 2667 2963 ι
2702 2911 2897 2982 Συνίης
2927 2907 3040 2979 οὖν,
3067 2913 3214 2977 ὅπως
3244 2915 3351 2968 ἀπὸ
3383 2917 3551 2988 μόνης
3570 2917 3766 2990 ὥσπερ

2167 3004 2300 3073 ἡμῖν
2333 3001 2435 3073 τῆς
2466 3003 2888 3075 ἀνθρωπότητος
2926 3004 2982 3058 ἔν
3029 3023 3094 3075 γε
3139 3011 3379 3063 τουτοισὶ
3413 3011 3768 3082 κατασημαί-

2169 3093 2352 3147 νεσθαι
2391 3094 2571 3161 δοκεί;

2241 3183 2301 3236 Β.
2339 3185 2635 3256 Ὀρθότατα
2673 3184 2830 3256 ἔφης.

554 3293 622 3343 Α.
663 3288 1018 3344 Censebimus
1042 3285 1187 3341 enim
1232 3284 1467 3339 nondum
1504 3282 1882 3336 absconditum
1922 3294 2062 3344 esse,

2240 3283 2303 3329 Α.
2346 3277 2656 3347 υἰησὸμεθα
2711 3278 2820 3349 γὰρ
2874 3278 2991 3331 οῦτι
3048 3298 3149 3333 που
3201 3282 3507 3353 κεκρύφθαι
3556 3303 3614 3339 τε
3664 3287 3766 3342 καὶ

484 3395 662 3450 neque
723 3394 755 3434 ο
797 3378 997 3432 mundo
1044 3375 1384 3438 excessisse,
1431 3389 1554 3427 cum
1623 3381 1810 3440 aperte
1859 3371 2005 3425 dicat
2048 3388 2082 3424 ε.

489 3489 512 3523 ς
557 3470 752 3533 Amen,
789 3481 948 3522 amen
988 3467 1108 3521 dico
1137 3464 1311 3529 vobis,
1341 3463 1483 3533 quod
1525 3463 1613 3516 ubi
1654 3461 1762 3515 duo
1820 3471 1914 3514 aut
1956 3471 2067 3517 tres

483 3559 797 3632 congregati
839 3557 1042 3611 fuerint
1101 3557 1154 3609 in
1201 3555 1420 3609 nomine
1477 3569 1630 3615 meo,
1683 3551 1792 3605 illic
1842 3566 1960 3606 sum
2013 3552 2067 3606 in

486 3653 667 3708 medio
697 3666 883 3705 eorum
907 3649 971 3702 ⁸⁸.
1014 3668 1032 3702 ι
1071 3648 1136 3702 Ει
1168 3660 1354 3700 rursus
1385 3661 1398 3698 :
1442 3661 1460 3693 ι
1500 3644 1635 3698 Ecce
1665 3657 1764 3712 ego
1791 3643 2067 3697 vobiscum

483 3761 605 3800 sum
648 3741 899 3798 omnibus
954 3740 1164 3803 diebus,
1214 3751 1383 3805 usque
1433 3736 1499 3789 ad
1547 3735 2066 3790 consummationem

484 3836 664 3893 seculi
691 3835 756 3888 “.
787 3853 806 3888 ι
839 3832 978 3901 Quin
1001 3841 1057 3887 et
1085 3829 1512 3886 sacratissimum
1557 3811 1783 3882 Paulum
1825 3840 2068 3897 saepenu-

484 3943 634 3983 mero
669 3927 855 3981 videas
892 3910 1182 3992 negantem
1210 3919 1405 3975 debere
1433 3918 1610 3991 ipsum
1654 3918 1935 3988 praedicari
1964 3917 2066 3972 ho-

482 4021 680 4074 minem
711 4036 726 4071 :
770 4035 788 4070 ι
817 4015 1031 4069 Paulus
1063 4013 1230 4074 enim,
1265 4012 1460 4081 inquit,
1501 4011 1806 4082 apostolus,
1850 4026 1956 4065 non
1997 4011 2064 4066 ab

485 4109 819 4172 hominibus,
871 4121 1046 4177 neque
1103 4121 1197 4176 per
1251 4104 1520 4171 homines,
1577 4103 1672 4160 sed
1731 4119 1828 4173 per
1881 4101 2064 4158 Jesum

483 4199 843 4256 Christum".
868 4217 886 4249 ›
908 4199 971 4251 Ει
1000 4198 1158 4268 paulo
1183 4206 1302 4266 pust
1327 4212 1338 4247 :
1367 4215 1384 4248 ι
1412 4197 1605 4252 Notum
1639 4196 1783 4250 enim
1805 4195 1958 4249 vobis
1995 4194 2072 4247 fa-

484 4293 593 4358 cio,
626 4292 842 4357 fratres,
879 4289 1229 4360 Evangeiium
1255 4289 1397 4358 quod
1443 4287 1872 4358 evangelizatum
1916 4295 2000 4342 est
2036 4301 2066 4339 a

483 4399 595 4448 nte,
625 4381 750 4453 quia
779 4388 989 4436 nonest
1023 4380 1318 4434 secundmn
1364 4379 1656 4432 hominem.
1692 4375 1875 4447 Neque
1921 4377 2064 4431 enim

485 4488 587 4540 ego
611 4472 679 4526 ab
711 4471 932 4527 homine
964 4469 1146 4539 accepi
1176 4469 1321 4529 illud,
1373 4482 1545 4535 neque
1588 4466 1748 4520 didici
1782 4481 1796 4518 :
1840 4467 1934 4520 sed
1973 4480 2068 4534 per

487 4561 876 4616 reve’lationem
900 4557 1025 4614 Jesu
1056 4557 1258 4613 Christi
1291 4557 1356 4610 ⁵⁸.
1400 4574 1418 4608 ι
1455 4556 1593 4621 Quin
1625 4565 1680 4610 et
1714 4555 1822 4610 alio
1861 4555 1915 4610 in
1948 4555 2069 4610 loco

486 4656 608 4707 ait:
668 4669 687 4704 ι
728 4652 785 4706 Si
836 4665 964 4706 vero
1015 4649 1178 4705 etiam
1221 4647 1574 4718 cognovimus
1617 4645 1911 4700 secundum
1947 4659 2068 4700 car-

484 4761 612 4799 nem
648 4743 944 4805 Christum,
1001 4742 1096 4796 sed
1147 4754 1293 4794 nunc
1337 4738 1448 4805 jam
1502 4751 1607 4790 non
1659 4735 1908 4790 novimus
1932 4735 1998 4789 ".
2041 4755 2061 4788 ι

483 4837 748 4905 Quisnam
779 4835 942 4904 igitur
987 4842 1070 4887 est
1102 4831 1260 4884 .Icsus
1301 4828 1572 4890 Christus,
1621 4826 1712 4894 qui
1758 4825 1894 4880 adeo
1931 4827 2068 4883 inef-

487 4927 706 4982 fabilem
754 4934 1075 4993 certamque
1121 4932 1176 4976 et
1223 4920 1459 4974 divinam
1512 4918 1892 4989 mysteriorum
1937 4934 2064 4974 suo-

487 5036 609 5075 rum
637 5017 1020 5074 revelationem
1048 5013 1150 5082 ipsi
1175 5007 1452 5065 immittit?
1475 5025 1653 5064 nonne
1680 5007 1910 5064 Verbum
1937 5025 2065 5066 caro

489 5115 716 5170 tactum,
754 5105 1006 5174 quodque
1029 5109 1248 5171 propter
1288 5112 1383 5154 nos
1411 5112 1476 5152 ex
1506 5095 1724 5168 Virgine
1770 5099 1918 5155 nasci
1958 5115 2063 5154 non

489 5211 573 5255 est
604 5194 999 5266 dedignatum?

562 5289 623 5341 Β.
664 5285 922 5340 Omnino.
962 5281 1178 5336 Memini
1211 5281 1352 5335 enim
1399 5281 1540 5336 beati
1577 5280 1845 5337 Gabrielis
1887 5281 1956 5335 ita
1998 5284 2065 5336 ad

492 5391 738 5435 sanctam
803 5373 1075 5442 Virginem
1102 5373 1378 5428 dicentis:
1420 5392 1438 5425 ι
1503 5371 1579 5429 Ne
1624 5374 1837 5438 timeas,
1867 5371 2065 5439 Maria;

491 5485 619 5524 ecce
658 5468 806 5521 enim
849 5465 1124 5533 concipies
1157 5463 1208 5518 in
1258 5475 1430 5532 utero,
1461 5474 1516 5520 et
1559 5466 1737 5535 paries
1775 5464 1964 5529 lilium,
2011 5475 2066 5516 et

481 5557 712 5614 vocabis
747 5571 940 5611 nomen
969 5557 1083 5627 ejus
1114 5554 1297 5612 Iesum
1325 5557 1390 5610 ’°.
1415 5577 1446 5609 ι
1498 5555 1703 5610 Novum
1750 5566 1927 5612 autem
1965 5557 2064 5608 hoc

555 5763 603 5790 "
625 5761 782 5816 Joan.
810 5776 866 5827 ι,
899 5761 987 5816 30.
1063 5761 1282 5818 “Euan.
1316 5770 1428 5826 xtv,
1454 5760 1548 5814 28.

1653 5761 1697 5793 "
1723 5759 1932 5814 Coloss.
1973 5775 2055 5824 ut,
2092 5758 2208 5812 5-5.

2169 3369 2469 3440 ἀποδημεῖν
2486 3369 2577 3422 τοῦ
2601 3369 2830 3439 κόσμου,
2850 3373 3026 3424 καίτοι
3048 3372 3272 3441 λέγοντα
3291 3376 3498 3443 σαφῶςο
3518 3396 3536 3429 ι
3561 3378 3762 3450 Ἀμὴν,

2169 3462 2318 3532 ἀμὴν
2342 3461 2484 3530 λέγω
2507 3462 2658 3532 ὑμῖν,
2682 3463 2763 3516 ὃτι
2793 3464 2927 3517 ὅπου
2971 3464 3066 3517 ἐὰν
3106 3467 3412 3538 συναχθῶσι
3433 3468 3580 3541 δύοῆ
3607 3475 3762 3542 τρεῖς

2169 3553 2249 3616 είς
2287 3553 2347 3604 τὸ
2381 3553 2516 3623 ἐμὸν
2556 3553 2749 3624 ὄνομα,
2785 3556 2902 3608 ἐκεῖ
2934 3557 3048 3625 εἰμι
3088 3558 3146 3611 ὲν
3185 3557 3330 3628 μέσῳ
3363 3560 3561 3614 αὐτῶν.
3594 3580 3610 3612 ι
3647 3563 3762 3616 Καὶ

2170 3642 2351 3696 πάλινο
2385 3661 2402 3693 ι
2431 3643 2558 3695 Ἰδοὺ
2593 3643 2705 3712 ἐγὼ
2728 3645 2847 3714 μεθ’
2878 3646 3032 3716 ὑμῶν
3058 3649 3172 3717 είμι
3198 3649 3375 3713 πάσας
3401 3650 3498 3715 τὰς
3521 3653 3758 3722 ἡμέρας,

2169 3733 2273 3797 ἓως
2300 3734 2400 3803 τῆς
2435 3735 2746 3800 συντελείας
2776 3736 2870 3790 τοῦ
2905 3737 3120 3802 αἰῶνος.
3150 3741 3341 3804 »Ἵδοις
3366 3743 3410 3795 δ’
3439 3745 3503 3797 ἂν
3533 3745 3626 3798 καὶ
3660 3747 3764 3799 αὺ-

2167 3823 2260 3875 τὸν
2308 3823 2398 3876 τὸν
2445 3824 2738 3894 ἱερώτατον
2798 3826 3008 3879 Παῦλον
3043 3830 3574 3902 καταρῤᾳθυμοῦντα
3627 3834 3764 3886 πολ-

2170 3916 2327 3978 λάκις
2383 3916 2477 3969 τοῦ
2534 3918 2628 3970 καὶ
2659 3917 2946 3989 ἄνθρωπον
2990 3919 3098 3972 δεῖν
3139 3921 3536 3993 ἀνακηρύττειν
3570 3925 3760 3979 αὐτόν.

2175 4027 2194 4058 ι
2225 4007 2434 4070 Παῦλος
2479 4007 2609 4079 γὰρ,
2641 4010 2826 4079 φησιν,
2861 4011 2889 4061 ό
2927 4011 3244 4075 ἀπόστολος,
3277 4013 3374 4065 οὐκ
3419 4015 3515 4066 ἀπ’
3547 4002 3764 4088 ἀνθρώ-

2170 4118 2308 4166 πων,
2345 4101 2463 4154 οὐδὲ
2489 4101 2556 4154 δι’
2583 4100 2913 4172 ἀνθρώπων,
2945 4103 3079 4154 ἀλλά
3105 4103 3194 4156 διὰ
3232 4103 3406 4175 Ἰησοῦ
3437 4107 3697 4178 Χριστοῦ.
3735 4128 3755 4159 ι

2168 4191 2277 4244 Καὶ
2297 4186 2362 4245 αὖ
2386 4191 2477 4244 ἐπὶ
2495 4191 2728 4254 τούτοις·
2755 4211 2773 4243 ι
2799 4193 3055 4264 Γνωρίζω
3081 4194 3135 4247 δὲ
3163 4195 3289 4265 ὑμῖν
3315 4196 3376 4248 τὸ
3401 4197 3758 4266 Εὐαγγέλιον,

2169 4284 2320 4351 φησι,
2354 4283 2415 4334 τὸ
2443 4282 2825 4352 εὐαγγελισθὲν
2870 4283 2963 4336 ὑπ’
2987 4283 3144 4353 ἐμοῦ,
3173 4287 3253 4338 ὅτι
3305 4287 3404 4340 οὑκ
3449 4288 3564 4342 ἔστι
3616 4292 3764 4345 κατὰ.

2167 4372 2472 4444 ἄνθρωπον.
2519 4372 2653 4426 Οὐδὲ
2700 4373 2809 4444 γὰρ
2852 4373 2964 4442 ἐγὼ
2998 4375 3148 4442 παρά
3181 4375 3467 4448 ἀνθρώπου
3511 4381 3761 4451 παρέλα-

2169 4463 2263 4516 ϐον
2312 4465 2476 4529 αὐτὸ,
2532 4464 2652 4518 οὐδὲ
2697 4465 2991 4536 ’ἐδιδάχθην
3020 4507 3034 4530 ,
3090 4467 3228 4521 ἀλλά
3267 4469 3332 4522 δι’
3359 4471 3762 4541 ἀποκαλύψεως

2185 4555 2358 4627 Ἰησοῦ
2389 4557 2643 4628 Χριστοῦ.
2672 4577 2688 4608 ι
2729 4558 2840 4610 Καὶ
2870 4558 2976 4629 μὴν
3004 4559 3097 4612 καὶ
3127 4561 3353 4632 ἑτέρωθί
3400 4581 3594 4634 φησιν’
3638 4584 3654 4616 ι
3698 4567 3758 4619 El

2173 4644 2230 4699 δὲ
2276 4648 2371 4701 καὶ
2403 4648 2721 4720 ἐγνώκαμεν
2768 4651 2908 4704 κατὰ
2958 4649 3138 4722 σάρκα
3185 4653 3441 4723 Χριστὸν,
3479 4655 3616 4708 ἀλλὰ
3664 4656 3760 4708 νῦν

2173 4739 2272 4794 οὐκ
2297 4739 2376 4794 ἔτι
2414 4739 2773 4812 γινώσκομεν.
2809 4759 2828 4792 ι
2859 4742 2957 4805 Τίς
2985 4738 3260 4797 οὖν’ὲστιν
3303 4745 3510 4815 Ἰησοῦς
3553 4747 3582 4797 ὁ
3621 4747 3761 4818 Χρι-

2174 4829 2317 4894 στὸς,
2349 4832 2378 4884 ό
2406 4830 2504 4900 τὴν
2545 4829 2719 4894 οὕτως
2751 4831 3064 4904 ἀπόρρητον
3093 4834 3305 4906 ἀπλανῆ
3357 4854 3416 4888 τε
3465 4838 3558 4891 καὶ
3607 4837 3759 4890 Θείαν

2171 4919 2517 4989 ἀποκάλυψιν
2582 4921 2692 4974 τῶν
2757 4922 2954 4976 ἑαυτοῦ
3009 4926 3321 4996 μυστηρίων
3367 4929 3757 4999 ὲναστράπτων

2173 5009 2385 5082 ἑαυτῷς
2433 5006 2522 5082 ἆρ’
2558 5011 2680 5082 οὐχὶ
2725 5013 3015 5084 γενόμενος
3052 5015 3190 5087 σὰρξ
3224 5018 3254 5068 ό
3277 5018 3469 5087 Λόγος,
3522 5020 3616 5072 καὶ
3655 5021 3763 5093 τὴν

2173 5105 2237 5154 ἐκ
2272 5101 2530 5170 γυναικὸς
2558 5102 2626 5156 δι’
2652 5105 2802 5174 ἡμᾶς
2825 5105 2927 5159 οὐκ
2951 5107 3232 5177 ἀτιμάσας
3258 5108 3542 5179 γέννησιν;

2246 5279 2304 5332 Β.
2347 5279 2496 5332 Πάνυ
2543 5279 2643 5349 μὲν
2671 5277 2786 5335 οὖν.
2819 5285 3272 5357 Διαμεμνήσομαι
3298 5286 3407 5358 γὰρ
3449 5287 3543 5342 τοῦ
3581 5296 3762 5360 μακαο

2179 5371 2294 5440 ρίου
2338 5371 2588 5438 λέγοντος
2636 5373 2875 5445 Γαὸριὴλ
2917 5375 3052 5447 πρὸς
3096 5379 3196 5448 τὴν
3239 5379 3401 5447 ἁγίαν
3451 5382 3758 5452 Παρθένονο

2180 5482 2197 5514 ι
2231 5463 2320 5536 Μὴ
2344 5463 2532 5532 φοϐοῦ,
2564 5467 2818 5536 Μαριάμ·
2853 5468 2963 5520 ἰδοὺ
2994 5469 3103 5540 γὰρ
3138 5471 3385 5544 συλλήψῃ
3431 5474 3489 5526 ἐν
3537 5475 3759 5544 γαστρὶ,

2166 5555 2265 5608 καὶ
2295 5554 2424 5628 τέξῃ
2449 5557 2589 5619 υ-ἱδν,
2625 5559 2716 5608 καὶ
2749 5557 2999 5622 καλέσεις
3026 5561 3086 5612 τὸ
3117 5562 3285 5632 ὄνομα
3310 5563 3477 5616 αὐτοῦ
3496 5564 3754 5636 Ἰησοῦν.»

2313 5759 2359 5836 ξ*
2405 5757 3022 5836 ιίι)τιιι.μιιί-ι,-Η-15.ν
3063 5765 3149 5836 ί⁶⁸ί
3199 5763 3386 5820 Matth.
3456 5783 3607 5836 mn,
3661 5767 3754 5826 20.

484 5832 540 5862 “
563 5831 742 5888 Matth.
773 5847 960 5902 xum,
985 5831 1073 5889 20.
1152 5832 1194 5865 ’τ
1219 5831 1397 5887 Galat.
1435 5847 1469 5897 ι,
1507 5833 1555 5884 l.
1633 5831 1678 5860 "
1707 5831 1836 5887 ibid.
1872 5830 1958 5908 li,
1993 5830 2060 5883 1?.

2173 5831 2201 5860 θ’
2225 5829 2264 5883 ιι
2295 5829 2419 5883 Cor.
2463 5832 2626 5890 v.16.
2704 5834 2748 5862 ⁷⁸
2772 5832 2905 5886 an.
2945 5851 2980 5898 I,
3013 5835 3103 5902 50,
3138 5835 3224 5890 5|.
