  <div class='ocr_page' id='page_1' title='image "/cluster/home/n/w/nwhite01/storage/ocr_20150623/75:no.8/coo.31924054869767/623.png"; bbox 0 0 4050 6410; ppageno 0'>
   <div class='ocr_carea' id='block_1_1' title="bbox 565 432 693 485">
    <p class='ocr_par' dir='ltr' id='par_1_1' title="bbox 565 432 693 485">
     <span class='ocr_line' id='line_1_1' title="bbox 565 432 693 485; baseline -0.023 0"><span class='ocrx_word' id='word_1_1' title='bbox 565 432 693 485; x_wconf 67' lang='lat'><strong>195-!</strong></span> 
     </span>
    </p>
   </div>
   <div class='ocr_carea' id='block_1_2' title="bbox 1547 434 2790 495">
    <p class='ocr_par' dir='ltr' id='par_1_2' title="bbox 1547 434 2790 495">
     <span class='ocr_line' id='line_1_2' title="bbox 1547 434 2790 495; baseline 0.006 -9"><span class='ocrx_word' id='word_1_2' title='bbox 1547 434 1602 488; x_wconf 90' lang='lat' dir='ltr'><strong>S.</strong></span> <span class='ocrx_word' id='word_1_3' title='bbox 1646 434 1919 491; x_wconf 69' lang='lat' dir='ltr'><strong>CYRIILI</strong></span> <span class='ocrx_word' id='word_1_4' title='bbox 1966 436 2429 494; x_wconf 72' lang='lat' dir='ltr'><strong>ALEXANDRINI</strong></span> <span class='ocrx_word' id='word_1_5' title='bbox 2469 441 2790 495; x_wconf 75' lang='lat' dir='ltr'><strong>AllClllEP.</strong></span> 
     </span>
    </p>
   </div>
   <div class='ocr_carea' id='block_1_3' title="bbox 3682 442 3851 496">
    <p class='ocr_par' dir='ltr' id='par_1_3' title="bbox 3682 442 3851 496">
     <span class='ocr_line' id='line_1_3' title="bbox 3682 442 3851 496; baseline -0.018 0"><span class='ocrx_word' id='word_1_6' title='bbox 3682 442 3851 496; x_wconf 48' lang='lat'><strong>1252‘</strong></span> 
     </span>
    </p>
   </div>
   <div class='ocr_carea' id='block_1_4' title="bbox 567 551 2137 631">
    <p class='ocr_par' dir='ltr' id='par_1_4' title="bbox 567 551 2128 623">
     <span class='ocr_line' id='line_1_4' title="bbox 567 551 2128 623; baseline 0.006 -19"><span class='ocrx_word' id='word_1_7' title='bbox 567 571 587 604; x_wconf 69' lang='grc' dir='ltr'><strong>α</strong></span> <span class='ocrx_word' id='word_1_8' title='bbox 619 552 845 617; x_wconf 82' lang='lat' dir='ltr'><strong>Quamlo</strong></span> <span class='ocrx_word' id='word_1_9' title='bbox 873 551 1228 606; x_wconf 79' lang='lat' dir='ltr'><strong>introduxerit</strong></span> <span class='ocrx_word' id='word_1_10' title='bbox 1267 551 1684 623; x_wconf 74' lang='lat' dir='ltr'><strong>l’rimogenitum</strong></span> <span class='ocrx_word' id='word_1_11' title='bbox 1717 559 1768 611; x_wconf 93' lang='lat' dir='ltr'><strong>in</strong></span> <span class='ocrx_word' id='word_1_12' title='bbox 1809 559 1992 612; x_wconf 84' lang='lat' dir='ltr'><strong>orbem</strong></span> <span class='ocrx_word' id='word_1_13' title='bbox 2021 569 2128 613; x_wconf 87' lang='lat' dir='ltr'><strong>ter-</strong></span> 
     </span>
    </p>
   </div>
   <div class='ocr_carea' id='block_1_5' title="bbox 2242 551 3823 631">
    <p class='ocr_par' dir='ltr' id='par_1_5' title="bbox 2242 559 3823 631">
     <span class='ocr_line' id='line_1_5' title="bbox 2242 559 3823 631; baseline 0.001 -19"><span class='ocrx_word' id='word_1_14' title='bbox 2242 577 2320 621; x_wconf 78' lang='grc' dir='ltr'><strong>τες</strong></span> <span class='ocrx_word' id='word_1_15' title='bbox 2348 561 2568 630; x_wconf 74' lang='grc' dir='ltr'>ἄγγελοι</span> <span class='ocrx_word' id='word_1_16' title='bbox 2609 561 2761 616; x_wconf 84' lang='grc' dir='ltr'>Θεοῦ.</span> <span class='ocrx_word' id='word_1_17' title='bbox 2797 581 2814 611; x_wconf 71' lang='grc' dir='ltr'><strong>ι</strong></span> <span class='ocrx_word' id='word_1_18' title='bbox 2859 561 2916 612; x_wconf 86' lang='lat'><strong>&#39;0</strong></span> <span class='ocrx_word' id='word_1_19' title='bbox 2951 559 3058 631; x_wconf 78' lang='grc' dir='ltr'><strong>γὰρ</strong></span> <span class='ocrx_word' id='word_1_20' title='bbox 3095 561 3317 630; x_wconf 79' lang='grc' dir='ltr'><strong>ἰδιότητι</strong></span> <span class='ocrx_word' id='word_1_21' title='bbox 3367 562 3566 630; x_wconf 82' lang='grc' dir='ltr'>φυσικῇ</span> <span class='ocrx_word' id='word_1_22' title='bbox 3612 560 3711 629; x_wconf 78' lang='grc' dir='ltr'>τῆς</span> <span class='ocrx_word' id='word_1_23' title='bbox 3746 563 3823 613; x_wconf 78' lang='grc' dir='ltr'><strong>οἰ-</strong></span> 
     </span>
    </p>
   </div>
   <div class='ocr_carea' id='block_1_6' title="bbox 566 641 2128 711">
    <p class='ocr_par' dir='ltr' id='par_1_6' title="bbox 566 641 2128 711">
     <span class='ocr_line' id='line_1_6' title="bbox 566 641 2128 711; baseline 0.003 -15"><span class='ocrx_word' id='word_1_24' title='bbox 566 658 660 706; x_wconf 64' lang='grc' dir='ltr'>ιτιε,</span> <span class='ocrx_word' id='word_1_25' title='bbox 686 643 863 697; x_wconf 74' lang='lat' dir='ltr'><strong>dixit:</strong></span> <span class='ocrx_word' id='word_1_26' title='bbox 915 641 979 696; x_wconf 79' lang='lat' dir='ltr'><strong>Et</strong></span> <span class='ocrx_word' id='word_1_27' title='bbox 1019 643 1240 697; x_wconf 88' lang='lat' dir='ltr'><strong>adorent</strong></span> <span class='ocrx_word' id='word_1_28' title='bbox 1285 659 1408 700; x_wconf 89' lang='lat' dir='ltr'><strong>eum</strong></span> <span class='ocrx_word' id='word_1_29' title='bbox 1440 659 1632 701; x_wconf 86' lang='lat' dir='ltr'><strong>omnes</strong></span> <span class='ocrx_word' id='word_1_30' title='bbox 1666 649 1840 711; x_wconf 71' lang='lat' dir='ltr'><strong>angeli</strong></span> <span class='ocrx_word' id='word_1_31' title='bbox 1888 650 1980 704; x_wconf 86' lang='lat' dir='ltr'><strong>Dei</strong></span> <span class='ocrx_word' id='word_1_32' title='bbox 2004 651 2072 705; x_wconf 85' lang='lat'><strong>&quot;.</strong></span> <span class='ocrx_word' id='word_1_33' title='bbox 2109 667 2128 700; x_wconf 80' lang='grc'>›</span> 
     </span>
    </p>
   </div>
   <div class='ocr_carea' id='block_1_7' title="bbox 568 732 2134 801">
    <p class='ocr_par' dir='ltr' id='par_1_7' title="bbox 568 732 2134 801">
     <span class='ocr_line' id='line_1_7' title="bbox 568 732 2134 801; baseline 0.005 -17"><span class='ocrx_word' id='word_1_34' title='bbox 568 732 697 785; x_wconf 79' lang='lat' dir='ltr'><strong>Nam</strong></span> <span class='ocrx_word' id='word_1_35' title='bbox 732 732 1057 801; x_wconf 89' lang='lat' dir='ltr'><strong>proprietate</strong></span> <span class='ocrx_word' id='word_1_36' title='bbox 1087 741 1293 788; x_wconf 77' lang='lat' dir='ltr'><strong>natura:</strong></span> <span class='ocrx_word' id='word_1_37' title='bbox 1319 733 1389 788; x_wconf 88' lang='lat' dir='ltr'><strong>ab</strong></span> <span class='ocrx_word' id='word_1_38' title='bbox 1415 735 1670 789; x_wconf 87' lang='lat' dir='ltr'><strong>universo</strong></span> <span class='ocrx_word' id='word_1_39' title='bbox 1703 738 1834 792; x_wconf 86' lang='lat' dir='ltr'><strong>orbe</strong></span> <span class='ocrx_word' id='word_1_40' title='bbox 1868 746 2134 793; x_wconf 87' lang='lat' dir='ltr'><strong>terrarmn</strong></span> 
     </span>
    </p>
   </div>
   <div class='ocr_carea' id='block_1_8' title="bbox 568 821 2132 893">
    <p class='ocr_par' dir='ltr' id='par_1_8' title="bbox 568 821 2132 893">
     <span class='ocr_line' id='line_1_8' title="bbox 568 821 2132 893; baseline 0.008 -21"><span class='ocrx_word' id='word_1_41' title='bbox 568 821 766 886; x_wconf 76' lang='lat' dir='ltr'><strong>dill‘ert,</strong></span> <span class='ocrx_word' id='word_1_42' title='bbox 807 832 1066 891; x_wconf 81' lang='lat' dir='ltr'><strong>extraque</strong></span> <span class='ocrx_word' id='word_1_43' title='bbox 1093 824 1264 893; x_wconf 90' lang='lat' dir='ltr'><strong>ipsum</strong></span> <span class='ocrx_word' id='word_1_44' title='bbox 1315 827 1549 892; x_wconf 82' lang='lat' dir='ltr'><strong>exsistit,</strong></span> <span class='ocrx_word' id='word_1_45' title='bbox 1582 838 1641 882; x_wconf 92' lang='lat' dir='ltr'><strong>ut</strong></span> <span class='ocrx_word' id='word_1_46' title='bbox 1669 827 1842 893; x_wconf 87' lang='lat' dir='ltr'><strong>Deus;</strong></span> <span class='ocrx_word' id='word_1_47' title='bbox 1881 844 2004 883; x_wconf 88' lang='lat' dir='ltr'><strong>eum</strong></span> <span class='ocrx_word' id='word_1_48' title='bbox 2046 831 2132 884; x_wconf 83' lang='lat' dir='ltr'><strong>in-</strong></span> 
     </span>
    </p>
   </div>
   <div class='ocr_carea' id='block_1_9' title="bbox 565 916 2135 986">
    <p class='ocr_par' dir='ltr' id='par_1_9' title="bbox 565 916 2135 986">
     <span class='ocr_line' id='line_1_9' title="bbox 565 916 2135 986; baseline 0.004 -18"><span class='ocrx_word' id='word_1_49' title='bbox 565 927 782 982; x_wconf 76' lang='lat' dir='ltr'><strong>gressus</strong></span> <span class='ocrx_word' id='word_1_50' title='bbox 809 923 910 979; x_wconf 89' lang='lat' dir='ltr'><strong>est,</strong></span> <span class='ocrx_word' id='word_1_51' title='bbox 949 929 1074 981; x_wconf 90' lang='lat' dir='ltr'><strong>pars</strong></span> <span class='ocrx_word' id='word_1_52' title='bbox 1121 916 1302 970; x_wconf 90' lang='lat' dir='ltr'><strong>mundi</strong></span> <span class='ocrx_word' id='word_1_53' title='bbox 1337 916 1667 981; x_wconf 81' lang='lat' dir='ltr'><strong>declaratus,</strong></span> <span class='ocrx_word' id='word_1_54' title='bbox 1711 927 1769 971; x_wconf 93' lang='lat' dir='ltr'><strong>ut</strong></span> <span class='ocrx_word' id='word_1_55' title='bbox 1821 921 2012 986; x_wconf 90' lang='lat' dir='ltr'><strong>homo,</strong></span> <span class='ocrx_word' id='word_1_56' title='bbox 2043 922 2135 974; x_wconf 88' lang='lat' dir='ltr'><strong>sed</strong></span> 
     </span>
    </p>
   </div>
   <div class='ocr_carea' id='block_1_10' title="bbox 567 1004 2134 1074">
    <p class='ocr_par' dir='ltr' id='par_1_10' title="bbox 567 1004 2134 1074">
     <span class='ocr_line' id='line_1_10' title="bbox 567 1004 2134 1074; baseline 0.003 -17"><span class='ocrx_word' id='word_1_57' title='bbox 567 1020 670 1058; x_wconf 88' lang='lat' dir='ltr'><strong>non</strong></span> <span class='ocrx_word' id='word_1_58' title='bbox 697 1004 897 1059; x_wconf 90' lang='lat' dir='ltr'><strong>idcirco</strong></span> <span class='ocrx_word' id='word_1_59' title='bbox 931 1020 961 1058; x_wconf 90' lang='lat' dir='ltr'><strong>a</strong></span> <span class='ocrx_word' id='word_1_60' title='bbox 989 1005 1169 1059; x_wconf 85' lang='lat' dir='ltr'><strong>divina</strong></span> <span class='ocrx_word' id='word_1_61' title='bbox 1215 1005 1381 1074; x_wconf 79' lang='lat' dir='ltr'><strong>gloria</strong></span> <span class='ocrx_word' id='word_1_62' title='bbox 1422 1008 1644 1061; x_wconf 81' lang='lat' dir='ltr'><strong>excidit.</strong></span> <span class='ocrx_word' id='word_1_63' title='bbox 1679 1008 1951 1062; x_wconf 74' lang='lat' dir='ltr'><strong>Adoratur</strong></span> <span class='ocrx_word' id='word_1_64' title='bbox 1991 1010 2134 1064; x_wconf 90' lang='lat' dir='ltr'><strong>enim</strong></span> 
     </span>
    </p>
   </div>
   <div class='ocr_carea' id='block_1_11' title="bbox 565 1094 2136 1167">
    <p class='ocr_par' dir='ltr' id='par_1_11' title="bbox 565 1094 2136 1167">
     <span class='ocr_line' id='line_1_11' title="bbox 565 1094 2136 1167; baseline 0.005 -20"><span class='ocrx_word' id='word_1_65' title='bbox 565 1103 624 1148; x_wconf 84' lang='lat' dir='ltr'><strong>ut</strong></span> <span class='ocrx_word' id='word_1_66' title='bbox 649 1094 978 1163; x_wconf 74' lang='lat' dir='ltr'><strong>unigenitus,</strong></span> <span class='ocrx_word' id='word_1_67' title='bbox 1021 1096 1236 1150; x_wconf 81' lang='lat' dir='ltr'><strong>tametsi</strong></span> <span class='ocrx_word' id='word_1_68' title='bbox 1277 1107 1498 1150; x_wconf 79' lang='lat' dir='ltr'><strong>vocetur</strong></span> <span class='ocrx_word' id='word_1_69' title='bbox 1541 1097 1947 1167; x_wconf 68' lang='lat' dir='ltr'><strong>primogenitus.</strong></span> <span class='ocrx_word' id='word_1_70' title='bbox 1985 1099 2136 1167; x_wconf 86' lang='lat' dir='ltr'><strong>Quod</strong></span> 
     </span>
    </p>
   </div>
   <div class='ocr_carea' id='block_1_12' title="bbox 562 1185 2136 1259">
    <p class='ocr_par' dir='ltr' id='par_1_12' title="bbox 562 1185 2136 1259">
     <span class='ocr_line' id='line_1_12' title="bbox 562 1185 2136 1259; baseline 0.004 -21"><span class='ocrx_word' id='word_1_71' title='bbox 562 1185 782 1254; x_wconf 86' lang='lat' dir='ltr'><strong>quidem</strong></span> <span class='ocrx_word' id='word_1_72' title='bbox 811 1193 896 1240; x_wconf 85' lang='lat' dir='ltr'><strong>est</strong></span> <span class='ocrx_word' id='word_1_73' title='bbox 930 1185 1213 1240; x_wconf 81' lang='lat' dir='ltr'><strong>manifeste</strong></span> <span class='ocrx_word' id='word_1_74' title='bbox 1260 1187 1610 1242; x_wconf 84' lang='lat' dir='ltr'><strong>humanitatis</strong></span> <span class='ocrx_word' id='word_1_75' title='bbox 1645 1190 1937 1245; x_wconf 87' lang='lat' dir='ltr'><strong>conditioni</strong></span> <span class='ocrx_word' id='word_1_76' title='bbox 1975 1205 2136 1259; x_wconf 86' lang='lat' dir='ltr'><strong>quam</strong></span> 
     </span>
    </p>
   </div>
   <div class='ocr_carea' id='block_1_13' title="bbox 562 1275 1187 1330">
    <p class='ocr_par' dir='ltr' id='par_1_13' title="bbox 562 1275 1187 1330">
     <span class='ocr_line' id='line_1_13' title="bbox 562 1275 1187 1330; baseline -0.002 -1"><span class='ocrx_word' id='word_1_77' title='bbox 562 1276 802 1329; x_wconf 79' lang='lat' dir='ltr'><strong>maxime</strong></span> <span class='ocrx_word' id='word_1_78' title='bbox 835 1275 1187 1330; x_wconf 87' lang='lat' dir='ltr'><strong>conveniens.</strong></span> 
     </span>
    </p>
   </div>
   <div class='ocr_carea' id='block_1_14' title="bbox 635 1366 2136 1437">
    <p class='ocr_par' dir='ltr' id='par_1_14' title="bbox 635 1366 2136 1437">
     <span class='ocr_line' id='line_1_14' title="bbox 635 1366 2136 1437; baseline 0.003 -17"><span class='ocrx_word' id='word_1_79' title='bbox 635 1366 694 1420; x_wconf 87' lang='grc' dir='ltr'>Β.</span> <span class='ocrx_word' id='word_1_80' title='bbox 737 1368 879 1437; x_wconf 74' lang='lat' dir='ltr'><strong>Ergo</strong></span> <span class='ocrx_word' id='word_1_81' title='bbox 917 1378 973 1420; x_wconf 90' lang='lat' dir='ltr'><strong>ut</strong></span> <span class='ocrx_word' id='word_1_82' title='bbox 1005 1369 1275 1422; x_wconf 84' lang='lat' dir='ltr'><strong>hominem</strong></span> <span class='ocrx_word' id='word_1_83' title='bbox 1317 1368 1661 1422; x_wconf 88' lang='lat' dir='ltr'><strong>adorabimus</strong></span> <span class='ocrx_word' id='word_1_84' title='bbox 1711 1370 2136 1425; x_wconf 83' lang='lat' dir='ltr'><strong>Euuuanuelem.</strong></span> 
     </span>
    </p>
   </div>
   <div class='ocr_carea' id='block_1_15' title="bbox 635 1563 2139 1627">
    <p class='ocr_par' dir='ltr' id='par_1_15' title="bbox 635 1563 2139 1627">
     <span class='ocr_line' id='line_1_15' title="bbox 635 1563 2139 1627; baseline 0 -7"><span class='ocrx_word' id='word_1_85' title='bbox 635 1568 706 1620; x_wconf 79' lang='grc' dir='ltr'>Α.</span> <span class='ocrx_word' id='word_1_86' title='bbox 747 1565 922 1620; x_wconf 81' lang='lat' dir='ltr'><strong>Absit.</strong></span> <span class='ocrx_word' id='word_1_87' title='bbox 951 1563 1316 1618; x_wconf 73' lang='lat' dir='ltr'><strong>Vanissimum</strong></span> <span class='ocrx_word' id='word_1_88' title='bbox 1357 1563 1501 1616; x_wconf 89' lang='lat' dir='ltr'><strong>enim</strong></span> <span class='ocrx_word' id='word_1_89' title='bbox 1548 1563 1650 1618; x_wconf 89' lang='lat' dir='ltr'><strong>hoc</strong></span> <span class='ocrx_word' id='word_1_90' title='bbox 1691 1572 1794 1627; x_wconf 88' lang='lat' dir='ltr'><strong>est,</strong></span> <span class='ocrx_word' id='word_1_91' title='bbox 1840 1574 1894 1616; x_wconf 90' lang='lat' dir='ltr'><strong>et</strong></span> <span class='ocrx_word' id='word_1_92' title='bbox 1935 1563 2139 1620; x_wconf 79' lang='lat' dir='ltr'><strong>fraudis</strong></span> 
     </span>
    </p>
   </div>
   <div class='ocr_carea' id='block_1_16' title="bbox 563 1652 2136 1726">
    <p class='ocr_par' dir='ltr' id='par_1_16' title="bbox 563 1652 2136 1726">
     <span class='ocr_line' id='line_1_16' title="bbox 563 1652 2136 1726; baseline -0.003 -14"><span class='ocrx_word' id='word_1_93' title='bbox 563 1670 726 1726; x_wconf 81' lang='lat' dir='ltr'><strong>atque</strong></span> <span class='ocrx_word' id='word_1_94' title='bbox 778 1657 982 1710; x_wconf 89' lang='lat' dir='ltr'><strong>erroris</strong></span> <span class='ocrx_word' id='word_1_95' title='bbox 1029 1653 1424 1722; x_wconf 85' lang='lat' dir='ltr'><strong>plenissimum.</strong></span> <span class='ocrx_word' id='word_1_96' title='bbox 1479 1652 1608 1706; x_wconf 82' lang='lat' dir='ltr'><strong>Nam</strong></span> <span class='ocrx_word' id='word_1_97' title='bbox 1655 1655 1754 1706; x_wconf 89' lang='lat' dir='ltr'><strong>hoc</strong></span> <span class='ocrx_word' id='word_1_98' title='bbox 1797 1666 1956 1723; x_wconf 88' lang='lat' dir='ltr'><strong>pacto</strong></span> <span class='ocrx_word' id='word_1_99' title='bbox 2004 1657 2136 1709; x_wconf 84' lang='lat' dir='ltr'><strong>nihil</strong></span> 
     </span>
    </p>
   </div>
   <div class='ocr_carea' id='block_1_17' title="bbox 565 1745 2141 1814">
    <p class='ocr_par' dir='ltr' id='par_1_17' title="bbox 565 1745 2141 1814">
     <span class='ocr_line' id='line_1_17' title="bbox 565 1745 2141 1814; baseline -0.001 -13"><span class='ocrx_word' id='word_1_100' title='bbox 565 1747 875 1802; x_wconf 84' lang='lat' dir='ltr'><strong>diﬂ&#39;ercmus</strong></span> <span class='ocrx_word' id='word_1_101' title='bbox 907 1746 972 1799; x_wconf 89' lang='lat' dir='ltr'><strong>ab</strong></span> <span class='ocrx_word' id='word_1_102' title='bbox 1005 1746 1069 1799; x_wconf 91' lang='lat' dir='ltr'><strong>iis</strong></span> <span class='ocrx_word' id='word_1_103' title='bbox 1099 1746 1188 1814; x_wconf 88' lang='lat' dir='ltr'><strong>qui</strong></span> <span class='ocrx_word' id='word_1_104' title='bbox 1218 1753 1523 1798; x_wconf 81' lang='lat' dir='ltr'><strong>creaturam</strong></span> <span class='ocrx_word' id='word_1_105' title='bbox 1565 1745 1741 1812; x_wconf 85' lang='lat' dir='ltr'><strong>potius</strong></span> <span class='ocrx_word' id='word_1_106' title='bbox 1786 1760 1946 1813; x_wconf 88' lang='lat' dir='ltr'><strong>quam</strong></span> <span class='ocrx_word' id='word_1_107' title='bbox 1982 1745 2141 1800; x_wconf 85' lang='lat' dir='ltr'><strong>Crca-</strong></span> 
     </span>
    </p>
   </div>
   <div class='ocr_carea' id='block_1_18' title="bbox 563 1836 2136 1906">
    <p class='ocr_par' dir='ltr' id='par_1_18' title="bbox 563 1836 2136 1906">
     <span class='ocr_line' id='line_1_18' title="bbox 563 1836 2136 1906; baseline -0.004 -12"><span class='ocrx_word' id='word_1_108' title='bbox 563 1851 735 1895; x_wconf 86' lang='lat' dir='ltr'><strong>torem</strong></span> <span class='ocrx_word' id='word_1_109' title='bbox 767 1838 970 1901; x_wconf 90' lang='lat' dir='ltr'><strong>colunt,</strong></span> <span class='ocrx_word' id='word_1_110' title='bbox 1005 1837 1095 1906; x_wconf 90' lang='lat' dir='ltr'><strong>qui</strong></span> <span class='ocrx_word' id='word_1_111' title='bbox 1143 1836 1359 1905; x_wconf 89' lang='lat' dir='ltr'><strong>quidem</strong></span> <span class='ocrx_word' id='word_1_112' title='bbox 1401 1845 1808 1889; x_wconf 71' lang='lat' dir='ltr'><strong>commutarmit</strong></span> <span class='ocrx_word' id='word_1_113' title='bbox 1855 1837 2136 1890; x_wconf 71' lang='lat' dir='ltr'><strong>veritatem</strong></span> 
     </span>
    </p>
   </div>
   <div class='ocr_carea' id='block_1_19' title="bbox 2239 648 3826 721">
    <p class='ocr_par' dir='ltr' id='par_1_19' title="bbox 2239 648 3826 721">
     <span class='ocr_line' id='line_1_19' title="bbox 2239 648 3826 721; baseline 0.001 -19"><span class='ocrx_word' id='word_1_114' title='bbox 2239 651 2504 720; x_wconf 79' lang='grc' dir='ltr'>κουμένης</span> <span class='ocrx_word' id='word_1_115' title='bbox 2535 650 2751 718; x_wconf 82' lang='grc' dir='ltr'>ἁπάσης</span> <span class='ocrx_word' id='word_1_116' title='bbox 2776 648 3088 717; x_wconf 84' lang='grc' dir='ltr'>διενεγκὼν,</span> <span class='ocrx_word' id='word_1_117' title='bbox 3121 649 3225 715; x_wconf 72' lang='grc' dir='ltr'>ἔξω</span> <span class='ocrx_word' id='word_1_118' title='bbox 3257 665 3318 702; x_wconf 84' lang='grc' dir='ltr'><strong>τε</strong></span> <span class='ocrx_word' id='word_1_119' title='bbox 3359 648 3527 719; x_wconf 77' lang='grc' dir='ltr'>αὐτῆς</span> <span class='ocrx_word' id='word_1_120' title='bbox 3556 650 3826 721; x_wconf 77' lang='grc' dir='ltr'><strong>ὑπάρχων</strong></span> 
     </span>
    </p>
   </div>
   <div class='ocr_carea' id='block_1_20' title="bbox 2234 740 3826 812">
    <p class='ocr_par' dir='ltr' id='par_1_20' title="bbox 2234 740 3826 812">
     <span class='ocr_line' id='line_1_20' title="bbox 2234 740 3826 812; baseline -0.001 -19"><span class='ocrx_word' id='word_1_121' title='bbox 2234 741 2309 805; x_wconf 80' lang='grc' dir='ltr'>ὡς</span> <span class='ocrx_word' id='word_1_122' title='bbox 2335 742 2486 805; x_wconf 83' lang='grc' dir='ltr'>Θεὸς,</span> <span class='ocrx_word' id='word_1_123' title='bbox 2519 742 2837 812; x_wconf 77' lang='grc' dir='ltr'>εἰσϐἐὸηκεν</span> <span class='ocrx_word' id='word_1_124' title='bbox 2872 744 2950 804; x_wconf 86' lang='grc' dir='ltr'><strong>είς</strong></span> <span class='ocrx_word' id='word_1_125' title='bbox 2977 742 3167 810; x_wconf 76' lang='grc' dir='ltr'>αὐτὴν,</span> <span class='ocrx_word' id='word_1_126' title='bbox 3201 741 3366 812; x_wconf 82' lang='grc' dir='ltr'><strong>μέρος</strong></span> <span class='ocrx_word' id='word_1_127' title='bbox 3397 740 3604 810; x_wconf 80' lang='grc' dir='ltr'><strong>κόσμου</strong></span> <span class='ocrx_word' id='word_1_128' title='bbox 3635 757 3826 811; x_wconf 81' lang='grc' dir='ltr'>πεφη-</span> 
     </span>
    </p>
   </div>
   <div class='ocr_carea' id='block_1_21' title="bbox 2236 830 3827 902">
    <p class='ocr_par' dir='ltr' id='par_1_21' title="bbox 2236 830 3827 902">
     <span class='ocr_line' id='line_1_21' title="bbox 2236 830 3827 902; baseline 0.001 -19"><span class='ocrx_word' id='word_1_129' title='bbox 2236 831 2340 894; x_wconf 87' lang='grc' dir='ltr'><strong>νὼς</strong></span> <span class='ocrx_word' id='word_1_130' title='bbox 2389 831 2461 894; x_wconf 85' lang='grc' dir='ltr'>ὡς</span> <span class='ocrx_word' id='word_1_131' title='bbox 2507 832 2821 902; x_wconf 78' lang='grc' dir='ltr'>ἄνθρωπος,</span> <span class='ocrx_word' id='word_1_132' title='bbox 2873 832 3014 902; x_wconf 79' lang='grc' dir='ltr'>πλὴν</span> <span class='ocrx_word' id='word_1_133' title='bbox 3066 832 3127 884; x_wconf 83' lang='grc' dir='ltr'>οὐ</span> <span class='ocrx_word' id='word_1_134' title='bbox 3180 831 3268 884; x_wconf 82' lang='grc' dir='ltr'>διὰ</span> <span class='ocrx_word' id='word_1_135' title='bbox 3320 830 3477 884; x_wconf 84' lang='grc' dir='ltr'>τοῦτο</span> <span class='ocrx_word' id='word_1_136' title='bbox 3521 830 3624 900; x_wconf 84' lang='grc' dir='ltr'><strong>τῆς</strong></span> <span class='ocrx_word' id='word_1_137' title='bbox 3667 831 3827 894; x_wconf 88' lang='grc' dir='ltr'>θείας</span> 
     </span>
    </p>
   </div>
   <div class='ocr_carea' id='block_1_22' title="bbox 2236 923 3822 994">
    <p class='ocr_par' dir='ltr' id='par_1_22' title="bbox 2236 923 3822 994">
     <span class='ocr_line' id='line_1_22' title="bbox 2236 923 3822 994; baseline 0.001 -19"><span class='ocrx_word' id='word_1_138' title='bbox 2236 923 2512 976; x_wconf 83' lang='grc' dir='ltr'>ἀπώλισθε</span> <span class='ocrx_word' id='word_1_139' title='bbox 2553 924 2731 994; x_wconf 76' lang='grc' dir='ltr'>δόξης.</span> <span class='ocrx_word' id='word_1_140' title='bbox 2768 926 3162 994; x_wconf 87' lang='grc' dir='ltr'>Προσκυνείται</span> <span class='ocrx_word' id='word_1_141' title='bbox 3207 924 3316 993; x_wconf 87' lang='grc' dir='ltr'>γὰρ</span> <span class='ocrx_word' id='word_1_142' title='bbox 3363 924 3440 987; x_wconf 88' lang='grc' dir='ltr'><strong>ώς</strong></span> <span class='ocrx_word' id='word_1_143' title='bbox 3495 924 3822 993; x_wconf 81' lang='grc' dir='ltr'>μονογενὴς,</span> 
     </span>
    </p>
   </div>
   <div class='ocr_carea' id='block_1_23' title="bbox 2237 1013 3825 1086">
    <p class='ocr_par' dir='ltr' id='par_1_23' title="bbox 2237 1013 3825 1086">
     <span class='ocr_line' id='line_1_23' title="bbox 2237 1013 3825 1086; baseline 0.003 -22"><span class='ocrx_word' id='word_1_144' title='bbox 2237 1014 2330 1066; x_wconf 80' lang='grc' dir='ltr'><strong>καὶ</strong></span> <span class='ocrx_word' id='word_1_145' title='bbox 2356 1014 2404 1065; x_wconf 81' lang='grc' dir='ltr'><strong>εί</strong></span> <span class='ocrx_word' id='word_1_146' title='bbox 2433 1013 2651 1067; x_wconf 84' lang='grc' dir='ltr'><strong>καλοῖτο</strong></span> <span class='ocrx_word' id='word_1_147' title='bbox 2685 1015 3051 1085; x_wconf 84' lang='grc' dir='ltr'>πρωτότοκος.</span> <span class='ocrx_word' id='word_1_148' title='bbox 3087 1017 3224 1084; x_wconf 78' lang='grc' dir='ltr'>ὅπερ</span> <span class='ocrx_word' id='word_1_149' title='bbox 3253 1015 3402 1068; x_wconf 77' lang='grc' dir='ltr'>ἐστὶν</span> <span class='ocrx_word' id='word_1_150' title='bbox 3440 1015 3688 1086; x_wconf 77' lang='grc' dir='ltr'><strong>ἐναργῶς</strong></span> <span class='ocrx_word' id='word_1_151' title='bbox 3709 1019 3825 1079; x_wconf 77' lang='grc' dir='ltr'>τοῖς</span> 
     </span>
    </p>
   </div>
   <div class='ocr_carea' id='block_1_24' title="bbox 2236 1101 3679 1173">
    <p class='ocr_par' dir='ltr' id='par_1_24' title="bbox 2236 1101 3679 1173">
     <span class='ocr_line' id='line_1_24' title="bbox 2236 1101 3679 1173; baseline 0.002 -21"><span class='ocrx_word' id='word_1_152' title='bbox 2236 1102 2335 1173; x_wconf 84' lang='grc' dir='ltr'>τῆς</span> <span class='ocrx_word' id='word_1_153' title='bbox 2367 1101 2783 1172; x_wconf 85' lang='grc' dir='ltr'>ἀνθρωπότητος</span> <span class='ocrx_word' id='word_1_154' title='bbox 2813 1101 3036 1172; x_wconf 79' lang='grc' dir='ltr'><strong>μέτροις</strong></span> <span class='ocrx_word' id='word_1_155' title='bbox 3061 1101 3145 1154; x_wconf 83' lang='grc' dir='ltr'>ὅτι</span> <span class='ocrx_word' id='word_1_156' title='bbox 3180 1101 3416 1172; x_wconf 88' lang='grc' dir='ltr'>μάλιστα</span> <span class='ocrx_word' id='word_1_157' title='bbox 3448 1101 3679 1173; x_wconf 80' lang='grc' dir='ltr'><strong>πρέπον.</strong></span> 
     </span>
    </p>
   </div>
   <div class='ocr_carea' id='block_1_25' title="bbox 2310 1356 3827 1438">
    <p class='ocr_par' dir='ltr' id='par_1_25' title="bbox 2310 1356 3827 1438">
     <span class='ocr_line' id='line_1_25' title="bbox 2310 1356 3827 1438; baseline 0.006 -26"><span class='ocrx_word' id='word_1_158' title='bbox 2310 1362 2370 1415; x_wconf 84' lang='grc' dir='ltr'><strong>Β.</strong></span> <span class='ocrx_word' id='word_1_159' title='bbox 2396 1363 2517 1432; x_wconf 82' lang='lat' dir='ltr'><strong>&#39;Ap‘</strong></span> <span class='ocrx_word' id='word_1_160' title='bbox 2550 1356 2642 1414; x_wconf 81' lang='grc' dir='ltr'><strong>οὖν</strong></span> <span class='ocrx_word' id='word_1_161' title='bbox 2664 1362 2737 1424; x_wconf 85' lang='grc' dir='ltr'>ὡς</span> <span class='ocrx_word' id='word_1_162' title='bbox 2768 1361 3049 1430; x_wconf 76' lang='grc' dir='ltr'>ἄνθρωπον</span> <span class='ocrx_word' id='word_1_163' title='bbox 3078 1364 3531 1436; x_wconf 81' lang='grc' dir='ltr'><strong>προσκυνήσομεν</strong></span> <span class='ocrx_word' id='word_1_164' title='bbox 3565 1365 3656 1420; x_wconf 82' lang='grc' dir='ltr'>τὸν</span> <span class='ocrx_word' id='word_1_165' title='bbox 3691 1367 3827 1438; x_wconf 80' lang='grc' dir='ltr'><strong>Ἐμ-</strong></span> 
     </span>
    </p>
   </div>
   <div class='ocr_carea' id='block_1_26' title="bbox 2241 1453 2502 1522">
    <p class='ocr_par' dir='ltr' id='par_1_26' title="bbox 2241 1453 2502 1522">
     <span class='ocr_line' id='line_1_26' title="bbox 2241 1453 2502 1522; baseline 0.008 -18"><span class='ocrx_word' id='word_1_166' title='bbox 2241 1453 2502 1522; x_wconf 79' lang='grc' dir='ltr'>μανουὴλ,</span> 
     </span>
    </p>
   </div>
   <div class='ocr_carea' id='block_1_27' title="bbox 2307 1544 3825 1619">
    <p class='ocr_par' dir='ltr' id='par_1_27' title="bbox 2307 1544 3825 1619">
     <span class='ocr_line' id='line_1_27' title="bbox 2307 1544 3825 1619; baseline 0.004 -23"><span class='ocrx_word' id='word_1_167' title='bbox 2307 1546 2370 1596; x_wconf 85' lang='grc' dir='ltr'>Δ.</span> <span class='ocrx_word' id='word_1_168' title='bbox 2412 1545 2500 1615; x_wconf 82' lang='grc' dir='ltr'><strong>Μὴ</strong></span> <span class='ocrx_word' id='word_1_169' title='bbox 2534 1544 2762 1612; x_wconf 82' lang='grc' dir='ltr'>γένοιτο.</span> <span class='ocrx_word' id='word_1_170' title='bbox 2795 1546 2972 1615; x_wconf 81' lang='grc' dir='ltr'>Λῆρος</span> <span class='ocrx_word' id='word_1_171' title='bbox 3006 1545 3106 1616; x_wconf 69' lang='grc' dir='ltr'><strong>ἤδη</strong></span> <span class='ocrx_word' id='word_1_172' title='bbox 3139 1547 3310 1610; x_wconf 73' lang='grc' dir='ltr'>τουτὶ,</span> <span class='ocrx_word' id='word_1_173' title='bbox 3343 1549 3436 1600; x_wconf 77' lang='grc' dir='ltr'><strong>καὶ</strong></span> <span class='ocrx_word' id='word_1_174' title='bbox 3473 1548 3684 1619; x_wconf 75' lang='grc' dir='ltr'>ἀπάτη.</span> <span class='ocrx_word' id='word_1_175' title='bbox 3727 1551 3825 1605; x_wconf 80' lang='grc' dir='ltr'>καὶ</span> 
     </span>
    </p>
   </div>
   <div class='ocr_carea' id='block_1_28' title="bbox 2239 1636 3827 1712">
    <p class='ocr_par' dir='ltr' id='par_1_28' title="bbox 2239 1636 3827 1712">
     <span class='ocr_line' id='line_1_28' title="bbox 2239 1636 3827 1712; baseline 0.005 -24"><span class='ocrx_word' id='word_1_176' title='bbox 2239 1636 2520 1705; x_wconf 78' lang='grc' dir='ltr'>πλάνησις.</span> <span class='ocrx_word' id='word_1_177' title='bbox 2563 1637 2845 1707; x_wconf 85' lang='grc' dir='ltr'>Διοίσομεν</span> <span class='ocrx_word' id='word_1_178' title='bbox 2895 1637 2952 1690; x_wconf 80' lang='grc' dir='ltr'>δὲ</span> <span class='ocrx_word' id='word_1_179' title='bbox 2999 1641 3120 1690; x_wconf 86' lang='grc' dir='ltr'>κατ’</span> <span class='ocrx_word' id='word_1_180' title='bbox 3152 1639 3303 1692; x_wconf 73' lang='grc' dir='ltr'>οὐδὲν</span> <span class='ocrx_word' id='word_1_181' title='bbox 3363 1639 3473 1691; x_wconf 90' lang='grc' dir='ltr'><strong>τῶν</strong></span> <span class='ocrx_word' id='word_1_182' title='bbox 3542 1644 3607 1712; x_wconf 84' lang='grc' dir='ltr'>τῇ</span> <span class='ocrx_word' id='word_1_183' title='bbox 3644 1642 3827 1697; x_wconf 82' lang='grc' dir='ltr'>κτίσει</span> 
     </span>
    </p>
   </div>
   <div class='ocr_carea' id='block_1_29' title="bbox 2237 1726 3828 1802">
    <p class='ocr_par' dir='ltr' id='par_1_29' title="bbox 2237 1726 3828 1802">
     <span class='ocr_line' id='line_1_29' title="bbox 2237 1726 3828 1802; baseline 0.006 -25"><span class='ocrx_word' id='word_1_184' title='bbox 2237 1726 2673 1797; x_wconf 85' lang='grc' dir='ltr'>λελατρευκότων</span> <span class='ocrx_word' id='word_1_185' title='bbox 2724 1729 2876 1799; x_wconf 85' lang='grc' dir='ltr'><strong>παρά</strong></span> <span class='ocrx_word' id='word_1_186' title='bbox 2918 1728 3011 1780; x_wconf 78' lang='grc' dir='ltr'><strong>τὸν</strong></span> <span class='ocrx_word' id='word_1_187' title='bbox 3043 1730 3285 1800; x_wconf 81' lang='grc' dir='ltr'>Κτίστην</span> <span class='ocrx_word' id='word_1_188' title='bbox 3331 1731 3422 1782; x_wconf 71' lang='grc' dir='ltr'><strong>καὶ</strong></span> <span class='ocrx_word' id='word_1_189' title='bbox 3452 1731 3704 1802; x_wconf 78' lang='grc' dir='ltr'>Ποιητὴν,</span> <span class='ocrx_word' id='word_1_190' title='bbox 3743 1735 3828 1786; x_wconf 77' lang='grc' dir='ltr'><strong>οἵ·</strong></span> 
     </span>
    </p>
   </div>
   <div class='ocr_carea' id='block_1_30' title="bbox 2238 1819 3829 1895">
    <p class='ocr_par' dir='ltr' id='par_1_30' title="bbox 2238 1819 3829 1895">
     <span class='ocr_line' id='line_1_30' title="bbox 2238 1819 3829 1895; baseline 0.004 -25"><span class='ocrx_word' id='word_1_191' title='bbox 2238 1835 2381 1881; x_wconf 85' lang='grc' dir='ltr'>τινες</span> <span class='ocrx_word' id='word_1_192' title='bbox 2431 1819 2771 1888; x_wconf 77' lang='grc' dir='ltr'><strong>μετήλλαξαν</strong></span> <span class='ocrx_word' id='word_1_193' title='bbox 2821 1819 2918 1890; x_wconf 73' lang='grc' dir='ltr'>τὴν</span> <span class='ocrx_word' id='word_1_194' title='bbox 2979 1819 3234 1890; x_wconf 81' lang='grc' dir='ltr'>ἀλήθειαν</span> <span class='ocrx_word' id='word_1_195' title='bbox 3283 1822 3376 1874; x_wconf 88' lang='grc' dir='ltr'><strong>τοῦ</strong></span> <span class='ocrx_word' id='word_1_196' title='bbox 3429 1821 3566 1875; x_wconf 82' lang='grc' dir='ltr'><strong>Θεοῦ</strong></span> <span class='ocrx_word' id='word_1_197' title='bbox 3631 1825 3689 1876; x_wconf 82' lang='grc' dir='ltr'>ὲν</span> <span class='ocrx_word' id='word_1_198' title='bbox 3745 1825 3829 1895; x_wconf 86' lang='grc' dir='ltr'>τῷ</span> 
     </span>
    </p>
   </div>
   <div class='ocr_carea' id='block_1_31' title="bbox 565 1908 2137 1995">
    <p class='ocr_par' dir='ltr' id='par_1_31' title="bbox 565 1926 2136 1995">
     <span class='ocr_line' id='line_1_31' title="bbox 565 1926 2136 1995; baseline -0.006 -8"><span class='ocrx_word' id='word_1_199' title='bbox 565 1934 656 1987; x_wconf 87' lang='lat' dir='ltr'><strong>Dei</strong></span> <span class='ocrx_word' id='word_1_200' title='bbox 695 1933 744 1986; x_wconf 89' lang='lat' dir='ltr'><strong>in</strong></span> <span class='ocrx_word' id='word_1_201' title='bbox 783 1929 1146 1994; x_wconf 85' lang='lat' dir='ltr'><strong>mendacium,</strong></span> <span class='ocrx_word' id='word_1_202' title='bbox 1193 1927 1336 1981; x_wconf 90' lang='lat' dir='ltr'><strong>sicut</strong></span> <span class='ocrx_word' id='word_1_203' title='bbox 1376 1927 1632 1995; x_wconf 86' lang='lat' dir='ltr'><strong>scriptum</strong></span> <span class='ocrx_word' id='word_1_204' title='bbox 1675 1926 1848 1979; x_wconf 73' lang='lat' dir='ltr'><strong>est“.</strong></span> <span class='ocrx_word' id='word_1_205' title='bbox 1898 1927 2136 1993; x_wconf 89' lang='lat' dir='ltr'><strong>Quorum</strong></span> 
     </span>
    </p>
   </div>
   <div class='ocr_carea' id='block_1_32' title="bbox 2242 1908 3830 1995">
    <p class='ocr_par' dir='ltr' id='par_1_32' title="bbox 2242 1908 3830 1986">
     <span class='ocr_line' id='line_1_32' title="bbox 2242 1908 3830 1986; baseline 0.005 -24"><span class='ocrx_word' id='word_1_206' title='bbox 2242 1909 2448 1979; x_wconf 61' lang='grc' dir='ltr'>ψεύδει,</span> <span class='ocrx_word' id='word_1_207' title='bbox 2485 1910 2625 1964; x_wconf 80' lang='grc' dir='ltr'><strong>κατά</strong></span> <span class='ocrx_word' id='word_1_208' title='bbox 2673 1910 2735 1963; x_wconf 84' lang='grc' dir='ltr'><strong>τὸ</strong></span> <span class='ocrx_word' id='word_1_209' title='bbox 2778 1912 3185 1982; x_wconf 78' lang='grc' dir='ltr'>γεγραμμένον,</span> <span class='ocrx_word' id='word_1_210' title='bbox 3216 1908 3298 1975; x_wconf 75' lang='grc' dir='ltr'>οἷς</span> <span class='ocrx_word' id='word_1_211' title='bbox 3350 1915 3398 1966; x_wconf 89' lang='grc' dir='ltr'>εἰ</span> <span class='ocrx_word' id='word_1_212' title='bbox 3449 1916 3830 1986; x_wconf 82' lang='grc' dir='ltr'>φρονήσαιμεν</span> 
     </span>
    </p>
   </div>
   <div class='ocr_carea' id='block_1_33' title="bbox 562 2001 2138 2088">
    <p class='ocr_par' dir='ltr' id='par_1_33' title="bbox 562 2001 2138 2088">
     <span class='ocr_line' id='line_1_33' title="bbox 562 2001 2138 2088; baseline -0.004 -9"><span class='ocrx_word' id='word_1_213' title='bbox 562 2023 883 2080; x_wconf 83' lang='lat' dir='ltr'><strong>sententiam</strong></span> <span class='ocrx_word' id='word_1_214' title='bbox 934 2023 978 2076; x_wconf 89' lang='lat' dir='ltr'><strong>si</strong></span> <span class='ocrx_word' id='word_1_215' title='bbox 1017 2001 1490 2088; x_wconf 60' lang='lat' dir='ltr'><strong>nos&#39;sequamur,</strong></span> <span class='ocrx_word' id='word_1_216' title='bbox 1535 2033 1639 2071; x_wconf 89' lang='lat' dir='ltr'><strong>una</strong></span> <span class='ocrx_word' id='word_1_217' title='bbox 1687 2018 1849 2071; x_wconf 83' lang='lat' dir='ltr'><strong>etiam</strong></span> <span class='ocrx_word' id='word_1_218' title='bbox 1895 2034 2015 2071; x_wconf 83' lang='lat' dir='ltr'><strong>Clllll</strong></span> <span class='ocrx_word' id='word_1_219' title='bbox 2059 2021 2138 2073; x_wconf 89' lang='lat' dir='ltr'><strong>eis</strong></span> 
     </span>
    </p>
   </div>
   <div class='ocr_carea' id='block_1_34' title="bbox 563 2107 2135 2176">
    <p class='ocr_par' dir='ltr' id='par_1_34' title="bbox 563 2107 2135 2176">
     <span class='ocr_line' id='line_1_34' title="bbox 563 2107 2135 2176; baseline -0.003 -9"><span class='ocrx_word' id='word_1_220' title='bbox 563 2115 844 2169; x_wconf 81' lang='lat' dir='ltr'><strong>audiemus</strong></span> <span class='ocrx_word' id='word_1_221' title='bbox 871 2127 888 2164; x_wconf 83' lang='lat'><strong>:</strong></span> <span class='ocrx_word' id='word_1_222' title='bbox 925 2130 944 2162; x_wconf 83' lang='grc'><strong><em>‹</em></strong></span> <span class='ocrx_word' id='word_1_223' title='bbox 986 2111 1234 2164; x_wconf 86' lang='lat' dir='ltr'><strong>Dicentes</strong></span> <span class='ocrx_word' id='word_1_224' title='bbox 1261 2123 1318 2162; x_wconf 91' lang='lat' dir='ltr'><strong>se</strong></span> <span class='ocrx_word' id='word_1_225' title='bbox 1347 2122 1469 2161; x_wconf 91' lang='lat' dir='ltr'><strong>esse</strong></span> <span class='ocrx_word' id='word_1_226' title='bbox 1496 2107 1790 2176; x_wconf 88' lang='lat' dir='ltr'><strong>sapientes,</strong></span> <span class='ocrx_word' id='word_1_227' title='bbox 1822 2107 1969 2161; x_wconf 87' lang='lat' dir='ltr'><strong>stulti</strong></span> <span class='ocrx_word' id='word_1_228' title='bbox 2010 2107 2135 2162; x_wconf 78' lang='lat' dir='ltr'><strong>facti</strong></span> 
     </span>
    </p>
   </div>
   <div class='ocr_carea' id='block_1_35' title="bbox 564 2197 2138 2268">
    <p class='ocr_par' dir='ltr' id='par_1_35' title="bbox 564 2197 2138 2268">
     <span class='ocr_line' id='line_1_35' title="bbox 564 2197 2138 2268; baseline -0.005 -10"><span class='ocrx_word' id='word_1_229' title='bbox 564 2214 707 2268; x_wconf 89' lang='lat' dir='ltr'><strong>sunt,</strong></span> <span class='ocrx_word' id='word_1_230' title='bbox 745 2212 800 2255; x_wconf 89' lang='lat' dir='ltr'><strong>et</strong></span> <span class='ocrx_word' id='word_1_231' title='bbox 828 2207 1172 2254; x_wconf 83' lang='lat' dir='ltr'><strong>mutaverunt</strong></span> <span class='ocrx_word' id='word_1_232' title='bbox 1218 2198 1443 2266; x_wconf 71' lang='lat' dir='ltr'><strong>gloriam</strong></span> <span class='ocrx_word' id='word_1_233' title='bbox 1489 2197 1918 2266; x_wconf 84' lang='lat' dir='ltr'><strong>incorruptibilis</strong></span> <span class='ocrx_word' id='word_1_234' title='bbox 1952 2197 2044 2252; x_wconf 88' lang='lat' dir='ltr'><strong>Dei</strong></span> <span class='ocrx_word' id='word_1_235' title='bbox 2083 2197 2138 2251; x_wconf 89' lang='lat' dir='ltr'><strong>in</strong></span> 
     </span>
    </p>
   </div>
   <div class='ocr_carea' id='block_1_36' title="bbox 562 2288 2140 2359">
    <p class='ocr_par' dir='ltr' id='par_1_36' title="bbox 562 2288 2140 2359">
     <span class='ocr_line' id='line_1_36' title="bbox 562 2288 2140 2359; baseline -0.004 -10"><span class='ocrx_word' id='word_1_236' title='bbox 562 2295 971 2350; x_wconf 82' lang='lat' dir='ltr'><strong>similitudinem</strong></span> <span class='ocrx_word' id='word_1_237' title='bbox 1035 2289 1286 2359; x_wconf 80' lang='lat' dir='ltr'><strong>imaginis</strong></span> <span class='ocrx_word' id='word_1_238' title='bbox 1335 2288 1700 2357; x_wconf 78' lang='lat' dir='ltr'><strong>corruptibilis</strong></span> <span class='ocrx_word' id='word_1_239' title='bbox 1761 2290 2031 2351; x_wconf 86' lang='lat' dir='ltr'><strong>hominis,</strong></span> <span class='ocrx_word' id='word_1_240' title='bbox 2087 2298 2140 2343; x_wconf 86' lang='lat' dir='ltr'><strong>ct</strong></span> 
     </span>
    </p>
   </div>
   <div class='ocr_carea' id='block_1_37' title="bbox 565 2379 2137 2459">
    <p class='ocr_par' dir='ltr' id='par_1_37' title="bbox 565 2379 2137 2459">
     <span class='ocr_line' id='line_1_37' title="bbox 565 2379 2137 2459; baseline -0.004 -19"><span class='ocrx_word' id='word_1_241' title='bbox 565 2385 1008 2459; x_wconf 85' lang='lat' dir='ltr'><strong>quadrupedum,</strong></span> <span class='ocrx_word' id='word_1_242' title='bbox 1037 2390 1090 2437; x_wconf 90' lang='lat' dir='ltr'><strong>et</strong></span> <span class='ocrx_word' id='word_1_243' title='bbox 1123 2380 1453 2449; x_wconf 89' lang='lat' dir='ltr'><strong>serpentium</strong></span> <span class='ocrx_word' id='word_1_244' title='bbox 1481 2380 1547 2434; x_wconf 79' lang='grc'>⁷⁸.</span> <span class='ocrx_word' id='word_1_245' title='bbox 1583 2399 1600 2430; x_wconf 75' lang='grc' dir='ltr'>ι</span> <span class='ocrx_word' id='word_1_246' title='bbox 1639 2381 1793 2451; x_wconf 81' lang='lat'><strong>701</strong></span> <span class='ocrx_word' id='word_1_247' title='bbox 1835 2379 1948 2434; x_wconf 87' lang='lat' dir='ltr'><strong>Non</strong></span> <span class='ocrx_word' id='word_1_248' title='bbox 1993 2381 2137 2434; x_wconf 86' lang='lat' dir='ltr'><strong>enim</strong></span> 
     </span>
    </p>
   </div>
   <div class='ocr_carea' id='block_1_38' title="bbox 560 2472 2140 2543">
    <p class='ocr_par' dir='ltr' id='par_1_38' title="bbox 560 2472 2140 2543">
     <span class='ocr_line' id='line_1_38' title="bbox 560 2472 2140 2543; baseline -0.004 -9"><span class='ocrx_word' id='word_1_249' title='bbox 560 2481 720 2534; x_wconf 86' lang='lat' dir='ltr'><strong>etiam</strong></span> <span class='ocrx_word' id='word_1_250' title='bbox 741 2493 835 2531; x_wconf 90' lang='lat' dir='ltr'><strong>nos</strong></span> <span class='ocrx_word' id='word_1_251' title='bbox 852 2473 1178 2543; x_wconf 84' lang='lat' dir='ltr'><strong>ejusccmodi</strong></span> <span class='ocrx_word' id='word_1_252' title='bbox 1197 2473 1423 2536; x_wconf 88' lang='lat' dir='ltr'><strong>erimus,</strong></span> <span class='ocrx_word' id='word_1_253' title='bbox 1439 2472 1624 2526; x_wconf 90' lang='lat' dir='ltr'><strong>eadem</strong></span> <span class='ocrx_word' id='word_1_254' title='bbox 1643 2488 1760 2542; x_wconf 70' lang='lat' dir='ltr'><strong>qua:</strong></span> <span class='ocrx_word' id='word_1_255' title='bbox 1781 2474 1851 2526; x_wconf 93' lang='lat' dir='ltr'><strong>illi</strong></span> <span class='ocrx_word' id='word_1_256' title='bbox 1880 2473 2140 2528; x_wconf 79' lang='lat' dir='ltr'><strong>facientes</strong></span> 
     </span>
    </p>
   </div>
   <div class='ocr_carea' id='block_1_39' title="bbox 561 2562 2138 2633">
    <p class='ocr_par' dir='ltr' id='par_1_39' title="bbox 561 2562 2138 2633">
     <span class='ocr_line' id='line_1_39' title="bbox 561 2562 2138 2633; baseline -0.003 -11"><span class='ocrx_word' id='word_1_257' title='bbox 561 2586 624 2624; x_wconf 86' lang='lat' dir='ltr'><strong>ac</strong></span> <span class='ocrx_word' id='word_1_258' title='bbox 641 2566 975 2622; x_wconf 83' lang='lat' dir='ltr'><strong>sentientes?</strong></span> <span class='ocrx_word' id='word_1_259' title='bbox 1001 2575 1046 2617; x_wconf 89' lang='lat' dir='ltr'><strong>cI</strong></span> <span class='ocrx_word' id='word_1_260' title='bbox 1071 2563 1294 2633; x_wconf 80' lang='lat' dir='ltr'><strong>gloriam</strong></span> <span class='ocrx_word' id='word_1_261' title='bbox 1310 2563 1403 2616; x_wconf 89' lang='lat' dir='ltr'><strong>Dei</strong></span> <span class='ocrx_word' id='word_1_262' title='bbox 1435 2562 1487 2615; x_wconf 89' lang='lat' dir='ltr'><strong>in</strong></span> <span class='ocrx_word' id='word_1_263' title='bbox 1514 2563 1848 2617; x_wconf 85' lang='lat' dir='ltr'><strong>mendacium</strong></span> <span class='ocrx_word' id='word_1_264' title='bbox 1870 2574 2138 2619; x_wconf 88' lang='lat' dir='ltr'><strong>mutantes</strong></span> 
     </span>
    </p>
   </div>
   <div class='ocr_carea' id='block_1_40' title="bbox 564 2654 2132 2724">
    <p class='ocr_par' dir='ltr' id='par_1_40' title="bbox 564 2654 2132 2724">
     <span class='ocr_line' id='line_1_40' title="bbox 564 2654 2132 2724; baseline -0.005 -10"><span class='ocrx_word' id='word_1_265' title='bbox 564 2663 617 2714; x_wconf 86' lang='lat' dir='ltr'><strong>in</strong></span> <span class='ocrx_word' id='word_1_266' title='bbox 666 2659 1073 2714; x_wconf 84' lang='lat' dir='ltr'><strong>similitudinem</strong></span> <span class='ocrx_word' id='word_1_267' title='bbox 1131 2655 1381 2724; x_wconf 80' lang='lat' dir='ltr'><strong>imaginis</strong></span> <span class='ocrx_word' id='word_1_268' title='bbox 1443 2654 1811 2722; x_wconf 79' lang='lat' dir='ltr'><strong>corruptibilis</strong></span> <span class='ocrx_word' id='word_1_269' title='bbox 1863 2655 2132 2720; x_wconf 86' lang='lat' dir='ltr'><strong>hominis,</strong></span> 
     </span>
    </p>
   </div>
   <div class='ocr_carea' id='block_1_41' title="bbox 563 2741 2139 2819">
    <p class='ocr_par' dir='ltr' id='par_1_41' title="bbox 563 2741 2139 2819">
     <span class='ocr_line' id='line_1_41' title="bbox 563 2741 2139 2819; baseline -0.004 -16"><span class='ocrx_word' id='word_1_270' title='bbox 563 2761 820 2819; x_wconf 86' lang='lat' dir='ltr'><strong>tauquam</strong></span> <span class='ocrx_word' id='word_1_271' title='bbox 851 2745 994 2800; x_wconf 90' lang='lat' dir='ltr'><strong>nudo</strong></span> <span class='ocrx_word' id='word_1_272' title='bbox 1021 2742 1248 2807; x_wconf 91' lang='lat' dir='ltr'><strong>homini,</strong></span> <span class='ocrx_word' id='word_1_273' title='bbox 1279 2752 1439 2810; x_wconf 89' lang='lat' dir='ltr'><strong>atque</strong></span> <span class='ocrx_word' id='word_1_274' title='bbox 1464 2741 1551 2794; x_wconf 87' lang='lat' dir='ltr'><strong>uni</strong></span> <span class='ocrx_word' id='word_1_275' title='bbox 1585 2756 1648 2794; x_wconf 68' lang='lat' dir='ltr'><strong>et</strong></span> <span class='ocrx_word' id='word_1_276' title='bbox 1681 2742 1834 2795; x_wconf 90' lang='lat' dir='ltr'><strong>nobis</strong></span> <span class='ocrx_word' id='word_1_277' title='bbox 1865 2741 2139 2796; x_wconf 82' lang='lat' dir='ltr'><strong>adoratio-</strong></span> 
     </span>
    </p>
   </div>
   <div class='ocr_carea' id='block_1_42' title="bbox 564 2830 1437 2892">
    <p class='ocr_par' dir='ltr' id='par_1_42' title="bbox 564 2830 1437 2892">
     <span class='ocr_line' id='line_1_42' title="bbox 564 2830 1437 2892; baseline -0.009 0"><span class='ocrx_word' id='word_1_278' title='bbox 564 2853 687 2892; x_wconf 85' lang='lat' dir='ltr'><strong>nem</strong></span> <span class='ocrx_word' id='word_1_279' title='bbox 724 2835 1030 2889; x_wconf 75' lang='lat' dir='ltr'><strong>deferenius</strong></span> <span class='ocrx_word' id='word_1_280' title='bbox 1055 2830 1391 2886; x_wconf 82' lang='lat' dir='ltr'><strong>Emmanueli</strong></span> <span class='ocrx_word' id='word_1_281' title='bbox 1415 2830 1437 2884; x_wconf 85' lang='lat'><strong>?</strong></span> 
     </span>
    </p>
   </div>
   <div class='ocr_carea' id='block_1_43' title="bbox 631 2925 974 2981">
    <p class='ocr_par' dir='ltr' id='par_1_43' title="bbox 631 2925 974 2981">
     <span class='ocr_line' id='line_1_43' title="bbox 631 2925 974 2981; baseline -0.006 -1"><span class='ocrx_word' id='word_1_282' title='bbox 631 2926 694 2980; x_wconf 84' lang='grc' dir='ltr'>Β.</span> <span class='ocrx_word' id='word_1_283' title='bbox 725 2925 974 2981; x_wconf 88' lang='lat' dir='ltr'><strong>Omnino.</strong></span> 
     </span>
    </p>
   </div>
   <div class='ocr_carea' id='block_1_44' title="bbox 632 3012 2140 3086">
    <p class='ocr_par' dir='ltr' id='par_1_44' title="bbox 632 3012 2140 3086">
     <span class='ocr_line' id='line_1_44' title="bbox 632 3012 2140 3086; baseline -0.001 -14"><span class='ocrx_word' id='word_1_284' title='bbox 632 3021 698 3072; x_wconf 81' lang='grc' dir='ltr'>Α.</span> <span class='ocrx_word' id='word_1_285' title='bbox 740 3016 933 3072; x_wconf 80' lang='lat' dir='ltr'><strong>Nonne</strong></span> <span class='ocrx_word' id='word_1_286' title='bbox 966 3029 1092 3070; x_wconf 82' lang='lat' dir='ltr'><strong>vero</strong></span> <span class='ocrx_word' id='word_1_287' title='bbox 1123 3013 1286 3072; x_wconf 90' lang='lat' dir='ltr'><strong>etiam</strong></span> <span class='ocrx_word' id='word_1_288' title='bbox 1340 3012 1576 3069; x_wconf 74' lang='lat' dir='ltr'><strong>coalestis</strong></span> <span class='ocrx_word' id='word_1_289' title='bbox 1617 3013 1927 3086; x_wconf 74' lang='lat' dir='ltr'><strong>angelorum</strong></span> <span class='ocrx_word' id='word_1_290' title='bbox 1969 3023 2140 3071; x_wconf 66' lang='lat' dir='ltr'><strong>matus</strong></span> 
     </span>
    </p>
   </div>
   <div class='ocr_carea' id='block_1_45' title="bbox 561 3107 1833 3177">
    <p class='ocr_par' dir='ltr' id='par_1_45' title="bbox 561 3107 1833 3177">
     <span class='ocr_line' id='line_1_45' title="bbox 561 3107 1833 3177; baseline -0.005 -11"><span class='ocrx_word' id='word_1_291' title='bbox 561 3111 750 3166; x_wconf 78' lang='lat' dir='ltr'><strong>eadem</strong></span> <span class='ocrx_word' id='word_1_292' title='bbox 794 3124 898 3177; x_wconf 86' lang='lat' dir='ltr'><strong>qua</strong></span> <span class='ocrx_word' id='word_1_293' title='bbox 940 3107 1013 3161; x_wconf 87' lang='lat' dir='ltr'><strong>illi</strong></span> <span class='ocrx_word' id='word_1_294' title='bbox 1042 3107 1248 3162; x_wconf 88' lang='lat' dir='ltr'><strong>insania</strong></span> <span class='ocrx_word' id='word_1_295' title='bbox 1280 3107 1527 3160; x_wconf 84' lang='lat' dir='ltr'><strong>laborare</strong></span> <span class='ocrx_word' id='word_1_296' title='bbox 1568 3107 1774 3161; x_wconf 87' lang='lat' dir='ltr'><strong>dicetur</strong></span> <span class='ocrx_word' id='word_1_297' title='bbox 1810 3108 1833 3160; x_wconf 72' lang='grc' dir='ltr'><strong>’ἓ</strong></span> 
     </span>
    </p>
   </div>
   <div class='ocr_carea' id='block_1_46' title="bbox 559 3199 1122 3268">
    <p class='ocr_par' dir='ltr' id='par_1_46' title="bbox 559 3199 1122 3268">
     <span class='ocr_line' id='line_1_46' title="bbox 559 3199 1122 3268; baseline -0.007 -15"><span class='ocrx_word' id='word_1_298' title='bbox 559 3199 580 3213; x_wconf 79' lang='lat'><strong>‘</strong></span> <span class='ocrx_word' id='word_1_299' title='bbox 631 3199 694 3254; x_wconf 77' lang='grc' dir='ltr'>Β.</span> <span class='ocrx_word' id='word_1_300' title='bbox 735 3200 814 3252; x_wconf 86' lang='lat' dir='ltr'><strong>[ta</strong></span> <span class='ocrx_word' id='word_1_301' title='bbox 855 3199 1122 3268; x_wconf 76' lang='lat' dir='ltr'><strong>profecto;</strong></span> 
     </span>
    </p>
   </div>
   <div class='ocr_carea' id='block_1_47' title="bbox 631 3285 2140 3357">
    <p class='ocr_par' dir='ltr' id='par_1_47' title="bbox 631 3285 2140 3357">
     <span class='ocr_line' id='line_1_47' title="bbox 631 3285 2140 3357; baseline -0.003 -11"><span class='ocrx_word' id='word_1_302' title='bbox 631 3291 701 3346; x_wconf 83' lang='grc' dir='ltr'>Δ.</span> <span class='ocrx_word' id='word_1_303' title='bbox 742 3290 882 3357; x_wconf 83' lang='lat' dir='ltr'><strong>Quin</strong></span> <span class='ocrx_word' id='word_1_304' title='bbox 938 3299 993 3342; x_wconf 88' lang='lat' dir='ltr'><strong>et</strong></span> <span class='ocrx_word' id='word_1_305' title='bbox 1073 3287 1310 3356; x_wconf 66' lang='lat' dir='ltr'><strong>gentium</strong></span> <span class='ocrx_word' id='word_1_306' title='bbox 1389 3286 1544 3340; x_wconf 84' lang='lat' dir='ltr'><strong>turba</strong></span> <span class='ocrx_word' id='word_1_307' title='bbox 1625 3285 2020 3352; x_wconf 80' lang='lat' dir='ltr'><strong>inevitabilem,</strong></span> <span class='ocrx_word' id='word_1_308' title='bbox 2083 3298 2140 3342; x_wconf 91' lang='lat' dir='ltr'><strong>ut</strong></span> 
     </span>
    </p>
   </div>
   <div class='ocr_carea' id='block_1_48' title="bbox 561 3377 2138 3445">
    <p class='ocr_par' dir='ltr' id='par_1_48' title="bbox 561 3377 2138 3445">
     <span class='ocr_line' id='line_1_48' title="bbox 561 3377 2138 3445; baseline -0.004 -7"><span class='ocrx_word' id='word_1_309' title='bbox 561 3383 819 3445; x_wconf 88' lang='lat' dir='ltr'><strong>arbitror,</strong></span> <span class='ocrx_word' id='word_1_310' title='bbox 843 3379 1044 3435; x_wconf 88' lang='lat' dir='ltr'><strong>erroris</strong></span> <span class='ocrx_word' id='word_1_311' title='bbox 1075 3378 1468 3433; x_wconf 87' lang='lat' dir='ltr'><strong>accusationem</strong></span> <span class='ocrx_word' id='word_1_312' title='bbox 1501 3379 1759 3442; x_wconf 90' lang='lat' dir='ltr'><strong>incurret,</strong></span> <span class='ocrx_word' id='word_1_313' title='bbox 1790 3385 1845 3432; x_wconf 88' lang='lat' dir='ltr'><strong>et</strong></span> <span class='ocrx_word' id='word_1_314' title='bbox 1876 3377 2138 3433; x_wconf 87' lang='lat' dir='ltr'><strong>ineluihili</strong></span> 
     </span>
    </p>
   </div>
   <div class='ocr_carea' id='block_1_49' title="bbox 559 3468 2138 3543">
    <p class='ocr_par' dir='ltr' id='par_1_49' title="bbox 559 3468 2138 3543">
     <span class='ocr_line' id='line_1_49' title="bbox 559 3468 2138 3543; baseline -0.005 -11"><span class='ocrx_word' id='word_1_315' title='bbox 559 3475 760 3532; x_wconf 77' lang='lat' dir='ltr'><strong>veteris</strong></span> <span class='ocrx_word' id='word_1_316' title='bbox 797 3472 964 3543; x_wconf 83' lang='lat' dir='ltr'><strong>culpae</strong></span> <span class='ocrx_word' id='word_1_317' title='bbox 994 3471 1113 3526; x_wconf 89' lang='lat' dir='ltr'><strong>labe</strong></span> <span class='ocrx_word' id='word_1_318' title='bbox 1143 3469 1339 3525; x_wconf 79' lang='lat' dir='ltr'><strong>infecta</strong></span> <span class='ocrx_word' id='word_1_319' title='bbox 1369 3472 1488 3524; x_wconf 91' lang='lat' dir='ltr'><strong>erit.</strong></span> <span class='ocrx_word' id='word_1_320' title='bbox 1545 3468 1761 3524; x_wconf 85' lang='lat' dir='ltr'><strong>Erravit</strong></span> <span class='ocrx_word' id='word_1_321' title='bbox 1795 3475 1937 3524; x_wconf 88' lang='lat' dir='ltr'><strong>enim</strong></span> <span class='ocrx_word' id='word_1_322' title='bbox 1975 3472 2138 3524; x_wconf 78' lang='lat' dir='ltr'><strong>etiam</strong></span> 
     </span>
    </p>
   </div>
   <div class='ocr_carea' id='block_1_50' title="bbox 562 3563 2139 3635">
    <p class='ocr_par' dir='ltr' id='par_1_50' title="bbox 562 3563 2139 3635">
     <span class='ocr_line' id='line_1_50' title="bbox 562 3563 2139 3635; baseline -0.005 -11"><span class='ocrx_word' id='word_1_323' title='bbox 562 3583 727 3633; x_wconf 86' lang='lat' dir='ltr'><strong>nunc,</strong></span> <span class='ocrx_word' id='word_1_324' title='bbox 758 3574 812 3622; x_wconf 88' lang='lat' dir='ltr'><strong>et</strong></span> <span class='ocrx_word' id='word_1_325' title='bbox 838 3566 1051 3635; x_wconf 86' lang='lat' dir='ltr'><strong>quidem</strong></span> <span class='ocrx_word' id='word_1_326' title='bbox 1097 3563 1264 3618; x_wconf 90' lang='lat' dir='ltr'><strong>nihilo</strong></span> <span class='ocrx_word' id='word_1_327' title='bbox 1296 3563 1473 3618; x_wconf 89' lang='lat' dir='ltr'><strong>secius</strong></span> <span class='ocrx_word' id='word_1_328' title='bbox 1519 3577 1677 3631; x_wconf 85' lang='lat' dir='ltr'><strong>quam</strong></span> <span class='ocrx_word' id='word_1_329' title='bbox 1713 3563 1864 3628; x_wconf 89' lang='lat' dir='ltr'><strong>olim,</strong></span> <span class='ocrx_word' id='word_1_330' title='bbox 1900 3572 1954 3616; x_wconf 91' lang='lat' dir='ltr'><strong>et</strong></span> <span class='ocrx_word' id='word_1_331' title='bbox 2001 3564 2139 3616; x_wconf 86' lang='lat' dir='ltr'><strong>viam</strong></span> 
     </span>
    </p>
   </div>
   <div class='ocr_carea' id='block_1_51' title="bbox 561 3653 2158 3730">
    <p class='ocr_par' dir='ltr' id='par_1_51' title="bbox 561 3653 2158 3730">
     <span class='ocr_line' id='line_1_51' title="bbox 561 3653 2158 3730; baseline -0.003 -16"><span class='ocrx_word' id='word_1_332' title='bbox 561 3675 682 3730; x_wconf 80' lang='lat' dir='ltr'><strong>quae</strong></span> <span class='ocrx_word' id='word_1_333' title='bbox 734 3660 800 3713; x_wconf 88' lang='lat' dir='ltr'><strong>ad</strong></span> <span class='ocrx_word' id='word_1_334' title='bbox 862 3658 1140 3711; x_wconf 79' lang='lat' dir='ltr'><strong>veritatem</strong></span> <span class='ocrx_word' id='word_1_335' title='bbox 1205 3655 1350 3708; x_wconf 90' lang='lat' dir='ltr'><strong>ducit</strong></span> <span class='ocrx_word' id='word_1_336' title='bbox 1384 3654 1666 3723; x_wconf 72' lang='lat' dir='ltr'><strong>ignoravit.</strong></span> <span class='ocrx_word' id='word_1_337' title='bbox 1719 3653 1869 3719; x_wconf 84' lang='lat' dir='ltr'><strong>Quod</strong></span> <span class='ocrx_word' id='word_1_338' title='bbox 1921 3655 2158 3724; x_wconf 83' lang='lat' dir='ltr'><strong>quidem-</strong></span> 
     </span>
    </p>
   </div>
   <div class='ocr_carea' id='block_1_52' title="bbox 561 3742 2139 3813">
    <p class='ocr_par' dir='ltr' id='par_1_52' title="bbox 561 3742 2139 3813">
     <span class='ocr_line' id='line_1_52' title="bbox 561 3742 2139 3813; baseline -0.004 -9"><span class='ocrx_word' id='word_1_339' title='bbox 561 3750 776 3805; x_wconf 88' lang='lat' dir='ltr'><strong>abunde</strong></span> <span class='ocrx_word' id='word_1_340' title='bbox 823 3756 1081 3808; x_wconf 86' lang='lat' dir='ltr'><strong>testatur,</strong></span> <span class='ocrx_word' id='word_1_341' title='bbox 1109 3754 1166 3798; x_wconf 91' lang='lat' dir='ltr'><strong>ut</strong></span> <span class='ocrx_word' id='word_1_342' title='bbox 1203 3752 1460 3813; x_wconf 85' lang='lat' dir='ltr'><strong>apparet,</strong></span> <span class='ocrx_word' id='word_1_343' title='bbox 1497 3742 1730 3810; x_wconf 79' lang='lat' dir='ltr'><strong>Paulus,</strong></span> <span class='ocrx_word' id='word_1_344' title='bbox 1767 3745 1838 3798; x_wconf 88' lang='lat' dir='ltr'><strong>ita</strong></span> <span class='ocrx_word' id='word_1_345' title='bbox 1868 3759 1960 3798; x_wconf 91' lang='lat' dir='ltr'><strong>eas</strong></span> <span class='ocrx_word' id='word_1_346' title='bbox 1990 3761 2139 3800; x_wconf 59' lang='lat' dir='ltr'><strong>como</strong></span> 
     </span>
    </p>
   </div>
   <div class='ocr_carea' id='block_1_53' title="bbox 557 3834 2142 3911">
    <p class='ocr_par' dir='ltr' id='par_1_53' title="bbox 557 3834 2142 3911">
     <span class='ocr_line' id='line_1_53' title="bbox 557 3834 2142 3911; baseline -0.001 -18"><span class='ocrx_word' id='word_1_347' title='bbox 557 3840 764 3911; x_wconf 80' lang='lat' dir='ltr'><strong>pellans</strong></span> <span class='ocrx_word' id='word_1_348' title='bbox 798 3854 862 3895; x_wconf 89' lang='lat' dir='ltr'><strong>ac</strong></span> <span class='ocrx_word' id='word_1_349' title='bbox 915 3838 1101 3893; x_wconf 90' lang='lat' dir='ltr'><strong>dicens</strong></span> <span class='ocrx_word' id='word_1_350' title='bbox 1149 3854 1164 3889; x_wconf 74' lang='grc' dir='ltr'><strong>ι</strong></span> <span class='ocrx_word' id='word_1_351' title='bbox 1211 3853 1229 3886; x_wconf 82' lang='grc' dir='ltr'>ι</span> <span class='ocrx_word' id='word_1_352' title='bbox 1263 3834 1368 3890; x_wconf 88' lang='lat' dir='ltr'><strong>Sed</strong></span> <span class='ocrx_word' id='word_1_353' title='bbox 1401 3844 1525 3890; x_wconf 90' lang='lat' dir='ltr'><strong>tunc</strong></span> <span class='ocrx_word' id='word_1_354' title='bbox 1571 3836 1784 3905; x_wconf 90' lang='lat' dir='ltr'><strong>quidem</strong></span> <span class='ocrx_word' id='word_1_355' title='bbox 1833 3837 2142 3906; x_wconf 77' lang='lat' dir='ltr'><strong>ignorantes</strong></span> 
     </span>
    </p>
   </div>
   <div class='ocr_carea' id='block_1_54' title="bbox 557 3927 2139 3998">
    <p class='ocr_par' dir='ltr' id='par_1_54' title="bbox 557 3927 2139 3998">
     <span class='ocr_line' id='line_1_54' title="bbox 557 3927 2139 3998; baseline -0.001 -12"><span class='ocrx_word' id='word_1_356' title='bbox 557 3931 761 3997; x_wconf 90' lang='lat' dir='ltr'><strong>Deum,</strong></span> <span class='ocrx_word' id='word_1_357' title='bbox 803 3931 868 3986; x_wconf 91' lang='lat' dir='ltr'><strong>iis</strong></span> <span class='ocrx_word' id='word_1_358' title='bbox 919 3931 1010 3998; x_wconf 89' lang='lat' dir='ltr'><strong>qui</strong></span> <span class='ocrx_word' id='word_1_359' title='bbox 1073 3936 1264 3982; x_wconf 90' lang='lat' dir='ltr'><strong>natura</strong></span> <span class='ocrx_word' id='word_1_360' title='bbox 1321 3942 1425 3981; x_wconf 91' lang='lat' dir='ltr'><strong>non</strong></span> <span class='ocrx_word' id='word_1_361' title='bbox 1477 3935 1604 3982; x_wconf 89' lang='lat' dir='ltr'><strong>sunt</strong></span> <span class='ocrx_word' id='word_1_362' title='bbox 1661 3927 1735 3980; x_wconf 94' lang='lat' dir='ltr'><strong>dii</strong></span> <span class='ocrx_word' id='word_1_363' title='bbox 1798 3929 2139 3984; x_wconf 81' lang='lat' dir='ltr'><strong>serviebatis.</strong></span> 
     </span>
    </p>
   </div>
   <div class='ocr_carea' id='block_1_55' title="bbox 558 4017 2138 4088">
    <p class='ocr_par' dir='ltr' id='par_1_55' title="bbox 558 4017 2138 4088">
     <span class='ocr_line' id='line_1_55' title="bbox 558 4017 2138 4088; baseline -0.002 -9"><span class='ocrx_word' id='word_1_364' title='bbox 558 4023 711 4080; x_wconf 82' lang='lat' dir='ltr'><strong>Nunc</strong></span> <span class='ocrx_word' id='word_1_365' title='bbox 767 4033 946 4077; x_wconf 89' lang='lat' dir='ltr'><strong>autem</strong></span> <span class='ocrx_word' id='word_1_366' title='bbox 997 4036 1119 4075; x_wconf 89' lang='lat' dir='ltr'><strong>cum</strong></span> <span class='ocrx_word' id='word_1_367' title='bbox 1158 4019 1519 4088; x_wconf 77' lang='lat' dir='ltr'><strong>cognoveritis</strong></span> <span class='ocrx_word' id='word_1_368' title='bbox 1552 4017 1757 4084; x_wconf 89' lang='lat' dir='ltr'><strong>Deum,</strong></span> <span class='ocrx_word' id='word_1_369' title='bbox 1794 4019 1901 4074; x_wconf 93' lang='lat' dir='ltr'><strong>imo</strong></span> <span class='ocrx_word' id='word_1_370' title='bbox 1943 4022 2138 4086; x_wconf 71' lang='lat' dir='ltr'><strong>cogniti</strong></span> 
     </span>
    </p>
   </div>
   <div class='ocr_carea' id='block_1_56' title="bbox 555 4111 2139 4184">
    <p class='ocr_par' dir='ltr' id='par_1_56' title="bbox 555 4111 2139 4184">
     <span class='ocr_line' id='line_1_56' title="bbox 555 4111 2139 4184; baseline -0.003 -14"><span class='ocrx_word' id='word_1_371' title='bbox 555 4116 680 4170; x_wconf 77' lang='lat' dir='ltr'><strong>sitis</strong></span> <span class='ocrx_word' id='word_1_372' title='bbox 699 4131 732 4169; x_wconf 91' lang='lat' dir='ltr'><strong>a</strong></span> <span class='ocrx_word' id='word_1_373' title='bbox 755 4114 866 4169; x_wconf 91' lang='lat' dir='ltr'><strong>Deo</strong></span> <span class='ocrx_word' id='word_1_374' title='bbox 896 4128 912 4168; x_wconf 89' lang='lat'><strong>:</strong></span> <span class='ocrx_word' id='word_1_375' title='bbox 940 4113 1209 4184; x_wconf 90' lang='lat' dir='ltr'><strong>quomodo</strong></span> <span class='ocrx_word' id='word_1_376' title='bbox 1225 4112 1596 4168; x_wconf 89' lang='lat' dir='ltr'><strong>convertimini</strong></span> <span class='ocrx_word' id='word_1_377' title='bbox 1615 4112 1808 4166; x_wconf 89' lang='lat' dir='ltr'><strong>iterum</strong></span> <span class='ocrx_word' id='word_1_378' title='bbox 1829 4111 1895 4167; x_wconf 90' lang='lat' dir='ltr'><strong>ad</strong></span> <span class='ocrx_word' id='word_1_379' title='bbox 1929 4114 2139 4166; x_wconf 76' lang='lat' dir='ltr'><strong>inﬁrma</strong></span> 
     </span>
    </p>
   </div>
   <div class='ocr_carea' id='block_1_57' title="bbox 555 4203 2135 4279">
    <p class='ocr_par' dir='ltr' id='par_1_57' title="bbox 555 4203 2135 4279">
     <span class='ocr_line' id='line_1_57' title="bbox 555 4203 2135 4279; baseline -0.004 -16"><span class='ocrx_word' id='word_1_380' title='bbox 555 4220 616 4264; x_wconf 88' lang='lat' dir='ltr'><strong>et</strong></span> <span class='ocrx_word' id='word_1_381' title='bbox 645 4223 812 4279; x_wconf 75' lang='lat' dir='ltr'><strong>egena</strong></span> <span class='ocrx_word' id='word_1_382' title='bbox 845 4207 1132 4271; x_wconf 87' lang='lat' dir='ltr'><strong>elementa,</strong></span> <span class='ocrx_word' id='word_1_383' title='bbox 1158 4203 1354 4272; x_wconf 88' lang='lat' dir='ltr'><strong>quibus</strong></span> <span class='ocrx_word' id='word_1_384' title='bbox 1372 4204 1548 4258; x_wconf 82' lang='lat' dir='ltr'><strong>denuo</strong></span> <span class='ocrx_word' id='word_1_385' title='bbox 1573 4204 1778 4258; x_wconf 83' lang='lat' dir='ltr'><strong>servire</strong></span> <span class='ocrx_word' id='word_1_386' title='bbox 1804 4205 1964 4259; x_wconf 84' lang='lat' dir='ltr'><strong>vultis</strong></span> <span class='ocrx_word' id='word_1_387' title='bbox 1985 4204 2032 4234; x_wconf 82' lang='grc'><strong>⁷⁸</strong></span> <span class='ocrx_word' id='word_1_388' title='bbox 2063 4204 2085 4258; x_wconf 80' lang='lat'><strong>?</strong></span> <span class='ocrx_word' id='word_1_389' title='bbox 2115 4222 2135 4256; x_wconf 74' lang='grc' dir='ltr'>ι</span> 
     </span>
    </p>
   </div>
   <div class='ocr_carea' id='block_1_58' title="bbox 563 4294 2142 4364">
    <p class='ocr_par' dir='ltr' id='par_1_58' title="bbox 563 4294 2142 4364">
     <span class='ocr_line' id='line_1_58' title="bbox 563 4294 2142 4364; baseline -0.003 -12"><span class='ocrx_word' id='word_1_390' title='bbox 563 4298 785 4364; x_wconf 85' lang='lat' dir='ltr'><strong>Qualem</strong></span> <span class='ocrx_word' id='word_1_391' title='bbox 816 4296 960 4351; x_wconf 89' lang='lat' dir='ltr'><strong>enim</strong></span> <span class='ocrx_word' id='word_1_392' title='bbox 995 4295 1161 4349; x_wconf 92' lang='lat' dir='ltr'><strong>Deum</strong></span> <span class='ocrx_word' id='word_1_393' title='bbox 1216 4303 1548 4360; x_wconf 77' lang='lat' dir='ltr'><strong>cognorunt,</strong></span> <span class='ocrx_word' id='word_1_394' title='bbox 1592 4294 1633 4346; x_wconf 90' lang='lat' dir='ltr'><strong>si</strong></span> <span class='ocrx_word' id='word_1_395' title='bbox 1686 4308 1792 4346; x_wconf 91' lang='lat' dir='ltr'><strong>non</strong></span> <span class='ocrx_word' id='word_1_396' title='bbox 1821 4303 1905 4348; x_wconf 89' lang='lat' dir='ltr'><strong>est</strong></span> <span class='ocrx_word' id='word_1_397' title='bbox 1951 4302 2142 4347; x_wconf 84' lang='lat' dir='ltr'><strong>natura</strong></span> 
     </span>
    </p>
   </div>
   <div class='ocr_carea' id='block_1_59' title="bbox 556 4383 2143 4454">
    <p class='ocr_par' dir='ltr' id='par_1_59' title="bbox 556 4383 2143 4454">
     <span class='ocr_line' id='line_1_59' title="bbox 556 4383 2143 4454; baseline -0.004 -10"><span class='ocrx_word' id='word_1_398' title='bbox 556 4389 702 4445; x_wconf 88' lang='lat' dir='ltr'><strong>Deus</strong></span> <span class='ocrx_word' id='word_1_399' title='bbox 721 4387 990 4449; x_wconf 82' lang='lat' dir='ltr'><strong>Christus,</strong></span> <span class='ocrx_word' id='word_1_400' title='bbox 1021 4385 1073 4438; x_wconf 90' lang='lat' dir='ltr'><strong>in</strong></span> <span class='ocrx_word' id='word_1_401' title='bbox 1097 4399 1256 4454; x_wconf 90' lang='lat' dir='ltr'><strong>quem</strong></span> <span class='ocrx_word' id='word_1_402' title='bbox 1281 4383 1663 4439; x_wconf 88' lang='lat' dir='ltr'><strong>crediderunt?</strong></span> <span class='ocrx_word' id='word_1_403' title='bbox 1695 4392 1749 4437; x_wconf 89' lang='lat' dir='ltr'><strong>et</strong></span> <span class='ocrx_word' id='word_1_404' title='bbox 1775 4383 1818 4437; x_wconf 93' lang='lat' dir='ltr'><strong>si</strong></span> <span class='ocrx_word' id='word_1_405' title='bbox 1841 4385 2143 4438; x_wconf 84' lang='lat' dir='ltr'><strong>servierunt</strong></span> 
     </span>
    </p>
   </div>
   <div class='ocr_carea' id='block_1_60' title="bbox 557 4473 2135 4545">
    <p class='ocr_par' dir='ltr' id='par_1_60' title="bbox 557 4473 2135 4545">
     <span class='ocr_line' id='line_1_60' title="bbox 557 4473 2135 4545; baseline -0.002 -11"><span class='ocrx_word' id='word_1_406' title='bbox 557 4480 792 4543; x_wconf 89' lang='lat' dir='ltr'><strong>homini,</strong></span> <span class='ocrx_word' id='word_1_407' title='bbox 862 4479 914 4532; x_wconf 89' lang='lat' dir='ltr'><strong>in</strong></span> <span class='ocrx_word' id='word_1_408' title='bbox 969 4477 1225 4545; x_wconf 92' lang='lat' dir='ltr'><strong>pristinos</strong></span> <span class='ocrx_word' id='word_1_409' title='bbox 1275 4476 1478 4530; x_wconf 90' lang='lat' dir='ltr'><strong>erroris</strong></span> <span class='ocrx_word' id='word_1_410' title='bbox 1533 4473 1754 4542; x_wconf 83' lang='lat' dir='ltr'><strong>laqueos</strong></span> <span class='ocrx_word' id='word_1_411' title='bbox 1813 4475 2135 4531; x_wconf 86' lang='lat' dir='ltr'><strong>inciderunt.</strong></span> 
     </span>
    </p>
   </div>
   <div class='ocr_carea' id='block_1_61' title="bbox 555 4566 1557 4626">
    <p class='ocr_par' dir='ltr' id='par_1_61' title="bbox 555 4566 1557 4626">
     <span class='ocr_line' id='line_1_61' title="bbox 555 4566 1557 4626; baseline -0.008 -1"><span class='ocrx_word' id='word_1_412' title='bbox 555 4575 712 4626; x_wconf 83' lang='lat' dir='ltr'><strong>Anne</strong></span> <span class='ocrx_word' id='word_1_413' title='bbox 741 4585 867 4624; x_wconf 89' lang='lat' dir='ltr'><strong>vere</strong></span> <span class='ocrx_word' id='word_1_414' title='bbox 897 4569 989 4623; x_wconf 87' lang='lat' dir='ltr'><strong>tihi</strong></span> <span class='ocrx_word' id='word_1_415' title='bbox 1027 4568 1208 4622; x_wconf 90' lang='lat' dir='ltr'><strong>dicere</strong></span> <span class='ocrx_word' id='word_1_416' title='bbox 1235 4567 1419 4622; x_wconf 87' lang='lat' dir='ltr'><strong>videor</strong></span> <span class='ocrx_word' id='word_1_417' title='bbox 1445 4567 1468 4618; x_wconf 91' lang='lat'><strong>?</strong></span> <span class='ocrx_word' id='word_1_418' title='bbox 1549 4566 1557 4574; x_wconf 87' lang='lat'><strong><em>&#39;</em></strong></span> 
     </span>
    </p>
   </div>
   <div class='ocr_carea' id='block_1_62' title="bbox 625 4659 976 4717">
    <p class='ocr_par' dir='ltr' id='par_1_62' title="bbox 625 4659 976 4717">
     <span class='ocr_line' id='line_1_62' title="bbox 625 4659 976 4717; baseline -0.003 -2"><span class='ocrx_word' id='word_1_419' title='bbox 625 4661 686 4717; x_wconf 83' lang='grc' dir='ltr'>Β.</span> <span class='ocrx_word' id='word_1_420' title='bbox 725 4659 976 4715; x_wconf 87' lang='lat' dir='ltr'><strong>Prorsus.</strong></span> 
     </span>
    </p>
   </div>
   <div class='ocr_carea' id='block_1_63' title="bbox 515 4747 2138 4821">
    <p class='ocr_par' dir='ltr' id='par_1_63' title="bbox 515 4747 2138 4821">
     <span class='ocr_line' id='line_1_63' title="bbox 515 4747 2138 4821; baseline -0.003 -12"><span class='ocrx_word' id='word_1_421' title='bbox 515 4749 526 4756; x_wconf 87' lang='grc'><strong>’</strong></span> <span class='ocrx_word' id='word_1_422' title='bbox 626 4755 692 4809; x_wconf 80' lang='grc' dir='ltr'>Δ.</span> <span class='ocrx_word' id='word_1_423' title='bbox 729 4753 864 4808; x_wconf 78' lang='lat' dir='ltr'><strong>Vide</strong></span> <span class='ocrx_word' id='word_1_424' title='bbox 898 4754 1101 4821; x_wconf 84' lang='lat' dir='ltr'><strong>itaque,</strong></span> <span class='ocrx_word' id='word_1_425' title='bbox 1147 4749 1418 4820; x_wconf 88' lang='lat' dir='ltr'><strong>quomodo</strong></span> <span class='ocrx_word' id='word_1_426' title='bbox 1456 4747 1568 4814; x_wconf 87' lang='lat' dir='ltr'><strong>jam</strong></span> <span class='ocrx_word' id='word_1_427' title='bbox 1616 4747 1938 4803; x_wconf 82' lang='lat' dir='ltr'><strong>necessariis</strong></span> <span class='ocrx_word' id='word_1_428' title='bbox 1975 4758 2138 4819; x_wconf 85' lang='lat' dir='ltr'><strong>atque</strong></span> 
     </span>
    </p>
   </div>
   <div class='ocr_carea' id='block_1_64' title="bbox 558 4837 2136 4912">
    <p class='ocr_par' dir='ltr' id='par_1_64' title="bbox 558 4837 2136 4912">
     <span class='ocr_line' id='line_1_64' title="bbox 558 4837 2136 4912; baseline -0.003 -11"><span class='ocrx_word' id='word_1_429' title='bbox 558 4844 902 4902; x_wconf 87' lang='lat' dir='ltr'><strong>evidentibus</strong></span> <span class='ocrx_word' id='word_1_430' title='bbox 936 4841 1300 4912; x_wconf 72' lang='lat' dir='ltr'><strong>argumentis,</strong></span> <span class='ocrx_word' id='word_1_431' title='bbox 1336 4849 1391 4893; x_wconf 91' lang='lat' dir='ltr'><strong>et</strong></span> <span class='ocrx_word' id='word_1_432' title='bbox 1424 4849 1632 4893; x_wconf 89' lang='lat' dir='ltr'><strong>tantum</strong></span> <span class='ocrx_word' id='word_1_433' title='bbox 1666 4852 1774 4892; x_wconf 89' lang='lat' dir='ltr'><strong>non</strong></span> <span class='ocrx_word' id='word_1_434' title='bbox 1804 4837 2044 4895; x_wconf 90' lang='lat' dir='ltr'><strong>nolentes</strong></span> <span class='ocrx_word' id='word_1_435' title='bbox 2071 4854 2136 4895; x_wconf 92' lang='lat' dir='ltr'><strong>eo</strong></span> 
     </span>
    </p>
   </div>
   <div class='ocr_carea' id='block_1_65' title="bbox 556 4929 2139 5006">
    <p class='ocr_par' dir='ltr' id='par_1_65' title="bbox 556 4929 2139 5006">
     <span class='ocr_line' id='line_1_65' title="bbox 556 4929 2139 5006; baseline -0.003 -14"><span class='ocrx_word' id='word_1_436' title='bbox 556 4935 970 5006; x_wconf 88' lang='lat' dir='ltr'><strong>compellamur,</strong></span> <span class='ocrx_word' id='word_1_437' title='bbox 1005 4942 1060 4986; x_wconf 91' lang='lat' dir='ltr'><strong>ut</strong></span> <span class='ocrx_word' id='word_1_438' title='bbox 1089 4931 1376 4986; x_wconf 86' lang='lat' dir='ltr'><strong>debeamus</strong></span> <span class='ocrx_word' id='word_1_439' title='bbox 1411 4929 1682 4999; x_wconf 84' lang='lat' dir='ltr'><strong>sapienter</strong></span> <span class='ocrx_word' id='word_1_440' title='bbox 1709 4938 1958 5000; x_wconf 90' lang='lat' dir='ltr'><strong>tauquam</strong></span> <span class='ocrx_word' id='word_1_441' title='bbox 1988 4944 2139 4988; x_wconf 83' lang='lat' dir='ltr'><strong>natu-</strong></span> 
     </span>
    </p>
   </div>
   <div class='ocr_carea' id='block_1_66' title="bbox 556 5018 2135 5086">
    <p class='ocr_par' dir='ltr' id='par_1_66' title="bbox 556 5018 2135 5086">
     <span class='ocr_line' id='line_1_66' title="bbox 556 5018 2135 5086; baseline -0.002 -2"><span class='ocrx_word' id='word_1_442' title='bbox 556 5029 744 5084; x_wconf 86' lang='lat' dir='ltr'><strong>raliter</strong></span> <span class='ocrx_word' id='word_1_443' title='bbox 777 5026 945 5080; x_wconf 89' lang='lat' dir='ltr'><strong>Deum</strong></span> <span class='ocrx_word' id='word_1_444' title='bbox 976 5024 1199 5076; x_wconf 88' lang='lat' dir='ltr'><strong>adorare</strong></span> <span class='ocrx_word' id='word_1_445' title='bbox 1227 5018 1444 5086; x_wconf 86' lang='lat' dir='ltr'><strong>Filium,</strong></span> <span class='ocrx_word' id='word_1_446' title='bbox 1466 5020 1630 5075; x_wconf 89' lang='lat' dir='ltr'><strong>etiam</strong></span> <span class='ocrx_word' id='word_1_447' title='bbox 1663 5021 1714 5076; x_wconf 91' lang='lat' dir='ltr'><strong>in</strong></span> <span class='ocrx_word' id='word_1_448' title='bbox 1745 5031 1930 5078; x_wconf 86' lang='lat' dir='ltr'><strong>nostra</strong></span> <span class='ocrx_word' id='word_1_449' title='bbox 1963 5023 2135 5082; x_wconf 85' lang='lat' dir='ltr'><strong>l‘orma</strong></span> 
     </span>
    </p>
   </div>
   <div class='ocr_carea' id='block_1_67' title="bbox 555 5109 2135 5190">
    <p class='ocr_par' dir='ltr' id='par_1_67' title="bbox 555 5109 2135 5190">
     <span class='ocr_line' id='line_1_67' title="bbox 555 5109 2135 5190; baseline -0.002 -15"><span class='ocrx_word' id='word_1_450' title='bbox 555 5127 942 5190; x_wconf 80' lang='lat' dir='ltr'><strong>apparentem,</strong></span> <span class='ocrx_word' id='word_1_451' title='bbox 991 5127 1113 5167; x_wconf 90' lang='lat' dir='ltr'><strong>cum</strong></span> <span class='ocrx_word' id='word_1_452' title='bbox 1159 5109 1521 5166; x_wconf 79' lang='lat' dir='ltr'><strong>coalescentia</strong></span> <span class='ocrx_word' id='word_1_453' title='bbox 1575 5114 1689 5169; x_wconf 85' lang='lat' dir='ltr'><strong>sive</strong></span> <span class='ocrx_word' id='word_1_454' title='bbox 1738 5128 2032 5173; x_wconf 89' lang='lat' dir='ltr'><strong>concursus</strong></span> <span class='ocrx_word' id='word_1_455' title='bbox 2082 5118 2135 5172; x_wconf 88' lang='lat' dir='ltr'><strong>in</strong></span> 
     </span>
    </p>
   </div>
   <div class='ocr_carea' id='block_1_68' title="bbox 553 5197 2138 5271">
    <p class='ocr_par' dir='ltr' id='par_1_68' title="bbox 553 5197 2138 5271">
     <span class='ocr_line' id='line_1_68' title="bbox 553 5197 2138 5271; baseline -0.001 -8"><span class='ocrx_word' id='word_1_456' title='bbox 553 5208 816 5262; x_wconf 85' lang='lat' dir='ltr'><strong>unitatem</strong></span> <span class='ocrx_word' id='word_1_457' title='bbox 843 5214 950 5255; x_wconf 89' lang='lat' dir='ltr'><strong>non</strong></span> <span class='ocrx_word' id='word_1_458' title='bbox 983 5200 1161 5267; x_wconf 88' lang='lat' dir='ltr'><strong>inepte</strong></span> <span class='ocrx_word' id='word_1_459' title='bbox 1190 5197 1360 5268; x_wconf 83' lang='lat' dir='ltr'><strong>possit</strong></span> <span class='ocrx_word' id='word_1_460' title='bbox 1385 5198 1526 5254; x_wconf 88' lang='lat' dir='ltr'><strong>illam</strong></span> <span class='ocrx_word' id='word_1_461' title='bbox 1559 5215 1676 5271; x_wconf 74' lang='lat' dir='ltr'><strong>quae</strong></span> <span class='ocrx_word' id='word_1_462' title='bbox 1701 5202 1764 5257; x_wconf 92' lang='lat' dir='ltr'><strong>de</strong></span> <span class='ocrx_word' id='word_1_463' title='bbox 1791 5201 2138 5262; x_wconf 87' lang='lat' dir='ltr'><strong>humanitatis</strong></span> 
     </span>
    </p>
   </div>
   <div class='ocr_carea' id='block_1_69' title="bbox 553 5288 1989 5364">
    <p class='ocr_par' dir='ltr' id='par_1_69' title="bbox 553 5288 1989 5364">
     <span class='ocr_line' id='line_1_69' title="bbox 553 5288 1989 5364; baseline -0.003 -12"><span class='ocrx_word' id='word_1_464' title='bbox 553 5294 862 5364; x_wconf 71' lang='lat' dir='ltr'><strong>suspicione</strong></span> <span class='ocrx_word' id='word_1_465' title='bbox 895 5288 1129 5344; x_wconf 87' lang='lat' dir='ltr'><strong>incidere</strong></span> <span class='ocrx_word' id='word_1_466' title='bbox 1169 5299 1348 5356; x_wconf 88' lang='lat' dir='ltr'><strong>posset</strong></span> <span class='ocrx_word' id='word_1_467' title='bbox 1381 5291 1742 5350; x_wconf 83' lang='lat' dir='ltr'><strong>dillicultatem</strong></span> <span class='ocrx_word' id='word_1_468' title='bbox 1787 5295 1989 5350; x_wconf 88' lang='lat' dir='ltr'><strong>tollere.</strong></span> 
     </span>
    </p>
   </div>
   <div class='ocr_carea' id='block_1_70' title="bbox 629 5382 1187 5452">
    <p class='ocr_par' dir='ltr' id='par_1_70' title="bbox 629 5382 1187 5452">
     <span class='ocr_line' id='line_1_70' title="bbox 629 5382 1187 5452; baseline 0.002 -17"><span class='ocrx_word' id='word_1_469' title='bbox 629 5387 690 5443; x_wconf 79' lang='grc' dir='ltr'>Β,</span> <span class='ocrx_word' id='word_1_470' title='bbox 728 5385 846 5452; x_wconf 82' lang='lat' dir='ltr'><strong>Quo</strong></span> <span class='ocrx_word' id='word_1_471' title='bbox 879 5391 1036 5452; x_wconf 89' lang='lat' dir='ltr'><strong>pacto</strong></span> <span class='ocrx_word' id='word_1_472' title='bbox 1063 5382 1187 5437; x_wconf 84' lang='lat' dir='ltr'><strong>ais?</strong></span> 
     </span>
    </p>
   </div>
   <div class='ocr_carea' id='block_1_71' title="bbox 622 5471 2134 5544">
    <p class='ocr_par' dir='ltr' id='par_1_71' title="bbox 622 5471 2134 5544">
     <span class='ocr_line' id='line_1_71' title="bbox 622 5471 2134 5544; baseline 0.003 -16"><span class='ocrx_word' id='word_1_473' title='bbox 622 5477 692 5528; x_wconf 81' lang='grc' dir='ltr'>Δ.</span> <span class='ocrx_word' id='word_1_474' title='bbox 732 5472 935 5527; x_wconf 82' lang='lat' dir='ltr'><strong>Natura</strong></span> <span class='ocrx_word' id='word_1_475' title='bbox 969 5471 1110 5526; x_wconf 90' lang='lat' dir='ltr'><strong>enim</strong></span> <span class='ocrx_word' id='word_1_476' title='bbox 1133 5471 1316 5540; x_wconf 82' lang='lat' dir='ltr'><strong>Verbi,</strong></span> <span class='ocrx_word' id='word_1_477' title='bbox 1350 5484 1619 5544; x_wconf 87' lang='lat' dir='ltr'><strong>assumpta</strong></span> <span class='ocrx_word' id='word_1_478' title='bbox 1648 5476 2002 5544; x_wconf 88' lang='lat' dir='ltr'><strong>humanitate,</strong></span> <span class='ocrx_word' id='word_1_479' title='bbox 2032 5493 2134 5533; x_wconf 88' lang='lat' dir='ltr'><strong>non</strong></span> 
     </span>
    </p>
   </div>
   <div class='ocr_carea' id='block_1_72' title="bbox 553 5563 2136 5639">
    <p class='ocr_par' dir='ltr' id='par_1_72' title="bbox 553 5563 2136 5639">
     <span class='ocr_line' id='line_1_72' title="bbox 553 5563 2136 5639; baseline 0.002 -16"><span class='ocrx_word' id='word_1_480' title='bbox 553 5579 638 5624; x_wconf 82' lang='lat' dir='ltr'><strong>est</strong></span> <span class='ocrx_word' id='word_1_481' title='bbox 673 5565 813 5621; x_wconf 88' lang='lat' dir='ltr'><strong>nuda</strong></span> <span class='ocrx_word' id='word_1_482' title='bbox 843 5563 1172 5631; x_wconf 86' lang='lat' dir='ltr'><strong>humanitas,</strong></span> <span class='ocrx_word' id='word_1_483' title='bbox 1197 5567 1290 5623; x_wconf 84' lang='lat' dir='ltr'><strong>sed</strong></span> <span class='ocrx_word' id='word_1_484' title='bbox 1320 5569 1497 5639; x_wconf 83' lang='lat' dir='ltr'><strong>potius</strong></span> <span class='ocrx_word' id='word_1_485' title='bbox 1524 5570 1743 5625; x_wconf 87' lang='lat' dir='ltr'><strong>vincens</strong></span> <span class='ocrx_word' id='word_1_486' title='bbox 1783 5571 1999 5639; x_wconf 85' lang='lat' dir='ltr'><strong>propria</strong></span> <span class='ocrx_word' id='word_1_487' title='bbox 2041 5587 2136 5626; x_wconf 89' lang='lat' dir='ltr'><strong>sua</strong></span> 
     </span>
    </p>
   </div>
   <div class='ocr_carea' id='block_1_73' title="bbox 549 5658 2135 5733">
    <p class='ocr_par' dir='ltr' id='par_1_73' title="bbox 549 5658 2135 5733">
     <span class='ocr_line' id='line_1_73' title="bbox 549 5658 2135 5733; baseline 0.003 -19"><span class='ocrx_word' id='word_1_488' title='bbox 549 5659 722 5733; x_wconf 70' lang='lat' dir='ltr'><strong>gloria</strong></span> <span class='ocrx_word' id='word_1_489' title='bbox 773 5658 826 5714; x_wconf 90' lang='lat' dir='ltr'><strong>id</strong></span> <span class='ocrx_word' id='word_1_490' title='bbox 869 5661 1010 5728; x_wconf 83' lang='lat' dir='ltr'><strong>quod</strong></span> <span class='ocrx_word' id='word_1_491' title='bbox 1051 5669 1383 5731; x_wconf 85' lang='lat' dir='ltr'><strong>assumptum</strong></span> <span class='ocrx_word' id='word_1_492' title='bbox 1431 5669 1537 5728; x_wconf 84' lang='lat' dir='ltr'><strong>est,</strong></span> <span class='ocrx_word' id='word_1_493' title='bbox 1591 5662 1924 5719; x_wconf 86' lang='lat' dir='ltr'><strong>divinitatem</strong></span> <span class='ocrx_word' id='word_1_494' title='bbox 1983 5677 2135 5719; x_wconf 84' lang='lat' dir='ltr'><strong>suam</strong></span> 
     </span>
    </p>
   </div>
   <div class='ocr_carea' id='block_1_74' title="bbox 2239 1995 3830 2068">
    <p class='ocr_par' dir='ltr' id='par_1_74' title="bbox 2239 1995 3830 2068">
     <span class='ocr_line' id='line_1_74' title="bbox 2239 1995 3830 2068; baseline 0.006 -19"><span class='ocrx_word' id='word_1_495' title='bbox 2239 1995 2463 2065; x_wconf 80' lang='grc' dir='ltr'>ἀδελφὰ,</span> <span class='ocrx_word' id='word_1_496' title='bbox 2508 1997 2602 2050; x_wconf 75' lang='grc' dir='ltr'>καὶ</span> <span class='ocrx_word' id='word_1_497' title='bbox 2651 1998 3096 2068; x_wconf 90' lang='grc' dir='ltr'>συνακουσόμεθα</span> <span class='ocrx_word' id='word_1_498' title='bbox 3144 2001 3361 2064; x_wconf 87' lang='grc' dir='ltr'>πάντως</span> <span class='ocrx_word' id='word_1_499' title='bbox 3387 2018 3400 2032; x_wconf 91' lang='grc'><strong>·</strong></span> <span class='ocrx_word' id='word_1_500' title='bbox 3457 2020 3477 2054; x_wconf 75' lang='grc' dir='ltr'>ι</span> <span class='ocrx_word' id='word_1_501' title='bbox 3517 2004 3830 2068; x_wconf 81' lang='grc' dir='ltr'>Φάσκοντες</span> 
     </span>
    </p>
   </div>
   <div class='ocr_carea' id='block_1_75' title="bbox 2239 2079 3827 2161">
    <p class='ocr_par' dir='ltr' id='par_1_75' title="bbox 2239 2079 3827 2161">
     <span class='ocr_line' id='line_1_75' title="bbox 2239 2079 3827 2161; baseline 0.007 -23"><span class='ocrx_word' id='word_1_502' title='bbox 2239 2079 2379 2138; x_wconf 79' lang='grc' dir='ltr'>εἶναι</span> <span class='ocrx_word' id='word_1_503' title='bbox 2403 2086 2578 2154; x_wconf 76' lang='grc' dir='ltr'>σοφοὶ,</span> <span class='ocrx_word' id='word_1_504' title='bbox 2610 2087 3027 2158; x_wconf 79' lang='grc' dir='ltr'>ἐμωράνθησαν,</span> <span class='ocrx_word' id='word_1_505' title='bbox 3047 2088 3142 2142; x_wconf 73' lang='grc' dir='ltr'><strong>καὶ</strong></span> <span class='ocrx_word' id='word_1_506' title='bbox 3166 2089 3399 2160; x_wconf 72' lang='grc' dir='ltr'>ἠλλαξαν</span> <span class='ocrx_word' id='word_1_507' title='bbox 3425 2090 3522 2161; x_wconf 88' lang='grc' dir='ltr'><strong>τὴν</strong></span> <span class='ocrx_word' id='word_1_508' title='bbox 3547 2092 3704 2160; x_wconf 81' lang='grc' dir='ltr'>δόξαν</span> <span class='ocrx_word' id='word_1_509' title='bbox 3728 2095 3827 2149; x_wconf 87' lang='grc' dir='ltr'><strong>τοῦ</strong></span> 
     </span>
    </p>
   </div>
   <div class='ocr_carea' id='block_1_76' title="bbox 2239 2177 3829 2256">
    <p class='ocr_par' dir='ltr' id='par_1_76' title="bbox 2239 2177 3829 2256">
     <span class='ocr_line' id='line_1_76' title="bbox 2239 2177 3829 2256; baseline 0.006 -26"><span class='ocrx_word' id='word_1_510' title='bbox 2239 2177 2516 2248; x_wconf 76' lang='grc' dir='ltr'><strong>ἀφθάρτου</strong></span> <span class='ocrx_word' id='word_1_511' title='bbox 2564 2177 2700 2230; x_wconf 83' lang='grc' dir='ltr'>Θεοῦ</span> <span class='ocrx_word' id='word_1_512' title='bbox 2753 2181 2808 2232; x_wconf 84' lang='grc' dir='ltr'>ὲν</span> <span class='ocrx_word' id='word_1_513' title='bbox 2854 2180 3159 2251; x_wconf 85' lang='grc' dir='ltr'>ὁμοιώματι</span> <span class='ocrx_word' id='word_1_514' title='bbox 3202 2183 3409 2246; x_wconf 75' lang='grc' dir='ltr'>εἰκόνος</span> <span class='ocrx_word' id='word_1_515' title='bbox 3452 2184 3695 2256; x_wconf 80' lang='grc' dir='ltr'>φθαρτοῦ</span> <span class='ocrx_word' id='word_1_516' title='bbox 3727 2189 3829 2240; x_wconf 86' lang='grc' dir='ltr'>άν-</span> 
     </span>
    </p>
   </div>
   <div class='ocr_carea' id='block_1_77' title="bbox 2241 2267 3824 2347">
    <p class='ocr_par' dir='ltr' id='par_1_77' title="bbox 2241 2267 3824 2347">
     <span class='ocr_line' id='line_1_77' title="bbox 2241 2267 3824 2347; baseline 0.008 -27"><span class='ocrx_word' id='word_1_517' title='bbox 2241 2267 2268 2320; x_wconf 82' lang='lat'><strong>0</strong></span> <span class='ocrx_word' id='word_1_518' title='bbox 2277 2267 2478 2339; x_wconf 88' lang='grc' dir='ltr'>ρώπου,</span> <span class='ocrx_word' id='word_1_519' title='bbox 2496 2269 2590 2322; x_wconf 83' lang='grc' dir='ltr'>καὶ</span> <span class='ocrx_word' id='word_1_520' title='bbox 2608 2271 2887 2336; x_wconf 82' lang='grc' dir='ltr'>πετεινῶν,</span> <span class='ocrx_word' id='word_1_521' title='bbox 2907 2272 3001 2324; x_wconf 73' lang='grc' dir='ltr'>καὶ</span> <span class='ocrx_word' id='word_1_522' title='bbox 3020 2273 3384 2342; x_wconf 82' lang='grc' dir='ltr'>τετραπόδων,</span> <span class='ocrx_word' id='word_1_523' title='bbox 3408 2277 3500 2327; x_wconf 76' lang='grc' dir='ltr'><strong>καὶ</strong></span> <span class='ocrx_word' id='word_1_524' title='bbox 3519 2277 3789 2347; x_wconf 83' lang='grc' dir='ltr'>ἑρπετῶν.</span> <span class='ocrx_word' id='word_1_525' title='bbox 3805 2299 3824 2331; x_wconf 73' lang='grc' dir='ltr'>ι</span> 
     </span>
    </p>
   </div>
   <div class='ocr_carea' id='block_1_78' title="bbox 2239 2357 3829 2442">
    <p class='ocr_par' dir='ltr' id='par_1_78' title="bbox 2239 2357 3829 2442">
     <span class='ocr_line' id='line_1_78' title="bbox 2239 2357 3829 2442; baseline 0.007 -29"><span class='ocrx_word' id='word_1_526' title='bbox 2239 2357 2316 2413; x_wconf 85' lang='grc' dir='ltr'>Ἦ</span> <span class='ocrx_word' id='word_1_527' title='bbox 2345 2362 2453 2432; x_wconf 79' lang='grc' dir='ltr'><strong>γὰρ</strong></span> <span class='ocrx_word' id='word_1_528' title='bbox 2481 2362 2601 2432; x_wconf 73' lang='grc' dir='ltr'>οὐχὶ</span> <span class='ocrx_word' id='word_1_529' title='bbox 2631 2363 2724 2415; x_wconf 79' lang='grc' dir='ltr'>καὶ</span> <span class='ocrx_word' id='word_1_530' title='bbox 2750 2363 2907 2434; x_wconf 80' lang='grc' dir='ltr'>ἡμεῖς</span> <span class='ocrx_word' id='word_1_531' title='bbox 2932 2364 3105 2428; x_wconf 77' lang='grc' dir='ltr'>αὐτοὶ,</span> <span class='ocrx_word' id='word_1_532' title='bbox 3132 2365 3226 2418; x_wconf 78' lang='grc' dir='ltr'>καὶ</span> <span class='ocrx_word' id='word_1_533' title='bbox 3273 2368 3513 2438; x_wconf 71' lang='grc' dir='ltr'>ίσουργοὶ</span> <span class='ocrx_word' id='word_1_534' title='bbox 3561 2371 3653 2424; x_wconf 75' lang='grc' dir='ltr'><strong>καὶ</strong></span> <span class='ocrx_word' id='word_1_535' title='bbox 3685 2371 3829 2442; x_wconf 82' lang='grc' dir='ltr'>σύμ-</span> 
     </span>
    </p>
   </div>
   <div class='ocr_carea' id='block_1_79' title="bbox 2242 2454 3828 2529">
    <p class='ocr_par' dir='ltr' id='par_1_79' title="bbox 2242 2454 3828 2529">
     <span class='ocr_line' id='line_1_79' title="bbox 2242 2454 3828 2529; baseline 0.008 -26"><span class='ocrx_word' id='word_1_536' title='bbox 2242 2468 2437 2521; x_wconf 83' lang='grc' dir='ltr'>φρονες</span> <span class='ocrx_word' id='word_1_537' title='bbox 2477 2455 2590 2516; x_wconf 89' lang='grc' dir='ltr'>τοῖς</span> <span class='ocrx_word' id='word_1_538' title='bbox 2639 2454 3090 2525; x_wconf 85' lang='grc' dir='ltr'>μνημονευθεῖσιν</span> <span class='ocrx_word' id='word_1_539' title='bbox 3120 2456 3356 2526; x_wconf 78' lang='grc' dir='ltr'>ἐσόμεθα</span> <span class='ocrx_word' id='word_1_540' title='bbox 3379 2497 3393 2521; x_wconf 87' lang='grc'><strong>,</strong></span> <span class='ocrx_word' id='word_1_541' title='bbox 3434 2461 3533 2529; x_wconf 71' lang='grc' dir='ltr'>τὴν</span> <span class='ocrx_word' id='word_1_542' title='bbox 3559 2460 3654 2513; x_wconf 85' lang='grc' dir='ltr'><strong>τοῦ</strong></span> <span class='ocrx_word' id='word_1_543' title='bbox 3687 2461 3828 2516; x_wconf 84' lang='grc' dir='ltr'>Θεοῦ</span> 
     </span>
    </p>
   </div>
   <div class='ocr_carea' id='block_1_80' title="bbox 2239 2545 3830 2626">
    <p class='ocr_par' dir='ltr' id='par_1_80' title="bbox 2239 2545 3830 2626">
     <span class='ocr_line' id='line_1_80' title="bbox 2239 2545 3830 2626; baseline 0.006 -28"><span class='ocrx_word' id='word_1_544' title='bbox 2239 2545 2396 2612; x_wconf 77' lang='grc' dir='ltr'>δόξαν</span> <span class='ocrx_word' id='word_1_545' title='bbox 2444 2548 2502 2600; x_wconf 80' lang='grc' dir='ltr'>ἐν</span> <span class='ocrx_word' id='word_1_546' title='bbox 2550 2547 2626 2617; x_wconf 85' lang='grc' dir='ltr'>τῷ</span> <span class='ocrx_word' id='word_1_547' title='bbox 2672 2547 2856 2616; x_wconf 57' lang='grc' dir='ltr'><strong>ιιεεύδει</strong></span> <span class='ocrx_word' id='word_1_548' title='bbox 2909 2547 3383 2617; x_wconf 84' lang='grc' dir='ltr'>μεταλλάττοντες,</span> <span class='ocrx_word' id='word_1_549' title='bbox 3419 2554 3475 2606; x_wconf 82' lang='grc' dir='ltr'>ὲν</span> <span class='ocrx_word' id='word_1_550' title='bbox 3517 2555 3830 2626; x_wconf 81' lang='grc' dir='ltr'>ὁμοιώματι</span> 
     </span>
    </p>
   </div>
   <div class='ocr_carea' id='block_1_81' title="bbox 2240 2635 3830 2716">
    <p class='ocr_par' dir='ltr' id='par_1_81' title="bbox 2240 2635 3830 2716">
     <span class='ocr_line' id='line_1_81' title="bbox 2240 2635 3830 2716; baseline 0.009 -28"><span class='ocrx_word' id='word_1_551' title='bbox 2240 2635 2444 2700; x_wconf 84' lang='grc' dir='ltr'>εἰκόνος</span> <span class='ocrx_word' id='word_1_552' title='bbox 2480 2636 2718 2706; x_wconf 80' lang='grc' dir='ltr'>φθαρτοῦ</span> <span class='ocrx_word' id='word_1_553' title='bbox 2748 2637 3056 2710; x_wconf 84' lang='grc' dir='ltr'>ἀνθρώπου,</span> <span class='ocrx_word' id='word_1_554' title='bbox 3086 2641 3133 2692; x_wconf 86' lang='grc' dir='ltr'><strong>εί</strong></span> <span class='ocrx_word' id='word_1_555' title='bbox 3162 2641 3237 2704; x_wconf 86' lang='grc' dir='ltr'>ὼς</span> <span class='ocrx_word' id='word_1_556' title='bbox 3269 2641 3543 2714; x_wconf 82' lang='grc' dir='ltr'>ἀνθρώπῳ</span> <span class='ocrx_word' id='word_1_557' title='bbox 3568 2645 3712 2716; x_wconf 78' lang='grc' dir='ltr'>ψιλῷ</span> <span class='ocrx_word' id='word_1_558' title='bbox 3731 2648 3830 2702; x_wconf 77' lang='grc' dir='ltr'>καὶ</span> 
     </span>
    </p>
   </div>
   <div class='ocr_carea' id='block_1_82' title="bbox 2242 2725 3831 2807">
    <p class='ocr_par' dir='ltr' id='par_1_82' title="bbox 2242 2725 3831 2807">
     <span class='ocr_line' id='line_1_82' title="bbox 2242 2725 3831 2807; baseline 0.008 -30"><span class='ocrx_word' id='word_1_559' title='bbox 2242 2725 2321 2778; x_wconf 80' lang='grc' dir='ltr'>ἑνὶ</span> <span class='ocrx_word' id='word_1_560' title='bbox 2346 2726 2454 2779; x_wconf 85' lang='grc' dir='ltr'><strong>τῶν</strong></span> <span class='ocrx_word' id='word_1_561' title='bbox 2487 2726 2606 2780; x_wconf 89' lang='grc' dir='ltr'>καθ’</span> <span class='ocrx_word' id='word_1_562' title='bbox 2637 2728 2784 2798; x_wconf 80' lang='grc' dir='ltr'>ἡμᾶς</span> <span class='ocrx_word' id='word_1_563' title='bbox 2827 2728 3188 2800; x_wconf 79' lang='grc' dir='ltr'>προσοίσομεν</span> <span class='ocrx_word' id='word_1_564' title='bbox 3218 2729 3316 2800; x_wconf 84' lang='grc' dir='ltr'><strong>τὴν</strong></span> <span class='ocrx_word' id='word_1_565' title='bbox 3350 2732 3720 2804; x_wconf 80' lang='grc' dir='ltr'>προσκύνησιν</span> <span class='ocrx_word' id='word_1_566' title='bbox 3753 2737 3831 2807; x_wconf 84' lang='grc' dir='ltr'>τῷ</span> 
     </span>
    </p>
   </div>
   <div class='ocr_carea' id='block_1_83' title="bbox 2255 2817 2640 2889">
    <p class='ocr_par' dir='ltr' id='par_1_83' title="bbox 2255 2817 2640 2889">
     <span class='ocr_line' id='line_1_83' title="bbox 2255 2817 2640 2889; baseline 0.005 -21"><span class='ocrx_word' id='word_1_567' title='bbox 2255 2817 2606 2889; x_wconf 78' lang='grc' dir='ltr'>Ἐμμανουήλ</span> <span class='ocrx_word' id='word_1_568' title='bbox 2626 2834 2640 2883; x_wconf 90' lang='lat'><strong>;</strong></span> 
     </span>
    </p>
   </div>
   <div class='ocr_carea' id='block_1_84' title="bbox 2313 2910 2734 2980">
    <p class='ocr_par' dir='ltr' id='par_1_84' title="bbox 2313 2910 2734 2980">
     <span class='ocr_line' id='line_1_84' title="bbox 2313 2910 2734 2980; baseline 0 -18"><span class='ocrx_word' id='word_1_569' title='bbox 2313 2911 2372 2966; x_wconf 88' lang='grc' dir='ltr'>Β.</span> <span class='ocrx_word' id='word_1_570' title='bbox 2415 2912 2525 2964; x_wconf 79' lang='grc' dir='ltr'>Καὶ</span> <span class='ocrx_word' id='word_1_571' title='bbox 2567 2910 2734 2980; x_wconf 85' lang='grc' dir='ltr'>μάλα.</span> 
     </span>
    </p>
   </div>
   <div class='ocr_carea' id='block_1_85' title="bbox 2312 3001 3828 3078">
    <p class='ocr_par' dir='ltr' id='par_1_85' title="bbox 2312 3001 3828 3078">
     <span class='ocr_line' id='line_1_85' title="bbox 2312 3001 3828 3078; baseline 0.007 -25"><span class='ocrx_word' id='word_1_572' title='bbox 2312 3003 2377 3054; x_wconf 81' lang='grc' dir='ltr'>Α.</span> <span class='ocrx_word' id='word_1_573' title='bbox 2418 3001 2484 3054; x_wconf 85' lang='grc' dir='ltr'><strong>Τί</strong></span> <span class='ocrx_word' id='word_1_574' title='bbox 2522 3001 2612 3067; x_wconf 82' lang='grc' dir='ltr'><strong>δέ;</strong></span> <span class='ocrx_word' id='word_1_575' title='bbox 2653 3002 2776 3072; x_wconf 76' lang='grc' dir='ltr'><strong>οὐχὶ</strong></span> <span class='ocrx_word' id='word_1_576' title='bbox 2810 3003 2902 3056; x_wconf 80' lang='grc' dir='ltr'>καὶ</span> <span class='ocrx_word' id='word_1_577' title='bbox 2934 3003 3071 3075; x_wconf 76' lang='grc' dir='ltr'>αὑτὴ</span> <span class='ocrx_word' id='word_1_578' title='bbox 3103 3005 3212 3059; x_wconf 87' lang='grc' dir='ltr'><strong>τῶν</strong></span> <span class='ocrx_word' id='word_1_579' title='bbox 3255 3007 3505 3076; x_wconf 81' lang='grc' dir='ltr'>ἀγγέλων</span> <span class='ocrx_word' id='word_1_580' title='bbox 3536 3010 3569 3078; x_wconf 86' lang='grc' dir='ltr'>ὴ</span> <span class='ocrx_word' id='word_1_581' title='bbox 3619 3009 3828 3064; x_wconf 78' lang='grc' dir='ltr'>ἄνωθεν</span> 
     </span>
    </p>
   </div>
   <div class='ocr_carea' id='block_1_86' title="bbox 2242 3091 3782 3169">
    <p class='ocr_par' dir='ltr' id='par_1_86' title="bbox 2242 3091 3782 3169">
     <span class='ocr_line' id='line_1_86' title="bbox 2242 3091 3782 3169; baseline 0.008 -24"><span class='ocrx_word' id='word_1_582' title='bbox 2242 3091 2472 3164; x_wconf 83' lang='grc' dir='ltr'>πληθὺς,</span> <span class='ocrx_word' id='word_1_583' title='bbox 2490 3096 2602 3158; x_wconf 73' lang='grc' dir='ltr'>τοῖς</span> <span class='ocrx_word' id='word_1_584' title='bbox 2630 3095 2709 3158; x_wconf 76' lang='grc' dir='ltr'>εἰς</span> <span class='ocrx_word' id='word_1_585' title='bbox 2738 3093 2894 3148; x_wconf 86' lang='grc' dir='ltr'>τοῦτο</span> <span class='ocrx_word' id='word_1_586' title='bbox 2919 3097 3114 3165; x_wconf 86' lang='grc' dir='ltr'>μανίας</span> <span class='ocrx_word' id='word_1_587' title='bbox 3142 3097 3336 3168; x_wconf 77' lang='grc' dir='ltr'>ἥκουσι</span> <span class='ocrx_word' id='word_1_588' title='bbox 3371 3101 3782 3169; x_wconf 80' lang='grc' dir='ltr'>συντετάξετσ.ι;</span> 
     </span>
    </p>
   </div>
   <div class='ocr_carea' id='block_1_87' title="bbox 2315 3185 2670 3257">
    <p class='ocr_par' dir='ltr' id='par_1_87' title="bbox 2315 3185 2670 3257">
     <span class='ocr_line' id='line_1_87' title="bbox 2315 3185 2670 3257; baseline 0.008 -19"><span class='ocrx_word' id='word_1_589' title='bbox 2315 3187 2374 3239; x_wconf 89' lang='grc' dir='ltr'>Β.</span> <span class='ocrx_word' id='word_1_590' title='bbox 2407 3185 2670 3257; x_wconf 82' lang='grc' dir='ltr'><strong>Ἀνάγκη.</strong></span> 
     </span>
    </p>
   </div>
   <div class='ocr_carea' id='block_1_88' title="bbox 2169 3253 3832 3355">
    <p class='ocr_par' dir='ltr' id='par_1_88' title="bbox 2169 3253 3832 3355">
     <span class='ocr_line' id='line_1_88' title="bbox 2169 3253 3832 3355; baseline 0.006 -26"><span class='ocrx_word' id='word_1_591' title='bbox 2169 3253 2208 3308; x_wconf 70' lang='lat' dir='ltr'>C</span> <span class='ocrx_word' id='word_1_592' title='bbox 2313 3279 2376 3330; x_wconf 85' lang='lat' dir='ltr'><strong>A.</strong></span> <span class='ocrx_word' id='word_1_593' title='bbox 2408 3253 2744 3349; x_wconf 64' lang='grc' dir='ltr'>’Λνεξίτήτον</span> <span class='ocrx_word' id='word_1_594' title='bbox 2771 3277 2849 3343; x_wconf 77' lang='grc' dir='ltr'><strong>δὲ,</strong></span> <span class='ocrx_word' id='word_1_595' title='bbox 2877 3274 3030 3349; x_wconf 75' lang='grc' dir='ltr'>οἶμαί</span> <span class='ocrx_word' id='word_1_596' title='bbox 3064 3299 3188 3344; x_wconf 86' lang='grc' dir='ltr'>που,</span> <span class='ocrx_word' id='word_1_597' title='bbox 3219 3282 3318 3353; x_wconf 78' lang='grc' dir='ltr'><strong>τὴν</strong></span> <span class='ocrx_word' id='word_1_598' title='bbox 3345 3283 3438 3336; x_wconf 77' lang='grc' dir='ltr'><strong>ἐπὶ</strong></span> <span class='ocrx_word' id='word_1_599' title='bbox 3453 3283 3529 3355; x_wconf 81' lang='grc' dir='ltr'><strong>τῷ</strong></span> <span class='ocrx_word' id='word_1_600' title='bbox 3547 3285 3832 3354; x_wconf 82' lang='grc' dir='ltr'>πεπλανῆ-</span> 
     </span>
    </p>
   </div>
   <div class='ocr_carea' id='block_1_89' title="bbox 2245 3368 3827 3446">
    <p class='ocr_par' dir='ltr' id='par_1_89' title="bbox 2245 3368 3827 3446">
     <span class='ocr_line' id='line_1_89' title="bbox 2245 3368 3827 3446; baseline 0.005 -25"><span class='ocrx_word' id='word_1_601' title='bbox 2245 3368 2368 3422; x_wconf 86' lang='grc' dir='ltr'>σθαι</span> <span class='ocrx_word' id='word_1_602' title='bbox 2400 3369 2619 3442; x_wconf 85' lang='grc' dir='ltr'>γραφὴν</span> <span class='ocrx_word' id='word_1_603' title='bbox 2647 3371 2740 3423; x_wconf 77' lang='grc' dir='ltr'>καὶ</span> <span class='ocrx_word' id='word_1_604' title='bbox 2789 3373 2857 3441; x_wconf 80' lang='grc' dir='ltr'>τῇ</span> <span class='ocrx_word' id='word_1_605' title='bbox 2894 3371 3001 3423; x_wconf 90' lang='grc' dir='ltr'><strong>τῶν</strong></span> <span class='ocrx_word' id='word_1_606' title='bbox 3047 3371 3215 3425; x_wconf 84' lang='grc' dir='ltr'>ἐθνῶν</span> <span class='ocrx_word' id='word_1_607' title='bbox 3241 3374 3411 3446; x_wconf 81' lang='grc' dir='ltr'><strong>ἀγέλῃ</strong></span> <span class='ocrx_word' id='word_1_608' title='bbox 3435 3375 3827 3446; x_wconf 84' lang='grc' dir='ltr'>περιθήσομεν,</span> 
     </span>
    </p>
   </div>
   <div class='ocr_carea' id='block_1_90' title="bbox 2245 3462 3832 3537">
    <p class='ocr_par' dir='ltr' id='par_1_90' title="bbox 2245 3462 3832 3537">
     <span class='ocr_line' id='line_1_90' title="bbox 2245 3462 3832 3537; baseline 0.004 -21"><span class='ocrx_word' id='word_1_609' title='bbox 2245 3462 2338 3516; x_wconf 72' lang='grc' dir='ltr'>καὶ</span> <span class='ocrx_word' id='word_1_610' title='bbox 2369 3462 2768 3516; x_wconf 87' lang='grc' dir='ltr'>δυσαπόνιπτον</span> <span class='ocrx_word' id='word_1_611' title='bbox 2818 3463 2927 3526; x_wconf 76' lang='grc' dir='ltr'>ἔξει</span> <span class='ocrx_word' id='word_1_612' title='bbox 2972 3462 3079 3516; x_wconf 86' lang='grc' dir='ltr'><strong>τῶν</strong></span> <span class='ocrx_word' id='word_1_613' title='bbox 3127 3464 3372 3536; x_wconf 83' lang='grc' dir='ltr'>ἀρχαίων</span> <span class='ocrx_word' id='word_1_614' title='bbox 3399 3469 3740 3537; x_wconf 78' lang='grc' dir='ltr'>αἰτιαμάτων</span> <span class='ocrx_word' id='word_1_615' title='bbox 3769 3470 3832 3522; x_wconf 84' lang='grc' dir='ltr'><strong>τὸ</strong></span> 
     </span>
    </p>
   </div>
   <div class='ocr_carea' id='block_1_91' title="bbox 2245 3547 3846 3629">
    <p class='ocr_par' dir='ltr' id='par_1_91' title="bbox 2245 3547 3846 3629">
     <span class='ocr_line' id='line_1_91' title="bbox 2245 3547 3846 3629; baseline 0.004 -25"><span class='ocrx_word' id='word_1_616' title='bbox 2245 3552 2460 3621; x_wconf 73' lang='grc' dir='ltr'>βλάϐος.</span> <span class='ocrx_word' id='word_1_617' title='bbox 2481 3553 2750 3606; x_wconf 80' lang='grc' dir='ltr'>Πλανᾶται</span> <span class='ocrx_word' id='word_1_618' title='bbox 2774 3552 2901 3622; x_wconf 81' lang='grc' dir='ltr'>γὰρ,</span> <span class='ocrx_word' id='word_1_619' title='bbox 2931 3547 3108 3622; x_wconf 79' lang='grc' dir='ltr'>οἶμαι,</span> <span class='ocrx_word' id='word_1_620' title='bbox 3127 3556 3218 3607; x_wconf 71' lang='grc' dir='ltr'>καὶ</span> <span class='ocrx_word' id='word_1_621' title='bbox 3247 3553 3360 3623; x_wconf 88' lang='grc' dir='ltr'>νῦν,</span> <span class='ocrx_word' id='word_1_622' title='bbox 3378 3558 3469 3610; x_wconf 79' lang='grc' dir='ltr'>καὶ</span> <span class='ocrx_word' id='word_1_623' title='bbox 3494 3558 3644 3610; x_wconf 79' lang='grc' dir='ltr'>οὐδὲν</span> <span class='ocrx_word' id='word_1_624' title='bbox 3667 3552 3846 3629; x_wconf 81' lang='grc' dir='ltr'>ἦττον-</span> 
     </span>
    </p>
   </div>
   <div class='ocr_carea' id='block_1_92' title="bbox 2243 3644 3832 3720">
    <p class='ocr_par' dir='ltr' id='par_1_92' title="bbox 2243 3644 3832 3720">
     <span class='ocr_line' id='line_1_92' title="bbox 2243 3644 3832 3720; baseline 0.005 -24"><span class='ocrx_word' id='word_1_625' title='bbox 2243 3645 2276 3714; x_wconf 80' lang='grc' dir='ltr'>ἣ</span> <span class='ocrx_word' id='word_1_626' title='bbox 2331 3645 2518 3709; x_wconf 84' lang='grc' dir='ltr'>πάλαι,</span> <span class='ocrx_word' id='word_1_627' title='bbox 2566 3645 2660 3697; x_wconf 75' lang='grc' dir='ltr'><strong>καὶ</strong></span> <span class='ocrx_word' id='word_1_628' title='bbox 2708 3644 2804 3713; x_wconf 82' lang='grc' dir='ltr'>τὴν</span> <span class='ocrx_word' id='word_1_629' title='bbox 2853 3645 2934 3708; x_wconf 85' lang='grc' dir='ltr'><strong>είς</strong></span> <span class='ocrx_word' id='word_1_630' title='bbox 2982 3646 3112 3700; x_wconf 84' lang='grc' dir='ltr'>εὐθὺ</span> <span class='ocrx_word' id='word_1_631' title='bbox 3147 3647 3556 3718; x_wconf 77' lang='grc' dir='ltr'>διαστείχουσαν</span> <span class='ocrx_word' id='word_1_632' title='bbox 3589 3651 3832 3720; x_wconf 73' lang='grc' dir='ltr'>ἠγνόηκε</span> 
     </span>
    </p>
   </div>
   <div class='ocr_carea' id='block_1_93' title="bbox 2244 3735 3830 3811">
    <p class='ocr_par' dir='ltr' id='par_1_93' title="bbox 2244 3735 3830 3811">
     <span class='ocr_line' id='line_1_93' title="bbox 2244 3735 3830 3811; baseline 0.004 -23"><span class='ocrx_word' id='word_1_633' title='bbox 2244 3735 2447 3805; x_wconf 82' lang='grc' dir='ltr'>τρίὸον.</span> <span class='ocrx_word' id='word_1_634' title='bbox 2482 3736 2591 3790; x_wconf 58' lang='grc' dir='ltr'><strong>Καὶ⁵</strong></span> <span class='ocrx_word' id='word_1_635' title='bbox 2621 3737 2892 3806; x_wconf 66' lang='grc' dir='ltr'>περιττὸς,</span> <span class='ocrx_word' id='word_1_636' title='bbox 2917 3735 2990 3799; x_wconf 85' lang='grc' dir='ltr'>ὡς</span> <span class='ocrx_word' id='word_1_637' title='bbox 3015 3738 3212 3803; x_wconf 78' lang='grc' dir='ltr'>ἔοικεν,</span> <span class='ocrx_word' id='word_1_638' title='bbox 3242 3740 3270 3791; x_wconf 87' lang='grc' dir='ltr'>ὁ</span> <span class='ocrx_word' id='word_1_639' title='bbox 3293 3742 3563 3811; x_wconf 84' lang='grc' dir='ltr'>μακάριος</span> <span class='ocrx_word' id='word_1_640' title='bbox 3594 3741 3830 3806; x_wconf 85' lang='grc' dir='ltr'>Παῦλος,</span> 
     </span>
    </p>
   </div>
   <div class='ocr_carea' id='block_1_94' title="bbox 2244 3827 3832 3902">
    <p class='ocr_par' dir='ltr' id='par_1_94' title="bbox 2244 3827 3832 3902">
     <span class='ocr_line' id='line_1_94' title="bbox 2244 3827 3832 3902; baseline 0.004 -22"><span class='ocrx_word' id='word_1_641' title='bbox 2244 3827 2580 3898; x_wconf 82' lang='grc' dir='ltr'>προσφωνῶν</span> <span class='ocrx_word' id='word_1_642' title='bbox 2602 3844 2661 3879; x_wconf 89' lang='grc' dir='ltr'><strong>τε</strong></span> <span class='ocrx_word' id='word_1_643' title='bbox 2683 3829 2861 3892; x_wconf 86' lang='grc' dir='ltr'>αὐτοῖς</span> <span class='ocrx_word' id='word_1_644' title='bbox 2893 3830 2985 3880; x_wconf 77' lang='grc' dir='ltr'>καὶ</span> <span class='ocrx_word' id='word_1_645' title='bbox 3016 3827 3239 3898; x_wconf 74' lang='grc' dir='ltr'>λέγων’(</span> <span class='ocrx_word' id='word_1_646' title='bbox 3265 3830 3423 3886; x_wconf 84' lang='grc' dir='ltr'>Ἀλλά</span> <span class='ocrx_word' id='word_1_647' title='bbox 3450 3831 3570 3884; x_wconf 85' lang='grc' dir='ltr'>τότε</span> <span class='ocrx_word' id='word_1_648' title='bbox 3601 3833 3702 3902; x_wconf 83' lang='grc' dir='ltr'><strong>μὲν</strong></span> <span class='ocrx_word' id='word_1_649' title='bbox 3727 3835 3832 3888; x_wconf 84' lang='grc' dir='ltr'><strong>οὐκ</strong></span> 
     </span>
    </p>
   </div>
   <div class='ocr_carea' id='block_1_95' title="bbox 2243 3919 3832 3992">
    <p class='ocr_par' dir='ltr' id='par_1_95' title="bbox 2243 3919 3832 3992">
     <span class='ocr_line' id='line_1_95' title="bbox 2243 3919 3832 3992; baseline 0.004 -21"><span class='ocrx_word' id='word_1_650' title='bbox 2243 3919 2444 3983; x_wconf 78' lang='grc' dir='ltr'>εἰδότες</span> <span class='ocrx_word' id='word_1_651' title='bbox 2463 3919 2615 3984; x_wconf 84' lang='grc' dir='ltr'>Θεὸν,</span> <span class='ocrx_word' id='word_1_652' title='bbox 2640 3919 2985 3972; x_wconf 78' lang='grc' dir='ltr'>ἐδουλεύσατε</span> <span class='ocrx_word' id='word_1_653' title='bbox 3029 3922 3142 3984; x_wconf 87' lang='grc' dir='ltr'>τοῖς</span> <span class='ocrx_word' id='word_1_654' title='bbox 3194 3921 3268 3992; x_wconf 82' lang='grc' dir='ltr'>μὴ</span> <span class='ocrx_word' id='word_1_655' title='bbox 3321 3921 3478 3990; x_wconf 82' lang='grc' dir='ltr'>φύσει</span> <span class='ocrx_word' id='word_1_656' title='bbox 3509 3923 3670 3987; x_wconf 80' lang='grc' dir='ltr'>θεοῖς.</span> <span class='ocrx_word' id='word_1_657' title='bbox 3689 3925 3832 3978; x_wconf 80' lang='grc' dir='ltr'>Νυνὶ</span> 
     </span>
    </p>
   </div>
   <div class='ocr_carea' id='block_1_96' title="bbox 2243 4010 3833 4081">
    <p class='ocr_par' dir='ltr' id='par_1_96' title="bbox 2243 4010 3833 4081">
     <span class='ocr_line' id='line_1_96' title="bbox 2243 4010 3833 4081; baseline 0.001 -16"><span class='ocrx_word' id='word_1_658' title='bbox 2243 4012 2300 4065; x_wconf 82' lang='grc' dir='ltr'>δὲ</span> <span class='ocrx_word' id='word_1_659' title='bbox 2326 4012 2543 4080; x_wconf 84' lang='grc' dir='ltr'>γνόντες</span> <span class='ocrx_word' id='word_1_660' title='bbox 2574 4011 2726 4076; x_wconf 85' lang='grc' dir='ltr'>Θεὸν,</span> <span class='ocrx_word' id='word_1_661' title='bbox 2755 4011 2954 4081; x_wconf 81' lang='grc' dir='ltr'>μᾶλλον</span> <span class='ocrx_word' id='word_1_662' title='bbox 2979 4010 3034 4062; x_wconf 79' lang='grc' dir='ltr'>δὲ</span> <span class='ocrx_word' id='word_1_663' title='bbox 3062 4011 3392 4080; x_wconf 79' lang='grc' dir='ltr'>γνωσθέντες</span> <span class='ocrx_word' id='word_1_664' title='bbox 3421 4013 3523 4065; x_wconf 71' lang='grc' dir='ltr'><strong>ὑπὸ</strong></span> <span class='ocrx_word' id='word_1_665' title='bbox 3545 4012 3641 4066; x_wconf 88' lang='grc' dir='ltr'><strong>τοῦ</strong></span> <span class='ocrx_word' id='word_1_666' title='bbox 3663 4013 3833 4081; x_wconf 83' lang='grc' dir='ltr'>Θεοῦ,</span> 
     </span>
    </p>
   </div>
   <div class='ocr_carea' id='block_1_97' title="bbox 2245 4102 3830 4178">
    <p class='ocr_par' dir='ltr' id='par_1_97' title="bbox 2245 4102 3830 4178">
     <span class='ocr_line' id='line_1_97' title="bbox 2245 4102 3830 4178; baseline 0.003 -21"><span class='ocrx_word' id='word_1_667' title='bbox 2245 4105 2360 4166; x_wconf 85' lang='grc' dir='ltr'><strong>πῶς</strong></span> <span class='ocrx_word' id='word_1_668' title='bbox 2391 4103 2747 4174; x_wconf 77' lang='grc' dir='ltr'>ἐπιστρέφετε</span> <span class='ocrx_word' id='word_1_669' title='bbox 2779 4103 2940 4156; x_wconf 80' lang='grc' dir='ltr'>πάλιν</span> <span class='ocrx_word' id='word_1_670' title='bbox 2985 4105 3077 4156; x_wconf 77' lang='grc' dir='ltr'>ἐπὶ</span> <span class='ocrx_word' id='word_1_671' title='bbox 3123 4102 3193 4156; x_wconf 85' lang='grc' dir='ltr'>τὰ</span> <span class='ocrx_word' id='word_1_672' title='bbox 3235 4103 3440 4175; x_wconf 81' lang='grc' dir='ltr'>ἀσθενῆ</span> <span class='ocrx_word' id='word_1_673' title='bbox 3493 4109 3588 4160; x_wconf 75' lang='grc' dir='ltr'><strong>καὶ</strong></span> <span class='ocrx_word' id='word_1_674' title='bbox 3632 4110 3830 4178; x_wconf 80' lang='grc' dir='ltr'>πτωχά</span> 
     </span>
    </p>
   </div>
   <div class='ocr_carea' id='block_1_98' title="bbox 2246 4191 3830 4268">
    <p class='ocr_par' dir='ltr' id='par_1_98' title="bbox 2246 4191 3830 4268">
     <span class='ocr_line' id='line_1_98' title="bbox 2246 4191 3830 4268; baseline 0.004 -18"><span class='ocrx_word' id='word_1_675' title='bbox 2246 4201 2505 4267; x_wconf 81' lang='grc' dir='ltr'>στοιχεῖα,</span> <span class='ocrx_word' id='word_1_676' title='bbox 2534 4191 2614 4260; x_wconf 75' lang='grc' dir='ltr'><strong>οἷς</strong></span> <span class='ocrx_word' id='word_1_677' title='bbox 2644 4197 2806 4250; x_wconf 83' lang='grc' dir='ltr'>πάλιν</span> <span class='ocrx_word' id='word_1_678' title='bbox 2834 4197 3038 4252; x_wconf 78' lang='grc' dir='ltr'>ἄνωθεν</span> <span class='ocrx_word' id='word_1_679' title='bbox 3066 4197 3335 4254; x_wconf 86' lang='grc' dir='ltr'>δουλεύειν</span> <span class='ocrx_word' id='word_1_680' title='bbox 3367 4199 3550 4254; x_wconf 83' lang='grc' dir='ltr'>θέλετε</span> <span class='ocrx_word' id='word_1_681' title='bbox 3570 4219 3588 4268; x_wconf 86' lang='grc'>;</span> <span class='ocrx_word' id='word_1_682' title='bbox 3610 4221 3627 4254; x_wconf 79' lang='grc' dir='ltr'>ι</span> <span class='ocrx_word' id='word_1_683' title='bbox 3667 4203 3830 4257; x_wconf 79' lang='grc' dir='ltr'>Ποῖον</span> 
     </span>
    </p>
   </div>
   <div class='ocr_carea' id='block_1_99' title="bbox 2243 4287 3826 4366">
    <p class='ocr_par' dir='ltr' id='par_1_99' title="bbox 2243 4287 3826 4366">
     <span class='ocr_line' id='line_1_99' title="bbox 2243 4287 3826 4366; baseline 0.006 -25"><span class='ocrx_word' id='word_1_684' title='bbox 2243 4289 2351 4360; x_wconf 90' lang='grc' dir='ltr'><strong>γάρ</strong></span> <span class='ocrx_word' id='word_1_685' title='bbox 2375 4289 2454 4342; x_wconf 76' lang='grc' dir='ltr'>ἔτι</span> <span class='ocrx_word' id='word_1_686' title='bbox 2481 4288 2614 4341; x_wconf 75' lang='grc' dir='ltr'>Θεὸν</span> <span class='ocrx_word' id='word_1_687' title='bbox 2642 4287 2965 4357; x_wconf 79' lang='grc' dir='ltr'>ἐγνώκασιν,</span> <span class='ocrx_word' id='word_1_688' title='bbox 2997 4292 3045 4343; x_wconf 79' lang='grc' dir='ltr'>εἰ</span> <span class='ocrx_word' id='word_1_689' title='bbox 3077 4290 3150 4362; x_wconf 80' lang='grc' dir='ltr'>μὴ</span> <span class='ocrx_word' id='word_1_690' title='bbox 3183 4290 3340 4360; x_wconf 88' lang='grc' dir='ltr'>φύσει</span> <span class='ocrx_word' id='word_1_691' title='bbox 3365 4293 3498 4356; x_wconf 80' lang='grc' dir='ltr'>Θεὸς</span> <span class='ocrx_word' id='word_1_692' title='bbox 3517 4296 3545 4348; x_wconf 90' lang='grc' dir='ltr'>ὁ</span> <span class='ocrx_word' id='word_1_693' title='bbox 3568 4296 3826 4366; x_wconf 83' lang='grc' dir='ltr'>Χριστὸς,</span> 
     </span>
    </p>
   </div>
   <div class='ocr_carea' id='block_1_100' title="bbox 2244 4379 3825 4457">
    <p class='ocr_par' dir='ltr' id='par_1_100' title="bbox 2244 4379 3825 4457">
     <span class='ocr_line' id='line_1_100' title="bbox 2244 4379 3825 4457; baseline 0.004 -26"><span class='ocrx_word' id='word_1_694' title='bbox 2244 4382 2324 4442; x_wconf 86' lang='grc' dir='ltr'>εἰς</span> <span class='ocrx_word' id='word_1_695' title='bbox 2346 4380 2406 4432; x_wconf 83' lang='grc' dir='ltr'>ὃν</span> <span class='ocrx_word' id='word_1_696' title='bbox 2437 4379 2870 4447; x_wconf 87' lang='grc' dir='ltr'>πεπιστεύκασι;</span> <span class='ocrx_word' id='word_1_697' title='bbox 2901 4382 3010 4434; x_wconf 73' lang='grc' dir='ltr'>Καὶ</span> <span class='ocrx_word' id='word_1_698' title='bbox 3028 4383 3076 4433; x_wconf 77' lang='grc' dir='ltr'>εἰ</span> <span class='ocrx_word' id='word_1_699' title='bbox 3095 4382 3514 4454; x_wconf 83' lang='grc' dir='ltr'>λελατρεύκασιν</span> <span class='ocrx_word' id='word_1_700' title='bbox 3527 4384 3825 4457; x_wconf 79' lang='grc' dir='ltr'>ἀνθρώπῳ,</span> 
     </span>
    </p>
   </div>
   <div class='ocr_carea' id='block_1_101' title="bbox 2243 4469 3828 4546">
    <p class='ocr_par' dir='ltr' id='par_1_101' title="bbox 2243 4469 3828 4546">
     <span class='ocr_line' id='line_1_101' title="bbox 2243 4469 3828 4546; baseline 0.006 -26"><span class='ocrx_word' id='word_1_701' title='bbox 2243 4471 2355 4531; x_wconf 80' lang='grc' dir='ltr'>τοῖς</span> <span class='ocrx_word' id='word_1_702' title='bbox 2387 4470 2486 4538; x_wconf 84' lang='grc' dir='ltr'><strong>τῆς</strong></span> <span class='ocrx_word' id='word_1_703' title='bbox 2529 4469 2763 4541; x_wconf 84' lang='grc' dir='ltr'>ἀρχαίας</span> <span class='ocrx_word' id='word_1_704' title='bbox 2814 4470 3133 4541; x_wconf 86' lang='grc' dir='ltr'>πλανήσεως</span> <span class='ocrx_word' id='word_1_705' title='bbox 3174 4471 3446 4542; x_wconf 83' lang='grc' dir='ltr'>ἐνέχονται</span> <span class='ocrx_word' id='word_1_706' title='bbox 3473 4473 3712 4546; x_wconf 82' lang='grc' dir='ltr'>βρόχοις.</span> <span class='ocrx_word' id='word_1_707' title='bbox 3755 4479 3828 4529; x_wconf 80' lang='grc' dir='ltr'>Ἰι</span> 
     </span>
    </p>
   </div>
   <div class='ocr_carea' id='block_1_102' title="bbox 2173 4563 2856 4634">
    <p class='ocr_par' dir='ltr' id='par_1_102' title="bbox 2173 4563 2856 4634">
     <span class='ocr_line' id='line_1_102' title="bbox 2173 4563 2856 4634; baseline 0.004 -20"><span class='ocrx_word' id='word_1_708' title='bbox 2173 4581 2218 4634; x_wconf 73' lang='grc' dir='ltr'><strong>ι)</strong></span> <span class='ocrx_word' id='word_1_709' title='bbox 2246 4563 2344 4615; x_wconf 84' lang='grc' dir='ltr'><strong>οὐκ</strong></span> <span class='ocrx_word' id='word_1_710' title='bbox 2382 4563 2579 4634; x_wconf 80' lang='grc' dir='ltr'>ἀληθὲς</span> <span class='ocrx_word' id='word_1_711' title='bbox 2615 4565 2642 4616; x_wconf 85' lang='grc' dir='ltr'>ὅ</span> <span class='ocrx_word' id='word_1_712' title='bbox 2680 4581 2856 4633; x_wconf 85' lang='grc' dir='ltr'>φημι;</span> 
     </span>
    </p>
   </div>
   <div class='ocr_carea' id='block_1_103' title="bbox 2319 4651 2865 4724">
    <p class='ocr_par' dir='ltr' id='par_1_103' title="bbox 2319 4651 2865 4724">
     <span class='ocr_line' id='line_1_103' title="bbox 2319 4651 2865 4724; baseline 0.002 -18"><span class='ocrx_word' id='word_1_713' title='bbox 2319 4655 2381 4708; x_wconf 87' lang='grc' dir='ltr'><strong>Β.</strong></span> <span class='ocrx_word' id='word_1_714' title='bbox 2422 4655 2572 4709; x_wconf 87' lang='grc' dir='ltr'>Πάνυ</span> <span class='ocrx_word' id='word_1_715' title='bbox 2616 4655 2716 4724; x_wconf 82' lang='grc' dir='ltr'>μὲν</span> <span class='ocrx_word' id='word_1_716' title='bbox 2754 4651 2865 4708; x_wconf 85' lang='grc' dir='ltr'>οῦν.</span> 
     </span>
    </p>
   </div>
   <div class='ocr_carea' id='block_1_104' title="bbox 2316 4742 3832 4822">
    <p class='ocr_par' dir='ltr' id='par_1_104' title="bbox 2316 4742 3832 4822">
     <span class='ocr_line' id='line_1_104' title="bbox 2316 4742 3832 4822; baseline 0.005 -25"><span class='ocrx_word' id='word_1_717' title='bbox 2316 4748 2380 4799; x_wconf 77' lang='grc' dir='ltr'>Α.</span> <span class='ocrx_word' id='word_1_718' title='bbox 2405 4744 2594 4816; x_wconf 76' lang='grc' dir='ltr'>Ἀθρει</span> <span class='ocrx_word' id='word_1_719' title='bbox 2623 4744 2686 4815; x_wconf 87' lang='grc' dir='ltr'>δὴ</span> <span class='ocrx_word' id='word_1_720' title='bbox 2714 4742 2828 4810; x_wconf 85' lang='grc' dir='ltr'>οῦν,</span> <span class='ocrx_word' id='word_1_721' title='bbox 2869 4747 3017 4809; x_wconf 77' lang='grc' dir='ltr'>ὅπως</span> <span class='ocrx_word' id='word_1_722' title='bbox 3059 4747 3118 4812; x_wconf 77' lang='grc' dir='ltr'>ἐξ</span> <span class='ocrx_word' id='word_1_723' title='bbox 3167 4748 3481 4818; x_wconf 77' lang='grc' dir='ltr'>ἀναγκαίων</span> <span class='ocrx_word' id='word_1_724' title='bbox 3508 4750 3607 4822; x_wconf 73' lang='grc' dir='ltr'><strong>ἤδη</strong></span> <span class='ocrx_word' id='word_1_725' title='bbox 3639 4752 3832 4805; x_wconf 75' lang='grc' dir='ltr'>συλλοο</span> 
     </span>
    </p>
   </div>
   <div class='ocr_carea' id='block_1_105' title="bbox 2244 4835 3826 4913">
    <p class='ocr_par' dir='ltr' id='par_1_105' title="bbox 2244 4835 3826 4913">
     <span class='ocr_line' id='line_1_105' title="bbox 2244 4835 3826 4913; baseline 0.006 -27"><span class='ocrx_word' id='word_1_726' title='bbox 2244 4835 2456 4906; x_wconf 89' lang='grc' dir='ltr'>γισμῶν</span> <span class='ocrx_word' id='word_1_727' title='bbox 2512 4836 2793 4906; x_wconf 76' lang='grc' dir='ltr'>μονονουχὶ</span> <span class='ocrx_word' id='word_1_728' title='bbox 2851 4838 2945 4889; x_wconf 76' lang='grc' dir='ltr'><strong>καὶ</strong></span> <span class='ocrx_word' id='word_1_729' title='bbox 3008 4837 3106 4906; x_wconf 80' lang='grc' dir='ltr'>οὐχ</span> <span class='ocrx_word' id='word_1_730' title='bbox 3159 4839 3376 4904; x_wconf 81' lang='grc' dir='ltr'>ἑκόντες</span> <span class='ocrx_word' id='word_1_731' title='bbox 3431 4842 3826 4913; x_wconf 85' lang='grc' dir='ltr'>συνωθούμεθα</span> 
     </span>
    </p>
   </div>
   <div class='ocr_carea' id='block_1_106' title="bbox 2245 4925 3834 5002">
    <p class='ocr_par' dir='ltr' id='par_1_106' title="bbox 2245 4925 3834 5002">
     <span class='ocr_line' id='line_1_106' title="bbox 2245 4925 3834 5002; baseline 0.006 -25"><span class='ocrx_word' id='word_1_732' title='bbox 2245 4925 2383 4996; x_wconf 80' lang='grc' dir='ltr'>πρός</span> <span class='ocrx_word' id='word_1_733' title='bbox 2409 4941 2472 4993; x_wconf 91' lang='grc' dir='ltr'><strong>γε</strong></span> <span class='ocrx_word' id='word_1_734' title='bbox 2502 4925 2563 4977; x_wconf 80' lang='grc' dir='ltr'><strong>τὸ</strong></span> <span class='ocrx_word' id='word_1_735' title='bbox 2585 4925 2693 4978; x_wconf 80' lang='grc' dir='ltr'>δεῖν</span> <span class='ocrx_word' id='word_1_736' title='bbox 2719 4927 3007 4996; x_wconf 77' lang='grc' dir='ltr'>ἐμφρόνως</span> <span class='ocrx_word' id='word_1_737' title='bbox 3031 4927 3106 4990; x_wconf 87' lang='grc' dir='ltr'><strong>ὡς</strong></span> <span class='ocrx_word' id='word_1_738' title='bbox 3137 4926 3257 4998; x_wconf 86' lang='grc' dir='ltr'>Θεῷ</span> <span class='ocrx_word' id='word_1_739' title='bbox 3297 4930 3437 4984; x_wconf 87' lang='grc' dir='ltr'><strong>κατά</strong></span> <span class='ocrx_word' id='word_1_740' title='bbox 3471 4930 3636 5000; x_wconf 87' lang='grc' dir='ltr'>φύσιν</span> <span class='ocrx_word' id='word_1_741' title='bbox 3658 4950 3834 5002; x_wconf 48' lang='grc' dir='ltr'>προσλ</span> 
     </span>
    </p>
   </div>
   <div class='ocr_carea' id='block_1_107' title="bbox 2245 5013 3835 5093">
    <p class='ocr_par' dir='ltr' id='par_1_107' title="bbox 2245 5013 3835 5093">
     <span class='ocr_line' id='line_1_107' title="bbox 2245 5013 3835 5093; baseline 0.003 -24"><span class='ocrx_word' id='word_1_742' title='bbox 2245 5018 2427 5069; x_wconf 83' lang='grc' dir='ltr'>κυνεῖν</span> <span class='ocrx_word' id='word_1_743' title='bbox 2455 5013 2534 5086; x_wconf 86' lang='grc' dir='ltr'>τῷ</span> <span class='ocrx_word' id='word_1_744' title='bbox 2562 5015 2700 5086; x_wconf 74' lang='grc' dir='ltr'>Υίῷ,</span> <span class='ocrx_word' id='word_1_745' title='bbox 2737 5017 2831 5068; x_wconf 81' lang='grc' dir='ltr'>καὶ</span> <span class='ocrx_word' id='word_1_746' title='bbox 2873 5018 2930 5070; x_wconf 80' lang='grc' dir='ltr'><strong>ἐν</strong></span> <span class='ocrx_word' id='word_1_747' title='bbox 2960 5017 3037 5088; x_wconf 83' lang='grc' dir='ltr'>τῷ</span> <span class='ocrx_word' id='word_1_748' title='bbox 3067 5017 3188 5070; x_wconf 85' lang='grc' dir='ltr'>καθ’</span> <span class='ocrx_word' id='word_1_749' title='bbox 3215 5020 3361 5089; x_wconf 85' lang='grc' dir='ltr'>ἡμᾶς</span> <span class='ocrx_word' id='word_1_750' title='bbox 3399 5021 3664 5092; x_wconf 86' lang='grc' dir='ltr'>πεφηνότι</span> <span class='ocrx_word' id='word_1_751' title='bbox 3702 5024 3835 5093; x_wconf 68' lang='grc' dir='ltr'><strong>σχήο-</strong></span> 
     </span>
    </p>
   </div>
   <div class='ocr_carea' id='block_1_108' title="bbox 2221 5108 3833 5183">
    <p class='ocr_par' dir='ltr' id='par_1_108' title="bbox 2221 5108 3833 5183">
     <span class='ocr_line' id='line_1_108' title="bbox 2221 5108 3833 5183; baseline 0.006 -23"><span class='ocrx_word' id='word_1_752' title='bbox 2221 5179 2224 5182; x_wconf 19' lang='lat'><strong><em>.</em></strong></span> <span class='ocrx_word' id='word_1_753' title='bbox 2247 5125 2414 5178; x_wconf 90' lang='grc' dir='ltr'>ματι,</span> <span class='ocrx_word' id='word_1_754' title='bbox 2455 5108 2557 5177; x_wconf 82' lang='grc' dir='ltr'>τῆς</span> <span class='ocrx_word' id='word_1_755' title='bbox 2599 5110 2678 5171; x_wconf 86' lang='grc' dir='ltr'><strong>είς</strong></span> <span class='ocrx_word' id='word_1_756' title='bbox 2728 5109 2954 5176; x_wconf 77' lang='grc' dir='ltr'>ἑνότητα</span> <span class='ocrx_word' id='word_1_757' title='bbox 3029 5111 3334 5183; x_wconf 83' lang='grc' dir='ltr'>συνδρομῆς</span> <span class='ocrx_word' id='word_1_758' title='bbox 3402 5114 3505 5166; x_wconf 81' lang='grc' dir='ltr'>οὐκ</span> <span class='ocrx_word' id='word_1_759' title='bbox 3557 5115 3833 5178; x_wconf 75' lang='grc' dir='ltr'>ἀνικάνως</span> 
     </span>
    </p>
   </div>
   <div class='ocr_carea' id='block_1_109' title="bbox 2242 5197 3828 5270">
    <p class='ocr_par' dir='ltr' id='par_1_109' title="bbox 2242 5197 3828 5270">
     <span class='ocr_line' id='line_1_109' title="bbox 2242 5197 3828 5270; baseline 0.003 -19"><span class='ocrx_word' id='word_1_760' title='bbox 2242 5197 2474 5269; x_wconf 68' lang='grc' dir='ltr'>ἐχούσης</span> <span class='ocrx_word' id='word_1_761' title='bbox 2495 5200 2573 5261; x_wconf 85' lang='grc' dir='ltr'><strong>είς</strong></span> <span class='ocrx_word' id='word_1_762' title='bbox 2593 5199 2653 5252; x_wconf 83' lang='grc' dir='ltr'><strong>τὸ</strong></span> <span class='ocrx_word' id='word_1_763' title='bbox 2680 5199 2942 5269; x_wconf 80' lang='grc' dir='ltr'>ἀφανίσαι</span> <span class='ocrx_word' id='word_1_764' title='bbox 2969 5200 3129 5270; x_wconf 77' lang='grc' dir='ltr'>τυχὸν</span> <span class='ocrx_word' id='word_1_765' title='bbox 3150 5201 3211 5253; x_wconf 82' lang='grc' dir='ltr'><strong>τὸ</strong></span> <span class='ocrx_word' id='word_1_766' title='bbox 3239 5203 3335 5254; x_wconf 80' lang='grc' dir='ltr'>καὶ</span> <span class='ocrx_word' id='word_1_767' title='bbox 3380 5202 3491 5255; x_wconf 78' lang='grc' dir='ltr'>ἐσθ’</span> <span class='ocrx_word' id='word_1_768' title='bbox 3513 5204 3601 5257; x_wconf 80' lang='grc' dir='ltr'>ὅτε</span> <span class='ocrx_word' id='word_1_769' title='bbox 3623 5204 3828 5258; x_wconf 83' lang='grc' dir='ltr'>λυποῦν</span> 
     </span>
    </p>
   </div>
   <div class='ocr_carea' id='block_1_110' title="bbox 2244 5289 3062 5362">
    <p class='ocr_par' dir='ltr' id='par_1_110' title="bbox 2244 5289 3062 5362">
     <span class='ocr_line' id='line_1_110' title="bbox 2244 5289 3062 5362; baseline 0.005 -18"><span class='ocrx_word' id='word_1_770' title='bbox 2244 5294 2324 5354; x_wconf 86' lang='grc' dir='ltr'><strong>είς</strong></span> <span class='ocrx_word' id='word_1_771' title='bbox 2354 5289 2451 5345; x_wconf 87' lang='grc' dir='ltr'><strong>ἀνθ</strong></span> <span class='ocrx_word' id='word_1_772' title='bbox 2461 5291 2774 5362; x_wconf 79' lang='grc' dir='ltr'>ρωπότητος</span> <span class='ocrx_word' id='word_1_773' title='bbox 2805 5292 3062 5360; x_wconf 75' lang='grc' dir='ltr'>ὑποψίαν.</span> 
     </span>
    </p>
   </div>
   <div class='ocr_carea' id='block_1_111' title="bbox 2315 5380 2755 5451">
    <p class='ocr_par' dir='ltr' id='par_1_111' title="bbox 2315 5380 2755 5451">
     <span class='ocr_line' id='line_1_111' title="bbox 2315 5380 2755 5451; baseline 0.007 -8"><span class='ocrx_word' id='word_1_774' title='bbox 2315 5380 2376 5433; x_wconf 87' lang='grc' dir='ltr'><strong>Β-</strong></span> <span class='ocrx_word' id='word_1_775' title='bbox 2419 5381 2543 5444; x_wconf 83' lang='grc' dir='ltr'><strong>Πῶς</strong></span> <span class='ocrx_word' id='word_1_776' title='bbox 2583 5381 2755 5451; x_wconf 51' lang='grc' dir='ltr'><strong>ἔφης</strong></span> 
     </span>
    </p>
   </div>
   <div class='ocr_carea' id='block_1_112' title="bbox 2314 5473 3836 5547">
    <p class='ocr_par' dir='ltr' id='par_1_112' title="bbox 2314 5473 3836 5547">
     <span class='ocr_line' id='line_1_112' title="bbox 2314 5473 3836 5547; baseline 0.003 -22"><span class='ocrx_word' id='word_1_777' title='bbox 2314 5475 2377 5527; x_wconf 84' lang='grc' dir='ltr'>Α.</span> <span class='ocrx_word' id='word_1_778' title='bbox 2421 5473 2808 5544; x_wconf 70' lang='grc' dir='ltr'>Προσλασοῦσα</span> <span class='ocrx_word' id='word_1_779' title='bbox 2831 5473 2937 5545; x_wconf 84' lang='grc' dir='ltr'>γὰρ</span> <span class='ocrx_word' id='word_1_780' title='bbox 2967 5475 3000 5544; x_wconf 79' lang='grc' dir='ltr'><strong>ἡ</strong></span> <span class='ocrx_word' id='word_1_781' title='bbox 3028 5474 3121 5528; x_wconf 89' lang='grc' dir='ltr'><strong>τοῦ</strong></span> <span class='ocrx_word' id='word_1_782' title='bbox 3140 5475 3310 5545; x_wconf 81' lang='grc' dir='ltr'>Λόγου</span> <span class='ocrx_word' id='word_1_783' title='bbox 3342 5476 3502 5546; x_wconf 82' lang='grc' dir='ltr'>φύσις</span> <span class='ocrx_word' id='word_1_784' title='bbox 3528 5476 3588 5529; x_wconf 83' lang='grc' dir='ltr'><strong>τὸ</strong></span> <span class='ocrx_word' id='word_1_785' title='bbox 3615 5476 3836 5547; x_wconf 83' lang='grc' dir='ltr'>ἀνθρώ-</span> 
     </span>
    </p>
   </div>
   <div class='ocr_carea' id='block_1_113' title="bbox 2246 5566 3834 5640">
    <p class='ocr_par' dir='ltr' id='par_1_113' title="bbox 2246 5566 3834 5640">
     <span class='ocr_line' id='line_1_113' title="bbox 2246 5566 3834 5640; baseline 0.002 -20"><span class='ocrx_word' id='word_1_786' title='bbox 2246 5583 2419 5630; x_wconf 88' lang='grc' dir='ltr'>πινον,</span> <span class='ocrx_word' id='word_1_787' title='bbox 2455 5568 2554 5620; x_wconf 84' lang='grc' dir='ltr'>οὐκ</span> <span class='ocrx_word' id='word_1_788' title='bbox 2587 5566 2944 5638; x_wconf 73' lang='grc' dir='ltr'>ἀνθρωπότης</span> <span class='ocrx_word' id='word_1_789' title='bbox 2973 5568 3088 5620; x_wconf 69' lang='grc' dir='ltr'>ἐστὶ</span> <span class='ocrx_word' id='word_1_790' title='bbox 3121 5568 3273 5640; x_wconf 76' lang='grc' dir='ltr'>ψιλὴ,</span> <span class='ocrx_word' id='word_1_791' title='bbox 3301 5569 3507 5623; x_wconf 85' lang='grc' dir='ltr'>νικῶσα</span> <span class='ocrx_word' id='word_1_792' title='bbox 3535 5568 3592 5622; x_wconf 81' lang='grc' dir='ltr'>δὲ</span> <span class='ocrx_word' id='word_1_793' title='bbox 3626 5570 3834 5640; x_wconf 77' lang='grc' dir='ltr'>μᾶλλον</span> 
     </span>
    </p>
   </div>
   <div class='ocr_carea' id='block_1_114' title="bbox 2247 5659 3834 5734">
    <p class='ocr_par' dir='ltr' id='par_1_114' title="bbox 2247 5659 3834 5734">
     <span class='ocr_line' id='line_1_114' title="bbox 2247 5659 3834 5734; baseline 0.004 -21"><span class='ocrx_word' id='word_1_794' title='bbox 2247 5659 2355 5730; x_wconf 62' lang='grc' dir='ltr'><strong>ἰδίᾳ⁸</strong></span> <span class='ocrx_word' id='word_1_795' title='bbox 2385 5659 2512 5732; x_wconf 76' lang='grc' dir='ltr'>δόξῃ</span> <span class='ocrx_word' id='word_1_796' title='bbox 2552 5659 2612 5712; x_wconf 80' lang='grc' dir='ltr'>τὸ</span> <span class='ocrx_word' id='word_1_797' title='bbox 2647 5661 3013 5732; x_wconf 82' lang='grc' dir='ltr'>προσληφθὲν,</span> <span class='ocrx_word' id='word_1_798' title='bbox 3047 5663 3103 5716; x_wconf 79' lang='grc' dir='ltr'>ὲν</span> <span class='ocrx_word' id='word_1_799' title='bbox 3139 5663 3419 5734; x_wconf 75' lang='grc' dir='ltr'>ἀκλονήτῳ</span> <span class='ocrx_word' id='word_1_800' title='bbox 3448 5661 3680 5727; x_wconf 76' lang='grc' dir='ltr'>σώζεται</span> <span class='ocrx_word' id='word_1_801' title='bbox 3706 5663 3834 5720; x_wconf 74' lang='grc' dir='ltr'>διαο</span> 
     </span>
    </p>
   </div>
   <div class='ocr_carea' id='block_1_115' title="bbox 621 5826 2670 5913">
    <p class='ocr_par' dir='ltr' id='par_1_115' title="bbox 621 5826 2670 5913">
     <span class='ocr_line' id='line_1_115' title="bbox 621 5826 2670 5913; baseline 0.004 -24"><span class='ocrx_word' id='word_1_802' title='bbox 621 5830 1028 5903; x_wconf 76' lang='lat' dir='ltr'><strong>&quot;Hebr.t,6.</strong></span> <span class='ocrx_word' id='word_1_803' title='bbox 1105 5838 1531 5913; x_wconf 66' lang='lat' dir='ltr'><strong>&quot;Rom.r,25.</strong></span> <span class='ocrx_word' id='word_1_804' title='bbox 1609 5840 1653 5874; x_wconf 69' lang='grc'><strong>⁷·</strong></span> <span class='ocrx_word' id='word_1_805' title='bbox 1680 5840 1808 5896; x_wconf 88' lang='lat' dir='ltr'><strong>ibid.</strong></span> <span class='ocrx_word' id='word_1_806' title='bbox 1847 5826 1937 5908; x_wconf 73' lang='lat'><strong>2&#39;2,</strong></span> <span class='ocrx_word' id='word_1_807' title='bbox 1973 5839 2063 5896; x_wconf 74' lang='lat' dir='ltr'><strong>as.</strong></span> <span class='ocrx_word' id='word_1_808' title='bbox 2145 5838 2390 5896; x_wconf 79' lang='lat' dir='ltr'><strong>&quot;Galat.</strong></span> <span class='ocrx_word' id='word_1_809' title='bbox 2428 5855 2501 5908; x_wconf 79' lang='grc' dir='ltr'><strong>ιν,</strong></span> <span class='ocrx_word' id='word_1_810' title='bbox 2531 5843 2584 5907; x_wconf 83' lang='lat'><strong>8,</strong></span> <span class='ocrx_word' id='word_1_811' title='bbox 2617 5840 2670 5898; x_wconf 85' lang='lat'><strong>9.</strong></span> 
     </span>
    </p>
   </div>
  </div>
