4050 6412
243 361 388 416 1255

1347 361 1436 414 DE
1476 358 1992 416 INCARNATIONE
2031 358 2408 417 UNIGENITI.

3388 364 3524 446 teat

236 484 386 553 μονῇ
418 481 514 554 τῆς
549 480 888 549 θεοπρεποῦς
918 480 1190 545 εὐκλείας.
1223 482 1392 535 Ταυτὶ
1428 483 1749 553 φρονοῦντες
1787 484 1835 536 οἱ

1947 483 2208 553 integram
2248 491 2409 551 atque
2439 482 2814 536 inconcussam
2849 480 3066 536 retinet.
3109 480 3259 546 Quod
3305 481 3524 549 quidem

235 572 510 644 μαθηταὶ,
537 571 907 642 προσεκύνουν
931 571 1197 641 λέγοντες·
1234 593 1252 624 t
1276 574 1514 642 Ἀληθῶς
1544 573 1680 626 Θεοῦ
1709 573 1834 637 Υἱὸς

229 660 308 717 εἴ·
348 684 368 716 ι
403 664 582 717 καίτοι
614 664 780 733 βάδην
818 663 963 717 ίόντα
996 663 1302 732 βλέποντες,
1323 665 1417 717 καὶ
1442 665 1500 716 ἐν
1526 666 1689 736 σαρκὶ
1712 664 1832 718 καθ’

228 755 417 824 ἡμᾶς’
453 754 540 807 ἐπ’
567 753 737 823 ἄκρου
773 753 882 825 γὰρ
925 752 990 824 δὴ
1029 753 1193 808 διέθει
1220 753 1461 825 κύματος
1493 755 1832 826 παραδόξως,

231 844 314 910 ῶς
355 845 508 909 Θεός.

318 1026 381 1078 Β.
425 1025 533 1078 Καὶ
564 1025 648 1088 τίς
679 1020 746 1094 ἦν
773 1023 801 1075 ό
829 1024 1004 1092 λέγων
1040 1025 1177 1095 πρὸς
1212 1023 1311 1094 τὴν
1357 1028 1414 1080 ὲν
1438 1029 1502 1096 τῇ
1548 1027 1833 1099 Σαμαρείᾳ

237 1119 507 1184 γυναῖκαο
552 1134 570 1166 ι
593 1115 784 1185 Ὑμεῖς
836 1118 1194 1187 προσκυνεῖτε
1231 1115 1259 1168 ὂ
1303 1116 1404 1169 οὐκ
1442 1117 1644 1182 οίδατε,
1676 1119 1836 1188 ἡμεῖς

235 1205 662 1276 προσκυνοῦμεν
688 1206 716 1258 6
743 1205 1000 1277 οίδαμεν;
1035 1227 1054 1260 ι
1089 1203 1223 1260 Εἶτα
1252 1209 1371 1272 πῶς
1400 1209 1552 1263 ἔσται
1590 1227 1835 1282 προσκυ-

238 1297 430 1368 νητὸς,
459 1300 486 1350 6
511 1302 625 1361 τοῖς
649 1297 1018 1369 προσκυνοῦσι
1048 1301 1479 1371 συντεταγμένος
1501 1319 1515 1368 ;

312 1391 380 1441 Α.
425 1390 534 1443 Καὶ
560 1385 1006 1462 μὴν,ὧφιλότης,
1038 1391 1098 1444 τὸ
1129 1392 1224 1458 Τίς
1249 1392 1312 1462 δὴ
1333 1391 1492 1446 τοῦτο
1516 1393 1837 1457 πλειστάκις

237 1482 549 1549 ἁναφωνεϊς
586 1481 646 1535 τὸ
677 1472 952 1548 λεξείδιον,
981 1484 1080 1537 οὐκ
1109 1479 1206 1538 οἶδ’
1236 1486 1384 1549 ὅπως
1413 1489 1526 1550 τοῖς
1557 1487 1836 1552 ἀσυνέτοις

239 1573 634 1646 ἐξευρημένον.
680 1574 1028 1647 Μεμέρισται
1062 1576 1170 1648 γὰρ
1205 1577 1456 1649 οὐδαμῶς
1503 1581 1532 1632 ὁ
1577 1580 1832 1651 Χριστός.

252 1663 315 1716 '0
341 1662 398 1716 δὲ
418 1662 498 1734 τῷ
522 1665 733 1735 γυναίῳ
763 1665 1102 1736 προσλαλῶν,
1129 1669 1156 1720 6
1189 1662 1270 1732 εἷς
1304 1685 1364 1722 τε
1395 1669 1489 1723 καὶ
1522 1669 1684 1740 μόνος
1718 1670 1835 1723 Κύ-

240 1771 363 1826 ριος
410 1750 480 1825 ἦν
517 1755 723 1826 Ἰησοῦς
756 1760 782 1811 ὁ
811 1758 1066 1829 Χριστὸς,
1101 1757 1162 1812 ἔκ
1200 1777 1257 1812 τε
1296 1761 1390 1832 τῆς
1423 1763 1837 1831 προσκυνούσης

1938 574 2231 646 sentientes
2290 571 2571 644 discipuli,
2617 573 2910 627 adorarunt
2954 572 3196 628 dicentes
3238 589 3251 626 :
3305 589 3323 622 ι
3387 569 3528 626 Vero

1939 662 2105 718 Filius
2153 662 2246 718 Dei
2299 678 2390 727 es,
2431 682 2448 714 ι
2510 678 2632 718 cum
2674 662 2821 716 illum
2884 662 3306 718 inambulantem
3373 660 3529 730 aquis

1937 763 2242 818 cernerent,
2272 752 2484 809 tametsi
2511 753 2564 806 in
2590 768 2752 808 carne
2784 739 3096 808 versaretur
3130 762 3187 805 ut
3216 767 3312 806 nos
3339 769 3353 806 :
3377 767 3528 808 sunt-

1941 861 2060 900 mos
2115 844 2516 902 enim'fluctns
2575 844 2921 916 percurrebat
2986 841 3418 906 admirabiliter,
3470 851 3529 895 ut

1943 935 2106 989 Deus.

2010 1027 2069 1082 Β.
2102 1028 2263 1098 Atqui
2299 1028 2544 1098 quisnam
2577 1037 2694 1082 erat
2723 1027 2908 1081 dicens
2933 1027 2998 1080 ad
3023 1027 3302 1080 mulierem
3336 1023 3533 1079 Sama-

1940 1121 2170 1174 ritanam
2215 1139 2230 1176 :
2285 1140 2304 1174 c
2361 1121 2468 1176 Vos
2511 1122 2748 1177 adoratis
2785 1122 2927 1189 quod
2969 1117 3238 1175 nescitis:
3281 1133 3380 1172 nos
3428 1117 3526 1172 ad-

1939 1228 2160 1268 oramus
2188 1215 2332 1282 quod
2373 1213 2576 1269 scimus
2620 1213 2666 1244 ⁷⁷
2697 1214 2720 1266 ?
2755 1232 2773 1266 ι
2809 1214 3075 1268 Praeterea
3121 1209 3390 1280 quomodo
3423 1209 3529 1262 erit

1941 1305 2270 1369 adorandus,
2306 1306 2395 1375 qui
2436 1315 2518 1361 est
2549 1307 2600 1360 in
2641 1321 2868 1360 numero
2895 1320 3080 1360 eorum
3111 1303 3200 1372 qui
3249 1302 3530 1356 adorant?

2008 1396 2076 1450 Α.
2111 1396 2476 1466 Frequenter,
2515 1411 2548 1451 ο
2569 1396 2773 1460 amice,
2802 1397 2943 1450 banc
2972 1410 3180 1457 vocem,
3214 1393 3368 1461 Quis,
3397 1394 3525 1446 mihi

1939 1487 2168 1551 occinis,
2223 1489 2403 1542 nescio
2441 1488 2710 1559 quomodo
2776 1489 2846 1542 ab
2893 1486 3159 1557 imperitis
3228 1485 3524 1539 inventam.

1940 1577 2094 1632 Nulla
2121 1579 2282 1648 702
2313 1579 2455 1632 enim
2487 1579 2693 1633 ratione
2739 1579 2942 1633 divisus
2984 1586 3067 1632 est
3104 1573 3374 1630 Christus.
3423 1573 3528 1639 Qui

1939 1672 2076 1722 vero'
2113 1668 2394 1722 mulierem
2442 1667 2764 1738 alloquitur,
2795 1682 2933 1722 unus
2967 1681 3031 1721 ac
3079 1664 3226 1720 solus
3267 1662 3528 1718 Dominus

1939 1770 2057 1814 erat
2087 1758 2245 1816 Jesus
2291 1758 2562 1828 Christus,
2611 1777 2676 1815 ex
2708 1761 3043 1815 humanitate
3075 1773 3193 1827 qua:
3225 1757 3444 1820 adorat,
3475 1765 3532 1810 et

240 1843 672 1916 ἁνθρωπότητος
724 1847 819 1900 καὶ
854 1849 916 1900 ὲκ
945 1849 1042 1920 τῆς
1075 1850 1554 1924 προσκυνουμένης
1585 1852 1836 1924 θεότητος

1947 1853 2224 1908 divinitate
2255 1867 2375 1921 quae
2400 1852 2653 1906 adoratur
2685 1850 2940 1906 ineﬂabili
2976 1851 3133 1904 modo
3167 1849 3523 1917 compositus.

242 1934 611 2005 συγκείμενος
637 1937 987 2009 ἀπορρήτως,
1016 1939 1268 2013 καθάπερ
1289 1941 1483 2011 ἀμέλει
1507 1944 1638 2012 φαίη
1665 1961 1747 2007 τις
1771 1943 1836 1997 ἂν

240 2027 341 2078 καὶ
372 2026 573 2096 ἑτέρως
609 2029 734 2099 περὶ
765 2025 1033 2102 αὐτοῦῘῌ
1063 2031 1160 2102 μὲν
1198 2032 1307 2104 γάρ
1349 2035 1465 2086 ἐστι
1496 2034 1650 2099 Θεὸς,
1680 2037 1837 2089 νοοῖτ⁹

238 2117 311 2170 ἂν
362 2117 625 2187 ὑπάρχων
655 2119 816 2185 αὐτὸς
844 2123 871 2174 ό
908 2123 1006 2192 τῆς
1050 2122 1209 2194 δόξης
1246 2123 1472 2195 Κύριος
1563 2126 1618 2180 δὲ
1646 2127 1836 2196 γέγονε

239 2209 391 2262 κατὰ
423 2209 640 2279 μέθεξιν
679 2211 779 2282 τὴν
806 2213 957 2282 παρὰ
983 2213 1115 2266 Θεοῦ
1145 2214 1499 2288 δοξαζόμενος
1528 2217 1836 2289 ἄνθρωπος.

240 2299 421 2352 ἐδεῖτο
468 2299 563 2353 καὶ⁵
605 2299 784 2370 δόξης,
813 2300 989 2369 λέγων
1011 2318 1025 2332 ο
1076 2321 1094 2354 t
1125 2303 1330 2375 Πάτερ,
1369 2305 1592 2372 δόξασόν
1623 2325 1715 2360 σου
1745 2309 1841 2362 τὸν

241 2390 396 2444 Υἱόν.
426 2411 446 2442 ι
469 2391 630 2456 ’Δλλ’,
656 2412 672 2443 ι
699 2389 791 2454 Εἷς
811 2392 1036 2461 Κύριος,
1063 2393 1160 2465 μία
1185 2396 1386 2462 πίστις,
1412 2397 1470 2450 ἓν
1494 2399 1831 2471 βάπτισμα,ι

242 2479 392 2534 κατὰ
416 2481 478 2534 τὸ
505 2481 1130 2554 γεγραμμένον.Ὤσπερ
1157 2481 1248 2538 οὖν
1283 2487 1398 2539 ἐστι
1425 2488 1522 2558 μία
1561 2487 1765 2556 πίστις,
1805 2493 1838 2561 ὴ

242 2577 322 2636 είς
356 2575 614 2644 Χριστὸν,
655 2575 749 2627 καὶ
780 2573 836 2626 ἓν
869 2575 1085 2645 ἀληθῶς
1108 2576 1167 2629 τὸ
1193 2576 1499 2649 βάπτισμα,
1533 2581 1710 2634 καίτοι
1747 2581 1840 2650 βα·

242 2665 592 2735 πτιζομένων
617 2667 711 2719 καὶ
744 2668 1186 2722 πεπιστευκότων
1210 2669 1368 2740 ἡμῶν
1389 2673 1467 2733 εἰς
1499 2672 1718 2742 Πατέρα
1745 2673 1839 2726 καὶ

245 2757 380 2810 Υίὸν
406 2759 502 2810 καὶ
527 2758 680 2825 ἅγιον
704 2759 928 2829 Πνεῦμα
944 2777 958 2790 ·
988 2762 1130 2814 κατὰ
1152 2761 1244 2814 τὸν
1264 2761 1840 2836 αύτὸν,οἶμαι,τρόπον

243 2865 304 2901 τε
325 2849 422 2902 καὶ
447 2849 605 2917 λόγον
626 2851 722 2920 μία
739 2851 1108 2923 προσκύνησις
1125 2853 1354 2925 Πατρὸς,
1375 2857 1465 2908 καὶ
1484 2856 1841 2929 ἐνανθρωπή-

249 2958 446 3006 σαντος
468 2940 621 3007 Υίοῦ,
643 2959 736 2995 και
757 2943 914 3011 ἁγίου
941 2943 1279 3014 Πνεύματος.
1312 2943 1713 3019 Ἐξωσθήσεται
1734 2950 1841 3022 γὰρ

246 3032 505 3104 οὐδαμῶς
532 3034 626 3086 τοῦ
657 3034 1080 3105 προσκυνεῖσθαι
1100 3035 1229 3102 δεῖν,
1271 3038 1408 3110 πρός
1447 3057 1507 3092 τε
1547 3040 1703 3111 ἡμῶν
1745 3043 1841 3095 αὐ-

1941 1943 2402 2011 Quemadmodum
2425 1942 2655 1997 fortasse
2697 1942 2964 2012 quispiam
3007 1940 3162 1994 aliter
3203 1953 3416 2008 quoque
3464 1939 3530 1992 de

1941 2036 2058 2104 ipso
2093 2034 2308 2089 dixerit.
2341 2033 2616 2101 Quatenus
2636 2033 2780 2088 enim
2810 2041 2892 2087 est
2916 2032 3076 2096 Deus,
3099 2039 3385 2086 censeatur
3408 2045 3530 2086 esse

1940 2125 2199 2181 Dominus
2245 2126 2476 2194 gloriae:
2530 2137 2796 2195 quatenus
2839 2139 2970 2179 vero
3017 2123 3190 2178 factus
3236 2130 3318 2177 est
3367 2125 3528 2176 homo

1940 2221 2236 2273 secundum
2267 2217 2736 2287 participationem
2769 2230 2799 2269 a
2831 2216 2939 2269 Deo
2968 2214 3320 2282 gloriﬁcatus,
3351 2211 3524 2283 gloria

1941 2308 2152 2376 egebat,
2187 2307 2410 2361 dicens:
2446 2324 2464 2358 ι
2495 2305 2677 2369 Pater,
2715 2305 2953 2374 glorifica
2988 2303 3186 2359 Filium
3221 2313 3370 2357 tuutn
3395 2301 3464 2354 ⁷⁸.
3503 2319 3523 2352 ι

1941 2400 2230 2467 Caeterum,
2269 2417 2286 2450 ι
2329 2397 2476 2453 Unus
2506 2408 2588 2453 est
2619 2398 2899 2458 Dominus.
2925 2413 3027 2450 una
3051 2397 3205 2462 fides,
3238 2409 3400 2449 unum
3433 2392 3528 2445 ba-

1941 2492 2163 2562 ptisma,
2191 2511 2208 2543 »
2231 2493 2372 2547 sicut
2392 2493 2652 2561 scriptum
2669 2500 2753 2546 est
2780 2491 2846 2546 η.
2871 2490 3330 2557 Quemadmodum
3368 2488 3528 2557 igitur

1944 2599 2048 2636 una
2109 2592 2191 2637 est
2250 2584 2381 2638 fides
2432 2583 2486 2636 in
2544 2581 2854 2647 Christum,
2892 2592 3052 2651 atque
3109 2596 3273 2634 unum
3337 2590 3526 2633 revera

1943 2675 2242 2745 baptisma,
2282 2675 2495 2728 tametsi
2531 2674 2787 2743 baptizati
2825 2675 2994 2727 simus
3036 2680 3094 2727 et
3139 2673 3424 2727 credamus
3472 2669 3527 2722 in

1943 2767 2182 2833 Patrem,
2218 2766 2436 2830 Filium,
2462 2775 2515 2821 et
2542 2765 2802 2833 Spiritum
2830 2775 3076 2819 sanctum
3106 2781 3120 2818 :
3153 2762 3344 2816 cadam
3372 2763 3530 2830 plant:

1944 2860 2157 2914 ratione
2192 2873 2257 2913 ac
2319 2857 2478 2912 modo
2543 2872 2646 2910 una
2685 2866 2771 2912 est
2830 2856 3074 2912 adoratio
3121 2853 3295 2908 Patris
3325 2861 3378 2908 et
3407 2849 3529 2906 Filii

1947 2948 2236 3014 iucarnati,
2280 2957 2333 3002 et
2365 2945 2598 3018 Spiritus
2628 2947 2826 3002 sancti.
2859 2945 3042 3014 Neque
3069 2945 3211 3000 enim
3242 2942 3349 2996 ullo
3372 2951 3530 3011 pacto

1945 3054 1974 3092 a
2029 3037 2182 3092 nobis
2217 3041 2423 3107 pariter
2469 3047 2526 3094 et
2579 3039 2780 3092 sanctis
2835 3039 3040 3105 angelis
3099 3038 3164 3090 ab
3217 3033 3530 3089 adorationc

244 3123 360 3178 τῶν
386 3125 480 3177 καὶ
509 3124 617 3188 τῶν
651 3126 824 3194 ἁγίων
853 3126 1100 3196 ἀγγέλων
1126 3129 1152 3181 5
1185 3129 1516 3203 Μονογενὴς,
1551 3133 1644 3184 καὶ
1674 3135 1721 3186 εί
1749 3133 1840 3202 γέ-

1947 3128 2307 3185 excludendus
2336 3137 2420 3185 est
2447 3129 2796 3200 Unigenitus,
2831 3131 3041 3184 tametsi
3076 3130 3249 3182 factus
3272 3127 3342 3181 sit
3372 3140 3525 3188 caro,

247 3232 378 3284 γονε
427 3214 584 3286 σὰρξ,
614 3217 707 3269 καὶ
749 3218 1060 3287 ἐσκήνωσεν
1096 3219 1154 3270 ὲν
1196 3221 1347 3289 ἡμῖν,
1377 3223 1748 3292 κεχρημάτικέ
1779 3240 1840 3275 τε

248 3307 599 3378 πρωτότοκος
629 3310 686 3362 ἐν
714 3309 927 3373 πολλοῖς
955 3310 1220 3380 ἀδελφοῖς.
1242 3313 1393 3366 Ἐπεὶ
1423 3315 1504 3375 τίς
1545 3316 1610 3368 ἂν
1632 3316 1842 3384 γένοιτο

249 3399 442 3452 λοιπὸν
468 3402 495 3453 6
526 3400 623 3469 τῆς
654 3402 739 3453 ἐπ’
765 3401 914 3472 αὐτῷ
939 3402 1173 3466 πίστεως
1203 3403 1379 3471 λόγος,
1408 3405 1524 3469 πῶς
1555 3406 1654 3459 ούκ
1693 3407 1842 3473 ἄξιον

252 3491 388 3544 ἰδεῖν
407 3509 421 3555 ;
442 3491 577 3544 Ούδὶ
603 3491 733 3562 γὰρ,
757 3489 930 3563 οἶμαι,
950 3497 1108 3561 φαῖεν
1129 3493 1195 3547 ἂν
1219 3495 1375 3566 οἷπερ
1400 3495 1466 3548 ἂν
1491 3497 1694 3551 ἕλοιντο
1718 3489 1846 3570 (ppo-

251 3583 366 3634 νεῖν
398 3579 594 3651 ὀρθῶς,
623 3581 696 3643 ὡς
728 3582 809 3645 είς
851 3583 1010 3653 μόνον
1033 3583 1480 3654 πεπιστεύκαμεν
1505 3586 1595 3639 τὸν
1621 3589 1682 3640 ἐκ
1704 3589 1841 3643 Θεοῦ

250 3673 437 3741 φύντα
463 3673 657 3742 Λόγον,
682 3674 1126 3744 ἁπογυμνοῦντες
1158 3677 1320 3730 αὐτὸν
1352 3677 1452 3747 τῆς
1491 3679 1710 3751 σαρκόςο
1734 3681 1843 3734 οὐδ’

249 3757 320 3816 αὖ
366 3764 544 3814 ἐκεῖνο
584 3765 906 3835 παρήσομεν
945 3766 1140 3819 εἰπεῖν·
1175 3766 1449 3834 λελέξεται
1489 3769 1624 3840 γάρ.

327 3854 390 3909 Β.
432 3854 505 3906 Τὸ
542 3854 596 3906 τί
632 3853 695 3924 δὴ
735 3856 875 3925 φήςς

327 3946 395 3999 Δ.
437 3945 510 3998 Οὐ
553 3945 662 4016 γὰρ
701 3946 776 4009 ὡς
821 3946 900 4009 είς
931 3947 1028 4000 ἕνα
1072 3948 1179 4001 τῶν
1224 3949 1346 4002 καθ’
1375 3951 1543 4020 ἡμᾶς,
1571 3949 1693 4004 οὔτε
1739 3952 1846 4023 μὴν

251 4038 335 4100 ῶς
377 4037 460 4098 είς
499 4037 786 4106 ἄνθρωπον
821 4039 852 4110 ἡ
886 4039 1086 4103 πίστις,
1117 4040 1230 4094 ἀλλ’
1257 4043 1337 4105 εἰς
1380 4043 1514 4096 Θεὸν
1551 4043 1847 4114 πράττεται

255 4130 351 4183 τὸν
390 4128 549 4198 φύσει
591 4130 687 4183 καὶ
731 4129 946 4200 ἀληθῶς
976 4131 1034 4182 ἐν
1061 4131 1341 4203 προσώπῳ
1366 4134 1625 4204 Χριστοῦ·
1655 4136 1848 4208 συλλή-

252 4223 421 4292 ψεται
456 4221 512 4276 δὲ
538 4219 616 4292 τῷ
651 4222 795 4293 λόγῳ
829 4221 923 4276 καὶ
954 4224 982 4276 6
1011 4223 1172 4291 σοφὸς
1198 4224 1426 4296 γράφων
1450 4227 1684 4290 Παῦλος
1721 4249 1738 4280 ι
1770 4229 1845 4282 Ού

255 4317 370 4384 γὰρ
417 4315 644 4378 ἑαυτοὺς
695 4314 1114 4385 ὲκηρύσσομεν,
1179 4314 1314 4370 ἀλλὰ
1362 4318 1594 4386 Χριστὸν
1639 4321 1848 4387 Ἰησοῦν

261 4405 490 4477 Κύριον·
527 4405 756 4468 ἑαυτοὺς
795 4404 851 4457 δὲ
888 4404 1106 4468 δούλους
1150 4404 1305 4475 ὑμῶν
1343 4405 1430 4460 διὰ
1467 4408 1725 4478 Χριστοῦ,
1767 4411 1849 4464 ὅτι

1943 3231 1997 3276 et
2025 3221 2285 3275 habitarit
2319 3223 2370 3275 in
2395 3222 2572 3287 nobis,
2593 3231 2923 3290 vocatusque
2952 3221 3021 3274 sit
3053 3218 3443 3288 primogenitus
3469 3217 3523 3269 in

1942 3311 2125 3366 multis
2152 3311 2406 3367 fratribus
2425 3313 2494 3366 ⁸ο.
2516 3311 2596 3366 Ad
2613 3313 2728 3368 haec
2757 3327 3002 3382 quzenam
3034 3311 3101 3364 sit
3134 3309 3254 3362 fidei
3278 3309 3328 3360 in
3353 3307 3525 3375 ipsum

1943 3403 2114 3467 ratio,
2145 3407 2416 3473 quomodo
2457 3419 2562 3458 non
2604 3404 2674 3458 sit
2702 3418 2879 3472 opera:
2921 3402 3152 3472 pretium
3201 3399 3475 3468 inquirere
3503 3398 3528 3450 ?

1941 3493 2059 3548 Non
2114 3495 2256 3550 enim
2315 3495 2580 3560 dixerint,
2611 3505 2671 3547 ut
2714 3495 2933 3564 Opinor,
2988 3493 3078 3562 qui
3132 3504 3276 3546 recte
3329 3489 3531 3544 sentire

1945 3583 2148 3649 velint,
2186 3599 2284 3638 nos
2318 3584 2370 3638 in
2404 3583 2576 3638 solum
2614 3581 2846 3636 Verbum
2876 3585 3017 3651 quod
3051 3597 3113 3635 ex
3145 3580 3254 3634 Deo
3291 3578 3530 3648 procedit

1945 3675 2277 3740 credidisse,
2307 3675 2572 3734 nudantes
2611 3675 2786 3744 ipsum
2828 3687 3012 3727 carne.
3045 3672 3150 3726 Sed
3182 3685 3356 3740 neque
3401 3670 3528 3724 illud

1946 3781 2161 3821 rursum
2192 3768 2371 3822 dicere
2396 3768 2728 3820 omittemus.
2760 3765 2980 3822 Dicetur
2999 3766 3145 3824 enim
3177 3764 3381 3818 statim.

2017 3859 2080 3912 Β.
2109 3858 2376 3923 Quidnam
2405 3859 2574 3914 dicis?

2017 3945 2082 3998 Α.
2111 3946 2297 4014 Neque
2324 3945 2469 3999 enim
2502 3954 2757 4015 tanquam
2794 3945 2846 3998 in
2871 3959 3033 3998 unum
3063 3958 3128 3998 ex
3160 3942 3336 4010 nobis,
3357 3956 3531 4011 neque

1948 4045 2008 4092 ut
2045 4039 2098 4091 in
2131 4038 2332 4090 nudum
2380 4036 2653 4091 hominem
2687 4036 2992 4100 credimus,
3025 4036 3119 4089 sed
3154 4035 3207 4088 in
3248 4033 3412 4088 Deum
3437 4033 3528 4102 qui

1951 4127 2268 4185 naturaliter
2328 4142 2392 4183 ac
2447 4140 2573 4182 vere
2627 4137 2711 4182 est
2756 4128 2808 4181 in
2856 4139 3085 4197 persona
3147 4125 3348 4181 Christi
3399 4124 3530 4178 fides

1951 4230 2140 4277 nostra
2188 4219 2383 4287 vergit.
2447 4217 2544 4274 Cui
2598 4218 2812 4289 quidem
2869 4216 3151 4273 sententiae
3210 4216 3532 4286 astipulatur

1951 4312 2166 4381 sapiens
2193 4310 2278 4365 ille
2303 4309 2503 4364 Paulus
2529 4310 2599 4364 ita
2623 4309 2870 4364 scribens
2901 4327 2954 4363 ει
2972 4307 3088 4362 Non
3119 4309 3264 4363 enim
3289 4319 3530 4363 nosmet-

1953 4402 2099 4471 ipsos
2126 4399 2549 4469 praadicabamus
2570 4437 2584 4460 ,
2615 4396 2707 4452 scd
2731 4395 2914 4451 Jesum
2943 4395 3215 4450 Christum
3244 4391 3532 4448 Dominum

259 4495 393 4560 Θεὸς
417 4497 445 4550 ό
469 4494 638 4549 εἰπὼν
675 4497 739 4549 ὲκ
779 4496 1000 4558 σκότους
1028 4493 1138 4564 φῶς
1171 4495 1402 4566 λάμψαι,
1425 4497 1484 4561 ὃς
1519 4498 1759 4570 ἔλαμψεν
1792 4502 1841 4555 ὲν

1955 4497 2246 4550 nostrum;
2293 4499 2392 4540 nos
2450 4493 2627 4538 autem
2678 4499 2864 4538 servos
2913 4493 3118 4538 vestros
3176 4497 3270 4552 per
3323 4479 3525 4536 Je‘sttm.

255 4590 382 4651 ταῖς
417 4587 671 4658 καρδίαις
710 4586 870 4657 ἡμῶν
900 4588 1036 4658 πρὸς
1055 4587 1334 4656 φωτισμὸν
1359 4588 1456 4659 τῆς
1476 4589 1730 4657 γνώσεως
1753 4591 1841 4662 τῆς

1953 4577 2217 4644 Quoniam
2269 4575 2411 4631 Deus
2444 4577 2535 4645 qui
2585 4576 2720 4630 dixit
2748 4576 2816 4630 de
2865 4575 3107 4631 tenebris
3142 4575 3313 4629 lucem
3346 4573 3531 4642 splen-

255 4678 423 4750 δόξης
465 4677 632 4732 αὑτοῦ
674 4679 732 4730 ὲν
783 4676 1061 4748 προσώπῳ
1096 4675 1352 4748 Χριστοῦ.
1385 4696 1402 4727 ι
1423 4677 1555 4730 Ἰδοὺ
1578 4677 1641 4749 δὴ
1671 4679 1841 4747 σαφῶς

1957 4668 2332 4738 descere,ipse
2365 4667 2538 4722 illuxit
2572 4667 2623 4722 in
2646 4667 2896 4722 cordibus
2923 4668 3124 4722 nostris
3161 4668 3225 4719 ad
3262 4664 3532 4718 illumina-

256 4787 320 4824 τε
363 4770 459 4823 καὶ
501 4769 747 4840 ἐναργῶς
793 4769 821 4821 ό
845 4769 1125 4838 φωτισμὸς
1163 4769 1262 4839 τῆς
1302 4767 1554 4837 γνώσεως
1589 4769 1682 4823 τοῦ
1718 4769 1841 4822 Θεοί

1952 4761 2153 4814 tionem
2203 4761 2443 4815 scientiae
2477 4761 2739 4816 claritatis
2769 4760 2892 4828 Dei,
2929 4760 2980 4814 in
3011 4758 3150 4813 facie
3203 4757 3334 4812 Jesu
3373 4756 3533 4812 Chri-

257 4864 359 4917 xa‘t
395 4863 613 4933 Πατρὸς
647 4864 705 4916 ὲν
739 4861 1018 4932 προσώπῳ
1050 4861 1313 4932 διέλαμψε
1334 4860 1426 4914 τοῦ
1450 4862 1706 4934 Χριστοῦ.
1733 4863 1841 4915 Τοι-

1953 4851 2019 4905 sti
2047 4851 2114 4904 ⁸¹.
2154 4869 2174 4903 ι
2229 4848 2368 4906 Ecce
2389 4867 2550 4922 quam
2596 4860 2780 4922 aperte
2803 4866 2866 4906 ac
2899 4849 3182 4905 manifeste
3213 4847 3535 4904 illuminatio

257 4957 460 5025 γάρτοι
497 4955 592 5008 καὶ
635 4953 872 5022 ἔφασκεν
900 4969 914 4982 ο
945 4971 963 5002 ι
985 4953 1045 5004 ’0
1089 4952 1350 5023 ἑωρακὼς
1373 4953 1495 5022 ἐμὲ,
1522 4950 1734 5023 ἑώρακε
1757 4953 1849 5005 τὸν

256 5048 508 5118 Πατέρα·
535 5045 646 5113 ἐγὼ
669 5046 764 5098 καὶ
785 5045 812 5097 ό
833 5042 1021 5114 Πατὴρ
1047 5042 1106 5094 ’ἐν
1128 5045 1316 5112 ὲσμεν.
1353 5061 1372 5094 ο
1419 5043 1722 5114 Χαρακτὴρ
1743 5043 1798 5096 δὲ
1823 5044 1850 5094 6

259 5142 411 5204 θεῖος
447 5140 506 5192 ού
550 5137 880 5209 σωματικὸς,
905 5135 1022 5190 ἀλλ’
1045 5135 1102 5187 ὲν
1125 5134 1353 5203 δυνάμει
1375 5134 1466 5186 καὶ
1486 5133 1614 5206 δόξῃ
1635 5137 1702 5207 τῇ
1729 5134 1849 5187 θεο-

259 5232 646 5307 πρεπεστάτῃ,
666 5231 824 5284 τοῦτο
855 5229 912 5283 δὲ
942 5224 1010 5300 ἦν
1045 5227 1344 5299 ἀκραιφνὲς
1368 5228 1425 5280 ὲν
1446 5226 1683 5298 Χριστῶο
1711 5244 1853 5295 γνω-

263 5322 518 5398 ρίζεσθαί
554 5339 613 5374 τε
657 5321 750 5376 καὶ
789 5319 877 5374 διὰ
914 5319 1117 5373 τούτων
1159 5317 1334 5389 ἠξίου,
1359 5317 1454 5370 καὶ
1483 5315 1574 5370 διὰ
1609 5318 1706 5387 τῆς
1743 5317 1851 5369 τῶν

260 5416 565 5488 δρωμένων
605 5412 914 5486 ὑπεροχῆς,
962 5413 1042 5474 είς
1095 5411 1306 5474 ἐννοίας
1346 5408 1721 5480 ἀναθρώσκειν
1760 5410 1856 5470 τὰς

261 5509 358 5564 ἐπ’
388 5506 538 5577 αὐτῷ
561 5507 686 5568 τοὺς
708 5501 1090 5575 ἀκροωμένους
1111 5501 1289 5572 ἤθελε,
1305 5498 1820 5570 κατασμικρυνούση
1830 5517 1854 5562 ς

264 5599 436 5656 αὐτὸν
458 5599 644 5670 ἠρέμα
673 5598 770 5667 τῆς
797 5594 1082 5666 όρωμένης
1109 5592 1332 5663 σαρκός.
1365 5610 1382 5644 t
1416 5593 1476 5644 Εί
1500 5591 1607 5661 γὰρ
1629 5590 1687 5642 ού
1715 5589 1852 5641 ποιῶ

351 5779 397 5813 ⁷⁷
423 5775 579 5834 Joan.
623 5793 695 5844 tv,
732 5776 821 5830 2‘2.
920 5775 964 5806 "
989 5771 1142 5828 Joan.
1175 5786 1308 5833 xm,
1349 5770 1392 5824 Ι.

1471 5771 1514 5799 '"'
1544 5771 1737 5838 l‘thes.
1776 5783 1848 5832 tv,

1955 4943 2202 4998 scientia:
2237 4941 2332 4998 Dei
2364 4960 2428 4997 ac
2477 4944 2654 5000 Patris
2709 4946 2762 5000 in
2811 4959 3040 5015 persona
3086 4943 3284 4998 Christi
3338 4943 3534 4995 illuxit.

1959 5035 2162 5091 Idcirco
2187 5038 2347 5090 etiam
2377 5037 2511 5091 dixit
2542 5053 2556 5092 :
2589 5056 2608 5088 ‹
2644 5038 2743 5104 Οιιί
2774 5039 2908 5092 vidit
2929 5052 3033 5106 me,
3062 5037 3193 5092 vidit
3219 5046 3269 5090 et
3297 5035 3530 5088 Patrem.

1961 5123 2072 5196 Ego
2090 5135 2144 5180 et
2166 5124 2324 5178 Pater
2354 5140 2516 5179 unum
2538 5142 2774 5183 sumus.»
2807 5129 3098 5183 Character
3119 5136 3298 5181 autem
3323 5126 3536 5182 divinus

1959 5236 2068 5275 non
2095 5229 2179 5273 est
2207 5232 2519 5289 corporeus,
2547 5217 2640 5271 sed
2678 5219 2731 5272 in
2766 5220 2964 5274 virtute
2991 5234 3054 5274 ac
3084 5219 3253 5289 gloria
3281 5233 3402 5287 qum
3425 5217 3536 5272 Deo

1961 5311 2194 5366 maxime
2222 5308 2540 5371 conveniat,
2577 5309 2678 5363 hoc
2703 5321 2786 5364 est
2815 5311 2865 5364 in
2906 5311 3124 5366 Christo
3155 5329 3166 5375 ;
3201 5321 3254 5364 et
3291 5325 3386 5379 per
3421 5309 3535 5364 htec

1961 5404 2298 5459 innotescere
2350 5403 2544 5466 voluit,
2598 5411 2655 5457 et
2707 5418 2804 5471 per
2862 5405 3125 5459 factorum
3159 5405 3532 5459 excellentiam

1960 5496 2235 5550 auditores
2275 5495 2341 5548 ad
2372 5495 2452 5550 sui
2482 5495 2726 5548 notitiam
2767 5495 2942 5559 evehi,
2972 5513 3092 5550 cum
3128 5497 3322 5566 alioqui
3354 5496 3535 5551 carnis

1956 5600 2206 5658 umectus
2264 5588 2436 5655 ipsum
2496 5587 2736 5641 nonnihil
2783 5588 3117 5644 obscuraret.
3179 5607 3196 5640 ι
3256 5589 3312 5644 Si
3365 5589 3532 5655 enim,

2021 5765 2063 5797 ⁸ο
2092 5765 2247 5822 Rom.
2289 5782 2402 5831 vui,
2435 5764 2524 5820 ‘29.
2604 5765 2644 5796 '"
2671 5765 2711 5821 ll
2744 5764 2870 5821 Cor.
2910 5779 2979 5829 ιν,
3012 5764 3066 5829 5,
3105 5765 3156 5816 6.
