4050 6416
532 378 675 437 1235

1519 363 1590 433 's.
1630 378 1908 435 cvntLLt
1945 377 2415 436 “exarmatur
2454 380 2772 438 ARClllEP.

3668 382 3809 441 5256

527 503 740 574 inquit,
791 519 895 560 non
952 500 1091 559 facio
1121 517 1283 573 opera
1337 501 1515 558 Patris
1541 504 1680 570 mei,
1733 503 1892 581 703
1952 504 2102 558 nolite

2216 505 2283 561 τά
2307 505 2442 579 ἔργα
2472 505 2565 560 τοῦ
2605 507 2817 578 Πατρός
2843 524 2965 578 μου,
2994 507 3148 579 φησὶ,
3177 506 3253 578 μὴ
3278 472 3563 559 πιστεύετέ
3604 521 3715 575 μοι.
3743 505 3809 557 ΕΞ

527 598 754 652 credere
782 597 931 652 mihi.
961 596 1016 651 Si
1045 605 1223 652 autem
1255 594 1426 659 facio,
1464 605 1520 650 et
1548 595 1594 650 si
1628 596 1755 650 mihi
1797 611 1901 651 non
1950 595 2112 651 vultis

527 687 784 754 credere,
828 687 1080 757 operibus
1115 686 1250 742 meis
1296 685 1503 741 credite
1532 685 1599 740 ”.
1634 704 1652 739 ι
1684 685 1856 741 Porro
1884 701 2125 761 censue-~

526 781 630 835 rim
668 779 939 836 Christum
986 789 1097 834 tum
1145 778 1400 848 temporis
1429 778 1532 834 hoc
1562 778 1801 846 dixisse,
1836 780 1976 847 quod
2007 793 2112 832 non

528 871 719 928 inutile
757 872 810 926 id
854 872 968 926 l'ore
1000 870 1182 926 sciret.
1222 871 1357 926 Cum
1401 870 1544 925 enim
1583 871 1957 926 existimarent
2006 885 2113 924 non

525 975 652 1020 esse
697 962 1019 1018 naturaliter
1080 961 1282 1026 Deum,
1317 962 1412 1032 qui
1462 977 1559 1033 pro
1609 963 1761 1017 nobis
1801 961 2114 1017 incarnatus

526 1065 645 1112 erat
680 1075 694 1112 :
729 1057 824 1112 sed
850 1056 1169 1125 simpliciter
1206 1055 1407 1109 nudum
1453 1055 1723 1111 hominem
1749 1096 1763 1120 ,
1792 1055 1931 1111 sicut
1968 1070 2109 1123 nos;

521 1164 755 1221 eamque
806 1149 877 1205 ob
927 1163 1145 1205 causam
1202 1146 1444 1204 nonnulli
1484 1146 1641 1202 {idem
1681 1148 1728 1201 ei
1770 1148 2109 1218 derogarent,

524 1241 731 1299 utiliter
764 1255 830 1296 ac
869 1240 1181 1297 necessario
1214 1247 1414 1295 metum
1454 1238 1666 1294 illorum
1696 1239 2113 1307 tarditatemque

521 1333 593 1388 ad
668 1333 998 1389 credendum
1067 1346 1408 1401 praeseeans,
1454 1342 1509 1386 et
1550 1342 1755 1386 naturae
1818 1332 2114 1388 divinitatis

524 1423 686 1480 ﬁdem
720 1424 991 1488 tribuens,
1034 1433 1286 1492 tanquam
1319 1424 1370 1478 in
1393 1437 1621 1503 persona
1667 1422 1845 1478 Patris
1877 1442 1893 1490 ;
1924 1432 1978 1478 et
2005 1438 2110 1479 non

521 1524 730 1572 nostra;
758 1514 1045 1571 humilitati
1092 1514 1403 1579 ascribens,
1434 1514 1613 1568 dixit:
1645 1533 1663 1565 ι
1707 1513 1807 1582 Qui
1847 1516 2017 1571 credit
2058 1517 2109 1569 in

525 1621 635 1670 me,
664 1620 768 1661 non
802 1606 855 1662 in
890 1620 977 1660 me
1001 1605 1194 1670 credit,
1228 1603 1321 1660 sed
1354 1605 1406 1659 in
1431 1619 1553 1659 eum
1581 1605 1667 1673 qui
1704 1604 1849 1660 misit
1878 1620 1963 1658 me
1984 1606 2050 1659 ⁸³³.
2086 1624 2105 1658 ι

524 1694 716 1754 Nonne
754 1697 859 1753 hoc
881 1697 1105 1767 perinde
1127 1704 1209 1752 est
1234 1711 1299 1752 ac
1325 1696 1370 1751 si
1399 1695 1546 1752 dicat
1574 1713 1587 1748 :
1619 1696 1663 1750 Ο
1688 1711 1786 1751 vos
1812 1696 1904 1766 qui
1930 1696 2108 1753 verbis

524 1788 661 1843 meis
720 1787 879 1843 ﬁdem
933 1787 1235 1851 adhibetis,
1273 1802 1378 1842 non
1441 1786 1642 1841 humile
1685 1794 1778 1841 aut
1839 1784 2107 1854 abjectum

520 1877 724 1948 aliquid
760 1877 825 1933 de
855 1892 939 1931 me
967 1878 1202 1947 cogitate
1233 1895 1246 1931 :
1277 1876 1405 1947 quin
1447 1876 1624 1947 potius
1659 1876 1758 1929 hoc
1785 1890 2106 1945 persuasum

522 1954 745 2033 habete,
790 1967 932 2037 quod
974 1968 1074 2045 qui
1117 1966 1249 2021 mihi
1294 1982 1454 2036 quem
1501 1966 1553 2020 in
1587 1980 1749 2021 carne
1799 1965 2112 2035 conspicitis

517 2060 885 2127 credideritis,
916 2076 1021 2116 non
1057 2062 1107 2115 in
1142 2059 1414 2115 hominem
1460 2057 1778 2129 simpliciter
1823 2057 2111 2113 credentes

521 2151 709 2217 eritis,
752 2155 847 2208 sed
892 2152 944 2207 in
1001 2151 1176 2222 ipsum
1217 2150 1465 2217 Patrem,
1523 2165 1620 2220 per
1655 2164 1740 2205 me
1780 2147 1976 2205 Filium
2016 2152 2109 2221 qui

516 2243 887 2299 omnimodam
938 2242 1302 2313 aequalitatem
1359 2241 1884 2312 similitudinemque
1938 2243 2111 2298 habeo

516 2352 645 2393 eum
677 2336 838 2392 Patre
872 2355 885 2392 :
918 2345 1079 2407 atque
1114 2336 1430 2392 incarnatus
1476 2336 1691 2406 quidem
1720 2351 1838 2390 sum
1877 2350 2112 2408 propter

520 2442 638 2493 vos,
672 2428 1044 2499 humilemque
1074 2427 1333 2483 amictum
1374 2428 1506 2482 mihi
1572 2427 1765 2494 ascivi,
1796 2427 2111 2482 humanita-

516 2528 627 2575 tem
658 2521 915 2576 nimirum
937 2562 951 2587 ,
976 2520 1283 2591 aequalitate
1313 2529 1489 2576 tamen
1533 2530 1737 2575 natura:
1759 2529 1813 2576 et
1836 2521 2109 2591 operatio-

520 2612 626 2679 nis,
656 2620 816 2683 atque
846 2613 1129 2671 identitate
1153 2613 1338 2685 gloriae
1366 2612 1759 2684 perfectissime
1792 2611 1935 2667 Patri
1959 2612 2109 2667 simi-

519 2702 591 2759 lis
618 2718 737 2759 sum
768 2719 833 2759 ac
870 2721 984 2774 par.

592 2793 655 2848 B.
693 2794 768 2851 Ita
801 2795 1036 2851 videtur.

591 2882 658 2935 A.
688 2882 848 2951 Atqui
882 2882 989 2937 alio
1012 2883 1176 2938 etiam
1203 2884 1361 2940 modo
1387 2885 1691 2957 intelligere
1717 2885 1895 2956 possis
1925 2884 2101 2957 ipsum

520 2972 680 3028 tidem
711 2989 817 3029 non
848 2973 1199 3046 repellentem
1224 2995 1236 3029 :
1262 2977 1355 3032 sed
1381 2979 1587 3047 absque
1611 2978 1793 3047 aliqua
1832 2977 2101 3033 divisione

518 3074 682 3134 atque
705 3063 1010 3120 dill‘erentia
1048 3067 1397 3137 recipientem
1433 3067 1606 3137 ipsam
1642 3067 1695 3121 in
1727 3069 1944 3138 propria
1983 3084 2100 3138 per-

2216 598 2271 652 δὲ
2296 597 2455 664 ποιῶ,
2482 598 2587 654 κᾶν
2608 600 2732 671 ἐμοὶ
2770 598 2846 672 μὴ
2886 599 3202 672 πιστεύητε,
3225 599 3339 661 τοῖς
3362 597 3551 668 ἔργοις
3580 613 3683 665 μου
3717 613 3813 649 πι-

2222 690 2462 745 στεύετε.
2485 710 2504 743 ι
2529 692 2698 747 Φάναι
2734 692 2791 746 δὲ
2827 687 2981 763 οἶμαι
3006 692 3163 746 ταυτὶ
3186 691 3245 744 τὸ
3262 688 3518 761 τηνικάδε
3548 688 3809 759 Χριστὸν,

2216 781 2313 835 οὐκ
2357 782 2648 846 ἀσυντελὲς
2692 784 2772 846 εἰς
2812 781 2999 853 ὄνησιν
3039 782 3217 836 εἰδότα
3250 780 3312 833 τὸ
3356 778 3567 851 χρῆμα.
3587 775 3811 846 Ἐπειδὴ

2214 872 2323 943 γὰρ
2352 872 2519 943 ᾤοντο
2546 872 2677 928 Θεδν
2706 874 2803 944 μὲν
2823 874 2925 927 οὐκ
2942 869 3083 927 εἶναι
3108 872 3250 927 κατὰ
3269 871 3429 940 φύσιν
3450 870 3540 924 τὸν
3565 868 3633 922 δι’
3654 870 3810 940 ἡμᾶς

2221 964 2876 1036 ἐνηνθρωπηκότα,ψιλὸν
2899 966 2955 1019 δὲ
2981 965 3167 1029 ἁπλῶς
3186 964 3473 1035 ἄνθρωπον
3495 960 3809 1031 καθ’ὴμᾶς,

2214 1054 2591 1125 ἀπαράδεκτόν
2644 1072 2704 1108 τε
2755 1056 2844 1110 διὰ
2887 1057 3047 1111 τοῦτο
3108 1055 3208 1126 τὴν
3272 1054 3357 1107 ἐπ’
3414 1051 3563 1123 αύτῷ
3618 1053 3811 1105 πίστιν

2214 1145 2994 1217 ὲποιοῦντότινεςοάναγκαίως
3012 1148 3072 1201 τὸ
3084 1146 3243 1216 δεῖμα
3266 1146 3358 1198 καὶ
3380 1145 3470 1197 τὸν
3492 1143 3813 1208 ὲπὶτούτοις

2215 1234 2373 1289 ὄκνον
2402 1236 2861 1308 ὑποτεμνόμενος,
2885 1241 2950 1309 τῇ
2986 1238 3083 1308 τῆς
3119 1236 3375 1307 θεότητος
3399 1235 3561 1305 φύσει
3582 1234 3681 1306 τὴν
3710 1233 3808 1287 πί-

2217 1342 2332 1380 στιν
2366 1328 2659 1393 άνατιθεὶς,
2682 1329 2758 1393 ὡς
2795 1331 2853 1383 ὲν
2893 1328 3172 1401 προσώπῳ
3210 1328 3444 1399 Πατρὸς,
3468 1329 3561 1381 καὶ
3585 1327 3709 1398 οὐχὶ
3736 1328 3807 1399 τῇ

2214 1418 2337 1471 καθ’
2358 1420 2506 1489 ἡμᾶς
2548 1422 2992 1494 σμικροπρεπείᾳ
3033 1422 3378 1495 προσνέμων,
3400 1422 3638 1492 ἔφασκεν
3661 1438 3675 1452 ·
3703 1438 3725 1473 ι
3747 1420 3809 1474 '0

2215 1508 2489 1564 πιστεύων
2526 1513 2606 1574 εἰς
2647 1512 2771 1581 ἐμὲ,
2795 1512 2857 1565 ού
2900 1514 3148 1567 πιστεύει
3192 1515 3271 1577 εἰς
3313 1512 3432 1582 ἐμὲ.
3459 1510 3676 1574 ἁλλέἱς
3712 1511 3810 1564 τὸν

2214 1600 2509 1670 πέμψαντά
2540 1619 2630 1672 με.
2659 1623 2677 1654 ι
2702 1599 2829 1675 Ἆρ’
2865 1604 2965 1658 οὐκ
3008 1604 3121 1659 ἴσον
3165 1606 3370 1658 εἰπεῖν·
3396 1599 3466 1656 Ὠ
3510 1602 3618 1656 τῶν
3655 1601 3811 1674 ἐμῶν
3878 1676 3881 1679 η

2214 1694 2474 1764 κατήκοοι
2500 1693 2695 1764 λόγων,
2725 1695 2801 1767 μὴ
2827 1696 3000 1768 μικρὰ
3021 1697 3115 1751 καὶ
3141 1695 3489 1768 χαμαιῤῥιφῆ
3514 1693 3582 1747 τά
3603 1695 3684 1756 εἰς
3703 1693 3811 1764 ἐμὲ

2211 1785 2462 1851 δοξάζετε
2480 1803 2492 1816 θ
2522 1786 2636 1841 ἴστε
2665 1789 2722 1841 δὲ
2766 1789 2849 1841 ὅτι
2884 1788 2985 1860 τὴν
3008 1790 3088 1852 εἰς
3109 1788 3273 1844 αὐτὸν
3295 1787 3394 1858 ἐμὲ
3414 1786 3505 1839 τὸν
3526 1785 3813 1857 ὁρώμενον

2213 1878 2271 1929 ὲν
2296 1878 2462 1950 σαρκὶ
2483 1877 2797 1951 προϊέμενοι
2822 1880 3028 1946 πίστιν,
3051 1880 3152 1933 οὐκ
3186 1881 3266 1944 εἰς
3300 1878 3584 1950 ἄνθρωπον
3614 1875 3811 1943 ἁπλῶς

2213 1970 2403 2026 ἔσεσθε
2432 1972 2883 2036 πεπιστευκότες,
2907 1972 3021 2026 ἀλλ’
3046 1973 3125 2036 εἰς
3162 1971 3323 2025 αὑτὸν
3348 1970 3440 2023 τὸν
3470 1968 3713 2040 Πατέρα,
3736 1962 3811 2021 δι’

2211 2062 2349 2133 ἐμοῦ
2373 2062 2467 2117 τοῦ
2491 2064 2631 2118 κατὰ
2652 2065 2760 2118 πᾶν
2794 2062 2977 2118 ὁτιοῦν
3008 2065 3138 2127 ἴσως
3162 2081 3219 2118 τε
3246 2063 3341 2119 καὶ
3363 2060 3811 2133 ἀπαραλλάκτως

2211 2154 2429 2227 ἔχοντος
2453 2154 2618 2223 Υῑοῦ,
2644 2154 3017 2227 σαρκωθέντος
3056 2154 3155 2224 μὲν
3191 2152 3258 2206 δι’
3283 2153 3428 2225 ὑμᾶς
3447 2193 3459 2212 ,
3501 2150 3597 2204 καὶ
3640 2150 3808 2221 περί-

2212 2248 2399 2321 ϐλημα
2450 2247 2865 2319 σμικροπρεπὲς
2916 2243 3290 2316 οἰκειουμένου
3319 2282 3334 2309 ,
3376 2242 3473 2316 τὴν
3510 2239 3807 2312 ἀνθρωπό-

2209 2356 2350 2411 τητα
2370 2379 2384 2406 ,
2406 2340 2467 2394 τό
2492 2357 2555 2410 γε
2576 2339 2682 2412 μὴν
2712 2338 2931 2409 ἱσοφυές
2952 2354 3008 2391 τε
3037 2337 3128 2393 καὶ
3154 2336 3424 2407 ἰσουργὸν,
3452 2334 3548 2391 καὶ
3578 2335 3807 2387 ὲν-ταυ-

2208 2431 2396 2501 τότητι
2435 2430 2593 2503 δόξης
2637 2429 3009 2503 ἀδιαλώὴτον
3057 2428 3337 2495 παντελῶς
3392 2428 3604 2501 ἔχοντος
3662 2424 3809 2500 πρὸς

2210 2522 2392 2576 αὐτόν.

2280 2791 2343 2843 Β.
2388 2790 2625 2843 Ἔοικεν.

2280 2883 2348 2940 Α.
2400 2881 2729 2954 Ἀναμάθοις
2750 2881 2792 2935 δ’
2826 2882 2892 2937 ἂν
2914 2884 3010 2937 καὶ
3043 2881 3244 2954 ἑτέρως
3274 2880 3437 2935 αὑτὸν
3477 2880 3574 2953 τὴν
3615 2879 3806 2935 πίστιν

2208 2977 2270 3031 ού
2306 2975 2691 3046 διωθούμενον,
2730 2976 2885 3041 ἀλλὰ,
2924 2976 3099 3047 τομῆς
3126 2993 3271 3039 τινος
3305 2975 3429 3047 δίχα
3462 2975 3558 3029 καὶ
3606 2974 3803 3043 διαφο-

2213 3064 2332 3133 ρᾶς,
2366 3063 2771 3134 εἰσδεδεγμένον
2802 3064 2971 3135 αὐτὴν
3012 3064 3087 3128 ὡς
3128 3065 3187 3117 ἐν
3223 3064 3337 3135 ἰδίῳ
3372 3064 3671 3137 προσώπῳ,
3705 3063 3804 3117 καὶ

515 3172 674 3223 sena,
699 3159 915 3215 tametsi
941 3157 1117 3216 factus
1142 3160 1214 3215 sit
1236 3175 1385 3215 caro.
1415 3159 1707 3229 Postquam
1731 3162 1875 3214 enim
1899 3175 2099 3216 caecum

2210 3158 2259 3209 sl
2296 3156 2488 3226 γέγονε
2520 3157 2677 3225 σάρξ.
2724 3155 2943 3226 Ἐπειδὴ
2976 3156 3084 3229 γὰρ
3106 3156 3197 3210 τὸν
3224 3157 3288 3209 ἐκ
3317 3156 3587 3227 γεννητῆς
3614 3155 3805 3222 ὲξιᾶτο

517 3248 669 3304 illum
700 3265 730 3304 a
768 3250 1054 3306 nativitate
1085 3253 1300 3307 sanavit
1328 3250 1400 3318 “,
1432 3261 1489 3306 et
1520 3251 1678 3307 dulce
1717 3251 2102 3322 insolitumque

2208 3248 2427 3318 τυφλὸν,
2465 3249 2558 3301 καὶ
2588 3248 2648 3300 τὸ
2675 3247 2851 3316 γλυκὺ
2884 3247 3004 3318 μὲν,
3032 3247 3199 3317 ἄηθες
3240 3247 3284 3299 δ’
3313 3246 3427 3314 οὖν,
3459 3245 3803 3315 ὲπεφύτευσε

517 3342 700 3398 lumen
770 3344 821 3399 ei
877 3345 1144 3411 immisit,
1202 3346 1455 3401 omnibus
1512 3346 1708 3400 merito
1754 3344 2099 3400 admirationi

514 3442 657 3489 erat.
697 3436 877 3505 Atque
921 3436 1010 3492 hic
1051 3437 1270 3507 quidem
1317 3436 1448 3491 vitio
1488 3435 1578 3491 illo
1621 3436 1883 3492 liberatus
1932 3453 1960 3490 a
2007 3434 2103 3490 Ju-

516 3525 650 3581 daeis
679 3526 1051 3598 indicabatur,
1098 3538 1155 3584 et
1190 3528 1461 3584 medicum
1504 3529 1899 3598 proﬁtebatur:
1942 3529 2101 3584 Chri-

516 3627 636 3674 stus
668 3634 798 3674 vero
831 3634 952 3675 eum
1008 3621 1317 3677 accedens:
1360 3638 1379 3672 ι
1426 3619 1510 3676 Tu
1550 3621 1826 3689 credisne,
1898 3620 2097 3692 inquit,

518 3708 571 3762 in
603 3707 798 3764 Filium
835 3708 972 3765 Dei?
1008 3730 1028 3764 ι
1060 3710 1162 3777 Qui
1205 3725 1329 3764 cum
1357 3709 1728 3766 exclamaret:
1764 3729 1782 3762 ι
1822 3710 1955 3779 Quis
1994 3720 2097 3773 est,

516 3800 766 3865 Domine,
797 3811 856 3855 ut
899 3790 1119 3858 credam
1171 3802 1223 3855 in
1251 3801 1481 3873 ipsum?
1504 3820 1524 3853 ι
1555 3802 1839 3872 respondit
1868 3802 2092 3858 dicens:

523 3908 542 3943 ‹
577 3889 642 3945 Ει
673 3890 856 3947 vidisti
885 3890 1086 3962 ipsum,
1111 3899 1166 3944 et
1194 3891 1285 3962 qui
1321 3892 1561 3961 loquitur
1590 3900 1793 3958 tecum,
1822 3890 1912 3947 ille
1935 3902 2039 3948 est.
2072 3912 2090 3944 ι

513 3981 614 4049 Qui
638 3984 945 4051 respondit:
971 4001 990 4035 ι
1014 3981 1212 4049 Credo,
1236 3984 1481 4041 Domine.
1504 3984 1572 4040 Et
1589 3986 1836 4041 adoravit
1852 4002 1976 4042 eum
1990 3987 2057 4041 ⁸⁸.
2073 4005 2091 4040 ι

513 4074 799 4141 Quomodo
827 4074 991 4146 igitur
1022 4091 1129 4131 non
1175 4077 1247 4133 sit
1274 4077 1526 4133 omnibus
1559 4078 1930 4144 manifestum,
1957 4078 2096 4133 divi-

515 4182 642 4220 nam
670 4180 734 4223 ac
755 4181 1067 4238 supremam
1103 4177 1352 4224 naturam
1377 4169 1552 4227 oculis
1580 4171 1733 4226 cerni
1766 4186 1794 4224 a
1820 4185 2095 4242 quoquam

513 4273 621 4315 non
654 4259 852 4330 posse?
888 4278 907 4312 ι
952 4260 1120 4315 Deum
1149 4260 1293 4315 enim
1324 4277 1485 4318 nemo
1524 4262 1661 4316 vidit
1685 4277 1949 4331 unquam,
1987 4281 2005 4314 ι
2036 4269 2096 4317 ut

511 4352 774 4423 scriptum
802 4361 891 4408 est
924 4350 992 4407 ".
1040 4352 1096 4408 Si
1130 4368 1260 4424 ergo
1291 4353 1633 4423 distinguens
1657 4366 1810 4407 suam
1840 4352 2096 4408 humani-

513 4452 701 4509 tatem,
733 4452 790 4497 ut
825 4443 927 4498 hoc
964 4443 1141 4513 ipsum
1180 4458 1449 4514 apparens
1487 4457 1551 4497 ex
1603 4442 1712 4499 Deo
1748 4441 1911 4499 Patre
1961 4444 2095 4498 Ver-

2209 3339 2326 3410 φῶς
2357 3338 2527 3411 αὐτῷ,
2561 3339 2712 3410 παρὰ
2738 3340 2957 3393 πάντων
2990 3338 3216 3403 εἰκότως
3246 3339 3608 3410 ἐθαυμάζετο.
3656 3340 3802 3394 Ἀλλ’

2204 3433 2233 3486 ὁ
2280 3432 2381 3501 μὲν
2430 3432 2524 3485 τοῦ
2568 3432 2777 3496 πάθους
2828 3431 3252 3504 ἀπηλλαγμένος
3306 3432 3458 3503 παρὰ
3498 3436 3610 3498 τοῖς
3667 3435 3803 3489 Ἰού-

2202 3521 2375 3586 δαίοις
2422 3521 2691 3595 ἐκρίνετο,
2733 3521 2829 3575 καὶ
2866 3520 3138 3592 ὡμολόγει
3182 3521 3274 3574 τὸν
3316 3522 3519 3593 ἰατρόν-
3559 3523 3802 3590 Χριστὸς

2202 3613 2259 3667 δὲ
2290 3613 2438 3684 αύτῷ
2486 3612 2825 3685 περιτυχὼν,
2875 3631 2893 3664 ‹
2938 3614 3010 3666 Σὺ
3067 3612 3366 3678 πιστεύεις,
3423 3613 3682 3684 ἔφασκεν,
3719 3617 3803 3677 εἰς

2202 3710 2295 3764 τὸν
2325 3710 2455 3764 Υιὸν
2486 3710 2581 3763 τοῦ
2599 3709 2735 3763 Θεοῦ
2762 3726 2775 3775 ;
2818 3729 2835 3760 ι
2872 3709 2977 3763 Τοῦ
3001 3709 3079 3777 δὲ,
3109 3710 3190 3777 τὸ,
3215 3731 3233 3763 ι
3263 3710 3357 3775 Τίς
3387 3711 3525 3777 ἐστι,
3546 3711 3745 3782 Κύριε,
3776 3732 3796 3766 ι

2200 3800 2648 3874 διακεκραγότος,
2680 3821 2697 3853 ι
2740 3802 2827 3856 ἵνα
2860 3802 3135 3855 πιστεύσω
3160 3804 3240 3867 εἰς
3263 3803 3465 3868 αύτόν;
3497 3822 3515 3854 ι
3548 3804 3802 3874 ἀντεφώ-

2200 3912 2282 3949 νει
2315 3894 2511 3963 λέγων’
2554 3913 2573 3946 ι
2621 3894 2733 3948 Καὶ
2767 3893 3019 3965 ἑώρακας
3057 3894 3240 3960 αὐτὸν,
3270 3896 3363 3948 καὶ
3392 3895 3419 3947 ὁ
3451 3894 3626 3949 λαλῶν
3656 3897 3802 3966 μετὰ

2201 3984 2319 4049 σοῦ,
2350 3983 2553 4048 ἐκεῖνός
2585 3987 2751 4037 ἐστιν.
2793 4004 2811 4035 ι
2860 3985 2919 4037 '0
2948 3983 3004 4036 δὲ
3062 3982 3188 4053 ἔφη·
3225 4002 3242 4035 ι
3294 3984 3564 4048 Πιστεύω,
3596 3983 3795 4054 Κύριε.

2160 4117 2162 4121 ν
2199 4076 2310 4130 Kal
2345 4075 2749 4147 προσεκύνησεν
2795 4073 2961 4146 αὐτῷ.
3007 4094 3026 4126 ι
3071 4074 3262 4129 Καίτοι
3306 4074 3419 4140 πῶς
3473 4076 3573 4146 οὐχ
3618 4074 3797 4130 ἅπασι

2203 4168 2506 4238 συμφανὲς,
2534 4165 2610 4231 ὡς
2656 4167 2856 4229 ἄοπτος
2887 4164 3166 4230 παντελῶς
3194 4168 3226 4237 ἡ
3262 4165 3382 4219 θεία
3412 4183 3472 4219 τε
3519 4166 3613 4219 καὶ
3648 4168 3797 4222 ἀνω-

2200 4259 2347 4312 τάτω
2396 4258 2594 4328 φύσις;
2647 4277 2665 4310 ι
2718 4259 2851 4313 Θεὸν
2879 4258 2987 4330 γὰρ
3028 4259 3200 4322 οὐδεὶς
3234 4258 3442 4331 ἑώρακε
3483 4257 3725 4325 πώποτε,
3767 4278 3788 4312 ι

2198 4349 2341 4405 κατὰ
2369 4350 2428 4404 τὸ
2461 4350 2867 4423 γεγραμμένον.
2898 4351 3070 4422 Εἴπερ
3119 4346 3212 4404 οὖν
3256 4351 3464 4416 διιστὰς
3503 4352 3699 4406 ἑαυτοῦ
3734 4352 3800 4406 τὸ

2200 4440 2566 4514 ἀνθρώπινον,
2600 4443 2675 4507 ὡς
2714 4442 2848 4497 αὐτὸ
2894 4442 2959 4511 δὴ
3006 4441 3166 4495 τοῦτο
3200 4442 3457 4513 πεφηνὼς
3492 4444 3519 4495 ὁ
3553 4445 3618 4496 ὲκ
3656 4442 3797 4496 Θεοῦ

506 4533 660 4598 hum,
691 4535 869 4588 nudus
911 4549 978 4588 ac.
1020 4534 1169 4590 solus
1212 4535 1359 4589 credi
1406 4533 1598 4599 voluit,
1633 4543 1688 4587 et
1727 4549 1934 4589 caecum
1977 4532 2090 4602 jam

2208 4530 2421 4603 [ἰατρὸς
2445 4532 2637 4602 Λόγος,
2672 4533 2878 4604 γυμνὸς
2908 4532 3001 4587 καὶ
3031 4532 3189 4604 μόνος
3223 4534 3375 4604 ἠξίου
3412 4533 3796 4601 πιστεύεσθαι,

508 4631 758 4681 curatum
805 4625 1089 4691 hortatur,
1132 4642 1201 4680 ne
1248 4625 1428 4695 potius
1461 4638 1710 4692 quaenam
1771 4624 1843 4678 sit
1897 4633 2093 4681 natura

508 4714 605 4769 Dei
653 4728 838 4770 secum
880 4715 1122 4786 cogitet:
1148 4713 1244 4769 sed
1278 4715 1461 4783 potius
1505 4712 1871 4779 corporaliter
1911 4722 2096 4768 osten-

506 4806 607 4871 dit,
633 4805 706 4860 ita
726 4814 785 4861 ut
801 4805 975 4862 oculis
1000 4806 1132 4875 ipsis
1155 4800 1474 4874 conspicere
1498 4802 1689 4856 liceret
1726 4802 1881 4872 (dixit
1909 4804 2091 4861 enim:

508 4898 673 4972 704
703 4900 769 4953 Ει
801 4900 953 4956 vides
986 4899 1189 4968 ipsum,
1242 4905 1298 4951 et
1335 4895 1427 4965 qui
1474 4895 1716 4964 loquitur
1750 4906 1957 4964 tecum,
2003 4900 2091 4957 ille

506 4989 613 5060 est)
643 5008 657 5046 :
685 5006 867 5048 nonne
897 5005 1116 5046 carnem
1148 4987 1456 5044 ostendisse
1477 4987 1863 5069 censebimus?

579 5169 639 5226 Β.
666 5169 923 5226 Omnino.

577 5263 646 5315 A.
686 5259 850 5328 Atqui
889 5256 1163 5327 quomodo
1198 5255 1453 5330 deinceps
1494 5258 1612 5330 ipse
1668 5262 1739 5318 sit
1782 5277 1945 5329 caro,
1988 5262 2091 5318 nisi

508 5350 842 5422 intelligatur
867 5347 1165 5403 secundum
1195 5351 1472 5417 unionem,
1503 5359 1762 5421 tanquam
1799 5353 1914 5422 ipse
1943 5353 2092 5408 exsi-

509 5452 659 5498 stens
704 5439 979 5512 proprium
1015 5440 1183 5508 ipsius
1221 5458 1235 5496 :
1271 5444 1726 5511 quemadmodum
1774 5442 1889 5500 fere
1920 5445 2088 5500 etiam

510 5531 566 5588 in
611 5530 768 5589 nobis
801 5530 1041 5587 accidit?
1085 5531 1272 5605 Neque
1321 5533 1465 5590 enim
1509 5535 1795 5605 quisquam
1833 5536 2089 5591 ostendat

480 5625 799 5696 separatim
826 5666 843 5693 ,
873 5639 1048 5700 neque
1079 5625 1398 5700 imperfecte
1429 5629 1703 5685 hominem
1737 5629 1894 5685 nobis
1929 5630 2083 5684 simi-

2202 4620 2263 4672 τὸ
2313 4622 2387 4692 μὴ
2443 4622 2644 4692 μᾶλλον
2691 4623 2790 4694 τὴν
2835 4623 2929 4677 τοῦ
2980 4622 3116 4677 Θεοῦ
3170 4623 3333 4694 φύσιν
3375 4623 3799 4692 ἀναλογίζεσθαι

2200 4710 2330 4777 δεῖν,
2378 4713 2502 4781 ἦτις
2545 4712 2675 4767 ποτέ
2715 4714 2854 4789 ἐστι,
2898 4714 2990 4768 τὸν
3036 4711 3094 4770 εὖ
3139 4715 3386 4770 παθόντα
3431 4715 3796 4784 διεκελεύετο,

2202 4804 2487 4874 παρέδειξε
2539 4794 3009 4876 δὲύσωματικῶς,
3069 4807 3146 4870 ὡς
3195 4808 3289 4861 καὶ
3336 4807 3521 4871 αὐτοῖς
3576 4806 3798 4879 ὄμμασι

2196 4894 2569 4950 καταθεᾶσθαι
2616 4897 2789 4968 παρὸν
2832 4897 2957 4967 (ἔφη
2992 4899 3128 4970 γάρ,
3161 4900 3244 4953 ὅτι
3274 4900 3385 4954 Καὶ
3414 4900 3668 4972 ἑώρακας
3696 4903 3801 4956 αύ-

2193 4986 2306 5053 τὸν,
2348 4986 2441 5041 καὶ
2487 4988 2516 5040 ὀ
2561 4987 2740 5042 λαλῶν
2774 4990 2912 5060 μετὰ
2947 4990 3064 5055 σοῦ,
3110 4992 3314 5065 ἐκεῖνός
3363 4993 3556 5066 ὲστιν)’
3591 4989 3628 5066 ἦ
3671 4997 3798 5068 ούχὶ

2196 5078 2296 5151 τὴν
2332 5079 2514 5151 σάρκα
2543 5078 2870 5151 παραδεῖξαι
2896 5083 3184 5154 φήσομενς

2267 5172 2328 5224 Β.
2370 5172 2479 5225 Καὶ
2513 5174 2676 5230 πάνυ.

2266 5267 2331 5318 A.
2373 5259 2507 5318 Εἶτα
2551 5265 2670 5330 πῶς
2702 5266 2865 5331 αὐτὸς
2896 5266 2962 5321 ἂν
2993 5267 3079 5340 εἴη
3134 5269 3319 5324 λοιπὸν
3352 5274 3385 5344 ἡ
3428 5273 3584 5344 σὰρξ,
3621 5276 3671 5326 εἰ
3715 5275 3795 5344 μὴ

2193 5357 2365 5409 νοοῖτο
2400 5355 2522 5410 καθ’
2545 5356 2738 5411 ἕνωσιν
2761 5358 2836 5423 ὡς
2873 5360 3034 5425 αὐτὸς
3057 5361 3319 5437 ὑπάρχων
3346 5366 3407 5418 τὸ
3437 5366 3572 5420 ἴδιον
3597 5368 3792 5436 αὑτοῦ,

2199 5448 2452 5522 καθάπερ
2482 5451 2675 5521 ἀμέλει
2726 5453 2820 5507 καὶ
2865 5454 2951 5523 ἐφ’
3006 5456 3161 5525 ἡμῶν
3208 5457 3406 5525 γένοιτ’
3451 5459 3553 5527 av;
3614 5479 3796 5515 κατα-

2196 5538 2388 5608 δείξειε
2422 5539 2530 5612 γάρ
2566 5541 2631 5595 ἄν
2669 5558 2752 5605 τις
2814 5543 2873 5595 ού
2934 5546 3352 5618 μεμερισμένος
3396 5549 3516 5603 οὐδὲ
3579 5550 3795 5617 ἀτελῶς

2194 5631 2287 5685 τόν
2335 5631 2456 5685 καθ’
2495 5633 2644 5703 ἡμᾶς
2681 5632 2990 5706 ἄνθρωπον,
3050 5637 3142 5692 τὸν
3196 5641 3262 5693 ἐκ
3308 5639 3487 5714 ψυχῆς
3533 5641 3598 5716 δὴ
3645 5642 3795 5713 λέγω

576 5800 798 5862 "Juan.
835 5820 888 5869 κ,
920 5804 1008 5873 37,
1040 5803 1132 5863 38.
1208 5803 1430 5862 "Joan.
1466 5820 1564 5871 xu,
1614 5802 1692 5860 Η.
1772 5801 1991 5864 εῖδοιιιι.
2024 5821 2097 5876 ts,
2138 5805 2250 5862 1-7.
2332 5807 2375 5839 ⁸⁸
2400 5807 2531 5865 ibid.
2563 5807 2751 5867 55-38.
2831 5810 3056 5869 “Joan.
3099 5832 3136 5883 ι,
3177 5816 3263 5872 18.
