4050 6408
256 372 415 431 1157

1381 374 1470 430 os
1508 371 2022 431 lNCAltNATlONE
2067 352 2474 443 vutceutn.‘
2525 380 2543 395 '

3410 382 3551 441 ηδε

252 494 371 559 καὶ
421 492 695 569 σώματος,
748 496 840 551 καὶ
888 497 998 552 ἀπὸ
1045 498 1212 570 μόνης
1246 500 1413 554 αὐτοῦ
1475 500 1572 571 τῆς
1634 500 1855 571 σαρκός.

1966 503 2093 570 lem,
2134 520 2200 562 ex
2240 508 2445 573 anima,
2476 510 2717 579 inquam,
2747 514 2802 564 et
2834 520 3069 575 corpore
3106 513 3469 572 constantem,
3495 516 3548 561 et

341 674 403 729 Β.
449 674 736 746 Σύμςρημι·
769 677 951 746 λέγεις
977 679 1086 752 γὰρ
1114 680 1310 754 ὀρθῶς.

337 768 406 823 Δ.
451 767 702 839 Γέγραφε
736 770 792 825 δέ
829 788 934 826 που
982 773 1076 827 καὶ
1124 776 1154 827 6
1202 775 1366 845 σοφὸς
1406 777 1537 847 ἡμῖν
1585 766 1859 850 Ἰωάννης,

252 858 353 911 δτι
398 876 418 910 ι
462 858 641 914 Πολλὰ
690 862 791 933 μὲν
849 858 944 917 οῦν
988 865 1081 919 καὶ
1120 864 1256 920 ἄλλα
1289 870 1494 938 σημεῖα
1528 870 1787 940 ἐποίησεν
1832 873 1862 924 6

268 948 495 1020 Ἰησοῦς
538 950 772 1008 ἐνώπιον
820 954 929 1009 τῶν
978 956 1237 1028 μαθητῶν
1273 959 1461 1022 αὐτοῦ,
1509 960 1546 1015 ἃ
1594 962 1697 1016 οὐκ
1743 961 1863 1016 ἐστι

252 1042 639 1113 γεγραμμένα
675 1045 734 1097 ὲν
778 1045 856 1117 τῷ
891 1046 1084 1120 βιϐλίῳ
1117 1049 1311 1120 τούτῳ.
1344 1050 1530 1105 Ταῦτα
1558 1052 1613 1106 δὲ
1653 1052 1861 1125 γέγραο

252 1147 423 1196 πται,
462 1132 550 1186 ἵνα
613 1135 904 1207 πιστεύητε
944 1137 1027 1190 ὃτι
1077 1136 1285 1210 Ἰησοῦς
1330 1140 1479 1193 ἐστιν
1508 1142 1537 1193 6
1565 1141 1801 1212 Χριστὸς
1833 1143 1862 1195 6

251 1223 401 1289 Υἱὸς
448 1224 542 1279 τοῦ
592 1225 728 1281 Θεοῦ
768 1228 862 1282 τοῦ
915 1229 1139 1295 ζῶντος,
1186 1232 1279 1285 καὶ
1327 1232 1414 1285 ἵνα
1467 1232 1860 1299 πιστεύσαντες

249 1312 415 1385 ζωὴν
449 1313 611 1388 ἔχητε
645 1316 706 1372 ἐν
733 1317 812 1388 τῷ
840 1319 1067 1391 ὀνόματι
1104 1322 1295 1377 αὑτοῦ.
1341 1342 1360 1377 ι
1398 1325 1783 1397 Κατατεθήποι
1816 1326 1863 1380 δ’

248 1405 329 1460 ἄν
366 1423 453 1471 τις
500 1408 560 1462 οὐ
627 1410 780 1480 μεῖον
836 1413 932 1466 καὶ
980 1413 1072 1467 τὸν
1128 1414 1415 1472 θεσπέσιον
1466 1419 1671 1489 Πέτρον
1732 1419 1863 1473 ’1ου-

248 1494 438 1559 δαίοις
471 1501 978 1572 προσπεφωνηκότα
1012 1504 1202 1574 σαφῶς
1234 1507 1329 1560 καὶ
1345 1508 1672 1577 ἀναφανδόν·
1695 1509 1863 1581 (Ἀρ-

246 1604 457 1657 χοντες
480 1588 576 1643 τοῦ
606 1590 737 1646 λαοῦ
776 1593 874 1647 καὶ
912 1595 1299 1669 πρεσϐύτεροι,
1335 1601 1385 1653 εί
1416 1603 1578 1671 ἡμεῖς
1619 1602 1862 1673 σήμερον

248 1685 680 1758 ἀνακρινόμεθα
733 1691 826 1744 ἐπὶ
874 1692 1198 1764 εὐεργεσίαν
1237 1694 1528 1766 ἀνθρώπου
1574 1697 1857 1764 ἀσθενοῦς,

248 1780 319 1833 ὲν
358 1779 471 1833 τίνι
516 1773 672 1845 οὗτος
727 1784 1016 1851 σέσωσται,
1049 1787 1292 1856 γνωστὸν
1323 1788 1467 1843 ἔστω
1508 1791 1673 1844 πᾶσιν
1705 1792 1856 1861 ὑμῖν,

250 1871 364 1926 καὶ
397 1874 561 1927 παντὶ
587 1873 668 1945 τῷ
705 1874 820 1946 λαῷ
864 1877 1102 1950 Ἰσραὴλ,
1138 1880 1218 1933 ὅτι
1264 1882 1323 1934 ὲν
1359 1880 1436 1952 τῷ
1464 1882 1691 1953 ὀνόματι
1755 1883 1858 1954 ’Ῑη-
1889 1862 1934 1923 Β

250 1962 366 2017 σοῦ
421 1965 661 2036 Χριστοῦ
710 1968 806 2022 τοῦ
860 1968 1205 2043 Ναζωραίου,
1248 1973 1309 2027 ὃν
1367 1974 1525 2045 ὑμεῖς
1575 1975 1857 2046 ἐσταυρῶ-

251 2073 423 2120 σατε,
454 2056 514 2110 ὃν
544 2059 575 2111 6
611 2058 745 2124 Θεὸς
770 2061 995 2134 ἦγειρεν
1027 2066 1090 2117 ἐκ
1130 2067 1361 2138 νεκρῶν,
1404 2070 1463 2121 ὲν
1494 2065 1673 2139 τούτῳ
1701 2061 1857 2133 οὗτος

249 2149 614 2221 παρέστηκεν
640 2151 872 2218 ἐνώπιον
914 2156 1068 2226 ὑμῶν
1097 2158 1277 2228 ὑγιής.
1321 2177 1338 2210 ι
1378 2160 1490 2213 Καὶ
1533 2158 1652 2230 μεθ’
1694 2159 1857 2231 ἕτερα

248 2238 430 2294 πάλιν
452 2257 467 2270 ο
506 2259 525 2293 ι
564 2243 676 2297 Καὶ
703 2245 804 2299 οὐκ
840 2245 991 2302 ἐστιν
1023 2250 1083 2303 ὲν
1110 2249 1256 2322 ἄλλῳ
1286 2252 1462 2306 οὐδενὶ
1504 2255 1539 2324 ἡ
1590 2252 1853 2323 σωτηρία.

246 2332 406 2387 οὐδὲ
452 2335 561 2407 γὰρ
610 2335 783 2408 ὄνομα
823 2339 1012 2413 ἔτερόν
1058 2344 1206 2397 ἐστιν
1251 2344 1356 2398 ὑπὸ
1400 2346 1493 2398 τὸν
1538 2346 1768 2417 οὐρανὸν
1796 2345 1857 2399 τὸ

243 2425 546 2499 δεδομένον
590 2430 651 2483 ἐν
683 2430 1011 2504 ἀνθρώποις,
1046 2434 1105 2488 ὲν
1135 2429 1181 2503 ᾧ
1221 2436 1303 2489 δεῖ
1349 2437 1588 2508 σωθῆναι
1620 2439 1788 2508 ἡμᾶς.
1830 2456 1850 2490 ι

247 2519 361 2586 Τίς
391 2517 485 2576 οῦν
527 2522 637 2595 ἄρα
668 2525 838 2592 ἐστὶν,
869 2529 898 2581 6
939 2530 1036 2581 καὶ
1068 2528 1300 2584 θάνατον
1336 2531 1553 2596 ὑποδὺς,
1592 2532 1685 2585 καὶ
1722 2533 1856 2602 ἐγη-

246 2613 529 2685 γερμένος
567 2617 625 2668 ὲν
653 2616 801 2689 δόξῃ,
832 2619 928 2673 καὶ
971 2620 1036 2673 ὲκ
1083 2618 1358 2692 Ναζαρὲτ,
1408 2624 1456 2675 εί
1502 2623 1579 2694 μὴ
1640 2623 1883 2695 Ἰησοῦςλ

247 2705 519 2777 Χριστὸς,
551 2709 854 2777 τουτέστιν,
904 2712 933 2764 6
986 2712 1094 2784 πρὸ
1148 2714 1352 2778 παντὸς
1401 2714 1499 2783 μὲν
1546 2714 1742 2779 αίῶνος
1790 2718 1857 2770 ὲκ

247 2796 479 2868 Πατρὺς
504 2798 833 2873 exossam;
869 2806 1264 2876 γεγεννημένος
1300 2846 1314 2870 ,
1360 2808 1417 2859 ἐν
1445 2806 1502 2859 δέ
1533 2824 1596 2875 γε
1635 2807 1713 2877 τῷ
1740 2808 1852 2862 λοί-

248 2886 375 2958 σθῳ
409 2888 507 2941 καὶ
551 2890 633 2952 είς
683 2890 856 2961 πέρας
897 2892 1086 2963 ἥκοντι
1129 2892 1222 2945 τοῦ
1274 2892 1470 2957 αἰῶνος
1527 2893 1724 2963 καιρῷ,
1760 2895 1855 2948 καὶ

250 2980 595 3050 σωματικῶς
628 2983 695 3037 ὲκ
722 2985 1004 3053 γυναικὸς;
1046 2986 1104 3038 ’0
1144 2985 1327 3039 πίστιν
1367 2983 1461 3039 οὖν
1501 2986 1611 3057 ἄρα
1639 2987 1739 3058 τὴν
1773 2988 1854 3050 εἰς

249 3071 426 3126 αὐτὸν
453 3074 835 3146 προσιέμενος,
883 3077 1052 3148 γέρας
1099 3078 1388 3133 ἀποίσεται
1444 3080 1506 3133 τὸ
1550 3080 1852 3152 ἐξαίρετονο

248 3166 680 3238 διακεκλήσεται
724 3167 834 3240 γὰρ
875 3169 989 3233 υἱὸς
1035 3169 1169 3224 Θεοῦ
1194 3186 1210 3202 ο
1260 3191 1280 3222 ι
1315 3172 1469 3224 Ὅσοι
1508 3171 1617 3244 γὰρ
1660 3170 1854 3226 ἔλαϐον

247 3257 447 3320 αὒτδν,
484 3258 686 3314 ἔδωκεν
718 3261 900 3325 αὐτοῖς
929 3263 1200 3329 ἐξουσίαν,
1235 3265 1392 3335 φησι,
1414 3265 1579 3318 τέκνα
1600 3264 1736 3317 Θεοῦ
1763 3280 1856 3333 γε·

249 3351 470 3419 νὲσθαι,
503 3354 554 3407 οἳ
582 3353 684 3408 οὐκ
714 3355 773 3421 ἐξ
803 3355 1073 3426 αἱμάτων,
1116 3357 1239 3410 οὐδὲ
1277 3359 1340 3410 ὲκ
1387 3357 1689 3428 θελήματος
1723 3375 1854 3428 σαρ-

249 3448 379 3511 urbe,
418 3446 542 3501 οὐδὲ
588 3449 654 3503 ἐκ
694 3448 1001 3520 θελήματος
1038 3448 1249 3520 ἀνδρὸς,
1272 3449 1393 3504 »ἀλλ’
1432 3453 1497 3505 ὲκ
1525 3449 1660 3506 Θεοῦ
1703 3453 1856 3520 ὲγενο

254 3540 527 3612 γήθησαν.
587 3560 607 3594 ι
668 3542 786 3596 Ἵνα
823 3542 931 3617 γὰρ
976 3543 1201 3612 γένηται
1243 3543 1540 3614 πρωτεύων
1592 3545 1650 3598 ἐν
1689 3545 1855 3598 πᾶσιν

254 3632 446 3699 αὐτὸς,
479 3632 627 3687 καθὰ
657 3634 992 3706 γέγραπται,
1028 3636 1355 3706 γεγέννηται
1410 3636 1507 3707 μὲν
1548 3636 1637 3690 διὰ
1664 3653 1854 3707 γυναι-

256 3723 380 3789 κός.
423 3724 643 3797 Ἐπειδὴ
672 3726 730 3779 δέ
759 3729 909 3780 ἐστιν
957 3726 1182 3798 ἀπαρχὴ
1225 3728 1325 3795 τῆς
1359 3730 1858 3802 ἀναμορφουμένης

256 3817 499 3882 κτίσεως
524 3817 592 3871 δι’
619 3818 895 3890 ἀγιασμοῦ
927 3819 1063 3892 πρὸς
1088 3820 1244 3887 Θεὸν,
1264 3822 1360 3876 καὶ
1394 3823 1500 3894 πρό
1530 3838 1592 3891 γε
1628 3822 1736 3876 τῶν
1759 3822 1854 3877 ἄλ-

255 3909 372 3963 λων
420 3909 586 3974 αὐτὸς
618 3911 844 3981 γενητὸς
876 3912 1091 3984 ἐδείχθη
1140 3913 1483 3984 Πνεύματος,
1519 3914 1618 3984 τὴν
1663 3913 1858 3984 ἀνδρός

257 4018 322 4056 τε
354 4001 452 4056 καὶ
479 4003 739 4071 γυναικὸς
780 4003 1193 4074 ὑπερθρώσκων
1226 4005 1461 4070 σύνοδον,
1494 4005 1588 4058 καὶ
1615 4005 1716 4058 οὐκ
1741 4005 1858 4058 ἀτι-

262 4096 367 4168 μίᾳ
397 4097 493 4150 καὶ
525 4098 702 4168 μώμῳ
748 4096 1129 4161 καταδικάζων
1158 4095 1257 4162 τὴν
1299 4096 1462 4165 φύσιν
1510 4096 1710 4167 (τίμιος
1749 4097 1858 4168 γὰρ

257 4186 291 4237 6
322 4184 522 4255 γάμος,
555 4185 650 4238 καὶ
681 4187 711 4238 6
744 4185 958 4250 πλάσας
991 4186 1266 4257 ἀπαρχῆς,
1301 4185 1467 4257 ἄρσεν
1492 4186 1587 4239 καὶ
1604 4184 1737 4256 θῆλυ
1763 4202 1859 4239 πε-

260 4278 497 4348 ποίηκεν
543 4278 787 4344 αὐτοὺς),
827 4279 965 4334 ἀλλὰ
993 4278 1070 4350 τῷ
1121 4279 1329 4350 μείζονι
1368 4279 1464 4333 καὶ
1510 4277 1859 4350 ἀσυγκρίτως

262 4371 652 4443 ὑπερκειμένῳ
711 4373 1035 4443 προσνέμων
1083 4373 1184 4444 ἤδη
1241 4390 1357 4436 πως
1401 4372 1469 4426 τὰ
1515 4369 1858 4441 ἀνθρώπινα.

263 4461 566 4534 Γεννητοὺς
619 4465 727 4535 γὰρ
775 4465 1116 4534 Πνεύματος,
1170 4467 1270 4519 οὐκ
1323 4463 1554 4536 ἀνδρῶν,
1606 4464 1754 4535 ἡμᾶς
1778 4462 1858 4517 ἔτι

1882 3214 1929 3276 C

1966 613 2031 652 ex
2060 597 2174 652 sola
2214 599 2390 667 ipsius
2430 614 2617 656 carne.

2036 690 2095 744 Β.
2140 691 2441 747 Assentior.
2476 692 2644 748 Recte
2674 693 2819 747 enim
2853 692 3013 748 dicis.

2032 782 2100 836 A.
2128 781 2331 840 Scribit
2362 799 2495 839 vero
2523 784 2688 839 etiam
2720 783 2848 838 alibi
2877 784 3097 853 sapiens
3133 781 3224 837 ille
3264 779 3544 837 Joannes:

1966 893 1988 928 ι
2022 874 2187 930 Multa
2226 878 2441 945 quidem
2489 886 2544 932 et
2585 877 2690 932 alia
2732 877 2885 947 signa
2933 876 3061 932 fecit
3098 873 3257 932 Iesus
3312 875 3366 930 in
3416 886 3550 930 con-

1964 979 2153 1040 spectu
2183 970 2570 1040 discipulorum
2604 985 2855 1035 suorum,
2883 984 3003 1040 quae
3037 983 3147 1024 non
3180 978 3309 1024 sunt
3340 967 3549 1036 scripta

1964 1062 2019 1117 in
2051 1062 2191 1118 libro
2219 1063 2342 1117 hoc.
2382 1060 2506 1115 [hec
2538 1071 2723 1137 autem
2767 1061 2968 1130 scripta
3021 1070 3169 1123 sunt,
3198 1068 3258 1113 ut
3304 1058 3545 1114 credatis

1964 1149 2095 1218 quia
2125 1148 2283 1206 Jesus
2307 1158 2391 1204 est
2412 1148 2583 1204 Filius
2610 1149 2702 1204 Dei
2730 1150 2861 1215 vivi,
2890 1159 2945 1203 et
2972 1158 3030 1203 nt
3056 1148 3343 1204 credentes
3374 1149 3543 1203 vitam

1967 1241 2211 1297 habeatis
2245 1242 2297 1296 iu
2331 1242 2554 1297 nomine
2584 1241 2758 1311 ipsius
2786 1242 2852 1295 ⁸⁷.
2896 1261 2914 1293 ι
2947 1241 3263 1295 Admiretur
3294 1255 3421 1295 vero
3455 1240 3552 1294 ali-

1966 1333 2087 1400 quis
2128 1347 2233 1386 non
2260 1332 2441 1387 minus
2477 1332 2722 1387 divinum
2757 1331 2998 1396 Petrum,
3030 1333 3096 1386 ad
3133 1330 3351 1386 Judaaos
3384 1346 3547 1401 aper-

1968 1434 2021 1482 te
2060 1426 2133 1480 ita
2170 1426 2516 1495 loquentem:
2549 1445 2569 1479 ι
2608 1427 2892 1497 Principes
2924 1426 3132 1497 populi,
3169 1434 3225 1480 et
3256 1425 3501 1481 seniores
3529 1468 3546 1489 ,

1964 1517 2010 1571 si
2052 1532 2148 1572 nos
2208 1517 2368 1573 hodie
2414 1517 2729 1588 iudicamur
2775 1518 2828 1572 in
2867 1517 3155 1572 benefacta
3188 1517 3428 1571 hominis
3464 1516 3552 1571 in-

1966 1608 2133 1674 firmi,
2184 1609 2235 1663 in
2273 1623 2381 1679 quo
2417 1610 2521 1664 iste
2546 1609 2730 1664 salvus
2773 1608 2947 1664 factus
2972 1618 3076 1675 est,
3110 1618 3297 1663 notum
3331 1608 3403 1663 sit
3433 1622 3553 1662 om-

1965 1700 2134 1765 nibus
2161 1703 2337 1767 vobis,
2380 1711 2436 1758 et
2465 1703 2612 1758 omni
2648 1701 2792 1773 plebi
2831 1702 3023 1767 Israel,
3069 1704 3196 1771 quia
3243 1701 3295 1755 in
3332 1699 3553 1756 nomine

1965 1792 2181 1848 Domini
2227 1795 2402 1849 nostri
2454 1792 2583 1850 Jesu
2634 1794 2842 1851 Christi
2904 1793 3194 1860 Nazareni,
3240 1808 3402 1863 quem
3452 1807 3552 1848 vos

1962 1875 2347 1950 crucifixistis,
2376 1897 2539 1954 quem
2589 1883 2733 1939 Deus
2777 1884 3065 1940 suscitavit
3110 1897 3141 1937 a
3191 1882 3444 1947 mortuis,
3490 1883 3549 1938 in

1963 1975 2066 2031 hoc
2090 1975 2191 2031 iste
2215 1984 2357 2030 astat
2393 1975 2547 2030 vobis
2577 1990 2744 2031 sanus
2777 1974 2845 2030 ⁸⁸.
2882 1994 2900 2027 ι
2936 1974 3003 2029 Ει
3035 1973 3196 2044 paulo
3222 1981 3344 2044 post
3374 1991 3390 2028 :
3426 1991 3448 2026 ι
3480 1972 3549 2030 Et

1962 2083 2069 2123 non
2097 2078 2185 2123 est
2211 2068 2263 2121 in
2301 2067 2408 2122 alio
2433 2066 2617 2139 aliquo
2662 2067 2833 2124 salus.
2878 2065 3067 2138 Neque
3097 2067 3243 2122 enim
3277 2076 3364 2122 est
3395 2066 3547 2123 aliud

1961 2175 2158 2215 nomen
2189 2160 2291 2216 sub
2317 2162 2463 2214 creto
2494 2161 2681 2214 datum
2716 2159 3047 2225 hominibus,
3086 2160 3140 2213 in
3160 2174 3266 2228 quo
3295 2167 3548 2229 oporteat

1960 2267 2061 2308 nos
2102 2252 2283 2309 salvos
2331 2252 2447 2308 ﬁeri
2494 2252 2560 2308 ⁸³.
2618 2272 2636 2305 ι
2674 2251 2938 2320 Quisnam
2990 2251 3156 2322 igitur
3200 2259 3303 2317 est,
3352 2251 3442 2319 qui
3483 2255 3550 2306 ὀι

1961 2354 2192 2399 mortem
2237 2344 2374 2399 obiit
2410 2352 2465 2399 ct
2498 2344 2797 2398 resurrexit
2830 2343 2886 2397 in
2918 2341 3113 2412 gloria,
3145 2349 3310 2411 atque
3344 2356 3410 2396 ex
3437 2337 3550 2396 Na»

1967 2436 2181 2502 zareth,
2207 2436 2309 2491 nisi
2342 2434 2501 2491 Jcsns
2532 2435 2803 2501 Christus,
2832 2433 2935 2490 hoc
2958 2445 3061 2504 est,
3095 2436 3185 2506 qui
3216 2445 3342 2489 ante
3365 2437 3547 2490 omnia

1959 2528 2153 2584 saecula
2210 2543 2277 2583 ex
2325 2528 2487 2583 Patre
2531 2525 2878 2584 ineﬂ‘abiliter
2931 2527 3150 2596 genitus
3181 2528 3301 2583 est?
3342 2527 3549 2585 Ultimo

1958 2634 2088 2676 vero
2130 2630 2187 2696 et
2237 2623 2304 2677 ad
2357 2622 2562 2677 exitum
2614 2632 2876 2692 vergente
2906 2621 3227 2678 saeculorum
3281 2632 3546 2692 tempore,

1958 2713 2320 2781 corporaliter
2363 2715 2527 2769 etiam
2579 2729 2645 2769 ex
2698 2713 2921 2785 Virgine
2963 2724 3124 2769 natus
3158 2724 3264 2769 est.
3316 2713 3551 2769 Proinde

1959 2808 2050 2877 qui
2083 2807 2135 2861 in
2165 2806 2341 2878 ipsum
2370 2807 2563 2875 credit,
2591 2806 2851 2862 eximium
2874 2807 3158 2876 praemium
3191 2805 3422 2872 auferet;
3453 2821 3549 2859 vo-

1959 2896 2171 2951 cabitur
2220 2899 2365 2953 enim
2427 2896 2567 2954 ﬁlius
2610 2899 2725 2953 Dei.
2758 2918 2777 2951 ι
2812 2896 3089 2968 Quotquot
3129 2897 3276 2953 enim
3321 2912 3552 2966 accepe-

1959 2998 2086 3044 runt
2123 3005 2270 3054 emn,
2303 2990 2454 3045 dedit
2495 2990 2579 3046 eis
2625 2999 2972 3059 potestatem,
3026 2990 3226 3060 inquit,
3276 2989 3414 3044 filios
3453 2989 3546 3043 Dei

1959 3080 2096 3146 fieri,
2113 3083 2203 3151 qui
2224 3097 2328 3137 non
2347 3098 2414 3139 ex
2431 3083 2811 3153 sanguinibus,
2837 3097 3014 3152 neque
3036 3096 3103 3137 ex
3130 3082 3407 3136 voluntate
3425 3096 3551 3135 car-
3590 3101 3595 3105 ·

1960 3171 2065 3236 nis,
2095 3186 2269 3241 neque
2288 3186 2356 3227 ex
2376 3172 2649 3227 voluntate
2668 3172 2791 3240 viri,
2817 3172 2911 3227 sed
2934 3188 3000 3227 ex
3020 3173 3130 3227 Deo
3156 3172 3265 3226 nati
3288 3181 3416 3226 sunt
3436 3169 3541 3225 ὀ.»

1958 3263 2089 3319 Nam
2167 3273 2225 3320 ut
2300 3264 2397 3320 flat
2471 3266 2764 3337 primatum
2845 3274 3038 3322 tenens
3128 3266 3181 3320 in
3250 3265 3545 3329 omnibus,

1950 3355 2093 3413 sicut
2124 3355 2387 3426 scriptum
2412 3356 2580 3421 est“,
2601 3365 2760 3410 natus
2783 3357 3000 3426 quidem
3031 3367 3203 3413 estex
3228 3355 3456 3412 muliere
3474 3358 3546 3412 ".

1955 3449 2090 3505 Cum
2125 3464 2256 3505 vero
2307 3450 2377 3504 sit
2433 3449 2684 3518 primitia:
2715 3450 2766 3482 ’³
2799 3460 3065 3505 creatura:
3114 3448 3429 3504 reformata:
3477 3449 3548 3504 ad

1957 3542 2124 3596 Deum
2159 3555 2257 3612 per
2304 3541 2823 3607 sanctificationem,
2861 3542 2980 3610 ipse
3025 3541 3192 3596 etiam
3239 3548 3368 3594 ante
3409 3539 3549 3595 alios

1959 3644 2118 3689 natus
2154 3648 2222 3688 ex
2283 3632 2491 3704 Spiritu
2539 3633 2852 3689 declaratus
2898 3643 3005 3699 est,
3054 3633 3155 3687 viri
3205 3640 3262 3687 et
3306 3628 3550 3685 mulieris

1959 3739 2310 3797 congressum
2341 3726 2660 3793 excedens;
2692 3740 2799 3780 non
2849 3724 2995 3795 quod
3030 3737 3281 3778 naturam
3313 3723 3549 3793 alicujus

1961 3817 2244 3873 dedecoris
2272 3825 2367 3871 aut
2391 3817 2527 3872 labis
2551 3825 2766 3872 notaret
2800 3831 2862 3871 ac
2893 3817 3177 3870 damnaret
3201 3814 3543 3885 (honoranda

1960 3909 2108 3964 enim
2178 3923 2266 3963 res
2303 3915 2393 3963 est
2440 3907 2774 3977 conjugium,
2821 3915 2888 3960 ει·
2925 3906 3016 3975 qui
3071 3906 3344 3960 hominem
3396 3907 3550 3961 initio

1959 3999 2187 4063 creavit,
2216 3998 2517 4053 masculum
2566 4006 2621 4053 et
2663 3998 2918 4053 feminam
2952 3996 3080 4053 fecit
3109 3997 3230 4052 illos
3251 3996 3343 4066 “),
3383 3997 3546 4067 705

1961 4088 2055 4144 sed
2088 4090 2232 4157 quod
2253 4088 2367 4157 jam
2402 4090 2637 4143 humana
2683 4089 2942 4156 majorem
2994 4100 3159 4160 atque
3204 4090 3549 4161 incompara-

1961 4184 2146 4240 biliter
2167 4180 2612 4238 excellentiorem
2638 4183 2686 4237 ei
2730 4181 3017 4237 tribueret.
3056 4181 3227 4239 Natos
3257 4185 3402 4239 enim
3454 4200 3551 4239 nos

1962 4291 2027 4330 ex
2061 4276 2280 4346 spiritu,
2318 4288 2427 4330 non
2453 4288 2520 4329 ex
2552 4272 2684 4328 viris
2703 4287 3020 4344 nuncupare
3045 4273 3233 4329 voluit.
3271 4293 3290 4326 ι
3316 4276 3549 4340 Idcirco,

1964 4366 2202 4435 Patrem,
2241 4367 2440 4438 inquit,
2474 4366 2642 4422 nolite
2674 4380 2871 4422 vocare
2912 4363 3065 4421 vobis
3108 4379 3274 4437 super
3305 4376 3546 4421 terram:

1963 4475 2102 4514 unus
2142 4469 2229 4515 est
2271 4458 2419 4515 enim
2466 4459 2629 4514 Pater
2671 4468 2875 4522 vester,
2927 4458 3017 4526 qui
3058 4458 3113 4513 in
3161 4458 3316 4513 caelis
3351 4465 3436 4512 est
3478 4456 3544 4510 ".
3634 4439 3648 4452 ”

162 4576 179 4583 ’
261 4558 628 4631 χρηματίζειν
666 4557 849 4627 ἤθελε.
897 4578 914 4608 ι
973 4558 1085 4611 Καὶ
1117 4557 1268 4626 γοῦν,
1303 4559 1544 4629 Πατέρα,
1581 4559 1736 4629 φησι,
1784 4559 1859 4630 μὴ

1964 4554 2168 4608 Onmes
2197 4561 2380 4608 autem
2422 4566 2518 4607 vos
2569 4549 2770 4606 fratres
2802 4550 2936 4607 estis
2983 4549 3051 4605 “.
3089 4569 3107 4601 ι
3149 4548 3551 4619 lrreprehensi-

262 4650 538 4721 καλέσητε
569 4649 725 4719 ὑμῶν
768 4649 862 4702 ἐπὶ
886 4650 982 4720 τῆς
1008 4649 1111 4720 γῆς
1131 4665 1145 4679 ο
1184 4644 1264 4714 εἷς
1296 4650 1405 4723 γάρ
1434 4651 1582 4703 ὲστιν
1609 4653 1637 4705 6
1671 4652 1862 4723 Πατὴρ

264 4744 401 4814 ὑμῖν
433 4745 463 4796 6
508 4742 797 4814 οὐράνιος·
837 4743 1037 4805 πάντες
1085 4742 1144 4795 δὲ
1189 4744 1345 4814 ὑμεῖς
1400 4743 1617 4813 ἀδελφοί
1650 4745 1794 4799 ἐστε.
1840 4765 1858 4798 ι

262 4833 483 4889 Οὐκοῦν
511 4832 813 4905 ἀμώμητον
848 4832 1125 4896 παντελῶς
1169 4834 1230 4887 τὸ
1258 4834 1539 4889 πιστεύειν
1569 4837 1648 4901 είς
1676 4837 1859 4903 αὐτὸν,

266 4928 477 4999 μᾶλλον
507 4928 564 4982 δὲ
590 4929 684 4982 καὶ
715 4930 782 5001 τῇ
809 4927 918 4981 τῶν
954 4926 1446 4999 πλημμελημάτων
1472 4930 1750 5003 ἀμνηστίᾳ
1778 4948 1866 4984 τε-

260 5020 519 5094 τίμηται.
567 5022 777 5093 Γράφει
805 5019 915 5092 γὰρ
944 5017 1045 5074 ὦδε
1088 5019 1249 5074 πάλιν
1278 5023 1306 5074 6
1333 5020 1584 5092 ἔκκριτος
1616 5021 1826 5086 Παῦλος
1846 5038 1860 5053 ο

270 5136 294 5170 ι
339 5115 559 5179 Εἰδότες
602 5115 658 5169 δὲ
687 5116 770 5168 ὅτι
804 5115 863 5167 οὐ
895 5112 1196 5167 δικαιοῦται
1249 5112 1536 5185 ἄνθρωπος
1579 5113 1639 5178 ἐξ
1687 5114 1864 5186 ἔργων

265 5211 459 5283 νόμον,
482 5210 578 5265 ἐὰν
606 5209 679 5282 μὴ
707 5208 796 5262 διὰ
827 5209 1062 5272 πίστεως
1096 5206 1269 5280 Ἰησοῦ
1300 5206 1559 5279 Χριστοῦ,
1583 5208 1677 5261 κα)⁸
1704 5209 1866 5278 ἡμεῖς

268 5305 355 5368 είς
393 5302 631 5374 Χριστὸν
672 5300 879 5373 Ἰησοῦν
917 5298 1340 5371 ἐπιστεύσαμεν.
1381 5319 1399 5350 ι
1438 5299 1781 5370 Κατοκνήσω
1807 5298 1865 5352 δὲ

267 5396 551 5467 οὐδαμῶς,
578 5396 717 5466 ὅπερ
756 5393 861 5463 ἥδη
907 5392 1119 5461 φθάσας
1160 5392 1316 5464 ἔφην,
1359 5390 1744 5460 ἀνακυκλήσας
1787 5392 1864 5444 εξ-

269 5487 421 5555 πεῖν,
451 5491 532 5544 ὅτι
560 5487 796 5560 Χριστὸς
840 5486 1047 5557 Ἰησοῦς
1073 5486 1132 5538 ού
1164 5485 1371 5556 γυμνὸς
1401 5485 1497 5538 καὶ
1526 5482 1649 5538 καθ’
1675 5485 1866 5538 ἑαυτὸν

271 5581 304 5638 ι
329 5583 396 5638 ὲκ
425 5580 562 5636 Θεοῦ
594 5581 796 5634 νοεῖται
841 5578 1032 5645 Λόγος,
1066 5577 1179 5630 ἀλλ’
1221 5580 1308 5631 ὅτε
1342 5576 1643 5648 προσέλαϐε
1673 5575 1732 5629 τὸ
1771 5578 1864 5631 ἀν-

1966 4645 2073 4700 bile
2107 4645 2289 4713 itaque
2319 4657 2544 4712 prorsus
2579 4653 2666 4696 est
2695 4644 2749 4696 in
2782 4644 2958 4710 ipsum
2986 4641 3237 4696 credere.
3290 4639 3403 4695 lmo
3449 4654 3549 4709 po-

1965 4739 2071 4791 tius
2103 4743 2451 4807 peccatorum
2487 4732 2763 4787 oblivione
2818 4729 2955 4786 fides
3004 4730 3056 4785 in
3110 4732 3284 4799 ipsum
3322 4729 3549 4784 decora—

1965 4839 2053 4882 tur
2080 4839 2244 4896 atque
2292 4825 2629 4895 rependitur.
2660 4815 2737 4877 lt'a
2785 4824 2932 4877 enim
2981 4822 3140 4878 nobis
3186 4822 3422 4877 eximius
3464 4821 3554 4878 ille

1967 4921 2167 4976 Paulus
2195 4919 2425 4974 scribit:
2458 4935 2477 4968 ι
2515 4913 2762 4970 Scientes
2789 4915 2932 4984 quod
2964 4930 3071 4968 non
3095 4913 3427 4983 iustificetur
3459 4916 3556 4970 ho-

1970 5028 2058 5067 mo
2097 5026 2161 5066 cx
2191 5010 2450 5091 operibus
2493 5008 2651 5076 legis,
2693 5006 2799 5061 nisi
2839 5020 2936 5076 per
2972 5005 3134 5061 fidem
3166 5004 3295 5062 Jesu
3321 5006 3552 5073 Christi,

1967 5116 2023 5162 et
2064 5120 2164 5160 nos
2201 5105 2254 5158 in
2290 5102 2511 5158 Christo
2547 5099 2677 5155 Jesu
2711 5098 3042 5155 credidimus
3082 5096 3174 5152 ⁸⁸⁸.
3214 5116 3232 5149 ι
3280 5099 3549 5153 Caeterum

1970 5213 2315 5269 nequaquam
2342 5195 2607 5267 gravabor
2638 5207 2701 5248 ea
2727 5208 2848 5262 quae
2881 5190 3055 5248 fusius
3083 5206 3125 5246 ιι-
3144 5206 3233 5246 me
3264 5191 3412 5246 dicta
3430 5200 3559 5245 sunt

1972 5292 2023 5346 in
2053 5306 2322 5346 summam
2350 5286 2605 5356 colligere
2640 5302 2654 5339 :
2692 5284 2950 5340 nimirum
2985 5285 3127 5354 quod
3171 5283 3421 5339 Chrisws
3450 5298 3557 5336 non

1970 5385 2043 5438 sit
2082 5384 2285 5438 nudum
2322 5396 2388 5435 ac
2414 5395 2510 5449 per
2551 5390 2611 5433 se
2637 5393 2704 5433 ex
2747 5376 2905 5431 Patre
2943 5377 3243 5446 procedens
3278 5374 3511 5431 Verbum
3541 5393 3552 5429 :

1973 5475 2069 5533 sed
2094 5474 2392 5544 assumpsit
2429 5469 2824 5525 humanitatem
2877 5476 2933 5520 et-
2977 5481 3145 5521 carne
3173 5465 3421 5520 indututn
3450 5476 3557 5530 est,

1975 5580 2140 5637 atque
2167 5564 2239 5619 ita
2268 5580 2327 5620 se
2355 5563 2642 5619 habentem
2672 5569 2834 5626 atque
2877 5564 3250 5626 apparentem,
3299 5553 3563 5611 formam-

360 5784 405 5817 ”
433 5783 589 5839 Joan.
624 5799 715 5843 xx,
743 5781 833 5839 30,
870 5780 958 5832 3|.
1037 5777 1082 5811 ⁸⁸
1111 5781 1227 5831 Art.
1263 5795 1334 5835 tv.
1368 5779 1516 5832 δριυ.
1599 5778 1641 5807 ⁸⁸⁵
1671 5770 1801 5827 [ΙιίιΙ.
1837 5777 1851 5827 l

1963 5775 2043 5827 ω,
2124 5767 2357 5843 90103.3,
2383 5762 2693 5843 1112,1131.
2738 5753 3019 5843 "llﬂoloss‘;
3054 5768 3092 5818 ι,
3135 5754 3220 5813 18.
3313 5757 3359 5790 ⁸³
3382 5752 3561 5813 Galli.

277 5871 354 5927 tv,
381 5856 426 5914 «Ι»
514 5854 601 5909 1’³1
636 5856 759 5910 Cor.
801 5868 885 5916 xv,
919 5852 1004 5905 ‘20.
1085 5850 1127 5880 "‘
1154 5850 1287 5906 Gen.
1325 5866 1362 5915 t,
1399 5849 1483 5900 :‘l.

1565 5848 1608 5877 ”
1631 5850 1823 5903 Matth.
1861 5861 2011 5916 χχιιι,
2046 5846 2097 5900 ι).
2176 5842 2221 5873 ’⁸⁸
2250 5837 2382 5894 ibid.
2409 5838 2462 5894 8.

2559 5835 2625 5867 ’θ’
2654 5829 2830 5886 Gulat.
2863 5841 2921 5895 It,
2958 5823 3041 5880 16.
