4050 6412
518 369 657 428 1239

1503 372 1560 427 S.
1601 371 1874 428 CYRILLI
1908 374 2378 431 ALEXANDRINI
2413 378 2731 437 ARClllEP.

3639 397 3776 455 1210

514 502 627 558 que
681 494 924 542 nostram
972 495 1298 555 gestantem,
1358 485 1518 541 Pater
1571 490 1785 544 sanctis
1834 489 2093 559 apostolis

2200 490 2493 561 θρώπινον,
2536 495 2809 569 ὲνεπλάκη
2836 499 3018 570 σαρκίν
3054 501 3237 566 οὕτως
3284 502 3474 575 ἔχοντα
3509 508 3604 563 καὶ
3634 512 3786 580 ὀρώο

516 578 791 646 ostendit,
842 578 1209 648 hujuscemodi
1253 591 1383 633 voce
1433 578 1648 633 ccelitus
1675 580 1818 634 edita
1874 598 1888 635 :
1933 600 1952 633 ε
1998 579 2096 635 Hic

518 681 604 725 est
633 668 804 725 Filius
835 684 989 725 meus
1024 670 1276 734 dilectus,
1308 670 1360 725 in
1392 686 1500 740 quo
1534 673 1666 727 mihi
1698 672 1832 730 bene
1857 675 2097 744 compla-

520 762 649 818 cui:
683 762 856 831 ipsum
901 761 1085 817 audite
1115 763 1184 818 ".
1221 781 1241 815 ι
1281 761 1545 835 lntelligis
1580 767 1786 837 itaque,
1826 771 2096 837 quomodo

520 868 630 909 non
666 853 847 909 dicat:
882 853 936 907 ln
961 856 1063 910 hoc
1090 864 1175 909 est
1202 855 1374 910 Filius
1403 871 1576 922 meus,
1612 874 1679 914 ue
1708 858 1945 914 vicissim
1979 872 2097 915 tan-

514 957 681 1012 quam
716 943 853 998 alter
899 943 952 998 in
982 945 1154 1000 altero
1178 960 1302 1001 esse
1326 957 1669 1013 censeretur,
1706 950 1802 1004 sed
1841 966 1980 1007 unus
2008 962 2095 1007 at-

515 1050 626 1104 que
673 1035 816 1090 idem
862 1035 1162 1089 secundum
1191 1038 1455 1093 unitatem
1500 1040 1908 1095 incarnationis.
1941 1043 2094 1109 Quod

520 1141 649 1182 vero
676 1126 1041 1197 periculosum
1090 1127 1517 1199 damnosumque
1558 1130 1825 1199 imprimis
1853 1132 1926 1187 sit
1969 1134 2096 1189 huic

518 1217 808 1272 sententiae
839 1216 1121 1284 reluctari,
1160 1214 1400 1274 Joannes
1434 1218 1594 1276 facile
1625 1225 1977 1291 persuaserit,
2020 1225 2094 1279 ita

518 1309 729 1372 dicens,
761 1307 905 1375 quod
937 1306 1078 1361 idem
1109 1307 1181 1361 sit
1212 1309 1591 1365 testimonium
1638 1312 1731 1367 Dei
1758 1313 1905 1381 quod
1936 1322 2096 1369 testa-

518 1413 607 1455 tus
641 1411 727 1457 est
761 1402 828 1456 de
874 1399 1014 1457 Filio
1055 1417 1195 1456 suo:
1222 1419 1240 1452 ι
1275 1400 1378 1467 Qui
1433 1401 1605 1456 credit
1646 1402 1699 1457 in
1743 1402 1938 1458 Filium
1977 1404 2094 1471 Dei,

518 1499 688 1555 habet
729 1498 1095 1554 testimbnium
1129 1496 1222 1553 Dei
1255 1498 1307 1551 in
1361 1511 1439 1553 se.
1488 1497 1587 1564 Qui
1620 1512 1727 1553 non
1758 1500 1932 1553 credit
1965 1501 2093 1565 Deo,

522 1591 841 1644 rneudacem
872 1588 1004 1643 facit
1042 1603 1206 1654 eum;
1244 1587 1371 1658 quia
1411 1602 1518 1642 non
1562 1589 1735 1643 credit
1768 1589 1822 1643 in
1855 1590 2096 1645 testimo-

519 1681 668 1735 nium
690 1680 834 1750 quod
850 1679 1169 1734 testificatus
1181 1689 1265 1734 est
1281 1681 1421 1735 Deus
1437 1681 1501 1734 de
1518 1678 1655 1735 Filio
1669 1694 1787 1734 suo.
1803 1699 1821 1731 ι
1843 1679 2095 1751 Testatus

517 1782 700 1829 autem
740 1779 824 1826 est
862 1770 1003 1841 quod
1033 1771 1132 1828 Hic
1156 1771 1247 1840 qui
1300 1771 1352 1825 in
1385 1786 1550 1827 carne
1589 1781 1645 1826 et
1691 1774 1742 1826 in
1776 1772 1947 1826 forma
1978 1789 2093 1828 sero

520 1863 571 1917 vi
598 1861 955 1931 conspicitur,
990 1869 1073 1916 est
1103 1859 1456 1931 singulariter
1478 1874 1542 1914 ac
1570 1860 1914 1929 peculiariter
1935 1875 2095 1917 verus

516 1967 673 2009 meus
701 1951 889 2007 Filius.
925 1951 1063 2019 Quid
1090 1951 1257 2007 vero?
1285 1966 1467 2007 nonne
1502 1959 1559 2005 et
1591 1952 1819 2021 gratiam
1849 1968 1969 2023 quae
2000 1969 2097 2023 per

512 2059 730 2104 merum
757 2045 1079 2115 baptismum
1127 2042 1423 2111 confertur,
1448 2053 1503 2100 et
1537 2044 1952 2101 vivificationem
1977 2061 2097 2114 quae

516 2141 572 2197 in
610 2138 730 2207 ipso
773 2148 878 2203 est,
916 2145 973 2192 et
1020 2135 1492 2207 participationem
1529 2134 1623 2190 Dei
1655 2150 1752 2206 per
1788 2137 2098 2190 sanctiﬁca-

517 2231 721 2286 tionem
760 2229 815 2284 in
852 2227 1081 2298 Spiritu,
1114 2244 1211 2298 per
1252 2227 1437 2285 Jesum
1483 2228 1756 2285 Christum
1803 2229 1942 2283 facta
1974 2243 2096 2283 esse

515 2322 800 2380 dicemus?
1295 2322 1300 2328 ’

589 2505 652 2561 Β.
671 2504 931 2561 Omnino.
961 2500 1184 2557 Memini
1220 2500 1365 2556 enim
1390 2498 1616 2556 Joannis
1638 2500 1867 2557 dicentis
1895 2519 1907 2554 :
1942 2518 1962 2552 ι
1992 2500 2093 2567 Qui

515 2607 644 2667 post
671 2612 757 2652 me
790 2597 956 2663 venit,
992 2597 1188 2653 fortior
1233 2610 1320 2650 me
1358 2605 1480 2659 est,
1525 2594 1680 2665 cujus
1724 2608 1829 2647 non
1866 2608 1985 2648 sum
2016 2594 2097 2646 ιίίο

516 2666 658 2760 gnua
693 2689 1064 2745 calceamenta
1109 2699 1328 2758 portare
1370 2706 1383 2741 :
1429 2687 1544 2755 ipse
1588 2698 1682 2739 vos
1715 2666 2011 2752 baptiz'abit
2041 2687 2092 2738 in

518 2780 723 2849 Spiritu
760 2789 950 2836 sancto
979 2787 1033 2836 et
1069 2778 1192 2849 igne
1223 2777 1289 2831 9’.
1327 2796 1346 2830 θ

592 2966 659 3020 Α.
694 2961 1134 3018 llumanitatisne
1174 2959 1338 3031 igitur
1378 2970 1577 3015 nostra:
1631 2972 1767 3028 opus
1803 2969 1926 3010 esse
1967 2969 2097 3009 cen-

458 3087 462 3091 -
518 3057 811 3123 schimus,
872 3055 927 3110 in
1008 3054 1216 3125 Spiritu
1274 3064 1466 3109 sancto
1530 3060 1585 3106 et
1639 3051 1761 3118 igne
1819 3048 2097 3117 baptizare

515 3161 673 3219 posse
687 3146 710 3200 ’ἒ

590 3242 652 3297 B.
681 3240 799 3307 Quo
824 3246 980 3308 pacto
1012 3237 1063 3292 id
1094 3236 1212 3291 ﬁeri
1237 3234 1439 3304 possit?

586 3335 753 3407 706
771 3335 833 3387 A.
853 3333 1014 3401 Atqui
1050 3333 1223 3386 virum
1246 3327 1468 3398 jamjam
1498 3336 1781 3381 venturum
1809 3336 1971 3396 atque
2000 3342 2095 3396 ap-

516 3430 816 3500 pariturum
871 3426 1078 3491 dicens,
1113 3425 1287 3491 ipsum
1339 3422 1392 3475 in
1429 3421 1550 3490 igne
1584 3428 1639 3474 et
1676 3418 1878 3487 Spiritu
1909 3429 2098 3473 sancto

518 3522 799 3591 baptizare
829 3518 1275 3583 aliirmat,neque
1315 3514 1548 3568 alienum
1596 3512 1885 3583 baptizatis
1922 3510 2098 3580 Spiri-

520 3627 635 3671 tum
667 3615 961 3669 immittere
985 3609 1165 3668 servili
1188 3623 1252 3662 ac
1269 3604 1666 3663 ministratorio
1699 3602 1880 3665 modo,
1919 3602 2015 3657 sed
2042 3609 2099 3656 ut

522 3708 690 3761 Deum
743 3701 1039 3758 secundum
1100 3709 1348 3754 naturam
1394 3711 1517 3751 cum
1557 3708 1768 3750 summa
1807 3701 2093 3762 potestate,

520 3795 784 3867 Spiritum
809 3808 876 3848 ex
905 3808 965 3848 se
992 3791 1204 3859 sibique
1241 3787 1521 3858 pr0prium
1563 3785 1771 3855 largiri.
1798 3799 1897 3854 per
1932 3799 2095 3854 quem

516 3885 679 3941 etiam
722 3882 939 3940 divinus
979 3881 1267 3937 character
1315 3879 1469 3934 nobis
1515 3877 1861 3946 insigniatur.
1898 3875 2094 3933 Refor-

519 3990 730 4031 mamur
771 3974 916 4029 enim
968 3973 1035 4027 ad
1084 3970 1374 4042 imaginem
1419 3970 1654 4025 divinam
1704 3969 1758 4024 in
1816 3967 2095 4024 Christum

517 4064 726 4129 Jesum,
767 4078 878 4118 non
924 4061 1260 4132 corporalem
1316 4060 1758 4116 reformationem
1802 4060 2098 4115 subeuntes

519 4158 668 4228 (nam
726 4155 778 4211 id
833 4155 1183 4210 vehementer
1226 4152 1518 4209 absurdum
1562 4152 1708 4208 dictu
1747 4150 1955 4223 fueril),
2002 4150 2097 4206 sed

519 4262 617 4317 per
645 4245 1120 4318 participationem
1152 4246 1328 4301 sancti
1354 4245 1591 4315 Spiritus
1639 4244 1812 4313 ipsum
1847 4244 1899 4298 in
1943 4243 2100 4299 nobis

519 4341 652 4410 ipsis
702 4340 968 4397 habentes
1005 4354 1020 4393 :
1074 4342 1210 4396 adeo
1255 4345 1317 4393 ut
1343 4338 1590 4392 laztantes
1618 4337 1748 4390 illud
1789 4335 2100 4390 exclamare

518 4433 792 4502 possimus
840 4450 856 4488 :
906 4451 926 4483 ι
981 4430 1289 4486 Exsultahit
1339 4428 1521 4483 anima
1568 4444 1684 4483 mea
1739 4429 1791 4482 iu
1844 4427 2096 4493 Domino,

2124 3173 2171 3236 C

2200 600 2380 651 μενον,
2410 587 2502 639 καὶ
2537 588 2596 639 ἐν
2630 588 2759 643 εῖδει
2806 589 2884 660 τῷ
2927 591 3050 644 καθ’
3076 595 3222 663 ἡμᾶς
3253 599 3619 667 τυγχάνοντα,
3658 604 3780 663 τοῖς

2196 675 2373 743 ἁγίοις
2397 678 2716 759 ἀποστόλοις
2738 681 3054 752 παρέδειξεν
3075 685 3103 736 6
3128 685 3338 757 Πατὴρ,
3366 689 3550 759 φωνῆς
3570 689 3787 744 ἄνωθεν

2196 758 2637 840 ἐκπεποιημένης
2683 772 2897 825 τοιᾶσδε
2919 789 2933 803 °
2972 791 2992 825 ι
3031 770 3197 838 Οὗτός
3226 778 3375 831 ἐστιν
3399 780 3429 831 6
3462 778 3590 844 Υἱός
3620 798 3721 850 μου
3747 783 3774 833 6

2194 860 2498 930 ἀγαπητὸς,
2529 861 2588 915 ὲν
2616 855 2661 930 ᾧ
2707 863 3005 935 ηὑδόκησα,
3047 866 3207 920 αὐτοῦ
3253 869 3500 923 ἀκούετε.
3554 890 3574 924 ι
3610 873 3778 938 Σύνες

2195 949 2288 1005 οῦν
2343 952 2491 1015 ὅπως
2519 953 2620 1007 οὐκ
2665 955 2724 1007 ὲν
2752 956 2947 1026 τούτῳ,
2980 959 3162 1028 φησιν,
3212 960 3360 1013 ἐστὶν
3392 962 3421 1013 6
3472 960 3599 1026 Υἱός
3648 981 3777 1032 μου,

2198 1040 2284 1095 ἵνα
2314 1042 2390 1112 μὴ
2425 1044 2700 1115 ἀναμέρος
2746 1044 2820 1108 ὡς
2846 1045 3032 1116 ἕτερος
3058 1048 3117 1101 ὲν
3146 1050 3317 1121 ἑτέρῳ
3347 1051 3526 1121 τυχὸν,
3556 1053 3672 1112 ἀλλ’
3696 1049 3779 1120 εἷς

2196 1133 2382 1203 νοῆται
2422 1135 2515 1187 καὶ
2543 1137 2572 1187 6
2612 1137 2769 1200 αὐτὸς
2811 1138 2934 1190 καθ’
2964 1140 3155 1193 ἕνωσιν
3188 1142 3553 1213 οἰκονομικήν.
3588 1145 3776 1216 Πλημο

2200 1226 2357 1296 μελὲς
2381 1227 2438 1280 δὲ
2475 1229 2640 1282 ὅτιτὸ
2668 1231 2984 1284 ἀντιτείνειν
3014 1234 3150 1299 ἐστὶ,
3179 1233 3271 1286 καὶ
3300 1234 3409 1287 τῶν
3430 1236 3509 1289 ὅτι
3542 1236 3779 1306 μάλιστα

2198 1317 2666 1388 σφαλερωτάτων,
2721 1321 3005 1374 ἀναπείσει
3052 1323 3281 1394 γράφων
3349 1324 3601 1394 Ἰωάννης
3655 1326 3777 1386 ὡδὶ.

2195 1409 2277 1461 ὅτι
2312 1408 2448 1480 αῦτη
2484 1409 2631 1464 ἐστὶν
2660 1413 2693 1480 ή
2736 1412 3004 1483 μαρτυρία
3037 1413 3131 1467 τοῦ
3178 1413 3334 1477 Θεοῦ,
3374 1415 3457 1468 ὅτι
3504 1415 3789 1486 μεμαρτῦ-

2200 1516 2331 1570 ρηκε
2361 1499 2491 1572 περὶ
2522 1501 2614 1555 τοῦ
2637 1501 2765 1555 Υίοῦ
2788 1505 2973 1557 αὑτοῦ·
2999 1523 3019 1555 ι
3044 1506 3101 1557 ὐ
3121 1505 3392 1559 πιστεύων
3422 1508 3501 1570 εἰς
3534 1506 3624 1561 τὸν
3648 1506 3779 1561 Υίὸν

2194 1590 2288 1644 τοῦ
2331 1591 2491 1655 Θεοῦ,
2526 1591 2639 1663 ἔχει
2677 1592 2776 1665 τῆν
2827 1596 3133 1667 μαρτυρίαν
3172 1596 3267 1648 τοῦ
3297 1596 3431 1650 Θεοῦ
3477 1598 3535 1650 ὲν
3574 1598 3776 1669 ἑαυτῷ.

2208 1680 2266 1734 ’0
2311 1679 2385 1752 μὴ
2438 1681 2709 1735 πιστεύων
2746 1682 2825 1753 τῷ
2858 1682 2995 1754 Θεῷ,
3045 1683 3286 1754 ψεύστην
3331 1686 3631 1757 πεποίηκεν
3678 1689 3780 1740 αὐ-

2195 1770 2306 1835 τὸν,
2345 1772 2427 1826 ὅτι
2471 1773 2569 1827 οὐκ
2604 1773 2926 1828 ἐπίστευσεν
2955 1777 3034 1838 είς
3076 1774 3175 1847 τὴν
3212 1777 3537 1845 μαρτυρίαν,
3584 1778 3649 1849 ἣν
3689 1794 3781 1848 με·

2201 1864 2553 1937 μαρτύρηκεν
2588 1866 2616 1918 6
2649 1865 2781 1929 Θεὸς
2809 1868 2936 1936 περὶ
2965 1865 3059 1920 τοῦ
3093 1867 3219 1921 Υίοῦ
3249 1866 3433 1921 αὑτοῦ.
3476 1887 3496 1919 ι
3542 1870 3783 1940 Μεμαρο

2195 1954 2404 2025 τύρηκε
2441 1955 2519 2020 δὲ,
2557 1956 2640 2009 ὅτι
2672 1949 2859 2020 Οὗτος,
2891 1959 2920 2010 6
2950 1956 3088 2027 μετὰ
3133 1957 3335 2027 σαρκὸς
3365 1957 3459 2010 καὶ
3499 1958 3557 2011 ὲν
3581 1961 3647 2029 τῇ
3678 1958 3780 2011 τοῦ

2195 2047 2383 2101 δούλου
2414 2051 2619 2119 μορφῇ,
2650 2049 2947 2119 μοναδικῶς
2975 2066 3033 2101 τε
3066 2048 3160 2102 καὶ
3193 2048 3373 2112 ἱδικῶς
3394 2049 3524 2119 ἐμὸς
3560 2049 3781 2120 ἀληθῶς

2198 2137 2346 2201 Υἱός.
2378 2138 2444 2190 Τί
2475 2137 2566 2203 δέ;
2602 2139 2720 2208 οὐχὶ
2738 2138 2831 2191 καὶ
2848 2138 2949 2209 τὴν
2976 2137 3064 2190 διὰ
3091 2136 3186 2190 τοῦ
3214 2136 3370 2206 ἁγίου
3402 2137 3782 2207 βαπτίσματος

2196 2227 2397 2285 εὐκλεᾶ
2432 2230 2612 2299 χάριν,
2646 2228 2740 2283 καὶ
2767 2228 2866 2299 τὴν
2892 2229 2949 2280 ὲν
2969 2226 3120 2298 αὐτῷ
3162 2228 3506 2296 ζωοποίησιν,
3549 2227 3644 2279 καὶ
3675 2229 3780 2298 τὴν

2196 2319 2334 2376 Θεοῦ
2368 2319 2582 2390 μέθεξιν
2619 2319 2685 2372 δι’
2717 2319 2992 2388 ἁγιασμοῦ
3033 2319 3091 2372 ἐν
3136 2316 3434 2388 Πνεῦματι,
3464 2316 3550 2370 διὰ
3595 2317 3779 2388 Ἰησοῦ

2196 2412 2433 2485 Χριστοῦ
2468 2412 2783 2484 πεπρᾶχθαι
2823 2410 3103 2480 δώσομεν;

2266 2505 2327 2558 Β.
2391 2504 2759 2571 Ἀναγκαίως·
2814 2505 3167 2574 μεμνήσομαι
3216 2502 3327 2572 γὰρ
3381 2503 3624 2557 Ἰωάννου
3679 2504 3775 2557 λι-

2196 2612 2420 2666 γοντοςτ
2463 2615 2481 2647 ι
2528 2596 2588 2647 Ὀ
2633 2595 2690 2648 δὲ
2722 2594 2899 2647 ὀπίσω
2932 2611 3034 2664 μου
3084 2594 3396 2665 ἐρχόμενος,
3431 2595 3779 2667 ἰσχυρότερός

2200 2686 2301 2757 μού
2334 2688 2499 2747 ἐστιν,
2533 2679 2593 2739 οὗ
2618 2686 2719 2739 οὐκ
2747 2685 2868 2755 εἰμὶ
2902 2685 3085 2749 ἱκανὸς
3113 2685 3180 2739 τὰ
3207 2684 3527 2756 ὑποδήματα
3569 2685 3778 2755 βαστά-

2199 2796 2320 2832 σαιο
2363 2779 2568 2842 ἐκεῖνος
2600 2779 2745 2850 ὑμᾶς
2784 2777 3037 2854 βαπτίσει
3083 2780 3141 2831 ἐν
3187 2777 3464 2849 Πνεύματι
3504 2778 3643 2849 ἁγίῳ
3681 2778 3781 2832 καὶ

2197 2871 2350 2943 πυρί.
2396 2889 2414 2921 ι

2267 2963 2331 3015 Α.
2350 2958 2419 3014 'A
2428 2963 2474 3032 ρ’
2504 2956 2617 3026 οῦν,
2636 2955 2681 3014 ὦ
2707 2961 2908 3032 ἑταῖρε,
2928 2964 3024 3029 τῆς
3054 2961 3174 3015 καθ’
3197 2962 3341 3031 ἡμᾶς
3361 2960 3780 3034 ἀνθρωπότητος

2197 3052 2356 3123 ἔργον
2396 3048 2535 3103 εἶναι
2575 3049 2787 3119 φῶμεν,
2823 3050 2885 3103 τὸ
2918 3051 2976 3103 ὲν
3017 3048 3294 3120 Πνεύματι
3324 3049 3466 3121 ἁγίῳ
3495 3049 3781 3120 βαπτίζειν

2199 3142 2460 3198 δύνασθαι
2491 3142 2584 3195 καὶ
2630 3141 2765 3212 πυρί
2782 3159 2796 3208 ;

2271 3236 2331 3287 Β.
2372 3235 2484 3288 Καὶ
2515 3233 2629 3297 πῶς
2657 3232 2723 3287 ἂν
2761 3233 2845 3303 εἴη
2886 3232 3040 3287 τοῦτὸ
3074 3250 3176 3302 γε;

2269 3328 2335 3381 Δ.
2377 3328 2488 3382 Καὶ
2516 3326 2621 3398 μὴν
2646 3326 2815 3398 ἄνδρα
2842 3327 3035 3395 λέγων,
3076 3325 3166 3380 τὸν
3197 3327 3320 3381 ὅσον
3376 3327 3588 3381 οὐδέπω
3643 3343 3787 3397 παρ-

2201 3419 2456 3491 εσόμενόν
2496 3436 2557 3472 τε
2577 3419 2671 3473 καὶ
2714 3418 3106 3491 ὀφθησόμενον,
3139 3420 3300 3473 αὑτὸν
3346 3419 3450 3489 ἔφη
3498 3420 3782 3488 βαπτίζειν

2199 3515 2257 3566 ἐν
2309 3514 2443 3584 πυρὶ
2495 3512 2590 3568 καὶ
2630 3512 2769 3582 ἁγίῳ
2818 3511 3116 3581 Πνεῦμα-ιι,
3165 3510 3287 3565 οὔτε
3333 3512 3613 3583 ἀλλότριον
3661 3514 3781 3574 τοῖς

2197 3605 2621 3675 βαπτιζομένοις
2681 3605 2892 3658 ἐνιέντα
2946 3603 3171 3675 Πνεῦμα
3224 3603 3606 3676 ὣυλοπρεπῶς
3683 3605 3785 3658 καὶ

2201 3696 2572 3767 ὑπουργικῶς,
2602 3695 2714 3749 ἀλλ’
2744 3695 2817 3761 ὡς
2856 3697 2989 3749 Θεὸν
3019 3695 3157 3749 κατὰ
3191 3696 3350 3765 φύσιν
3387 3698 3503 3766 μετ’
3527 3696 3783 3763 ἐξουσίας

2200 3788 2298 3856 τῆς
2326 3787 2605 3852 ἀνωτάτω,
2638 3788 2698 3841 τὸ
2732 3788 2789 3856 ἐξ
2828 3788 2992 3842 αὑτοῦ
3024 3806 3084 3841 τε
3125 3789 3217 3842 καὶ
3248 3788 3377 3841 ἴδιον
3407 3787 3594 3852 αὑτοῦ,
3620 3788 3689 3841 δι’
3718 3784 3784 3844 οὗ

2199 3879 2293 3932 καὶ
2330 3880 2358 3932 6
2393 3878 2535 3941 θεῖος
2575 3880 2705 3950 ἡμῖν
2747 3880 3133 3951 ἐνσημαίνεται
3161 3880 3468 3952 χαρακτήρ.
3515 3879 3786 3950 Ἀναμορ-

2201 3969 2450 4042 φούμεθα
2478 3969 2587 4042 γὰρ
2623 3970 2698 4035 ὡς
2740 3972 2820 4034 εἰς
2852 3973 3036 4025 εἰκόνα
3081 3971 3178 4044 τὴν
3217 3971 3387 4038 θείαν,
3428 3973 3508 4036 είς
3543 3972 3784 4043 Χριστὸν

2213 4062 2441 4134 Ἰησοῦν,
2466 4064 2526 4117 06
2554 4063 2865 4132 σωματικὸν
2906 4064 3268 4135 ὑπομένοντες
3310 4064 3401 4117 τὸν
3421 4063 3783 4134 ἀναπλασμὸν

2205 4154 2429 4225 (κομιδῇ
2450 4154 2558 4224 γὰρ
2582 4153 2776 4225 εῦηθες
2813 4154 3018 4208 οἴεσθαι
3055 4155 3358 4226 τουτὶ),διὰ
3390 4155 3446 4210 δὲ
3477 4155 3571 4209 τοῦ
3608 4173 3783 4225 μετα-ι

2201 4245 2386 4317 λαχεῖν
2412 4246 2568 4314 ἁγίου
2594 4247 2930 4318 Πνεῦματος,
2962 4248 3123 4301 αὐτὸν
3153 4249 3211 4301 ὲν
3241 4249 3453 4312 ἑαυτοῖς
3482 4246 3783 4302 πλουτοῦν-

2201 4356 2290 4401 τες
2346 4338 2613 4410 Χριστὸν,
2669 4338 2744 4403 ὡς
2800 4339 2902 4410 ἤδη
2962 4340 3248 4410 χαίροντας
3306 4341 3482 4393 ἐκεῖνο
3545 4344 3779 4410 φωνεῖν·

2208 4450 2227 4482 ι
2284 4430 2656 4500 ’Δγαλλιὰσθω
2696 4430 2902 4501 ἡψυχὴ
2946 4448 3044 4501 μου
3076 4432 3168 4485 ἐπὶ
3196 4430 3274 4501 τῷ
3318 4431 3527 4502 Κυρίῳ
3562 4430 3783 4486 ἐνέδυσε

517 4529 645 4597 quia
684 4527 862 4582 induit
901 4538 989 4579 me
1035 4521 1380 4580 vestimentis
1425 4521 1636 4584 salutis,
1685 4531 1740 4575 et
1781 4520 2095 4574 indumento

2204 4524 2314 4594 γάρ
2344 4540 2411 4594 με
2445 4525 2661 4594 ἱμάτιον
2688 4524 2978 4594 σωτηρίου,
3012 4525 3106 4578 καὶ
3135 4523 3337 4596 χιτῶνα
3360 4524 3720 4596 εὐφροσύνης.
3756 4544 3777 4577 ι

513 4618 737 4689 iustitiae
765 4614 1123 4671 circumdedit
1150 4627 1240 4669 me
1266 4613 1305 4666 ¹.
1343 4630 1362 4664 ›
1387 4610 1665 4679 Quotquot
1693 4611 1836 4665 enim
1865 4610 1917 4663 in
1940 4608 2097 4664 Chri-

517 4719 661 4766 stum
689 4706 949 4778 haptizati
975 4705 1132 4773 estis,
1163 4704 1441 4761 Christum
1471 4701 1722 4756 induistis
1753 4701 1795 4753 '.

589 4802 650 4858 Β.
678 4803 735 4857 In
771 4801 1044 4857 hominem
1072 4814 1201 4869 ergo
1246 4794 1507 4866 baptizati
1533 4807 1754 4857 sumus,
1796 4793 1958 4861 idque
2007 4808 2096 4849 ve-

517 4910 634 4951 rum
671 4908 793 4949 esse
822 4889 1108 4949 dicemus?

585 4986 652 5044 Δ.
687 4985 835 5040 Bona
890 4984 1095 5048 verba,
1159 4980 1354 5036 amice.
1404 4977 1543 5045 Quid
1589 4976 1748 5047 agis?
1806 4976 2095 5033 Transfers

516 5078 662 5133 enim
693 5086 934 5134 nostram
978 5087 1129 5143 spem
1157 5072 1211 5125 in
1255 5079 1478 5125 terram.
1520 5064 1788 5139 Baptiiati
1830 5068 2094 5140 siquidem

518 5183 726 5235 sumus,
760 5182 868 5222 non
901 5166 954 5221 in
990 5161 1266 5220 hominem
1313 5159 1651 5231 simpliciter,
1694 5163 1787 5216 sed
1826 5161 1879 5216 in
1927 5162 2093 5218 Deum

523 5262 902 5318 incarnatum,
960 5263 1017 5310 et
1061 5254 1425 5308 remittentem
1478 5267 1691 5323 paruam
1749 5266 2094 5324 veteremque

520 5346 736 5416 culpam
765 5345 832 5399 iis
860 5345 951 5414 qui
994 5345 1046 5398 in
1076 5343 1249 5413 ipsum
1282 5342 1647 5398 crediderunt.
1684 5343 1842 5400 Unde
1871 5355 1923 5398 et
1958 5345 2094 5398 divi-

523 5452 624 5492 nus
648 5435 741 5491 ille
769 5433 964 5495 Petrus
989 5432 1205 5489 Iudaeos
1230 5433 1511 5505 alloquens
1539 5432 1717 5489 dixit:
1757 5452 1777 5485 ι
1815 5432 2093 5488 Ραιιιίιειι-

523 5525 658 5583 tiam
701 5526 868 5598 agite,
908 5534 966 5582 et
998 5525 1302 5596 baptizetur
1332 5526 1707 5596 unusquisque
1741 5534 1984 5579 vestrum
2038 5525 2089 5578 in

525 5619 742 5677 nomine
781 5617 906 5676 Jesu
950 5619 1151 5677 Christi
1209 5620 1262 5676 in
1313 5619 1689 5676 remissionem
1747 5629 2090 5687 peccatorum

2207 4614 2361 4668 Ὅσοι
2406 4614 2515 4686 γὰρ
2563 4616 2644 4676 είς
2689 4614 2923 4682 Χριστὸν
2990 4614 3374 4685 ἐϐαπτίσθητε,
3421 4614 3656 4685 Χριστὸν
3704 4618 3787 4668 ἐν.

2204 4707 2488 4772 εδύσασθε,
2535 4707 2719 4776 φησίν.

2273 4799 2334 4854 Β.
2375 4795 2502 4870 'Ap’
2556 4794 2648 4852 οῦν
2708 4799 2787 4862 εἰς
2840 4797 3128 4868 ἄνθρωπον
3183 4796 3629 4869 βεὸαπτίσμεθα,
3687 4798 3785 4851 καὶ

2201 4891 2357 4945 τοῦτο
2387 4885 2525 4944 εἶναι
2552 4892 2798 4960 φήσομεν
2833 4887 3065 4959 ἀληθές;

2269 4984 2333 5034 Α.
2376 4979 2649 5049 Εὐφήμει,
2684 4978 2958 5048 ἄνθρωπε.
2999 4977 3064 5031 Τί
3096 4976 3247 5049 δρᾷς,
3274 4971 3320 5031 ὦ
3362 4971 3549 5044 οὗτοςς
3597 4978 3784 5034 Κατασ

2200 5069 2447 5141 κομίζεις
2487 5068 2645 5138 ἡμῶν
2696 5069 2777 5131 είς
2822 5070 2922 5137 γῆν
2967 5066 3065 5139 τὴν
3108 5066 3319 5122 ἐλπίδα.
3358 5064 3784 5135 Βεϐαπτίσμεθα

2199 5162 2309 5234 γὰρ
2339 5162 2438 5217 οὐκ
2461 5162 2541 5224 είς
2568 5160 2856 5232 ἄνθρωπον
2883 5157 3090 5225 ἁπλῶς,
3115 5159 3229 5213 ἀλλ’
3252 5161 3333 5222 εἰς
3359 5158 3492 5211 Θεὸν
3517 5157 3783 5229 ὲνηνθρω-

2199 5250 2434 5322 πηκότα,
2465 5250 2559 5303 καὶ
2588 5250 2809 5305 ἀνιέντα
2838 5250 3029 5319 ποινῆς
3068 5249 3164 5303 καὶ
3204 5247 3314 5303 τῶν
3342 5247 3585 5319 ἀρχαίων
3609 5247 3784 5301 αἰτια-

2201 5342 2387 5414 μάτων
2446 5343 2572 5406 τοὺς
2611 5342 2711 5414 τὴν
2752 5343 2834 5405 εἰς
2877 5340 3039 5395 αὐτὸν
3080 5340 3264 5395 πίστιν
3310 5340 3780 5410 είσδεδεγμένους.

2196 5434 2308 5491 Καὶ
2351 5431 2482 5500 γοῦν
2528 5435 2556 5486 6
2596 5432 2881 5496 θεσπέσιος
2918 5432 3119 5503 Πέτρος
3161 5430 3435 5494 Ἰουδαίοις
3479 5430 3583 5502 ἔφη
3623 5446 3781 5502 προσο

2196 5530 2374 5584 λαλῶν
2393 5547 2407 5562 ο
2445 5550 2464 5582 ι
2498 5530 2885 5599 Μετανοήσατε
2913 5522 3024 5591 οὖν,
3058 5528 3150 5581 καὶ
3176 5525 3527 5597 βαπτισθήτω
3548 5523 3782 5587 ἕκαστος

2198 5621 2353 5701 ὑμῶν
2394 5622 2487 5674 ἐπὶ
2530 5620 2609 5691 τῷ
2646 5620 2870 5692 ὀνόματι
2913 5618 3085 5690 Ἰησοῦ
3132 5615 3391 5688 Χριστοῦ,
3441 5617 3521 5680 είς
3582 5614 3781 5684 ἆςεσιν

595 5798 855 5862 "Matth.
890 5818 1021 5872 xvn.
1062 5805 1116 5863 5.
1194 5800 1463 5862 "lJoan.
1500 5818 1552 5869 γ,
1589 5802 1639 5866 9,
1682 5801 1767 5855 £0.
1843 5798 2095 5857 “Matth.

2205 5842 2217 5863 .
2255 5802 2335 5857 ll.
2417 5799 2557 5856 ‘lsa.
2585 5816 2695 5866 ιχι,
2737 5798 2823 5854 10.
2901 5796 3118 5853 ’Galat.
3156 5812 3234 5865 Ill,
3261 5796 3348 5850 Ἦ.
