4050 6428
341 385 477 441 1241

1431 383 1516 435 DE
1556 377 2060 436 INCAliNATiONE
2111 383 2476 437 IJNIGLMTI.

3454 395 3600 450 ηιξ

334 504 451 559 τῶν
492 501 780 574 ἁμαρτιῶν
823 500 999 574 ὑμῶν,
1047 502 1142 555 καὶ
1171 497 1408 570 λήψεσθε
1449 499 1550 570 τὴν
1576 497 1784 570 δωρεὰν
1822 500 1913 553 τοῦ

2022 508 2349 565 vestrorum,
2390 510 2445 555 et
2480 499 2760 572 accipietis
2789 502 2988 559 donum
3030 501 3267 573 Spiritus
3293 508 3464 561 sancti
3492 511 3534 563 ⁴.
3565 527 3587 560 ι

335 594 498 662 ἁγίου
551 593 886 665 Πνεῦματος.
945 611 963 646 ι
1031 591 1307 646 ’Λπολύων
1353 589 1463 662 γὰρ
1511 589 1782 661 ἁμαρτίας
1825 589 1916 642 τὸν

334 685 489 756 αὐτῷ
526 684 942 755 προσκείμενον,
985 683 1065 754 τῷ
1095 684 1207 754 ἰδίῳ
1234 681 1420 737 λοιπὸν
1449 681 1729 752 καταχρίει
1753 681 1915 734 Πνεῦ-

337 795 494 848 ματι,
529 778 669 849 ὅπερ
713 777 894 849 ἐνίησι
939 777 1038 847 μὲν
1078 776 1262 841 αὐτὸς,
1303 774 1379 839 ὡς
1425 775 1488 828 ἐκ
1521 773 1659 827 Θεοῦ
1705 773 1914 844 [Iarqu

332 868 534 935 Λόγος,
562 867 657 921 καὶ
682 868 740 935 ἐξ
770 869 906 931 ἰδίας
935 869 1066 939 ἡμῖν
1102 867 1444 937 άναπηγάζει
1470 864 1703 934 φύσεως·
1734 865 1912 918 κοινὸν

334 959 399 1012 δὲ
435 958 626 1030 ὥσπερ
662 959 724 1012 τὸ
747 959 937 1029 χρῆμα
973 958 1145 1022 τιθεὶς
1189 961 1255 1030 τῇ
1299 958 1437 1027 μετὰ
1478 955 1675 1028 σαρκὸς
1707 958 1912 1009 οἰκονο-

336 1048 446 1119 μίᾳ
483 1048 574 1102 διὰ
601 1049 702 1120 τὴν
748 1049 962 1113 ἕνωσιν,
994 1049 1089 1102 καὶ
1132 1050 1208 1113 ὡς
1237 1049 1522 1116 ἄνθρωπος
1561 1049 1773 1101 ὲνέπνει
1815 1064 1917 1100 σω-

336 1139 608 1209 ματικῶς.
670 1140 1005 1212 Ἐνεφύσησε
1030 1139 1139 1212 γὰρ
1172 1140 1285 1202 τοῖς
1332 1137 1684 1202 ἀποστόλοις,
1720 1135 1911 1189 εἰπών’

333 1249 360 1281 ι
382 1229 591 1284 Λάόετε
628 1230 853 1301 Πνεῦμα
879 1230 1033 1300 ἅγιον
1054 1249 1068 1263 ο
1106 1251 1124 1283 ι
1159 1232 1252 1284 καὶ
1273 1231 1373 1283 οὐκ
1400 1230 1465 1283 ἐκ
1500 1229 1702 1300 μέτρου
1731 1228 1914 1281 δίδωσι

327 1318 395 1370 τὸ
438 1317 684 1387 Πνεῦμα,
728 1321 870 1373 κατὰ
909 1320 1008 1389 τὴν
1056 1321 1303 1373 Ἰωάννου
1345 1319 1551 1389 φωνὴν,
1601 1317 1715 1371 ἀλλ’
1754 1317 1917 1379 αὐτὸς

328 1409 543 1480 ἐνίησιν
586 1408 647 1475 ἐξ
694 1409 909 1471 ἑαυτοῦ,
956 1408 1209 1480 καθάπερ
1256 1410 1452 1480 ἀμέλει
1494 1408 1590 1462 καὶ
1632 1409 1661 1461 ὁ
1699 1408 1910 1477 Πατήρ.

329 1500 449 1552 Καὶ
473 1498 607 1568 γοῦν
642 1501 670 1553 ό
697 1500 982 1565 θεσπέσιος
1023 1502 1256 1566 Παῦλος,
1282 1501 1593 1572 ἀποστήσας
1626 1500 1725 1571 τὴν
1754 1498 1810 1552 ἒν
1851 1515 1915 1567 γε

326 1591 508 1662 τούτῳ
535 1592 821 1665 διαφορὰν,
853 1594 983 1649 ποτὲ
1020 1594 1120 1664 μὲν
1154 1593 1303 1664 αὐτῷ
1336 1593 1415 1664 τῷ
1458 1593 1577 1664 Θεῷ
1601 1593 1695 1647 καὶ
1738 1593 1915 1675 Παξρὶ

328 1685 659 1756 προσνέμων
681 1687 898 1757 ὁρᾶται,
928 1688 1059 1741 ποτὲ
1090 1687 1148 1741 δὲ
1193 1683 1263 1742 αὖ
1302 1687 1381 1758 τῷ
1406 1687 1540 1759 Υἰῷ.
1575 1688 1779 1758 Γράφει
1803 1686 1911 1757 γὰρ

326 1770 437 1831 ὧδε
460 1794 474 1809 ο
511 1794 530 1828 ι
580 1778 772 1848 Ὑμεῖς
803 1778 860 1832 δὲ
902 1779 1004 1833 οὐκ
1041 1780 1165 1833 ὲστὲ
1205 1781 1264 1832 ὲν
1294 1780 1481 1851 σαρκὶ,
1519 1778 1635 1833 ἀλλ’
1662 1781 1720 1833 ἐν
1751 1779 1914 1832 πνεύ-

2020 590 2330 648 Dissolvens
2390 594 2535 649 enim
2587 603 2810 663 peccata
2866 595 2989 666 eius
3033 596 3126 667 qui
3181 597 3280 666 ipsi
3331 598 3597 667 adhaeret,

2018 685 2238 753 preprio
2265 698 2364 739 suo
2395 685 2597 753 Spiritu
2625 685 2860 757 inungit,
2889 703 3050 758 quem
3098 690 3314 757 quidem
3354 690 3594 745 immittit

2022 773 2156 843 ipse,
2189 783 2247 828 ut
2273 773 2507 830 Verbum
2542 789 2607 830 ex
2650 775 2764 830 Deo
2809 776 2990 843 Patre,
3039 788 3094 833 et
3137 794 3204 834 ex
3250 780 3466 848 propria
3494 793 3594 834 sua

2022 876 2212 920 natura
2259 867 2312 921 in
2354 882 2453 922 nos
2482 867 2832 925 trausfundit.
2865 868 3220 925 Communem
3277 886 3407 926 vero
3459 888 3594 940 quo-

2019 952 2306 1008 dammodo
2328 955 2468 1010 hanc
2498 971 2611 1010 rem
2643 957 2848 1012 faciens
2875 974 2995 1013 cum
3032 959 3506 1015 administratione
3538 962 3592 1015 in

2019 1057 2182 1097 carne
2221 1053 2440 1112 propter
2468 1046 2758 1112 unitatem,
2790 1048 2955 1102 etiam
2988 1057 3046 1103 ut
3089 1050 3253 1105 homo
3302 1050 3593 1121 inspiravit

2016 1136 2388 1203 corporaliter.
2439 1136 2719 1206 Iuspiravit
2798 1140 2943 1194 enim
3008 1139 3312 1209 apostolis,
3368 1143 3588 1195 dicens'

2024 1245 2043 1279 ι
2096 1228 2339 1297 Accipite
2380 1226 2644 1296 Spiritum
2692 1240 2945 1286 sanctqu
2976 1231 3018 1284 ‘.
3060 1251 3079 1283 ι
3113 1230 3298 1301 Neque
3336 1247 3403 1287 ex
3443 1248 3592 1286 tuen-

2012 1334 2143 1383 sura
2171 1320 2266 1375 dat
2295 1320 2583 1390 Spiritum,
2618 1332 2676 1375 ut
2712 1323 2888 1392 inquit
2915 1322 3171 1387 Joannes,
3202 1325 3294 1379 sed
3328 1325 3441 1392 ipse
3466 1339 3590 1377 cum

2019 1412 2262 1468 immittit
2289 1428 2356 1468 ex
2387 1416 2592 1483 seipso,
2627 1415 2767 1470 sicut
2798 1424 2856 1471 et
2894 1416 3074 1471 Pater.
3116 1416 3322 1471 Idcirco
3351 1427 3404 1471 et
3450 1420 3593 1473 divi-

2018 1519 2122 1559 nus
2172 1504 2369 1560 Paulus
2413 1506 2606 1561 tollens
2633 1521 2849 1561 omnem
2896 1507 2998 1562 hac
3031 1508 3085 1562 in
3121 1522 3179 1562 re
3211 1507 3589 1576 diﬂ'erentiam,

2018 1595 2287 1650 interdum
2312 1595 2414 1665 ipsi
2447 1597 2555 1651 Deo
2581 1611 2645 1651 ac
2678 1595 2829 1650 Patri
2857 1597 2909 1650 id
2953 1597 3192 1653 tribucre
3222 1597 3483 1663 cernitur,
3510 1598 3594 1652 in-

2018 1690 2230 1744 tardum
2254 1699 2459 1755 autem,
2488 1690 2647 1745 Filio.
2679 1690 2756 1744 Ita
2783 1690 2927 1744 enim
2957 1691 3146 1745 scribit
3171 1709 3186 1746 :
3222 1708 3243 1743 ι
3280 1689 3387 1746 Vos
3409 1700 3591 1745 autem

2019 1798 2125 1837 non
2148 1783 2281 1838 estis
2300 1782 2355 1836 in
2381 1797 2567 1847 carne,
2594 1783 2689 1838 sed
2717 1782 2769 1836 in
2803 1781 3031 1851 Spiritu,
3063 1782 3326 1851 siquidem
3358 1782 3593 1850 Spiritus

331 1885 489 1937 ματι,
522 1868 681 1939 εἴπερ
710 1869 928 1940 πνεῦμα
959 1869 1094 1923 Θεοῦ
1143 1872 1283 1923 οἰκεῖ
1325 1872 1383 1923 ὲν
1431 1871 1592 1940 ὑμῖνο
1637 1872 1686 1923 εἰ
1729 1870 1786 1924 δέ
1824 1888 1911 1934 τις

2022 1874 2115 1929 Dei
2152 1873 2364 1929 habitat
2392 1874 2445 1928 in
2496 1875 2668 1930 vobis.
2702 1875 2760 1929 Si
2792 1889 2919 1928 vero
2943 1873 3066 1943 quis
3110 1871 3368 1942 Spiritum
3392 1871 3591 1925 Christi

328 1956 558 2028 Πνεῦμα
588 1958 826 2030 Χριστοῦ
849 1960 949 2013 οὐκ
981 1960 1115 2030 ἔχει,
1142 1952 1296 2024 οὗτος
1319 1960 1420 2014 οὐκ
1447 1960 1591 2014 ἐστιν
1619 1958 1803 2015 αὑτοῦ.
1845 1962 1910 2015 Εἰ

322 2047 388 2102 δὲ
425 2050 660 2119 Χριστὸς
704 2052 762 2103 ὲν
803 2052 951 2121 ὑμῖν,
994 2052 1056 2105 τὸ
1104 2052 1201 2121 μὲν
1253 2051 1410 2122 σῶμα
1451 2051 1645 2122 νεκρὸν
1684 2052 1772 2105 διὰ
1810 2052 1910 2123 τὴν

325 2140 629 2210 ἁμαρτίαν,
660 2143 720 2196 τὸ
743 2142 800 2196 δὲ
831 2141 1078 2214 Πνεῦμα,
1117 2143 1231 2215 ζωὴ
1256 2144 1347 2197 διὰ
1376 2144 1743 2214 δικαιοσύνην.
1779 2163 1799 2195 ι

400 2230 462 2284 Β.
508 2231 746 2302 Ἀραρεν
786 2227 914 2300 οῦν,
967 2233 1049 2286 ὅτι
1090 2232 1226 2286 ἴδιόν
1270 2234 1388 2285 ἐστι
1438 2232 1499 2285 τὸ
1548 2231 1773 2302 Πνεῦμα
1814 2231 1908 2284 τοῦ

325 2320 485 2379 Υἱοῦ.
510 2322 605 2374 καὶ
647 2320 767 2375 οῦτι
802 2340 904 2376 που
934 2324 1114 2394 μόνον,
1208 2324 1380 2392 Λόγος
1413 2324 1530 2377 ἐστὶ
1557 2321 1812 2393 πεφηνὼς
1843 2324 1909 2377 ἐκ

322 2410 566 2477 Πατρὺς,
598 2411 733 2465 ἀλλὰ
757 2414 849 2469 καὶ
926 2416 1100 2466 νοοῖτο
1129 2413 1254 2467 καθ’
1277 2414 1424 2485 ἡμᾶς
1445 2413 1544 2468 ἄνθ
1552 2430 1734 2485 ρωπος
1762 2413 1912 2482 γενό⁹

324 2519 512 2573 μενος.
880 2535 892 2543 ·

398 2596 465 2647 Α.
510 2595 668 2649 Ἰδιον
691 2596 766 2661 ὡς
791 2598 856 2650 ἐκ
884 2597 1118 2671 Πατρδς,
1137 2598 1194 2650 ὲν
1215 2597 1486 2668 ὁμοουσίῳ
1509 2599 1670 2668 γεννή
1679 2615 1807 2668 ματι
1832 2596 1908 2669 τῷ

322 2686 388 2755 ιξ
423 2686 591 2741 αὑτοῦ
619 2687 775 2757 φύντι
806 2689 985 2760 Λόγῳ,
1016 2691 1111 2742 καὶ
1144 2691 1194 2741 εἰ
1220 2689 1430 2758 λέγοιτο
1461 2690 1666 2753 λαϐεῖν,
1698 2690 1787 2743 ὅτε
1815 2689 1908 2759 γέ-

320 2794 483 2844 γονεν
507 2778 795 2849 ἄνθρωπος
835 2782 864 2834 ό
887 2780 995 2833 τῶν
1015 2779 1117 2850 τῆς
1143 2780 1395 2852 θεότητος
1436 2782 1740 2853 ἰδιωμάτων
1758 2782 1834 2847 ὡς
1851 2785 1908 2837 ὲν

327 2868 441 2939 ἰδίᾳ
480 2867 639 2936 φύσει
671 2868 1001 2940 τητώμενος.
1038 2870 1148 2923 Καὶ
1187 2869 1318 2938 γοῦν
1364 2869 1527 2935 αὐτὸς
1573 2871 1835 2941 ὑπάρχων
1872 2872 1904 2943 ἠ

324 2960 548 3014 πάντων
572 2959 707 3033 ζωὴ,
726 2962 814 3015 διὰ
845 2961 945 3032 τὴν
971 2964 1036 3015 ἐκ
1058 2961 1256 3027 ζῶντος
1286 2963 1497 3035 Πατρός
1527 2962 1764 3036 ἄρρητον
1793 2964 1910 3033 γέν-

326 3069 503 3123 νησιν,
533 3052 913 3118 ζωοποιεῖσοαι
945 3054 1162 3124 λέγεται
1198 3055 1316 3126 μεθ’
1347 3054 1522 3126 ἡμῶν.
1559 3057 1717 3128 Πάρα
1743 3057 1787 3110 δ’
1814 3052 1908 3111 οῦν

324 3145 478 3215 ὅμως
520 3144 666 3212 ἰδεῖν,
701 3145 1057 3217 χαριζόμενον
1090 3147 1186 3216 μὲν
1214 3149 1279 3216 τῇ
1338 3148 1442 3218 ἰδίᾳ
1474 3148 1634 3220 σαρκὶ
1663 3148 1760 3218 τῆς
1792 3149 1908 3201 Θεο-

326 3234 573 3307 πρεποῦς
604 3236 885 3304 ὲνεργείας
916 3237 1016 3308 τὴν
1043 3237 1221 3302 δόξαν,
1249 3237 1622 3307 οἰκειούμενον
1650 3238 1707 3291 δὲ
1745 3233 1811 3290 αὖ
1837 3239 1908 3291 τὰ
1937 3207 1980 3262 C

326 3324 553 3396 σαρκὸς,
583 3327 677 3378 καὶ
703 3324 868 3378 οἱονεί
894 3343 1011 3389 πως
1039 3327 1162 3380 καθ’
1197 3326 1390 3380 ἕνωσιν
1418 3327 1786 3398 οἰκονομικὴν,
1812 3328 1907 3380 κα)⁸

325 3419 395 3489 τῇ
432 3416 538 3489 ἰδίᾳ
564 3416 911 3488 περιτιθέντα
948 3416 1125 3488 φύσει.

399 3592 462 3647 Β.
505 3592 640 3646 Τίνα
669 3593 776 3663 φὴς
804 3592 1036 3664 τρόπονς

399 3688 467 3740 Λ.
505 3680 584 3738 Ἦ
615 3686 736 3757 οὐχὶ
766 3686 829 3757 δὴ
868 3686 1102 3755 μάλιστα
1135 3683 1368 3756 πρέπειν
1408 3685 1551 3755 ἐρεῖς
1591 3683 1670 3757 τῷ
1700 3702 1763 3755 γε
1797 3685 1910 3740 ὄντι

330 3779 473 3832 κατά
507 3776 668 3847 φύσιν
701 3778 765 3830 ὲκ
791 3776 926 3830 Θεοῦ
962 3776 1173 3847 Πατρός
1221 3776 1398 3847 Λόγῳ,
1430 3775 1488 3829 τὸ
1522 3776 1727 3831 άνωοεν
1755 3778 1911 3849 ἦκειν

331 3871 424 3923 καὶ
458 3869 518 3936 ἐξ
557 3866 817 3941 οὐρανοῦ,
854 3869 950 3921 καὶ
985 3868 1045 3921 τὸ
1085 3868 1369 3937 ζωογονεῖν
1418 3866 1675 3922 δύνασθαι
1706 3869 1803 3936 τὰ,
1832 3864 1913 3934 οἷς

333 3964 400 4019 ἂν
439 3964 643 4017 ἐνιέναι
676 3960 919 4032 βούλοιτο
947 3959 1045 4029 τὴν
1079 3958 1262 4028 ζωήνς

402 4053 466 4109 Β.
506 4053 674 4125 Φημί.

403 4149 469 4201 Λ.
511 4145 578 4200 Τί
601 4146 694 4211 δὲ;
729 4144 789 4198 τὸ
814 4142 1190 4215 δημιουργεῖν,
1223 4138 1345 4192 εἰπέ
1372 4154 1480 4208 μοι,
1509 4136 1728 4203 θεῖκῶς,
1764 4138 1913 4212 δοίης

330 4240 398 4295 ἂν
437 4237 577 4292 εἷναί
615 4255 668 4291 τι
693 4237 802 4291 τῶν
845 4235 1236 4307 ἁνθρωπίνων;

401 4332 464 4387 Β.
507 4331 621 4384 Οὐκ
659 4329 854 4399 ἔγωγε.

399 4424 466 4476 Λ.
508 4422 573 4476 Τί
616 4421 795 4474 τοίνυν
845 4420 992 4492 ἡμᾶς
1036 4420 1292 4485 ζωοποιεῖ
1323 4424 1421 4495 μὲν
1480 4425 1556 4489 ὡς
1584 4421 1738 4487 Θεὸς,
1774 4419 1913 4491 πλὴν

2019 1980 2123 2021 non
2162 1966 2344 2031 habet,
2364 1964 2452 2020 hic
2478 1980 2583 2020 non
2620 1974 2704 2019 est
2724 1965 2914 2035 ipsius.
2941 1963 2998 2017 Si
3026 1972 3205 2017 autem
3233 1960 3484 2018 Christus
3507 1970 3593 2017 est

2018 2058 2070 2113 in
2106 2057 2277 2123 vobis,
2305 2072 2503 2126 corpus
2535 2057 2756 2126 quidem
2797 2064 3067 2111 mortuum
3096 2063 3182 2108 est
3216 2061 3437 2123 prOpter
3464 2067 3592 2120 pec-

1942 2164 1946 2168 '
2019 2161 2228 2213 catmu,
2259 2149 2486 2218 spiritus
2506 2162 2636 2203 vero
2663 2148 2770 2200 vita
2793 2157 3014 2216 propter
3030 2144 3474 2215 justiﬁcatiouem
3492 2143 3536 2198 ⁵.
3563 2161 3583 2194 ι

2089 2239 2151 2295 Β.
2183 2240 2423 2309 Spiritus
2458 2239 2638 2308 itaque
2685 2239 2846 2309 707
2883 2237 3132 2306 proprius
3166 2245 3250 2290 est
3293 2235 3439 2300 Filii,
3481 2250 3590 2291 non

2014 2331 2190 2388 solum
2226 2339 2495 2400 quatenus
2540 2337 2626 2383 est
2670 2325 2909 2383 Verbum
2952 2341 3020 2381 ex
3064 2323 3229 2379 Patre
3268 2324 3588 2394 procedens,

2014 2436 2203 2477 verum
2258 2421 2422 2477 etiam
2487 2429 2758 2489 quatenus
2807 2427 2891 2474 est
2950 2417 3114 2472 homo
3169 2416 3342 2471 nostri
3394 2415 3589 2472 similis

2014 2514 2214 2571 factus.

2083 2608 2150 2661 Δ.
2216 2605 2472 2674 Proprias
2509 2604 2726 2674 quidem
2760 2610 2818 2656 ut
2842 2617 2905 2656 ex
2933 2602 3096 2656 l’atre
3135 2602 3186 2655 in
3221 2600 3588 2656 consubstan-

2014 2699 2131 2755 tiali
2166 2697 2304 2753 Filio
2334 2712 2400 2752 ex
2459 2711 2583 2752 sese
2625 2697 2809 2767 genito
2866 2693 3064 2759 Verbo,
3096 2692 3311 2747 tametsi
3372 2691 3590 2746 dicatur

2013 2804 2136 2847 eum
2192 2789 2441 2857 accipere
2473 2789 2689 2857 quando
2723 2787 2900 2841 iactus
2953 2795 3039 2841 est
3084 2785 3269 2849 homo,
3339 2782 3428 2852 qui
3459 2795 3587 2852 pro-

2015 2881 2345 2951 prietatibus
2383 2880 2687 2934 divinitatis
2737 2879 2793 2933 in
2845 2892 2938 2932 sua
2973 2886 3166 2932 natura
3192 2883 3362 2930 caret.
3413 2875 3592 2942 Atque

2016 2972 2218 3027 idcirco
2262 2971 2378 3042 ipse
2419 2985 2541 3025 cum
2577 2970 2648 3024 sit
2703 2969 2944 3024 omnium
2991 2967 3120 3034 vita,
3158 2966 3282 3036 quia
3334 2963 3588 3020 ineffabili

2016 3064 2175 3118 modo
2226 3078 2293 3118 ex
2356 3062 2480 3118 vivo
2533 3059 2694 3115 Patre
2744 3060 2957 3130 genitus
2993 3068 3094 3122 est,
3156 3072 3260 3111 una
3310 3055 3589 3110 nobiscum

2015 3155 2314 3209 vivincatus
2338 3167 2459 3206 esse
2501 3152 2717 3207 dicitur.
2765 3148 2961 3204 Videre
3016 3160 3196 3204 tamen
3244 3158 3360 3210 est,
3410 3149 3588 3217 ipsum

2015 3244 2163 3299 carni
2191 3259 2301 3298 sua:
2353 3243 2550 3296 divina)
2598 3242 2928 3310 operationis
2959 3240 3186 3310 gloriam
3227 3238 3507 3302 tribuisse,
3535 3246 3592 3292 et

2013 3337 2250 3392 vicissim
2278 3335 2457 3391 carnis
2473 3334 2831 3403 proprietates
2859 3348 2955 3402 per
2993 3332 3251 3386 unitatem
3299 3329 3441 3384 illam
3470 3345 3592 3399 quae

2011 3443 2078 3483 ex
2130 3427 2509 3481 incarnatione
2561 3426 2704 3481 facta
2754 3434 2841 3482 est
2881 3425 2947 3479 ad
2996 3424 3269 3494 propriam
3310 3438 3464 3478 suam
3493 3436 3594 3477 na-

2014 3529 2186 3574 turam
2229 3519 2512 3574 ascivisse.

2082 3610 2143 3664 B.
2174 3610 2290 3677 Quo
2311 3621 2468 3680 pacto
2489 3609 2572 3665 ais
2601 3608 2625 3663 ?

2083 3702 2150 3757 A.
2189 3701 2382 3757 Nonne
2424 3701 2660 3756 maxime
2713 3699 3010 3755 convenire
3048 3697 3198 3753 dices
3231 3695 3408 3751 Verbo
3447 3696 3594 3766 quod

2013 3801 2100 3850 est
2128 3793 2427 3848 secundum
2452 3799 2702 3846 naturam
2730 3804 2811 3845 ex.
2829 3789 2958 3851 Deo,
3006 3801 3240 3856 superne
3269 3796 3325 3840 et
3361 3801 3429 3840 ex
3455 3786 3596 3841 cmlo

2013 3888 2220 3952 venire,
2273 3892 2326 3936 et
2375 3880 2653 3934 viviﬁcare
2715 3891 2873 3947 posse
2925 3890 2986 3931 ca
3043 3875 3240 3944 quibus
3278 3873 3445 3929 vitam
3495 3876 3601 3928 im—

2014 3977 2230 4032 mittere
2273 3968 2504 4026 voluerit
2532 3969 2557 4022 τ

2082 4065 2146 4121 Β.
2180 4061 2434 4119 Omnino.

2083 4158 2148 4213 Λ.
2210 4155 2348 4221 Quid
2397 4165 2524 4206 vero
2554 4149 2803 4209 ?C.reare
2859 4146 3043 4203 divino
3101 4162 3273 4214 more,
3319 4147 3601 4209 dixerisne

2013 4250 2175 4307 etiam
2200 4263 2266 4302 ex
2300 4245 2551 4301 humanis
2581 4242 2835 4315 operibus
2860 4253 2982 4294 esse
3008 4239 3033 4292 ?

2084 4341 2148 4395 Β.
2191 4341 2303 4409 Ego
2331 4348 2479 4394 certe
2513 4348 2874 4407 nequaquam.

2086 4431 2152 4486 Δ.
2189 4431 2326 4499 Quid
2375 4428 2561 4498 igitur,
2608 4425 2849 4481 viviﬁcat
2898 4424 3114 4493 quidem
3162 4439 3260 4480 nos
3305 4435 3363 4478 ut
3427 4427 3593 4491 Dens,

329 4514 391 4567 οὐ
454 4513 615 4585 μόνον
661 4511 741 4583 τῷ
791 4512 1115 4584 μεταλαχεῖν
1179 4514 1333 4583 ἁγίου
1396 4516 1745 4589 Πνεῦματος,
1797 4513 1911 4567 ἀλλ’

2017 4537 2273 4582 caeterum
2322 4539 2427 4578 non
2479 4522 2590 4576 sola
2643 4519 3052 4590 participatione
3099 4518 3332 4588 Spiritus
3374 4516 3591 4580 sancti;

332 4604 555 4677 ἑδεστὴν
606 4602 874 4676 παραθεὶς
938 4605 1030 4658 καὶ
1087 4605 1185 4678 τὴν
1240 4606 1643 4678 ἀναληφθεῖσαν
1696 4608 1909 4679 σάρκας

338 4696 485 4765 Ἔφη
523 4694 652 4765 γάρ,
688 4694 770 4746 ὅτι
824 4712 842 4745 ι
906 4692 1096 4765 Ἀμὴν,
1144 4694 1291 4767 ἀμὴν
1334 4696 1477 4767 λέγω
1510 4699 1659 4768 ὑμῖν,
1695 4700 1789 4752 ἐὰν
1835 4699 1909 4770 μὴ

331 4789 544 4858 φάγητε
568 4786 667 4857 τὴν
690 4784 869 4856 σάρκα
892 4784 987 4838 τοῦ
1013 4785 1141 4839 Υίοῦ
1167 4786 1260 4839 τοῦ
1287 4786 1597 4858 ἀνθρώπου,
1629 4789 1724 4842 καὶ
1749 4788 1910 4859 πίητε

329 4879 498 4934 αὐτοῦ
535 4881 596 4932 τὸ
626 4873 787 4949 αἷμα,
819 4877 920 4931 οὑκ
946 4875 1098 4947 ἔχετε
1133 4876 1276 4950 ζωὴν
1309 4878 1367 4931 ὲν
1398 4881 1626 4942 ἑαυτοῖς.
1668 4897 1687 4930 ι
1727 4881 1909 4934 Κατα-

2019 4623 2113 4676 sed
2166 4615 2559 4674 cumestibilem
2626 4612 2872 4683 praebens
2926 4611 3091 4665 etiam
3150 4624 3364 4665 carnem
3430 4624 3594 4678 quam

2015 4710 2329 4780 assumpsit.
2361 4708 2509 4763 Dixit
2570 4705 2712 4759 enim
2764 4705 2880 4772 ipse
2912 4720 2926 4757 :
2964 4721 2983 4753 ι
3020 4704 3212 4767 Amen,
3266 4716 3421 4757 amen
3471 4700 3598 4755 dico

2015 4805 2190 4869 vobis,
2245 4802 2348 4856 nisi
2396 4795 2742 4856 comederitis
2792 4808 3011 4849 carnem
3066 4791 3186 4845 Filii
3226 4790 3482 4858 hominis,
3538 4799 3595 4843 et

2015 4893 2264 4950 biberitis
2292 4889 2409 4960 eius
2436 4888 2777 4956 sanguinem,
2842 4899 2948 4938 non
3002 4882 3271 4938 habebitis
3317 4881 3482 4936 vitam
3538 4880 3592 4934 in

328 4972 747 5047 κερτομούντων
776 4971 834 5025 δὲ
868 4971 1029 5025 αὑτὸν
1052 4971 1161 5024 τῶν
1206 4971 1475 5026 Ἰουδαίων
1510 4973 1660 5033 ποτὲ,
1688 4974 1780 5026 καὶ
1808 4972 1906 5044 τὴν

2016 4985 2165 5039 vobis
2198 4982 2238 5036 '.
2279 5000 2298 5034 ι
2344 4981 2478 5034 Cum
2509 4993 2636 5032 vero
2667 4974 2835 5031 Judaei
2887 4989 3012 5029 eum
3063 4973 3321 5029 conviciis
3368 4972 3595 5026 lacesse-

330 5066 427 5119 ἐπὶ
477 5068 591 5128 τοῖς
642 5063 892 5134 ἀμείνοσι
921 5062 1099 5134 ψῆφον
1147 5062 1428 5128 ἀνάπτειν,
1474 5064 1574 5118 οὐκ
1599 5057 1696 5117 οἷδ’
1732 5064 1908 5132 ὅπως,

331 5155 833 5227 ἐπικεχειρηκότων
880 5153 959 5225 τῷ
994 5155 1250 5226 μακαρίῳ
1284 5155 1493 5222 Μωσεῖ,
1531 5155 1830 5227 εἰρηκότων
1859 5155 1915 5209 δὲ

331 5246 659 5317 ἀναφανδόν
699 5263 721 5296 ι
765 5248 826 5300 Οἱ
872 5247 1105 5318 πατέρες
1134 5246 1290 5317 ἡμῶν
1319 5245 1519 5315 ἔφαγον
1548 5246 1610 5301 τὸ
1645 5249 1819 5317 μάννα
1854 5248 1912 5301 ὲν

331 5340 400 5411 τῇ
440 5339 656 5410 ἐρήμῳ,
694 5336 877 5402 καθὼς
900 5339 1014 5393 ἐστι
1049 5336 1431 5411 γεγραμμένον
1452 5354 1465 5367 ·
1500 5339 1698 5409 Ἀρτον
1722 5339 1787 5392 ὲκ
1815 5336 1909 5392 τοῦ

330 5432 565 5503 οὐρανοῦ
600 5433 800 5486 ἔδωκεν
827 5431 1007 5497 αὐτοῖς
1030 5435 1222 5503 φαγεῖν
1241 5448 1256 5465 ⁸
1289 5431 1340 5485 τί
1371 5433 1543 5495 ποιεῖς
1576 5430 1641 5483 σὺ
1664 5434 1907 5509 σημεῖορ,

334 5525 423 5581 ἵνα
462 5524 842 5596 πιστεύσωμέν
893 5539 1011 5590 σοι;
1055 5523 1107 5577 τί
1158 5520 1389 5597 ἐργάζῃ,
1420 5521 1495 5587 ὡς
1528 5522 1732 5577 ἄνωθεν
1780 5525 1910 5594 ἡμῖν

331 5618 430 5673 καὶ
471 5618 531 5682 ἐξ
580 5618 811 5687 οὐρανοῦ
846 5616 1219 5687 κατακομίσας
1268 5616 1329 5669 τὸ
1380 5615 1574 5686 σῶμα;
1630 5635 1651 5666 ι
1709 5614 1906 5686 φησίν·

406 5792 567 5849 'Act.
594 5807 653 5860 ιι,
684 5793 774 5848 38.
853 5792 1050 5847 ‘Jnan.
1083 5807 1174 5860 xx,
1208 5792 1299 5849 9?.
1371 5794 1573 5851 'an.
1609 5811 1723 5858 vni,
1756 5794 1809 5863 9,
1853 5795 1933 5849 to.

2014 5086 2156 5141 rent,
2201 5083 2256 5128 et
2296 5071 2429 5126 Mosi
2491 5070 2749 5124 doctrina:
2808 5066 3098 5138 plurimum
3148 5065 3269 5119 ﬁdei
3297 5064 3590 5128 deferrent,

2014 5175 2306 5236 aperteque
2368 5162 2728 5217 clamarent:
2803 5178 2823 5212 ι
2882 5158 3073 5214 Patres
3135 5157 3301 5212 nostri
3366 5156 3592 5209 mandu-

2017 5264 2279 5312 caverunt
2313 5267 2509 5307 manna
2563 5251 2616 5304 in
2676 5253 2911 5316 deserto,
2945 5251 3086 5305 sicut
3139 5248 3397 5319 scriptum
3450 5254 3587 5303 est:

2017 5342 2216 5399 Panem
2269 5343 2337 5396 de
2380 5344 2519 5397 caelo
2569 5324 2714 5395 dedit
2766 5341 2848 5395 eis
2891 5341 3219 5395 manducare
3269 5357 3281 5392 :
3323 5346 3378 5392 tu
3446 5339 3590 5408 quod

2017 5436 2227 5504 signum
2257 5433 2413 5498 facis,
2454 5442 2512 5486 ut
2538 5431 2824 5487 credamus
2857 5430 3001 5486 tibi?
3048 5430 3178 5500 quid
3230 5430 3496 5498 operaria,
3531 5439 3594 5489 ut

2014 5540 2250 5596 superne
2299 5523 2457 5579 nobis
2521 5531 2577 5576 et
2641 5536 2708 5576 ex
2760 5519 2898 5577 creto
2951 5517 3183 5576 an‘erens
3227 5534 3423 5590 corpus
3452 5518 3521 5573 ’τί
3565 5537 3586 5572 ι

2018 5617 2295 5688 respondit
2328 5615 2529 5671 Iesus:
2569 5632 2588 5666 ι
2629 5613 2824 5680 Amen,
2873 5627 3028 5669 amen
3080 5612 3199 5668 dico
3255 5613 3445 5679 vobis;
3481 5622 3585 5669 non

2015 5796 2034 5825 ⁶
2061 5793 2217 5851 Joan.
2255 5811 2328 5861 vr,
2546 5792 2717 5849 ’ihid.
2748 5791 2837 5861 50,
2865 5789 2956 5849 3i.
