4050 6418
496 376 636 438 ίὲιδ

1526 370 1583 424 S.
1625 368 1897 425 CYRILLI
1937 368 2406 425 ALEXANDBINI
2444 369 2764 428 ARCHIEP.

3629 373 3770 429 12ίὲ

493 492 644 548 dedit
699 489 850 545 vobis
897 488 1110 559 Moyses
1159 497 1356 556 panem
1393 499 1457 539 ex
1489 485 1630 540 caelo
1679 500 1889 540 verum.
1941 484 2074 540 Nam

2187 504 2204 536 ι
2253 487 2445 558 Ἀμὴν,
2478 487 2624 559 ἀμὴν
2657 488 2800 556 λέγω
2839 487 2990 556 ὑμῖν,
3037 485 3098 539 οὐ
3131 486 3336 557 Μωσῆς
3364 485 3594 540 δέδωκεν
3638 488 3771 557 ὑμῖν

493 585 652 657 panis
686 585 775 639 Dei
821 595 905 639 est
931 584 1022 653 qui
1059 583 1123 637 de
1157 579 1296 653 celo
1329 580 1631 644 descendit,
1667 591 1722 636 et
1774 583 1866 636 dat
1911 582 2079 637 vitam

496 680 700 733 mundo
730 678 772 730 ⁸.
811 695 830 728 ι
873 676 937 730 Ει
967 675 1124 743 paulo
1175 681 1296 742 post
1323 681 1537 728 tantum
1566 689 1670 727 non
1703 674 1896 742 digito,
1933 675 2078 744 quod

497 773 674 834 aiunt,
730 775 1166 822 commonstrans
1191 765 1427 832 scipsum
1481 765 1822 819 iucarnatum
1849 784 1862 820 :
1894 784 1913 817 ι
1946 767 2078 835 Ego,

501 861 696 930 inquit,
726 873 842 913 sum
871 857 1026 925 panis
1053 857 1225 920 vivus,
1253 857 1344 926 qui
1394 856 1462 910 de
1518 855 1656 910 coelo
1690 856 1964 910 dest-.endi.
2019 855 2078 910 Si

495 955 619 1020 quis
648 951 1058 1006 mamlucaverit
1087 964 1152 1004 ex
1188 951 1291 1003 boc
1327 964 1485 1018 pane,
1523 949 1664 1002 vivet
1696 950 1748 1002 in
1779 957 2075 1004 aeternum:

494 1056 545 1099 et
582 1044 734 1113 panis
776 1059 936 1112 quem
964 1057 1065 1110 ego
1105 1043 1266 1104 dabo,
1297 1057 1426 1095 caro
1464 1055 1579 1094 mea
1622 1049 1703 1094 est
1750 1056 1847 1109 pro
1895 1041 2080 1095 mundi

494 1135 600 1188 vita
627 1137 670 1190 ’.
719 1133 818 1200 Qui
864 1134 1154 1187 manducat
1179 1146 1352 1187 meam
1385 1145 1627 1194 carnem,
1663 1142 1717 1184 et
1743 1131 1873 1185 bibit
1901 1147 2078 1187 meum

494 1227 835 1296 sanguinem,
877 1227 928 1278 in
975 1239 1063 1278 me
1096 1234 1301 1288 manet,
1363 1233 1418 1278 et
1452 1240 1550 1292 ego
1586 1226 1638 1277 iu
1666 1223 1774 1277 illo.
1831 1225 1898 1278 Et
1941 1225 2081 1278 sicut

495 1319 641 1372 misit
673 1332 757 1370 me
796 1317 984 1370 vivens
1004 1315 1187 1382 Pater,
1217 1322 1387 1382 etego
1413 1314 1536 1368 vivo
1583 1324 1802 1384 propter
1839 1313 2076 1368 Patrem.

494 1410 563 1465 Et
591 1411 681 1479 qui
716 1409 1016 1463 manducat
1061 1422 1168 1470 me,
1217 1415 1273 1462 et
1321 1408 1434 1477 ipse
1477 1407 1621 1460 vivet
1666 1417 1890 1475 propter
1917 1403 2083 1476 70's

496 1516 584 1556 me
613 1502 675 1555 ‘°.
719 1520 738 1552 ι
799 1499 962 1566 Atqui
995 1497 1267 1568 quomodo
1305 1514 1428 1552 non
1493 1513 1620 1551 vere
1669 1498 1885 1551 dicatur
1936 1497 2078 1567 quod

495 1607 604 1646 non
653 1589 994 1646 descenderit
1041 1604 1071 1642 e
1119 1589 1258 1643 coelo
1323 1603 1472 1652 caro,
1524 1588 1620 1642 sed
1661 1589 1804 1657 quod
1839 1596 1956 1643 erat
2010 1603 2079 1642 ex

496 1682 739 1751 Virgine,
777 1682 919 1736 sicut
943 1681 1202 1748 scriptum
1228 1687 1312 1734 est
1344 1680 1383 1710 “
1417 1681 1439 1733 ?
1497 1678 1649 1747 Quod
1676 1694 1802 1735 vero
1830 1695 1934 1734 non
1969 1680 2080 1735 sint

495 1782 780 1843 separata,
846 1773 936 1828 sed
989 1773 1038 1826 in
1105 1788 1272 1828 unum
1304 1783 1518 1840 coeant,
1573 1781 1628 1827 et
1679 1773 2078 1842 quodammodo

2181 579 2274 632 16v
2300 579 2463 650 ἄρτον
2491 583 2555 633 ὲκ
2581 579 2676 633 τοῦ
2713 577 2944 652 οὐρανοῦ
2986 577 3078 632 τὸν
3107 577 3380 649 ἀληθινόν.
3429 577 3490 630 '0
3527 576 3635 648 γὰρ
3670 577 3772 648 ip-

2181 688 2272 735 τος
2301 672 2396 726 τοῦ
2439 672 2573 726 Θεοῦ
2606 675 2752 726 ἐστιν
2803 674 2834 725 6
2884 670 3229 724 καταϐαίνων
3259 671 3323 722 ὲκ
3371 670 3463 723 τοῦ
3515 669 3769 741 οὐρανοῦ,

2184 768 2281 818 καὶ
2319 765 2464 834 ζωὴν
2495 765 2676 828 διδοὺς
2704 763 2783 833 τῷ
2814 763 3026 833 κόσμῳ.
3081 780 3100 814 ι
3136 762 3244 820 Καὶ
3273 761 3409 832 πρός
3446 777 3509 828 γε
3535 758 3773 812 τουτοισὶ

2181 856 2366 922 πάλιν,
2415 857 2695 926 μονονουχὶ
2742 856 2834 908 καὶ
2872 853 3121 924 δακτύλῳ
3167 853 3528 915 καταδεικνὺς
3576 849 3775 904 ἑαυτὸν

2183 949 2531 1020 ὲνσώματον,
2568 967 2585 999 ι
2639 947 2780 1016 Ἐγώ
2829 948 2964 1017 είμι,
3015 946 3202 1016 φησιν,
3249 946 3278 997 6
3311 945 3474 1014 ἄρτος
3511 945 3552 996 ὁ·
3583 941 3718 1006 ζῶν,
3746 944 3776 994 6

2184 1040 2249 1091 ἐκ
2279 1040 2374 1092 τοῦ
2401 1038 2628 1108 οὐρανοῦ
2673 1038 2939 1101 καταϐάς.
2987 1038 3112 1092 Ἐάν
3141 1054 3223 1100 τις
3253 1035 3404 1107 φάγῃ
3432 1035 3496 1086 ὲκ
3538 1031 3632 1086 τοῦ
3673 1031 3776 1101 ἄρ-

2181 1149 2276 1186 του
2305 1132 2516 1195 τούτου,
2550 1133 2774 1202 ζήσεται
2819 1132 2900 1194 είς
2937 1131 3028 1184 τὸν
3061 1129 3266 1182 αἱῶνα’
3301 1127 3396 1181 καὶ
3442 1129 3470 1180 6
3499 1127 3661 1196 ἄρτος
3689 1124 3773 1190 δὲ,

2183 1222 2241 1277 ὃν
2267 1221 2376 1289 ἐγὼ
2399 1222 2575 1286 δώσω,
2610 1224 2642 1292 ἠ
2674 1221 2811 1292 σάρξ
2845 1220 2945 1290 μού
2979 1223 3128 1274 ἐστιν
3155 1220 3294 1291 ὑπὲρ
3320 1221 3419 1290 τῆς
3441 1207 3535 1271 τοῦ
3565 1215 3774 1286 κόσμου

2183 1315 2329 1384 ζωῆς
2349 1331 2362 1345 ο
2402 1317 2431 1368 6
2458 1314 2686 1386 τρώγων
2728 1331 2831 1384 μου
2861 1313 2960 1384 τὴν
2997 1313 3197 1383 σάρκα,
3228 1310 3320 1364 καὶ
3366 1309 3535 1362 πίνων
3578 1324 3680 1378 μου
3711 1307 3776 1359 1b

2183 1401 2341 1475 αἷμα,
2387 1407 2444 1457 ὲν
2495 1404 2620 1474 ἐμοὶ
2669 1404 2844 1473 μένει,
2896 1402 3052 1470 κάγὼ
3095 1404 3152 1458 ἐν
3202 1399 3370 1470 αὐτῷ.
3427 1399 3533 1452 Καὶ
3584 1396 3772 1461 καθὼς

2183 1494 2468 1548 ἀπέστειλέ
2504 1512 2571 1565 με
2615 1497 2643 1548 6
2672 1494 2782 1557 ζῶν
2830 1494 3038 1564 Πατὴρ,
3073 1491 3227 1560 κάγὼ
3271 1489 3348 1555 ζῶ
3389 1489 3478 1543 διὰ
3525 1489 3615 1542 τὸν
3658 1489 3777 1541 [Ia-

2181 1572 2345 1658 τέράι
2396 1585 2797 1658 καὶὸτρὼγων
2821 1604 2911 1656 με,
2965 1587 3216 1648 κάκεῖνος
3263 1583 3419 1654 ζήσει
3467 1581 3534 1635 δι’
3570 1580 3692 1652 ὲμέ.
3751 1600 3773 1633 ι

2180 1682 2376 1735 Καίτοι
2402 1681 2518 1745 πῶς
2544 1681 2646 1734 οὐκ
2676 1680 2914 1751 ἀτρεκὲς.
2934 1681 3130 1743 εἰπεῖν,
3161 1678 3237 1740 ὼς
3275 1676 3337 1730 οὐ
3368 1674 3783 1744 καταπεφοίτη-

2179 1792 2276 1828 κεν
2302 1773 2363 1838 ἐξ
2396 1772 2642 1844 οὐρανῶν
2679 1774 2712 1843 ή
2747 1771 2904 1843 σὰρξ,
2936 1771 3053 1826 ἀλλ’
3089 1767 3158 1843 ἦν
3188 1773 3257 1824 ὲκ
3279 1769 3582 1839 Παρθένου,
3630 1768 3781 1820 κατὰ

496 1868 640 1920 inter
691 1879 750 1919 se
797 1863 1255 1920 commisoeautur
1314 1876 1635 1919 naturarum
1691 1866 2076 1934 proprietates,

2187 1867 2277 1928 τὰς
2311 1865 2567 1934 Γραφάς;
2610 1866 2766 1918 Ἔστι
2795 1864 2851 1917 δὲ
2883 1864 2964 1917 ὄτι
3011 1863 3072 1917 οὺ
3119 1861 3326 1924 διιστὰς
3367 1863 3395 1914 6
3426 1860 3618 1928 Λόγος,
3656 1859 3778 1913 ἀλλ’

492 1972 526 2011 e
557 1954 969 2025 quamplurimis
1007 1953 1144 2010 locis
1191 1963 1424 2010 constat.
1471 1955 1762 2017 Nicodemo
1795 1956 1937 2009 enim
1972 1970 2080 2010 non

495 2046 816 2113 intelligenti
871 2046 1213 2116 mysterium,
1267 2047 1361 2102 sed
1410 2049 1664 2116 imperite
1707 2047 2078 2102 reclamantis

497 2157 518 2191 ι
555 2139 835 2206 Quomodo
879 2147 1104 2208 possunt
1135 2137 1254 2193 ﬁeri
1300 2139 1414 2192 haec
1440 2138 1464 2191 ?
1495 2138 1550 2192 Si
1591 2148 1826 2204 terrena,
1883 2139 2080 2207 inquit,

491 2231 606 2285 dixi
638 2231 812 2295 vobis,
849 2238 905 2285 et
943 2245 1048 2284 nou
1100 2231 1324 2285 creditis
1359 2247 1374 2284 :
1410 2245 1516 2300 quo
1563 2239 1723 2300 pacto
1781 2231 1827 2284 si
1889 2230 2079 2283 dixero

491 2322 649 2377 vobis
707 2321 972 2386 cmlestia,
1017 2320 1321 2375 credetis?
1379 2319 1445 2375 Et
1501 2335 1662 2375 nemo
1717 2321 1961 2375 ascendit
2023 2322 2076 2373 in

490 2415 710 2479 coelum,
763 2415 866 2468 nisi
899 2411 1062 2482 qui'e
1101 2413 1239 2468 coelo
1279 2411 1564 2468 descendit
1607 2411 1776 2467 Filius
1811 2413 1904 2466 Dei
1944 2413 2010 2468 η.
2053 2431 2072 2464 ι

487 2504 688 2561 Iudaeis
724 2520 852 2560 vero
897 2520 1049 2575 mque
1095 2514 1254 2574 atque
1304 2504 1391 2559 ille
1440 2505 1725 2574 imperitis.
1793 2505 2078 2576 ipsumque

492 2597 844 2652 irridentibus
897 2613 911 2652 :
955 2598 998 2652 si
1061 2597 1342 2652 viviﬁcans
1415 2606 1577 2666 atque
1631 2610 1696 2650 ex
1756 2595 1894 2652 coelo
1945 2611 2073 2666 pro-

489 2690 667 2759 prium
695 2704 912 2758 corpus,
939 2708 957 2740 ι
989 2689 1099 2743 lloc
1129 2703 1226 2743 vos
1241 2688 1594 2750 scandalizat,
1625 2688 1820 2757 inquit,
1877 2688 1920 2742 si
1945 2702 2074 2758 ergo

2183 1960 2262 2021 είς
2291 1957 2349 2012 ἓν
2380 1957 2547 2028 ἄμφω
2581 1956 2880 2024 συλλέγων,
2916 1958 3010 2009 καὶ
3047 1954 3247 2026 ὥσπερ·
3267 1952 3519 2024 ἀλλήλοις
3553 1953 3782 2022 ἀνακιρ-

2182 2047 2278 2112 νάς
2316 2047 2386 2101 τὰ
2416 2047 2524 2100 τῶν
2560 2047 2774 2116 φύσεων
2809 2046 3097 2118 ίδιώματα,
3124 2047 3211 2100 διὰ
3239 2045 3449 2118 μυρίων
3479 2045 3619 2098 ὅσων
3638 2045 3782 2114 ἡμῖν

2182 2140 2374 2211 ὁρᾶται
2404 2139 2598 2208 λόγων.
2642 2139 2938 2211 Νικοδήμῳ
2991 2139 3090 2209 μὲν
3139 2138 3269 2210 γὰρ,
3319 2138 3380 2191 οὐ
3434 2136 3668 2189 συνιέντι
3711 2135 3782 2188 τὸ

2185 2232 2506 2302 μυστήριον,
2537 2231 2936 2303 ἀνακεκραγότι
2964 2231 3020 2284 δὲ
3051 2229 3298 2300 ἀμαθῶςο
3337 2247 3355 2278 ι
3399 2228 3522 2291 Πῶς
3549 2226 3780 2280 δύναται

2181 2323 2352 2377 ταῦτα
2394 2323 2687 2392 γενέσθαις
2732 2323 2794 2377 Ei
2822 2323 2892 2376 τὰ
2920 2322 3159 2391 ἐπίγεια,
3215 2321 3402 2392 φησιν,
3436 2315 3589 2372 εἷπον
3618 2318 3776 2388 ὑμῖν,

2182 2415 2275 2468 καὶ
2313 2415 2372 2468 οὐ
2402 2415 2710 2480 πιστεύετε,
2744 2414 2862 2478 πῶς
2891 2415 2986 2469 ἐὰν
3019 2415 3157 2467 εῐπω
3191 2414 3322 2482 ὑμῖν
3351 2412 3420 2465 τὰ
3449 2410 3776 2481 ἐπουράνια,

2182 2506 2503 2570 πιστεύετε;
2549 2505 2659 2558 Καὶ
2705 2505 2882 2568 οὐδεὶς
2917 2503 3258 2574 ἀναϐέϐηκεν
3289 2504 3368 2566 είς
3401 2502 3491 2556 τὸν
3519 2498 3776 2570 οὐρανὸν,

2181 2600 2230 2651 εί
2259 2598 2333 2668 μὴ
2371 2599 2399 2651 6
2428 2599 2491 2651 ὲκ
2516 2597 2612 2650 τοῦ
2643 2596 2876 2669 οὐρανοῦ
2907 2596 3174 2662 καταϐὰς,
3205 2599 3234 2650 6
3264 2596 3393 2658 Υίὺς
3441 2593 3536 2648 τοῦ
3563 2591 3720 2646 Θεοῦ.
3749 2611 3773 2643 ο

2195 2688 2470 2753 Ἰουδαίοις
2497 2687 2555 2742 δὲ
2597 2687 2782 2757 πάλιν,
2815 2688 2912 2760 τὴν
2942 2690 3067 2760 ῐσην
3096 2689 3289 2759 ἐκείνῳ
3319 2684 3568 2742 νοσοῦσιν
3604 2684 3778 2737 ἀπαι-

491 2780 738 2835 videritis
793 2779 986 2834 Filium
1061 2781 1296 2835 hominis
1371 2780 1754 2834 ascendentem
1811 2781 1900 2834 ubi
1959 2790 2077 2834 erat

2187 2781 2420 2845 δευσίαν,
2469 2782 2563 2835 καὶ
2602 2782 2875 2855 διαγελᾷν,
2909 2784 3009 2837 οὐκ
3038 2777 3134 2836 οἶδ’
3160 2785 3330 2849 ὅπως,
3372 2781 3650 2851 ἑλομένοις
3673 2778 3782 2832 αὐ-

491 2872 640 2940 prius
672 2871 768 2925 "?
835 2889 854 2922 ι
916 2871 1111 2936 Annon
1186 2880 1373 2925 uatum
1429 2885 1495 2925 ex
1557 2869 1781 2926 muliere
1833 2871 2077 2925 dicemus

2187 2873 2303 2938 τὸν,
2356 2875 2586 2950 ἐπείπερ
2661 2876 2763 2948 ἔφη
2834 2876 3098 2941 ζωοποιὸν
3169 2877 3264 2928 καὶ
3307 2874 3367 2941 ἐξ
3412 2870 3646 2944 οὐρανοῦ
3715 2871 3780 2923 16

490 2964 891 3020 Emmanuelem
919 2964 942 3016 ?
2186 2967 2316 3020 ίδιον
2347 2968 2526 3037 σῶμα,
2553 2986 2571 3020 ι
2590 2968 2759 3023 Τοῦτο
2777 2969 2921 3040 ὑμᾶς
2949 2968 3315 3032 σκανδαλίζει,
3351 2964 3650 3038 φησὶν,ὲὰν
3681 2959 3781 3018 οὖν

488 3056 730 3129 θεωρῆτε
766 3059 858 3111 τὸν
905 3057 1032 3111 Υίὸν
1062 3057 1154 3112 τοῦ
1203 3056 1492 3129 ἀνθρώπου
1559 3057 1922 3113 ἀναϐαίνοντα
1969 3059 2103 3115 ὅπου
2141 3057 2208 3134 ἦν
2239 3063 2299 3116 16
2331 3063 2633 3136 πρότερον;
2681 3085 2696 3115 ι
2730 3059 2806 3117 Ἦ
2837 3065 2958 3135 οὐχὶ
3015 3064 3275 3133 τετάχθαι
3306 3064 3553 3133 φήσομεν
3583 3063 3647 3113 ἐκ
3673 3077 3778 3128 γυ-

485 3152 672 3216 ναικὸς
705 3153 795 3206 τὸν
844 3153 1194 3225 Ἐμμανουήλ
1212 3171 1226 3220 ς

556 3245 616 3300 Β.
659 3245 915 3301 Omnino.
1011 3249 1013 3251 ’

557 3337 623 3391 Α.
675 3334 908 3391 Ubinam
966 3337 1129 3407 igitur
1179 3340 1333 3409 prius
1393 3342 1561 3396 erat?
1608 3351 1700 3396 aut
1761 3357 1870 3412 quo
1921 3354 2080 3414 pacto

2108 3254 2151 3312 C
2257 3248 2316 3302 Β.
2365 3247 2487 3312 Πῶς
2521 3248 2628 3319 γὰρ
2660 3248 2758 3314 οῦ;

2254 3343 2319 3393 Α.
2363 3340 2472 3394 Ποῦ
2505 3340 2791 3413 τοιγαροῦν
2819 3341 2880 3393 16
2913 3340 3180 3410 πρότερον
3212 3336 3303 3412 ἧνς
3339 3340 3371 3407 ἢ
3420 3340 3539 3403 πῶς
3573 3341 3776 3396 ἀναϐέ-

486 3426 732 3482 ascendit
763 3469 779 3495 ,
822 3442 942 3483 cum
990 3443 1050 3484 se
1101 3431 1171 3484 ibi
1229 3446 1349 3487 esse
1398 3433 1565 3497 dicat,
1611 3434 1775 3487 etiam
1835 3445 1961 3489 nato
2015 3451 2078 3490 ex

486 3527 678 3575 sancta
724 3519 946 3590 Virgine
987 3536 1218 3590 corpore
1253 3525 1356 3578 sibi
1409 3525 1608 3578 uuito?
1645 3523 1836 3580 Nonne
1899 3535 2079 3581 autem

485 3627 708 3667 carnem
735 3629 854 3684 qua:
893 3629 962 3670 ex
1001 3623 1147 3668 terra
1182 3624 1418 3683 constat,
1448 3615 1730 3670 viviﬁcare
1757 3630 1860 3670 non
1899 3630 2078 3684 posse,

487 3713 757 3776 quatenus
831 3708 899 3763 ad
974 3707 1248 3778 propriam
1293 3721 1449 3762 suam
1521 3716 1770 3762 naturam
1864 3706 2077 3773 attinet,

485 3799 773 3854 dicemus?

554 3885 617 3942 B.
653 3885 750 3943 Ita.

556 3981 623 4032 Α.
683 3977 968 4044 Quomodo
1030 3979 1196 4048 igitur
1249 3990 1332 4037 est
1391 3979 1715 4036 viviﬁcatrix
1773 3994 1903 4035 caro
1937 3980 2080 4037 ?aut

394 4096 402 4104 -
483 4071 756 4140 quomodo
827 4079 1118 4128 censeatur
1193 4087 1262 4130 ex
1328 4075 1469 4130 coelo
1528 4088 1669 4140 esse,
1725 4088 1846 4128 cum
1889 4074 1961 4130 sit
2001 4091 2077 4134 .ex

484 4171 628 4214 terra
652 4161 675 4214 2

561 4249 624 4306 Β.
654 4252 885 4309 Ratione
937 4258 1183 4322 unitatis,
1241 4268 1300 4312 ut
1346 4259 1603 4328 arbitror,
1661 4277 1782 4316 cum
1840 4263 1964 4318 vivo
2022 4270 2077 4319 et

479 4342 701 4399 caelitus
724 4346 960 4402 demisso
995 4347 1192 4404 Verbo.

559 4439 628 4492 A.
670 4437 838 4496 Recte
861 4441 1150 4496 admodum
1181 4442 1375 4504 sentis,
1401 4450 1456 4496 et
1489 4443 1879 4498 convenienter
1901 4445 2076 4498 sacris

481 4531 803 4599 Scripturis.
862 4531 1046 4602 Neque
1096 4535 1240 4587 enim
1291 4533 1455 4589 aliter
1505 4533 1694 4599 fuerit,
1756 4543 1810 4588 et
1859 4543 2075 4588 creator

2186 3433 2352 3503 ϐηκεν
2399 3433 2635 3502 ἔνθαπερ
2664 3429 2803 3484 εἷναί
2851 3447 3016 3502 φησιν
3046 3432 3228 3495 αὐτὸς,
3262 3432 3440 3485 καίτοι
3489 3433 3777 3502 τεχθέντος

2183 3524 2270 3577 διὰ
2297 3523 2398 3593 τῆς
2428 3524 2588 3591 ἁγίας
2623 3523 2899 3594 Παρθένου
2934 3524 3030 3576 τοῦ
3073 3523 3364 3587 ἐνωθέντος
3397 3524 3546 3596 αὐτῷ
3586 3525 3777 3596 σώμα-

2181 3632 2307 3682 τος;
2351 3616 2485 3686 Οὐχὶ
2516 3615 2574 3668 δὲ
2622 3616 2716 3670 καὶ
2765 3618 3068 3687 ἀπρακτεῖν
3105 3615 3544 3688 ὁμολογήσαιμεν
3574 3616 3640 3672 ἂν
3673 3618 3775 3688 τὴν

2184 3707 2290 3762 ἀπὸ
2330 3706 2434 3775 γῆς
2484 3706 2662 3776 σάρκα
2720 3707 2856 3777 πρὸς
2897 3707 2959 3760 16
3008 3707 3268 3761 δύνασθαι
3312 3707 3614 3775 ζωοποιεῖν,
3649 3709 3777 3763 ὅσον

2181 3796 2316 3874 ἦκεν
2351 3801 2429 3863 είς
2468 3799 2605 3852 ίδίαν
2647 3799 2848 3869 φύσης

2255 3892 2316 3947 Β.
2372 3891 2615 3961 Ἀληθές.

2254 3987 2318 4040 Α.
2364 3985 2488 4049 Πῶς
2517 3981 2630 4050 οὖν,
2668 3986 2790 4040 είπέ
2834 4004 2941 4057 μοι,
2975 3984 3233 4050 ζωοποιὸς
3265 3987 3295 4056 ή
3335 3985 3503 4056 σάρξς
3546 3987 3616 4039 Ἢ
3653 3985 3774 4051 πῶς

2179 4078 2247 4133 ἂν
2273 4081 2444 4135 νοοῖτο
2473 4079 2569 4132 καὶ
2612 4077 2671 4144 ἐξ
2698 4079 2927 4152 οὐρανοῦ
2956 4078 3014 4132 τὸ
3038 4078 3146 4132 ἀπὸ
3175 4078 3273 4148 τῆς
3311 4079 3450 4149 γῆς;

2252 4261 2312 4315 Β.
2353 4260 2489 4314 Καθ’
2511 4259 2723 4324 ἕνωσιν,
2753 4255 2926 4328 οἶμαι,
2949 4259 3045 4328 τὴν
3076 4257 3212 4330 πρὸς
3245 4259 3334 4311 16v
3369 4255 3546 4322 ζῶντά
3584 4276 3642 4312 τε
3678 4261 3774 4316 καὶ

2178 4351 2469 4424 οὐρανόθεν
2515 4352 2706 4421 Λόγον.

2250 4444 2315 4500 Α.
2352 4442 2723 4515 Πεφρονηκὼς
2771 4442 2880 4495 ίσθι
2909 4442 2980 4496 τὰ
3014 4442 3134 4496 λίαν
3156 4441 3312 4515 ὀρθὰ.
3345 4441 3574 4505 καὶτοῖς
3606 4443 3774 4513 ἱεροῖς

2181 4535 2547 4606 συμϐαίνοντα
2590 4535 2788 4603 λόγοις.
2841 4532 2938 4603 Είη
2995 4533 3104 4602 γὰρ
3155 4534 3221 4588 ἂν
3271 4534 3369 4604 οὐχ
3417 4533 3638 4605 ἑτέρως,
3677 4536 3775 4588 καὶ

481 4622 695 4678 ratione
735 4623 1056 4692 divinitatis,
1087 4635 1300 4682 etcum
1352 4642 1457 4681 non
1511 4627 1720 4695 absque
1773 4640 1940 4680 carne
1992 4627 2072 4679 in-

2187 4627 2510 4699 Βημιουργὸς
2547 4625 2764 4691 θεῖκῶς,
2803 4627 2896 4678 καὶ
2929 4627 3017 4678 ὅτε
3051 4626 3124 4696 μὴ
3158 4625 3281 4695 δίχα
3327 4627 3499 4679 νοοῖτο
3547 4625 3772 4696 σαρκός.

481 4713 758 4783 telligitur.
793 4715 925 4770 Nam
949 4727 1001 4772 et
1045 4717 1258 4774 divinus
1293 4719 1487 4772 Paulus
1523 4735 1618 4788 pro
1664 4717 1763 4772 hac
1800 4717 2069 4772 sententia
2109 4787 2114 4792 .

479 4804 634 4870 facit,
687 4806 759 4860 ita
815 4808 1114 4864 scribens:
1192 4829 1210 4861 ι
1281 4808 1498 4865 Gratias
1563 4816 1786 4877 agentes
1849 4808 1958 4862 Deo
2007 4823 2072 4863 ac

480 4898 651 4961 Patri.
694 4900 783 4969 qui
811 4901 1001 4970 dignos
1048 4917 1146 4955 nos
1173 4901 1299 4956 fecit
1332 4903 1384 4956 in
1417 4910 1626 4971 partem
1657 4899 1819 4955 sortis
1857 4911 2072 4957 sancto-

481 5003 627 5052 rum,
660 4989 714 5043 in
746 4990 970 5046 lumine.
1001 4987 1103 5056 Qui
1135 4992 1335 5059 eripuit
1365 5007 1462 5044 nos
1499 4992 1564 5047 de
1607 5002 1883 5060 patestate
1917 5001 2070 5048 tene-

481 5082 728 5148 brarum,
795 5090 850 5136 et
903 5081 1182 5136 transtulit
1213 5083 1263 5136 in
1311 5097 1536 5152 rt‘gnum
1591 5083 1715 5138 Filii
1768 5086 2073 5142 dilectionis

478 5188 612 5228 sum.
671 5173 730 5228 ln
766 5189 873 5244 quo
914 5173 1174 5228 habemus
1205 5174 1651 5245 redemptionem,
1699 5185 1753 5232 et
1797 5178 2073 5233 remissio-

480 5281 602 5320 nem
658 5275 1010 5334 peccatorum
1054 5280 1068 5318 :
1107 5266 1197 5335 qui
1251 5275 1335 5322 est
1375 5268 1552 5338 imago
1612 5267 1706 5324 Dei
1757 5270 2069 5336 invisibilis,

481 5357 874 5427 primogenitus
923 5357 1099 5414 omnis
1159 5371 1441 5416 creaturae.
1499 5363 1768 5429 Quoniam
1824 5364 1876 5417 in
1952 5363 2070 5432 ipso

481 5449 700 5504 condita
730 5458 855 5502 sunt
890 5449 1163 5518 universa,
1193 5454 1244 5506 in
1280 5456 1431 5510 cmlis
1450 5465 1505 5508 et
1540 5457 1591 5508 in
1625 5466 1791 5522 terra,
1831 5454 2065 5509 visibilis

480 5548 538 5592 ct
574 5539 886 5606 invisibilia,
928 5542 1042 5597 sive
1070 5543 1293 5610 Throni,
1334 5549 1448 5602 sive
1484 5547 1914 5613 Dominationes,
1952 5546 2069 5602 sive

554 5735 1084 5813 sagatus-2,33.
1165 5749 1340 5805 ’ibid.
1375 5749 1580 5813 51,52.
1666 5749 1706 5780 ιο
1742 5747 1871 5802 uim.
1910 5728 2117 5808 51.53.
2199 5747 2393 5802 “Luc.
2431 5744 2586 5808 .,5i.

490 5821 564 5875 vi,
597 5808 684 5876 62,
709 5810 795 5867 65.

2182 4719 2534 4790 Συλλήπτορα
2565 4719 2621 4772 δὲ
2660 4717 2753 4771 τοῦ
2798 4717 2959 4785 λόγου
2995 4718 3292 4788 ποιήσομαι
3327 4718 3489 4771 πάλιν
3535 4718 3631 4770 ὡδὶ
3679 4736 3775 4787 γε-

2180 4814 2428 4884 γραφότα
2478 4811 2570 4865 τὸν
2617 4811 2904 4864 θεσπέσιον
2939 4809 3188 4863 Παῦλον
3231 4829 3250 4862 ι
3307 4811 3775 4881 Εὐχαριστοῦντες

2177 4905 2256 4976 τῷ
2289 4905 2406 4976 Θεῴ
2445 4905 2539 4959 καὶ
2568 4905 2766 4974 Πατρὶ,
2798 4890 2875 4974 τῷ
2911 4903 3237 4957 ἱκανώσαντι
3271 4906 3419 4974 ἡμᾶς
3445 4907 3524 4967 είς
3549 4903 3645 4976 τὴν
3676 4923 3774 4976 με·

2179 4997 2299 5070 ρίδα
2328 4997 2424 5050 τοῦ
2456 4997 2659 5068 κλήρου
2687 4995 2795 5048 τῶν
2827 4995 2996 5064 ἁγίων
3028 4997 3084 5048 ὲν
3112 4995 3191 5066 τῷ
3218 4998 3376 5066 φωτὶ,
3407 4997 3466 5059 ὃς
3497 4999 3772 5068 ἐρρύσατο

2173 5091 2326 5162 ἡμᾶς
2361 5091 2422 5142 ἐκ
2459 5091 2556 5159 τῆς
2600 5087 2849 5153 ἐξουσίας
2881 5086 2974 5139 τοῦ
3020 5087 3268 5151 σκότους,
3305 5089 3400 5140 καὶ
3434 5090 3770 5158 μετέστησεν

2176 5182 2257 5244 είς
2284 5180 2382 5250 τὴν
2413 5177 2692 5249 βασιλείαν
2725 5176 2820 5230 τοῦ
2867 5175 2997 5230 Υίοῦ
3031 5177 3129 5248 τῆς
3163 5178 3382 5248 ἀγάπης
3417 5178 3604 5242 αὑτοῦ,
3637 5181 3694 5232 ἐν

2175 5271 2373 5342 ἔχομεν
2401 5270 2499 5341 τὴν
2529 5268 2926 5340 ἀπολύτρωσιν,
2957 5267 3054 5341 τὴν
3084 5267 3277 5337 ἄφεσιν
3306 5270 3415 5323 τῶν
3456 5271 3769 5342 ἁμαρτιῶν,

2175 5364 2234 5426 ὃς
2269 5365 2414 5416 ἐστιν
2450 5361 2612 5414 εἰκὼν
2659 5361 2752 5413 τοῦ
2786 5359 2923 5413 Θεοῦ
2968 5359 3060 5412 τοῦ
3111 5360 3368 5431 ἀοράτου,
3424 5363 3771 5432 πρωτότοκος

2175 5456 2359 5524 πάσης
2402 5453 2655 5515 κτίσεως,
2691 5453 2775 5504 ὅτι
2808 5453 2866 5506 ἐν
2899 5451 3048 5523 αὐτῷ
3094 5453 3316 5523 ἐκτίσθη
3360 5452 3428 5505 τὰ
3465 5453 3663 5512 πάντα.
3698 5457 3769 5508 τά

2175 5561 2233 5598 τε
2281 5547 2337 5598 ἐν
2375 5547 2486 5606 τοῖς
2521 5545 2767 5614 οὐρανοῖς
2798 5545 2892 5599 καὶ
2925 5545 2990 5597 τὰ
3024 5545 3116 5597 ἐπὶ
3169 5545 3266 5616 τῆς
3314 5547 3436 5614 γῆς,
3471 5545 3542 5598 τὰ
3590 5547 3764 5615 ὁρατᾶ

2705 5741 2920 5798 "Joau.
2973 5759 3050 5811 ιιι,
3089 5745 3141 5811 9,
3185 5743 3270 5812 12,
3330 5745 3410 5799 l5.
3530 5743 3760 5829 "J_oau.
