4050 6428
325 402 468 459 1245

1437 401 1527 459 DE
1566 402 2076 461 lNCARNATlO-NE
2114 399 2488 460 UNIGENITI.

3465 393 3615 449 Hi6

324 525 422 578 καὶ
468 524 536 577 τὰ
584 521 812 594 ἀόρατα,
841 524 949 579 εἴτε
983 525 1197 597 Θρόνοι,
1236 525 1345 579 εἴτε
1397 526 1757 597 κυριότητες,
1808 527 1913 581 εἴτε

2022 525 2384 596 Principatus,
2422 522 2538 577 sive
2594 519 2924 578 Potestates,
2974 508 3165 566 omnia
3196 522 3295 581 per
3350 508 3606 580 ipsumet

321 614 540 686 ’Λρχαὶ,
562 616 672 669 εἴτε
685 614 976 684 Ἐξουσίαι,
1002 619 1072 672 τὰ
1102 618 1281 673 πάντα
1303 617 1371 672 δι’
1405 617 1569 672 αὑτοῦ
1596 621 1688 673 καὶ
1714 621 1793 684 είς
1818 620 1917 674 αὖ·

318 707 414 760 τὸν
440 707 710 773 ἔκτισται,
748 710 841 764 καὶ
892 710 1054 775 αὐτός
1094 711 1212 764 ἔστι
1259 710 1368 783 πρὸ
1414 712 1655 779 πάντων,
1707 711 1800 765 καὶ
1843 711 1915 765 τὰ

321 798 506 852 πάντα
533 799 590 852 ὲν
619 798 769 871 αὐτῷ
797 801 1115 872 συνέστηκε,
1145 802 1241 855 καὶ⁸
1269 801 1433 864 αὐτός
1461 802 1610 855 ἐστιν
1635 802 1669 872 ἡ
1702 799 1912 871 κεφαλὴ

318 890 418 944 τοῦ
454 889 708 963 σώματος
766 893 866 964 τῆς
907 893 1255 964 Ἐκκλησίας,
1289 894 1348 956 ὅς
1381 894 1530 947 ἐστιν
1562 893 1729 965 ἀρχὴ,
1757 910 1911 963 πρω-

316 982 543 1045 τότοκος
576 985 641 1037 ὲκ
669 983 778 1039 τῶν
812 984 1046 1055 νεκρῶν,
1080 985 1167 1039 ἴνα
1199 985 1424 1055 γένηται
1464 986 1521 1038 ὲν
1556 986 1721 1037 πᾶσιν
1750 983 1914 1046 αὐτὸς

320 1074 648 1145 πρωτεύων,
695 1076 778 1128 ὅτι
809 1076 866 1129 ὲν
900 1075 1048 1147 αὐτῷ
1082 1076 1353 1148 ηὐδόκησε
1402 1077 1508 1129 πᾶν
1534 1075 1596 1128 τὸ
1635 1076 1910 1146 πλήρωμα

318 1165 389 1219 δι’
423 1165 591 1219 αὐτοῦ
640 1170 987 1238 κατοικῆσαι,
1037 1167 1132 1221 καὶ
1164 1167 1231 1221 δι’
1259 1166 1424 1220 αὐτοῦ
1468 1164 1912 1230 ἀποκαταλλάξαι

319 1256 390 1311 τὰ
420 1257 597 1310 πάντα
631 1259 713 1322 είς
756 1258 939 1324 αὐτὸν,
974 1258 1393 1331 εἰρηνοποιήσας
1424 1257 1514 1311 διὰ
1552 1256 1646 1310 τοῦ
1678 1256 1909 1326 αἵματος

320 1347 417 1402 τοῦ
453 1348 688 1420 σταυροῦ
720 1348 908 1413 αὑτοῦ,
943 1350 1052 1403 εἴτε
1078 1349 1146 1403 τὰ
1179 1351 1271 1403 ἐπὶ
1297 1348 1397 1418 τῆς
1435 1348 1561 1418 γῆς,
1604 1346 1714 1400 εἴτε
1745 1345 1815 1399 τὰ
1851 1347 1909 1399 ὲν

316 1440 436 1502 τοῖς
464 1438 732 1508 οὐρανοῖς.
768 1459 788 1491 ι
836 1440 967 1493 Ἰδοὺ
998 1438 1062 1510 δὴ
1092 1439 1254 1494 πάλιν
1307 1438 1608 1507 ἀναφανδὸν
1639 1437 1706 1490 δι’
1740 1435 1906 1490 αὐτοῦ

320 1548 459 1600 φησι
511 1531 604 1583 καὶ
636 1531 715 1595 είς
741 1530 904 1584 αὑτὸν
934 1530 1177 1584 ἐκτίσθαι
1204 1530 1272 1584 τὰ
1301 1530 1479 1584 πάντα
1498 1545 1513 1559 ·
1546 1528 1639 1580 καὶ
1674 1526 1800 1598 μὴν,
1827 1526 1911 1579 ὅτι

317 1620 430 1689 πρὸ
472 1619 691 1673 πάντων
723 1621 861 1686 ἐστὶ,
905 1620 1001 1673 καὶ
1045 1621 1129 1673 ὅτι
1157 1620 1226 1675 τὰ
1258 1621 1435 1673 πάντα
1475 1619 1805 1687 συνέστηκεν
1850 1618 1910 1669 ὲν

318 1707 500 1780 αὐτῷ’
536 1711 630 1763 καὶ
659 1710 822 1763 αὑτὸν
846 1704 986 1764 εἶναι
1031 1727 1164 1780 φησι
1209 1709 1553 1780 πρωτότοκον
1583 1707 1650 1760 ἐκ
1677 1705 1907 1777 νεκρῶν,

317 1800 817 1871 είρηνοποιήσαντα
863 1800 952 1854 διὰ
1000 1800 1090 1854 τοῦ
1145 1800 1375 1872 αἵματος
1428 1797 1711 1865 αὐτοῦ,τά
1740 1813 1801 1850 τε
1848 1797 1906 1849 ὲν

2022 621 2078 673 in
2103 618 2222 687 ipso
2244 622 2429 671 creata
2461 620 2610 669 sunt.
2640 610 2708 667 Et
2736 609 2850 678 ipse
2883 617 2970 664 est
3002 614 3130 662 ante
3172 618 3383 668 omnes,
3406 610 3461 658 et
3483 615 3609 657 om-

2018 710 2109 765 nia
2167 709 2220 763 in
2276 707 2404 776 ipso
2434 711 2710 759 constant.
2742 700 2806 755 Et
2842 700 2955 768 ipse
3007 706 3092 753 est
3141 702 3305 764 caput
3357 690 3605 760 corporis

2014 795 2293 860 Ecclesiae,
2319 793 2408 863 qui
2437 802 2520 847 est
2545 788 2896 862 principium,
2920 786 3315 856 primogenitus
3349 780 3513 852 709
3530 794 3600 834 ea

2016 888 2273 951 mortuis,
2317 895 2377 939 ut
2401 885 2474 939 sit
2522 887 2575 937 in
2616 882 2868 938 omnibus
2907 882 3022 949 ipse
3057 878 3350 948 primatum
3382 883 3603 927 tenens.

2014 982 2149 1048 Quia
2176 980 2229 1034 in
2262 980 2378 1049 ipso
2397 975 2724 1046 complacuit
2747 987 2959 1027 omnem
2991 969 3378 1041 plenitudinem
3414 964 3605 1017 divini-

2014 1072 2144 1128 tatis
2175 1070 2500 1133 inhabitare,
2547 1077 2602 1122 et
2647 1081 2743 1136 per
2767 1078 2890 1118 eum
2940 1058 3277 1116 reconciliari
3318 1055 3500 1110 omnia
3545 1053 3604 1108 in

2014 1163 2151 1231 ipso,
2187 1159 2566 1231 paciﬁcantem
2616 1170 2716 1227 per
2770 1153 3086 1224 sanguinem
3117 1150 3295 1204 crucis
3336 1146 3454 1214 ejus
3489 1143 3606 1198 sive

2013 1267 2134 1322 qua:
2174 1252 2228 1306 in
2278 1248 2461 1314 terris,
2522 1248 2637 1302 sive
2696 1260 2817 1315 quae
2862 1242 3094 1298 iucmlis
3145 1248 3273 1294 sunt
3302 1237 3368 1290 “.
3408 1254 3428 1287 ι
3462 1233 3605 1289 Ecce

2013 1358 2173 1413 quam
2207 1349 2394 1411 aperte
2424 1340 2595 1407 dicat,
2616 1352 2713 1409 per
2742 1338 2919 1405 ipsum
2947 1342 3003 1388 et
3035 1333 3088 1386 in
3119 1332 3238 1398 ipso
3267 1336 3447 1383 creata
3482 1339 3605 1381 esse

2011 1435 2190 1491 Omnia
2224 1451 2238 1487 :
2265 1433 2516 1503 quodque
2537 1442 2663 1484 ante
2688 1441 2882 1484 omnes
2904 1425 2995 1490 sit,
3019 1431 3073 1478 et
3101 1422 3242 1491 quod
3261 1419 3441 1473 omnia
3474 1432 3605 1471 cono

2011 1532 2159 1581 stant
2193 1523 2246 1578 in
2276 1520 2717 1591 ipso.rPr:eterea
2763 1517 2895 1572 dicit
2924 1516 3095 1584 ipsum
3131 1525 3253 1566 esse
3272 1506 3602 1579 primogeni-

2013 1625 2123 1672 tum
2155 1630 2221 1670 ex
2263 1613 2515 1674 mortuis,
2548 1610 2805 1689 quodque
2835 1605 3141 1677 pacificarit
3174 1617 3270 1672 per
3287 1600 3603 1668 sanguinem

2012 1722 2169 1763 suum
2217 1701 2635 1775 quaecunquein
2664 1699 2819 1756 caelis
2857 1705 3006 1759 sunt,
3057 1702 3114 1749 et
3162 1703 3496 1762 quaecunque
3549 1689 3605 1741 in

2013 1798 2194 1853 terris.
2256 1795 2419 1865 Atqui
2468 1793 2591 1864 quis
2646 1800 2733 1847 est
2788 1788 3180 1861 primogenitus
3235 1798 3304 1839 ex
3348 1781 3601 1841 mortuis,

316 1895 434 1955 τοῖς
458 1891 728 1963 οὐρανοῖς,
763 1894 857 1947 καὶ
888 1893 957 1947 τὰ
988 1895 1079 1948 ἐπὶ
1102 1895 1201 1965 τῆς
1229 1894 1353 1964 γῆς.
1388 1889 1523 1947 Εἶτα
1546 1892 1630 1956 τίς
1660 1893 1689 1944 ό
1726 1892 1790 1944 ἐκ
1820 1905 1907 1944 ve-

2018 1889 2119 1945 nisi
2171 1887 2418 1944 Christus
2449 1884 2626 1949 Jesus,
2663 1883 2768 1938 hoc
2811 1889 2916 1946 est,
2977 1879 3213 1934 Verbum
3263 1876 3319 1930 in
3351 1887 3517 1928 carne
3549 1881 3607 1936 et

318 1981 472 2054 κρῶν
497 1984 864 2053 πρωτότοκος,
894 1986 945 2038 εί
972 1985 1048 2056 μὴ
1078 1984 1311 2057 Χριστὸς
1350 1981 1579 2055 Ἰησοῦς,
1607 1981 1906 2044 τουτέστιν,

316 2073 380 2126 ιν
416 2072 584 2143 σαρκὶ
615 2074 712 2126 καὶ
761 2073 900 2144 μετὰ
949 2073 1152 2146 σαρκὸς
1199 2075 1228 2127 ό
1259 2074 1466 2141 Λόγος;
1523 2070 1755 2142 Τεθναίη
1801 2069 1909 2142 γάρ

314 2163 387 2218 ἂν
414 2162 533 2218 οῦτι
562 2182 664 2218 που
689 2164 824 2229 Θεὸς
852 2164 926 2218 ὢν
953 2168 980 2218 ὁ
1008 2166 1198 2234 Λόγος,
1232 2165 1339 2219 οὐδ’
1364 2165 1429 2219 ἂν
1452 2166 1624 2219 νοοῖτο
1644 2162 1754 2216 τῶν
1776 2161 1911 2215 ὅλων

313 2255 656 2326 δημιουργὸς
694 2256 817 2310 καθ’
866 2258 1015 2328 ἡμᾶς
1055 2255 1132 2310 ὢν
1183 2256 1492 2328 ἄνθρωπος,
1540 2257 1588 2307 εἰ
1638 2253 1712 2326 μὴ
1759 2253 1912 2324 δεδη-

318 2346 629 2419 μιούργηκε
681 2348 783 2419 μὲν
830 2349 906 2413 ὼς
951 2349 1103 2413 Θεὸς.
1150 2349 1247 2402 καὶ
1298 2351 1346 2402 εί
1403 2348 1478 2418 μὴ
1525 2347 1648 2416 δίχα
1703 2345 1913 2417 σαρκὸς

312 2440 494 2494 νοοῖτο
530 2437 671 2510 μετὰ
702 2438 802 2511 τὴν
834 2439 1050 2494 ἕνωσιν.
1085 2439 1435 2511 Πρωτότοκος
1481 2439 1538 2493 δὲ
1582 2439 1676 2492 κοιλ¹
1715 2440 1781 2491 ὲκ
1822 2455 1912 2491 νε-

314 2527 492 2598 κρῶν,
543 2529 681 2583 καθὸ
719 2531 960 2601 πέφηνεν
1011 2530 1316 2602 ἄνθρωπος,
1372 2530 1474 2583 οὐκ
1523 2528 1814 2583 ἀτωῦαλὼν
1850 2529 1914 2582 τὸ

312 2615 460 2675 εῖναι
503 2620 660 2687 Θεὸς,
709 2621 796 2676 διὰ
825 2621 927 2693 τὴν
970 2622 1403 2694 ὲνανθρώπησιν.
1450 2621 1564 2675 Οἴει
1610 2637 1664 2674 τι
1715 2620 1915 2692 χρῆναι

314 2709 529 2775 τούτοις
560 2714 822 2785 ἐπιτιμᾷν
847 2730 862 2779 ;
1699 2731 1703 2737 -

388 2827 452 2882 Β.
494 2825 620 2881 Οὐδ’
653 2825 978 2882 ὁπωστιοῦν.

386 2942 453 2996 Α.
498 2939 656 3004 Ἴδοις
696 2940 742 2994 δ’
770 2939 836 2994 ἂν
866 2939 961 2994 καὶ
990 2938 1219 3011 ἑτέρωθι
1251 2939 1341 2994 διὰ
1382 2940 1491 2995 τῶν
1523 2938 1702 2994 αὐτῶν
1737 2939 1919 3003 ἰόντας

314 3033 493 3103 λόγων
521 3032 647 3097 τοὺς
676 3032 1173 3105 πνευματοφόρους.
1218 3033 1471 3102 Ἰωάννης
1503 3032 1601 3104 μὲν
1626 3034 1757 3104 γὰρ,
1787 3051 1804 3084 ι
1829 3033 1919 3086 Ἐν

316 3126 484 3197 ἀρχῇ,
517 3125 705 3196 φησιν,
738 3125 767 3177 ό
806 3124 980 3192 Λόγος
1009 3119 1098 3195 ἦν,
1137 3125 1231 3178 καὶ
1270 3125 1299 3177 ό
1339 3124 1512 3193 Λόγος
1558 3120 1626 3197 ἦν
1659 3124 1797 3195 πρὸς
1825 3123 1918 3176 τὸν

2010 1998 2132 2038 cum
2160 1979 2370 2036 carne?
2393 1977 2580 2047 Neque
2606 1976 2752 2032 enim
2801 1972 2940 2028 mori
2971 1979 3136 2040 queat
3167 1968 3308 2022 Deus
3335 1965 3605 2020 exsistens

2014 2072 2248 2128 Verbum
2287 2089 2300 2125 :
2338 2084 2513 2138 neque
2553 2073 2769 2122 creator
2796 2064 2963 2118 totius
3000 2058 3240 2115 uniVersi
3272 2054 3375 2111 dici
3430 2053 3605 2122 possit

1988 2162 2178 2217 ~homo
2206 2160 2372 2214 nostri
2404 2157 2619 2221 similis,
2654 2156 2755 2210 nisi
2779 2152 3049 2209 creaverit
3082 2148 3323 2220 quidem,
3353 2154 3411 2197 ut
3437 2142 3597 2207 Deus,
3660 2144 3665 2147 “

2015 2253 2231 2309 tametsi
2258 2267 2363 2307 non
2414 2250 2621 2319 absque
2642 2260 2805 2301 carne
2853 2243 3078 2313 intelligi
3109 2246 3303 2310 potest,
3329 2244 3451 2305 post
3477 2232 3603 2288 uni-

2015 2356 2202 2401 tatem.
2240 2341 2634 2411 Primogenitus
2658 2354 2787 2394 vero
2823 2352 2888 2394 ex
2943 2333 3173 2390 mortuis
3194 2338 3298 2394 est,
3334 2336 3604 2399 quatenus

2015 2435 2265 2505 apparuit
2285 2434 2469 2494 homo,
2502 2429 2715 2485 tametsi
2739 2435 2961 2497 propter
3005 2420 3439 2491 incarnationem
3493 2428 3602 2469 non

2015 2501 2234 2579 desierit
2271 2537 2393 2577 esse
2441 2519 2606 2577 Deus.
2666 2517 2962 2573 Videturne
3016 2510 3111 2567 tibi
3162 2506 3365 2578 aliquid
3415 2505 3467 2558 iu
3512 2501 3603 2558 his

2017 2611 2518 2682 reprehendendum
2547 2609 2569 2662 ‘E

2090 2817 2149 2871 Β.
2182 2814 2554 2885 Nequaquam.

2089 2931 2157 2986 A.
2195 2928 2304 2984 Sed
2336 2935 2393 2983 et
2424 2924 2550 2980 alibi
2574 2925 2678 2979 hoc
2708 2921 2882 2992 ipsum
2919 2925 3224 2973 asserentes
3274 2910 3459 2966 videas
3511 2891 3609 2965 eos

2020 3022 2111 3093 qui
2143 3021 2325 3076 divino
2375 3018 2579 3088 Spiritu
2626 3014 2789 3070 amati
2840 3011 3083 3067 fuerunt.
3133 3006 3371 3062 Joannes
3418 3002 3604 3058 enim:

2027 3130 2046 3164 ι
2089 3112 2143 3165 ln
2167 3109 2451 3181 principio,
2489 3107 2682 3176 inquit,
2705 3113 2824 3159 erat
2848 3100 3104 3162 Verbum,
3139 3107 3192 3151 et
3221 3094 3456 3149 Verbum
3488 3101 3608 3146 erat

315 3183 473 3283 θἐἓκῖ,
519 3183 615 3272 ἐωξὶ
648 3183 781 3280 Θεὸς
809 3212 877 3287 ἦν
896 3183 937 3269 ’ό
960 3183 1162 3284 Λόγος.
1210 3212 1380 3280 Οὗτος
1409 3183 1593 3288 ἧννὲν.
1613 3183 1754 3286 ἀργῇ
1779 3183 1913 3286 πρὸς

2023 3204 2162 3270 apud
2198 3201 2385 3262 Deum,
2447 3206 2502 3252 et
2546 3197 2686 3251 Dens
2729 3201 2849 3248 erat
2906 3190 3158 3245 Verbum.
3215 3185 3329 3240 lloc
3383 3191 3501 3238 erat
3550 3183 3605 3235 in

314 3309 411 3363 τὸν
446 3308 600 3362 Θεόν.
631 3308 816 3361 Πάντα
858 3305 925 3359 δι’
963 3305 1126 3359 αὐτοῦ
1157 3306 1394 3375 ἐγένετο,
1426 3306 1520 3358 καὶ
1548 3306 1716 3375 χωρὶς
1753 3301 1916 3356 αὐτοῦ

317 3399 537 3468 ἐγένετο
593 3397 715 3452 οὐδὲ
739 3396 818 3450 ἓν.
852 3415 872 3449 ι
905 3396 1116 3458 Παῦλος
1138 3394 1196 3447 δὲ
1223 3390 1315 3450 αῦ⁶
1351 3389 1474 3457 ιΕίς
1498 3393 1627 3457 Θεὸς
1650 3394 1678 3445 ὁ
1707 3391 1919 3463 Πατὴρ,

317 3491 379 3555 ἐξ
408 3484 468 3544 οῦ
504 3489 571 3543 τὰ
604 3489 782 3542 πάντα
804 3505 817 3518 ·
850 3484 931 3552 εἷς
968 3485 1172 3557 Κύριος
1217 3485 1423 3556 Ἰησοῦς
1458 3484 1711 3554 Χριστὸς,
1748 3483 1816 3536 δι’
1859 3474 1920 3534 οὗ

317 3586 389 3639 τὰ
424 3583 623 3637 πάντα.
653 3599 672 3634 ι
719 3582 862 3635 Ἀλλ’
890 3581 1048 3650 εἴπερ
1086 3575 1156 3651 ἦν
1196 3579 1258 3631 τὸ
1305 3577 1639 3649 μεσολαόοῦν
1686 3575 1826 3647 μετὰ
1859 3572 1923 3627 τὸ

319 3675 563 3749 ἡνῶσθαι
598 3674 762 3747 σαρκὶ
797 3675 888 3727 τὸν
934 3672 1120 3741 Λόγον,
1166 3670 1260 3725 καὶ
1290 3672 1370 3734 είς
1403 3669 1699 3741 ἑτερότητα
1746 3683 1919 3721 κατα-

319 3767 587 3840 διαιροῦν,
604 3765 703 3838 τὴν
727 3765 803 3830 ὡς
820 3765 953 3818 υἱῶν
977 3764 1144 3818 δυάδα
1165 3765 1328 3835 φημὶ,
1355 3762 1497 3816 κατὰ
1518 3762 1579 3816 τὸ
1603 3762 1685 3815 σοὶ
1703 3758 1916 3825 δοκοῦν,

324 3860 442 3926 πῶς
477 3860 543 3915 ἂν
572 3858 796 3928 ἐκτίσθη
824 3856 893 3910 τά
919 3858 1096 3912 πάντα
1118 3856 1207 3911 διὰ
1245 3854 1419 3926 Ἰησοῦ
1439 3853 1676 3925 Χριστοῦ
1702 3871 1718 3919 ;
1758 3851 1917 3906 nam

325 3953 434 4023 μὴν
465 3949 689 4021 ἐκτίσθη
724 3949 790 4003 δι’
835 3949 1002 4004 αὐτοῦ
1031 3948 1097 4002 τὰ
1146 3948 1347 4002 πάντα.
1382 3946 1659 4017 Πρόδηλον
1713 3939 1808 3998 οὖν
1835 3945 1918 3997 ὅτι

320 4045 390 4097 τὰ
423 4041 585 4113 φύσει
614 4058 672 4095 τε
701 4040 795 4094 καὶ
824 4039 1006 4102 ίδικῶς
1051 4038 1427 4108 ἐνυπάρχοντα
1470 4035 1551 4105 τῷ
1589 4037 1654 4088 ὲκ
1703 4034 1918 4105 Πατρδς

320 4134 436 4188 ὄντι
485 4135 668 4203 Λόγῳ,
714 4132 1011 4201 τετήρηται
1070 4129 1231 4183 πάλιν
1274 4127 1422 4197 αὐτῷ
1465 4128 1559 4180 καὶ
1599 4127 1687 4180 ὅτε
1726 4127 1915 4194 γέγονε

323 4226 485 4299 σάρξ.
522 4223 851 4294 Ἐπισφαλὲς
877 4217 969 4276 οῦν
997 4221 1127 4292 ἄρα,
1154 4220 1217 4273 τὸ
1244 4219 1555 4289 διατέμνειν
1576 4216 1911 4288 ἀποτολμᾷν.

322 4315 417 4384 Εἷς
442 4318 553 4391 γὰρ
584 4317 788 4389 Κύριος
848 4312 1055 4384 Ἰησοῦς
1092 4311 1346 4382 Χριστὸς,
1397 4311 1492 4365 καὶ
1533 4310 1600 4365 δι’
1632 4308 1798 4364 αὑτοῦ
1844 4307 1916 4363 τὰ

323 4412 502 4469 πάντα
535 4408 1008 4483 δεδημιούργηκεν
1035 4407 1063 4459 ὁ
1093 4406 1304 4476 Πατήρ.

391 4707 455 4762 B.
504 4701 746 4773 Ἀληθές.

389 4820 457 4873 Δ.
488 4817 648 4871 Ἐστι
693 4808 982 4882 τοιγαροῦν
1030 4808 1127 4863 καὶ
1175 4803 1529 4877 δημιουργὸς,
1571 4803 1790 4871 θεῖκῶς,
1820 4804 1913 4858 καὶ

319 4908 606 4980 ζωοποιδς,
650 4907 726 4969 ὡς
768 4902 903 4975 ζωὴ,
947 4900 1367 4974 ὲνανθρωπίνως
1417 4898 1474 4952 δὲ
1545 4893 1612 4951 αὖ
1661 4898 1755 4950 καὶ
1801 4897 1917 4960 τοῖς

315 5005 463 5076 ὑπὲρ
516 5001 803 5073 ἄνθρωπον
866 4994 1154 5066 ίδιώμασιν
1218 4993 1298 5056 είς
1348 4992 1407 5044 ἓν
1469 5009 1520 5045 τι
1584 4990 1646 5044 τὸ
1705 4988 1909 5061 μεταξὺ

323 5095 698 5165 συγκείμενος.
727 5090 971 5159 Μεσίτης
998 5087 1105 5158 γάρ
1133 5086 1248 5139 ὲστι
1285 5083 1421 5138 Θεοῦ
1449 5083 1543 5138 καὶ
1584 5081 1907 5154 ἀνθρώπων,

316 5187 464 5243 κατὰ
487 5184 587 5248 τὰς
622 5181 871 5254 Γραφὰς,
917 5178 1079 5249 φύσει
1124 5178 1225 5249 μὲν
1251 5176 1512 5248 ὑπάρχων
1540 5175 1693 5241 Θεὸς,
1726 5174 1819 5228 καὶ
1849 5173 1910 5226 οὐ

316 5280 445 5352 δίχα
479 5276 703 5351 σαρκὸς,
773 5273 1063 5346 ἄνθρωπος
1118 5271 1174 5325 δὲ
1221 5269 1457 5340 ἀληθῶς,
1506 5268 1599 5322 καὶ
1646 5268 1707 5321 οὐ
1756 5265 1912 5337 ψιλὸς

318 5372 446 5427 καθ’
478 5371 646 5441 ἡμᾶς,
706 5366 823 5421 ἀλλ’
882 5366 957 5418 ὢν
985 5366 1124 5435 ὅπερ
1165 5359 1253 5435 ἦν,
1291 5363 1387 5417 καὶ
1414 5363 1463 5414 εἰ
1510 5361 1708 5429 γέγονε
1754 5356 1912 5428 σάρξ.

315 5464 641 5534 Γέγραπται
702 5457 831 5529 γὰρ,
883 5457 966 5510 ὅτι
1007 5475 1025 5508 ι
1088 5453 1292 5526 Ἰησοῦς
1359 5452 1595 5526 Χριστὸς
1647 5449 1772 5522 χθὲς
1824 5449 1916 5500 καὶ

321 5555 582 5622 σήμερον,
624 5547 839 5610 ὁαὺτὸς
886 5544 983 5600 καὶ
1035 5546 1123 5608 ,είς
1181 5545 1307 5608 τοὺς
1361 5542 1585 5606 αἰῶνας.
1621 5559 1639 5588 ι
1669 5536 1746 5593 ἾΙ
1807 5539 1915 5608 γὰρ

316 5643 440 5714 οὐχὶ
487 5642 576 5696 διὰ
625 5641 724 5712 τῆς
780 5638 943 5707 ἁγίας
970 5637 1249 5708 Παρθένου
1286 5635 1538 5706 τετέχθαι
1584 5631 1914 5702 πιστεύομεν

2023 3291 2288 3362 principio
2313 3290 2455 3359 apud
2485 3289 2672 3342 Deum.
2698 3283 2893 3342 Omnia
2919 3297 3018 3351 per
3051 3280 3226 3350 ipsum
3261 3277 3403 3331 facta
3454 3282 3602 3336 sunt,

2023 3392 2078 3439 et
2120 3383 2243 3438 sine
2290 3382 2408 3451 ipso
2438 3380 2640 3435 factum
2697 3387 2782 3433 est
2832 3374 2968 3428 nihil
2995 3373 3061 3426 ".
3105 3390 3125 3424 ι
3169 3368 3368 3441 Paulus
3417 3379 3549 3420 vero
3587 3381 3604 3419 :

2028 3492 2047 3527 ι
2091 3473 2268 3540 Unus,
2326 3474 2524 3543 inquit,
2563 3472 2709 3527 Deus
2750 3471 2934 3534 Pater,
2975 3480 3042 3522 ex
3076 3478 3185 3534 quo
3207 3460 3430 3524 omnia;
3464 3469 3608 3510 unus

2022 3566 2282 3622 Dominus
2335 3564 2496 3621 Jesus
2551 3564 2827 3626 Christus,
2887 3575 2985 3631 per
3051 3570 3213 3627 quem
3269 3551 3452 3608 omnia
3476 3549 3543 3604 ¹⁶.
3579 3566 3604 3601 ι

2022 3662 2187 3731 Atqui
2209 3660 2254 3716 si
2286 3669 2406 3715 erat
2435 3656 2640 3728 aliquid
2661 3654 3015 3719 discriminis,
3046 3658 3330 3723 postquam
3360 3645 3599 3700 Verbum

2022 3754 2232 3810 unitum
2262 3761 2346 3809 est
2395 3751 2571 3816 carni,
2623 3747 2877 3819 quodque
2933 3744 3081 3800 illum
3132 3742 3185 3797 in
3234 3738 3606 3795 diversitatem

2021 3847 2313 3918 quamdam
2346 3844 2566 3907 dividat,
2591 3842 2667 3895 ita
2703 3849 2762 3892 ut
2788 3836 3101 3892 dualitatem
3135 3830 3426 3902 quamdam
3464 3828 3607 3881 tilio-

2021 3953 2138 3993 rum
2162 3936 2478 3998 constituat,
2527 3934 2666 3987 sicut
2691 3929 2786 3984 tibi
2819 3927 3031 3982 videtur
3063 3940 3077 3978 :
3115 3922 3385 3988 quomodo
3421 3918 3604 3972 omnia

2018 4039 2201 4085 creata
2232 4037 2355 4081 sunt
2398 4040 2496 4094 per
2540 4021 2723 4077 Jesum
2756 4017 3032 4073 Christum
3060 4014 3086 4068 ?
3108 4012 3271 4082 Atqui
3303 4007 3484 4064 omnia
3507 4021 3607 4076 per

2018 4121 2195 4192 ipsum
2224 4125 2407 4173 creata
2439 4123 2583 4169 sunt.
2608 4110 2951 4164 Manifestum
2986 4106 3149 4176 igitur
3178 4112 3261 4159 est
3293 4099 3436 4171 quod
3477 4112 3602 4167 qua:

2018 4189 2210 4269 natura
2241 4218 2295 4264 et
2327 4205 2675 4276 peculiariter
2729 4201 2913 4256 insunt
2968 4197 3143 4253 Verbo
3173 4194 3316 4265 quod
3344 4207 3411 4248 ex
3441 4189 3605 4245 Patre

2017 4303 2281 4376 procedit,
2311 4310 2530 4356 manent
2554 4299 2715 4353 etiam
2746 4296 2798 4350 in
2824 4294 2942 4363 ipso
2975 4305 3098 4347 cum
3120 4289 3321 4343 factum
3346 4294 3431 4340 est
3454 4299 3604 4340 caro.

2015 4397 2388 4454 Periculosum
2446 4396 2628 4463 itaque
2686 4397 2771 4446 est
2825 4388 2940 4443 haec
2974 4383 3162 4457 partiri
3208 4395 3273 4436 ac
3325 4391 3601 4447 separare.

2015 4491 2172 4551 Unus
2194 4489 2339 4544 enim
2373 4487 2636 4542 Dominus
2663 4481 2822 4538 Jesus
2857 4477 3127 4542 Christus,
3182 4484 3237 4529 et
3275 4485 3370 4543 per
3422 4467 3601 4537 ipsum

1946 4561 1993 4620 θ
2018 4583 2201 4642 omnia
2231 4581 2437 4637 creavit
2463 4578 2645 4634 Pater.

2090 4699 2152 4755 Β.
2182 4698 2258 4753 lta
2284 4704 2389 4753 est.

2091 4812 2158 4867 A.
2200 4809 2300 4866 Est
2351 4808 2518 4877 igitur
2555 4814 2611 4860 et
2653 4811 2890 4863 creator,
2926 4795 3229 4853 divinitatis
3286 4790 3607 4856 ratione;et

2020 4899 2324 4962 vivilicans,
2377 4905 2562 4966 utpote
2614 4893 2769 4947 vita:
2825 4888 3060 4943 humana
3125 4894 3305 4938 autem
3365 4879 3605 4935 vicissim

2022 4990 2255 5053 ratione,
2300 5003 2366 5042 ex
2398 4982 2821 5058 proprietatibus
2872 4993 2992 5049 qua:
3027 4975 3299 5032 hominem
3331 4970 3605 5026 excedunt

2021 5081 2074 5136 in
2115 5095 2280 5133 unum
2314 5076 2443 5145 quid
2484 5072 2863 5129 intermedium
2908 5065 3259 5135 compositus.
3340 5059 3606 5115 Mediator

2020 5169 2166 5222 enim
2201 5175 2286 5221 est
2313 5165 2404 5219 Dei
2438 5171 2492 5218 et
2516 5162 2818 5225 hominum,
2860 5157 3155 5213 secundum
3187 5151 3500 5220 Scripturas
3533 5147 3603 5214 ³⁷,

2021 5270 2212 5315 natura
2245 5256 2462 5329 quidem
2495 5253 2770 5308 exsistens
2794 5249 2956 5312 Deus,
2981 5256 3035 5302 et
3060 5260 3165 5300 non
3187 5242 3393 5310 alisque
3415 5253 3602 5300 carne,

2019 5352 2180 5407 homo
2215 5359 2395 5404 autem
2430 5360 2578 5412 vere,
2615 5358 2719 5399 non
2763 5341 2907 5396 nude
2954 5347 3118 5408 atque
3166 5332 3505 5402 simpliciter,
3542 5341 3607 5385 ut

2018 5459 2138 5508 nos,
2166 5441 2260 5497 sed
2288 5439 2558 5494 exsisteus
2602 5435 2654 5490 id
2685 5433 2828 5503 quod
2864 5442 3003 5496 erat,
3055 5425 3268 5481 etiamsi
3318 5423 3497 5477 factus
3534 5423 3606 5477 sit

2017 5550 2168 5591 caro.
2221 5533 2498 5603 Scriptum
2544 5536 2628 5584 est
2672 5529 2840 5589 enim,
2894 5521 3039 5594 quod
3081 5536 3101 5571 ι
3154 5516 3312 5573 Jesus
3352 5514 3606 5571 Christus

2020 5627 2131 5683 heri
2170 5635 2225 5681 et
2255 5623 2462 5688 hodie;
2491 5620 2633 5677 idem
2679 5618 2793 5690 ipse
2842 5626 2896 5671 et
2945 5611 3111 5684 710
3154 5611 3209 5666 in
3249 5608 3445 5666 saecula
3476 5606 3543 5662 ”.
3574 5621 3600 5663 τ

419 5844 670 5902 ‘Coloss.
705 5859 743 5904 ε,
784 5842 973 5897 12-20.
1057 5839 1274 5896 "Joau.
1309 5855 1346 5898 ι.
1389 5838 1501 5895 1—5.
1585 5840 1627 5871 ¹⁶
1654 5840 1668 5894 l
1699 5816 1822 5894 Cor.
1855 5853 1908 5888 γι

2018 5836 2087 5891 3..
2152 5834 2189 5868 ⁸⁷
2217 5832 2235 5889 ι
2268 5830 2408 5888 Tim.
2443 5846 2501 5891 ll,
2533 5827 2585 5881 5.
2669 5825 2710 5857 ’³
2738 5822 2901 5880 ιιοιπ.
2936 5834 3055 5907 sui,
3086 5816 3138 5877 8.
