  <div class='ocr_page' id='page_1' title='image "/cluster/home/n/w/nwhite01/storage/ocr_20150623/75:no.8/coo.31924054869767/631.png"; bbox 0 0 4050 6408; ppageno 0'>
   <div class='ocr_carea' id='block_1_1' title="bbox 452 367 586 422">
    <p class='ocr_par' dir='ltr' id='par_1_1' title="bbox 452 367 586 422">
     <span class='ocr_line' id='line_1_1' title="bbox 452 367 586 422; baseline -0.007 0"><span class='ocrx_word' id='word_1_1' title='bbox 452 367 586 422; x_wconf 65' lang='grc'><strong>1⁸247</strong></span> 
     </span>
    </p>
   </div>
   <div class='ocr_carea' id='block_1_2' title="bbox 1442 339 2682 418">
    <p class='ocr_par' dir='ltr' id='par_1_2' title="bbox 1442 339 2682 418">
     <span class='ocr_line' id='line_1_2' title="bbox 1442 339 2682 418; baseline -0.014 -7"><span class='ocrx_word' id='word_1_2' title='bbox 1442 357 1498 411; x_wconf 89' lang='lat' dir='ltr'><strong>S.</strong></span> <span class='ocrx_word' id='word_1_3' title='bbox 1540 351 1814 418; x_wconf 75' lang='lat' dir='ltr'><strong>CYRlLLl</strong></span> <span class='ocrx_word' id='word_1_4' title='bbox 1852 341 2319 406; x_wconf 79' lang='lat' dir='ltr'><strong>ALEXANDRINI</strong></span> <span class='ocrx_word' id='word_1_5' title='bbox 2358 339 2682 398; x_wconf 77' lang='lat' dir='ltr'><strong>ARCHIEP.</strong></span> 
     </span>
    </p>
   </div>
   <div class='ocr_carea' id='block_1_3' title="bbox 3568 318 3711 375">
    <p class='ocr_par' dir='ltr' id='par_1_3' title="bbox 3568 318 3711 375">
     <span class='ocr_line' id='line_1_3' title="bbox 3568 318 3711 375; baseline -0.021 0"><span class='ocrx_word' id='word_1_6' title='bbox 3568 318 3711 375; x_wconf 61' lang='lat'><strong>121$</strong></span> 
     </span>
    </p>
   </div>
   <div class='ocr_carea' id='block_1_4' title="bbox 451 439 2052 547">
    <p class='ocr_par' dir='ltr' id='par_1_4' title="bbox 451 472 2025 547">
     <span class='ocr_line' id='line_1_4' title="bbox 451 472 2025 547; baseline -0.011 -6"><span class='ocrx_word' id='word_1_7' title='bbox 451 491 642 542; x_wconf 78' lang='lat' dir='ltr'><strong>Attnon</strong></span> <span class='ocrx_word' id='word_1_8' title='bbox 695 483 840 538; x_wconf 91' lang='lat' dir='ltr'><strong>enim</strong></span> <span class='ocrx_word' id='word_1_9' title='bbox 870 495 932 535; x_wconf 77' lang='lat' dir='ltr'><strong>ex</strong></span> <span class='ocrx_word' id='word_1_10' title='bbox 963 486 1146 534; x_wconf 87' lang='lat' dir='ltr'><strong>sancta</strong></span> <span class='ocrx_word' id='word_1_11' title='bbox 1181 476 1396 547; x_wconf 76' lang='lat' dir='ltr'><strong>Virgine</strong></span> <span class='ocrx_word' id='word_1_12' title='bbox 1425 484 1608 529; x_wconf 88' lang='lat' dir='ltr'><strong>natum</strong></span> <span class='ocrx_word' id='word_1_13' title='bbox 1660 473 1930 528; x_wconf 85' lang='lat' dir='ltr'><strong>credimus</strong></span> <span class='ocrx_word' id='word_1_14' title='bbox 1973 472 2025 525; x_wconf 92' lang='lat' dir='ltr'><strong>in</strong></span> 
     </span>
    </p>
   </div>
   <div class='ocr_carea' id='block_1_5' title="bbox 2155 439 3713 547">
    <p class='ocr_par' dir='ltr' id='par_1_5' title="bbox 2160 439 3713 535">
     <span class='ocr_line' id='line_1_5' title="bbox 2160 439 3713 535; baseline -0.021 -14"><span class='ocrx_word' id='word_1_15' title='bbox 2160 487 2188 521; x_wconf 91' lang='grc' dir='ltr'><strong>ν</strong></span> <span class='ocrx_word' id='word_1_16' title='bbox 2245 464 2494 535; x_wconf 74' lang='grc' dir='ltr'><strong>ἐσχάτοις</strong></span> <span class='ocrx_word' id='word_1_17' title='bbox 2542 460 2638 515; x_wconf 80' lang='grc' dir='ltr'><strong>τοῦ</strong></span> <span class='ocrx_word' id='word_1_18' title='bbox 2692 455 2883 519; x_wconf 78' lang='grc' dir='ltr'>αἰῶνος</span> <span class='ocrx_word' id='word_1_19' title='bbox 2944 450 3155 523; x_wconf 78' lang='grc' dir='ltr'>καιροῖς</span> <span class='ocrx_word' id='word_1_20' title='bbox 3201 447 3290 500; x_wconf 74' lang='grc' dir='ltr'><strong>τὸν</strong></span> <span class='ocrx_word' id='word_1_21' title='bbox 3333 439 3713 514; x_wconf 78' lang='grc' dir='ltr'>Ἐμμανουήλ;</span> 
     </span>
    </p>
   </div>
   <div class='ocr_carea' id='block_1_6' title="bbox 455 565 1743 638">
    <p class='ocr_par' dir='ltr' id='par_1_6' title="bbox 455 565 1743 638">
     <span class='ocr_line' id='line_1_6' title="bbox 455 565 1743 638; baseline -0.014 -4"><span class='ocrx_word' id='word_1_22' title='bbox 455 578 659 635; x_wconf 86' lang='lat' dir='ltr'><strong>ultimis</strong></span> <span class='ocrx_word' id='word_1_23' title='bbox 711 573 893 630; x_wconf 83' lang='lat' dir='ltr'><strong>saeculi</strong></span> <span class='ocrx_word' id='word_1_24' title='bbox 941 571 1273 638; x_wconf 91' lang='lat' dir='ltr'><strong>temporibus</strong></span> <span class='ocrx_word' id='word_1_25' title='bbox 1295 565 1743 622; x_wconf 84' lang='lat' dir='ltr'><strong>Entntanuelem?</strong></span> 
     </span>
    </p>
   </div>
   <div class='ocr_carea' id='block_1_7' title="bbox 523 656 2029 731">
    <p class='ocr_par' dir='ltr' id='par_1_7' title="bbox 523 656 2029 731">
     <span class='ocr_line' id='line_1_7' title="bbox 523 656 2029 731; baseline -0.009 -8"><span class='ocrx_word' id='word_1_26' title='bbox 523 669 586 723; x_wconf 85' lang='grc' dir='ltr'><strong>Β.</strong></span> <span class='ocrx_word' id='word_1_27' title='bbox 647 667 896 720; x_wconf 82' lang='lat' dir='ltr'><strong>Omnino.</strong></span> <span class='ocrx_word' id='word_1_28' title='bbox 946 662 1136 731; x_wconf 83' lang='lat' dir='ltr'><strong>Neque</strong></span> <span class='ocrx_word' id='word_1_29' title='bbox 1169 661 1312 716; x_wconf 87' lang='lat' dir='ltr'><strong>enim</strong></span> <span class='ocrx_word' id='word_1_30' title='bbox 1364 658 1536 714; x_wconf 87' lang='lat' dir='ltr'><strong>sacris</strong></span> <span class='ocrx_word' id='word_1_31' title='bbox 1587 656 1888 728; x_wconf 86' lang='lat' dir='ltr'><strong>Scripturis</strong></span> <span class='ocrx_word' id='word_1_32' title='bbox 1942 671 2029 710; x_wconf 89' lang='lat' dir='ltr'><strong>re-</strong></span> 
     </span>
    </p>
   </div>
   <div class='ocr_carea' id='block_1_8' title="bbox 456 771 772 828">
    <p class='ocr_par' dir='ltr' id='par_1_8' title="bbox 456 771 772 828">
     <span class='ocr_line' id='line_1_8' title="bbox 456 771 772 828; baseline -0.016 -17"><span class='ocrx_word' id='word_1_33' title='bbox 456 771 772 828; x_wconf 75' lang='lat' dir='ltr'><strong>pugnamus.</strong></span> 
     </span>
    </p>
   </div>
   <div class='ocr_carea' id='block_1_9' title="bbox 525 835 2026 907">
    <p class='ocr_par' dir='ltr' id='par_1_9' title="bbox 525 835 2026 907">
     <span class='ocr_line' id='line_1_9' title="bbox 525 835 2026 907; baseline -0.009 -6"><span class='ocrx_word' id='word_1_34' title='bbox 525 848 590 901; x_wconf 88' lang='lat' dir='ltr'><strong>A.</strong></span> <span class='ocrx_word' id='word_1_35' title='bbox 617 847 683 900; x_wconf 87' lang='lat' dir='ltr'><strong>At</strong></span> <span class='ocrx_word' id='word_1_36' title='bbox 710 859 855 906; x_wconf 70' lang='lat' dir='ltr'><strong>vero,</strong></span> <span class='ocrx_word' id='word_1_37' title='bbox 882 843 966 896; x_wconf 89' lang='lat' dir='ltr'><strong>die</strong></span> <span class='ocrx_word' id='word_1_38' title='bbox 993 840 1146 907; x_wconf 90' lang='lat' dir='ltr'><strong>mihi,</strong></span> <span class='ocrx_word' id='word_1_39' title='bbox 1168 839 1359 904; x_wconf 86' lang='lat' dir='ltr'><strong>amice,</strong></span> <span class='ocrx_word' id='word_1_40' title='bbox 1394 837 1523 892; x_wconf 91' lang='lat' dir='ltr'><strong>illud</strong></span> <span class='ocrx_word' id='word_1_41' title='bbox 1555 856 1574 889; x_wconf 80' lang='grc' dir='ltr'><strong>ι</strong></span> <span class='ocrx_word' id='word_1_42' title='bbox 1607 838 1722 893; x_wconf 89' lang='lat' dir='ltr'><strong>heri</strong></span> <span class='ocrx_word' id='word_1_43' title='bbox 1740 846 1792 891; x_wconf 90' lang='lat' dir='ltr'><strong>et</strong></span> <span class='ocrx_word' id='word_1_44' title='bbox 1818 835 1978 890; x_wconf 84' lang='lat' dir='ltr'><strong>hodie</strong></span> <span class='ocrx_word' id='word_1_45' title='bbox 2007 853 2026 886; x_wconf 75' lang='grc' dir='ltr'><strong>ι</strong></span> 
     </span>
    </p>
   </div>
   <div class='ocr_carea' id='block_1_10' title="bbox 457 924 2034 1001">
    <p class='ocr_par' dir='ltr' id='par_1_10' title="bbox 457 924 2034 1001">
     <span class='ocr_line' id='line_1_10' title="bbox 457 924 2034 1001; baseline -0.005 -15"><span class='ocrx_word' id='word_1_46' title='bbox 457 948 634 987; x_wconf 83' lang='lat' dir='ltr'><strong>nonne</strong></span> <span class='ocrx_word' id='word_1_47' title='bbox 689 944 924 1001; x_wconf 80' lang='lat' dir='ltr'><strong>praesens</strong></span> <span class='ocrx_word' id='word_1_48' title='bbox 969 937 1024 982; x_wconf 89' lang='lat' dir='ltr'><strong>et</strong></span> <span class='ocrx_word' id='word_1_49' title='bbox 1073 930 1184 998; x_wconf 86' lang='lat' dir='ltr'><strong>jam</strong></span> <span class='ocrx_word' id='word_1_50' title='bbox 1222 927 1555 997; x_wconf 61' lang='lat' dir='ltr'><strong>praeteritum</strong></span> <span class='ocrx_word' id='word_1_51' title='bbox 1608 937 1819 995; x_wconf 89' lang='lat' dir='ltr'><strong>tempus</strong></span> <span class='ocrx_word' id='word_1_52' title='bbox 1869 924 2034 995; x_wconf 79' lang='lat' dir='ltr'><strong>signi-</strong></span> 
     </span>
    </p>
   </div>
   <div class='ocr_carea' id='block_1_11' title="bbox 459 1021 623 1077">
    <p class='ocr_par' dir='ltr' id='par_1_11' title="bbox 459 1021 623 1077">
     <span class='ocr_line' id='line_1_11' title="bbox 459 1021 623 1077; baseline -0.018 0"><span class='ocrx_word' id='word_1_53' title='bbox 459 1021 623 1077; x_wconf 77' lang='lat' dir='ltr'><strong>ﬂeat?</strong></span> 
     </span>
    </p>
   </div>
   <div class='ocr_carea' id='block_1_12' title="bbox 525 1113 711 1168">
    <p class='ocr_par' dir='ltr' id='par_1_12' title="bbox 525 1113 711 1168">
     <span class='ocr_line' id='line_1_12' title="bbox 525 1113 711 1168; baseline 0 0"><span class='ocrx_word' id='word_1_54' title='bbox 525 1115 585 1168; x_wconf 90' lang='lat' dir='ltr'><strong>B.</strong></span> <span class='ocrx_word' id='word_1_55' title='bbox 616 1113 711 1168; x_wconf 85' lang='lat' dir='ltr'><strong>Ita.</strong></span> 
     </span>
    </p>
   </div>
   <div class='ocr_carea' id='block_1_13' title="bbox 525 1199 2036 1273">
    <p class='ocr_par' dir='ltr' id='par_1_13' title="bbox 525 1199 2036 1273">
     <span class='ocr_line' id='line_1_13' title="bbox 525 1199 2036 1273; baseline -0.005 -13"><span class='ocrx_word' id='word_1_56' title='bbox 525 1206 590 1260; x_wconf 87' lang='lat' dir='ltr'><strong>A.</strong></span> <span class='ocrx_word' id='word_1_57' title='bbox 640 1205 922 1272; x_wconf 89' lang='lat' dir='ltr'><strong>Quomodo</strong></span> <span class='ocrx_word' id='word_1_58' title='bbox 976 1204 1143 1273; x_wconf 72' lang='lat' dir='ltr'><strong>igitur</strong></span> <span class='ocrx_word' id='word_1_59' title='bbox 1201 1201 1341 1256; x_wconf 88' lang='lat' dir='ltr'><strong>idem</strong></span> <span class='ocrx_word' id='word_1_60' title='bbox 1398 1201 1507 1256; x_wconf 89' lang='lat' dir='ltr'><strong>erit</strong></span> <span class='ocrx_word' id='word_1_61' title='bbox 1563 1215 1683 1254; x_wconf 90' lang='lat' dir='ltr'><strong>cum</strong></span> <span class='ocrx_word' id='word_1_62' title='bbox 1739 1199 2036 1268; x_wconf 85' lang='lat' dir='ltr'><strong>praeterito,</strong></span> 
     </span>
    </p>
   </div>
   <div class='ocr_carea' id='block_1_14' title="bbox 458 1290 1846 1350">
    <p class='ocr_par' dir='ltr' id='par_1_14' title="bbox 458 1290 1846 1350">
     <span class='ocr_line' id='line_1_14' title="bbox 458 1290 1846 1350; baseline -0.005 0"><span class='ocrx_word' id='word_1_63' title='bbox 458 1297 668 1350; x_wconf 77' lang='lat' dir='ltr'><strong>tametsi</strong></span> <span class='ocrx_word' id='word_1_64' title='bbox 692 1294 929 1349; x_wconf 90' lang='lat' dir='ltr'><strong>nondum</strong></span> <span class='ocrx_word' id='word_1_65' title='bbox 961 1294 1256 1348; x_wconf 90' lang='lat' dir='ltr'><strong>secundum</strong></span> <span class='ocrx_word' id='word_1_66' title='bbox 1296 1306 1512 1346; x_wconf 79' lang='lat' dir='ltr'><strong>carnem</strong></span> <span class='ocrx_word' id='word_1_67' title='bbox 1544 1300 1702 1345; x_wconf 88' lang='lat' dir='ltr'><strong>natus</strong></span> <span class='ocrx_word' id='word_1_68' title='bbox 1734 1290 1846 1345; x_wconf 89' lang='lat' dir='ltr'><strong>sit?</strong></span> 
     </span>
    </p>
   </div>
   <div class='ocr_carea' id='block_1_15' title="bbox 525 1378 2039 1448">
    <p class='ocr_par' dir='ltr' id='par_1_15' title="bbox 525 1378 2039 1448">
     <span class='ocr_line' id='line_1_15' title="bbox 525 1378 2039 1448; baseline -0.002 -13"><span class='ocrx_word' id='word_1_69' title='bbox 525 1381 589 1439; x_wconf 91' lang='lat' dir='ltr'><strong>B.</strong></span> <span class='ocrx_word' id='word_1_70' title='bbox 620 1380 754 1447; x_wconf 84' lang='lat' dir='ltr'><strong>Quia</strong></span> <span class='ocrx_word' id='word_1_71' title='bbox 780 1391 897 1436; x_wconf 88' lang='lat' dir='ltr'><strong>erat</strong></span> <span class='ocrx_word' id='word_1_72' title='bbox 927 1378 1166 1435; x_wconf 80' lang='lat' dir='ltr'><strong>Verbum</strong></span> <span class='ocrx_word' id='word_1_73' title='bbox 1206 1379 1366 1434; x_wconf 86' lang='lat' dir='ltr'><strong>etiam</strong></span> <span class='ocrx_word' id='word_1_74' title='bbox 1408 1379 1462 1433; x_wconf 92' lang='lat' dir='ltr'><strong>in</strong></span> <span class='ocrx_word' id='word_1_75' title='bbox 1490 1379 1778 1448; x_wconf 84' lang='lat' dir='ltr'><strong>principio,</strong></span> <span class='ocrx_word' id='word_1_76' title='bbox 1827 1387 1881 1433; x_wconf 90' lang='lat' dir='ltr'><strong>et</strong></span> <span class='ocrx_word' id='word_1_77' title='bbox 1916 1387 2039 1432; x_wconf 87' lang='lat' dir='ltr'><strong>tan-</strong></span> 
     </span>
    </p>
   </div>
   <div class='ocr_carea' id='block_1_16' title="bbox 2204 613 3699 704">
    <p class='ocr_par' dir='ltr' id='par_1_16' title="bbox 2204 613 3699 704">
     <span class='ocr_line' id='line_1_16' title="bbox 2204 613 3699 704; baseline -0.019 -12"><span class='ocrx_word' id='word_1_78' title='bbox 2204 641 2264 692; x_wconf 88' lang='lat' dir='ltr'><strong>B.</strong></span> <span class='ocrx_word' id='word_1_79' title='bbox 2297 637 2424 692; x_wconf 82' lang='grc' dir='ltr'>Ναί.</span> <span class='ocrx_word' id='word_1_80' title='bbox 2457 637 2588 698; x_wconf 86' lang='grc' dir='ltr'>Ταῖς</span> <span class='ocrx_word' id='word_1_81' title='bbox 2621 633 2728 704; x_wconf 77' lang='grc' dir='ltr'><strong>γάρ</strong></span> <span class='ocrx_word' id='word_1_82' title='bbox 2762 648 2843 683; x_wconf 87' lang='grc' dir='ltr'><strong>τοι</strong></span> <span class='ocrx_word' id='word_1_83' title='bbox 2875 627 3049 690; x_wconf 80' lang='grc' dir='ltr'>θείαις</span> <span class='ocrx_word' id='word_1_84' title='bbox 3088 624 3186 678; x_wconf 78' lang='grc' dir='ltr'><strong>οὑκ</strong></span> <span class='ocrx_word' id='word_1_85' title='bbox 3221 615 3552 689; x_wconf 82' lang='grc' dir='ltr'>ἀντεροῢμεν</span> <span class='ocrx_word' id='word_1_86' title='bbox 3573 613 3699 682; x_wconf 86' lang='grc' dir='ltr'>Γρα-</span> 
     </span>
    </p>
   </div>
   <div class='ocr_carea' id='block_1_17' title="bbox 2134 732 2278 799">
    <p class='ocr_par' dir='ltr' id='par_1_17' title="bbox 2134 732 2278 799">
     <span class='ocr_line' id='line_1_17' title="bbox 2134 732 2278 799; baseline 0.014 -18"><span class='ocrx_word' id='word_1_87' title='bbox 2134 732 2278 799; x_wconf 83' lang='grc' dir='ltr'>φαῖς.</span> 
     </span>
    </p>
   </div>
   <div class='ocr_carea' id='block_1_18' title="bbox 2203 795 3710 889">
    <p class='ocr_par' dir='ltr' id='par_1_18' title="bbox 2203 795 3710 889">
     <span class='ocr_line' id='line_1_18' title="bbox 2203 795 3710 889; baseline -0.017 -17"><span class='ocrx_word' id='word_1_88' title='bbox 2203 822 2269 872; x_wconf 89' lang='lat' dir='ltr'><strong>A.</strong></span> <span class='ocrx_word' id='word_1_89' title='bbox 2299 819 2370 872; x_wconf 73' lang='grc' dir='ltr'><strong>Τὸ</strong></span> <span class='ocrx_word' id='word_1_90' title='bbox 2399 819 2454 871; x_wconf 79' lang='grc' dir='ltr'><strong>δὲ</strong></span> <span class='ocrx_word' id='word_1_91' title='bbox 2484 817 2548 889; x_wconf 83' lang='grc' dir='ltr'><strong>δὴ</strong></span> <span class='ocrx_word' id='word_1_92' title='bbox 2582 817 2728 887; x_wconf 81' lang='grc' dir='ltr'>χθὲς,</span> <span class='ocrx_word' id='word_1_93' title='bbox 2775 813 2895 866; x_wconf 78' lang='grc' dir='ltr'>εἰπέ</span> <span class='ocrx_word' id='word_1_94' title='bbox 2929 829 3038 883; x_wconf 85' lang='grc' dir='ltr'>μοι,</span> <span class='ocrx_word' id='word_1_95' title='bbox 3085 807 3180 862; x_wconf 66' lang='grc' dir='ltr'><strong>καὶ</strong></span> <span class='ocrx_word' id='word_1_96' title='bbox 3224 806 3481 876; x_wconf 78' lang='grc' dir='ltr'><strong>τήμερον,</strong></span> <span class='ocrx_word' id='word_1_97' title='bbox 3525 795 3710 889; x_wconf 57' lang='grc' dir='ltr'>καιρόν</span> 
     </span>
    </p>
   </div>
   <div class='ocr_carea' id='block_1_19' title="bbox 2133 888 3720 984">
    <p class='ocr_par' dir='ltr' id='par_1_19' title="bbox 2133 888 3720 984">
     <span class='ocr_line' id='line_1_19' title="bbox 2133 888 3720 984; baseline -0.017 -18"><span class='ocrx_word' id='word_1_98' title='bbox 2133 916 2286 984; x_wconf 84' lang='grc' dir='ltr'>ἡμῖν,</span> <span class='ocrx_word' id='word_1_99' title='bbox 2323 905 2368 964; x_wconf 82' lang='grc' dir='ltr'><strong>ὧ</strong></span> <span class='ocrx_word' id='word_1_100' title='bbox 2399 888 2642 980; x_wconf 78' lang='grc' dir='ltr'>φιλότης,</span> <span class='ocrx_word' id='word_1_101' title='bbox 2671 909 2791 977; x_wconf 73' lang='grc' dir='ltr'>οὐχὶ</span> <span class='ocrx_word' id='word_1_102' title='bbox 2834 906 2923 958; x_wconf 76' lang='grc' dir='ltr'>τὸν</span> <span class='ocrx_word' id='word_1_103' title='bbox 2963 902 3292 971; x_wconf 80' lang='grc' dir='ltr'>ἐνεστήκοτα</span> <span class='ocrx_word' id='word_1_104' title='bbox 3331 895 3426 948; x_wconf 74' lang='grc' dir='ltr'>καὶ</span> <span class='ocrx_word' id='word_1_105' title='bbox 3472 891 3563 944; x_wconf 73' lang='grc' dir='ltr'><strong>τὸν</strong></span> <span class='ocrx_word' id='word_1_106' title='bbox 3612 888 3720 959; x_wconf 81' lang='grc' dir='ltr'>ήδη</span> 
     </span>
    </p>
   </div>
   <div class='ocr_carea' id='block_1_20' title="bbox 2137 995 3105 1076">
    <p class='ocr_par' dir='ltr' id='par_1_20' title="bbox 2137 995 3105 1076">
     <span class='ocr_line' id='line_1_20' title="bbox 2137 995 3105 1076; baseline -0.012 -18"><span class='ocrx_word' id='word_1_107' title='bbox 2137 1002 2505 1076; x_wconf 78' lang='grc' dir='ltr'><strong>παρῳχηκότα.</strong></span> <span class='ocrx_word' id='word_1_108' title='bbox 2533 999 2976 1070; x_wconf 84' lang='grc' dir='ltr'>κατασημήνειαν</span> <span class='ocrx_word' id='word_1_109' title='bbox 3005 995 3105 1058; x_wconf 63' lang='lat' dir='ltr'><strong>(tv;</strong></span> 
     </span>
    </p>
   </div>
   <div class='ocr_carea' id='block_1_21' title="bbox 2253 1094 2469 1150">
    <p class='ocr_par' dir='ltr' id='par_1_21' title="bbox 2253 1094 2469 1150">
     <span class='ocr_line' id='line_1_21' title="bbox 2253 1094 2469 1150; baseline -0.009 0"><span class='ocrx_word' id='word_1_110' title='bbox 2253 1137 2266 1150; x_wconf 94' lang='lat'><strong>.</strong></span> <span class='ocrx_word' id='word_1_111' title='bbox 2302 1094 2469 1150; x_wconf 77' lang='grc' dir='ltr'>Φημί.</span> 
     </span>
    </p>
   </div>
   <div class='ocr_carea' id='block_1_22' title="bbox 2206 1097 3714 1249">
    <p class='ocr_par' dir='ltr' id='par_1_22' title="bbox 2206 1097 3714 1249">
     <span class='ocr_line' id='line_1_22' title="bbox 2253 1097 2469 1150; baseline -0.014 0"><span class='ocrx_word' id='word_1_112' title='bbox 2253 1137 2266 1150; x_wconf 92' lang='grc'><strong>.</strong></span> <span class='ocrx_word' id='word_1_113' title='bbox 2302 1097 2376 1146; x_wconf 72' lang='grc' dir='ltr'>Φτ</span> <span class='ocrx_word' id='word_1_114' title='bbox 2431 1097 2469 1148; x_wconf 81' lang='grc' dir='ltr'><strong>ἱ.</strong></span> 
     </span>
     <span class='ocr_line' id='line_1_23' title="bbox 2206 1097 3714 1249; baseline -0.017 -7"><span class='ocrx_word' id='word_1_115' title='bbox 2206 1097 2273 1241; x_wconf 56' lang='grc' dir='ltr'><strong>ἓ.</strong></span> <span class='ocrx_word' id='word_1_116' title='bbox 2311 1112 2434 1248; x_wconf 61' lang='lat' dir='ltr'><strong>Udi:</strong></span> <span class='ocrx_word' id='word_1_117' title='bbox 2457 1179 2549 1238; x_wconf 75' lang='grc' dir='ltr'>οὖν</span> <span class='ocrx_word' id='word_1_118' title='bbox 2577 1185 2604 1237; x_wconf 99' lang='lat'><strong>6</strong></span> <span class='ocrx_word' id='word_1_119' title='bbox 2627 1181 2785 1244; x_wconf 75' lang='grc' dir='ltr'>αὐτὸς</span> <span class='ocrx_word' id='word_1_120' title='bbox 2807 1179 2893 1249; x_wconf 78' lang='grc' dir='ltr'><strong>εἴη</strong></span> <span class='ocrx_word' id='word_1_121' title='bbox 2924 1176 2990 1231; x_wconf 82' lang='grc' dir='ltr'>ἂν</span> <span class='ocrx_word' id='word_1_122' title='bbox 3019 1174 3098 1237; x_wconf 74' lang='grc' dir='ltr'><strong>εἷς</strong></span> <span class='ocrx_word' id='word_1_123' title='bbox 3128 1189 3191 1241; x_wconf 87' lang='grc' dir='ltr'><strong>γε</strong></span> <span class='ocrx_word' id='word_1_124' title='bbox 3219 1170 3308 1224; x_wconf 81' lang='grc' dir='ltr'><strong>τὸν</strong></span> <span class='ocrx_word' id='word_1_125' title='bbox 3325 1165 3714 1240; x_wconf 73' lang='grc' dir='ltr'><strong>παρῳχηκότα,</strong></span> 
     </span>
    </p>
   </div>
   <div class='ocr_carea' id='block_1_23' title="bbox 2137 1260 3507 1347">
    <p class='ocr_par' dir='ltr' id='par_1_23' title="bbox 2137 1260 3507 1347">
     <span class='ocr_line' id='line_1_24' title="bbox 2137 1260 3507 1347; baseline -0.016 -14"><span class='ocrx_word' id='word_1_126' title='bbox 2137 1279 2318 1333; x_wconf 85' lang='grc' dir='ltr'>καίτοι</span> <span class='ocrx_word' id='word_1_127' title='bbox 2341 1279 2553 1346; x_wconf 80' lang='grc' dir='ltr'>γένεσιν</span> <span class='ocrx_word' id='word_1_128' title='bbox 2579 1273 2730 1328; x_wconf 76' lang='grc' dir='ltr'>οὔπω</span> <span class='ocrx_word' id='word_1_129' title='bbox 2766 1271 2863 1347; x_wconf 77' lang='grc' dir='ltr'><strong>τὴν</strong></span> <span class='ocrx_word' id='word_1_130' title='bbox 2901 1266 3043 1322; x_wconf 80' lang='grc' dir='ltr'>κατὰ</span> <span class='ocrx_word' id='word_1_131' title='bbox 3079 1265 3258 1334; x_wconf 87' lang='grc' dir='ltr'>σάρκα</span> <span class='ocrx_word' id='word_1_132' title='bbox 3289 1260 3466 1315; x_wconf 82' lang='grc' dir='ltr'>λαϐὼν</span> <span class='ocrx_word' id='word_1_133' title='bbox 3493 1278 3507 1328; x_wconf 86' lang='grc'>;</span> 
     </span>
    </p>
   </div>
   <div class='ocr_carea' id='block_1_24' title="bbox 2207 1347 3722 1436">
    <p class='ocr_par' dir='ltr' id='par_1_24' title="bbox 2207 1347 3722 1436">
     <span class='ocr_line' id='line_1_25' title="bbox 2207 1347 3722 1436; baseline -0.015 -14"><span class='ocrx_word' id='word_1_134' title='bbox 2207 1370 2270 1422; x_wconf 89' lang='grc' dir='ltr'><strong>Β.</strong></span> <span class='ocrx_word' id='word_1_135' title='bbox 2299 1367 2422 1419; x_wconf 83' lang='grc' dir='ltr'><strong>Ὅτι</strong></span> <span class='ocrx_word' id='word_1_136' title='bbox 2446 1362 2514 1436; x_wconf 73' lang='grc' dir='ltr'>ἦν</span> <span class='ocrx_word' id='word_1_137' title='bbox 2535 1367 2561 1418; x_wconf 94' lang='lat'><strong>6</strong></span> <span class='ocrx_word' id='word_1_138' title='bbox 2587 1363 2756 1430; x_wconf 81' lang='grc' dir='ltr'><strong>Λόγος</strong></span> <span class='ocrx_word' id='word_1_139' title='bbox 2782 1358 2876 1415; x_wconf 70' lang='grc' dir='ltr'><strong>καὶ</strong></span> <span class='ocrx_word' id='word_1_140' title='bbox 2923 1361 2980 1411; x_wconf 81' lang='grc' dir='ltr'>ὲν</span> <span class='ocrx_word' id='word_1_141' title='bbox 3021 1358 3186 1426; x_wconf 82' lang='grc' dir='ltr'>ἀρχῇ,</span> <span class='ocrx_word' id='word_1_142' title='bbox 3223 1353 3315 1407; x_wconf 75' lang='grc' dir='ltr'><strong>καὶ</strong></span> <span class='ocrx_word' id='word_1_143' title='bbox 3347 1352 3422 1416; x_wconf 82' lang='grc' dir='ltr'>ὼς</span> <span class='ocrx_word' id='word_1_144' title='bbox 3459 1350 3517 1416; x_wconf 80' lang='grc' dir='ltr'>ἐξ</span> <span class='ocrx_word' id='word_1_145' title='bbox 3546 1347 3722 1404; x_wconf 75' lang='grc' dir='ltr'>άῖδίοιῖ</span> 
     </span>
    </p>
   </div>
   <div class='ocr_carea' id='block_1_25' title="bbox 456 1439 2052 1541">
    <p class='ocr_par' dir='ltr' id='par_1_25' title="bbox 456 1467 2038 1541">
     <span class='ocr_line' id='line_1_26' title="bbox 456 1467 2038 1541; baseline -0.001 -15"><span class='ocrx_word' id='word_1_146' title='bbox 456 1487 620 1541; x_wconf 81' lang='lat' dir='ltr'><strong>qualn</strong></span> <span class='ocrx_word' id='word_1_147' title='bbox 679 1487 746 1526; x_wconf 79' lang='lat' dir='ltr'><strong>ex</strong></span> <span class='ocrx_word' id='word_1_148' title='bbox 786 1481 992 1526; x_wconf 73' lang='lat' dir='ltr'><strong>aeterno</strong></span> <span class='ocrx_word' id='word_1_149' title='bbox 1044 1481 1211 1540; x_wconf 88' lang='lat' dir='ltr'><strong>atque</strong></span> <span class='ocrx_word' id='word_1_150' title='bbox 1261 1469 1582 1524; x_wconf 81' lang='lat' dir='ltr'><strong>immutabili</strong></span> <span class='ocrx_word' id='word_1_151' title='bbox 1627 1469 1736 1524; x_wconf 85' lang='lat' dir='ltr'><strong>Deo</strong></span> <span class='ocrx_word' id='word_1_152' title='bbox 1769 1485 1832 1522; x_wconf 87' lang='lat' dir='ltr'><strong>ac</strong></span> <span class='ocrx_word' id='word_1_153' title='bbox 1879 1467 2038 1524; x_wconf 85' lang='lat' dir='ltr'><strong>Patre</strong></span> 
     </span>
    </p>
   </div>
   <div class='ocr_carea' id='block_1_26' title="bbox 2155 1439 3720 1541">
    <p class='ocr_par' dir='ltr' id='par_1_26' title="bbox 2155 1439 3720 1530">
     <span class='ocr_line' id='line_1_27' title="bbox 2155 1439 3720 1530; baseline -0.015 -16"><span class='ocrx_word' id='word_1_154' title='bbox 2155 1461 2232 1514; x_wconf 68' lang='grc' dir='ltr'>(αἱ</span> <span class='ocrx_word' id='word_1_155' title='bbox 2257 1459 2527 1530; x_wconf 79' lang='grc' dir='ltr'>ἀτρέπτου</span> <span class='ocrx_word' id='word_1_156' title='bbox 2553 1452 2808 1524; x_wconf 81' lang='grc' dir='ltr'>πεφηνὼς</span> <span class='ocrx_word' id='word_1_157' title='bbox 2839 1449 2933 1504; x_wconf 77' lang='grc' dir='ltr'>τοῦ</span> <span class='ocrx_word' id='word_1_158' title='bbox 2957 1447 3090 1502; x_wconf 82' lang='grc' dir='ltr'>Θεοῦ</span> <span class='ocrx_word' id='word_1_159' title='bbox 3108 1447 3201 1499; x_wconf 73' lang='grc' dir='ltr'>καὶ</span> <span class='ocrx_word' id='word_1_160' title='bbox 3221 1443 3452 1514; x_wconf 81' lang='grc' dir='ltr'>Πατρὸς,</span> <span class='ocrx_word' id='word_1_161' title='bbox 3483 1441 3593 1511; x_wconf 76' lang='grc' dir='ltr'>ἔχει</span> <span class='ocrx_word' id='word_1_162' title='bbox 3623 1439 3720 1492; x_wconf 70' lang='grc' dir='ltr'><strong>καὶ</strong></span> 
     </span>
    </p>
   </div>
   <div class='ocr_carea' id='block_1_27' title="bbox 457 1561 2032 1633">
    <p class='ocr_par' dir='ltr' id='par_1_27' title="bbox 457 1561 2032 1633">
     <span class='ocr_line' id='line_1_28' title="bbox 457 1561 2032 1633; baseline -0.001 -16"><span class='ocrx_word' id='word_1_163' title='bbox 457 1564 778 1633; x_wconf 83' lang='lat' dir='ltr'><strong>procedens,</strong></span> <span class='ocrx_word' id='word_1_164' title='bbox 833 1563 1192 1617; x_wconf 59' lang='lat' dir='ltr'><strong>aeternitatem</strong></span> <span class='ocrx_word' id='word_1_165' title='bbox 1240 1576 1455 1632; x_wconf 90' lang='lat' dir='ltr'><strong>quoque</strong></span> <span class='ocrx_word' id='word_1_166' title='bbox 1485 1572 1644 1632; x_wconf 88' lang='lat' dir='ltr'><strong>atque</strong></span> <span class='ocrx_word' id='word_1_167' title='bbox 1676 1561 2032 1617; x_wconf 85' lang='lat' dir='ltr'><strong>immutabili-</strong></span> 
     </span>
    </p>
   </div>
   <div class='ocr_carea' id='block_1_28' title="bbox 459 1654 1013 1709">
    <p class='ocr_par' dir='ltr' id='par_1_28' title="bbox 459 1654 1013 1709">
     <span class='ocr_line' id='line_1_29' title="bbox 459 1654 1013 1709; baseline -0.004 -1"><span class='ocrx_word' id='word_1_168' title='bbox 459 1663 625 1709; x_wconf 88' lang='lat' dir='ltr'><strong>tatem</strong></span> <span class='ocrx_word' id='word_1_169' title='bbox 664 1655 715 1707; x_wconf 91' lang='lat' dir='ltr'><strong>in</strong></span> <span class='ocrx_word' id='word_1_170' title='bbox 744 1669 804 1708; x_wconf 90' lang='lat' dir='ltr'><strong>se</strong></span> <span class='ocrx_word' id='word_1_171' title='bbox 833 1654 1013 1708; x_wconf 88' lang='lat' dir='ltr'><strong>habet.</strong></span> 
     </span>
    </p>
   </div>
   <div class='ocr_carea' id='block_1_29' title="bbox 531 1745 2034 1812">
    <p class='ocr_par' dir='ltr' id='par_1_29' title="bbox 531 1745 2034 1812">
     <span class='ocr_line' id='line_1_30' title="bbox 531 1745 2034 1812; baseline -0.001 -12"><span class='ocrx_word' id='word_1_172' title='bbox 531 1748 596 1800; x_wconf 87' lang='lat' dir='ltr'><strong>A.</strong></span> <span class='ocrx_word' id='word_1_173' title='bbox 665 1746 850 1800; x_wconf 85' lang='lat' dir='ltr'><strong>Laudo</strong></span> <span class='ocrx_word' id='word_1_174' title='bbox 909 1754 1054 1799; x_wconf 80' lang='lat' dir='ltr'><strong>luant</strong></span> <span class='ocrx_word' id='word_1_175' title='bbox 1110 1747 1488 1812; x_wconf 87' lang='lat' dir='ltr'><strong>sententiam&#39;;</strong></span> <span class='ocrx_word' id='word_1_176' title='bbox 1535 1745 1835 1801; x_wconf 85' lang='lat' dir='ltr'><strong>rectissima</strong></span> <span class='ocrx_word' id='word_1_177' title='bbox 1891 1745 2034 1799; x_wconf 89' lang='lat' dir='ltr'><strong>enim</strong></span> 
     </span>
    </p>
   </div>
   <div class='ocr_carea' id='block_1_30' title="bbox 461 1835 1554 1893">
    <p class='ocr_par' dir='ltr' id='par_1_30' title="bbox 461 1835 1554 1893">
     <span class='ocr_line' id='line_1_31' title="bbox 461 1835 1554 1893; baseline 0 -1"><span class='ocrx_word' id='word_1_178' title='bbox 461 1847 564 1893; x_wconf 85' lang='lat' dir='ltr'><strong>est.</strong></span> <span class='ocrx_word' id='word_1_179' title='bbox 596 1835 862 1893; x_wconf 70' lang='lat' dir='ltr'><strong>Caeterum</strong></span> <span class='ocrx_word' id='word_1_180' title='bbox 893 1837 993 1892; x_wconf 85' lang='lat' dir='ltr'><strong>hoc</strong></span> <span class='ocrx_word' id='word_1_181' title='bbox 1020 1837 1183 1892; x_wconf 91' lang='lat' dir='ltr'><strong>etiam</strong></span> <span class='ocrx_word' id='word_1_182' title='bbox 1214 1837 1343 1891; x_wconf 90' lang='lat' dir='ltr'><strong>mihi</strong></span> <span class='ocrx_word' id='word_1_183' title='bbox 1381 1837 1554 1892; x_wconf 82' lang='lat' dir='ltr'><strong>dicas.</strong></span> 
     </span>
    </p>
   </div>
   <div class='ocr_carea' id='block_1_31' title="bbox 766 1955 794 1978">
    <p class='ocr_par' dir='ltr' id='par_1_31' title="bbox 766 1955 794 1978">
     <span class='ocr_line' id='line_1_32' title="bbox 766 1955 794 1978; baseline 0 0"><span class='ocrx_word' id='word_1_184' title='bbox 766 1955 794 1978; x_wconf 57' lang='grc' dir='ltr'><strong>Χ</strong></span> 
     </span>
    </p>
   </div>
   <div class='ocr_carea' id='block_1_32' title="bbox 532 2015 945 2081">
    <p class='ocr_par' dir='ltr' id='par_1_32' title="bbox 532 2015 945 2081">
     <span class='ocr_line' id='line_1_33' title="bbox 532 2015 945 2081; baseline 0 -12"><span class='ocrx_word' id='word_1_185' title='bbox 532 2015 594 2069; x_wconf 87' lang='grc' dir='ltr'><strong>Β.</strong></span> <span class='ocrx_word' id='word_1_186' title='bbox 629 2015 945 2081; x_wconf 87' lang='lat' dir='ltr'><strong>Quidnam?</strong></span> 
     </span>
    </p>
   </div>
   <div class='ocr_carea' id='block_1_33' title="bbox 532 2106 2040 2165">
    <p class='ocr_par' dir='ltr' id='par_1_33' title="bbox 532 2106 2040 2165">
     <span class='ocr_line' id='line_1_34' title="bbox 532 2106 2040 2165; baseline 0.001 -3"><span class='ocrx_word' id='word_1_187' title='bbox 532 2110 600 2162; x_wconf 88' lang='lat' dir='ltr'><strong>A.</strong></span> <span class='ocrx_word' id='word_1_188' title='bbox 651 2106 840 2162; x_wconf 78' lang='lat' dir='ltr'><strong>Nonne</strong></span> <span class='ocrx_word' id='word_1_189' title='bbox 898 2123 1088 2164; x_wconf 86' lang='lat' dir='ltr'><strong>recens</strong></span> <span class='ocrx_word' id='word_1_190' title='bbox 1135 2110 1422 2164; x_wconf 83' lang='lat' dir='ltr'><strong>admodum</strong></span> <span class='ocrx_word' id='word_1_191' title='bbox 1477 2119 1558 2164; x_wconf 87' lang='lat' dir='ltr'><strong>est</strong></span> <span class='ocrx_word' id='word_1_192' title='bbox 1624 2125 1819 2164; x_wconf 88' lang='lat' dir='ltr'><strong>nomen</strong></span> <span class='ocrx_word' id='word_1_193' title='bbox 1884 2109 2040 2165; x_wconf 83' lang='lat' dir='ltr'><strong>Jesns</strong></span> 
     </span>
    </p>
   </div>
   <div class='ocr_carea' id='block_1_34' title="bbox 462 2198 2041 2272">
    <p class='ocr_par' dir='ltr' id='par_1_34' title="bbox 462 2198 2041 2272">
     <span class='ocr_line' id='line_1_35' title="bbox 462 2198 2041 2272; baseline 0.001 -19"><span class='ocrx_word' id='word_1_194' title='bbox 462 2198 736 2265; x_wconf 78' lang='lat' dir='ltr'><strong>Christus,</strong></span> <span class='ocrx_word' id='word_1_195' title='bbox 785 2209 947 2268; x_wconf 88' lang='lat' dir='ltr'><strong>atque</strong></span> <span class='ocrx_word' id='word_1_196' title='bbox 998 2203 1114 2270; x_wconf 90' lang='lat' dir='ltr'><strong>ipso</strong></span> <span class='ocrx_word' id='word_1_197' title='bbox 1164 2201 1552 2256; x_wconf 87' lang='lat' dir='ltr'><strong>incarnationis</strong></span> <span class='ocrx_word' id='word_1_198' title='bbox 1594 2213 1832 2272; x_wconf 89' lang='lat' dir='ltr'><strong>tempore</strong></span> <span class='ocrx_word' id='word_1_199' title='bbox 1865 2202 2041 2256; x_wconf 76' lang='lat' dir='ltr'><strong>Verbo</strong></span> 
     </span>
    </p>
   </div>
   <div class='ocr_carea' id='block_1_35' title="bbox 466 2291 745 2346">
    <p class='ocr_par' dir='ltr' id='par_1_35' title="bbox 466 2291 745 2346">
     <span class='ocr_line' id='line_1_36' title="bbox 466 2291 745 2346; baseline -0.007 0"><span class='ocrx_word' id='word_1_200' title='bbox 466 2291 691 2346; x_wconf 89' lang='lat' dir='ltr'><strong>inditum</strong></span> <span class='ocrx_word' id='word_1_201' title='bbox 721 2291 745 2344; x_wconf 65' lang='grc' dir='ltr'>ἲ</span> 
     </span>
    </p>
   </div>
   <div class='ocr_carea' id='block_1_36' title="bbox 534 2371 2043 2454">
    <p class='ocr_par' dir='ltr' id='par_1_36' title="bbox 534 2371 2043 2454">
     <span class='ocr_line' id='line_1_37' title="bbox 534 2371 2043 2454; baseline 0.005 -19"><span class='ocrx_word' id='word_1_202' title='bbox 534 2381 596 2435; x_wconf 89' lang='grc' dir='ltr'><strong>Β.</strong></span> <span class='ocrx_word' id='word_1_203' title='bbox 659 2380 771 2436; x_wconf 81' lang='lat' dir='ltr'><strong>Hoc</strong></span> <span class='ocrx_word' id='word_1_204' title='bbox 828 2393 975 2438; x_wconf 83' lang='lat' dir='ltr'><strong>certe</strong></span> <span class='ocrx_word' id='word_1_205' title='bbox 1023 2384 1436 2454; x_wconf 89' lang='lat' dir='ltr'><strong>quamplurimis</strong></span> <span class='ocrx_word' id='word_1_206' title='bbox 1486 2371 1823 2454; x_wconf 81' lang='lat' dir='ltr'><strong>argumentis</strong></span> <span class='ocrx_word' id='word_1_207' title='bbox 1887 2387 2043 2442; x_wconf 86' lang='lat' dir='ltr'><strong>nobis</strong></span> 
     </span>
    </p>
   </div>
   <div class='ocr_carea' id='block_1_37' title="bbox 465 2483 887 2528">
    <p class='ocr_par' dir='ltr' id='par_1_37' title="bbox 465 2483 887 2528">
     <span class='ocr_line' id='line_1_38' title="bbox 465 2483 887 2528; baseline 0 0"><span class='ocrx_word' id='word_1_208' title='bbox 465 2483 683 2528; x_wconf 83' lang='lat' dir='ltr'><strong>ostensu</strong></span> <span class='ocrx_word' id='word_1_209' title='bbox 694 2490 741 2526; x_wconf 79' lang='lat' dir='ltr'><strong>Ill</strong></span> <span class='ocrx_word' id='word_1_210' title='bbox 783 2485 887 2528; x_wconf 89' lang='lat' dir='ltr'><strong>est.</strong></span> 
     </span>
    </p>
   </div>
   <div class='ocr_carea' id='block_1_38' title="bbox 535 2585 2047 2657">
    <p class='ocr_par' dir='ltr' id='par_1_38' title="bbox 535 2585 2047 2657">
     <span class='ocr_line' id='line_1_39' title="bbox 535 2585 2047 2657; baseline 0.005 -19"><span class='ocrx_word' id='word_1_211' title='bbox 535 2587 604 2642; x_wconf 86' lang='lat' dir='ltr'><strong>A.</strong></span> <span class='ocrx_word' id='word_1_212' title='bbox 653 2585 914 2656; x_wconf 80' lang='lat' dir='ltr'><strong>intelligis</strong></span> <span class='ocrx_word' id='word_1_213' title='bbox 979 2588 1163 2657; x_wconf 86' lang='lat' dir='ltr'><strong>itaque</strong></span> <span class='ocrx_word' id='word_1_214' title='bbox 1219 2589 1358 2657; x_wconf 91' lang='lat' dir='ltr'><strong>quod</strong></span> <span class='ocrx_word' id='word_1_215' title='bbox 1408 2589 1684 2645; x_wconf 90' lang='lat' dir='ltr'><strong>Christum</strong></span> <span class='ocrx_word' id='word_1_216' title='bbox 1737 2589 1944 2655; x_wconf 84' lang='lat' dir='ltr'><strong>Jesum,</strong></span> <span class='ocrx_word' id='word_1_217' title='bbox 1990 2601 2047 2646; x_wconf 88' lang='lat' dir='ltr'><strong>et</strong></span> 
     </span>
    </p>
   </div>
   <div class='ocr_carea' id='block_1_39' title="bbox 465 2678 2046 2748">
    <p class='ocr_par' dir='ltr' id='par_1_39' title="bbox 465 2678 2046 2748">
     <span class='ocr_line' id='line_1_40' title="bbox 465 2678 2046 2748; baseline 0.005 -17"><span class='ocrx_word' id='word_1_218' title='bbox 465 2695 572 2732; x_wconf 90' lang='lat' dir='ltr'><strong>non</strong></span> <span class='ocrx_word' id='word_1_219' title='bbox 609 2678 927 2748; x_wconf 85' lang='lat' dir='ltr'><strong>simpliciter</strong></span> <span class='ocrx_word' id='word_1_220' title='bbox 951 2678 1185 2734; x_wconf 80' lang='lat' dir='ltr'><strong>Verbum</strong></span> <span class='ocrx_word' id='word_1_221' title='bbox 1212 2681 1326 2734; x_wconf 85' lang='lat' dir='ltr'><strong>beri</strong></span> <span class='ocrx_word' id='word_1_222' title='bbox 1377 2689 1430 2736; x_wconf 91' lang='lat' dir='ltr'><strong>et</strong></span> <span class='ocrx_word' id='word_1_223' title='bbox 1468 2682 1627 2735; x_wconf 89' lang='lat' dir='ltr'><strong>hodie</strong></span> <span class='ocrx_word' id='word_1_224' title='bbox 1651 2684 1900 2738; x_wconf 89' lang='lat' dir='ltr'><strong>eumdem</strong></span> <span class='ocrx_word' id='word_1_225' title='bbox 1927 2697 2046 2738; x_wconf 90' lang='lat' dir='ltr'><strong>esse</strong></span> 
     </span>
    </p>
   </div>
   <div class='ocr_carea' id='block_1_40' title="bbox 467 2766 2049 2840">
    <p class='ocr_par' dir='ltr' id='par_1_40' title="bbox 467 2766 2049 2840">
     <span class='ocr_line' id='line_1_41' title="bbox 467 2766 2049 2840; baseline 0.003 -19"><span class='ocrx_word' id='word_1_226' title='bbox 467 2766 632 2831; x_wconf 90' lang='lat' dir='ltr'><strong>dicat,</strong></span> <span class='ocrx_word' id='word_1_227' title='bbox 668 2778 720 2822; x_wconf 91' lang='lat' dir='ltr'><strong>et</strong></span> <span class='ocrx_word' id='word_1_228' title='bbox 751 2769 802 2822; x_wconf 94' lang='lat' dir='ltr'><strong>in</strong></span> <span class='ocrx_word' id='word_1_229' title='bbox 839 2769 1055 2827; x_wconf 67' lang='lat' dir='ltr'><strong>saecula.</strong></span> <span class='ocrx_word' id='word_1_230' title='bbox 1094 2768 1211 2835; x_wconf 89' lang='lat' dir='ltr'><strong>Quo</strong></span> <span class='ocrx_word' id='word_1_231' title='bbox 1245 2779 1400 2840; x_wconf 90' lang='lat' dir='ltr'><strong>pacto</strong></span> <span class='ocrx_word' id='word_1_232' title='bbox 1433 2781 1610 2826; x_wconf 89' lang='lat' dir='ltr'><strong>autem</strong></span> <span class='ocrx_word' id='word_1_233' title='bbox 1670 2772 1742 2828; x_wconf 89' lang='lat' dir='ltr'><strong>sit</strong></span> <span class='ocrx_word' id='word_1_234' title='bbox 1796 2773 2049 2827; x_wconf 85' lang='lat' dir='ltr'><strong>immuta-</strong></span> 
     </span>
    </p>
   </div>
   <div class='ocr_carea' id='block_1_41' title="bbox 469 2856 2050 2933">
    <p class='ocr_par' dir='ltr' id='par_1_41' title="bbox 469 2856 2050 2933">
     <span class='ocr_line' id='line_1_42' title="bbox 469 2856 2050 2933; baseline 0.006 -22"><span class='ocrx_word' id='word_1_235' title='bbox 469 2856 617 2925; x_wconf 80' lang='lat' dir='ltr'><strong>bilis,</strong></span> <span class='ocrx_word' id='word_1_236' title='bbox 653 2868 704 2913; x_wconf 89' lang='lat' dir='ltr'><strong>et</strong></span> <span class='ocrx_word' id='word_1_237' title='bbox 734 2859 789 2914; x_wconf 88' lang='lat' dir='ltr'><strong>in</strong></span> <span class='ocrx_word' id='word_1_238' title='bbox 826 2861 1014 2916; x_wconf 86' lang='lat' dir='ltr'><strong>eodem</strong></span> <span class='ocrx_word' id='word_1_239' title='bbox 1038 2876 1250 2931; x_wconf 88' lang='lat' dir='ltr'><strong>semper</strong></span> <span class='ocrx_word' id='word_1_240' title='bbox 1281 2871 1423 2917; x_wconf 85' lang='lat' dir='ltr'><strong>statu</strong></span> <span class='ocrx_word' id='word_1_241' title='bbox 1474 2874 1787 2933; x_wconf 80' lang='lat' dir='ltr'><strong>permaneat</strong></span> <span class='ocrx_word' id='word_1_242' title='bbox 1817 2865 2050 2920; x_wconf 85' lang='lat' dir='ltr'><strong>hominis</strong></span> 
     </span>
    </p>
   </div>
   <div class='ocr_carea' id='block_1_42' title="bbox 471 2951 2048 3025">
    <p class='ocr_par' dir='ltr' id='par_1_42' title="bbox 471 2951 2048 3025">
     <span class='ocr_line' id='line_1_43' title="bbox 471 2951 2048 3025; baseline 0.005 -23"><span class='ocrx_word' id='word_1_243' title='bbox 471 2959 687 3015; x_wconf 86' lang='lat' dir='ltr'><strong>natura,</strong></span> <span class='ocrx_word' id='word_1_244' title='bbox 754 2965 875 3004; x_wconf 92' lang='lat' dir='ltr'><strong>eum</strong></span> <span class='ocrx_word' id='word_1_245' title='bbox 921 2951 1124 3020; x_wconf 86' lang='lat' dir='ltr'><strong>alioqui</strong></span> <span class='ocrx_word' id='word_1_246' title='bbox 1173 2963 1373 3008; x_wconf 89' lang='lat' dir='ltr'><strong>motum</strong></span> <span class='ocrx_word' id='word_1_247' title='bbox 1411 2955 1699 3023; x_wconf 87' lang='lat' dir='ltr'><strong>sustineat,</strong></span> <span class='ocrx_word' id='word_1_248' title='bbox 1751 2957 2048 3025; x_wconf 88' lang='lat' dir='ltr'><strong>etquidem</strong></span> 
     </span>
    </p>
   </div>
   <div class='ocr_carea' id='block_1_43' title="bbox 468 3038 2051 3110">
    <p class='ocr_par' dir='ltr' id='par_1_43' title="bbox 468 3038 2051 3110">
     <span class='ocr_line' id='line_1_44' title="bbox 468 3038 2051 3110; baseline 0.005 -21"><span class='ocrx_word' id='word_1_249' title='bbox 468 3052 580 3106; x_wconf 84' lang='lat' dir='ltr'><strong>prae</strong></span> <span class='ocrx_word' id='word_1_250' title='bbox 619 3038 739 3093; x_wconf 87' lang='lat' dir='ltr'><strong>aliis</strong></span> <span class='ocrx_word' id='word_1_251' title='bbox 766 3054 887 3093; x_wconf 91' lang='lat' dir='ltr'><strong>eum</strong></span> <span class='ocrx_word' id='word_1_252' title='bbox 918 3041 1008 3110; x_wconf 87' lang='lat' dir='ltr'><strong>qui</strong></span> <span class='ocrx_word' id='word_1_253' title='bbox 1042 3040 1101 3094; x_wconf 84' lang='lat' dir='ltr'><strong>lit</strong></span> <span class='ocrx_word' id='word_1_254' title='bbox 1127 3057 1155 3094; x_wconf 90' lang='lat' dir='ltr'><strong>a</strong></span> <span class='ocrx_word' id='word_1_255' title='bbox 1185 3057 1288 3095; x_wconf 91' lang='lat' dir='ltr'><strong>non</strong></span> <span class='ocrx_word' id='word_1_256' title='bbox 1317 3056 1438 3097; x_wconf 87' lang='lat' dir='ltr'><strong>esse</strong></span> <span class='ocrx_word' id='word_1_257' title='bbox 1480 3047 1546 3097; x_wconf 91' lang='lat' dir='ltr'><strong>ad</strong></span> <span class='ocrx_word' id='word_1_258' title='bbox 1581 3059 1703 3098; x_wconf 85' lang='lat' dir='ltr'><strong>esse</strong></span> <span class='ocrx_word' id='word_1_259' title='bbox 1730 3062 1793 3099; x_wconf 88' lang='lat' dir='ltr'><strong>ac</strong></span> <span class='ocrx_word' id='word_1_260' title='bbox 1816 3046 2000 3100; x_wconf 82' lang='lat' dir='ltr'><strong>vivere</strong></span> <span class='ocrx_word' id='word_1_261' title='bbox 2027 3043 2051 3097; x_wconf 90' lang='lat'><strong>?</strong></span> 
     </span>
    </p>
   </div>
   <div class='ocr_carea' id='block_1_44' title="bbox 2143 1535 3615 1616">
    <p class='ocr_par' dir='ltr' id='par_1_44' title="bbox 2143 1535 3615 1616">
     <span class='ocr_line' id='line_1_45' title="bbox 2143 1535 3615 1616; baseline -0.014 -12"><span class='ocrx_word' id='word_1_262' title='bbox 2143 1550 2304 1612; x_wconf 78' lang='grc' dir='ltr'>αὐτὸς</span> <span class='ocrx_word' id='word_1_263' title='bbox 2332 1549 2406 1612; x_wconf 83' lang='grc' dir='ltr'>ὡς</span> <span class='ocrx_word' id='word_1_264' title='bbox 2429 1549 2484 1600; x_wconf 81' lang='grc' dir='ltr'>ὲν</span> <span class='ocrx_word' id='word_1_265' title='bbox 2518 1546 2625 1616; x_wconf 65' lang='grc' dir='ltr'>ἰδίᾳ</span> <span class='ocrx_word' id='word_1_266' title='bbox 2650 1543 2809 1614; x_wconf 74' lang='grc' dir='ltr'>φύσει</span> <span class='ocrx_word' id='word_1_267' title='bbox 2840 1541 2899 1594; x_wconf 80' lang='grc' dir='ltr'><strong>τὸ</strong></span> <span class='ocrx_word' id='word_1_268' title='bbox 2916 1538 3084 1594; x_wconf 78' lang='grc' dir='ltr'>ἀΐδιόν</span> <span class='ocrx_word' id='word_1_269' title='bbox 3111 1554 3171 1590; x_wconf 86' lang='grc' dir='ltr'><strong>τε</strong></span> <span class='ocrx_word' id='word_1_270' title='bbox 3206 1535 3301 1589; x_wconf 75' lang='grc' dir='ltr'><strong>καὶ</strong></span> <span class='ocrx_word' id='word_1_271' title='bbox 3324 1535 3615 1605; x_wconf 78' lang='grc' dir='ltr'>ἄτρεπτον.</span> 
     </span>
    </p>
   </div>
   <div class='ocr_carea' id='block_1_45' title="bbox 2211 1726 3724 1812">
    <p class='ocr_par' dir='ltr' id='par_1_45' title="bbox 2211 1726 3724 1812">
     <span class='ocr_line' id='line_1_46' title="bbox 2211 1726 3724 1812; baseline -0.011 -11"><span class='ocrx_word' id='word_1_272' title='bbox 2211 1749 2276 1800; x_wconf 89' lang='lat' dir='ltr'><strong>A.</strong></span> <span class='ocrx_word' id='word_1_273' title='bbox 2324 1742 2561 1799; x_wconf 83' lang='grc' dir='ltr'>Ἐπαινῶ</span> <span class='ocrx_word' id='word_1_274' title='bbox 2601 1742 2701 1812; x_wconf 78' lang='grc' dir='ltr'><strong>τὴν</strong></span> <span class='ocrx_word' id='word_1_275' title='bbox 2746 1737 2923 1802; x_wconf 72' lang='grc' dir='ltr'><strong>δόξαν⁹</strong></span> <span class='ocrx_word' id='word_1_276' title='bbox 2976 1735 3090 1806; x_wconf 75' lang='grc' dir='ltr'>ἔχει</span> <span class='ocrx_word' id='word_1_277' title='bbox 3137 1735 3247 1805; x_wconf 83' lang='grc' dir='ltr'><strong>γὰρ</strong></span> <span class='ocrx_word' id='word_1_278' title='bbox 3278 1726 3404 1795; x_wconf 81' lang='grc' dir='ltr'>ὧδε,</span> <span class='ocrx_word' id='word_1_279' title='bbox 3457 1731 3551 1788; x_wconf 77' lang='grc' dir='ltr'>καὶ</span> <span class='ocrx_word' id='word_1_280' title='bbox 3601 1730 3724 1785; x_wconf 87' lang='grc' dir='ltr'>λίαν</span> 
     </span>
    </p>
   </div>
   <div class='ocr_carea' id='block_1_46' title="bbox 2067 1804 3736 1912">
    <p class='ocr_par' dir='ltr' id='par_1_46' title="bbox 2067 1804 3736 1912">
     <span class='ocr_line' id='line_1_47' title="bbox 2067 1804 3736 1912; baseline -0.01 -17"><span class='ocrx_word' id='word_1_281' title='bbox 2067 1804 2114 1863; x_wconf 75' lang='grc' dir='ltr'><strong>Β</strong></span> <span class='ocrx_word' id='word_1_282' title='bbox 2141 1839 2336 1912; x_wconf 81' lang='grc' dir='ltr'>ὀρθῶς·</span> <span class='ocrx_word' id='word_1_283' title='bbox 2375 1804 2820 1908; x_wconf 71' lang='grc' dir='ltr'>φιλοπευστοῦντι</span> <span class='ocrx_word' id='word_1_284' title='bbox 2859 1829 2904 1882; x_wconf 80' lang='grc' dir='ltr'><strong>δ’</strong></span> <span class='ocrx_word' id='word_1_285' title='bbox 2936 1804 3039 1882; x_wconf 70' lang='grc' dir='ltr'>οὖν</span> <span class='ocrx_word' id='word_1_286' title='bbox 3067 1804 3226 1898; x_wconf 84' lang='grc' dir='ltr'>ὅμως</span> <span class='ocrx_word' id='word_1_287' title='bbox 3273 1827 3508 1898; x_wconf 80' lang='grc' dir='ltr'><strong>φράσαις</strong></span> <span class='ocrx_word' id='word_1_288' title='bbox 3541 1825 3626 1890; x_wconf 81' lang='grc' dir='ltr'>ἄν,</span> <span class='ocrx_word' id='word_1_289' title='bbox 3677 1819 3736 1879; x_wconf 67' lang='grc' dir='ltr'>ὦ</span> 
     </span>
    </p>
   </div>
   <div class='ocr_carea' id='block_1_47' title="bbox 2143 1930 2338 2000">
    <p class='ocr_par' dir='ltr' id='par_1_47' title="bbox 2143 1930 2338 2000">
     <span class='ocr_line' id='line_1_48' title="bbox 2143 1930 2338 2000; baseline -0.01 -15"><span class='ocrx_word' id='word_1_290' title='bbox 2143 1930 2338 2000; x_wconf 81' lang='grc' dir='ltr'>ἀγαθέ.</span> 
     </span>
    </p>
   </div>
   <div class='ocr_carea' id='block_1_48' title="bbox 2215 2018 2496 2091">
    <p class='ocr_par' dir='ltr' id='par_1_48' title="bbox 2215 2018 2496 2091">
     <span class='ocr_line' id='line_1_49' title="bbox 2215 2018 2496 2091; baseline -0.004 -18"><span class='ocrx_word' id='word_1_291' title='bbox 2215 2021 2276 2073; x_wconf 89' lang='grc' dir='ltr'><strong>Β.</strong></span> <span class='ocrx_word' id='word_1_292' title='bbox 2309 2018 2381 2071; x_wconf 76' lang='grc' dir='ltr'><strong>τὸ</strong></span> <span class='ocrx_word' id='word_1_293' title='bbox 2408 2021 2496 2091; x_wconf 66' lang='grc' dir='ltr'>τίς</span> 
     </span>
    </p>
   </div>
   <div class='ocr_carea' id='block_1_49' title="bbox 2217 2099 3724 2179">
    <p class='ocr_par' dir='ltr' id='par_1_49' title="bbox 2217 2099 3724 2179">
     <span class='ocr_line' id='line_1_50' title="bbox 2217 2099 3724 2179; baseline -0.01 -14"><span class='ocrx_word' id='word_1_294' title='bbox 2217 2113 2280 2165; x_wconf 86' lang='lat' dir='ltr'><strong>A.</strong></span> <span class='ocrx_word' id='word_1_295' title='bbox 2307 2106 2382 2162; x_wconf 81' lang='grc' dir='ltr'><strong>Ἶι</strong></span> <span class='ocrx_word' id='word_1_296' title='bbox 2421 2108 2541 2179; x_wconf 72' lang='grc' dir='ltr'>οὐχὶ</span> <span class='ocrx_word' id='word_1_297' title='bbox 2578 2107 2844 2162; x_wconf 84' lang='grc' dir='ltr'><strong>νεώτατον</strong></span> <span class='ocrx_word' id='word_1_298' title='bbox 2883 2106 3099 2178; x_wconf 81' lang='grc' dir='ltr'>κομιδῇ,</span> <span class='ocrx_word' id='word_1_299' title='bbox 3144 2103 3238 2156; x_wconf 74' lang='grc' dir='ltr'>καὶ</span> <span class='ocrx_word' id='word_1_300' title='bbox 3275 2103 3387 2164; x_wconf 89' lang='grc' dir='ltr'>τοῖς</span> <span class='ocrx_word' id='word_1_301' title='bbox 3433 2100 3533 2168; x_wconf 81' lang='grc' dir='ltr'>τῆς</span> <span class='ocrx_word' id='word_1_302' title='bbox 3567 2099 3724 2152; x_wconf 73' lang='grc' dir='ltr'>ἐναν-</span> 
     </span>
    </p>
   </div>
   <div class='ocr_carea' id='block_1_50' title="bbox 2148 2190 3728 2276">
    <p class='ocr_par' dir='ltr' id='par_1_50' title="bbox 2148 2190 3728 2276">
     <span class='ocr_line' id='line_1_51' title="bbox 2148 2190 3728 2276; baseline -0.01 -18"><span class='ocrx_word' id='word_1_303' title='bbox 2148 2203 2484 2276; x_wconf 77' lang='grc' dir='ltr'>ορωπήσεως</span> <span class='ocrx_word' id='word_1_304' title='bbox 2515 2202 2725 2272; x_wconf 81' lang='grc' dir='ltr'><strong>χρόνοις</strong></span> <span class='ocrx_word' id='word_1_305' title='bbox 2752 2196 3189 2270; x_wconf 84' lang='grc' dir='ltr'>συνδεδραμήκδς</span> <span class='ocrx_word' id='word_1_306' title='bbox 3234 2195 3405 2270; x_wconf 81' lang='grc' dir='ltr'>όνομα</span> <span class='ocrx_word' id='word_1_307' title='bbox 3440 2191 3516 2262; x_wconf 80' lang='grc' dir='ltr'>τῷ</span> <span class='ocrx_word' id='word_1_308' title='bbox 3545 2190 3728 2260; x_wconf 81' lang='grc' dir='ltr'>Λόγῳ,</span> 
     </span>
    </p>
   </div>
   <div class='ocr_carea' id='block_1_51' title="bbox 2147 2293 2785 2365">
    <p class='ocr_par' dir='ltr' id='par_1_51' title="bbox 2147 2293 2785 2365">
     <span class='ocr_line' id='line_1_52' title="bbox 2147 2293 2785 2365; baseline -0.008 -16"><span class='ocrx_word' id='word_1_309' title='bbox 2147 2297 2231 2358; x_wconf 84' lang='grc' dir='ltr'><strong>τὸ,</strong></span> <span class='ocrx_word' id='word_1_310' title='bbox 2273 2293 2480 2365; x_wconf 84' lang='grc' dir='ltr'>Ἰησοῦς</span> <span class='ocrx_word' id='word_1_311' title='bbox 2515 2293 2749 2363; x_wconf 76' lang='grc' dir='ltr'>Χριστός</span> <span class='ocrx_word' id='word_1_312' title='bbox 2767 2308 2785 2358; x_wconf 87' lang='grc'>;</span> 
     </span>
    </p>
   </div>
   <div class='ocr_carea' id='block_1_52' title="bbox 2224 2372 3731 2455">
    <p class='ocr_par' dir='ltr' id='par_1_52' title="bbox 2224 2372 3731 2455">
     <span class='ocr_line' id='line_1_53' title="bbox 2224 2372 3731 2455; baseline -0.01 -17"><span class='ocrx_word' id='word_1_313' title='bbox 2224 2386 2280 2438; x_wconf 89' lang='grc' dir='ltr'><strong>Β.</strong></span> <span class='ocrx_word' id='word_1_314' title='bbox 2338 2385 2450 2438; x_wconf 71' lang='grc' dir='ltr'>Καὶ</span> <span class='ocrx_word' id='word_1_315' title='bbox 2513 2383 2619 2455; x_wconf 78' lang='grc' dir='ltr'>μὴν</span> <span class='ocrx_word' id='word_1_316' title='bbox 2703 2381 2862 2435; x_wconf 77' lang='grc' dir='ltr'>τοῦτο</span> <span class='ocrx_word' id='word_1_317' title='bbox 2925 2381 3056 2452; x_wconf 82' lang='grc' dir='ltr'>ἡμῖν</span> <span class='ocrx_word' id='word_1_318' title='bbox 3108 2375 3198 2430; x_wconf 83' lang='grc' dir='ltr'><strong>διὰ</strong></span> <span class='ocrx_word' id='word_1_319' title='bbox 3261 2373 3527 2428; x_wconf 78' lang='grc' dir='ltr'><strong>πλείστων</strong></span> <span class='ocrx_word' id='word_1_320' title='bbox 3588 2372 3731 2424; x_wconf 76' lang='grc' dir='ltr'>ὅσων</span> 
     </span>
    </p>
   </div>
   <div class='ocr_carea' id='block_1_53' title="bbox 2150 2476 2390 2547">
    <p class='ocr_par' dir='ltr' id='par_1_53' title="bbox 2150 2476 2390 2547">
     <span class='ocr_line' id='line_1_54' title="bbox 2150 2476 2390 2547; baseline 0 -17"><span class='ocrx_word' id='word_1_321' title='bbox 2150 2476 2390 2547; x_wconf 77' lang='grc' dir='ltr'>ἐδείχθη.</span> 
     </span>
    </p>
   </div>
   <div class='ocr_carea' id='block_1_54' title="bbox 2223 2580 3732 2656">
    <p class='ocr_par' dir='ltr' id='par_1_54' title="bbox 2223 2580 3732 2656">
     <span class='ocr_line' id='line_1_55' title="bbox 2223 2580 3732 2656; baseline -0.01 -12"><span class='ocrx_word' id='word_1_322' title='bbox 2223 2591 2290 2644; x_wconf 83' lang='grc' dir='ltr'><strong>Α.</strong></span> <span class='ocrx_word' id='word_1_323' title='bbox 2322 2589 2487 2653; x_wconf 82' lang='grc' dir='ltr'>Σύνες</span> <span class='ocrx_word' id='word_1_324' title='bbox 2517 2586 2630 2652; x_wconf 78' lang='grc' dir='ltr'>οὖν,</span> <span class='ocrx_word' id='word_1_325' title='bbox 2661 2589 2746 2642; x_wconf 83' lang='grc' dir='ltr'>ὅτι</span> <span class='ocrx_word' id='word_1_326' title='bbox 2773 2584 3009 2656; x_wconf 82' lang='grc' dir='ltr'>Χριστδν</span> <span class='ocrx_word' id='word_1_327' title='bbox 3051 2581 3259 2656; x_wconf 75' lang='grc' dir='ltr'>Ἰησοῦν</span> <span class='ocrx_word' id='word_1_328' title='bbox 3289 2580 3383 2635; x_wconf 73' lang='grc' dir='ltr'><strong>καὶ</strong></span> <span class='ocrx_word' id='word_1_329' title='bbox 3413 2580 3472 2632; x_wconf 80' lang='grc' dir='ltr'><strong>οὺ</strong></span> <span class='ocrx_word' id='word_1_330' title='bbox 3520 2594 3732 2648; x_wconf 83' lang='grc' dir='ltr'>μονοει-</span> 
     </span>
    </p>
   </div>
   <div class='ocr_carea' id='block_1_55' title="bbox 2152 2664 3735 2750">
    <p class='ocr_par' dir='ltr' id='par_1_55' title="bbox 2152 2664 3735 2750">
     <span class='ocr_line' id='line_1_56' title="bbox 2152 2664 3735 2750; baseline -0.011 -14"><span class='ocrx_word' id='word_1_331' title='bbox 2152 2682 2259 2746; x_wconf 85' lang='grc' dir='ltr'><strong>δῶς</strong></span> <span class='ocrx_word' id='word_1_332' title='bbox 2282 2680 2372 2736; x_wconf 83' lang='grc' dir='ltr'><strong>τὸν</strong></span> <span class='ocrx_word' id='word_1_333' title='bbox 2399 2680 2572 2750; x_wconf 82' lang='grc' dir='ltr'>Λόγον</span> <span class='ocrx_word' id='word_1_334' title='bbox 2603 2678 2730 2750; x_wconf 88' lang='grc' dir='ltr'>χθές</span> <span class='ocrx_word' id='word_1_335' title='bbox 2781 2693 2842 2729; x_wconf 88' lang='grc' dir='ltr'><strong>τε</strong></span> <span class='ocrx_word' id='word_1_336' title='bbox 2879 2675 2976 2737; x_wconf 75' lang='grc' dir='ltr'>καὶ</span> <span class='ocrx_word' id='word_1_337' title='bbox 3013 2677 3255 2746; x_wconf 86' lang='grc' dir='ltr'>σήμερον</span> <span class='ocrx_word' id='word_1_338' title='bbox 3292 2671 3380 2725; x_wconf 85' lang='grc' dir='ltr'><strong>τὸν</strong></span> <span class='ocrx_word' id='word_1_339' title='bbox 3411 2668 3569 2724; x_wconf 83' lang='grc' dir='ltr'>αὑτὸν</span> <span class='ocrx_word' id='word_1_340' title='bbox 3593 2664 3735 2721; x_wconf 77' lang='grc' dir='ltr'>εἷναί</span> 
     </span>
    </p>
   </div>
   <div class='ocr_carea' id='block_1_56' title="bbox 2156 2760 3732 2849">
    <p class='ocr_par' dir='ltr' id='par_1_56' title="bbox 2156 2760 3732 2849">
     <span class='ocr_line' id='line_1_57' title="bbox 2156 2760 3732 2849; baseline -0.013 -17"><span class='ocrx_word' id='word_1_341' title='bbox 2156 2793 2310 2849; x_wconf 81' lang='grc' dir='ltr'>φησι,</span> <span class='ocrx_word' id='word_1_342' title='bbox 2339 2777 2432 2830; x_wconf 77' lang='grc' dir='ltr'>καὶ</span> <span class='ocrx_word' id='word_1_343' title='bbox 2457 2775 2540 2839; x_wconf 87' lang='grc' dir='ltr'><strong>είς</strong></span> <span class='ocrx_word' id='word_1_344' title='bbox 2569 2775 2695 2836; x_wconf 83' lang='grc' dir='ltr'>τοὺς</span> <span class='ocrx_word' id='word_1_345' title='bbox 2719 2770 2941 2834; x_wconf 80' lang='grc' dir='ltr'>αἰῶνας.</span> <span class='ocrx_word' id='word_1_346' title='bbox 2983 2768 3108 2832; x_wconf 80' lang='grc' dir='ltr'><strong>Πῶς</strong></span> <span class='ocrx_word' id='word_1_347' title='bbox 3137 2768 3180 2821; x_wconf 86' lang='grc' dir='ltr'><strong>δ’</strong></span> <span class='ocrx_word' id='word_1_348' title='bbox 3212 2765 3278 2820; x_wconf 81' lang='grc' dir='ltr'><strong>ἂν</strong></span> <span class='ocrx_word' id='word_1_349' title='bbox 3319 2764 3431 2836; x_wconf 77' lang='grc' dir='ltr'>ἔχοι</span> <span class='ocrx_word' id='word_1_350' title='bbox 3474 2762 3534 2816; x_wconf 85' lang='grc' dir='ltr'><strong>τὸ</strong></span> <span class='ocrx_word' id='word_1_351' title='bbox 3573 2760 3732 2832; x_wconf 79' lang='grc' dir='ltr'>ἄτρε-</span> 
     </span>
    </p>
   </div>
   <div class='ocr_carea' id='block_1_57' title="bbox 2157 2851 3736 2938">
    <p class='ocr_par' dir='ltr' id='par_1_57' title="bbox 2157 2851 3736 2938">
     <span class='ocr_line' id='line_1_58' title="bbox 2157 2851 3736 2938; baseline -0.012 -15"><span class='ocrx_word' id='word_1_352' title='bbox 2157 2869 2292 2922; x_wconf 87' lang='grc' dir='ltr'>πτόν</span> <span class='ocrx_word' id='word_1_353' title='bbox 2315 2885 2376 2921; x_wconf 87' lang='grc' dir='ltr'><strong>τε</strong></span> <span class='ocrx_word' id='word_1_354' title='bbox 2407 2868 2503 2922; x_wconf 65' lang='grc' dir='ltr'><strong>κει.)⁸</strong></span> <span class='ocrx_word' id='word_1_355' title='bbox 2525 2866 2623 2938; x_wconf 77' lang='grc' dir='ltr'>τὴν</span> <span class='ocrx_word' id='word_1_356' title='bbox 2652 2867 2710 2918; x_wconf 83' lang='grc' dir='ltr'>ὲν</span> <span class='ocrx_word' id='word_1_357' title='bbox 2742 2865 3031 2933; x_wconf 83' lang='grc' dir='ltr'>ταυτότητι</span> <span class='ocrx_word' id='word_1_358' title='bbox 3060 2859 3323 2930; x_wconf 85' lang='grc' dir='ltr'>διαμονὴν</span> <span class='ocrx_word' id='word_1_359' title='bbox 3371 2859 3404 2927; x_wconf 80' lang='grc' dir='ltr'>ἡ</span> <span class='ocrx_word' id='word_1_360' title='bbox 3443 2851 3736 2925; x_wconf 69' lang='grc' dir='ltr'>ἀνθρώπου</span> 
     </span>
    </p>
   </div>
   <div class='ocr_carea' id='block_1_58' title="bbox 2160 2942 3736 3031">
    <p class='ocr_par' dir='ltr' id='par_1_58' title="bbox 2160 2942 3736 3031">
     <span class='ocr_line' id='line_1_59' title="bbox 2160 2942 3736 3031; baseline -0.013 -17"><span class='ocrx_word' id='word_1_361' title='bbox 2160 2961 2322 3031; x_wconf 87' lang='grc' dir='ltr'>φύσις</span> <span class='ocrx_word' id='word_1_362' title='bbox 2349 3003 2364 3028; x_wconf 86' lang='grc'><strong>,</strong></span> <span class='ocrx_word' id='word_1_363' title='bbox 2408 2955 2588 3012; x_wconf 85' lang='grc' dir='ltr'>καίτοι</span> <span class='ocrx_word' id='word_1_364' title='bbox 2624 2954 2837 3024; x_wconf 87' lang='grc' dir='ltr'>κίνησιν</span> <span class='ocrx_word' id='word_1_365' title='bbox 2873 2951 3239 3021; x_wconf 77' lang='grc' dir='ltr'>ὑπομένουσα,</span> <span class='ocrx_word' id='word_1_366' title='bbox 3283 2947 3376 3000; x_wconf 76' lang='grc' dir='ltr'>καὶ</span> <span class='ocrx_word' id='word_1_367' title='bbox 3411 2945 3517 3017; x_wconf 83' lang='grc' dir='ltr'><strong>πρό</strong></span> <span class='ocrx_word' id='word_1_368' title='bbox 3537 2960 3600 3014; x_wconf 80' lang='grc' dir='ltr'>γε</span> <span class='ocrx_word' id='word_1_369' title='bbox 3627 2942 3736 2996; x_wconf 83' lang='grc' dir='ltr'><strong>τῶν</strong></span> 
     </span>
    </p>
   </div>
   <div class='ocr_carea' id='block_1_59' title="bbox 2160 3036 3568 3121">
    <p class='ocr_par' dir='ltr' id='par_1_59' title="bbox 2160 3036 3568 3121">
     <span class='ocr_line' id='line_1_60' title="bbox 2160 3036 3568 3121; baseline -0.013 -14"><span class='ocrx_word' id='word_1_370' title='bbox 2160 3052 2390 3116; x_wconf 79' lang='grc' dir='ltr'>ἅλλλων,</span> <span class='ocrx_word' id='word_1_371' title='bbox 2418 3049 2516 3121; x_wconf 82' lang='grc' dir='ltr'>τὴν</span> <span class='ocrx_word' id='word_1_372' title='bbox 2545 3046 2605 3112; x_wconf 78' lang='grc' dir='ltr'>ἐξ</span> <span class='ocrx_word' id='word_1_373' title='bbox 2635 3047 2735 3100; x_wconf 79' lang='grc' dir='ltr'><strong>οὐκ</strong></span> <span class='ocrx_word' id='word_1_374' title='bbox 2763 3045 2932 3098; x_wconf 76' lang='grc' dir='ltr'>ὄντων</span> <span class='ocrx_word' id='word_1_375' title='bbox 2963 3045 3042 3106; x_wconf 83' lang='grc' dir='ltr'><strong>είς</strong></span> <span class='ocrx_word' id='word_1_376' title='bbox 3063 3042 3125 3095; x_wconf 81' lang='grc' dir='ltr'><strong>τὸ</strong></span> <span class='ocrx_word' id='word_1_377' title='bbox 3146 3036 3284 3093; x_wconf 75' lang='grc' dir='ltr'>εἶναι</span> <span class='ocrx_word' id='word_1_378' title='bbox 3313 3037 3408 3092; x_wconf 68' lang='grc' dir='ltr'><strong>καὶ</strong></span> <span class='ocrx_word' id='word_1_379' title='bbox 3430 3037 3527 3107; x_wconf 75' lang='grc' dir='ltr'><strong>ζῇν</strong></span> <span class='ocrx_word' id='word_1_380' title='bbox 3554 3054 3568 3102; x_wconf 89' lang='grc'><strong>;</strong></span> 
     </span>
    </p>
   </div>
   <div class='ocr_carea' id='block_1_60' title="bbox 541 3145 2052 3232">
    <p class='ocr_par' dir='ltr' id='par_1_60' title="bbox 541 3147 2050 3226">
     <span class='ocr_line' id='line_1_61' title="bbox 541 3147 2050 3226; baseline 0.006 -24"><span class='ocrx_word' id='word_1_381' title='bbox 541 3147 603 3202; x_wconf 87' lang='grc' dir='ltr'><strong>Β.</strong></span> <span class='ocrx_word' id='word_1_382' title='bbox 660 3147 948 3203; x_wconf 78' lang='lat' dir='ltr'><strong>Aberravit</strong></span> <span class='ocrx_word' id='word_1_383' title='bbox 989 3150 1166 3220; x_wconf 80' lang='lat' dir='ltr'><strong>itaque</strong></span> <span class='ocrx_word' id='word_1_384' title='bbox 1199 3167 1226 3204; x_wconf 91' lang='lat' dir='ltr'><strong>a</strong></span> <span class='ocrx_word' id='word_1_385' title='bbox 1266 3167 1394 3206; x_wconf 90' lang='lat' dir='ltr'><strong>vero</strong></span> <span class='ocrx_word' id='word_1_386' title='bbox 1443 3168 1597 3207; x_wconf 87' lang='lat' dir='ltr'><strong>sacra</strong></span> <span class='ocrx_word' id='word_1_387' title='bbox 1642 3153 1949 3226; x_wconf 84' lang='lat' dir='ltr'><strong>Scriptura,</strong></span> <span class='ocrx_word' id='word_1_388' title='bbox 1995 3165 2050 3214; x_wconf 91' lang='lat' dir='ltr'><strong>et</strong></span> 
     </span>
    </p>
   </div>
   <div class='ocr_carea' id='block_1_61' title="bbox 2155 3145 3736 3232">
    <p class='ocr_par' dir='ltr' id='par_1_61' title="bbox 2225 3145 3736 3232">
     <span class='ocr_line' id='line_1_62' title="bbox 2225 3145 3736 3232; baseline -0.012 -14"><span class='ocrx_word' id='word_1_389' title='bbox 2225 3167 2287 3218; x_wconf 87' lang='lat' dir='ltr'><strong>B.</strong></span> <span class='ocrx_word' id='word_1_390' title='bbox 2318 3162 2702 3232; x_wconf 83' lang='grc' dir='ltr'>Διημάρτηκεν</span> <span class='ocrx_word' id='word_1_391' title='bbox 2729 3151 2822 3210; x_wconf 81' lang='grc' dir='ltr'><strong>οὖν</strong></span> <span class='ocrx_word' id='word_1_392' title='bbox 2844 3156 2952 3224; x_wconf 80' lang='grc' dir='ltr'>ἄρα</span> <span class='ocrx_word' id='word_1_393' title='bbox 2969 3149 3234 3221; x_wconf 80' lang='grc' dir='ltr'>τάληθοῦς</span> <span class='ocrx_word' id='word_1_394' title='bbox 3253 3151 3384 3220; x_wconf 86' lang='grc' dir='ltr'>ἡμῖν</span> <span class='ocrx_word' id='word_1_395' title='bbox 3414 3148 3476 3202; x_wconf 81' lang='grc' dir='ltr'><strong>τὸ</strong></span> <span class='ocrx_word' id='word_1_396' title='bbox 3501 3145 3736 3217; x_wconf 76' lang='grc' dir='ltr'>ι’ράμμα</span> 
     </span>
    </p>
   </div>
   <div class='ocr_carea' id='block_1_62' title="bbox 470 3239 1723 3311">
    <p class='ocr_par' dir='ltr' id='par_1_62' title="bbox 470 3239 1723 3311">
     <span class='ocr_line' id='line_1_63' title="bbox 470 3239 1723 3311; baseline 0.006 -20"><span class='ocrx_word' id='word_1_397' title='bbox 470 3240 562 3310; x_wconf 78' lang='lat' dir='ltr'><strong>qui</strong></span> <span class='ocrx_word' id='word_1_398' title='bbox 599 3239 758 3294; x_wconf 86' lang='lat' dir='ltr'><strong>hodie</strong></span> <span class='ocrx_word' id='word_1_399' title='bbox 791 3250 1017 3304; x_wconf 86' lang='lat' dir='ltr'><strong>nonest,</strong></span> <span class='ocrx_word' id='word_1_400' title='bbox 1051 3243 1205 3311; x_wconf 88' lang='lat' dir='ltr'><strong>prius</strong></span> <span class='ocrx_word' id='word_1_401' title='bbox 1237 3244 1512 3298; x_wconf 82' lang='lat' dir='ltr'><strong>exstitisse</strong></span> <span class='ocrx_word' id='word_1_402' title='bbox 1544 3246 1674 3300; x_wconf 86' lang='lat' dir='ltr'><strong>dicit</strong></span> <span class='ocrx_word' id='word_1_403' title='bbox 1701 3245 1723 3298; x_wconf 89' lang='lat'><strong>?</strong></span> 
     </span>
    </p>
   </div>
   <div class='ocr_carea' id='block_1_63' title="bbox 537 3328 2049 3406">
    <p class='ocr_par' dir='ltr' id='par_1_63' title="bbox 537 3328 2049 3406">
     <span class='ocr_line' id='line_1_64' title="bbox 537 3328 2049 3406; baseline 0.005 -23"><span class='ocrx_word' id='word_1_404' title='bbox 537 3329 604 3384; x_wconf 85' lang='lat' dir='ltr'><strong>A.</strong></span> <span class='ocrx_word' id='word_1_405' title='bbox 640 3328 903 3398; x_wconf 84' lang='lat' dir='ltr'><strong>Equidem</strong></span> <span class='ocrx_word' id='word_1_406' title='bbox 945 3331 996 3385; x_wconf 89' lang='lat' dir='ltr'><strong>id</strong></span> <span class='ocrx_word' id='word_1_407' title='bbox 1029 3347 1367 3400; x_wconf 84' lang='lat' dir='ltr'><strong>nequaquam</strong></span> <span class='ocrx_word' id='word_1_408' title='bbox 1393 3333 1644 3388; x_wconf 76' lang='lat' dir='ltr'><strong>dixerim.</strong></span> <span class='ocrx_word' id='word_1_409' title='bbox 1694 3334 1875 3406; x_wconf 79' lang='lat' dir='ltr'><strong>Longe</strong></span> <span class='ocrx_word' id='word_1_410' title='bbox 1905 3337 2049 3392; x_wconf 88' lang='lat' dir='ltr'><strong>enim</strong></span> 
     </span>
    </p>
   </div>
   <div class='ocr_carea' id='block_1_64' title="bbox 470 3419 2054 3485">
    <p class='ocr_par' dir='ltr' id='par_1_64' title="bbox 470 3419 2054 3485">
     <span class='ocr_line' id='line_1_65' title="bbox 470 3419 2054 3485; baseline 0.007 -11"><span class='ocrx_word' id='word_1_411' title='bbox 470 3423 645 3476; x_wconf 83' lang='lat' dir='ltr'><strong>abest.</strong></span> <span class='ocrx_word' id='word_1_412' title='bbox 685 3419 811 3474; x_wconf 85' lang='lat' dir='ltr'><strong>Heri</strong></span> <span class='ocrx_word' id='word_1_413' title='bbox 843 3430 896 3475; x_wconf 89' lang='lat' dir='ltr'><strong>et</strong></span> <span class='ocrx_word' id='word_1_414' title='bbox 941 3423 1098 3476; x_wconf 91' lang='lat' dir='ltr'><strong>hodie</strong></span> <span class='ocrx_word' id='word_1_415' title='bbox 1135 3423 1298 3485; x_wconf 89' lang='lat' dir='ltr'><strong>idem,</strong></span> <span class='ocrx_word' id='word_1_416' title='bbox 1365 3425 1493 3478; x_wconf 90' lang='lat' dir='ltr'><strong>etin</strong></span> <span class='ocrx_word' id='word_1_417' title='bbox 1543 3427 1739 3480; x_wconf 65' lang='lat' dir='ltr'><strong>saecula</strong></span> <span class='ocrx_word' id='word_1_418' title='bbox 1802 3428 2054 3485; x_wconf 73' lang='lat' dir='ltr'><strong>Christus</strong></span> 
     </span>
    </p>
   </div>
   <div class='ocr_carea' id='block_1_65' title="bbox 471 3509 2055 3583">
    <p class='ocr_par' dir='ltr' id='par_1_65' title="bbox 471 3509 2055 3583">
     <span class='ocr_line' id='line_1_66' title="bbox 471 3509 2055 3583; baseline 0.003 -15"><span class='ocrx_word' id='word_1_419' title='bbox 471 3511 649 3568; x_wconf 77' lang='lat' dir='ltr'><strong>Jesus.</strong></span> <span class='ocrx_word' id='word_1_420' title='bbox 719 3509 882 3566; x_wconf 80' lang='lat' dir='ltr'><strong>Verbi</strong></span> <span class='ocrx_word' id='word_1_421' title='bbox 909 3522 1087 3568; x_wconf 88' lang='lat' dir='ltr'><strong>autem</strong></span> <span class='ocrx_word' id='word_1_422' title='bbox 1148 3515 1526 3583; x_wconf 88' lang='lat' dir='ltr'><strong>antiquitatem</strong></span> <span class='ocrx_word' id='word_1_423' title='bbox 1597 3527 1652 3571; x_wconf 89' lang='lat' dir='ltr'><strong>et</strong></span> <span class='ocrx_word' id='word_1_424' title='bbox 1710 3519 2055 3572; x_wconf 87' lang='lat' dir='ltr'><strong>immutabili-</strong></span> 
     </span>
    </p>
   </div>
   <div class='ocr_carea' id='block_1_66' title="bbox 475 3603 2056 3672">
    <p class='ocr_par' dir='ltr' id='par_1_66' title="bbox 475 3603 2056 3672">
     <span class='ocr_line' id='line_1_67' title="bbox 475 3603 2056 3672; baseline 0.004 -18"><span class='ocrx_word' id='word_1_425' title='bbox 475 3609 639 3655; x_wconf 85' lang='lat' dir='ltr'><strong>talem</strong></span> <span class='ocrx_word' id='word_1_426' title='bbox 684 3616 1022 3671; x_wconf 86' lang='lat' dir='ltr'><strong>nequaquam</strong></span> <span class='ocrx_word' id='word_1_427' title='bbox 1081 3603 1416 3672; x_wconf 79' lang='lat' dir='ltr'><strong>negaverim,</strong></span> <span class='ocrx_word' id='word_1_428' title='bbox 1475 3605 1688 3658; x_wconf 83' lang='lat' dir='ltr'><strong>tametsi</strong></span> <span class='ocrx_word' id='word_1_429' title='bbox 1731 3605 1929 3659; x_wconf 77' lang='lat' dir='ltr'><strong>factum</strong></span> <span class='ocrx_word' id='word_1_430' title='bbox 1983 3607 2056 3660; x_wconf 85' lang='lat' dir='ltr'><strong>sit</strong></span> 
     </span>
    </p>
   </div>
   <div class='ocr_carea' id='block_1_67' title="bbox 474 3694 2053 3762">
    <p class='ocr_par' dir='ltr' id='par_1_67' title="bbox 474 3694 2053 3762">
     <span class='ocr_line' id='line_1_68' title="bbox 474 3694 2053 3762; baseline 0.004 -16"><span class='ocrx_word' id='word_1_431' title='bbox 474 3707 604 3747; x_wconf 91' lang='lat' dir='ltr'><strong>caro</strong></span> <span class='ocrx_word' id='word_1_432' title='bbox 639 3700 734 3746; x_wconf 88' lang='lat' dir='ltr'><strong>:at</strong></span> <span class='ocrx_word' id='word_1_433' title='bbox 794 3694 978 3762; x_wconf 89' lang='lat' dir='ltr'><strong>p0tius</strong></span> <span class='ocrx_word' id='word_1_434' title='bbox 1039 3694 1344 3748; x_wconf 86' lang='lat' dir='ltr'><strong>censuerint</strong></span> <span class='ocrx_word' id='word_1_435' title='bbox 1391 3694 1598 3748; x_wconf 86' lang='lat' dir='ltr'><strong>ratione</strong></span> <span class='ocrx_word' id='word_1_436' title='bbox 1659 3697 1880 3751; x_wconf 83' lang='lat' dir='ltr'><strong>unitatis</strong></span> <span class='ocrx_word' id='word_1_437' title='bbox 1930 3714 2053 3752; x_wconf 91' lang='lat' dir='ltr'><strong>cum</strong></span> 
     </span>
    </p>
   </div>
   <div class='ocr_carea' id='block_1_68' title="bbox 473 3785 2056 3859">
    <p class='ocr_par' dir='ltr' id='par_1_68' title="bbox 473 3785 2056 3859">
     <span class='ocr_line' id='line_1_69' title="bbox 473 3785 2056 3859; baseline 0.003 -21"><span class='ocrx_word' id='word_1_438' title='bbox 473 3785 690 3855; x_wconf 89' lang='lat' dir='ltr'><strong>pr0pria</strong></span> <span class='ocrx_word' id='word_1_439' title='bbox 742 3801 836 3839; x_wconf 87' lang='lat' dir='ltr'><strong>sua</strong></span> <span class='ocrx_word' id='word_1_440' title='bbox 897 3800 1082 3851; x_wconf 86' lang='lat' dir='ltr'><strong>carne,</strong></span> <span class='ocrx_word' id='word_1_441' title='bbox 1139 3785 1385 3854; x_wconf 90' lang='lat' dir='ltr'><strong>eumqui</strong></span> <span class='ocrx_word' id='word_1_442' title='bbox 1443 3786 1558 3839; x_wconf 88' lang='lat' dir='ltr'><strong>heri</strong></span> <span class='ocrx_word' id='word_1_443' title='bbox 1599 3798 1738 3852; x_wconf 92' lang='lat' dir='ltr'><strong>erat,</strong></span> <span class='ocrx_word' id='word_1_444' title='bbox 1789 3797 2056 3859; x_wconf 87' lang='lat' dir='ltr'><strong>anteaque</strong></span> 
     </span>
    </p>
   </div>
   <div class='ocr_carea' id='block_1_69' title="bbox 475 3877 2056 3946">
    <p class='ocr_par' dir='ltr' id='par_1_69' title="bbox 475 3877 2056 3946">
     <span class='ocr_line' id='line_1_70' title="bbox 475 3877 2056 3946; baseline 0.004 -17"><span class='ocrx_word' id='word_1_445' title='bbox 475 3877 794 3944; x_wconf 62' lang='lat' dir='ltr'><strong>eisiSIebat,</strong></span> <span class='ocrx_word' id='word_1_446' title='bbox 855 3892 1043 3932; x_wconf 90' lang='lat' dir='ltr'><strong>rursus</strong></span> <span class='ocrx_word' id='word_1_447' title='bbox 1090 3877 1356 3932; x_wconf 88' lang='lat' dir='ltr'><strong>declarari</strong></span> <span class='ocrx_word' id='word_1_448' title='bbox 1424 3890 1584 3946; x_wconf 87' lang='lat' dir='ltr'><strong>atque</strong></span> <span class='ocrx_word' id='word_1_449' title='bbox 1635 3881 1843 3934; x_wconf 84' lang='lat' dir='ltr'><strong>ostendi</strong></span> <span class='ocrx_word' id='word_1_450' title='bbox 1896 3896 2056 3935; x_wconf 89' lang='lat' dir='ltr'><strong>eum-</strong></span> 
     </span>
    </p>
   </div>
   <div class='ocr_carea' id='block_1_70' title="bbox 475 3969 2058 4041">
    <p class='ocr_par' dir='ltr' id='par_1_70' title="bbox 475 3969 2058 4041">
     <span class='ocr_line' id='line_1_71' title="bbox 475 3969 2058 4041; baseline 0.005 -19"><span class='ocrx_word' id='word_1_451' title='bbox 475 3970 618 4024; x_wconf 90' lang='lat' dir='ltr'><strong>dem.</strong></span> <span class='ocrx_word' id='word_1_452' title='bbox 675 3969 885 4024; x_wconf 83' lang='lat' dir='ltr'><strong>Idcirco</strong></span> <span class='ocrx_word' id='word_1_453' title='bbox 936 3972 1166 4025; x_wconf 89' lang='lat' dir='ltr'><strong>oderant</strong></span> <span class='ocrx_word' id='word_1_454' title='bbox 1219 3972 1366 4025; x_wconf 91' lang='lat' dir='ltr'><strong>illum</strong></span> <span class='ocrx_word' id='word_1_455' title='bbox 1419 3981 1475 4027; x_wconf 89' lang='lat' dir='ltr'><strong>et</strong></span> <span class='ocrx_word' id='word_1_456' title='bbox 1513 3972 1779 4041; x_wconf 88' lang='lat' dir='ltr'><strong>lapidibus</strong></span> <span class='ocrx_word' id='word_1_457' title='bbox 1821 3973 2058 4030; x_wconf 90' lang='lat' dir='ltr'><strong>obruere</strong></span> 
     </span>
    </p>
   </div>
   <div class='ocr_carea' id='block_1_71' title="bbox 477 4061 2055 4132">
    <p class='ocr_par' dir='ltr' id='par_1_71' title="bbox 477 4061 2055 4132">
     <span class='ocr_line' id='line_1_72' title="bbox 477 4061 2055 4132; baseline 0.007 -19"><span class='ocrx_word' id='word_1_458' title='bbox 477 4061 725 4114; x_wconf 86' lang='lat' dir='ltr'><strong>volebant</strong></span> <span class='ocrx_word' id='word_1_459' title='bbox 749 4062 1024 4118; x_wconf 88' lang='lat' dir='ltr'><strong>dementes</strong></span> <span class='ocrx_word' id='word_1_460' title='bbox 1045 4061 1240 4126; x_wconf 75' lang='lat' dir='ltr'><strong>Jndzni,</strong></span> <span class='ocrx_word' id='word_1_461' title='bbox 1269 4063 1424 4118; x_wconf 78' lang='lat' dir='ltr'><strong>[idem</strong></span> <span class='ocrx_word' id='word_1_462' title='bbox 1453 4065 1553 4132; x_wconf 81' lang='lat' dir='ltr'><strong>ipsi</strong></span> <span class='ocrx_word' id='word_1_463' title='bbox 1586 4081 1688 4119; x_wconf 92' lang='lat' dir='ltr'><strong>non</strong></span> <span class='ocrx_word' id='word_1_464' title='bbox 1713 4066 2055 4124; x_wconf 81' lang='lat' dir='ltr'><strong>adhibentes.</strong></span> 
     </span>
    </p>
   </div>
   <div class='ocr_carea' id='block_1_72' title="bbox 477 4151 2056 4228">
    <p class='ocr_par' dir='ltr' id='par_1_72' title="bbox 477 4151 2056 4228">
     <span class='ocr_line' id='line_1_73' title="bbox 477 4151 2056 4228; baseline 0.004 -21"><span class='ocrx_word' id='word_1_465' title='bbox 477 4151 594 4207; x_wconf 81' lang='lat' dir='ltr'><strong>Hoc</strong></span> <span class='ocrx_word' id='word_1_466' title='bbox 623 4154 767 4207; x_wconf 89' lang='lat' dir='ltr'><strong>enim</strong></span> <span class='ocrx_word' id='word_1_467' title='bbox 802 4153 919 4209; x_wconf 92' lang='lat' dir='ltr'><strong>illos</strong></span> <span class='ocrx_word' id='word_1_468' title='bbox 954 4156 1212 4209; x_wconf 85' lang='lat' dir='ltr'><strong>attonitos</strong></span> <span class='ocrx_word' id='word_1_469' title='bbox 1264 4157 1498 4221; x_wconf 86' lang='lat' dir='ltr'><strong>tenebat,</strong></span> <span class='ocrx_word' id='word_1_470' title='bbox 1533 4159 1674 4227; x_wconf 85' lang='lat' dir='ltr'><strong>quod</strong></span> <span class='ocrx_word' id='word_1_471' title='bbox 1724 4173 1843 4211; x_wconf 89' lang='lat' dir='ltr'><strong>cum</strong></span> <span class='ocrx_word' id='word_1_472' title='bbox 1891 4174 2056 4228; x_wconf 88' lang='lat' dir='ltr'><strong>appa-</strong></span> 
     </span>
    </p>
   </div>
   <div class='ocr_carea' id='block_1_73' title="bbox 480 4245 2058 4316">
    <p class='ocr_par' dir='ltr' id='par_1_73' title="bbox 480 4245 2058 4316">
     <span class='ocr_line' id='line_1_74' title="bbox 480 4245 2058 4316; baseline 0.003 -18"><span class='ocrx_word' id='word_1_473' title='bbox 480 4254 629 4298; x_wconf 85' lang='lat' dir='ltr'><strong>reret</strong></span> <span class='ocrx_word' id='word_1_474' title='bbox 662 4245 825 4299; x_wconf 87' lang='lat' dir='ltr'><strong>homo</strong></span> <span class='ocrx_word' id='word_1_475' title='bbox 871 4249 1040 4302; x_wconf 84' lang='lat' dir='ltr'><strong>nostri</strong></span> <span class='ocrx_word' id='word_1_476' title='bbox 1085 4248 1301 4310; x_wconf 86' lang='lat' dir='ltr'><strong>similis,</strong></span> <span class='ocrx_word' id='word_1_477' title='bbox 1343 4248 1718 4316; x_wconf 89' lang='lat' dir='ltr'><strong>antiquitatem</strong></span> <span class='ocrx_word' id='word_1_478' title='bbox 1751 4249 1853 4302; x_wconf 87' lang='lat' dir='ltr'><strong>sibi</strong></span> <span class='ocrx_word' id='word_1_479' title='bbox 1891 4249 2058 4316; x_wconf 86' lang='lat' dir='ltr'><strong>majo-</strong></span> 
     </span>
    </p>
   </div>
   <div class='ocr_carea' id='block_1_74' title="bbox 483 4338 2060 4406">
    <p class='ocr_par' dir='ltr' id='par_1_74' title="bbox 483 4338 2060 4406">
     <span class='ocr_line' id='line_1_75' title="bbox 483 4338 2060 4406; baseline 0.003 -17"><span class='ocrx_word' id='word_1_480' title='bbox 483 4350 595 4389; x_wconf 89' lang='lat' dir='ltr'><strong>rem</strong></span> <span class='ocrx_word' id='word_1_481' title='bbox 631 4351 790 4406; x_wconf 88' lang='lat' dir='ltr'><strong>quam</strong></span> <span class='ocrx_word' id='word_1_482' title='bbox 817 4352 938 4406; x_wconf 86' lang='lat' dir='ltr'><strong>quae</strong></span> <span class='ocrx_word' id='word_1_483' title='bbox 968 4339 1018 4392; x_wconf 94' lang='lat' dir='ltr'><strong>in</strong></span> <span class='ocrx_word' id='word_1_484' title='bbox 1044 4339 1319 4394; x_wconf 88' lang='lat' dir='ltr'><strong>hominem</strong></span> <span class='ocrx_word' id='word_1_485' title='bbox 1362 4338 1508 4391; x_wconf 85' lang='lat' dir='ltr'><strong>cadit</strong></span> <span class='ocrx_word' id='word_1_486' title='bbox 1541 4347 1842 4406; x_wconf 81' lang='lat' dir='ltr'><strong>arrogaret,</strong></span> <span class='ocrx_word' id='word_1_487' title='bbox 1873 4340 2060 4395; x_wconf 89' lang='lat' dir='ltr'><strong>dicens</strong></span> 
     </span>
    </p>
   </div>
   <div class='ocr_carea' id='block_1_75' title="bbox 2152 3244 3593 3331">
    <p class='ocr_par' dir='ltr' id='par_1_75' title="bbox 2152 3244 3593 3331">
     <span class='ocr_line' id='line_1_76' title="bbox 2152 3244 3593 3331; baseline -0.015 -16"><span class='ocrx_word' id='word_1_488' title='bbox 2152 3261 2214 3316; x_wconf 74' lang='grc' dir='ltr'><strong>τὸ</strong></span> <span class='ocrx_word' id='word_1_489' title='bbox 2246 3259 2410 3331; x_wconf 81' lang='grc' dir='ltr'>ἱερὸν,</span> <span class='ocrx_word' id='word_1_490' title='bbox 2441 3254 2658 3311; x_wconf 70' lang='grc' dir='ltr'>καὶιτὸν</span> <span class='ocrx_word' id='word_1_491' title='bbox 2687 3253 2813 3324; x_wconf 80' lang='grc' dir='ltr'>χθὲς</span> <span class='ocrx_word' id='word_1_492' title='bbox 2836 3251 2936 3304; x_wconf 84' lang='grc' dir='ltr'>οὐκ</span> <span class='ocrx_word' id='word_1_493' title='bbox 2958 3249 3086 3303; x_wconf 75' lang='grc' dir='ltr'>ὄντα</span> <span class='ocrx_word' id='word_1_494' title='bbox 3115 3244 3362 3318; x_wconf 82' lang='grc' dir='ltr'>προεῖναι</span> <span class='ocrx_word' id='word_1_495' title='bbox 3394 3257 3593 3314; x_wconf 63' lang='lat' dir='ltr'><strong>(metu;</strong></span> 
     </span>
    </p>
   </div>
   <div class='ocr_carea' id='block_1_76' title="bbox 2225 3332 3738 3420">
    <p class='ocr_par' dir='ltr' id='par_1_76' title="bbox 2225 3332 3738 3420">
     <span class='ocr_line' id='line_1_77' title="bbox 2225 3332 3738 3420; baseline -0.013 -14"><span class='ocrx_word' id='word_1_496' title='bbox 2225 3357 2289 3406; x_wconf 89' lang='lat' dir='ltr'><strong>A.</strong></span> <span class='ocrx_word' id='word_1_497' title='bbox 2316 3351 2488 3420; x_wconf 81' lang='grc' dir='ltr'>Φαίην</span> <span class='ocrx_word' id='word_1_498' title='bbox 2521 3347 2587 3401; x_wconf 83' lang='grc' dir='ltr'><strong>ἂν</strong></span> <span class='ocrx_word' id='word_1_499' title='bbox 2627 3346 2747 3416; x_wconf 70' lang='grc' dir='ltr'>οὐχὶ</span> <span class='ocrx_word' id='word_1_500' title='bbox 2782 3343 2942 3397; x_wconf 78' lang='grc' dir='ltr'>τοῦτο</span> <span class='ocrx_word' id='word_1_501' title='bbox 2985 3341 3116 3409; x_wconf 73' lang='grc' dir='ltr'><strong>ἐγώ.</strong></span> <span class='ocrx_word' id='word_1_502' title='bbox 3163 3334 3365 3393; x_wconf 77' lang='grc' dir='ltr'>Πολλοῦ</span> <span class='ocrx_word' id='word_1_503' title='bbox 3402 3351 3467 3404; x_wconf 87' lang='grc' dir='ltr'>γε</span> <span class='ocrx_word' id='word_1_504' title='bbox 3507 3333 3602 3387; x_wconf 74' lang='grc' dir='ltr'>καὶ</span> <span class='ocrx_word' id='word_1_505' title='bbox 3635 3332 3738 3386; x_wconf 81' lang='grc' dir='ltr'><strong>δεῖ.</strong></span> 
     </span>
    </p>
   </div>
   <div class='ocr_carea' id='block_1_77' title="bbox 2155 3424 3740 3510">
    <p class='ocr_par' dir='ltr' id='par_1_77' title="bbox 2155 3424 3740 3510">
     <span class='ocr_line' id='line_1_78' title="bbox 2155 3424 3740 3510; baseline -0.013 -12"><span class='ocrx_word' id='word_1_506' title='bbox 2155 3445 2298 3506; x_wconf 84' lang='grc' dir='ltr'>Χθὲς</span> <span class='ocrx_word' id='word_1_507' title='bbox 2346 3443 2440 3496; x_wconf 76' lang='grc' dir='ltr'><strong>καὶ</strong></span> <span class='ocrx_word' id='word_1_508' title='bbox 2493 3441 2734 3510; x_wconf 86' lang='grc' dir='ltr'>σήμερον</span> <span class='ocrx_word' id='word_1_509' title='bbox 2782 3436 2811 3488; x_wconf 88' lang='lat'><strong>6</strong></span> <span class='ocrx_word' id='word_1_510' title='bbox 2853 3433 3014 3493; x_wconf 75' lang='grc' dir='ltr'>αὐτὸς</span> <span class='ocrx_word' id='word_1_511' title='bbox 3061 3432 3152 3486; x_wconf 74' lang='grc' dir='ltr'>καὶ</span> <span class='ocrx_word' id='word_1_512' title='bbox 3194 3432 3272 3494; x_wconf 87' lang='grc' dir='ltr'><strong>είς</strong></span> <span class='ocrx_word' id='word_1_513' title='bbox 3325 3430 3454 3490; x_wconf 82' lang='grc' dir='ltr'>τοὺς</span> <span class='ocrx_word' id='word_1_514' title='bbox 3508 3424 3740 3492; x_wconf 82' lang='grc' dir='ltr'>αἰῶνας,</span> 
     </span>
    </p>
   </div>
   <div class='ocr_carea' id='block_1_78' title="bbox 2156 3516 3735 3603">
    <p class='ocr_par' dir='ltr' id='par_1_78' title="bbox 2156 3516 3735 3603">
     <span class='ocr_line' id='line_1_79' title="bbox 2156 3516 3735 3603; baseline -0.012 -17"><span class='ocrx_word' id='word_1_515' title='bbox 2156 3531 2389 3603; x_wconf 82' lang='grc' dir='ltr'>Χριστὸς</span> <span class='ocrx_word' id='word_1_516' title='bbox 2431 3528 2658 3600; x_wconf 77' lang='grc' dir='ltr'>Ἰησοῦς.</span> <span class='ocrx_word' id='word_1_517' title='bbox 2703 3525 2776 3579; x_wconf 81' lang='grc' dir='ltr'>Τὸ</span> <span class='ocrx_word' id='word_1_518' title='bbox 2806 3525 2862 3577; x_wconf 82' lang='grc' dir='ltr'>δὲ</span> <span class='ocrx_word' id='word_1_519' title='bbox 2895 3521 2990 3576; x_wconf 79' lang='grc' dir='ltr'><strong>τοῦ</strong></span> <span class='ocrx_word' id='word_1_520' title='bbox 3023 3521 3196 3590; x_wconf 83' lang='grc' dir='ltr'><strong>Λόγου</strong></span> <span class='ocrx_word' id='word_1_521' title='bbox 3240 3516 3614 3590; x_wconf 78' lang='grc' dir='ltr'>πρεσϐύτατον</span> <span class='ocrx_word' id='word_1_522' title='bbox 3644 3516 3735 3568; x_wconf 74' lang='grc' dir='ltr'>καὶ</span> 
     </span>
    </p>
   </div>
   <div class='ocr_carea' id='block_1_79' title="bbox 2158 3607 3737 3691">
    <p class='ocr_par' dir='ltr' id='par_1_79' title="bbox 2158 3607 3737 3691">
     <span class='ocr_line' id='line_1_80' title="bbox 2158 3607 3737 3691; baseline -0.012 -13"><span class='ocrx_word' id='word_1_523' title='bbox 2158 3624 2398 3688; x_wconf 80' lang='grc' dir='ltr'>ἀκλινὲς,</span> <span class='ocrx_word' id='word_1_524' title='bbox 2428 3623 2628 3691; x_wconf 76' lang='grc' dir='ltr'>ἥκιστα</span> <span class='ocrx_word' id='word_1_525' title='bbox 2661 3618 2759 3687; x_wconf 85' lang='grc' dir='ltr'><strong>μὲν</strong></span> <span class='ocrx_word' id='word_1_526' title='bbox 2799 3616 3131 3687; x_wconf 84' lang='grc' dir='ltr'>ἀρνήσομαι,</span> <span class='ocrx_word' id='word_1_527' title='bbox 3164 3613 3258 3666; x_wconf 75' lang='grc' dir='ltr'><strong>καὶ</strong></span> <span class='ocrx_word' id='word_1_528' title='bbox 3288 3613 3336 3664; x_wconf 78' lang='grc' dir='ltr'>εἰ</span> <span class='ocrx_word' id='word_1_529' title='bbox 3363 3609 3554 3679; x_wconf 82' lang='grc' dir='ltr'>γέγονε</span> <span class='ocrx_word' id='word_1_530' title='bbox 3580 3607 3737 3677; x_wconf 79' lang='grc' dir='ltr'>σάρξ·</span> 
     </span>
    </p>
   </div>
   <div class='ocr_carea' id='block_1_80' title="bbox 2158 3699 3739 3786">
    <p class='ocr_par' dir='ltr' id='par_1_80' title="bbox 2158 3699 3739 3786">
     <span class='ocr_line' id='line_1_81' title="bbox 2158 3699 3739 3786; baseline -0.011 -17"><span class='ocrx_word' id='word_1_531' title='bbox 2158 3717 2416 3786; x_wconf 76' lang='grc' dir='ltr'>οἰήσομαι</span> <span class='ocrx_word' id='word_1_532' title='bbox 2447 3712 2504 3765; x_wconf 81' lang='grc' dir='ltr'>δὲ</span> <span class='ocrx_word' id='word_1_533' title='bbox 2534 3709 2654 3764; x_wconf 84' lang='grc' dir='ltr'>καθ’</span> <span class='ocrx_word' id='word_1_534' title='bbox 2695 3709 2889 3762; x_wconf 76' lang='grc' dir='ltr'>ἕνωσιν</span> <span class='ocrx_word' id='word_1_535' title='bbox 2925 3704 3062 3776; x_wconf 83' lang='grc' dir='ltr'>μετὰ</span> <span class='ocrx_word' id='word_1_536' title='bbox 3095 3703 3194 3775; x_wconf 87' lang='grc' dir='ltr'>τῆς</span> <span class='ocrx_word' id='word_1_537' title='bbox 3235 3703 3372 3765; x_wconf 76' lang='grc' dir='ltr'>ἰδίας</span> <span class='ocrx_word' id='word_1_538' title='bbox 3402 3701 3624 3772; x_wconf 84' lang='grc' dir='ltr'>σαρκὸς,</span> <span class='ocrx_word' id='word_1_539' title='bbox 3663 3699 3739 3762; x_wconf 82' lang='grc' dir='ltr'>ὡς</span> 
     </span>
    </p>
   </div>
   <div class='ocr_carea' id='block_1_81' title="bbox 2159 3792 3741 3878">
    <p class='ocr_par' dir='ltr' id='par_1_81' title="bbox 2159 3792 3741 3878">
     <span class='ocr_line' id='line_1_82' title="bbox 2159 3792 3741 3878; baseline -0.011 -18"><span class='ocrx_word' id='word_1_540' title='bbox 2159 3807 2287 3878; x_wconf 80' lang='grc' dir='ltr'>χθὲς</span> <span class='ocrx_word' id='word_1_541' title='bbox 2321 3805 2450 3858; x_wconf 75' lang='grc' dir='ltr'>ὄντα</span> <span class='ocrx_word' id='word_1_542' title='bbox 2481 3801 2577 3856; x_wconf 73' lang='grc' dir='ltr'><strong>καὶ</strong></span> <span class='ocrx_word' id='word_1_543' title='bbox 2610 3797 3052 3871; x_wconf 78' lang='grc' dir='ltr'>προϋπάρχοντα,</span> <span class='ocrx_word' id='word_1_544' title='bbox 3102 3793 3535 3863; x_wconf 81' lang='grc' dir='ltr'>καταδηλοῦσθαι</span> <span class='ocrx_word' id='word_1_545' title='bbox 3576 3792 3741 3845; x_wconf 84' lang='grc' dir='ltr'>πάλιν</span> 
     </span>
    </p>
   </div>
   <div class='ocr_carea' id='block_1_82' title="bbox 2159 3885 3741 3962">
    <p class='ocr_par' dir='ltr' id='par_1_82' title="bbox 2159 3885 3741 3962">
     <span class='ocr_line' id='line_1_83' title="bbox 2159 3885 3741 3962; baseline -0.01 -10"><span class='ocrx_word' id='word_1_546' title='bbox 2159 3899 2343 3953; x_wconf 84' lang='grc' dir='ltr'>αὐτόν.</span> <span class='ocrx_word' id='word_1_547' title='bbox 2371 3895 2482 3949; x_wconf 74' lang='grc' dir='ltr'>Καὶ</span> <span class='ocrx_word' id='word_1_548' title='bbox 2511 3891 2641 3962; x_wconf 80' lang='grc' dir='ltr'>γοῦν</span> <span class='ocrx_word' id='word_1_549' title='bbox 2696 3889 3030 3960; x_wconf 77' lang='grc' dir='ltr'>ἐμυσάττετο</span> <span class='ocrx_word' id='word_1_550' title='bbox 3066 3887 3162 3954; x_wconf 80' lang='grc' dir='ltr'><strong>μὲν</strong></span> <span class='ocrx_word' id='word_1_551' title='bbox 3200 3886 3228 3938; x_wconf 91' lang='lat'><strong>6</strong></span> <span class='ocrx_word' id='word_1_552' title='bbox 3259 3885 3565 3956; x_wconf 85' lang='grc' dir='ltr'>παράφρων</span> <span class='ocrx_word' id='word_1_553' title='bbox 3605 3885 3741 3936; x_wconf 84' lang='grc' dir='ltr'><strong>Ἰου-</strong></span> 
     </span>
    </p>
   </div>
   <div class='ocr_carea' id='block_1_83' title="bbox 2158 3977 3742 4054">
    <p class='ocr_par' dir='ltr' id='par_1_83' title="bbox 2158 3977 3742 4054">
     <span class='ocr_line' id='line_1_84' title="bbox 2158 3977 3742 4054; baseline -0.011 -10"><span class='ocrx_word' id='word_1_554' title='bbox 2158 3991 2305 4054; x_wconf 86' lang='grc' dir='ltr'>δαῖος</span> <span class='ocrx_word' id='word_1_555' title='bbox 2340 3987 2435 4042; x_wconf 58' lang='grc' dir='ltr'><strong>κοιλ⁵</strong></span> <span class='ocrx_word' id='word_1_556' title='bbox 2460 3982 2781 4040; x_wconf 81' lang='grc' dir='ltr'>καταλιθοῦν</span> <span class='ocrx_word' id='word_1_557' title='bbox 2809 3979 3104 4050; x_wconf 79' lang='grc' dir='ltr'>ἐπεχείρει,</span> <span class='ocrx_word' id='word_1_558' title='bbox 3142 3978 3242 4046; x_wconf 80' lang='grc' dir='ltr'>τὴν</span> <span class='ocrx_word' id='word_1_559' title='bbox 3276 3978 3458 4030; x_wconf 87' lang='grc' dir='ltr'>πίστιν</span> <span class='ocrx_word' id='word_1_560' title='bbox 3475 3977 3534 4028; x_wconf 76' lang='grc' dir='ltr'><strong>οὐ</strong></span> <span class='ocrx_word' id='word_1_561' title='bbox 3571 3991 3742 4046; x_wconf 71' lang='grc' dir='ltr'>προσο</span> 
     </span>
    </p>
   </div>
   <div class='ocr_carea' id='block_1_84' title="bbox 2163 4067 3743 4153">
    <p class='ocr_par' dir='ltr' id='par_1_84' title="bbox 2163 4067 3743 4153">
     <span class='ocr_line' id='line_1_85' title="bbox 2163 4067 3743 4153; baseline -0.011 -16"><span class='ocrx_word' id='word_1_562' title='bbox 2163 4084 2393 4153; x_wconf 78' lang='grc' dir='ltr'>ιέμενος.</span> <span class='ocrx_word' id='word_1_563' title='bbox 2457 4075 2840 4146; x_wconf 82' lang='grc' dir='ltr'>Κατατεθήπει</span> <span class='ocrx_word' id='word_1_564' title='bbox 2884 4073 3026 4143; x_wconf 85' lang='grc' dir='ltr'>γὰρ,</span> <span class='ocrx_word' id='word_1_565' title='bbox 3081 4072 3164 4124; x_wconf 83' lang='grc' dir='ltr'>ὅτι</span> <span class='ocrx_word' id='word_1_566' title='bbox 3208 4069 3385 4124; x_wconf 82' lang='grc' dir='ltr'>καίτοι</span> <span class='ocrx_word' id='word_1_567' title='bbox 3429 4067 3548 4122; x_wconf 82' lang='grc' dir='ltr'>καθ’</span> <span class='ocrx_word' id='word_1_568' title='bbox 3595 4067 3743 4136; x_wconf 78' lang='grc' dir='ltr'>ἡμᾶς</span> 
     </span>
    </p>
   </div>
   <div class='ocr_carea' id='block_1_85' title="bbox 2160 4157 3743 4244">
    <p class='ocr_par' dir='ltr' id='par_1_85' title="bbox 2160 4157 3743 4244">
     <span class='ocr_line' id='line_1_86' title="bbox 2160 4157 3743 4244; baseline -0.011 -19"><span class='ocrx_word' id='word_1_569' title='bbox 2160 4173 2436 4244; x_wconf 81' lang='grc' dir='ltr'>ὁρώμενος</span> <span class='ocrx_word' id='word_1_570' title='bbox 2461 4168 2764 4238; x_wconf 76' lang='grc' dir='ltr'>ἄνθρωπος,</span> <span class='ocrx_word' id='word_1_571' title='bbox 2791 4165 2892 4234; x_wconf 83' lang='grc' dir='ltr'>τῆς</span> <span class='ocrx_word' id='word_1_572' title='bbox 2914 4164 3053 4235; x_wconf 84' lang='grc' dir='ltr'>ὑπὲρ</span> <span class='ocrx_word' id='word_1_573' title='bbox 3073 4161 3357 4233; x_wconf 79' lang='grc' dir='ltr'>ἄνθρωπον</span> <span class='ocrx_word' id='word_1_574' title='bbox 3382 4157 3743 4230; x_wconf 76' lang='grc' dir='ltr'>ἀρχαιότητος</span> 
     </span>
    </p>
   </div>
   <div class='ocr_carea' id='block_1_86' title="bbox 2163 4247 3742 4332">
    <p class='ocr_par' dir='ltr' id='par_1_86' title="bbox 2163 4247 3742 4332">
     <span class='ocr_line' id='line_1_87' title="bbox 2163 4247 3742 4332; baseline -0.011 -16"><span class='ocrx_word' id='word_1_575' title='bbox 2163 4262 2340 4332; x_wconf 78' lang='grc' dir='ltr'>ἑαυτῷ</span> <span class='ocrx_word' id='word_1_576' title='bbox 2370 4262 2430 4314; x_wconf 84' lang='grc' dir='ltr'><strong>τὸ</strong></span> <span class='ocrx_word' id='word_1_577' title='bbox 2459 4257 2824 4332; x_wconf 81' lang='grc' dir='ltr'>πρεσϐύτερον</span> <span class='ocrx_word' id='word_1_578' title='bbox 2851 4252 3244 4326; x_wconf 75' lang='grc' dir='ltr'>ἐπεμαρτύρει,</span> <span class='ocrx_word' id='word_1_579' title='bbox 3286 4251 3458 4318; x_wconf 84' lang='grc' dir='ltr'>λέγων</span> <span class='ocrx_word' id='word_1_580' title='bbox 3491 4248 3563 4312; x_wconf 86' lang='grc' dir='ltr'>ὡς</span> <span class='ocrx_word' id='word_1_581' title='bbox 3585 4247 3742 4312; x_wconf 77' lang='grc' dir='ltr'>Θεόςο</span> 
     </span>
    </p>
   </div>
   <div class='ocr_carea' id='block_1_87' title="bbox 2169 4340 3742 4424">
    <p class='ocr_par' dir='ltr' id='par_1_87' title="bbox 2169 4340 3742 4424">
     <span class='ocr_line' id='line_1_88' title="bbox 2169 4340 3742 4424; baseline -0.008 -20"><span class='ocrx_word' id='word_1_582' title='bbox 2169 4374 2186 4404; x_wconf 76' lang='grc' dir='ltr'><strong>ι</strong></span> <span class='ocrx_word' id='word_1_583' title='bbox 2224 4355 2416 4424; x_wconf 78' lang='grc' dir='ltr'>Ἀμὴν,</span> <span class='ocrx_word' id='word_1_584' title='bbox 2451 4352 2616 4422; x_wconf 80' lang='grc' dir='ltr'>ἀμὴν,</span> <span class='ocrx_word' id='word_1_585' title='bbox 2649 4351 2791 4418; x_wconf 82' lang='grc' dir='ltr'>λέγω</span> <span class='ocrx_word' id='word_1_586' title='bbox 2817 4349 2966 4416; x_wconf 81' lang='grc' dir='ltr'>ὑμῖν,</span> <span class='ocrx_word' id='word_1_587' title='bbox 3001 4346 3130 4416; x_wconf 71' lang='grc' dir='ltr'>πρὶν</span> <span class='ocrx_word' id='word_1_588' title='bbox 3175 4342 3425 4414; x_wconf 82' lang='grc' dir='ltr'>’Δϐραὰμ</span> <span class='ocrx_word' id='word_1_589' title='bbox 3464 4340 3742 4410; x_wconf 85' lang='grc' dir='ltr'>γενέσθαι,</span> 
     </span>
    </p>
   </div>
   <div class='ocr_carea' id='block_1_88' title="bbox 479 4427 2052 4516">
    <p class='ocr_par' dir='ltr' id='par_1_88' title="bbox 479 4427 2052 4498">
     <span class='ocr_line' id='line_1_89' title="bbox 479 4427 2052 4498; baseline 0 -16"><span class='ocrx_word' id='word_1_590' title='bbox 479 4436 541 4482; x_wconf 88' lang='lat' dir='ltr'><strong>ut</strong></span> <span class='ocrx_word' id='word_1_591' title='bbox 592 4427 777 4483; x_wconf 89' lang='lat' dir='ltr'><strong>Deus:</strong></span> <span class='ocrx_word' id='word_1_592' title='bbox 817 4447 836 4479; x_wconf 80' lang='grc' dir='ltr'><strong>ι</strong></span> <span class='ocrx_word' id='word_1_593' title='bbox 901 4429 1093 4491; x_wconf 81' lang='lat' dir='ltr'><strong>Amen,</strong></span> <span class='ocrx_word' id='word_1_594' title='bbox 1141 4443 1297 4483; x_wconf 90' lang='lat' dir='ltr'><strong>amen</strong></span> <span class='ocrx_word' id='word_1_595' title='bbox 1369 4430 1489 4482; x_wconf 86' lang='lat' dir='ltr'><strong>dico</strong></span> <span class='ocrx_word' id='word_1_596' title='bbox 1541 4428 1716 4491; x_wconf 82' lang='lat' dir='ltr'><strong>vobis,</strong></span> <span class='ocrx_word' id='word_1_597' title='bbox 1765 4438 2052 4498; x_wconf 79' lang='lat' dir='ltr'><strong>antequam</strong></span> 
     </span>
    </p>
   </div>
   <div class='ocr_carea' id='block_1_89' title="bbox 2155 4427 3741 4516">
    <p class='ocr_par' dir='ltr' id='par_1_89' title="bbox 2166 4432 3741 4516">
     <span class='ocr_line' id='line_1_90' title="bbox 2166 4432 3741 4516; baseline -0.011 -17"><span class='ocrx_word' id='word_1_598' title='bbox 2166 4446 2276 4516; x_wconf 80' lang='grc' dir='ltr'><strong>ἐγὼ</strong></span> <span class='ocrx_word' id='word_1_599' title='bbox 2309 4447 2444 4514; x_wconf 77' lang='grc' dir='ltr'>εἰμι.</span> <span class='ocrx_word' id='word_1_600' title='bbox 2471 4443 2507 4495; x_wconf 74' lang='grc'><strong>›⁴</strong></span> <span class='ocrx_word' id='word_1_601' title='bbox 2545 4443 2674 4496; x_wconf 90' lang='grc' dir='ltr'>Ὅτε</span> <span class='ocrx_word' id='word_1_602' title='bbox 2712 4440 2806 4494; x_wconf 72' lang='grc' dir='ltr'><strong>καὶ</strong></span> <span class='ocrx_word' id='word_1_603' title='bbox 2848 4437 2984 4509; x_wconf 80' lang='grc' dir='ltr'>πρὸς</span> <span class='ocrx_word' id='word_1_604' title='bbox 3025 4435 3185 4490; x_wconf 83' lang='grc' dir='ltr'>τοῦτο</span> <span class='ocrx_word' id='word_1_605' title='bbox 3233 4434 3470 4502; x_wconf 75' lang='grc' dir='ltr'>ἔφασκον</span> <span class='ocrx_word' id='word_1_606' title='bbox 3521 4432 3741 4483; x_wconf 68' lang='grc' dir='ltr'>ἐκεῖνον</span> 
     </span>
    </p>
   </div>
   <div class='ocr_carea' id='block_1_90' title="bbox 481 4519 2056 4589">
    <p class='ocr_par' dir='ltr' id='par_1_90' title="bbox 481 4519 2056 4589">
     <span class='ocr_line' id='line_1_91' title="bbox 481 4519 2056 4589; baseline 0.001 -17"><span class='ocrx_word' id='word_1_607' title='bbox 481 4520 752 4574; x_wconf 82' lang='lat' dir='ltr'><strong>Abraham</strong></span> <span class='ocrx_word' id='word_1_608' title='bbox 788 4520 962 4583; x_wconf 76' lang='lat' dir='ltr'><strong>ﬁeret,</strong></span> <span class='ocrx_word' id='word_1_609' title='bbox 995 4535 1091 4588; x_wconf 78' lang='lat' dir='ltr'><strong>ego</strong></span> <span class='ocrx_word' id='word_1_610' title='bbox 1117 4537 1233 4574; x_wconf 89' lang='lat' dir='ltr'><strong>sum</strong></span> <span class='ocrx_word' id='word_1_611' title='bbox 1277 4521 1341 4574; x_wconf 71' lang='lat'><strong>‘9.</strong></span> <span class='ocrx_word' id='word_1_612' title='bbox 1382 4539 1400 4572; x_wconf 74' lang='grc' dir='ltr'><strong>ι</strong></span> <span class='ocrx_word' id='word_1_613' title='bbox 1439 4519 1520 4574; x_wconf 85' lang='lat' dir='ltr'><strong>Ad</strong></span> <span class='ocrx_word' id='word_1_614' title='bbox 1548 4521 1693 4588; x_wconf 92' lang='lat' dir='ltr'><strong>quod</strong></span> <span class='ocrx_word' id='word_1_615' title='bbox 1735 4520 1807 4574; x_wconf 90' lang='lat' dir='ltr'><strong>illi</strong></span> <span class='ocrx_word' id='word_1_616' title='bbox 1835 4534 2056 4589; x_wconf 88' lang='lat' dir='ltr'><strong>respon-</strong></span> 
     </span>
    </p>
   </div>
   <div class='ocr_carea' id='block_1_91' title="bbox 480 4610 2060 4679">
    <p class='ocr_par' dir='ltr' id='par_1_91' title="bbox 480 4610 2060 4679">
     <span class='ocr_line' id='line_1_92' title="bbox 480 4610 2060 4679; baseline 0.001 -15"><span class='ocrx_word' id='word_1_617' title='bbox 480 4613 671 4666; x_wconf 85' lang='lat' dir='ltr'><strong>derunt</strong></span> <span class='ocrx_word' id='word_1_618' title='bbox 711 4629 725 4664; x_wconf 89' lang='lat'><strong>:</strong></span> <span class='ocrx_word' id='word_1_619' title='bbox 760 4630 778 4662; x_wconf 85' lang='grc' dir='ltr'><strong>ι</strong></span> <span class='ocrx_word' id='word_1_620' title='bbox 826 4610 1229 4679; x_wconf 80' lang='lat' dir='ltr'><strong>Quinquaginta</strong></span> <span class='ocrx_word' id='word_1_621' title='bbox 1279 4625 1450 4664; x_wconf 89' lang='lat' dir='ltr'><strong>annos</strong></span> <span class='ocrx_word' id='word_1_622' title='bbox 1504 4612 1743 4665; x_wconf 90' lang='lat' dir='ltr'><strong>nondum</strong></span> <span class='ocrx_word' id='word_1_623' title='bbox 1787 4611 1972 4677; x_wconf 87' lang='lat' dir='ltr'><strong>habes,</strong></span> <span class='ocrx_word' id='word_1_624' title='bbox 2005 4619 2060 4665; x_wconf 84' lang='lat' dir='ltr'><strong>et</strong></span> 
     </span>
    </p>
   </div>
   <div class='ocr_carea' id='block_1_92' title="bbox 479 4699 2056 4767">
    <p class='ocr_par' dir='ltr' id='par_1_92' title="bbox 479 4699 2056 4767">
     <span class='ocr_line' id='line_1_93' title="bbox 479 4699 2056 4767; baseline -0.002 -10"><span class='ocrx_word' id='word_1_625' title='bbox 479 4703 753 4758; x_wconf 86' lang='lat' dir='ltr'><strong>Abraham</strong></span> <span class='ocrx_word' id='word_1_626' title='bbox 811 4703 988 4756; x_wconf 85' lang='lat' dir='ltr'><strong>vidisti</strong></span> <span class='ocrx_word' id='word_1_627' title='bbox 1019 4701 1128 4756; x_wconf 67' lang='grc' dir='ltr'><strong>ὀἳ</strong></span> <span class='ocrx_word' id='word_1_628' title='bbox 1184 4721 1202 4754; x_wconf 75' lang='lat' dir='ltr'><strong>t</strong></span> <span class='ocrx_word' id='word_1_629' title='bbox 1253 4701 1392 4767; x_wconf 90' lang='lat' dir='ltr'><strong>Quin</strong></span> <span class='ocrx_word' id='word_1_630' title='bbox 1454 4711 1506 4757; x_wconf 91' lang='lat' dir='ltr'><strong>et</strong></span> <span class='ocrx_word' id='word_1_631' title='bbox 1545 4699 1782 4755; x_wconf 81' lang='lat' dir='ltr'><strong>Joannes</strong></span> <span class='ocrx_word' id='word_1_632' title='bbox 1809 4701 1879 4754; x_wconf 90' lang='lat' dir='ltr'><strong>ita</strong></span> <span class='ocrx_word' id='word_1_633' title='bbox 1934 4701 2056 4754; x_wconf 88' lang='lat' dir='ltr'><strong>ait:</strong></span> 
     </span>
    </p>
   </div>
   <div class='ocr_carea' id='block_1_93' title="bbox 486 4791 2056 4862">
    <p class='ocr_par' dir='ltr' id='par_1_93' title="bbox 486 4791 2056 4862">
     <span class='ocr_line' id='line_1_94' title="bbox 486 4791 2056 4862; baseline 0.001 -17"><span class='ocrx_word' id='word_1_634' title='bbox 486 4812 506 4845; x_wconf 73' lang='grc' dir='ltr'><strong>ε</strong></span> <span class='ocrx_word' id='word_1_635' title='bbox 539 4793 638 4860; x_wconf 90' lang='lat' dir='ltr'><strong>Qui</strong></span> <span class='ocrx_word' id='word_1_636' title='bbox 661 4802 780 4862; x_wconf 89' lang='lat' dir='ltr'><strong>post</strong></span> <span class='ocrx_word' id='word_1_637' title='bbox 803 4808 888 4848; x_wconf 91' lang='lat' dir='ltr'><strong>me</strong></span> <span class='ocrx_word' id='word_1_638' title='bbox 914 4807 1177 4848; x_wconf 87' lang='lat' dir='ltr'><strong>venturus</strong></span> <span class='ocrx_word' id='word_1_639' title='bbox 1197 4803 1301 4855; x_wconf 89' lang='lat' dir='ltr'><strong>est,</strong></span> <span class='ocrx_word' id='word_1_640' title='bbox 1333 4803 1458 4844; x_wconf 90' lang='lat' dir='ltr'><strong>ante</strong></span> <span class='ocrx_word' id='word_1_641' title='bbox 1481 4807 1568 4845; x_wconf 89' lang='lat' dir='ltr'><strong>me</strong></span> <span class='ocrx_word' id='word_1_642' title='bbox 1599 4791 1778 4844; x_wconf 81' lang='lat' dir='ltr'><strong>factus</strong></span> <span class='ocrx_word' id='word_1_643' title='bbox 1800 4799 1903 4854; x_wconf 88' lang='lat' dir='ltr'><strong>est,</strong></span> <span class='ocrx_word' id='word_1_644' title='bbox 1930 4791 2056 4860; x_wconf 85' lang='lat' dir='ltr'><strong>quia</strong></span> 
     </span>
    </p>
   </div>
   <div class='ocr_carea' id='block_1_94' title="bbox 481 4882 2056 4958">
    <p class='ocr_par' dir='ltr' id='par_1_94' title="bbox 481 4882 2056 4958">
     <span class='ocr_line' id='line_1_95' title="bbox 481 4882 2056 4958; baseline -0.002 -18"><span class='ocrx_word' id='word_1_645' title='bbox 481 4888 628 4958; x_wconf 85' lang='lat' dir='ltr'><strong>prior</strong></span> <span class='ocrx_word' id='word_1_646' title='bbox 661 4902 747 4941; x_wconf 91' lang='lat' dir='ltr'><strong>me</strong></span> <span class='ocrx_word' id='word_1_647' title='bbox 773 4887 980 4942; x_wconf 77' lang='lat' dir='ltr'><strong>erat&quot;.</strong></span> <span class='ocrx_word' id='word_1_648' title='bbox 1018 4905 1035 4939; x_wconf 74' lang='grc' dir='ltr'><strong>ι</strong></span> <span class='ocrx_word' id='word_1_649' title='bbox 1081 4886 1241 4952; x_wconf 84' lang='lat' dir='ltr'><strong>Atqui</strong></span> <span class='ocrx_word' id='word_1_650' title='bbox 1277 4886 1547 4953; x_wconf 84' lang='lat' dir='ltr'><strong>quomodo</strong></span> <span class='ocrx_word' id='word_1_651' title='bbox 1575 4898 1733 4951; x_wconf 89' lang='lat' dir='ltr'><strong>quem</strong></span> <span class='ocrx_word' id='word_1_652' title='bbox 1785 4882 2056 4938; x_wconf 89' lang='lat' dir='ltr'><strong>hominem</strong></span> 
     </span>
    </p>
   </div>
   <div class='ocr_carea' id='block_1_95' title="bbox 481 4973 2055 5038">
    <p class='ocr_par' dir='ltr' id='par_1_95' title="bbox 481 4973 2055 5038">
     <span class='ocr_line' id='line_1_96' title="bbox 481 4973 2055 5038; baseline -0.001 -8"><span class='ocrx_word' id='word_1_653' title='bbox 481 4992 601 5032; x_wconf 85' lang='lat' dir='ltr'><strong>esse</strong></span> <span class='ocrx_word' id='word_1_654' title='bbox 656 4987 812 5031; x_wconf 86' lang='lat' dir='ltr'><strong>norat</strong></span> <span class='ocrx_word' id='word_1_655' title='bbox 865 4986 921 5030; x_wconf 86' lang='lat' dir='ltr'><strong>et</strong></span> <span class='ocrx_word' id='word_1_656' title='bbox 964 4978 1193 5030; x_wconf 85' lang='lat' dir='ltr'><strong>vocabat</strong></span> <span class='ocrx_word' id='word_1_657' title='bbox 1256 4973 1686 5038; x_wconf 86' lang='lat' dir='ltr'><strong>Emmanuelem,</strong></span> <span class='ocrx_word' id='word_1_658' title='bbox 1737 4982 1862 5027; x_wconf 87' lang='lat' dir='ltr'><strong>ante</strong></span> <span class='ocrx_word' id='word_1_659' title='bbox 1901 4989 1958 5028; x_wconf 88' lang='lat' dir='ltr'><strong>se</strong></span> <span class='ocrx_word' id='word_1_660' title='bbox 2001 4982 2055 5029; x_wconf 83' lang='lat' dir='ltr'><strong>et</strong></span> 
     </span>
    </p>
   </div>
   <div class='ocr_carea' id='block_1_96' title="bbox 483 5065 2056 5137">
    <p class='ocr_par' dir='ltr' id='par_1_96' title="bbox 483 5065 2056 5137">
     <span class='ocr_line' id='line_1_97' title="bbox 483 5065 2056 5137; baseline 0 -15"><span class='ocrx_word' id='word_1_661' title='bbox 483 5071 713 5137; x_wconf 85' lang='lat' dir='ltr'><strong>priorem</strong></span> <span class='ocrx_word' id='word_1_662' title='bbox 747 5069 944 5123; x_wconf 82' lang='lat' dir='ltr'><strong>iactum</strong></span> <span class='ocrx_word' id='word_1_663' title='bbox 982 5081 1104 5122; x_wconf 88' lang='lat' dir='ltr'><strong>esse</strong></span> <span class='ocrx_word' id='word_1_664' title='bbox 1149 5066 1301 5130; x_wconf 86' lang='lat' dir='ltr'><strong>dicit,</strong></span> <span class='ocrx_word' id='word_1_665' title='bbox 1348 5079 1471 5118; x_wconf 84' lang='lat' dir='ltr'><strong>cum</strong></span> <span class='ocrx_word' id='word_1_666' title='bbox 1527 5075 1647 5133; x_wconf 88' lang='lat' dir='ltr'><strong>post</strong></span> <span class='ocrx_word' id='word_1_667' title='bbox 1694 5065 1868 5136; x_wconf 89' lang='lat' dir='ltr'><strong>ipsum</strong></span> <span class='ocrx_word' id='word_1_668' title='bbox 1900 5077 2056 5122; x_wconf 88' lang='lat' dir='ltr'><strong>natus</strong></span> 
     </span>
    </p>
   </div>
   <div class='ocr_carea' id='block_1_97' title="bbox 483 5162 689 5218">
    <p class='ocr_par' dir='ltr' id='par_1_97' title="bbox 483 5162 689 5218">
     <span class='ocr_line' id='line_1_98' title="bbox 483 5162 689 5218; baseline 0.005 -4"><span class='ocrx_word' id='word_1_669' title='bbox 483 5162 643 5218; x_wconf 73' lang='lat' dir='ltr'><strong>fuerit</strong></span> <span class='ocrx_word' id='word_1_670' title='bbox 665 5163 689 5215; x_wconf 86' lang='lat'><strong>?</strong></span> 
     </span>
    </p>
   </div>
   <div class='ocr_carea' id='block_1_98' title="bbox 556 5275 2052 5348">
    <p class='ocr_par' dir='ltr' id='par_1_98' title="bbox 556 5275 2052 5348">
     <span class='ocr_line' id='line_1_99' title="bbox 556 5275 2052 5348; baseline -0.002 -15"><span class='ocrx_word' id='word_1_671' title='bbox 556 5281 615 5334; x_wconf 84' lang='grc' dir='ltr'><strong>Β.</strong></span> <span class='ocrx_word' id='word_1_672' title='bbox 642 5281 784 5334; x_wconf 82' lang='lat' dir='ltr'><strong>Ante</strong></span> <span class='ocrx_word' id='word_1_673' title='bbox 819 5279 993 5346; x_wconf 89' lang='lat' dir='ltr'><strong>ipsum</strong></span> <span class='ocrx_word' id='word_1_674' title='bbox 1047 5276 1251 5330; x_wconf 78' lang='lat' dir='ltr'><strong>factum</strong></span> <span class='ocrx_word' id='word_1_675' title='bbox 1303 5288 1423 5329; x_wconf 89' lang='lat' dir='ltr'><strong>esse</strong></span> <span class='ocrx_word' id='word_1_676' title='bbox 1449 5275 1583 5332; x_wconf 88' lang='lat' dir='ltr'><strong>dicit</strong></span> <span class='ocrx_word' id='word_1_677' title='bbox 1614 5276 1821 5331; x_wconf 88' lang='lat' dir='ltr'><strong>ratione</strong></span> <span class='ocrx_word' id='word_1_678' title='bbox 1850 5275 2052 5348; x_wconf 67' lang='lat' dir='ltr'><strong>gloriae,</strong></span> 
     </span>
    </p>
   </div>
   <div class='ocr_carea' id='block_1_99' title="bbox 485 5367 1422 5441">
    <p class='ocr_par' dir='ltr' id='par_1_99' title="bbox 485 5367 1422 5441">
     <span class='ocr_line' id='line_1_100' title="bbox 485 5367 1422 5441; baseline -0.005 -16"><span class='ocrx_word' id='word_1_679' title='bbox 485 5382 542 5426; x_wconf 92' lang='lat' dir='ltr'><strong>ut</strong></span> <span class='ocrx_word' id='word_1_680' title='bbox 578 5387 676 5441; x_wconf 82' lang='lat' dir='ltr'><strong>ego</strong></span> <span class='ocrx_word' id='word_1_681' title='bbox 710 5371 921 5439; x_wconf 90' lang='lat' dir='ltr'><strong>quidem</strong></span> <span class='ocrx_word' id='word_1_682' title='bbox 973 5369 1131 5440; x_wconf 76' lang='lat'><strong>711</strong></span> <span class='ocrx_word' id='word_1_683' title='bbox 1165 5367 1422 5439; x_wconf 82' lang='lat' dir='ltr'><strong>intelligo.</strong></span> 
     </span>
    </p>
   </div>
   <div class='ocr_carea' id='block_1_100' title="bbox 555 5479 2062 5552">
    <p class='ocr_par' dir='ltr' id='par_1_100' title="bbox 555 5479 2062 5552">
     <span class='ocr_line' id='line_1_101' title="bbox 555 5479 2062 5552; baseline 0.001 -15"><span class='ocrx_word' id='word_1_684' title='bbox 555 5485 618 5537; x_wconf 82' lang='lat' dir='ltr'><strong>A.</strong></span> <span class='ocrx_word' id='word_1_685' title='bbox 665 5483 832 5538; x_wconf 89' lang='lat' dir='ltr'><strong>Porro</strong></span> <span class='ocrx_word' id='word_1_686' title='bbox 880 5481 1068 5536; x_wconf 71' lang='lat' dir='ltr'><strong>falsum</strong></span> <span class='ocrx_word' id='word_1_687' title='bbox 1118 5479 1520 5552; x_wconf 87' lang='lat' dir='ltr'><strong>absurdumque</strong></span> <span class='ocrx_word' id='word_1_688' title='bbox 1567 5497 1688 5538; x_wconf 77' lang='lat' dir='ltr'><strong>esse</strong></span> <span class='ocrx_word' id='word_1_689' title='bbox 1736 5484 1807 5538; x_wconf 86' lang='lat' dir='ltr'><strong>ita</strong></span> <span class='ocrx_word' id='word_1_690' title='bbox 1857 5485 2062 5538; x_wconf 90' lang='lat' dir='ltr'><strong>sentire</strong></span> 
     </span>
    </p>
   </div>
   <div class='ocr_carea' id='block_1_101' title="bbox 489 5573 2064 5644">
    <p class='ocr_par' dir='ltr' id='par_1_101' title="bbox 489 5573 2064 5644">
     <span class='ocr_line' id='line_1_102' title="bbox 489 5573 2064 5644; baseline 0.001 -18"><span class='ocrx_word' id='word_1_691' title='bbox 489 5574 677 5642; x_wconf 82' lang='lat' dir='ltr'><strong>paucis</strong></span> <span class='ocrx_word' id='word_1_692' title='bbox 709 5574 995 5642; x_wconf 74' lang='lat' dir='ltr'><strong>intelliges.</strong></span> <span class='ocrx_word' id='word_1_693' title='bbox 1027 5573 1157 5628; x_wconf 87' lang='lat' dir='ltr'><strong>Nam</strong></span> <span class='ocrx_word' id='word_1_694' title='bbox 1190 5573 1235 5628; x_wconf 86' lang='lat' dir='ltr'><strong>si</strong></span> <span class='ocrx_word' id='word_1_695' title='bbox 1268 5574 1427 5640; x_wconf 92' lang='lat' dir='ltr'><strong>illud,</strong></span> <span class='ocrx_word' id='word_1_696' title='bbox 1457 5584 1611 5638; x_wconf 88' lang='lat' dir='ltr'><strong>ante,</strong></span> <span class='ocrx_word' id='word_1_697' title='bbox 1642 5576 2064 5644; x_wconf 81' lang='lat' dir='ltr'><strong>interpretemur</strong></span> 
     </span>
    </p>
   </div>
   <div class='ocr_carea' id='block_1_102' title="bbox 565 5745 1948 5820">
    <p class='ocr_par' dir='ltr' id='par_1_102' title="bbox 565 5745 1948 5820">
     <span class='ocr_line' id='line_1_103' title="bbox 565 5745 1948 5820; baseline -0.004 -15"><span class='ocrx_word' id='word_1_698' title='bbox 565 5749 779 5806; x_wconf 80' lang='lat' dir='ltr'><strong>&quot;Joan.</strong></span> <span class='ocrx_word' id='word_1_699' title='bbox 817 5769 930 5820; x_wconf 85' lang='lat' dir='ltr'><strong>vm,</strong></span> <span class='ocrx_word' id='word_1_700' title='bbox 961 5753 1048 5817; x_wconf 68' lang='lat'><strong>58,</strong></span> <span class='ocrx_word' id='word_1_701' title='bbox 1125 5752 1170 5782; x_wconf 65' lang='grc' dir='ltr'>’θ</span> <span class='ocrx_word' id='word_1_702' title='bbox 1198 5750 1322 5807; x_wconf 87' lang='lat' dir='ltr'><strong>ihid.</strong></span> <span class='ocrx_word' id='word_1_703' title='bbox 1364 5750 1450 5803; x_wconf 79' lang='lat'><strong>57.</strong></span> <span class='ocrx_word' id='word_1_704' title='bbox 1530 5748 1570 5780; x_wconf 77' lang='lat'>“</span> <span class='ocrx_word' id='word_1_705' title='bbox 1603 5745 1755 5802; x_wconf 75' lang='lat' dir='ltr'><strong>Jn-n.</strong></span> <span class='ocrx_word' id='word_1_706' title='bbox 1800 5762 1833 5809; x_wconf 85' lang='grc' dir='ltr'><strong>ι,</strong></span> <span class='ocrx_word' id='word_1_707' title='bbox 1860 5748 1948 5800; x_wconf 72' lang='lat'><strong>9.7.</strong></span> 
     </span>
    </p>
   </div>
   <div class='ocr_carea' id='block_1_103' title="bbox 2087 4491 2134 4547">
    <p class='ocr_par' dir='ltr' id='par_1_103' title="bbox 2087 4491 2134 4547">
     <span class='ocr_line' id='line_1_104' title="bbox 2087 4491 2134 4547; baseline 0 0"><span class='ocrx_word' id='word_1_708' title='bbox 2087 4491 2134 4547; x_wconf 81' lang='grc' dir='ltr'><strong>Ι)</strong></span> 
     </span>
    </p>
   </div>
   <div class='ocr_carea' id='block_1_104' title="bbox 2170 4521 3746 4605">
    <p class='ocr_par' dir='ltr' id='par_1_104' title="bbox 2170 4521 3746 4605">
     <span class='ocr_line' id='line_1_105' title="bbox 2170 4521 3746 4605; baseline -0.01 -15"><span class='ocrx_word' id='word_1_709' title='bbox 2170 4557 2187 4589; x_wconf 78' lang='grc' dir='ltr'><strong>ι</strong></span> <span class='ocrx_word' id='word_1_710' title='bbox 2213 4536 2551 4605; x_wconf 81' lang='grc' dir='ltr'>Πεντήκοντα</span> <span class='ocrx_word' id='word_1_711' title='bbox 2591 4532 2684 4599; x_wconf 79' lang='grc' dir='ltr'>ἐτη</span> <span class='ocrx_word' id='word_1_712' title='bbox 2720 4529 2872 4583; x_wconf 69' lang='grc' dir='ltr'>οὔπω</span> <span class='ocrx_word' id='word_1_713' title='bbox 2918 4528 3082 4597; x_wconf 78' lang='grc' dir='ltr'>ἔχεις,</span> <span class='ocrx_word' id='word_1_714' title='bbox 3129 4525 3223 4580; x_wconf 74' lang='grc' dir='ltr'>καὶ</span> <span class='ocrx_word' id='word_1_715' title='bbox 3281 4521 3530 4594; x_wconf 79' lang='grc' dir='ltr'>Ἀϐραὰμ</span> <span class='ocrx_word' id='word_1_716' title='bbox 3570 4521 3746 4592; x_wconf 80' lang='grc' dir='ltr'>ἐώρα-</span> 
     </span>
    </p>
   </div>
   <div class='ocr_carea' id='block_1_105' title="bbox 2165 4613 3746 4695">
    <p class='ocr_par' dir='ltr' id='par_1_105' title="bbox 2165 4613 3746 4695">
     <span class='ocr_line' id='line_1_106' title="bbox 2165 4613 3746 4695; baseline -0.011 -13"><span class='ocrx_word' id='word_1_717' title='bbox 2165 4644 2330 4692; x_wconf 64' lang='lat' dir='ltr'><strong>acac,»</strong></span> <span class='ocrx_word' id='word_1_718' title='bbox 2368 4627 2511 4695; x_wconf 82' lang='grc' dir='ltr'><strong>Ἔφη</strong></span> <span class='ocrx_word' id='word_1_719' title='bbox 2539 4624 2597 4677; x_wconf 76' lang='grc' dir='ltr'><strong>δὲ</strong></span> <span class='ocrx_word' id='word_1_720' title='bbox 2630 4623 2723 4676; x_wconf 70' lang='grc' dir='ltr'><strong>καὶ</strong></span> <span class='ocrx_word' id='word_1_721' title='bbox 2767 4621 3040 4689; x_wconf 80' lang='grc' dir='ltr'><strong>Ἰωάννης·</strong></span> <span class='ocrx_word' id='word_1_722' title='bbox 3099 4638 3116 4669; x_wconf 80' lang='grc' dir='ltr'><strong>ι</strong></span> <span class='ocrx_word' id='word_1_723' title='bbox 3158 4621 3215 4670; x_wconf 91' lang='grc' dir='ltr'>Ὀ</span> <span class='ocrx_word' id='word_1_724' title='bbox 3250 4617 3425 4668; x_wconf 80' lang='grc' dir='ltr'>ὀπίσω</span> <span class='ocrx_word' id='word_1_725' title='bbox 3455 4631 3556 4684; x_wconf 86' lang='grc' dir='ltr'><strong>μου</strong></span> <span class='ocrx_word' id='word_1_726' title='bbox 3588 4613 3746 4682; x_wconf 76' lang='grc' dir='ltr'>ἐρχό-</span> 
     </span>
    </p>
   </div>
   <div class='ocr_carea' id='block_1_106' title="bbox 2169 4700 3737 4792">
    <p class='ocr_par' dir='ltr' id='par_1_106' title="bbox 2169 4700 3737 4792">
     <span class='ocr_line' id='line_1_107' title="bbox 2169 4700 3737 4792; baseline -0.01 -20"><span class='ocrx_word' id='word_1_727' title='bbox 2169 4737 2348 4792; x_wconf 82' lang='grc' dir='ltr'>μενος,</span> <span class='ocrx_word' id='word_1_728' title='bbox 2382 4715 2691 4788; x_wconf 74' lang='grc' dir='ltr'>ἔμπροσθὲν</span> <span class='ocrx_word' id='word_1_729' title='bbox 2725 4731 2825 4785; x_wconf 87' lang='grc' dir='ltr'><strong>μου</strong></span> <span class='ocrx_word' id='word_1_730' title='bbox 2847 4713 3092 4781; x_wconf 84' lang='grc' dir='ltr'>γέγονεν,</span> <span class='ocrx_word' id='word_1_731' title='bbox 3116 4710 3198 4762; x_wconf 80' lang='grc' dir='ltr'>ὅτι</span> <span class='ocrx_word' id='word_1_732' title='bbox 3233 4707 3448 4778; x_wconf 84' lang='grc' dir='ltr'>πρῶτός</span> <span class='ocrx_word' id='word_1_733' title='bbox 3477 4723 3575 4777; x_wconf 86' lang='grc' dir='ltr'><strong>μου</strong></span> <span class='ocrx_word' id='word_1_734' title='bbox 3605 4700 3693 4775; x_wconf 78' lang='grc' dir='ltr'>ἧν.</span> <span class='ocrx_word' id='word_1_735' title='bbox 3717 4723 3737 4756; x_wconf 73' lang='grc' dir='ltr'>ι</span> 
     </span>
    </p>
   </div>
   <div class='ocr_carea' id='block_1_107' title="bbox 2161 4796 3749 4877">
    <p class='ocr_par' dir='ltr' id='par_1_107' title="bbox 2161 4796 3749 4877">
     <span class='ocr_line' id='line_1_108' title="bbox 2161 4796 3749 4877; baseline -0.011 -13"><span class='ocrx_word' id='word_1_736' title='bbox 2161 4809 2358 4866; x_wconf 82' lang='grc' dir='ltr'>Καίτοι</span> <span class='ocrx_word' id='word_1_737' title='bbox 2388 4807 2506 4871; x_wconf 87' lang='grc' dir='ltr'><strong>πῶς</strong></span> <span class='ocrx_word' id='word_1_738' title='bbox 2533 4805 2700 4877; x_wconf 79' lang='grc' dir='ltr'>ἄνδρα</span> <span class='ocrx_word' id='word_1_739' title='bbox 2720 4821 2778 4857; x_wconf 90' lang='grc' dir='ltr'><strong>τε</strong></span> <span class='ocrx_word' id='word_1_740' title='bbox 2805 4801 2957 4864; x_wconf 80' lang='grc' dir='ltr'>εἰδὼς</span> <span class='ocrx_word' id='word_1_741' title='bbox 2981 4801 3075 4854; x_wconf 67' lang='grc' dir='ltr'>καὶ</span> <span class='ocrx_word' id='word_1_742' title='bbox 3101 4798 3382 4869; x_wconf 75' lang='grc' dir='ltr'>ὀνομάζων</span> <span class='ocrx_word' id='word_1_743' title='bbox 3405 4797 3495 4850; x_wconf 80' lang='grc' dir='ltr'><strong>τὸν</strong></span> <span class='ocrx_word' id='word_1_744' title='bbox 3535 4796 3749 4865; x_wconf 82' lang='grc' dir='ltr'>Ἐμμα-</span> 
     </span>
    </p>
   </div>
   <div class='ocr_carea' id='block_1_108' title="bbox 2166 4886 3748 4972">
    <p class='ocr_par' dir='ltr' id='par_1_108' title="bbox 2166 4886 3748 4972">
     <span class='ocr_line' id='line_1_109' title="bbox 2166 4886 3748 4972; baseline -0.009 -16"><span class='ocrx_word' id='word_1_745' title='bbox 2166 4901 2346 4972; x_wconf 80' lang='grc' dir='ltr'>νονὴλ,</span> <span class='ocrx_word' id='word_1_746' title='bbox 2393 4898 2701 4970; x_wconf 73' lang='grc' dir='ltr'>ἔμπροσθέν</span> <span class='ocrx_word' id='word_1_747' title='bbox 2756 4913 2812 4948; x_wconf 90' lang='grc' dir='ltr'><strong>τε</strong></span> <span class='ocrx_word' id='word_1_748' title='bbox 2881 4893 3041 4950; x_wconf 81' lang='grc' dir='ltr'>αὐτοῦ</span> <span class='ocrx_word' id='word_1_749' title='bbox 3097 4892 3191 4945; x_wconf 71' lang='grc' dir='ltr'>καὶ</span> <span class='ocrx_word' id='word_1_750' title='bbox 3235 4891 3447 4962; x_wconf 87' lang='grc' dir='ltr'>πρῶτον</span> <span class='ocrx_word' id='word_1_751' title='bbox 3492 4886 3748 4957; x_wconf 82' lang='grc' dir='ltr'>γενέσθαι</span> 
     </span>
    </p>
   </div>
   <div class='ocr_carea' id='block_1_109' title="bbox 2167 4983 3242 5064">
    <p class='ocr_par' dir='ltr' id='par_1_109' title="bbox 2167 4983 3242 5064">
     <span class='ocr_line' id='line_1_110' title="bbox 2167 4983 3242 5064; baseline -0.012 -16"><span class='ocrx_word' id='word_1_752' title='bbox 2167 4995 2298 5064; x_wconf 73' lang='grc' dir='ltr'>φησὶ</span> <span class='ocrx_word' id='word_1_753' title='bbox 2328 4993 2418 5046; x_wconf 83' lang='grc' dir='ltr'><strong>τὸν</strong></span> <span class='ocrx_word' id='word_1_754' title='bbox 2447 4989 2671 5062; x_wconf 72' lang='grc' dir='ltr'>όψιγενῆ</span> <span class='ocrx_word' id='word_1_755' title='bbox 2697 5007 2752 5042; x_wconf 87' lang='grc' dir='ltr'><strong>τε</strong></span> <span class='ocrx_word' id='word_1_756' title='bbox 2785 4989 2878 5040; x_wconf 62' lang='grc' dir='ltr'><strong>καὶ</strong></span> <span class='ocrx_word' id='word_1_757' title='bbox 2909 4987 3023 5058; x_wconf 79' lang='grc' dir='ltr'>μετ’</span> <span class='ocrx_word' id='word_1_758' title='bbox 3048 4983 3242 5050; x_wconf 82' lang='grc' dir='ltr'>αὑτόν;</span> 
     </span>
    </p>
   </div>
   <div class='ocr_carea' id='block_1_110' title="bbox 2239 5263 3746 5348">
    <p class='ocr_par' dir='ltr' id='par_1_110' title="bbox 2239 5263 3746 5348">
     <span class='ocr_line' id='line_1_111' title="bbox 2239 5263 3746 5348; baseline -0.012 -17"><span class='ocrx_word' id='word_1_759' title='bbox 2239 5280 2299 5331; x_wconf 88' lang='grc' dir='ltr'><strong>Β.</strong></span> <span class='ocrx_word' id='word_1_760' title='bbox 2341 5275 2686 5348; x_wconf 79' lang='grc' dir='ltr'>Ἐμπροσθεν</span> <span class='ocrx_word' id='word_1_761' title='bbox 2727 5271 2888 5326; x_wconf 80' lang='grc' dir='ltr'>αὐτὸν</span> <span class='ocrx_word' id='word_1_762' title='bbox 2931 5271 3022 5324; x_wconf 65' lang='grc' dir='ltr'><strong>καὶ</strong></span> <span class='ocrx_word' id='word_1_763' title='bbox 3054 5267 3268 5339; x_wconf 84' lang='grc' dir='ltr'>πρῶτον</span> <span class='ocrx_word' id='word_1_764' title='bbox 3295 5263 3547 5334; x_wconf 81' lang='grc' dir='ltr'>γενέσθαι</span> <span class='ocrx_word' id='word_1_765' title='bbox 3589 5263 3746 5333; x_wconf 63' lang='grc' dir='ltr'>φησὶ,</span> 
     </span>
    </p>
   </div>
   <div class='ocr_carea' id='block_1_111' title="bbox 2167 5352 3602 5437">
    <p class='ocr_par' dir='ltr' id='par_1_111' title="bbox 2167 5352 3602 5437">
     <span class='ocr_line' id='line_1_112' title="bbox 2167 5352 3602 5437; baseline -0.013 -15"><span class='ocrx_word' id='word_1_766' title='bbox 2167 5370 2311 5423; x_wconf 87' lang='grc' dir='ltr'>κατά</span> <span class='ocrx_word' id='word_1_767' title='bbox 2342 5383 2405 5435; x_wconf 85' lang='grc' dir='ltr'>γε</span> <span class='ocrx_word' id='word_1_768' title='bbox 2439 5365 2536 5437; x_wconf 79' lang='grc' dir='ltr'><strong>τήν</strong></span> <span class='ocrx_word' id='word_1_769' title='bbox 2565 5364 2743 5430; x_wconf 82' lang='grc' dir='ltr'>δόξαν,</span> <span class='ocrx_word' id='word_1_770' title='bbox 2769 5363 2957 5431; x_wconf 82' lang='grc' dir='ltr'>ὥσπερ</span> <span class='ocrx_word' id='word_1_771' title='bbox 2987 5353 3079 5411; x_wconf 75' lang='grc' dir='ltr'>οὖν</span> <span class='ocrx_word' id='word_1_772' title='bbox 3113 5352 3293 5408; x_wconf 77' lang='grc' dir='ltr'>ἔπεισί</span> <span class='ocrx_word' id='word_1_773' title='bbox 3321 5369 3409 5425; x_wconf 90' lang='grc' dir='ltr'><strong>μοι</strong></span> <span class='ocrx_word' id='word_1_774' title='bbox 3441 5353 3602 5404; x_wconf 78' lang='grc' dir='ltr'>νοεῖν.</span> 
     </span>
    </p>
   </div>
   <div class='ocr_carea' id='block_1_112' title="bbox 2241 5459 3749 5550">
    <p class='ocr_par' dir='ltr' id='par_1_112' title="bbox 2241 5459 3749 5550">
     <span class='ocr_line' id='line_1_113' title="bbox 2241 5459 3749 5550; baseline -0.016 -15"><span class='ocrx_word' id='word_1_775' title='bbox 2241 5484 2304 5535; x_wconf 78' lang='grc' dir='ltr'><strong>Δ.</strong></span> <span class='ocrx_word' id='word_1_776' title='bbox 2335 5479 2445 5534; x_wconf 69' lang='grc' dir='ltr'>Καὶ</span> <span class='ocrx_word' id='word_1_777' title='bbox 2489 5479 2594 5550; x_wconf 85' lang='grc' dir='ltr'><strong>μὴν</strong></span> <span class='ocrx_word' id='word_1_778' title='bbox 2652 5478 2733 5530; x_wconf 84' lang='grc' dir='ltr'>ὅτι</span> <span class='ocrx_word' id='word_1_779' title='bbox 2771 5473 3022 5544; x_wconf 82' lang='grc' dir='ltr'>κίϐδηλόν</span> <span class='ocrx_word' id='word_1_780' title='bbox 3068 5488 3127 5524; x_wconf 83' lang='grc' dir='ltr'><strong>τε</strong></span> <span class='ocrx_word' id='word_1_781' title='bbox 3166 5468 3260 5522; x_wconf 71' lang='grc' dir='ltr'><strong>καὶ</strong></span> <span class='ocrx_word' id='word_1_782' title='bbox 3294 5464 3498 5536; x_wconf 79' lang='grc' dir='ltr'>ἀμαθὲς</span> <span class='ocrx_word' id='word_1_783' title='bbox 3528 5462 3588 5514; x_wconf 75' lang='grc' dir='ltr'>τὸ</span> <span class='ocrx_word' id='word_1_784' title='bbox 3621 5459 3749 5530; x_wconf 77' lang='grc' dir='ltr'>τῇδε</span> 
     </span>
    </p>
   </div>
   <div class='ocr_carea' id='block_1_113' title="bbox 2170 5551 3749 5641">
    <p class='ocr_par' dir='ltr' id='par_1_113' title="bbox 2170 5551 3749 5641">
     <span class='ocr_line' id='line_1_114' title="bbox 2170 5551 3749 5641; baseline -0.016 -14"><span class='ocrx_word' id='word_1_785' title='bbox 2170 5575 2328 5638; x_wconf 88' lang='grc' dir='ltr'>νοεῖν,</span> <span class='ocrx_word' id='word_1_786' title='bbox 2359 5571 2458 5624; x_wconf 77' lang='grc' dir='ltr'>οὐκ</span> <span class='ocrx_word' id='word_1_787' title='bbox 2479 5573 2542 5624; x_wconf 85' lang='grc' dir='ltr'>ὲκ</span> <span class='ocrx_word' id='word_1_788' title='bbox 2567 5567 2792 5641; x_wconf 83' lang='grc' dir='ltr'>μακρῶν</span> <span class='ocrx_word' id='word_1_789' title='bbox 2814 5565 2936 5637; x_wconf 74' lang='grc' dir='ltr'>εἴσῃ</span> <span class='ocrx_word' id='word_1_790' title='bbox 2953 5563 3147 5632; x_wconf 76' lang='grc' dir='ltr'>λόγων.</span> <span class='ocrx_word' id='word_1_791' title='bbox 3172 5554 3614 5629; x_wconf 77' lang='grc' dir='ltr'>Παραδεξάμενοι</span> <span class='ocrx_word' id='word_1_792' title='bbox 3639 5551 3749 5620; x_wconf 76' lang='grc' dir='ltr'><strong>γὰρ</strong></span> 
     </span>
    </p>
   </div>
  </div>
