4050 6432
338 460 366 516 1
377 464 406 515 Ξ
416 463 485 516 ιιῖὶ

1446 466 1531 519 DE
1573 464 2093 521 INCARNATIONE
2133 465 2505 521 UNICENITI.

3477 475 3499 526 l
3510 473 3616 527 150

333 577 398 630 rb
426 577 739 648 ἔμπροσθεν
773 579 852 640 εἰς
885 579 944 631 τὸ
970 577 1192 649 ἄμεινον
1232 581 1289 633 ὲν
1335 582 1482 655 δόξῃ,
1515 584 1654 636 κατὰ
1695 583 1784 638 τὸν
1812 586 1927 638 ἴσον

2038 585 2102 638 de
2135 585 2442 654 praestantia
2477 585 2663 654 gloria:
2695 603 2707 638 :
2741 584 2930 640 eadem
2963 600 3180 655 quoque
3213 584 3421 640 ratione
3451 587 3615 641 etiam

337 686 443 721 που
473 667 634 736 λόγον
663 669 757 721 καὶ
790 669 850 722 τὸ
882 669 1060 724 ὀπίσω
1099 674 1368 743 φήσομεν,
1403 676 1466 727 τὸ
1501 675 1575 738 ὡς
1608 675 1664 727 ὲν
1690 675 1919 745 εὐκλείᾳ

337 759 593 830 δεύτερον
627 756 685 814 εὖ
720 761 864 831 μάλα
896 763 1253 832 καταδηλοῦν.

408 851 470 905 Β.
505 850 774 922 Περιέστη
797 851 860 922 δὴ
897 847 1010 919 οὖν,
1043 853 1118 916 ὡς
1155 853 1322 921 ἔοικε,
1353 856 1451 926 τῆς
1495 857 1741 912 Ἰωάννου
1771 859 1934 930 δόξης

336 945 604 1013 ἡττᾶσθαι
667 943 921 1016 Χριστὸν,
986 946 1080 998 καὶ
1147 945 1321 998 ὀπίσω
1374 947 1603 1018 δραμεῖν
1657 950 1936 1014 ἀσυνέτως

338 1039 610 1090 ὑπονοεῖνο
639 1035 741 1106 ἔφη
767 1037 897 1108 γὰρ,
921 1038 1003 1090 δτι
1043 1036 1248 1091 Ὀπίσω
1277 1055 1376 1107 μου
1411 1038 1629 1110 ἔρχεται
1663 1041 1825 1111 ἁνήρ.

410 1129 475 1182 Α.
524 1127 630 1181 Φεῦ
682 1129 782 1197 τῆς
835 1127 1086 1191 ἀτοπίαςι
1146 1129 1456 1199 Οὶησόμεθα
1513 1130 1622 1201 γὰρ
1682 1132 1779 1202 οὐχ
1831 1125 1934 1186 ὧδε

337 1220 508 1291 ἔχειν,
538 1221 917 1292 ἑννενοηκότες
949 1221 1126 1293 ὀρθῶς
1172 1223 1232 1275 τὸ
1281 1225 1338 1276 ἐν
1382 1224 1639 1295 Ψαλμοῖς
1683 1241 1933 1297 γεγραμ-

341 1311 527 1380 μένον,
568 1311 650 1364 ὅτι
687 1330 705 1362 ι
731 1312 828 1375 Τίς
852 1313 911 1364 ὲν
939 1312 1190 1380 νεφέλαις
1242 1313 1572 1384 ἰσωθήσεται
1602 1313 1681 1386 τῷ
1707 1317 1932 1387 Κυρίῳς

338 1404 435 1456 καὶ¹
462 1403 544 1466 τίς
574 1403 978 1473 ὁμοιωθήσεται
1005 1403 1081 1474 τῷ
1111 1404 1232 1475 Θεῷ
1265 1409 1323 1459 ὲν
1353 1409 1492 1472 υἱοῖς
1517 1407 1652 1461 Θεοῦ
1675 1424 1689 1474 ;
1715 1427 1734 1461 ι
1775 1411 1932 1462 Ἀναο

335 1493 522 1549 θετέον
565 1489 658 1546 οὖν
697 1494 805 1565 ἄρα
847 1495 941 1548 καὶ
978 1495 1115 1565 μετὰ
1165 1496 1366 1567 σαρκὸς
1414 1496 1566 1569 αὑτῷ
1602 1497 1664 1551 τὸ
1698 1499 1938 1572 πρεσϐύ-

337 1600 527 1648 τατον,
570 1584 646 1648 ὡς
685 1585 804 1655 Θεῷ
850 1586 991 1639 κατὰ
1031 1585 1191 1655 φύσιν
1221 1585 1476 1640 ἑνωθέντι
1508 1587 1694 1658 σαρκὶ,
1737 1589 1830 1641 καὶ
1867 1589 1935 1642 τὰ

337 1675 441 1744 τῆς
471 1675 607 1737 ιδίας
638 1674 854 1745 φύσεως
905 1677 1090 1744 ἀγαθὰ
1119 1681 1446 1734 κοινοποϊειν
1476 1677 1689 1732 εἰωθότι
1709 1679 1788 1751 τῷ
1820 1680 1936 1751 ἰδίῳ

341 1765 580 1837 σώματι.

410 1859 471 1913 Β.
505 1860 735 1930 Ἀριστα
768 1858 872 1930 ἔφη
883 1877 928 1922 ς.

410 1951 477 2003 Δ.
510 1950 681 2003 Τοῦτο
708 1949 752 2003 δ’
789 1950 855 2004 ἂν
895 1952 1108 2022 μάθοις,
1139 1945 1242 2006 ὧδέ
1271 1969 1333 2005 τε
1369 1946 1492 2023 ἔχον
1525 1952 1622 2006 καὶ
1645 1953 1935 2025 εἰρημένον

331 2041 538 2113 ὀρθῶς,
571 2043 664 2095 καὶ
691 2041 751 2106 ἐξ
779 2044 1000 2114 ἐτέρων,
1017 2038 1062 2096 ὦ
1085 2045 1206 2110 τᾶν,
1229 2045 1392 2116 εἴπερ
1409 2045 1569 2110 ἕλοιο,
1599 2045 1934 2118 μαρτυριῶν.

342 2135 492 2206 Ἔφη
551 2134 650 2203 μὲν
691 2136 800 2204 γάρ
851 2152 955 2187 που
1008 2135 1140 2198 Θεὸς
1189 2137 1324 2206 περί
1373 2136 1467 2189 τοῦ
1517 2139 1581 2190 ὲκ
1622 2137 1936 2208 σπέρματος

337 2224 528 2288 Δασὶδ,
568 2224 630 2278 τὸ
658 2226 799 2278 κατὰ
832 2227 1012 2296 σάρκα
1046 2227 1312 2298 Χριστοῦ,
1357 2228 1426 2280 δι’
1460 2229 1576 2291 ἑνὸς
1621 2231 1730 2282 τῶν
1764 2231 1934 2298 ἁγίων

341 2317 661 2390 προφητῶν·
702 2337 719 2367 ι
745 2319 854 2371 Καὶ
890 2321 975 2384 σὺ,
1011 2320 1278 2391 Βηθλεὲμ,
1328 2317 1478 2383 οἶκος
1517 2321 1610 2374 τοῦ
1667 2324 1930 2394 Ἐφραθᾶ,

331 2409 620 2478 ὀλιγοστὸς
667 2407 716 2462 εἶ
763 2409 857 2464 τοῦ
901 2407 1040 2464 εἶναι
1089 2414 1147 2464 ὲν
1201 2413 1443 2482 χιλιάσιν
1497 2414 1685 2466 Ἰούδα⁶
1735 2418 1797 2468 ὲκ
1836 2415 1931 2469 σοῦ

343 2518 436 2571 μοι
464 2500 806 2567 ἐξελεύσεται
827 2501 921 2554 τοῦ
954 2499 1092 2556 εἶναι
1121 2505 1202 2568 εἰς
1228 2504 1470 2575 ἄρχοντα
1500 2507 1556 2558 ὲν
1587 2504 1662 2576 τῷ
1694 2507 1928 2578 Ἰσραὴλ,

340 2594 438 2647 καὶ
475 2595 530 2646 αἱ
571 2593 736 2658 ἔξοδοι
784 2594 950 2648 αὐτοῦ
993 2597 1248 2666 άπαρχῆς
1289 2596 1352 2660 te
1401 2597 1625 2667 ἡμερῶν
1665 2598 1880 2662 αἰῶνος.
1909 2618 1928 2652 ι

340 2689 480 2760 Περὶ
506 2688 564 2741 δέ
594 2704 658 2755 γε
706 2687 814 2742 τῶν
853 2688 986 2741 υἱῶν
1031 2687 1268 2760 Ἰσραὴλ,
1303 2691 1335 2742 ὀ
1375 2688 1664 2760 ἱερώτατος
1700 2690 1929 2753 Παῦλος·

347 2799 364 2832 ι
397 2782 519 2835 Ὀτι
571 2781 772 2844 πάντες
815 2782 892 2844 εἰς
944 2782 1033 2833 τὸν
1082 2781 1291 2851 Μωσῆν
1336 2781 1746 2852 ἓῦαπτὶσθησαν
1781 2783 1838 2834 ὲν
1865 2785 1933 2854 τῇ

341 2874 540 2944 νεφέλῃ
585 2873 682 2926 καὶ
730 2875 786 2926 ὲν
831 2876 898 2943 τῇ
941 2873 1206 2945 θαλάσσῃ,
1249 2872 1344 2927 καὶ
1391 2873 1592 2935 πάντες
1626 2873 1822 2944 βρῶμα
1872 2875 1935 2927 τὸ

343 2961 716 3032 πνευματικὸν
767 2961 994 3030 ἔφαγον,
1045 2963 1140 3016 καὶ
1189 2965 1394 3024 πάντες
1435 2961 1497 3015 τὸ
1528 2962 1659 3015 αὐτὸ
1692 2981 1936 3034 πνευμα-

341 3055 492 3108 τικὸν
531 3055 684 3108 ἔπιον
715 3055 889 3125 πόμα.
931 3055 1156 3108 Ἐπινον
1181 3057 1288 3126 γάρ
1311 3056 1379 3109 ἐκ
1399 3057 1776 3127 πνευματικῆς
1799 3057 1932 3110 ἀκο-

341 3143 642 3213 λουθούσης
698 3146 924 3216 πέτρας.
989 3146 1054 3198 Ἦ
1107 3147 1280 3217 πέτρα
1329 3145 1388 3198 δὲ
1437 3141 1506 3217 ἦν
1547 3147 1576 3197 ὁ
1621 3148 1876 3218 Χριστός.
1908 3166 1927 3198 ι

345 3235 540 3308 Ἀθρει
571 3235 636 3306 δὴ
671 3232 763 3288 οὖν
786 3237 843 3288 ὲν
869 3235 1090 3307 Χριστῷ
1128 3235 1302 3305 Ἰησοῦ
1339 3234 1464 3288 καθ’
1499 3235 1692 3290 ἕνωσιν
1724 3239 1932 3290 οῑκονο-
1961 3261 2003 3316 C

346 3328 516 3399 μικήν
558 3327 620 3380 τὸ
672 3327 855 3390 ἱδικῶς
893 3327 988 3380 τοῦ
1034 3327 1206 3399 Λόγου
1263 3326 1655 3398 πρεσϐύτατον.
1711 3323 1786 3381 Ἦ
1835 3329 1935 3382 οὐκ

335 3423 582 3494 ἐναργὴς
644 3423 672 3475 ὀ
721 3421 916 3489 λόγος;
969 3420 1071 3473 Τὸν
1121 3420 1230 3491 γάρ
1280 3437 1364 3472 τοι
1426 3420 1804 3492 Βηθλεεμίτην
1859 3422 1937 3486 ὡς

339 3513 632 3585 ἄνθρωπον
664 3513 759 3566 καὶ
790 3514 853 3564 ὲκ
882 3511 1165 3581 γυναικὸς,
1199 3511 1452 3581 ἀπαρχῆς
1501 3513 1693 3573 αἰῶνος
1718 3513 1816 3577 τὰς
1846 3513 1936 3579 £5-

335 3605 496 3670 ὁδους
525 3604 669 3676 ἔχειν
699 3602 757 3658 εὖ
786 3605 930 3675 μάλα
961 3605 1143 3673 φησιν.
1162 3605 1252 3658 Ἐν
1280 3606 1422 3676 ἀρχῇ
1452 3604 1560 3675 γὰρ
1588 3601 1675 3677 ἦν,
1714 3608 1807 3659 καὶ
1832 3608 1938 3678 πρὸ

337 3698 549 3762 παντὸς
583 3697 800 3762 αἰῶνος,
837 3699 864 3750 ὁ
891 3697 1318 3767 ὲνανθρωπήσας
1349 3698 1541 3766 Λόγος,
1560 3701 1653 3752 καὶ
1682 3700 1843 3763 αὐτὸς
1868 3696 1937 3772 ἦν

342 3790 379 3858 ἡ
417 3787 626 3858 πέτρα,
667 3785 992 3856 δεδιψηκότα
1031 3786 1123 3840 τὸν
1167 3787 1386 3858 Ἰσραὴλ
1433 3791 1547 3851 τοῖς
1577 3789 1709 3860 παρ’
1748 3790 1938 3843 ἐλπίδα

343 3882 440 3936 καὶ
467 3880 754 3952 ἀδοκήτοις
777 3879 1136 3951 ὲκμεθὺσκων
1173 3879 1401 3950 νάμασι,
1433 3880 1611 3934 καίτοι
1655 3882 1937 3951 γεννηθεὶς

342 3970 489 4027 κατά
526 3987 590 4041 γε
625 3971 724 4042 τὴν
755 3971 935 4042 σάρκα
975 3973 1069 4024 καὶ
1111 3971 1172 4024 τὸ
1200 3971 1542 4042 ἀνθρώπινον
1585 3974 1642 4024 ὲν
1685 3974 1936 4043 ἐσχάτοις

342 4064 578 4134 καιροῖς,
611 4062 702 4115 καὶ
731 4061 1090 4132 κεχρισμένος
1119 4062 1198 4122 εἰς
1230 4061 1331 4130 τὴν
1360 4063 1438 4124 εις
1473 4061 1678 4129 κόσμον
1704 4063 1937 4117 ἀποστο-

340 4155 442 4226 λὴν
472 4154 623 4226 παρὰ
655 4153 749 4207 τοῦ
776 4153 909 4207 Θεοῦ
941 4153 1036 4206 καὶ
1066 4151 1298 4221 Πατρός.
1349 4150 1786 4218 Κατωνόμασται
1825 4154 1934 4224 γὰρ

335 4249 442 4320 οὐχ
494 4249 682 4319 ἑτέρου
734 4264 829 4300 του
879 4245 1060 4318 χάριν,
1109 4243 1224 4298 ἀλλ’
1266 4243 1298 4312 ἢ
1349 4243 1436 4298 διὰ
1485 4247 1644 4300 τοῦτο
1675 4248 1931 4317 Χριστός·

341 4341 580 4412 Χριστὸς
645 4339 700 4392 δὲ
739 4334 807 4408 ἧν
855 4339 888 4407 ἡ
939 4338 1135 4409 πέτρα,
1164 4335 1304 4390 κατὰ
1341 4337 1432 4391 τὸν
1471 4337 1702 4394 Παῦλον.
1731 4335 1808 4392 Ἦ
1843 4341 1934 4392 ὲν-

335 4433 588 4487 δοιαστδν
612 4432 672 4485 τὸ
706 4431 896 4502 χρῆμα
919 4432 1064 4503 ἐρεῖς
1085 4447 1099 4496 ;

415 4525 476 4578 Β.
511 4525 798 4594 Οὐδαμῶς.

2039 675 2187 740 illud,
2215 688 2354 746 post,
2386 679 2626 732 dicemus
2653 677 2959 746 signiﬁcare
2989 678 3302 732 inferiorem
3332 676 3525 748 gloria.

2110 875 2168 928 Β.
2213 875 2566 930 Statuendum
2597 876 2778 944 itaque
2801 876 2925 940 erit,
2951 875 3315 944 meoiudicio,
3342 876 3616 935 Christum

2035 967 2243 1022 Joanne
2269 967 2580 1022 inferiorem
2609 969 2776 1039 gloria
2804 957 2947 1024 esse.
2981 969 3128 1024 Dixit
3154 970 3296 1022 enim
3329 988 3342 1023 :
3376 970 3503 1026 Post
3532 989 3619 1028 me

2036 1062 2215 1115 veniet
2244 1061 2344 1115 vir.

2109 1152 2176 1208 A.
2215 1151 2370 1205 Absit
2408 1159 2553 1206 tanta
2588 1151 2929 1206 absurditas!
2960 1152 3140 1206 Facile
3171 1154 3313 1207 enim
3349 1154 3616 1225 indicabi-

2040 1258 2159 1296 mus
2189 1257 2299 1296 rem
2329 1244 2399 1296 ita
2429 1245 2488 1296 se
2519 1259 2622 1296 non
2653 1244 2872 1308 habere,
2899 1246 2942 1298 si
2976 1245 3184 1299 illud-in
3215 1247 3444 1302 Psalmis
3472 1249 3613 1303 scri-

2037 1340 2186 1400 ptum
2225 1343 2368 1386 recte
2404 1333 2766 1402 intelligamus
2799 1351 2812 1387 :
2851 1351 2870 1384 ι
2910 1333 3174 1400 Quoniam
3211 1339 3331 1404 quis
3364 1338 3416 1390 in
3453 1338 3612 1392 nubi-

2037 1425 2138 1478 bus
2170 1425 2474 1491 aequahitnr
2507 1423 2778 1478 Domino?
2810 1433 2863 1478 et
2897 1425 3020 1494 quis
3053 1425 3248 1480 similis
3280 1429 3381 1481 erit
3420 1429 3528 1482 Deo
3561 1430 3614 1483 in

2039 1515 2162 1570 llliis
2193 1516 2283 1570 Dei
2303 1516 2387 1569 ἠ
2423 1535 2441 1566 ι
2478 1515 2787 1570 Tribnenda
2821 1517 2999 1584 itaque
3029 1527 3115 1570 cst
3145 1516 3268 1584 ipsi,
3300 1521 3461 1570 etiam
3494 1534 3618 1573 cum

2038 1622 2226 1674 carne,
2259 1607 3001 1677 antiquitatispraerogativa,
3033 1610 3287 1663 nimirum
3310 1620 3367 1663 ut
3388 1611 3497 1665 Deo
3527 1627 3622 1664 na-

2040 1699 2284 1753 turaliter
2328 1701 2480 1753 nnito
2525 1701 2700 1761 carni,
2741 1703 2941 1771 quique
2990 1701 3221 1771 propriae
3263 1717 3373 1757 sua!
3421 1713 3623 1757 natura!

2038 1789 2177 1842 bona
2208 1790 2418 1858 corpori
2452 1791 2614 1844 etiam
2647 1806 2744 1844 suo
2775 1793 3180 1846 communicare
3207 1794 3514 1849 consuevit.

2111 1878 2170 1932 Β.
2213 1878 2426 1948 Optime
2457 1882 2613 1935 dicis.

2113 1972 2177 2025 A.
2220 1969 2331 2024 Hoc
2355 1986 2484 2025 vero
2512 1973 2581 2026 ita
2611 1988 2666 2026 se
2695 1973 2914 2040 habere,
2946 1983 3199 2043 recteque
3217 1976 3330 2031 dici
3360 1977 3524 2030 etiam
3553 1993 3621 2032 ex

2039 2061 2158 2116 aliis
2190 2062 2511 2115 testimoniis
2539 2063 2750 2115 discere
2781 2064 2998 2131 poteris.
3028 2063 3102 2116 lla
3131 2065 3276 2118 enim
3310 2066 3450 2118 Deus
3483 2065 3615 2120 alibi

2039 2167 2133 2219 per
2167 2153 2454 2221 quemdam
2503 2155 2886 2221 prophetarum
2932 2153 2999 2206 de
3039 2154 3255 2208 Christo
3299 2171 3363 2210 ex
3413 2157 3622 2210 semine

2039 2241 2204 2294 David
2242 2241 2536 2294 secundum
2574 2256 2794 2294 cnruem
2837 2243 3073 2309 loquitur
3106 2261 3119 2296 :
3163 2263 3180 2295 ι
3225 2243 3290 2297 Ει
3330 2254 3418 2310 ιιι,
3459 2245 3622 2300 Beth-

2038 2330 2232 2395 lehcm,
2257 2332 2445 2384 domus
2469 2329 2766 2398 Ephratha,
2790 2333 3009 2386 minima
3035 2347 3092 2388 es
3117 2333 3168 2387 in
3201 2334 3431 2388 millibus
3451 2333 3619 2402 Juda;

2037 2438 2100 2476 ex
2141 2432 2191 2475 te
2226 2423 2354 2474 mihi
2392 2424 2701 2490 egredietur
2735 2425 2823 2490 qni
2863 2424 2933 2477 sit
2971 2425 3279 2479 dominator
3315 2427 3366 2480 in
3403 2425 3568 2482 Israel
3602 2442 3618 2480 :

2037 2522 2089 2566 et
2123 2527 2375 2582 egressus
2409 2514 2524 2580 ejus
2559 2515 2626 2567 ah
2663 2514 2815 2568 initio
2850 2529 2877 2567 a
2917 2516 3108 2570 diebus
3142 2518 3463 2572 aeternitatis
3483 2517 3554 2571 ".
3594 2537 3614 2570 ι

2039 2603 2112 2657 De
2149 2604 2273 2656 ﬁliis
2311 2615 2488 2656 autem
2531 2602 2693 2658 Israel
2734 2605 3104 2658 divinissimus
3144 2605 3342 2661 Paulus
3378 2607 3449 2660 ita
3488 2608 3566 2662 ait
3599 2627 3618 2662 τ

2043 2714 2061 2745 ι
2096 2693 2230 2760 Quia
2261 2709 2449 2748 omnes
2483 2695 2532 2748 in
2567 2695 2748 2766 Moyse
2782 2697 3036 2766 haptizati
3069 2707 3193 2752 sunt
3227 2699 3278 2750 iu
3315 2699 3456 2753 nube
3483 2708 3533 2752 et
3563 2699 3618 2754 in

2038 2785 2197 2848 mari,
2230 2793 2283 2837 et
2313 2799 2503 2838 omnes
2529 2787 2774 2837 eamdem
2807 2800 2990 2838 escam
3023 2785 3359 2852 spiiittlaletn
3395 2787 3622 2840 mandu-

2039 2884 2323 2938 caverunt,
2359 2883 2412 2928 et
2443 2890 2633 2928 omnes
2669 2875 2918 2928 etnndent
2955 2887 3140 2942 potum
3176 2875 3506 2945 spiritualem
3541 2875 3624 2930 bi-

2038 2964 2252 3020 berunt.
2302 2965 2563 3018 Bihebaut
2617 2965 2760 3018 enim
2810 2965 2878 3019 de
2928 2965 3192 3034 spirituali
3249 2978 3621 3034 consequente

2039 3068 2130 3108 eos
2165 3063 2337 3122 petra.
2372 3050 2530 3104 Petra
2564 3059 2743 3105 autem
2775 3062 2890 3104 erat
2922 3052 3169 3108 Christus
3193 3055 3261 3106 “.
3303 3073 3321 3105 ι
3359 3054 3625 3108 Animad-

2037 3153 2188 3197 verte
2217 3126 2398 3211 itaque
2429 3143 2481 3195 in
2512 3143 2732 3196 Christo
2758 3142 2885 3196 Jesu
2920 3144 3129 3197 ratione
3159 3144 3380 3197 unitatis
3411 3159 3509 3211 per
3538 3146 3621 3198 in-

2037 3237 2405 3288 carnationem
2453 3234 2606 3285 factae
2650 3233 2976 3300 peculiarem
3013 3233 3172 3287 Verbi
3219 3235 3622 3303 antiquitatem.

2036 3323 2230 3379 Nonne
2274 3325 2368 3378 tibi
2413 3325 2545 3377 satis
2589 3334 2775 3393 aperte
2820 3324 2936 3378 hare
2981 3325 3120 3380 dicta
3159 3327 3442 3382 videntur?
3483 3326 3616 3383 Nam

2036 3417 2508 3477 Bethlehemitam,
2529 3429 2585 3469 ut
2605 3417 2876 3472 hominem
2904 3426 2956 3470 et
2985 3432 3050 3470 ex
3079 3418 3300 3471 muliere
3329 3431 3530 3482 natum,
3551 3420 3631 3475 ab-

2039 3512 2194 3566 initio
2235 3509 2420 3582 ismculi
2473 3523 2726 3578 egressus
2780 3507 2976 3561 habere
3033 3509 3182 3562 dicit.
3241 3510 3296 3562 In
3352 3511 3633 3581 principio

2037 3605 2180 3658 enim
2220 3611 2361 3668 erat,
2400 3614 2453 3657 et
2497 3611 2620 3654 ante
2656 3601 2835 3654 omnia
2876 3598 3072 3654 saecula
3120 3600 3458 3655 iucaruatum
3491 3602 3621 3657 Vero

2038 3697 2188 3761 Imm,
2227 3705 2281 3748 et
2327 3697 2501 3764 ipsum
2545 3703 2663 3747 crat
2709 3704 2882 3760 petra,
2923 3693 3178 3748 Israelem
3227 3696 3317 3748 siti
3365 3694 3617 3750 aﬂ'ectum

2040 3789 2319 3858 repentina
2357 3796 2523 3856 atque
2558 3785 2832 3854 inopinata
2868 3801 3131 3855 aquarum
3167 3787 3497 3856 scaturigine
3532 3803 3622 3843 sa-

2039 3883 2199 3944 tians,
2233 3880 2442 3934 tametsi
2475 3887 2657 3931 natum
2685 3877 2752 3930 sit
2782 3875 3076 3930 secundum
3105 3892 3320 3932 carnem
3349 3889 3401 3930 et
3429 3881 3620 3932 Imma-

2036 3972 2259 4026 nitatem
2310 3971 2362 4024 in
2410 3969 2721 4023 novissimis
2769 3970 3099 4034 temporibus
3146 3985 3158 4020 :
3211 3979 3512 4038 unctusque
3562 3971 3622 4026 iit

2037 4061 2398 4132 apostolatum
2440 4061 2490 4113 in
2531 4059 2787 4112 mundum
2829 4073 2859 4112 a
2895 4057 3005 4112 Dco
3049 4075 3112 4112 ac
3149 4059 3327 4114 Patre.
3365 4061 3497 4114 Nam
3540 4062 3624 4116 id-

2037 4157 2204 4216 circo,
2238 4167 2416 4221 neque
2445 4150 2607 4204 aliam
2639 4153 2708 4204 ob
2737 4164 2953 4204 causam
2987 4162 3206 4206 meatus
3232 4163 3313 4206 est
3341 4153 3615 4217 Christus,

2037 4248 2150 4302 sive
2186 4255 2401 4299 unetus.
2435 4243 2683 4298 Christus
2713 4251 2892 4296 autem
2925 4255 3041 4298 erat
3073 4254 3253 4311 petra.
3283 4246 3436 4316 juxta
3477 4247 3616 4302 Pau-

2037 4340 2166 4394 lum.
2210 4340 2364 4393 Anne
2413 4337 2764 4393 dubitandum
2813 4337 2914 4393 hac
2960 4338 3010 4391 in
3056 4351 3114 4392 re
3159 4339 3452 4408 quidquam
3496 4356 3617 4396 esse

2037 4430 2267 4486 censes?

2113 4523 2172 4576 Β.
2217 4520 2588 4590 Nequaquam.

413 4618 480 4670 Λ.
529 4617 947 4684 Ἐπαγωνιεῖται
975 4616 1032 4669 δὲ
1069 4618 1160 4671 καὶ
1206 4617 1529 4689 συναθλήσει
1559 4617 1804 4688 τῷλόγῳ
1839 4620 1934 4672 καὶ

2113 4616 2178 4667 Α.
2218 4613 2521 4667 Continuat
2566 4626 2694 4665 vero
2743 4611 2882 4666 hanc
2931 4613 3291 4679 sententiam,
3336 4623 3390 4667 et
3437 4623 3616 4670 tuetur

343 4709 374 4760 δ
428 4708 590 4775 σοφὸς
644 4708 938 4776 Ἰωάννης,
989 4708 1274 4778 μονονουχὶ
1315 4710 1408 4762 καὶ
1453 4709 1789 4780 συναγείρων
1833 4710 1932 4774 τὰς

343 4798 557 4868 φύσεις,
593 4800 684 4852 καὶ
724 4801 801 4861 εἰς
830 4801 1193 4868 μισγάγκειαν
1221 4801 1368 4868 ἄγων
1391 4799 1498 4852 τῶν
1531 4803 1768 4872 ἑκατέρᾳ
1795 4819 1930 4874 πρε-

344 4889 558 4943 πόντων
587 4890 892 4959 ἰδιωμάτων
940 4891 1041 4961 τὴν
1069 4889 1322 4960 δύναμιν.
1375 4891 1483 4944 Θέα
1514 4892 1620 4962 γὰρ
1660 4893 1688 4944 ὃ
1727 4909 1892 4962 φησιν
1913 4909 1927 4924 ο

349 4998 371 5031 ι
398 4981 463 5032 '0
504 4976 572 5051 ἦν
611 4981 888 5052 ἁπαρχῆς,
921 4979 950 5033 δ
997 4981 1336 5052 ἀκηκόαμεν,
1379 4982 1408 5035 ὃ
1452 4984 1780 5053 ἑωράκαμεν
1817 4987 1930 5047 τοῖς

343 5070 648 5141 ὀφθαλμοῖς
673 5071 852 5142 ἡμῶν,
881 5071 909 5124 ὃ
939 5070 1302 5142 ἐθεασάμεθα,
1344 5074 1438 5126 καὶ
1464 5074 1518 5125 αἱ
1561 5077 1745 5143 χεῖρες
1771 5076 1802 5144 ἡ
1814 5074 1930 5143 μῶν

347 5161 710 5231 ἐψηλάφησαν
750 5163 878 5234 περὶ
921 5161 1014 5215 τοῦ
1051 5163 1226 5231 Λόγου
1264 5165 1363 5233 τῆς
1405 5163 1572 5232 ζωῆς,
1621 5165 1717 5218 καὶ
1747 5167 1779 5234 ἡ
1815 5165 1928 5236 ζωὴ

346 5251 691 5322 ἐφανερώθη,
716 5252 810 5305 καὶ
831 5252 1176 5323 ἑωράκαμεν,
1197 5253 1288 5305 καὶ
1316 5253 1721 5325 μαρτυροῦμεν,
1752 5256 1932 5323 ἀπαγ-

347 5343 614 5414 γέλλομεν
645 5345 774 5414 ὑμῖν
801 5343 901 5414 τὴν
947 5343 1091 5414 ζωὴν
1118 5344 1217 5415 τὴν
1247 5343 1484 5411 αἰώνιον,
1520 5345 1641 5414 ἥτις
1682 5340 1751 5412 ἦν
1793 5345 1929 5415 πρὸς

347 5435 440 5489 τὸν
477 5437 716 5508 Πατέρα,
763 5435 857 5487 καὶ
893 5435 1215 5507 ἐφανερώθη
1257 5438 1408 5507 ἡμῖν.
1437 5455 1456 5487 t
1503 5435 1637 5489 Ἰδοὺ
1677 5435 1768 5489 τὸν
1805 5437 1934 5489 ὄντα

348 5527 628 5596 ἀπαρχῆς,
675 5520 856 5595 ὦφθαι
890 5529 956 5595 γέ
1011 5545 1175 5597 φησιν
1223 5528 1490 5598 ἐναργῶς,
1536 5527 1824 5596 ὑπομεῖναί
1875 5545 1934 5580 τε

350 5619 446 5672 καὶ
469 5618 632 5689 ἁφήν.
684 5617 1070 5690 ’Λνεκεκράγει
1098 5619 1207 5690 γὰρ
1248 5622 1276 5672 ὁ
1326 5620 1548 5690 Θωμᾶςο
1578 5639 1596 5670 ι
1628 5621 1684 5673 '0
1727 5619 1934 5690 Κύριός

355 5726 487 5777 μου,
538 5711 631 5764 καὶ
655 5712 684 5764 δ
706 5710 838 5774 Θεός
866 5729 988 5781 μου,
1017 5731 1034 5764 ι
1070 5713 1456 5785 άναμετρήσας
1487 5713 1736 5783 δακτύλῳ
1771 5713 1934 5766 πλευο

424 5885 472 5918 ²¹
496 5883 640 5942 Psal.
673 5902 935 5951 Lxxxvut,
965 5885 1015 5942 7.

1113 5888 1159 5918 ’³
1192 5886 1352 5942 Miclt.
1388 5902 1442 5952 ν,
1479 5889 1534 5944 2.
1611 5889 1656 5920 "
1685 5888 1698 5942 Ι
1727 5888 1852 5942 Cor.
1888 5903 1942 5954 κ,
1973 5886 2095 5944 2-4.
2176 5887 2220 5918 "
2251 5889 2264 5943 1
2298 5888 2451 5944 Joan.
2487 5906 2520 5957 I,
2560 5890 2610 5955 1,
2646 5889 2698 5944 ‘2.

2039 4707 2294 4771 Joannes,
2323 4706 2484 4776 712
2515 4713 2724 4758 tantum
2757 4719 2860 4758 non
2889 4721 3222 4775 congregans
3250 4707 3298 4758 in
3327 4723 3489 4761 unum
3519 4724 3615 4761 na-

2039 4809 2222 4861 turas,
2254 4807 2308 4850 et
2339 4797 2726 4867 prolirielatum
2761 4808 2878 4860 qua!
2910 4796 3121 4864 utrique
3150 4797 3477 4850 conveniunt
3507 4801 3612 4851 vim

2039 4905 2104 4944 ac
2130 4889 2380 4942 virtutem
2410 4888 2461 4940 in
2493 4902 2652 4940 unam
2683 4887 3040 4941 conﬂuentem
3068 4888 3292 4940 ducens.
3316 4887 3445 4941 Vide
3471 4888 3614 4942 enim

2036 4980 2168 5051 quid
2214 4979 2409 5032 dicat:
2461 4995 2480 5026 ι
2524 4979 2676 5043 Quod
2717 4989 2836 5031 crat
2882 4978 2949 5030 ab
2995 4977 3179 5041 initio;
3224 4979 3366 5047 quod
3410 4979 3617 5037 audivi-

2039 5087 2179 5137 mus,
2215 5072 2359 5140 quod
2400 5071 2634 5124 vidimus
2673 5070 2846 5124 oculis
2891 5071 3121 5136 nostris;
3160 5077 3300 5139 quod
3341 5071 3615 5138 perspexi-

2038 5155 2193 5226 mus,
2235 5172 2289 5215 et
2332 5176 2526 5216 manus
2569 5169 2766 5214 nostrae
2810 5168 3288 5215 coutrectaverunt
3333 5163 3400 5213 de
3433 5158 3614 5212 Verbo

2037 5255 2182 5307 vitai.
2211 5251 2278 5306 Et
2309 5255 2414 5305 vita
2450 5251 2795 5306 manifestata
2833 5262 2944 5316 est,
2979 5263 3035 5306 et
3065 5253 3330 5315 vidimus,
3362 5261 3417 5303 et
3451 5262 3616 5306 testa.

2039 5361 2180 5408 mur,
2225 5345 2607 5400 aunuutiamus
2651 5345 2804 5398 vobis
2841 5345 3004 5396 vitam
3044 5352 3300 5396 aeternam
3343 5358 3461 5411 quae
3499 5353 3612 5397 erat

2037 5438 2175 5506 apud
2209 5437 2445 5502 Patrem,
2477 5447 2534 5492 et
2562 5438 2808 5507 apparuit
2841 5437 2994 5490 nobis
3014 5437 3081 5492 ".
3123 5455 3142 5487 ι
3179 5433 3338 5490 Vides
3370 5452 3490 5489 eum
3522 5437 3611 5504 qui

2038 5526 2139 5580 fuit
2163 5528 2232 5581 ab
2259 5527 2434 5591 initio,
2466 5526 2752 5581 manifeste
2778 5528 2950 5580 visum
2980 5527 3168 5592 fuisse,
3197 5536 3251 5580 et
3279 5527 3422 5596 tangi
3452 5527 3614 5581 susti—

2039 5618 2240 5674 nuisse.
2266 5617 2597 5672 Exclamavit
2625 5619 2765 5672 enim
2790 5617 3026 5672 Thomas
3053 5635 3067 5670 :
3100 5635 3119 5669 ι
3155 5617 3412 5672 Dominus
3440 5631 3612 5679 meus,

2039 5720 2093 5763 et
2136 5708 2278 5764 Deus
2322 5724 2472 5764 meus
2501 5710 2568 5776 ",
2621 5729 2639 5761 ο
2689 5725 2809 5763 cum
2861 5717 3219 5779 perteutasset
3259 5709 3426 5780 digito
3472 5708 3610 5762 latus

2777 5891 2822 5922 "
2853 5888 3009 5944 Joan.
3044 5903 3133 5953 xx,
3161 5889 3252 5944 9.8.
