4050 6412
448 428 579 484 1351

1437 419 1500 475 S.
1542 412 1819 471 CYNLLI
1860 406 2337 466 ALEXANDRINI
2379 405 2693 462 ARCHIEP.

3586 390 3728 456 ηδε

448 544 720 616 corporis.
763 551 819 599 et
865 539 1210 613 pertusiones
1252 538 1367 595 sive
1417 535 1684 592 foramina
1731 533 2028 588 clavorum.

2151 527 2237 579 adv
2260 543 2319 578 τε
2354 526 2452 596 τὴν
2507 510 2759 595 σώματος
2800 523 2895 578 καὶ
2929 522 3029 588 τὰς
3063 521 3378 596 διατρήσεις
3409 519 3518 575 τῶν
3554 520 3723 592 ἥλων.

445 638 587 706 Quin
619 650 676 692 et
708 636 920 692 divinus
953 632 1125 688 Lucas
1155 631 1233 685 ait
1263 637 1482 685 sanctos
1511 625 1787 697 apostolos
1819 633 2035 694 specta-

449 740 597 785 tores
633 736 689 783 et
730 727 1007 782 ministros
1032 723 1191 779 Verbi
1230 721 1398 776 fuisse
1420 720 1489 773 ’⁷.
1526 717 1727 773 Factus
1765 724 1850 770 est
1885 715 2033 769 enim

447 836 775 891 conspicuus
821 818 910 886 qui
962 825 1045 871 est
1090 817 1477 885 incorporeus,
1522 819 1579 866 et
1624 806 2034 866 contrectabilis

448 912 540 981 qui
575 910 718 980 tangi
752 909 970 979 nequit,
1002 921 1227 961 carnem
1258 919 1420 975 quam
1455 901 1633 956 induit
1663 915 1769 955 non
1801 899 2033 953 alienam

448 1017 480 1058 ι
515 1017 571 1057 se
604 1000 842 1065 habens,
878 998 974 1053 sed
1006 997 1286 1066 proprium
1322 994 1425 1049 sibi
1465 992 1721 1062 templum
1754 989 2031 1055 elﬁciens;

449 1102 504 1148 et
550 1108 673 1147 cum
720 1106 784 1145 ea
835 1089 1083 1160 cognitus
1136 1098 1196 1143 ut
1247 1088 1390 1141 Deus
1440 1094 1496 1140 et
1547 1083 1828 1165 Dominus.
1879 1080 2033 1136 Nosti

449 1186 612 1240 etiam
639 1184 766 1254 quid
792 1181 1174 1238 sanctissimus
1200 1180 1289 1234 ille
1313 1177 1512 1233 Paulus
1537 1177 1728 1231 scribit
1753 1194 1767 1230 :
1795 1192 1814 1226 ι
1842 1171 2036 1241 Nemo,

452 1278 651 1348 inquit,
693 1273 1083 1347 nostrurmsibi
1124 1272 1281 1336 vivit,
1325 1280 1381 1324 et
1420 1283 1583 1324 nemo
1630 1267 1734 1322 sibi
1781 1268 2032 1320 moritur.

454 1372 579 1425 Sive
605 1368 751 1422 enim
776 1367 1032 1429 vivimus,
1063 1363 1286 1417 Domino
1312 1361 1575 1426 vivimus;
1600 1360 1718 1413 sive
1746 1359 2032 1423 morimur,

457 1458 683 1514 Domino
709 1459 991 1512 morimur.
1020 1454 1147 1509 Sive
1171 1466 1299 1521 ergo
1326 1451 1580 1514 vivimus,
1606 1449 1724 1502 sive
1750 1447 2034 1513 morimur,

451 1549 664 1605 Domini
701 1563 912 1603 sumus.
948 1547 1003 1601 lu
1043 1547 1146 1601 hoc
1182 1545 1325 1598 enim
1359 1541 1611 1598 Christus
1644 1550 1892 1593 mortuus
1927 1545 2031 1602 est,

450 1653 507 1696 et
535 1641 859 1703 resurrexit,
886 1646 944 1694 ut
975 1647 1028 1692 et
1058 1637 1305 1691 vivorum
1337 1642 1392 1688 et
1421 1642 1757 1686 mortuorum
1789 1628 2036 1683 domine-

449 1745 541 1789 tur
573 1733 641 1789 ’⁸.
680 1752 699 1786 ι
735 1731 961 1788 Constat
994 1729 1176 1798 itaque
1213 1726 1353 1796 quod
1390 1739 1578 1779 revera
1611 1723 1921 1778 dominatus
1965 1719 2037 1775 sit

2136 617 2470 687 Γεγενῆσθαι
2517 617 2575 670 δέ
2610 633 2742 687 φησι
2781 616 2908 679 τοὺς
2942 616 3135 685 ἁγίους
3179 612 3515 677 ἀποστόλους
3556 614 3653 666 καλ⁸
3696 615 3729 667 6

2136 709 2279 772 θεῖος
2307 711 2441 779 ἡμῖν
2476 710 2696 771 Λουκᾶς
2748 706 3026 771 αὐτόπτας
3071 724 3133 760 τε
3177 706 3273 760 καὶ
3312 703 3594 776 ὑπηρέτας
3628 704 3725 757 τοῦ

2135 800 2333 869 Λόγου.
2360 802 2556 868 Γέγονε
2586 800 2695 872 γὰρ
2711 799 2962 871 ἐμφανὴς
2990 801 3019 853 6
3040 797 3353 870 ἀσώματος,
3389 797 3486 852 καὶ
3511 795 3729 861 ἀπτδςό

2136 892 2371 965 ἀναφὴς,
2397 894 2499 946 οὐκ
2525 891 2735 945 ὀθνεῖον
2755 891 2895 962 ἔχων
2922 891 3003 945 ἔτι
3030 890 3345 963 περίϐλημα
3374 890 3473 960 τὴν
3493 887 3601 943 ἀπὸ
3620 887 3730 958 γῆς

2138 984 2337 1055 σάρκα,
2366 983 2480 1037 ἀλλ’
2518 983 2646 1036 ἴδιον
2680 983 2852 1053 αὐτὴν
2884 982 3254 1054 ποιησάμενος
3300 981 3448 1047 ναὸν,
3489 980 3586 1033 καὶ
3630 980 3731 1033 σὺν

2136 1076 2273 1147 αὐτῇ
2308 1074 2732 1146 γνωριζόμενος,
2762 1075 2838 1139 ὡς
2866 1074 3003 1138 Θεὸς
3027 1073 3123 1127 καὶ
3151 1073 3374 1145 Κύριος.
3405 1068 3733 1142 Γεγραφότα

2136 1167 2195 1220 δὲ
2229 1163 2390 1221 οἶσθά
2436 1185 2540 1221 που
2590 1168 2682 1220 τὸν
2725 1166 3021 1239 ἱερώτατον
3072 1165 3306 1219 Παῦλον·
3356 1163 3587 1227 «Οὐδεὶς
3619 1162 3732 1234 γὰρ

2138 1259 2298 1332 ἡμῶν
2326 1259 2509 1332 ἑαυτῷ
2537 1259 2629 1332 ζῇ,
2658 1261 2753 1313 καὶ
2788 1259 2963 1323 οὐδεὶς
2995 1257 3173 1327 ἑαυτῷ
3208 1256 3561 1328 ἀποθνήσκει.
3603 1253 3731 1308 Ἐάν

2137 1369 2198 1406 τε
2230 1352 2340 1422 γάρ
2369 1351 2571 1423 ζῶμεν,
2594 1350 2672 1422 τῷ
2702 1351 2894 1422 Κυρίῳ
2922 1350 3131 1422 ζῶμεν·
3164 1349 3258 1402 ὲάν
3286 1365 3343 1401 τε
3376 1346 3735 1418 ἀποθνήσκω-

2142 1460 2262 1515 μεν,
2302 1442 2381 1514 τῷ
2425 1444 2620 1514 Κυρίῳ
2659 1442 3099 1513 ἀποθνήσκομεν.
3138 1440 3264 1494 Ἐάν
3297 1455 3357 1491 τε
3396 1433 3490 1492 οὖν
3526 1436 3733 1509 ζῶμεν,

2138 1535 2234 1589 ἐάν
2267 1552 2327 1588 τε
2357 1534 2819 1606 ἀποθνήσκωμεν,
2864 1533 2961 1587 τοῦ
2988 1533 3196 1602 Κυρίου
3230 1533 3418 1604 ἐσμέν.
3457 1532 3552 1595 Εἰς
3575 1529 3735 1585 τοῦτο

2138 1626 2247 1698 γὰρ
2277 1623 2807 1696 Χριστὸς-ἀπέθανε,
2853 1624 2948 1678 καὶ
2994 1623 3211 1695 ἔζησεν,
3259 1623 3346 1676 ἵνα
3393 1621 3486 1676 καὶ
3522 1619 3734 1694 νεκρῶν

2139 1717 2236 1772 καὶ
2264 1715 2484 1780 ζώντων
2514 1716 2801 1789 κυριεύσῃ.
2835 1735 2853 1766 ι
2901 1716 3138 1787 Ἀραρεν
3168 1708 3281 1778 οὖν,
3320 1713 3402 1767 ὅτι
3444 1712 3736 1786 κεκυρίευ-

454 1837 792 1881 mortuorum
824 1833 878 1878 et
906 1823 1232 1886 viventium,
1262 1819 1352 1888 qui
1385 1832 1491 1873 non
1522 1815 1592 1870 ob
1620 1816 1781 1870 aliam
1813 1827 2032 1869 causam

2151 1830 2239 1867 κεν
2264 1811 2482 1882 ἀληθῶς
2512 1810 2729 1884 νεκρῶν
2757 1828 2817 1865 τε
2851 1810 2947 1864 καὶ
2986 1810 3207 1875 ζώντων
3233 1809 3261 1861 ὁ
3313 1807 3388 1879 μὴ
3417 1807 3606 1880 ἑτέρου
3636 1822 3734 1860 του

453 1935 616 1990 quam
642 1919 711 1974 ob
742 1918 883 1997 hanc
911 1915 1081 1972 solam
1115 1924 1365 1969 mortuus
1393 1922 1479 1968 est
1509 1919 1566 1966 et
1594 1909 1917 1966 resurrexit.

521 2094 586 2151 B.
627 2094 879 2152 Omnino.

522 2190 590 2243 Α.
631 2188 931 2255 Quemnam
988 2183 1152 2256 igitur
1194 2182 1438 2238 dicemus
1487 2179 1719 2237 subiisse
1771 2187 2038 2244 mortem,

454 2293 783 2349 rursumque
810 2274 1210 2333 resurrexisse‘.’

523 2369 587 2425 Β.
629 2369 825 2424 Filium
855 2368 1121 2439 profecto.

524 2462 591 2517 Α.
630 2460 827 2516 Filium
863 2462 1081 2530 quidem
1120 2469 1267 2516 recte
1303 2458 1464 2523 dicis,
1495 2466 1659 2528 atque
1690 2471 1791 2528 ego
1830 2457 1882 2512 id
1917 2471 2044 2527 pro-

454 2553 650 2609 barim.
689 2551 960 2608 Caeterum
1001 2551 1108 2606 hoc
1149 2566 1215 2606 ex
1263 2561 1315 2607 te
1358 2550 1516 2605 velim
1563 2562 1928 2619 cognoscere,
1972 2562 2039 2601 an

455 2641 692 2698 Verbum
721 2660 790 2699 ex
819 2645 925 2698 Deo
954 2642 1119 2699 Patre
1148 2642 1221 2697 sit
1253 2640 1483 2698 mortale
1506 2650 1563 2695 et
1589 2640 1920 2709 corruptioni
1947 2638 2044 2703 ob-

455 2737 711 2798 noxium;
749 2751 817 2789 an
857 2736 1035 2805 potius
1075 2743 1249 2790 morte
1287 2741 1343 2789 et
1379 2732 1729 2803 corruptione
1766 2734 2039 2803 superius,

455 2835 514 2881 ut
539 2827 673 2882 vita.

526 2920 589 2977 B.
631 2919 909 2977 Posterius
934 2919 1038 2976 hic
1066 2920 1468 2977 allirmaverim.
1582 2959 1593 2967 -η

525 3011 591 3066 Α.
635 3011 915 3078 Quomodo
943 3011 1106 3082 igitur
1132 3012 1362 3067 mortuis
1389 3016 1779 3065 annumeratns
1803 3017 1917 3077 est,
1949 3012 2039 3081 qui

457 3102 595 3158 liber
612 3113 699 3158 est
725 3103 1022 3158 secundum
1050 3100 1399 3173 Scripturas?
1425 3099 1609 3170 Neque
1634 3100 1779 3154 enim
1801 3097 2039 3156 Verbum

456 3211 553 3265 per
573 3209 632 3251 se
659 3196 795 3250 mori
826 3205 1012 3264 queat.

525 3283 586 3340 Β.
629 3285 767 3353 Quia
811 3296 1023 3341 mortua
1066 3284 1236 3356 ipsius
1273 3300 1458 3354 carne,
1497 3286 1614 3356 ipse
1654 3286 1757 3341 hoc
1801 3285 1911 3356 pati
1955 3283 2039 3341 di-

455 3375 615 3433 citur.
1256 3431 1274 3446 ,

527 3470 595 3525 Α.
636 3468 959 3525 Rectissime
983 3470 1178 3526 sentis.
1203 3470 1462 3533 Proinde,
1492 3486 1598 3525 non
1625 3471 1829 3540 absque
1852 3483 2038 3535 carne,

416 3610 425 3619 .
455 3562 551 3617 sed
579 3561 758 3632 potius
786 3563 945 3617 simul
973 3579 1093 3618 cum
1123 3562 1214 3617 illa
1242 3563 1631 3618 dominationis
1657 3563 1885 3633 gloriam
1910 3577 2042 3617 con-

457 3664 677 3710 secutus
703 3664 819 3721 est,
846 3656 940 3726 qui
972 3655 1086 3724 lege
1116 3655 1303 3711 carnis
1332 3664 1387 3710 et
1419 3666 1611 3709 natura
1645 3656 1807 3709 simili
1840 3664 2042 3711 nostra:

457 3756 702 3804 mortuus
739 3758 824 3804 est
861 3758 917 3803 et
954 3747 1272 3803 resurrexit.
1312 3746 1559 3803 Humana
1597 3746 1817 3818 quidem
1860 3749 2042 3819 passio

456 3847 540 3893 est
575 3839 745 3903 mori;
783 3837 944 3909 713
980 3839 1220 3893 divinam
1257 3853 1385 3893 vero
1421 3838 1529 3892 vim
1567 3849 1732 3908 atque
1764 3841 2044 3907 operatio-

460 3945 581 3986 nem
612 3936 944 4002 resurgendo
972 3931 1212 3985 ostendit
1245 3949 1259 3985 :
1293 3940 1353 3985 ut
1381 3944 1476 4000 per
1501 3941 1794 4000 utrumque
1823 3932 1924 3986 hoc
1950 3945 2043 3987 co-

354 4056 362 4066 .
456 4030 770 4089 gnoscatur,
815 4030 868 4075 et
910 4020 1104 4076 similis
1144 4020 1334 4086 nobis,
1374 4030 1431 4101 et
1476 4022 1633 4077 nobis
1675 4022 1942 4092 superior,
1986 4030 2046 4080 ut

460 4116 604 4171 Deus
654 4116 1052 4179 universorum,
1096 4123 1150 4169 et
1208 4113 1496 4170 nobiscum
1548 4114 1744 4179 factus,
1788 4125 2046 4170 cernatur

458 4224 580 4262 cum
613 4208 793 4261 Patre.
822 4206 934 4262 lloc
963 4216 1121 4276 pacto
1151 4206 1325 4276 ipsum
1355 4222 1689 4279 cognoscens
1716 4206 2042 4271 Nathanael,

458 4296 595 4350 dixit
652 4313 666 4349 :
722 4314 741 4346 ι
804 4295 1080 4364 Magister,
1143 4305 1197 4350 tu
1240 4311 1301 4352 es
1336 4295 1510 4352 Filius
1552 4298 1677 4365 Dei;
1745 4307 1801 4352 tu
1844 4314 1905 4354 es
1948 4313 2046 4353 rex

2073 1881 2116 1936 Β
2144 1909 2325 1979 χάριν,
2360 1906 2393 1977 ἢ
2425 1907 2510 1960 ὅτι
2536 1881 2691 1959 τοῦδε
2747 1906 2844 1959 καὶ
2878 1904 3048 1976 μόνου
3082 1899 3316 1966 τεθνεὼς
3357 1902 3454 1956 καὶ
3497 1901 3737 1972 ἐγηγερ-

2145 1999 2329 2071 μένος.

2216 2091 2280 2145 Β.
2315 2091 2576 2161 ’Δραρεν.

2213 2182 2281 2234 Δ.
2312 2181 2449 2233 Τίνα
2475 2179 2540 2251 δὴ
2572 2174 2685 2242 οὖν,
2730 2172 2776 2233 ὦ
2811 2181 3054 2246 γενναῖε,
3081 2176 3287 2249 φαμὲν,
3310 2175 3385 2240 ώς
3424 2174 3595 2229 ὑπέδυ
3634 2173 3735 2245 μὲν

2144 2273 2398 2339 θάνατον,
2429 2272 2631 2326 ἀνεϐίω
2660 2273 2718 2326 δὲ
2747 2268 2848 2338 αὗ;

2213 2367 2275 2420 Β.
2309 2367 2412 2419 Τὸν
2439 2364 2569 2418 Υἱὸν
2594 2364 2857 2435 δηλονότι.
2976 2427 2979 2431 1

2203 2462 2273 2514 Α.
2323 2456 2462 2511 Ἀλλ’
2489 2458 2573 2510 ὃτι
2608 2457 2706 2527 μὲν
2736 2458 2829 2511 τὸν
2869 2454 3020 2519 Υἱὸν,
3053 2449 3114 2510 εὖ
3143 2454 3342 2521 λέγεις·
3374 2452 3739 2524 ἐπαινέσομαι

2141 2549 2251 2623 γὰρ
2275 2544 2389 2605 οῦν.
2422 2549 2700 2621 Ἑθέλοιμι
2728 2549 2772 2603 δ’
2788 2549 2853 2604 ἄν
2883 2565 2976 2602 σου
3001 2547 3313 2619 διαμαθεῖν,
3346 2546 3576 2619 πότερον
3610 2543 3739 2615 θνη-

2140 2642 2246 2707 τὸς,
2297 2644 2391 2697 καὶ
2426 2641 2605 2714 φθορᾷ
2645 2642 2878 2712 κάτοχος
2906 2641 2934 2694 6
2975 2642 3041 2694 ὲκ
3068 2639 3203 2693 Θεοῦ
3232 2638 3444 2710 Πατρδς
3481 2638 3673 2706 Λόγος,
3702 2635 3736 2709 ἢ

2143 2735 2286 2805 πέρα
2320 2734 2550 2788 θανάτου
2579 2734 2674 2788 καὶ
2705 2733 2910 2804 φθορᾶς
2940 2730 3202 2801 ἀμείνων,
3236 2730 3311 2794 ὡς
3337 2729 3470 2801 ζωή.

2215 2913 2275 2967 Β.
2313 2912 2470 2967 Οῦτω
2497 2912 2661 2983 φημί.

2213 3007 2276 3057 Δ.
2311 3000 2447 3059 Εἶτα
2489 3004 2607 3068 πῶς
2655 3004 2878 3073 γέγονεν
2935 3003 2993 3057 ἐν
3030 3005 3267 3073 νεκροῖς,
3309 3003 3404 3056 καὶ
3452 3001 3739 3075 ἐλεύθερος

2143 3096 2239 3165 ῶν,
2283 3096 2427 3151 κατά
2469 3096 2571 3159 τάς
2620 3094 2879 3166 Γραφάς;
2931 3094 3169 3164 Τεθναίη
3208 3093 3317 3165 γὰρ
3355 3093 3421 3148 ἂν
3466 3092 3583 3147 οῦτι
3632 3111 3737 3147 που

2067 3219 2111 3277 C
2144 3189 2266 3244 καθ’
2292 3188 2484 3243 ἑαυτὸν
2512 3191 2539 3242 6
2569 3188 2762 3257 Λόγος.

2216 3290 2279 3344 Β.
2313 3285 2762 3358 Ὀτιτεθνεώσης
2795 3285 2959 3340 αὐτοῦ
2987 3286 3089 3357 τῆς
3132 3285 3356 3367 σαρκὸς,
3388 3282 3548 3348 αὐτὸς
3580 3282 3740 3338 τοῦτο

2142 3376 2361 3444 λέγεται
2390 3374 2604 3429 παθεῖν.

2212 3472 2278 3525 Α.
2316 3468 2618 3541 Ὀρθότατά
2661 3485 2725 3537 γε
2773 3468 2867 3541 καὶ
2901 3467 3176 3532 ἀπλανῶς.
3231 3467 3465 3534 Οὐκοῦν,
3506 3467 3567 3521 οὐ
3613 3466 3740 3538 δίχα

2142 3561 2366 3632 σαρκὸς.
2395 3561 2492 3614 σὺν
2520 3561 2658 3630 αὐτῇ
2690 3560 2747 3614 δὲ
2780 3559 2984 3630 μᾶλλον
3006 3560 3110 3614 καῖε
3138 3560 3256 3631 μετ’
3283 3560 3478 3631 αὐτῆς,
3513 3559 3611 3631 τὴν
3638 3562 3740 3630 τῆς

2143 3651 2466 3722 κυριότητος
2514 3650 2815 3721 ἀνεδήσατο
2870 3650 3054 3716 δόξαν,
3105 3655 3134 3706 6
3190 3651 3342 3722 νόμῳ
3399 3634 3602 3721 σαρκδς
3642 3649 3740 3703 καὶ

2144 3743 2304 3814 φύσει
2335 3745 2404 3814 τῇ
2436 3742 2560 3797 καθ’
2594 3744 2740 3813 ἡμᾶς
2772 3742 3005 3807 τεθνεὼς
3050 3744 3145 3798 καὶ
3174 3743 3569 3815 ἐγηγερμένος.
3613 3742 3739 3796 Ἀν-

2144 3834 2417 3909 θρώπινον
2441 3835 2540 3905 μὲν
2559 3834 2619 3888 τὸ
2640 3835 2893 3890 τεθνάναι
2924 3835 3119 3902 πάθος,
3166 3836 3449 3907 ἐνέργημα
3473 3835 3529 3889 δὲ
3556 3834 3741 3889 θεῖκδν

2142 3929 2203 3984 τὸ
2246 3926 2550 3983 ἀναϐιῶναι
2599 3927 2837 3994 δεικνὺς,
2896 3927 2981 3982 ἵνα
3011 3928 3081 3982 δι’
3130 3928 3331 3999 ἀμφοῖν
3376 3927 3738 4000 γνωρίζηται,

2144 4021 2269 4077 καθ’
2303 4022 2457 4092 ἡμᾶς
2483 4036 2544 4073 τε
2571 4018 2689 4090 ἅμα
2716 4021 2811 4073 καὶ
2840 4020 2982 4091 ὑπὲρ
3009 4022 3158 4092 ἡμᾶς
3187 4021 3263 4085 ὡς
3287 4021 3422 4085 Θεὸς
3444 4022 3552 4075 τῶν
3575 4021 3738 4087 ὅλων,

2145 4115 2242 4170 καὶ
2266 4113 2387 4181 μεθ’
2417 4112 2579 4184 ἡμῶν
2607 4115 2872 4183 γεγονὼς,
2902 4113 3076 4186 ὁρῷτο
3108 4114 3249 4185 μετά
3284 4115 3518 4185 Πατρός.
3548 4114 3741 4181 Οὕτως

2145 4205 2307 4259 αὐτὸν
2335 4206 2363 4260 ό
2397 4203 2697 4277 Ναθαναὴλ
2738 4206 3143 4273 ἐπιγινώσκων,
3179 4206 3406 4277 ἔφασκε·
3462 4227 3480 4260 ι
3522 4208 3738 4273 Ῥαϐϐὶ,

2146 4299 2214 4352 σὺ
2274 4294 2326 4350 εἴ
2384 4299 2413 4352 ὁ
2478 4298 2605 4363 Υἱὸς
2665 4297 2761 4352 τοῦ
2820 4297 2990 4364 Θεοῦ,
3053 4301 3121 4354 σὺ
3170 4296 3222 4353 εί
3266 4303 3294 4354 6
3337 4300 3590 4371 βασιλεὺς
3641 4301 3739 4355 τοῦ

457 4385 709 4443 Israel”.
744 4406 762 4439 ι
796 4387 915 4458 Ipse
969 4402 1100 4442 vero
1144 4386 1259 4442 suis
1312 4387 1598 4459 discipulis
1640 4388 1857 4458 inquit:
1889 4407 1909 4440 ι
1933 4387 2038 4445 Vos

2151 4390 2387 4462 Ἰσραήλ.
2418 4409 2436 4442 ι
2461 4391 2631 4455 Αὐτὸς
2654 4391 2712 4445 δὲ
2735 4395 2849 4456 τοῖς
2868 4391 3062 4445 ἑαυτοῦ
3086 4391 3378 4464 μαθηταῖς·
3407 4413 3425 4445 ι
3459 4394 3650 4465 Ὑμεῖς
3678 4395 3741 4448 δὲ

458 4489 641 4533 autem
666 4478 871 4532 vocatis
903 4493 985 4531 me
1013 4474 1304 4531 Dominum
1336 4485 1391 4532 et
1421 4477 1776 4547 magistrum;
1813 4490 1868 4534 et
1899 4491 2038 4534 recte

2151 4481 2364 4536 καλεῖτέ
2406 4499 2494 4551 με,
2540 4483 2728 4555 φησιν,
2774 4486 2802 4536 ό
2851 4483 3053 4556 Κύριος
3101 4485 3197 4539 καὶ
3244 4486 3596 4551 διδάσκαλος,
3641 4487 3741 4541 καὶ

458 4570 669 4638 dicitis,
706 4583 824 4624 sum
864 4568 1009 4623 enim
1039 4567 1107 4621 ⁸ο.
1152 4586 1173 4620 ι
1213 4566 1291 4624 Re
1324 4582 1506 4624 autem
1544 4568 1660 4637 ipsa
1696 4569 1751 4624 id
1787 4585 2038 4641 compro-

2151 4572 2330 4637 καλῶς
2361 4575 2568 4644 λέγετε·
2602 4577 2720 4647 εἰμὶ
2744 4576 2873 4647 γάρ.
2907 4595 2924 4627 ι
2964 4578 3153 4647 Ἔργῳ
3169 4577 3224 4629 δὲ
3248 4568 3381 4630 αῦτὸ
3409 4577 3742 4649 πιστευόμε-

458 4666 614 4728 bans,
645 4663 873 4718 remittit
901 4671 1143 4732 peccata,
1171 4670 1226 4717 et
1254 4671 1578 4731 potestatem
1607 4662 1756 4717 dedit
1784 4663 2038 4719 adversus

2151 4683 2256 4731 νος,
2291 4668 2474 4738 ἀνίησι
2523 4668 2620 4739 μὲν
2664 4667 2963 4740 ἁμαρτίας,
2995 4668 3245 4734 ἐξουσίαν
3284 4669 3342 4723 δὲ
3388 4669 3557 4723 ἔδωκε
3595 4668 3741 4725 κατά

458 4755 683 4827 spiritus
713 4755 1039 4820 immundos,
1070 4755 1143 4809 ita
1175 4764 1235 4808 ut
1264 4754 1473 4822 possint
1502 4753 1703 4820 ejicere
1729 4769 1846 4820 eos,
1875 4763 1931 4809 et
1953 4771 2038 4811 sa-

2151 4760 2475 4831 πνευμάτων
2523 4761 2874 4833 ἀκαθάρτων,
2926 4760 3066 4815 ὥστε
3106 4760 3390 4815 ἐκϐάλλειν
3431 4761 3592 4825 αὐτὰ,
3639 4762 3739 4815 καὶ

461 4860 594 4900 nare
618 4859 777 4900 omne
803 4859 974 4915 genus
1006 4845 1176 4900 morbi
1207 4843 1569 4912 popularis“.
1597 4841 1790 4899 Nonne
1816 4845 1959 4900 enim
1988 4847 2038 4902 in

2151 4852 2474 4925 θεραπεύειν
2506 4855 2686 4906 πᾶσαν
2726 4852 2880 4906 νόσον
2912 4853 3006 4906 καὶ
3039 4854 3219 4908 πᾶσαν
3258 4853 3531 4924 μαλακίαν
3566 4855 3623 4907 ὲν
3657 4853 3739 4925 τῷ

461 4937 675 4992 nomine
714 4935 839 4991 Jesu
884 4937 1085 4991 Christi
1128 4934 1397 4990 Nazareni
1441 4946 1671 4991 sanatur
1707 4936 1933 4993 claudus
1972 4955 2038 4995 ex

2151 4940 2281 5012 λαῷ.
2307 4938 2384 4996 Ἦ
2415 4943 2519 4996 οὐκ
2542 4943 2599 4994 ἐν
2629 4942 2853 5011 ὀνόματι
2901 4942 3075 5014 Ἰησοῦ
3111 4942 3350 5013 Χριστοῦ
3386 4944 3733 5015 Ναζωραίου,

459 5040 691 5100 utroque
728 5030 884 5099 pede.
925 5029 1118 5083 sedens
1155 5028 1223 5081 ad
1266 5039 1477 5096 portam
1517 5042 1636 5097 quas
1676 5029 1873 5085 dicitur
1910 5030 2038 5102 Spe-

2151 5034 2542 5103 τεθεράπευται
2592 5032 2692 5103 μὲν
2730 5034 2758 5086 6
2795 5032 2875 5086 τὼ
2917 5034 3046 5089 πόδε
3081 5033 3483 5106 λελωϐημένος,
3530 5036 3628 5090 καὶ
3665 5039 3736 5109 τῇ

458 5122 604 5176 ciosa
626 5120 709 5175 "2
735 5120 810 5174 lta
841 5120 1004 5175 etiam
1038 5134 1067 5171 a
1100 5119 1358 5173 diuturno
1388 5120 1817 5191 gravissimeque
1852 5126 2038 5180 morbo

2151 5127 2321 5199 ὡραία
2360 5126 2711 5200 προσιζάνων
2744 5116 2944 5200 tuan;
2991 5128 3305 5199 ἀρρωστίαν
3346 5127 3402 5182 δὲ
3461 5127 3560 5200 τὴν
3593 5128 3741 5183 οὕτω

461 5212 722 5270 liberatus
751 5221 833 5267 est
861 5209 1087 5275 Encas,
1114 5209 1326 5264 dicente
1355 5210 1422 5266 ad
1452 5218 1574 5267 eum
1606 5214 1788 5270 divino
1818 5214 1985 5272 Paulo
2022 5234 2035 5271 :

2151 5216 2362 5288 μακρὰν
2392 5217 2746 5282 ἀπεσείσατο,
2773 5215 2871 5270 καὶ
2912 5216 3110 5289 κομιδῇ
3138 5216 3529 5286 δυσδιάφυκτον
3550 5217 3743 5290 διέδρα

465 5321 485 5355 ι
521 5302 719 5371 Enea,
750 5311 911 5358 sanat
942 5311 995 5356 te
1024 5300 1184 5356 Jesus
1215 5302 1466 5361 Christus
1480 5302 1546 5358 ⁸³.
1586 5323 1606 5357 ι

2151 5310 2295 5363 νόσον
2349 5308 2571 5373 Αἰνέας,
2631 5309 2768 5381 πρὸς
2812 5307 2873 5361 ὃν
2925 5309 2955 5362 ό
2998 5307 3287 5373 θεσπέσιος
3336 5308 3440 5381 ἔφη
3498 5309 3739 5376 Παῦλος·

2061 5387 2067 5393 ’
2144 5418 2165 5452 ι
2188 5399 2375 5468 Αἰνέα,
2401 5402 2546 5455 ἰᾶταί
2572 5418 2632 5455 σε
2668 5401 2880 5473 Ἰησοῦς
2900 5402 2930 5456 6
2953 5402 3211 5473 Χριστός.
3252 5422 3274 5455 ι

2217 5493 2278 5546 Β.
2318 5492 2564 5565 Ἀληθές.

2218 5588 2281 5640 Α.
2323 5585 2672 5658 Πανταχόθεν
2707 5580 2801 5640 οὖν
2844 5585 2955 5658 ἄρα
2999 5586 3399 5659 συνωθούμενοι
3428 5588 3566 5659 πρὸς
3606 5589 3749 5662 ἁλί).

532 5483 594 5536 Β.
635 5482 708 5535 lta
740 5488 843 5536 est.

536 5577 598 5626 Α.
638 5568 798 5651 Ouini
829 5571 990 5643 igitur
1013 5587 1079 5629 ex
1108 5586 1262 5647 parte
1287 5579 1549 5649 compulsi
1579 5580 1645 5637 ad
1674 5582 1954 5645 veritatem
1982 5591 2040 5639 et

560 5779 602 5813 ⁸⁸⁸
631 5779 756 5834 Luc.
788 5795 823 5842 ι,
855 5779 916 5833 2.
988 5781 1032 5813 "
1055 5781 1210 5841 Rom.
1245 5799 1356 5851 xw,
1377 5782 1499 5839 7-9.
1577 5785 1622 5817 ¹⁹
1645 5782 1804 5839 Joan.
1838 5799 1874 5850 ι,
1905 5785 1994 5842 49.

467 5847 513 5879 ⁸³
538 5852 653 5907 Act.
695 5866 765 5919 Ix,
798 5850 888 5906 5i.

2151 5786 2298 5845 loan.
2338 5805 2458 5859 xm,
2492 5789 2584 5844 15.
2665 5790 2707 5823 ⁸⁸
2734 5789 2927 5848 Matth.
2961 5805 3017 5856 x,
3044 5791 3095 5846 8.
3177 5793 3220 5824 ³²
3243 5792 3364 5847 Art.
3395 5809 3479 5864 ιιι,
3513 5793 3549 5847 Ξ
3578 5808 3739 5865 seqq.
