4050 6418
275 450 413 506 1955

1412 447 1598 518 QUOD
1641 452 1828 509 UNUS
1869 449 1979 506 Sl‘l'
2018 450 2388 506 CHRISTUS.

3403 450 3534 506 lilii!

269 567 446 629 Θειαν,
486 568 580 620 καὶ
612 567 672 620 τὸ
713 570 821 631 τοῖς
863 568 1026 640 ἱεροῖς
1060 570 1355 642 Γράμμασι
1391 571 1584 625 δοκοῦν
1630 573 1850 641 ῖχνηλα-

1964 583 2230 624 sacrarum
2273 568 2678 638 Scripturarum
2714 565 3024 622 auctoritati
3061 563 3409 634 acquiescere
3442 579 3536 619 vo-

266 660 384 710 τεῖν
425 653 484 710 εὖ
538 656 686 725 μάλα
725 659 1140 728 σπουδάζοντες,
1177 661 1270 714 καὶ
1311 663 1431 724 ταῖς
1476 660 1584 714 τῶν
1633 661 1854 732 πατρῶν

267 750 532 820 ἑπόμενοι
571 752 772 814 δόξαις,
799 751 888 804 τὸν
913 752 976 805 ὲκ
1002 750 1158 823 ῥίζης
1199 753 1420 818 Ἰεσσαὶ,
1461 754 1550 807 τὸν
1589 756 1653 807 ὲκ
1684 756 1855 826 σπέρ-

270 859 444 910 ματος
475 841 663 903 Δαϐὶδ,
690 841 783 894 τὸν
813 845 876 895 ὲκ
912 844 1168 909 γυναικὸς
1207 843 1347 898 κατὰ
1381 843 1580 913 σάρκα,
1614 844 1705 897 τὸν
1737 845 1857 914 μεθ’

267 934 431 1004 ἡμῶν
460 934 572 988 ὑπὸ
605 933 770 1003 νόμον
809 933 883 996 ὡς
911 935 1218 1006 ἄνθρωπον,
1255 937 1350 988 καὶ
1382 937 1522 1006 ὑπὲρ
1549 938 1694 1006 ἡμᾶς
1718 937 1856 1007 ὑπὲρ

267 1026 436 1095 νόμον
465 1027 541 1087 ὡς
567 1025 721 1090 Θεὸν,
767 1025 858 1078 τὸν
883 1025 949 1077 δι’
998 1027 1146 1095 ἡμᾶς
1197 1043 1254 1080 τε
1301 1028 1394 1080 καὶ
1426 1028 1559 1098 μεθ’
1609 1029 1857 1099 ήμῶν-ὲν

267 1117 504 1186 νεκροῖς,
533 1115 624 1166 τὸν
655 1113 794 1183 ὑπὲρ
814 1115 1041 1184 ἡμᾶςδι’
1065 1114 1256 1168 ἑαυτὸν
1283 1116 1542 1179 ζωοποιὸν
1565 1119 1658 1170 καὶ
1690 1117 1843 1187 ζωὴν,

270 1206 400 1259 Υῖὸν
435 1201 578 1258 εἶναι
607 1204 702 1258 τοῦ
730 1205 864 1259 Θεοῦ
897 1204 1041 1259 κατὰ
1072 1206 1330 1278 ἀλήθειαν
1360 1209 1709 1279 πιστεύομεν,
1734 1208 1853 1261 οὔτε

266 1298 556 1367 ψιλοῦντες
589 1297 843 1368 Θεότητος
867 1298 926 1351 τὸ
955 1297 1320 1370 ἀνθρώπινον,
1349 1299 1472 1353 οῦτε
1503 1302 1609 1372 μὴν
1643 1300 1857 1372 ἅνθρω-

267 1387 506 1456 πότητος
537 1386 1013 1456 ἀπαμφιεννύντες
1043 1389 1136 1441 τὸν
1162 1390 1334 1458 Λόγον
1379 1391 1516 1461 μετὰ
1547 1392 1646 1461 τὴν
1683 1391 1860 1460 ἄφρα-

269 1495 398 1531 στον
430 1477 772 1548 συμπλοκὴν,
799 1478 914 1532 ἀλλ’
943 1479 1041 1533 ἕνα
1064 1481 1269 1534 καὶτὸν
1288 1482 1449 1535 αὑτὸν
1468 1483 1859 1553 ὁμολογοῦντες

267 1571 423 1636 Υἱὸν,
455 1573 521 1623 ὲκ
547 1571 695 1623 δυοῖν
749 1571 1120 1642 πραγμάτοιν,
1155 1575 1235 1636 εῖς
1278 1573 1335 1626 ἓν
1371 1591 1423 1626 τι
1460 1574 1522 1627 τὸ
1559 1574 1620 1639 ἐξ
1654 1576 1858 1645 ἀμφοῖν

266 1665 604 1734 ἀπορρήτως
665 1663 1028 1744 ὲκπεφηνότα,
1079 1663 1202 1718 καθ’
1251 1664 1442 1720 ’ἐνωσιν
1484 1666 1725 1735 δηλονότι
1758 1666 1858 1738 τὴν

267 1752 568 1814 ἀνωτάτω,
620 1751 715 1805 καὶ
761 1753 823 1806 οὐ
869 1752 1084 1821 φύσεως
1123 1759 1503 1829 παρατροπήν.
1543 1757 1707 1811 Ὅσον
1749 1757 1858 1828 γὰρ

267 1839 416 1893 οῦτω
451 1840 736 1905 δοξάζουσι
759 1843 1045 1913 περιέσται
1073 1843 1134 1896 τὸ
1159 1845 1366 1916 κέρδος,
1402 1849 1658 1917 σαφηνιεῖ
1683 1846 1858 1915 λέγων

1914 716 1916 718 ,
1955 660 2158 724 lentes,
2195 669 2251 714 et
2281 659 2499 714 Patrum
2541 659 2862 714 sententiam
2904 666 3225 725 sequentes,
3265 655 3538 708 credimus

1951 767 2077 807 eum
2111 753 2204 815 qui
2235 766 2299 805 ex
2335 753 2514 805 radice
2542 750 2732 814 lessus,
2763 749 2853 818 qui
2885 764 2950 802 ex
2982 747 3188 801 semine
3220 745 3410 808 David,
3441 744 3534 814 qui

1957 859 2020 898 ex
2065 843 2282 912 Virgine
2326 845 2621 898 secundum
2670 857 2922 904 carnem,
2971 841 3061 910 qui
3109 839 3388 893 nobiscum
3438 837 3540 893 sub

1959 934 2073 1004 lege
2115 944 2198 988 est
2238 944 2296 986 ut
2341 935 2520 998 homo,
2561 943 2616 988 et
2660 948 2819 1000 supra
2867 947 2983 990 nos.
3027 944 3190 1002 supra
3241 929 3436 998 legem,
3481 936 3542 982 ut

1959 1026 2123 1090 Deus,
2156 1026 2244 1094 qui
2277 1036 2498 1094 propter
2527 1039 2622 1078 nos
2654 1023 2930 1077 nobiscum
2961 1032 3044 1076 est
3079 1023 3222 1075 inter
3253 1030 3536 1084 mortuos;

1957 1118 2047 1188 qui
2077 1132 2237 1184 supra
2271 1132 2364 1170 nos
2393 1131 2490 1186 per
2513 1117 2746 1185 seipsum
2777 1123 2860 1170 est
2885 1113 3162 1166 viviﬁcans
3191 1123 3245 1166 et
3271 1113 3414 1177 vita;
3451 1125 3540 1166 re-

1959 1225 2086 1263 vera
2127 1223 2247 1264 esse
2289 1208 2485 1262 Filium
2529 1209 2641 1262 Dei.
2680 1205 2863 1274 Neque
2905 1203 3292 1257 humanitatem
3339 1201 3533 1256 divini-

1962 1308 2071 1354 tate
2115 1301 2401 1362 nutlanles,
2447 1312 2622 1368 neque
2664 1311 2851 1350 rursus
2893 1303 3150 1350 ementes
3196 1295 3540 1348 humanitate

1960 1389 2220 1455 Verbum,
2255 1401 2376 1460 post
2407 1389 2550 1442 illam
2584 1387 2908 1442 ineﬂabilem
2941 1386 3211 1455 copulam,
3247 1386 3337 1439 sed
3371 1401 3538 1439 unum

1959 1491 2118 1550 atque
2145 1487 2391 1535 eumdem
2424 1481 2740 1548 proﬁtentes
2768 1493 2892 1534 esse
2928 1477 3146 1538 Filium,
3180 1477 3268 1545 qui
3303 1492 3370 1531 ex
3409 1477 3544 1530 dua-

1958 1573 2060 1628 bus
2098 1573 2260 1627 rebus
2303 1573 2354 1625 in
2398 1587 2563 1625 unum
2610 1570 2736 1639 quid
2782 1583 2850 1624 ex
2895 1559 3159 1622 ambobus
3200 1565 3548 1621 ineﬂ‘abiliter

1959 1664 2290 1734 apparuerit,
2330 1663 2626 1718 secundum
2665 1661 2916 1715 unionem
2959 1659 3212 1713 nimirum
3253 1673 3542 1720 summam,

1960 1771 2066 1810 non
2095 1762 2273 1808 autem
2300 1753 2598 1808 secundum
2626 1760 2833 1807 natura:
2860 1752 3242 1804 mutationem.
3266 1748 3541 1815 Quantum

1959 1848 2104 1901 enim
2148 1847 2238 1916 qui
2287 1847 2360 1900 ita
2404 1847 2648 1900 sentiunt
2692 1843 3025 1899 lucrifacturi
3069 1843 3208 1905 sint,
3251 1839 3543 1894 manifeste

268 1930 299 1981 6
324 1928 560 2002 Χριστοῦ
605 1929 878 2000 μαθητής⁹
915 1950 932 1982 ι
959 1933 1055 1994 Ὃς
1087 1932 1153 1986 ἂν
1187 1915 1516 2006 ὁμολογήσῃ,
1535 1915 1616 1989 δτι
1649 1935 1858 2006 Ἰησοῦς

1964 1937 2198 1991 declarat
2230 1935 2434 1990 Christi
2469 1933 2763 2002 discipulus
2795 1934 2982 1986 dicens
3012 1948 3026 1985 :
3063 1950 3080 1980 ι
3114 1930 3376 1998 Quisquis
3406 1944 3542 1982 con-

187 2071 196 2078 ,
269 2023 424 2072 ἐστιν
452 2023 479 2072 6
527 2019 653 2074 Υἱὸς
687 2020 778 2073 τοῦ
810 2021 968 2087 Θεοῦ,
1021 2024 1048 2076 6
1097 2022 1230 2086 Θεὸς
1265 2025 1320 2076 ἐν
1363 2025 1515 2095 αὐτῷ
1551 2027 1723 2096 μένει,
1762 2027 1857 2082 καὶ

270 2111 439 2174 αὐτὸς
480 2113 537 2163 ἐν
577 2111 656 2182 τῷ
693 2111 831 2181 Θεῷ.
862 2131 880 2163 ι
936 2113 1058 2166 Ὅτι
1100 2114 1157 2167 δὲ
1203 2114 1408 2185 Ἰησοῦς
1436 2117 1669 2187 Χριστὸς
1712 2120 1740 2171 6
1791 2121 1857 2172 ὲκ

271 2202 442 2256 Δασὶδ
468 2204 610 2256 κατὰ
644 2204 845 2275 σάρκα,
877 2205 1022 2258 κατὰ
1055 2206 1215 2274 φύσιν
1241 2208 1334 2260 καὶ
1354 2208 1572 2278 άληθῶς
1592 2209 1717 2274 Υἱός
1741 2211 1857 2265 ἐστι

271 2294 370 2348 τοῦ
399 2293 558 2358 Θεοῦ,
584 2294 717 2348 καθὸ
740 2297 932 2364 γέγονε
968 2297 1105 2368 σάρξ
1155 2299 1182 2349 ὁ
1207 2297 1398 2366 Λόγος,
1429 2301 1522 2352 καὶ
1551 2303 1858 2371 ἐσκήνωσεν

273 2390 335 2440 tv
380 2389 552 2457 ἡμῖν,
620 2392 1024 2460 κατασφραγιεῖ
1065 2389 1238 2458 λέγων
1283 2391 1312 2442 6
1362 2392 1522 2460 σοφὸς
1587 2393 1860 2464 Ἰωάννηςο

277 2499 300 2531 ς
326 2479 438 2532 Καὶ
473 2479 696 2550 οἴδαμεν
730 2481 811 2532 ὅτι
846 2482 874 2532 6
911 2481 1037 2544 Υἱὸς
1073 2483 1163 2535 τοῦ
1197 2482 1333 2536 Θεοῦ
1363 2485 1508 2554 ἥκει,
1537 2487 1630 2538 καί
1665 2486 1866 2541 ἔδωκεν

273 2572 413 2638 ἡμῖν
451 2569 714 2634 διάνοιαν,
752 2570 837 2622 ἵνα
882 2569 1243 2642 γινώσκωμεν
1283 2573 1375 2624 τὸν
1412 2573 1667 2644 ἀληθινὸν
1711 2575 1863 2638 Θεὸν,

275 2661 374 2712 καὶ
410 2659 580 2729 ἐσμὲν
611 2660 668 2711 ἐν
709 2659 789 2730 τῷ
821 2659 1084 2729 ἀληθινῷ,
1132 2662 1188 2712 ἐν
1225 2659 1302 2730 τῷ
1333 2659 1446 2731 Υἱῷ
1480 2661 1644 2714 αὐτοῦ
1688 2661 1861 2732 Ἰησοῦ

277 2749 523 2822 Χριστῷ.
551 2746 720 2814 Οὗτός
769 2752 918 2804 ἐστιν
944 2753 972 2803 6
999 2750 1251 2820 ἀληθινὸς
1281 2750 1413 2814 Θεὸς
1451 2751 1544 2804 καὶ
1573 2749 1686 2821 ζωὴ
1733 2752 1863 2805 αἰώ-

277 2858 413 2904 νιος,
441 2859 462 2892 ι
499 2841 592 2894 καὶ
623 2841 690 2894 δι’
726 2841 892 2894 αὑτοῦ
922 2859 1004 2907 τε,
1048 2843 1142 2895 καὶ
1173 2843 1269 2895 σὺν
1299 2841 1466 2910 αὐτῷ,
1503 2841 1581 2912 τῷ
1615 2841 1734 2913 Θεῷ
1771 2842 1867 2896 καὶ

275 2931 458 3002 Πατρὶ
499 2933 529 3002 ἡ
563 2932 690 2996 δόξα
736 2933 834 2986 σὺν
878 2931 1018 3004 ἁγιῳ
1061 2933 1360 3002 Πνεῦματι,
1392 2934 1472 2995 εἰς
1500 2933 1627 2994 τοὺς
1664 2931 1868 2996 αἰῶνας

276 3022 388 3076 ¹τῶν
423 3021 657 3077 αἰώνων.
711 3022 904 3094 Ἀμήν.

349 3160 398 3191 ⁸⁵
421 3159 442 3215 l
465 3160 620 3215 Joan.
654 3175 727 3227 IV,
757 3159 842 3218 15.
908 3160 1139 3231 _”Joan.
1174 3179 1212 3229 ι,
1248 3139 1340 3216 14.
1411 3162 1457 3194 ³⁸
1479 3161 1500 3216 ι
1525 3160 1682 3218 Joan.
1707 3177 1765 3228 τ,
1795 3159 1887 3218 20.

1963 2028 2140 2084 [lessus
2174 2028 2333 2082 inerit
2366 2029 2620 2096 quoniam
2651 2025 2806 2080 Jesus
2837 2034 2921 2077 est
2953 2023 3120 2078 Filius
3158 2023 3278 2086 Dei;
3321 2022 3460 2075 Deus
3491 2021 3545 2074 in

1963 2135 2029 2176 eo
2069 2130 2292 2184 manet,
2336 2129 2392 2174 et
2437 2120 2550 2188 ipse
2596 2119 2649 2172 in
2698 2117 2806 2172 Deo
2833 2117 2896 2170 “.
2953 2136 2971 2169 ι
3023 2115 3176 2182 Quod
3222 2130 3347 2169 vero
3388 2114 3548 2168 .lesus

1965 2213 2216 2267 Christus
2241 2211 2331 2280 qui
2363 2221 2445 2265 est
2473 2227 2536 2264 ex
2571 2211 2734 2264 David
2767 2209 3060 2264 secundum
3085 2223 3328 2270 carnem,
3356 2207 3423 2261 sit
3453 2221 3548 2259 na-

1969 2302 2216 2356 turaliter
2243 2318 2305 2354 ac
2335 2318 2460 2356 vere
2497 2301 2666 2357 Filius
2701 2301 2817 2366 Dei,
2852 2310 3118 2371 quatenus
3146 2297 3378 2352 Verbum
3419 2312 3550 2352 caro

1967 2393 2166 2447 factum
2204 2401 2318 2454 est,
2356 2402 2409 2445 et
2449 2393 2712 2446 habitavit
2754 2392 2808 2445 in
2852 2391 3006 2445 nobis
3030 2391 3096 2455 ³⁸,
3134 2391 3416 2445 conﬁrmat
3460 2404 3550 2442 sa-

1965 2485 2117 2552 piens
2160 2481 2249 2535 ille
2295 2481 2530 2536 Joannes
2574 2483 2762 2536 dicens
2803 2499 2816 2534 :
2866 2499 2884 2531 ι
2939 2481 3002 2534 Et
3045 2481 3251 2534 scimus
3291 2479 3547 2548 quoniam

1975 2573 2141 2628 Filius
2172 2573 2260 2627 Dei
2289 2574 2463 2637 venit,
2489 2582 2544 2626 et
2569 2573 2714 2627 dedit
2745 2571 2899 2626 nobis
2925 2587 3146 2626 sensum
3174 2583 3233 2624 ut
3259 2583 3552 2638 cognosca-

1970 2680 2089 2721 mus
2141 2679 2326 2718 vcrum
2383 2663 2594 2730 Deum,
2647 2673 2701 2717 et
2742 2663 2914 2719 simus
2959 2665 3012 2717 in
3067 2677 3191 2715 vero
3233 2661 3351 2730 ejus
3394 2657 3548 2712 Filio.

1971 2754 2136 2827 714
2162 2754 2258 2809 llic
2283 2765 2367 2810 est
2393 2769 2552 2809 verus
2581 2754 2742 2820 Deus,
2769 2763 2824 2806 et
2850 2755 2957 2806 vita
2985 2761 3187 2808 aeterna
3207 2751 3286 2814 ³⁶ς
3325 2769 3343 2801 ›
3375 2759 3430 2803 et
3461 2764 3554 2816 per

1969 2847 2178 2915 ipsum,
2209 2855 2262 2899 et
2295 2860 2417 2899 cum
2452 2845 2568 2914 ipso
2603 2845 2710 2898 Deo
2740 2859 2802 2898 ac
2831 2843 2980 2898 Patri
3013 2843 3178 2913 gloria
3213 2856 3334 2895 cum
3368 2848 3556 2892 saneto

1973 2935 2199 3007 Spiritu,
2234 2937 2285 2991 in
2321 2937 2515 2992 swcula
2549 2935 2891 2992 saeculorum.
2921 2938 3112 2990 Amen.

307 3347 3536 3384 Μ

1478 3515 1778 3633 ΤΟΥ
1861 3513 2351 3630 ΑΥΤΟΥ
2663 3675 2665 3677 1

997 3768 1294 3905 ΟΤΙ
1392 3772 1655 3900 ΕΙΣ
1742 3683 1905 3902 Ο
1954 3767 2686 3900 ΧΡΙΣΤΟΣ
2758 3763 2838 3887 ³.

1319 4323 1322 4326 ,
1598 4176 2232 4292 EJUSDEM

1075 4413 1409 4521 QUOD
1489 4416 1802 4505 UNUS
1873 4415 2064 4505 SIT
2139 4415 2764 4505 CHRISTUS.

1865 4638 1940 4652 ’μη

364 4756 433 4810 Δ.
472 4753 835 4827 Μαθημόιτων
871 4751 975 4825 μὲν
1009 4753 1122 4806 τῶν
1146 4752 1310 4824 ἱερῶν
1345 4753 1508 4826 κόρος
1559 4755 1625 4808 ἂν
1667 4757 1862 4826 γένοιτε

2053 4759 2342 4814 Sacrarum
2401 4757 2806 4826 disciplinarum
2865 4762 3028 4826 atque
3084 4752 3348 4810 doctrina;
3408 4751 3553 4807 nulla

285 4845 571 4911 παντελῶς
614 4847 791 4912 οὐδεὶς
841 4848 955 4910 τοῖς
1007 4862 1071 4915 γε
1120 4846 1335 4918 ἀληθῶς
1398 4849 1722 4921 ἀρτίφροσι,
1779 4852 1874 4906 καὶ

285 4938 492 5008 γνῶσιν
525 4940 612 5019 εῖςὶ
628 4939 755 4994 νοῦν
781 4939 880 5010 τὴν
908 4937 1172 5001 ζωοποιὸν
1198 4941 1643 5012 συνεγηγερκόσι.
1668 4942 1875 5013 Γέγρα-

291 5049 426 5084 πται
448 5030 576 5102 γάρο
625 5050 643 5083 ι
675 5031 796 5084 Ὅτι
818 5031 920 5084 οὐκ
940 5031 1026 5083 ἐπ’
1057 5032 1207 5102 ἄρτῳ
1236 5031 1381 5101 μόνῳ
1410 5031 1635 5101 ζήσεται
1665 5033 1879 5104 ἄνθρω-

294 5140 418 5187 πος,
459 5123 576 5178 ἀλλ’
608 5123 701 5176 ἐπὶ
757 5124 920 5176 παντὶ
949 5123 1158 5196 ῥήματι
1183 5123 1600 5194 ἐκπορευομένῳ
1637 5123 1724 5176 διὰ
1755 5123 1879 5177 στό-

295 5229 468 5284 ματος
492 5211 650 5266 Θεοῦ.
683 5232 702 5264 ι
736 5212 922 5282 Τροφὴ
949 5213 1059 5283 γὰρ
1085 5211 1204 5278 νοῦ,
1242 5213 1270 5266 6
1295 5211 1451 5280 λόγος
1483 5213 1512 5264 6
1540 5212 1692 5283 παρὰ
1720 5211 1878 5278 Θεοῦ,

291 5300 392 5355 καὶ
415 5299 580 5371 ἄρτος
602 5301 992 5371 πνευματικὸς,
1022 5301 1293 5370 στηρίζων
1312 5299 1599 5373 ἀνθρώπου
1628 5301 1876 5373 καρδίαν,

292 5389 438 5445 κατὰ
465 5389 528 5444 τὸ
553 5393 613 5446 ὲν
640 5391 807 5462 βίσλῳ
837 5390 1086 5461 Ψαλμῶν
1124 5391 1481 5464 ὑμνούμενον.

365 5483 426 5537 Β.
463 5477 537 5536 Εὖ
564 5483 691 5552 λέγε
701 5501 766 5548 ις.

368 5575 433 5626 Α.
485 5572 755 5646 Ἑλλήνων
779 5576 878 5644 μὲν
925 5571 1016 5630 οὖν
1046 5579 1094 5628 οἱ
1119 5577 1272 5646 σοφοὶ
1300 5578 1395 5630 καὶ
1434 5575 1653 5644 λογάδες
1680 5575 1874 5629 τεθαυο

388 5733 430 5763 ’τ
459 5732 645 5788 Matth.
675 5749 744 5798 tv,
769 5733 822 5787 ι.
908 5733 952 5764 ³⁸
976 5730 1116 5785 Psal.
1152 5746 1269 5795 ctu,
1306 5733 1392 5788 l5.

1980 4851 2139 4922 plane
2167 4861 2250 4906 est
2281 4849 2538 4915 satietas,
2573 4850 2640 4903 iis
2671 4847 2762 4919 qui
2800 4861 2989 4901 revera
3023 4855 3172 4900 recte
3203 4845 3474 4906 sentiunt.
3505 4852 3561 4898 et

1983 4942 2343 4995 viviﬁcantem
2392 4942 2636 4994 notitiam
2687 4949 2869 4994 mente
2919 4938 3238 4992 hauserunt.
3286 4935 3558 5004 Scriptum

1983 5040 2068 5085 est
2096 5033 2241 5088 enim
2274 5049 2286 5085 :
2325 5050 2344 5084 ι
2381 5031 2514 5099 Quia
2548 5047 2652 5087 nou
2689 5033 2739 5086 in
2773 5029 2889 5084 solo
2917 5043 3055 5099 pane
3085 5027 3230 5081 vivet
3260 5027 3442 5092 homo,
3469 5025 3562 5080 sed

1985 5121 2038 5175 in
2069 5123 2214 5176 omni
2247 5123 2412 5177 verbo
2442 5120 2858 5191 quodprocedit
2889 5135 2951 5172 ex
2981 5134 3076 5173 ore
3111 5118 3202 5172 Dei
3227 5116 3291 5170 ".
3330 5135 3349 5169 ι
3379 5114 3566 5170 Nutri-

1984 5223 2225 5269 mentum
2255 5214 2398 5268 enim
2431 5213 2628 5267 mentis
2659 5223 2744 5265 est
2773 5211 2994 5266 verbum
3032 5211 3149 5274 Dei,
3179 5219 3232 5264 et
3264 5209 3419 5278 panis
3450 5206 3563 5277 spi-

1984 5305 2198 5360 ritualis
2222 5303 2556 5360 conﬁrmans
2581 5318 2646 5357 ac
2674 5305 2940 5358 roborans
2965 5317 3059 5356 cor
3081 5298 3347 5363 hominis;
3376 5313 3567 5366 quem-

1983 5398 2274 5454 admodum
2304 5399 2355 5453 in
2382 5396 2616 5453 Psalmis
2646 5395 2948 5451 canitur".

2057 5486 2117 5542 Β.
2160 5487 2327 5544 Recte
2358 5489 2457 5542 ais.

2055 5577 2120 5631 Α.
2161 5574 2454 5631 Gentilium
2507 5574 2722 5646 quidem
2775 5581 3046 5645 sapientes
3096 5577 3431 5647 venustatem
3488 5567 3566 5623 di-

377 5915 393 5934 ‘
430 5914 679 5989 Dialogus
709 5916 796 5973 hic
834 5915 885 5972 in
910 5915 1144 5973 editione
1169 5898 1398 5970 Auherti
1437 5931 1720 5979 perperam
1749 5922 2066 5970 muneratur
2093 5926 2263 5967 nonus
2292 5926 2355 5966 ex
2387 5910 2474 5965 his
2509 5910 2597 5978 qui
2633 5925 2751 5965 cum
2777 5907 2994 5964 llermia
3029 5908 3199 5964 habiti
3233 5915 3376 5990 sunt.
3404 5903 3559 5959 Εοιτ.
