4050 6420
476 427 618 483 £955

1474 421 1531 480 S.
1573 419 1846 478 CYBILLI
1886 416 2353 476 ALEXANDRINI
2393 417 2715 476 ARCHlEl‘.

3606 411 3746 470 1356

410 540 415 543 ’
474 540 634 596 centli
660 537 910 595 admirati
935 537 1183 602 fuerunt,
1210 536 1683 608 eloquentiamque
1706 553 1917 593 summo
1940 545 2050 591 stu-

2182 536 2372 591 ιάκασι
2412 536 2483 605 τὸ.
2520 534 2833 608 καλλιεπές.
2894 530 2988 588 καὶ
3026 535 3133 589 τῶν
3174 528 3257 588 ὅτι
3313 529 3546 603 μάλιστα
3614 546 3746 582 κατ-

473 632 566 689 dio
592 630 867 696 aﬂ‘ectant,
890 639 947 685 et
971 630 1154 685 subtili
1184 629 1470 684 verborum
1500 638 1696 683 ornatu
1724 627 2051 700 gloriantur,

2182 624 2616 695 νσπουδασμένων
2647 625 2779 696 παρ’
2802 622 2986 690 αὐτοῖς
3028 628 3144 678 ἐστι
3188 623 3251 676 τὸ
3280 621 3621 692 ἀλληγορεῖν,
3652 619 3749 672 καὶ

475 723 849 790 orationisque
879 735 1071 790 pompa
1100 735 1163 775 ac
1196 720 1335 776 fastu
1367 720 1730 775 delectantur.
1761 721 1838 773 Ac
1867 728 2051 788 poeta-

2156 718 2342 789 ψιλαῖς
2387 718 2649 789 ῥημάτων
2693 716 2993 787 ἐπαυχοῦσι
3047 715 3358 787 κομψείαις,
3401 712 3496 766 καὶ
3541 712 3620 782 τῷ
3649 710 3751 779 τῆς

475 831 594 869 rum
626 813 841 882 quidem
874 813 1128 866 materies
1159 824 1244 866 est
1277 812 1641 877 mendacium,
1670 811 1754 865 cui
1791 811 2055 880 rhythmis

2182 810 2359 877 .éEew;
2387 807 2780 879 ἐναὸρύνονται
2806 808 3027 879 κόμπῳ.
3084 806 3194 860 Καὶ
3216 805 3315 876 ὕλη
3350 805 3446 874 μὲν
3474 804 3753 874 ποιηταῖς,

475 906 586 959 suis
620 919 683 959 ac
717 904 957 957 numeris
991 906 1220 973 gratiam
1257 913 1312 959 et
1342 913 1677 957 venustatem
1710 902 1932 955 addunt.
1955 899 2059 957 Ve-

477 993 658 1047 ritatis
695 1002 875 1046 autem
908 1007 1169 1063 perquam
1199 994 1391 1063 exigua
1426 993 1493 1047 ab
1523 993 1603 1047 eis
1637 993 1774 1047 ratio
1806 985 2057 1055 habetur,

475 1084 602 1151 quin
648 1094 830 1152 potius
870 1099 1082 1139 summa
1120 1084 1368 1141 laborant
1403 1083 1581 1153 iunpia
1620 1097 1764 1139 verte
1804 1082 2061 1151 utilisque

476 1176 782 1238 sententiae,
813 1176 880 1229 de
914 1175 1045 1236 Deo.
1079 1176 1322 1245 inquam,
1359 1175 1687 1229 naturaliter
1714 1189 1779 1229 ac
1807 1188 1935 1228 vere
1963 1188 2062 1228 ex-

477 1266 722 1332 sistente,
752 1276 809 1320 et
842 1276 901 1320 ut
932 1264 1138 1322 Paulus
1173 1267 1348 1335 inquit
1385 1284 1399 1319 :
1436 1284 1455 1318 (
1497 1266 1850 1320 Evanuerunt
1883 1264 1936 1319 in
1971 1278 2066 1320 c0-

477 1358 829 1428 gitationibus
872 1358 1017 1422 suis,
1056 1365 1111 1413 et
1151 1357 1499 1412 obscuratum
1542 1365 1625 1412 est
1666 1356 1932 1425 insipiens
1971 1369 2067 1409 cor

477 1464 689 1506 eorum.
722 1450 975 1506 Dicentes
1004 1452 1150 1506 enim
1183 1466 1241 1506 se
1271 1467 1393 1506 esse
1421 1453 1719 1520 sapientes,
1750 1449 1900 1504 stulti
1936 1448 2064 1504 facti

480 1552 641 1605 sunt.
676 1552 727 1597 et
765 1550 1111 1597 mutaverunt
1148 1540 1378 1612 gloriam
1414 1540 1845 1609 incorruptibilis
1880 1538 1976 1593 Dei
2014 1540 2065 1593 in

482 1630 888 1695 similitudinem
920 1632 1171 1703 imaginis
1199 1630 1571 1701 corruptibilis
1602 1630 1865 1695 hominis,
1891 1637 1950 1685 et
1975 1644 2070 1684 vo-

462 1716 714 1786 lucrum,
745 1731 800 1777 et
831 1722 1263 1793 quadrupedum,
1295 1732 1350 1778 et
1380 1721 1716 1793 serpentium
1741 1722 1808 1774 ⁸³.
1851 1740 1870 1773 ι

559 1939 624 1994 Β.
663 1939 739 1994 ita
771 1949 875 1996 est.

551 2072 616 2127 A.
662 2072 736 2127 De
763 2073 828 2127 iis
856 2073 1036 2141 itaque
1065 2089 1160 2144 per
1181 2090 1368 2131 vocem
1395 2075 1545 2133 Isaiae
1576 2077 1715 2134 Deus
1744 2078 1818 2133 ita
1850 2079 2024 2149 inquit
2052 2097 2066 2136 :

486 2169 689 2225 Scitote
716 2170 841 2240 quia
865 2168 1005 2225 cinis
1029 2178 1111 2224 est
1135 2185 1229 2225 cor
1250 2186 1460 2239 eorum,
1483 2181 1533 2227 et
1559 2183 1765 2229 errant.
1789 2172 1951 2245 715
1974 2174 2071 2230 At-

486 2276 591 2329 que
624 2261 676 2314 hi
713 2261 927 2328 quidem
965 2261 1035 2314 ita
1072 2259 1248 2315 aﬂ‘ecti
1291 2273 1436 2318 sunt.
1474 2263 1573 2330 Qui
1612 2278 1740 2319 vero
1780 2265 2068 2335 impiarum

487 2351 777 2408 liaeresium
820 2360 1072 2409 auctores
1107 2354 1468 2418 exstiterunt,
1509 2356 1701 2426 impuri
1739 2366 1903 2426 atque
1942 2373 2073 2428 apo-

488 2452 681 2507 statm,
732 2442 935 2511 quique
989 2443 1255 2498 adversus
1305 2445 1538 2499 divinam
1593 2445 1818 2516 gloriam
1870 2447 2072 2503 buccas

489 2550 617 2591 suas
661 2536 922 2603 dilatant,
969 2547 1225 2608 perversa
1283 2538 1600 2610 nefariaque
1651 2539 1972 2610 loquentes,
2016 2540 2070 2595 in

490 2629 659 2684 nihilo
688 2631 976 2697 minorem,
1004 2635 1115 2686 imo
1145 2630 1404 2702 majorem
1434 2647 1593 2703 quam
1625 2632 1877 2705 gentiles,
1905 2632 2074 2703 impe-

491 2718 673 2773 titiam
705 2719 941 2790 prolapsi
992 2736 1110 2775 esse
1158 2735 1474 2778 cernuntur.
1523 2722 1709 2795 Longe
1734 2725 1876 2779 enim
1905 2725 2075 2781 satius

493 2809 683 2866 (uisset
715 2825 811 2866 eos
838 2813 980 2866 viam
1011 2814 1258 2869 veritatis
1289 2831 1393 2871 nou
1424 2817 1745 2887 cognovisse
1767 2858 1782 2884 ,
1813 2834 1976 2887 quam
2009 2834 2072 2874 ea

492 2902 742 2973 cognita,
792 2914 1088 2961 retrorsum
1144 2906 1431 2965 deﬂectere
1483 2925 1511 2963 a
1567 2919 1756 2964 sancto
1806 2918 2074 2980 praccepto

494 2996 639 3064 quod
674 2996 806 3066 ipsis
836 2998 1017 3051 datum
1050 3007 1155 3055 est.
1177 3000 1393 3054 Accidit
1424 3002 1569 3055 enim
1604 3002 1710 3055 illis
1734 3001 1887 3069 juxta
1914 3003 2078 3057 veris-

494 3087 690 3142 simum
726 3090 1070 3157 proverbium
1106 3107 1120 3144 :
1158 3108 1178 3142 ι
1215 3091 1383 3145 Canis
1418 3107 1670 3148 reversus
1702 3094 1768 3148 ad
1802 3109 1957 3148 suum
1990 3109 2076 3149 τοι

496 3180 709 3246 mitum,
742 3189 797 3234 et
817 3195 910 3237 sus
956 3181 1062 3235 lota
1086 3182 1138 3236 in
1160 3166 1670 3253 volutabrumjcmni
1696 3186 1934 3240 revoluta
1954 3184 2019 3240 ⁸⁸.
2052 3204 2070 3236 ι

2158 900 2221 953 τὸ
2250 898 2466 969 ψεῦδος,
2494 897 2725 971 ῥυθμοῖς
2755 900 2850 951 καὶ
2881 897 3102 968 μέτροις
3129 898 3210 959 εἰς
3238 895 3298 948 τὸ
3320 892 3543 965 ἐπίχαρί
3568 909 3629 945 τε
3656 892 3755 946 καὶ

2161 990 2397 1062 ἐμμελὲς
2430 989 2924 1061 ⁴ἐκτετορευμ.ένον,
2990 985 3144 1059 ὀλίγη
3205 986 3262 1040 δέ
3316 984 3594 1048 παντελῶς
3651 984 3755 1054 τῆς

2164 1081 2424 1154 ἀληθείας
2447 1082 2690 1155 φροντὶς,
2715 1083 3104 1154 ὴρῥωστήκασι
3131 1079 3189 1133 δέ
3218 1079 3311 1133 καὶ
3356 1080 3554 1132 σπάνιν
3578 1076 3765 1147 ὀρθῆς,

2164 1175 2260 1228 καὶ⁵
2305 1175 2632 1245 όνησιφόρου
2681 1173 2858 1244 δόξης,
2910 1171 3009 1242 τῆς
3054 1171 3146 1227 ἐπί
3180 1187 3267 1239 γε,
3311 1168 3476 1240 φημὶ,
3506 1167 3586 1238 τῷ
3610 1165 3791 1221 κατὰ.

2166 1265 2329 1336 φύσιν
2361 1266 2457 1320 καὶ
2487 1264 2704 1337 ἀληθῶς
2732 1264 2847 1319 ὄντι
2873 1262 3013 1335 Θεῷ,
3048 1262 3249 1333 μᾶλλον
3275 1261 3332 1315 δὲ
3363 1260 3509 1315 καθά
3534 1276 3700 1330 φησιν
3727 1258 3760 1310 ὁ

2170 1355 2459 1428 ἱερώτατος
2512 1356 2752 1420 Παῦλος·
2821 1352 3326 1426 ιεἙματαιώθησαν
3376 1354 3435 1405 ἐν
3476 1353 3589 1415 τοῖς
3635 1351 3760 1405 δια-

2167 1447 2447 1518 λογισμοῖς
2488 1445 2689 1512 αὺτῶν,
2732 1447 2827 1500 καὶ
2868 1445 3156 1517 ἐσκοτίσθη
3199 1445 3233 1516 ἠ
3271 1444 3530 1506 ἀσύνετος
3574 1440 3760 1497 αὐτῶν

2171 1538 2387 1610 καρδία.
2426 1538 2733 1603 Φάσκοντες
2774 1535 2913 1592 εἶναι
2954 1538 3129 1607 σοφοὶ,
3183 1535 3606 1608 ἐμωράνθησαν,
3661 1536 3763 1591 καὶ

2170 1629 2409 1702 ἦλλαξαν
2436 1631 2535 1701 τὴν
2556 1630 2716 1696 δόξαν
2749 1629 2846 1703 τοῦ
2879 1628 3159 1701 ἀφθάρτου
3199 1627 3335 1682 θεοῦ
3363 1630 3422 1681 ἐν
3450 1626 3763 1700 ὁμοιώματι

2173 1723 2381 1785 εἰκόνος
2410 1721 2651 1794 φθαρτοῦ
2673 1721 2984 1794 ἀνθρώπου,
3008 1722 3105 1777 καὶ
3126 1721 3414 1788 πετεινῶν,
3446 1721 3543 1776 καὶ
3564 1737 3766 1792 τετραε-

2174 1814 2374 1877 πόδων,
2401 1816 2498 1867 καὶ
2527 1813 2794 1886 ἑρπετῶν.
2817 1832 2836 1865 ι

2248 1947 2308 2002 e.
2364 1945 2608 2018 Ἀληθές.

2245 2080 2309 2133 Δ.
2363 2079 2509 2151 Ἔφη
2562 2078 2693 2146 γοῦν
2737 2079 2867 2149 περὶ
2908 2078 3089 2135 αὐτῶν
3136 2077 3226 2132 διὰ
3268 2078 3454 2148 φωνῆς
3503 2076 3738 2131 Ἡσαΐου

2176 2171 2341 2235 Θεός·
2381 2170 2561 2223 Γνώτε
2605 2170 2688 2223 ὅτι
2721 2170 2915 2234 σποδὸς
2948 2172 2982 2242 ή
3024 2169 3226 2241 καρδία
3254 2169 3455 2234 αὐτῶν,
3490 2170 3585 2223 καὶ
3618 2169 3768 2223 πλα-

2178 2264 2397 2318 νῶνται.
2441 2261 2581 2315 Ἀλλ’
2624 2255 2727 2315 ὦδε
2762 2261 2862 2332 μὲν
2890 2261 2959 2316 τά
2989 2263 3234 2317 ἐκείνων.
3286 2262 3355 2314 Οἵ
3394 2278 3458 2330 γε
3509 2260 3618 2332 μὴν
3652 2261 3772 2315 τῶν

2179 2354 2408 2411 ἀνοσίων
2439 2352 2706 2425 αἱρέσεων
2739 2354 2961 2424 εὑρεταὶ
2997 2354 3306 2423 γεγονότες,
3355 2352 3404 2406 οἱ
3445 2350 3663 2422 βέϐηλοί
3704 2367 3773 2404 τε

2181 2448 2275 2502 καὶ
2324 2446 2649 2513 ἀποστάται,
2702 2446 2799 2499 καὶ
2853 2446 2953 2514 τῆς
3011 2446 3162 2510 θείας
3212 2444 3370 2516 δόξης
3410 2444 3471 2498 τὸ
3527 2444 3773 2517 ἀκρατὲς

2180 2540 2388 2596 ἑαυτῶν
2441 2540 2868 2610 κατευρύνοντες
2930 2540 3142 2611 στόμα,
3209 2539 3302 2594 καὶ
3366 2538 3653 2601 λαλοῦντες
3697 2538 3776 2591 τὰ

2179 2634 2627 2706 διεστραμμένα,
2701 2633 3150 2703 καταφωραθεῖεν
3212 2631 3279 2686 ἂν
3327 2631 3430 2684 οὐκ
3474 2632 3532 2685 ἐν
3583 2629 3775 2699 μείοσι

2179 2728 2419 2797 γραφαῖς
2451 2725 2553 2795 τῆς
2603 2723 2871 2795 Ἐλλήνων
2896 2722 3246 2794 ἀϐελτηρίας,
3277 2721 3335 2788 ἐξ
3356 2720 3613 2783 ἀπονοίας
3641 2719 3778 2773 ώλιο

2184 2817 2467 2891 σθηκότες,
2493 2816 2526 2887 ἢ
2552 2815 2692 2887 τάχα
2717 2831 2818 2869 που
2858 2816 2954 2868 καὶ
3003 2816 3062 2869 ἐν
3094 2812 3208 2878 τοῖς
3243 2815 3520 2868 ἐπέκεινα.
3573 2813 3779 2883 Κρεῖτ-

2180 2927 2274 2966 τον
2296 2908 2404 2979 γὰρ
2432 2903 2501 2978 ἦν
2532 2907 2716 2969 αὐτοῖς
2749 2907 2824 2977 μὴ
2847 2906 3224 2975 ἐπεγνωκέναι
3250 2904 3350 2977 τὴν
3374 2904 3493 2958 ὁδὸν
3511 2903 3612 2970 τῆς
3639 2902 3780 2973 ἀλη-

2185 3001 2358 3065 θείας,
2390 3001 2422 3070 ἢ
2452 2998 2845 3068 ἐπεγνωκόσιν,
2880 2998 2959 3062 είς
2992 2997 3062 3051 τά
3109 2998 3285 3052 ὀπίσω
3309 2996 3633 3067 ἀνακάμψαι
3661 2995 3781 3050 ἀπὸ

2182 3093 2282 3165 τῆς
2305 3092 2548 3163 δοθείσης
2575 3093 2758 3156 αὐτοῖς
2784 3089 2947 3158 ἁγίας
2975 3089 3215 3160 ἐντολῆς.
3236 3089 3431 3158 Γέγονε
3452 3088 3562 3161 γὰρ
3586 3089 3779 3152 αὐτοῖς

2185 3182 2245 3236 τὸ
2268 3182 2368 3253 τῆς
2392 3180 2624 3252 ἀληθοῦς
2642 3180 2961 3252 παροιμίας,
2986 3198 3006 3233 ι
3031 3179 3193 3235 Κύων
3218 3180 3553 3251 ἐπιστρέψας
3586 3178 3681 3232 ἐπὶ
3710 3179 3781 3234 τὸ

494 3271 848 3340 Blasphemize
873 3276 1016 3329 enim
1045 3277 1095 3329 in
1119 3276 1396 3331 Christum
1422 3278 1672 3344 obnoxii,
1699 3280 1859 3333 veluti
1891 3287 2072 3333 truces

2182 3274 2311 3329 ἴδιον
2350 3272 2618 3347 ἐξέραμα,
2669 3274 2764 3328 καὶ
2797 3264 2861 3336 ὃς
2895 3272 3208 3345 λουσαμένη
3242 3275 3323 3337 εἰς
3358 3271 3601 3344 κύλισμα
3649 3272 3781 3344 βορ-

495 3363 713 3432 quittam
738 3374 897 3433 atque
920 3366 1182 3421 immanes
1206 3367 1340 3436 lupi,
1359 3368 1642 3423 devastant
1664 3384 1854 3440 greges
1876 3371 2078 3437 ovium,

497 3467 596 3522 pro
629 3455 827 3524 quibus
861 3456 1113 3512 Christus
1148 3467 1398 3515 mortuus
1434 3470 1549 3525 est,
1584 3469 1638 3514 et
1669 3461 1932 3531 diripiunt
1963 3477 2084 3532 qua:

500 3545 668 3612 ipsius
710 3556 868 3614 sunt,
915 3561 1301 3604 coacervantes
1331 3551 1435 3605 sibi
1481 3553 1614 3620 ipsis
1643 3567 1763 3622 quae
1805 3569 1913 3609 non
1960 3564 2086 3609 sunt

498 3638 771 3708 ipsorum,
814 3640 956 3695 sicut
1000 3641 1262 3711 scriptum
1312 3652 1426 3707 est;
1476 3654 1530 3697 et
1574 3653 1862 3713 gravantes
1896 3647 2084 3716 jugum

498 3730 740 3799 ipsorum
769 3731 1001 3798 fortiter,
1029 3733 1094 3786 (le
1122 3734 1318 3803 quibus
1346 3737 1542 3790 merito
1571 3737 1678 3791 dici
1708 3739 1877 3807 possit
1905 3756 1921 3793 :
1953 3757 1972 3790 ι
2004 3737 2085 3793 Ex

501 3819 656 3874 nobis
687 3821 954 3886 exierunt,
980 3822 1073 3876 sed
1093 3833 1377 3879 nouerant
1406 3839 1472 3880 ex
1507 3826 1695 3891 nobis,
1739 3846 1759 3881 ι
1785 3840 2086 3898 opportune

500 3908 642 3963 enim
681 3911 780 3963 hoc
812 3909 877 3964 de
912 3910 1240 3979 ejuscemodi
1273 3914 1583 3971 hominibus
1614 3932 1642 3970 a
1679 3918 1833 3974 nobis
1867 3920 2083 3974 dicitur.

501 3997 642 4055 Sunt
678 4001 821 4055 enim
865 4004 1105 4058 ttOunttlli
1148 4005 1239 4074 qui
1285 4005 1533 4076 imperite
1576 4010 1862 4064 admodum
1903 4014 2088 4084 unige-

504 4093 673 4148 nitum
702 4093 797 4146 Del
822 4093 1055 4149 Verbum
1083 4111 1337 4166 suprema
1364 4097 1453 4154 illa
1477 4100 1800 4156 excellentia
1827 4103 2085 4172 spoliare,

500 4192 557 4237 et
594 4184 663 4236 ab
705 4185 1011 4253 aequalitate
1051 4202 1175 4242 cum
1219 4189 1329 4245 Deo
1370 4206 1434 4245 ac
1473 4190 1632 4247 Patre
1670 4193 1959 4250 excludere
1997 4210 2090 4249 co-

503 4281 722 4339 nantur,
763 4276 1279 4335 consubstantialem
1328 4282 1503 4351 ipsum
1548 4297 1669 4337 esse
1716 4294 1996 4354 negantes,
2035 4294 2090 4338 et

506 4365 807 4420 naturalem
851 4367 1331 4439 omnimodamque
1376 4371 1714 4428 identitatem
1757 4375 1805 4428 ei
1855 4375 2092 4429 tribuere

507 4469 843 4513 recusantes.
884 4458 987 4514 Alii
1029 4474 1158 4515 vero
1202 4460 1447 4516 eamdem
1492 4460 1608 4517 fere
1653 4473 1816 4531 atque
1858 4465 1912 4518 hi
1957 4479 2092 4533 quos

506 4549 742 4604 diximus
777 4551 918 4603 viam
956 4551 1303 4619 insistentes,
1340 4562 1505 4621 atque
1544 4553 1597 4606 in
1637 4555 1770 4607 retia
1810 4555 2002 4609 mortis
2037 4566 2092 4610 et

504 4638 754 4708 laqueum
800 4640 999 4695 inferni
1044 4642 1300 4713 prolapsi,
1338 4640 1613 4711 Unigeniti
1657 4645 1976 4712 mysterium
2020 4645 2087 4701 ab

505 4733 980 4791 administratione
1027 4735 1079 4790 in
1129 4747 1294 4790 carne
1339 4736 1455 4789 sive
1500 4733 1872 4789 incarnatione
1914 4733 2088 4790 seclu-

505 4824 642 4880 dunt
664 4838 729 4879 ac
758 4834 1033 4893 separant,
1058 4834 1112 4880 et
1138 4825 1303 4881 simili
1337 4823 1728 4894 propemodum
1758 4833 1919 4890 atque
1945 4827 2088 4882 allini

507 4930 631 4969 cum
661 4917 933 4985 prioribus
965 4917 1070 4971 illis
1100 4916 1336 4971 amentia
1368 4916 1641 4972 laborant.
1678 4917 1755 4972 Illi
1789 4920 1932 4973 enim
1957 4919 2090 4974 Ver-

510 5005 637 5064 bum
675 5023 740 5062 ex
784 5008 892 5063 Deo
931 5006 1093 5062 Patre
1127 5007 1368 5077 genitum
1405 5006 1567 5060 etiam
1601 5020 1726 5064 ante
1762 5010 2090 5067 incarnatio-

510 5114 656 5160 nem,
704 5098 1004 5155 divinitatis
1049 5096 1371 5153 excellentia
1419 5107 1679 5166 quantum
1731 5101 1783 5155 in
1835 5103 1964 5172 ipsis
2009 5113 2091 5159 est

511 5191 746 5260 spoliant
793 5206 808 5243 :
863 5190 914 5243 bi
960 5204 1091 5244 vero
1141 5190 1305 5243 etiam
1354 5193 1639 5249 incarnato
1683 5193 1864 5250 Verbo
1909 5196 2090 5253 infesti

512 5289 669 5345 sunt,
713 5288 768 5334 et
812 5278 1108 5333 beneﬁcam
1157 5276 1330 5348 ipsius
1375 5281 1606 5352 gratiam
1651 5299 1756 5354 qua
1800 5284 2088 5343 humanam

512 5380 761 5424 naturam
798 5367 1111 5437 complexus
1145 5380 1252 5436 est,
1285 5380 1489 5427 tantum
1526 5390 1630 5431 non
1668 5376 1976 5447 improbant
2007 5387 2092 5433 at—

513 5476 620 5531 que
654 5462 906 5514 incusant
937 5479 951 5514 :
987 5476 1090 5516 non
1124 5472 1272 5519 reete
1301 5462 1401 5519 sibi
1432 5466 1771 5523 consuluisse
1801 5483 1923 5525 eum
1957 5484 2088 5525 eon-

518 5551 799 5607 tendentes
824 5551 967 5620 quod
993 5567 1211 5609 carnem
1241 5559 1624 5628 assumpserit,
1650 5574 1817 5630 seque
1842 5561 2092 5617 exinani-

516 5640 685 5709 verit;
717 5642 832 5697 sive
865 5644 1005 5712 quod
1043 5644 1220 5702 factus
1252 5647 1324 5702 sit
1359 5648 1539 5714 homo,
1572 5650 1824 5719 quodque
1857 5654 1906 5705 in
1944 5661 2088 5709 terra

592 5818 633 5849 '°
659 5818 810 5876 Rom.
851 5836 885 5889 ι,
917 5822 975 5876 2|
1013 5823 1100 5881 ΞΕ.
1179 5824 1225 5857 “
1246 5826 1283 5878 ll
1314 5824 1458 5880 Petr.
1494 5842 1553 5891 ll,
1586 5826 1678 5891 2|,
1707 5828 1799 5881 9.2.

2184 3365 2368 3436 ϐόρου.
2395 3384 2413 3417 ι
2449 3366 2838 3438 Διεμερίσαντο
2866 3365 2974 3437 γὰρ
3002 3365 3100 3436 τῆς
3136 3363 3276 3418 κατὰ
3304 3363 3542 3436 Χριστοῦ
3568 3363 3781 3431 δυσφη-

2187 3458 2315 3527 μίας
2337 3456 2406 3511 τά
2432 3457 2778 3528 ἐγκλήματα,
2815 3457 2912 3510 καὶ
2936 3451 3025 3511 οἷά
3053 3474 3199 3519 τινες
3234 3455 3389 3509 λύκοι
3435 3455 3654 3527 δριμεῖς
3680 3453 3784 3507 καὶ

2185 3548 2395 3621 πικροὶ,
2421 3549 2855 3619 διαλυμαίνονται
2881 3551 2995 3612 τοῖς
3020 3550 3316 3620 ποιμνίοις,
3367 3550 3506 3619 ὑπὲρ
3536 3541 3612 3602 ὦν
3636 3548 3781 3621 X9;-

2142 3670 2151 3677 -
2188 3640 2308 3703 στὸς
2349 3640 2610 3706 ἀπέθανε,
2646 3642 2738 3694 καὶ
2783 3641 3150 3712 διαρπάζουσι
3197 3639 3267 3694 τά
3335 3640 3521 3706 αὑτοῦ,
3565 3637 3784 3709 πληθύ-

2187 3747 2377 3793 νοντες
2404 3733 2622 3795 ἑαυτοῖς
2660 3732 2728 3786 τὰ
2749 3734 2850 3787 οὐκ
2872 3732 3003 3787 ὄντα
3034 3733 3238 3801 αὐτῶν,
3268 3733 3410 3786 καθά
3444 3732 3785 3804 γέγραπται,

2188 3824 2284 3879 καὶ
2318 3824 2646 3896 βαρύνοντες
2670 3826 2762 3878 τὸν
2788 3825 2966 3880 κλοιὸν
2994 3825 3173 3881 αὐτῶν
3215 3825 3506 3898 στιὸαρῶς,
3550 3824 3679 3894 περὶ
3704 3817 3787 3878 ὧν

2188 3916 2255 3970 ἂν
2297 3916 2509 3985 λέγοιτο
2545 3917 2640 3971 καὶ
2671 3917 2818 3988 μάλα
2855 3919 3101 3980 εἰκότως·
3155 3937 3173 3971 ι
3209 3917 3299 3983 Ἐξ
3339 3918 3496 3988 ἡμῶν
3531 3914 3788 3985 ἐξῆλθον,

2189 4008 2303 4063 ἀλλ’
2361 4008 2462 4062 οὐκ
2525 4005 2666 4080 ἦσαν
2719 4009 2780 4075 ἐξ
2841 4010 3017 4082 ἡμῶν.
3055 4030 3074 4062 ι
3141 4008 3446 4082 Ούγαροῦν.
3507 4007 3648 4060 Ἀλλ’
3700 4007 3787 4070 εἰς

2189 4099 2379 4171 καιρὸν
2410 4101 2541 4170 ἡμῖν
2569 4103 2598 4154 ό
2631 4101 2758 4172 περί
2790 4118 2854 4170 γε
2883 4101 2990 4154 τῶν
3019 4101 3278 4155 τοιούτων
3308 4100 3552 4172 κρίνεται
3597 4097 3783 4167 λόγος.

2189 4191 2641 4261 Κατακομίζουσι
2676 4192 2777 4262 μὲν
2818 4192 2926 4265 γὰρ
2960 4193 3239 4258 ἀσυνέτως
3281 4191 3427 4256 τινὲς
3476 4190 3567 4245 τὸν
3613 4207 3784 4261 μονο-

2190 4283 2321 4352 γενῆ
2348 4280 2441 4345 τοῦ
2497 4281 2632 4335 Θεοῦ
2674 4283 2848 4350 Λόγον
2880 4284 2980 4354 τῆς
3021 4285 3335 4355 ὑπερτάτης
3365 4281 3660 4353 ὑπεροχῆς,
3687 4283 3789 4335 καὶ

2192 4371 2584 4438 ὑποϐιϐἀξουσι
2608 4372 2708 4443 τῆς
2741 4374 2985 4447 ίσότητος
3007 4378 3108 4448 τῆς
3145 4376 3281 4447 πρὸς
3310 4375 3401 4429 τὸν
3433 4375 3659 4446 Πατέρα
3686 4375 3787 4428 καὶ

2191 4462 2346 4527 Θεδν,
2385 4465 2483 4535 οὐχ
2510 4464 2796 4534 όμοούσιον
2832 4461 2971 4518 εἶναι
3005 4466 3255 4536 λέγοντες
3283 4466 3466 4531 αὑτὸν,
3510 4464 3635 4520 οὔτε
3669 4464 3783 4536 μὴν

2195 4557 2398 4626 φυσικῇ
2467 4557 2561 4609 καὶ
2638 4558 3045 4629 ἀπαραλλάκτῳ
3121 4560 3411 4630 ταυτότητι
3480 4557 3786 4627 στεφανοῦν

2194 4643 2490 4709 ἐθέλοντες.
2533 4646 2753 4717 ’Έτεροι
2791 4648 2849 4701 δὲ
2892 4653 3007 4714 τοῖς
3040 4650 3453 4721 ώνομασμένοις
3481 4651 3580 4721 τὴν
3611 4649 3787 4718 αὐτὴν

2195 4732 2385 4806 ὥσπερ
2436 4736 2723 4807 ἐρχόμενοι
2763 4739 2969 4810 τρίϐον,
3019 4742 3114 4794 καὶ
3144 4743 3227 4805 είς
3275 4742 3476 4808 παγίδα
3523 4740 3784 4803 θανάτου,
3836 4722 3857 4732 ’

2196 4826 2290 4878 καὶ
2336 4828 2415 4890 εἰς
2451 4828 2724 4900 πέταυρον
2765 4828 2896 4899 ᾅδου
2941 4830 3468 4896 κατολισθαίνοντες,
3504 4830 3606 4900 τῆς
3645 4830 3787 4901 μετὰ

2196 4918 2401 4990 σαρκὸς
2428 4921 2742 4991 οἰκονομίας
2786 4922 2882 4978 τοῦ
2914 4924 3256 4995 Μονογενοῦς
3288 4923 3689 4996 παρευθύνουσι
3725 4924 3790 4976 τὺ

2200 5010 2523 5083 μυστήριον,
2554 5013 2650 5066 καὶ
2680 4999 2919 5087 ἀδελφὴν
2945 5015 3136 5088 ὥσπερ
3167 5018 3282 5081 τοῖς
3313 5015 3552 5088 πρώτοις
3595 5017 3789 5086 ἐπιτη-

2196 5101 2413 5159 δεύουσι
2454 5104 2553 5177 τὴν
2589 5108 2870 5164 ἀπόνοιαν.
2917 5112 2982 5164 Ol.
3015 5113 3116 5184 μὲν
3147 5113 3279 5184 γὰρ,
3315 5111 3470 5166 οὔπω
3502 5128 3787 5184 σεσαρκω-

2201 5190 2362 5261 μένον
2409 5192 2504 5248 τὸν
2550 5196 2617 5250 ἐκ
2659 5197 2796 5252 Θεοῦ
2838 5199 3050 5273 Πατρός
3087 5200 3262 5271 φύντα
3293 5201 3486 5269 Λόγον,
3535 5202 3643 5256 τῶν
3689 5202 3789 5271 τῆς

2199 5280 2453 5354 θεότητος
2486 5285 2800 5359 ὑψωμάτων
2846 5293 3128 5364 μονονουχὶ
3168 5293 3593 5367 κατασύροντες.
3624 5293 3687 5346 τό
3723 5310 3788 5360 τε

2196 5368 2331 5445 ἧκον
2361 5376 2448 5430 ἐπ’
2481 5378 2686 5446 αὐτοῖς,
2718 5381 2901 5435 ἁλοῖεν
2929 5383 2994 5436 ἀν
3014 5398 3029 5414 ·
3065 5385 3114 5438 οἱ
3142 5384 3221 5452 δέ,
3259 5386 3356 5441 καὶ
3380 5384 3790 5457 σεςαρκωμένῳ

2199 5468 2458 5540 πολεμεῖν
2504 5470 2802 5541 ἐγνώκασι,
2850 5476 3132 5548 μονονουχὶ
3179 5477 3274 5531 καὶ
3303 5476 3687 5550 ,ἐπιτιμῶντες
3739 5477 3790 5528 οῖ

2198 5558 2419 5630 θρασεῖς
2461 5565 2528 5634 τῇ
2582 5562 2952 5637 φιλανθρώπῳ
3015 5568 3221 5638 χάριτι,
3272 5570 3374 5622 οὐκ
3421 5568 3557 5639 ὀρθά
3600 5567 3792 5638 βεϐου-

2196 5650 2420 5707 λεῦσθαι
2456 5655 2597 5725 τάχα
2638 5671 2739 5710 που
2786 5655 3200 5730 διατεινόμενοι,
3240 5660 3328 5715 διά
3362 5660 3421 5715 τὸ
3460 5657 3792 5730 ἀνασχέσθαι
