  <div class='ocr_page' id='page_1' title='image "/cluster/home/n/w/nwhite01/storage/ocr_20150623/75:no.8/coo.31924054869767/636.png"; bbox 0 0 4050 6428; ppageno 0'>
   <div class='ocr_carea' id='block_1_1' title="bbox 300 381 444 441">
    <p class='ocr_par' dir='ltr' id='par_1_1' title="bbox 300 381 444 441">
     <span class='ocr_line' id='line_1_1' title="bbox 300 381 444 441; baseline -0.042 0"><span class='ocrx_word' id='word_1_1' title='bbox 300 381 444 441; x_wconf 76' lang='grc'><strong>125⁸1</strong></span> 
     </span>
    </p>
   </div>
   <div class='ocr_carea' id='block_1_2' title="bbox 1473 363 2447 437">
    <p class='ocr_par' dir='ltr' id='par_1_2' title="bbox 1473 363 2447 437">
     <span class='ocr_line' id='line_1_2' title="bbox 1473 363 2447 437; baseline -0.003 -10"><span class='ocrx_word' id='word_1_2' title='bbox 1473 369 1661 437; x_wconf 82' lang='lat' dir='ltr'><strong>QUOD</strong></span> <span class='ocrx_word' id='word_1_3' title='bbox 1702 367 1892 426; x_wconf 81' lang='lat' dir='ltr'><strong>UNUS</strong></span> <span class='ocrx_word' id='word_1_4' title='bbox 1933 367 2040 424; x_wconf 85' lang='lat' dir='ltr'><strong>SIT</strong></span> <span class='ocrx_word' id='word_1_5' title='bbox 2080 363 2447 425; x_wconf 70' lang='lat' dir='ltr'><strong>CHRISTUS.</strong></span> 
     </span>
    </p>
   </div>
   <div class='ocr_carea' id='block_1_3' title="bbox 3449 361 3587 416">
    <p class='ocr_par' dir='ltr' id='par_1_3' title="bbox 3449 361 3587 416">
     <span class='ocr_line' id='line_1_3' title="bbox 3449 361 3587 416; baseline -0.007 -1"><span class='ocrx_word' id='word_1_6' title='bbox 3449 361 3587 416; x_wconf 56' lang='lat'><strong>6:258</strong></span> 
     </span>
    </p>
   </div>
   <div class='ocr_carea' id='block_1_4' title="bbox 301 477 1913 568">
    <p class='ocr_par' dir='ltr' id='par_1_4' title="bbox 301 489 1898 568">
     <span class='ocr_line' id='line_1_4' title="bbox 301 489 1898 568; baseline -0.008 -16"><span class='ocrx_word' id='word_1_7' title='bbox 301 495 534 568; x_wconf 78' lang='grc' dir='ltr'>σαρκὸς,</span> <span class='ocrx_word' id='word_1_8' title='bbox 576 495 670 547; x_wconf 78' lang='grc' dir='ltr'>καὶ</span> <span class='ocrx_word' id='word_1_9' title='bbox 712 495 821 546; x_wconf 89' lang='grc' dir='ltr'><strong>τῶν</strong></span> <span class='ocrx_word' id='word_1_10' title='bbox 857 491 956 562; x_wconf 76' lang='grc' dir='ltr'>τῆς</span> <span class='ocrx_word' id='word_1_11' title='bbox 991 491 1270 552; x_wconf 76' lang='grc' dir='ltr'><strong>κενώσεως</strong></span> <span class='ocrx_word' id='word_1_12' title='bbox 1321 489 1563 560; x_wconf 81' lang='grc' dir='ltr'>μέτρων,</span> <span class='ocrx_word' id='word_1_13' title='bbox 1611 489 1777 558; x_wconf 74' lang='grc' dir='ltr'>ἤγουν</span> <span class='ocrx_word' id='word_1_14' title='bbox 1818 489 1898 540; x_wconf 80' lang='grc' dir='ltr'>ὅτι</span> 
     </span>
    </p>
   </div>
   <div class='ocr_carea' id='block_1_5' title="bbox 2029 477 3588 568">
    <p class='ocr_par' dir='ltr' id='par_1_5' title="bbox 2029 477 3588 557">
     <span class='ocr_line' id='line_1_5' title="bbox 2029 477 3588 557; baseline -0.004 -20"><span class='ocrx_word' id='word_1_15' title='bbox 2029 488 2339 557; x_wconf 69' lang='grc' dir='ltr'>ιιιιιοτιιθι·ἱι,</span> <span class='ocrx_word' id='word_1_16' title='bbox 2363 493 2418 540; x_wconf 90' lang='lat' dir='ltr'><strong>et</strong></span> <span class='ocrx_word' id='word_1_17' title='bbox 2441 498 2564 538; x_wconf 90' lang='lat' dir='ltr'><strong>cum</strong></span> <span class='ocrx_word' id='word_1_18' title='bbox 2587 479 2900 536; x_wconf 83' lang='lat' dir='ltr'><strong>hominibus</strong></span> <span class='ocrx_word' id='word_1_19' title='bbox 2920 486 3171 536; x_wconf 82' lang='lat' dir='ltr'><strong>versatus</strong></span> <span class='ocrx_word' id='word_1_20' title='bbox 3193 478 3286 542; x_wconf 87' lang='lat' dir='ltr'><strong>sit,</strong></span> <span class='ocrx_word' id='word_1_21' title='bbox 3308 491 3430 533; x_wconf 90' lang='lat' dir='ltr'><strong>cum</strong></span> <span class='ocrx_word' id='word_1_22' title='bbox 3457 477 3588 532; x_wconf 83' lang='lat' dir='ltr'><strong>alio-</strong></span> 
     </span>
    </p>
   </div>
   <div class='ocr_carea' id='block_1_6' title="bbox 301 581 1900 658">
    <p class='ocr_par' dir='ltr' id='par_1_6' title="bbox 301 581 1900 658">
     <span class='ocr_line' id='line_1_6' title="bbox 301 581 1900 658; baseline -0.006 -17"><span class='ocrx_word' id='word_1_23' title='bbox 301 590 526 658; x_wconf 88' lang='grc' dir='ltr'>γέγονεν</span> <span class='ocrx_word' id='word_1_24' title='bbox 571 585 880 656; x_wconf 76' lang='grc' dir='ltr'>ἄνθρωπος,</span> <span class='ocrx_word' id='word_1_25' title='bbox 919 584 1014 636; x_wconf 71' lang='grc' dir='ltr'>καὶ</span> <span class='ocrx_word' id='word_1_26' title='bbox 1050 583 1143 636; x_wconf 68' lang='grc' dir='ltr'>ἐπὶ</span> <span class='ocrx_word' id='word_1_27' title='bbox 1184 584 1282 653; x_wconf 86' lang='grc' dir='ltr'>τῆς</span> <span class='ocrx_word' id='word_1_28' title='bbox 1312 583 1415 651; x_wconf 83' lang='grc' dir='ltr'>γῆς</span> <span class='ocrx_word' id='word_1_29' title='bbox 1444 581 1622 650; x_wconf 75' lang='grc' dir='ltr'>ὤφθη.</span> <span class='ocrx_word' id='word_1_30' title='bbox 1670 582 1900 643; x_wconf 71' lang='grc' dir='ltr'>καὶτοῖς,</span> 
     </span>
    </p>
   </div>
   <div class='ocr_carea' id='block_1_7' title="bbox 299 670 1901 749">
    <p class='ocr_par' dir='ltr' id='par_1_7' title="bbox 299 670 1901 749">
     <span class='ocr_line' id='line_1_7' title="bbox 299 670 1901 749; baseline -0.007 -16"><span class='ocrx_word' id='word_1_31' title='bbox 299 679 620 749; x_wconf 84' lang='grc' dir='ltr'>ἀνθρώποις</span> <span class='ocrx_word' id='word_1_32' title='bbox 651 673 1092 744; x_wconf 83' lang='grc' dir='ltr'>συνανεστρὰφη,</span> <span class='ocrx_word' id='word_1_33' title='bbox 1127 673 1304 726; x_wconf 84' lang='grc' dir='ltr'>καίτοι</span> <span class='ocrx_word' id='word_1_34' title='bbox 1334 671 1466 735; x_wconf 76' lang='grc' dir='ltr'>Θεὸς</span> <span class='ocrx_word' id='word_1_35' title='bbox 1485 671 1561 724; x_wconf 83' lang='grc' dir='ltr'><strong>ῶν</strong></span> <span class='ocrx_word' id='word_1_36' title='bbox 1593 670 1775 739; x_wconf 84' lang='grc' dir='ltr'>φύσει,</span> <span class='ocrx_word' id='word_1_37' title='bbox 1809 670 1901 723; x_wconf 71' lang='grc' dir='ltr'>καὶ</span> 
     </span>
    </p>
   </div>
   <div class='ocr_carea' id='block_1_8' title="bbox 303 765 897 840">
    <p class='ocr_par' dir='ltr' id='par_1_8' title="bbox 303 765 897 840">
     <span class='ocr_line' id='line_1_8' title="bbox 303 765 897 840; baseline -0.005 -17"><span class='ocrx_word' id='word_1_38' title='bbox 303 769 561 840; x_wconf 85' lang='grc' dir='ltr'>σύνεδρος</span> <span class='ocrx_word' id='word_1_39' title='bbox 589 765 668 837; x_wconf 79' lang='grc' dir='ltr'><strong>τῷ</strong></span> <span class='ocrx_word' id='word_1_40' title='bbox 701 766 897 835; x_wconf 83' lang='grc' dir='ltr'>Πατρί.</span> 
     </span>
    </p>
   </div>
   <div class='ocr_carea' id='block_1_9' title="bbox 373 856 1035 927">
    <p class='ocr_par' dir='ltr' id='par_1_9' title="bbox 373 856 1035 927">
     <span class='ocr_line' id='line_1_9' title="bbox 373 856 1035 927; baseline -0.003 -15"><span class='ocrx_word' id='word_1_41' title='bbox 373 862 436 914; x_wconf 91' lang='grc' dir='ltr'><strong>Β.</strong></span> <span class='ocrx_word' id='word_1_42' title='bbox 474 860 651 927; x_wconf 73' lang='grc' dir='ltr'>Ἔφης</span> <span class='ocrx_word' id='word_1_43' title='bbox 699 857 798 927; x_wconf 78' lang='grc' dir='ltr'>μὲν</span> <span class='ocrx_word' id='word_1_44' title='bbox 837 856 1035 927; x_wconf 81' lang='grc' dir='ltr'><strong>ὀρθῶς.</strong></span> 
     </span>
    </p>
   </div>
   <div class='ocr_carea' id='block_1_10' title="bbox 372 945 1903 1020">
    <p class='ocr_par' dir='ltr' id='par_1_10' title="bbox 372 945 1903 1020">
     <span class='ocr_line' id='line_1_10' title="bbox 372 945 1903 1020; baseline -0.004 -14"><span class='ocrx_word' id='word_1_45' title='bbox 372 955 437 1006; x_wconf 79' lang='grc' dir='ltr'>Α.</span> <span class='ocrx_word' id='word_1_46' title='bbox 474 949 966 1018; x_wconf 74' lang='grc' dir='ltr'>Κατακεκράξεται</span> <span class='ocrx_word' id='word_1_47' title='bbox 993 951 1037 1003; x_wconf 87' lang='grc' dir='ltr'>δ’</span> <span class='ocrx_word' id='word_1_48' title='bbox 1063 945 1157 1004; x_wconf 86' lang='grc' dir='ltr'><strong>οῦν</strong></span> <span class='ocrx_word' id='word_1_49' title='bbox 1183 949 1284 1018; x_wconf 82' lang='grc' dir='ltr'>τῆς</span> <span class='ocrx_word' id='word_1_50' title='bbox 1319 950 1377 1002; x_wconf 83' lang='grc' dir='ltr'>ὲν</span> <span class='ocrx_word' id='word_1_51' title='bbox 1407 948 1615 1020; x_wconf 81' lang='grc' dir='ltr'><strong>ἀμφοῖν</strong></span> <span class='ocrx_word' id='word_1_52' title='bbox 1660 947 1903 1017; x_wconf 82' lang='grc' dir='ltr'>ἀμαθίας</span> 
     </span>
    </p>
   </div>
   <div class='ocr_carea' id='block_1_11' title="bbox 298 1039 1904 1115">
    <p class='ocr_par' dir='ltr' id='par_1_11' title="bbox 298 1039 1904 1115">
     <span class='ocr_line' id='line_1_11' title="bbox 298 1039 1904 1115; baseline -0.004 -17"><span class='ocrx_word' id='word_1_53' title='bbox 298 1049 332 1115; x_wconf 86' lang='grc' dir='ltr'>ἠ</span> <span class='ocrx_word' id='word_1_54' title='bbox 375 1045 737 1106; x_wconf 80' lang='grc' dir='ltr'>θεόπνευστος</span> <span class='ocrx_word' id='word_1_55' title='bbox 790 1043 1006 1114; x_wconf 83' lang='grc' dir='ltr'>Γραφὴ,</span> <span class='ocrx_word' id='word_1_56' title='bbox 1059 1043 1442 1113; x_wconf 70' lang='grc' dir='ltr'>πρεσϐεύουσα</span> <span class='ocrx_word' id='word_1_57' title='bbox 1491 1040 1760 1111; x_wconf 82' lang='grc' dir='ltr'>τάληθὲς,</span> <span class='ocrx_word' id='word_1_58' title='bbox 1808 1039 1904 1092; x_wconf 75' lang='grc' dir='ltr'>καὶ</span> 
     </span>
    </p>
   </div>
   <div class='ocr_carea' id='block_1_12' title="bbox 300 1128 1904 1204">
    <p class='ocr_par' dir='ltr' id='par_1_12' title="bbox 300 1128 1904 1204">
     <span class='ocr_line' id='line_1_12' title="bbox 300 1128 1904 1204; baseline -0.005 -16"><span class='ocrx_word' id='word_1_59' title='bbox 300 1136 392 1188; x_wconf 68' lang='grc' dir='ltr'>τὸν</span> <span class='ocrx_word' id='word_1_60' title='bbox 429 1134 528 1204; x_wconf 80' lang='grc' dir='ltr'>μὲν</span> <span class='ocrx_word' id='word_1_61' title='bbox 573 1134 685 1204; x_wconf 83' lang='grc' dir='ltr'><strong>γὰρ</strong></span> <span class='ocrx_word' id='word_1_62' title='bbox 746 1133 978 1195; x_wconf 76' lang='grc' dir='ltr'>ἐκείνοις</span> <span class='ocrx_word' id='word_1_63' title='bbox 1021 1132 1178 1199; x_wconf 83' lang='grc' dir='ltr'>λόγον</span> <span class='ocrx_word' id='word_1_64' title='bbox 1225 1132 1436 1202; x_wconf 79' lang='grc' dir='ltr'><strong>ἀδρανῆ</strong></span> <span class='ocrx_word' id='word_1_65' title='bbox 1486 1132 1580 1184; x_wconf 77' lang='grc' dir='ltr'><strong>καί</strong></span> <span class='ocrx_word' id='word_1_66' title='bbox 1622 1128 1904 1200; x_wconf 78' lang='grc' dir='ltr'><strong>ἀσύφηλον</strong></span> 
     </span>
    </p>
   </div>
   <div class='ocr_carea' id='block_1_13' title="bbox 299 1221 1901 1294">
    <p class='ocr_par' dir='ltr' id='par_1_13' title="bbox 299 1221 1901 1294">
     <span class='ocr_line' id='line_1_13' title="bbox 299 1221 1901 1294; baseline -0.004 -17"><span class='ocrx_word' id='word_1_67' title='bbox 299 1225 708 1294; x_wconf 75' lang='grc' dir='ltr'>ἀποφαίνουσα,</span> <span class='ocrx_word' id='word_1_68' title='bbox 735 1224 1005 1291; x_wconf 78' lang='grc' dir='ltr'>ἐφιστᾶσα</span> <span class='ocrx_word' id='word_1_69' title='bbox 1031 1223 1088 1276; x_wconf 82' lang='grc' dir='ltr'>δὲ</span> <span class='ocrx_word' id='word_1_70' title='bbox 1109 1226 1231 1286; x_wconf 85' lang='grc' dir='ltr'>ταῖς</span> <span class='ocrx_word' id='word_1_71' title='bbox 1258 1224 1358 1292; x_wconf 76' lang='grc' dir='ltr'>τῆς</span> <span class='ocrx_word' id='word_1_72' title='bbox 1386 1221 1642 1292; x_wconf 87' lang='grc' dir='ltr'>θεότητος</span> <span class='ocrx_word' id='word_1_73' title='bbox 1669 1221 1901 1291; x_wconf 79' lang='grc' dir='ltr'>τρίδοις,</span> 
     </span>
    </p>
   </div>
   <div class='ocr_carea' id='block_1_14' title="bbox 299 1313 1903 1386">
    <p class='ocr_par' dir='ltr' id='par_1_14' title="bbox 299 1313 1903 1386">
     <span class='ocr_line' id='line_1_14' title="bbox 299 1313 1903 1386; baseline -0.004 -17"><span class='ocrx_word' id='word_1_74' title='bbox 299 1317 428 1379; x_wconf 75' lang='grc' dir='ltr'>τοὺς</span> <span class='ocrx_word' id='word_1_75' title='bbox 474 1315 644 1386; x_wconf 83' lang='grc' dir='ltr'>ἰσχνῷ</span> <span class='ocrx_word' id='word_1_76' title='bbox 691 1332 751 1367; x_wconf 89' lang='grc' dir='ltr'><strong>τε</strong></span> <span class='ocrx_word' id='word_1_77' title='bbox 804 1314 898 1367; x_wconf 74' lang='grc' dir='ltr'>καὶ</span> <span class='ocrx_word' id='word_1_78' title='bbox 958 1314 1180 1384; x_wconf 81' lang='grc' dir='ltr'>ἀκριϐεῖ</span> <span class='ocrx_word' id='word_1_79' title='bbox 1217 1313 1458 1376; x_wconf 78' lang='grc' dir='ltr'><strong>διανοίας</strong></span> <span class='ocrx_word' id='word_1_80' title='bbox 1505 1313 1714 1384; x_wconf 73' lang='grc' dir='ltr'>ὄμματι</span> <span class='ocrx_word' id='word_1_81' title='bbox 1767 1328 1903 1364; x_wconf 84' lang='grc' dir='ltr'>κατ-</span> 
     </span>
    </p>
   </div>
   <div class='ocr_carea' id='block_1_15' title="bbox 300 1403 1513 1476">
    <p class='ocr_par' dir='ltr' id='par_1_15' title="bbox 300 1403 1513 1476">
     <span class='ocr_line' id='line_1_15' title="bbox 300 1403 1513 1476; baseline 0 -18"><span class='ocrx_word' id='word_1_82' title='bbox 300 1403 493 1474; x_wconf 77' lang='grc' dir='ltr'>αθρεῖν</span> <span class='ocrx_word' id='word_1_83' title='bbox 523 1403 785 1466; x_wconf 76' lang='grc' dir='ltr'><strong>εἰωθότας</strong></span> <span class='ocrx_word' id='word_1_84' title='bbox 815 1403 876 1455; x_wconf 80' lang='grc' dir='ltr'>τὸ</span> <span class='ocrx_word' id='word_1_85' title='bbox 902 1403 988 1455; x_wconf 77' lang='grc' dir='ltr'><strong>ἐπ’</strong></span> <span class='ocrx_word' id='word_1_86' title='bbox 1013 1403 1164 1472; x_wconf 87' lang='grc' dir='ltr'><strong>αὑτῷ</strong></span> <span class='ocrx_word' id='word_1_87' title='bbox 1193 1405 1513 1476; x_wconf 85' lang='grc' dir='ltr'>μυστήριον.</span> 
     </span>
    </p>
   </div>
   <div class='ocr_carea' id='block_1_16' title="bbox 374 1490 1903 1564">
    <p class='ocr_par' dir='ltr' id='par_1_16' title="bbox 374 1490 1903 1564">
     <span class='ocr_line' id='line_1_16' title="bbox 374 1490 1903 1564; baseline -0.001 -21"><span class='ocrx_word' id='word_1_88' title='bbox 374 1493 435 1549; x_wconf 87' lang='grc' dir='ltr'><strong>Β.</strong></span> <span class='ocrx_word' id='word_1_89' title='bbox 475 1492 632 1555; x_wconf 81' lang='grc' dir='ltr'>Τίνες</span> <span class='ocrx_word' id='word_1_90' title='bbox 661 1492 706 1544; x_wconf 83' lang='grc' dir='ltr'>δ’</span> <span class='ocrx_word' id='word_1_91' title='bbox 732 1492 798 1546; x_wconf 78' lang='grc' dir='ltr'>ἂν</span> <span class='ocrx_word' id='word_1_92' title='bbox 827 1490 960 1557; x_wconf 72' lang='grc' dir='ltr'>εἶεν,</span> <span class='ocrx_word' id='word_1_93' title='bbox 987 1496 1036 1546; x_wconf 87' lang='grc' dir='ltr'><strong>οἰ</strong></span> <span class='ocrx_word' id='word_1_94' title='bbox 1066 1495 1166 1564; x_wconf 75' lang='grc' dir='ltr'>τὴν</span> <span class='ocrx_word' id='word_1_95' title='bbox 1192 1493 1336 1546; x_wconf 70' lang='grc' dir='ltr'>οὕτω</span> <span class='ocrx_word' id='word_1_96' title='bbox 1365 1493 1572 1564; x_wconf 83' lang='grc' dir='ltr'>σεπτὴν</span> <span class='ocrx_word' id='word_1_97' title='bbox 1607 1492 1703 1546; x_wconf 71' lang='grc' dir='ltr'>καὶ</span> <span class='ocrx_word' id='word_1_98' title='bbox 1729 1491 1903 1563; x_wconf 81' lang='grc' dir='ltr'>ἀπόρ-</span> 
     </span>
    </p>
   </div>
   <div class='ocr_carea' id='block_1_17' title="bbox 304 1583 1906 1656">
    <p class='ocr_par' dir='ltr' id='par_1_17' title="bbox 304 1583 1906 1656">
     <span class='ocr_line' id='line_1_17' title="bbox 304 1583 1906 1656; baseline 0 -21"><span class='ocrx_word' id='word_1_99' title='bbox 304 1585 470 1656; x_wconf 73' lang='grc' dir='ltr'>ρητον</span> <span class='ocrx_word' id='word_1_100' title='bbox 499 1583 593 1634; x_wconf 88' lang='grc' dir='ltr'><strong>τοῦ</strong></span> <span class='ocrx_word' id='word_1_101' title='bbox 626 1583 879 1656; x_wconf 83' lang='grc' dir='ltr'><strong>Σωτῆρος</strong></span> <span class='ocrx_word' id='word_1_102' title='bbox 908 1584 1243 1654; x_wconf 75' lang='grc' dir='ltr'>οἰκονομίαν,</span> <span class='ocrx_word' id='word_1_103' title='bbox 1289 1584 1521 1648; x_wconf 82' lang='grc' dir='ltr'>ἀνοσίως</span> <span class='ocrx_word' id='word_1_104' title='bbox 1548 1583 1906 1653; x_wconf 73' lang='grc' dir='ltr'>κεκιϐδηλευο</span> 
     </span>
    </p>
   </div>
   <div class='ocr_carea' id='block_1_18' title="bbox 303 1671 1904 1744">
    <p class='ocr_par' dir='ltr' id='par_1_18' title="bbox 303 1671 1904 1744">
     <span class='ocr_line' id='line_1_18' title="bbox 303 1671 1904 1744; baseline -0.002 -17"><span class='ocrx_word' id='word_1_105' title='bbox 303 1672 461 1734; x_wconf 72' lang='grc' dir='ltr'>κότες</span> <span class='ocrx_word' id='word_1_106' title='bbox 496 1671 703 1742; x_wconf 75' lang='grc' dir='ltr'>(ἔοικας</span> <span class='ocrx_word' id='word_1_107' title='bbox 749 1672 860 1743; x_wconf 74' lang='grc' dir='ltr'><strong>γὰρ</strong></span> <span class='ocrx_word' id='word_1_108' title='bbox 909 1673 970 1725; x_wconf 83' lang='grc' dir='ltr'><strong>ού</strong></span> <span class='ocrx_word' id='word_1_109' title='bbox 1010 1675 1248 1743; x_wconf 81' lang='grc' dir='ltr'>μετρίως</span> <span class='ocrx_word' id='word_1_110' title='bbox 1297 1676 1382 1727; x_wconf 75' lang='grc' dir='ltr'><strong>ἐπ’</strong></span> <span class='ocrx_word' id='word_1_111' title='bbox 1423 1675 1575 1744; x_wconf 83' lang='grc' dir='ltr'>αὐτῷ</span> <span class='ocrx_word' id='word_1_112' title='bbox 1619 1673 1684 1744; x_wconf 77' lang='grc' dir='ltr'>δὴ</span> <span class='ocrx_word' id='word_1_113' title='bbox 1729 1672 1904 1743; x_wconf 81' lang='grc' dir='ltr'>τούτῳ</span> 
     </span>
    </p>
   </div>
   <div class='ocr_carea' id='block_1_19' title="bbox 301 1763 1549 1835">
    <p class='ocr_par' dir='ltr' id='par_1_19' title="bbox 301 1763 1549 1835">
     <span class='ocr_line' id='line_1_19' title="bbox 301 1763 1549 1835; baseline 0.002 -18"><span class='ocrx_word' id='word_1_114' title='bbox 301 1764 640 1834; x_wconf 78' lang='grc' dir='ltr'><strong>δυσφορεῖν),</strong></span> <span class='ocrx_word' id='word_1_115' title='bbox 677 1763 916 1835; x_wconf 74' lang='grc' dir='ltr'>ἐθέλοιμ’</span> <span class='ocrx_word' id='word_1_116' title='bbox 945 1764 1010 1817; x_wconf 82' lang='grc' dir='ltr'>ἂν</span> <span class='ocrx_word' id='word_1_117' title='bbox 1035 1765 1399 1821; x_wconf 77' lang='grc' dir='ltr'>διαπυθέσθαι</span> <span class='ocrx_word' id='word_1_118' title='bbox 1433 1785 1549 1820; x_wconf 83' lang='grc' dir='ltr'>σου.</span> 
     </span>
    </p>
   </div>
   <div class='ocr_carea' id='block_1_20' title="bbox 2007 573 3197 647">
    <p class='ocr_par' dir='ltr' id='par_1_20' title="bbox 2007 573 3197 647">
     <span class='ocr_line' id='line_1_20' title="bbox 2007 573 3197 647; baseline -0.004 -16"><span class='ocrx_word' id='word_1_119' title='bbox 2007 577 2096 647; x_wconf 88' lang='lat' dir='ltr'><strong>qui</strong></span> <span class='ocrx_word' id='word_1_120' title='bbox 2125 578 2197 633; x_wconf 90' lang='lat' dir='ltr'><strong>sit</strong></span> <span class='ocrx_word' id='word_1_121' title='bbox 2226 587 2416 632; x_wconf 87' lang='lat' dir='ltr'><strong>natura</strong></span> <span class='ocrx_word' id='word_1_122' title='bbox 2444 574 2616 639; x_wconf 83' lang='lat' dir='ltr'><strong>Deus,</strong></span> <span class='ocrx_word' id='word_1_123' title='bbox 2644 585 2698 630; x_wconf 88' lang='lat' dir='ltr'><strong>et</strong></span> <span class='ocrx_word' id='word_1_124' title='bbox 2727 573 2903 630; x_wconf 79' lang='lat' dir='ltr'><strong>l‘atris</strong></span> <span class='ocrx_word' id='word_1_125' title='bbox 2929 585 3197 628; x_wconf 76' lang='lat' dir='ltr'><strong>assessor.</strong></span> 
     </span>
    </p>
   </div>
   <div class='ocr_carea' id='block_1_21' title="bbox 2077 839 2782 914">
    <p class='ocr_par' dir='ltr' id='par_1_21' title="bbox 2077 839 2782 914">
     <span class='ocr_line' id='line_1_21' title="bbox 2077 839 2782 914; baseline -0.001 -12"><span class='ocrx_word' id='word_1_126' title='bbox 2077 839 2137 902; x_wconf 82' lang='grc' dir='ltr'>Β.</span> <span class='ocrx_word' id='word_1_127' title='bbox 2181 845 2346 902; x_wconf 76' lang='lat' dir='ltr'><strong>Recte</strong></span> <span class='ocrx_word' id='word_1_128' title='bbox 2377 843 2594 914; x_wconf 82' lang='lat' dir='ltr'><strong>quidem</strong></span> <span class='ocrx_word' id='word_1_129' title='bbox 2629 842 2782 902; x_wconf 85' lang='lat' dir='ltr'><strong>dicis.</strong></span> 
     </span>
    </p>
   </div>
   <div class='ocr_carea' id='block_1_22' title="bbox 2079 930 3597 1004">
    <p class='ocr_par' dir='ltr' id='par_1_22' title="bbox 2079 930 3597 1004">
     <span class='ocr_line' id='line_1_22' title="bbox 2079 930 3597 1004; baseline -0.002 -13"><span class='ocrx_word' id='word_1_130' title='bbox 2079 941 2142 992; x_wconf 80' lang='grc' dir='ltr'>Α.</span> <span class='ocrx_word' id='word_1_131' title='bbox 2186 937 2465 993; x_wconf 90' lang='lat' dir='ltr'><strong>Occlamat</strong></span> <span class='ocrx_word' id='word_1_132' title='bbox 2497 948 2627 990; x_wconf 88' lang='lat' dir='ltr'><strong>vero</strong></span> <span class='ocrx_word' id='word_1_133' title='bbox 2663 935 2946 988; x_wconf 85' lang='lat' dir='ltr'><strong>amborum</strong></span> <span class='ocrx_word' id='word_1_134' title='bbox 2985 931 3270 1002; x_wconf 71' lang='lat' dir='ltr'><strong>imperitiae</strong></span> <span class='ocrx_word' id='word_1_135' title='bbox 3312 930 3597 1004; x_wconf 73' lang='lat' dir='ltr'><strong>Scriptura</strong></span> 
     </span>
    </p>
   </div>
   <div class='ocr_carea' id='block_1_23' title="bbox 2008 1023 3596 1096">
    <p class='ocr_par' dir='ltr' id='par_1_23' title="bbox 2008 1023 3596 1096">
     <span class='ocr_line' id='line_1_23' title="bbox 2008 1023 3596 1096; baseline -0.003 -13"><span class='ocrx_word' id='word_1_136' title='bbox 2008 1029 2268 1084; x_wconf 86' lang='lat' dir='ltr'><strong>divinitus</strong></span> <span class='ocrx_word' id='word_1_137' title='bbox 2317 1027 2618 1096; x_wconf 85' lang='lat' dir='ltr'><strong>inspirata,</strong></span> <span class='ocrx_word' id='word_1_138' title='bbox 2678 1025 2964 1079; x_wconf 73' lang='lat' dir='ltr'><strong>veritatem</strong></span> <span class='ocrx_word' id='word_1_139' title='bbox 3031 1023 3188 1078; x_wconf 88' lang='lat' dir='ltr'><strong>nobis</strong></span> <span class='ocrx_word' id='word_1_140' title='bbox 3239 1023 3596 1088; x_wconf 76' lang='lat' dir='ltr'><strong>edisserens,</strong></span> 
     </span>
    </p>
   </div>
   <div class='ocr_carea' id='block_1_24' title="bbox 2007 1105 3596 1192">
    <p class='ocr_par' dir='ltr' id='par_1_24' title="bbox 2007 1105 3596 1192">
     <span class='ocr_line' id='line_1_24' title="bbox 2007 1105 3596 1192; baseline -0.004 -18"><span class='ocrx_word' id='word_1_141' title='bbox 2007 1133 2172 1192; x_wconf 71' lang='lat' dir='ltr'><strong>atque</strong></span> <span class='ocrx_word' id='word_1_142' title='bbox 2207 1120 2419 1174; x_wconf 89' lang='lat' dir='ltr'><strong>illorum</strong></span> <span class='ocrx_word' id='word_1_143' title='bbox 2446 1118 2666 1188; x_wconf 85' lang='lat' dir='ltr'><strong>quidem</strong></span> <span class='ocrx_word' id='word_1_144' title='bbox 2699 1117 2939 1171; x_wconf 90' lang='lat' dir='ltr'><strong>rationes</strong></span> <span class='ocrx_word' id='word_1_145' title='bbox 2965 1105 3132 1170; x_wconf 74' lang='lat' dir='ltr'><strong>vanas</strong></span> <span class='ocrx_word' id='word_1_146' title='bbox 3157 1131 3220 1170; x_wconf 92' lang='lat' dir='ltr'><strong>ac</strong></span> <span class='ocrx_word' id='word_1_147' title='bbox 3243 1116 3468 1172; x_wconf 90' lang='lat' dir='ltr'><strong>stolidas</strong></span> <span class='ocrx_word' id='word_1_148' title='bbox 3499 1117 3596 1170; x_wconf 85' lang='lat' dir='ltr'><strong>de-</strong></span> 
     </span>
    </p>
   </div>
   <div class='ocr_carea' id='block_1_25' title="bbox 2007 1208 3599 1282">
    <p class='ocr_par' dir='ltr' id='par_1_25' title="bbox 2007 1208 3599 1282">
     <span class='ocr_line' id='line_1_25' title="bbox 2007 1208 3599 1282; baseline -0.001 -16"><span class='ocrx_word' id='word_1_149' title='bbox 2007 1213 2225 1266; x_wconf 83' lang='lat' dir='ltr'><strong>clarans</strong></span> <span class='ocrx_word' id='word_1_150' title='bbox 2258 1251 2272 1276; x_wconf 87' lang='lat'><strong>,</strong></span> <span class='ocrx_word' id='word_1_151' title='bbox 2295 1211 2463 1282; x_wconf 77' lang='lat'><strong>716</strong></span> <span class='ocrx_word' id='word_1_152' title='bbox 2490 1223 2584 1264; x_wconf 88' lang='lat' dir='ltr'><strong>eos</strong></span> <span class='ocrx_word' id='word_1_153' title='bbox 2615 1223 2745 1263; x_wconf 85' lang='lat' dir='ltr'><strong>vero</strong></span> <span class='ocrx_word' id='word_1_154' title='bbox 2779 1209 2870 1277; x_wconf 89' lang='lat' dir='ltr'><strong>qui</strong></span> <span class='ocrx_word' id='word_1_155' title='bbox 2905 1208 3088 1262; x_wconf 86' lang='lat' dir='ltr'><strong>subtili</strong></span> <span class='ocrx_word' id='word_1_156' title='bbox 3134 1218 3300 1277; x_wconf 89' lang='lat' dir='ltr'><strong>atque</strong></span> <span class='ocrx_word' id='word_1_157' title='bbox 3334 1222 3599 1264; x_wconf 87' lang='lat' dir='ltr'><strong>accurato</strong></span> 
     </span>
    </p>
   </div>
   <div class='ocr_carea' id='block_1_26' title="bbox 2008 1300 3595 1373">
    <p class='ocr_par' dir='ltr' id='par_1_26' title="bbox 2008 1300 3595 1373">
     <span class='ocr_line' id='line_1_26' title="bbox 2008 1300 3595 1373; baseline 0 -17"><span class='ocrx_word' id='word_1_158' title='bbox 2008 1305 2208 1358; x_wconf 91' lang='lat' dir='ltr'><strong>mentis</strong></span> <span class='ocrx_word' id='word_1_159' title='bbox 2233 1305 2391 1358; x_wconf 86' lang='lat' dir='ltr'><strong>oculo</strong></span> <span class='ocrx_word' id='word_1_160' title='bbox 2423 1302 2744 1373; x_wconf 82' lang='lat' dir='ltr'><strong>mysterium</strong></span> <span class='ocrx_word' id='word_1_161' title='bbox 2777 1300 2916 1370; x_wconf 89' lang='lat' dir='ltr'><strong>quod</strong></span> <span class='ocrx_word' id='word_1_162' title='bbox 2955 1301 3008 1355; x_wconf 93' lang='lat' dir='ltr'><strong>iu</strong></span> <span class='ocrx_word' id='word_1_163' title='bbox 3041 1301 3143 1357; x_wconf 90' lang='lat' dir='ltr'><strong>hoc</strong></span> <span class='ocrx_word' id='word_1_164' title='bbox 3179 1301 3310 1358; x_wconf 86' lang='lat' dir='ltr'><strong>latet</strong></span> <span class='ocrx_word' id='word_1_165' title='bbox 3341 1313 3595 1360; x_wconf 89' lang='lat' dir='ltr'><strong>contem-</strong></span> 
     </span>
    </p>
   </div>
   <div class='ocr_carea' id='block_1_27' title="bbox 2008 1395 3424 1470">
    <p class='ocr_par' dir='ltr' id='par_1_27' title="bbox 2008 1395 3424 1470">
     <span class='ocr_line' id='line_1_27' title="bbox 2008 1395 3424 1470; baseline 0 -19"><span class='ocrx_word' id='word_1_166' title='bbox 2008 1401 2144 1470; x_wconf 87' lang='lat' dir='ltr'><strong>plari</strong></span> <span class='ocrx_word' id='word_1_167' title='bbox 2182 1401 2378 1463; x_wconf 86' lang='lat' dir='ltr'><strong>solent,</strong></span> <span class='ocrx_word' id='word_1_168' title='bbox 2408 1399 2475 1454; x_wconf 86' lang='lat' dir='ltr'><strong>ad</strong></span> <span class='ocrx_word' id='word_1_169' title='bbox 2514 1399 2764 1454; x_wconf 90' lang='lat' dir='ltr'><strong>semitam</strong></span> <span class='ocrx_word' id='word_1_170' title='bbox 2801 1396 3100 1450; x_wconf 73' lang='lat' dir='ltr'><strong>divinitatis</strong></span> <span class='ocrx_word' id='word_1_171' title='bbox 3133 1395 3424 1452; x_wconf 85' lang='lat' dir='ltr'><strong>deducens.</strong></span> 
     </span>
    </p>
   </div>
   <div class='ocr_carea' id='block_1_28' title="bbox 2079 1487 3600 1558">
    <p class='ocr_par' dir='ltr' id='par_1_28' title="bbox 2079 1487 3600 1558">
     <span class='ocr_line' id='line_1_28' title="bbox 2079 1487 3600 1558; baseline 0 -14"><span class='ocrx_word' id='word_1_172' title='bbox 2079 1491 2140 1546; x_wconf 86' lang='lat' dir='ltr'><strong>B.</strong></span> <span class='ocrx_word' id='word_1_173' title='bbox 2181 1491 2412 1558; x_wconf 90' lang='lat' dir='ltr'><strong>Quinam</strong></span> <span class='ocrx_word' id='word_1_174' title='bbox 2467 1503 2597 1544; x_wconf 90' lang='lat' dir='ltr'><strong>vero</strong></span> <span class='ocrx_word' id='word_1_175' title='bbox 2649 1488 2759 1543; x_wconf 90' lang='lat' dir='ltr'><strong>sint</strong></span> <span class='ocrx_word' id='word_1_176' title='bbox 2803 1487 2839 1540; x_wconf 88' lang='lat' dir='ltr'><strong>ii</strong></span> <span class='ocrx_word' id='word_1_177' title='bbox 2891 1487 2985 1557; x_wconf 89' lang='lat' dir='ltr'><strong>qui</strong></span> <span class='ocrx_word' id='word_1_178' title='bbox 3035 1488 3170 1542; x_wconf 85' lang='lat' dir='ltr'><strong>adeo</strong></span> <span class='ocrx_word' id='word_1_179' title='bbox 3233 1489 3600 1544; x_wconf 87' lang='lat' dir='ltr'><strong>venerandam</strong></span> 
     </span>
    </p>
   </div>
   <div class='ocr_carea' id='block_1_29' title="bbox 2007 1579 3600 1655">
    <p class='ocr_par' dir='ltr' id='par_1_29' title="bbox 2007 1579 3600 1655">
     <span class='ocr_line' id='line_1_29' title="bbox 2007 1579 3600 1655; baseline -0.003 -15"><span class='ocrx_word' id='word_1_180' title='bbox 2007 1595 2171 1655; x_wconf 89' lang='lat' dir='ltr'><strong>atque</strong></span> <span class='ocrx_word' id='word_1_181' title='bbox 2213 1581 2546 1638; x_wconf 74' lang='lat' dir='ltr'><strong>inell‘abilem</strong></span> <span class='ocrx_word' id='word_1_182' title='bbox 2579 1579 2892 1635; x_wconf 85' lang='lat' dir='ltr'><strong>Servatoris</strong></span> <span class='ocrx_word' id='word_1_183' title='bbox 2935 1581 3107 1634; x_wconf 83' lang='lat' dir='ltr'><strong>nostri</strong></span> <span class='ocrx_word' id='word_1_184' title='bbox 3140 1581 3600 1649; x_wconf 88' lang='lat' dir='ltr'><strong>dispensationem</strong></span> 
     </span>
    </p>
   </div>
   <div class='ocr_carea' id='block_1_30' title="bbox 2007 1671 3604 1746">
    <p class='ocr_par' dir='ltr' id='par_1_30' title="bbox 2007 1671 3604 1746">
     <span class='ocr_line' id='line_1_30' title="bbox 2007 1671 3604 1746; baseline -0.003 -14"><span class='ocrx_word' id='word_1_185' title='bbox 2007 1677 2384 1732; x_wconf 85' lang='lat' dir='ltr'><strong>adulterarunt</strong></span> <span class='ocrx_word' id='word_1_186' title='bbox 2419 1672 2646 1746; x_wconf 88' lang='lat' dir='ltr'><strong>(videris</strong></span> <span class='ocrx_word' id='word_1_187' title='bbox 2673 1671 2819 1727; x_wconf 90' lang='lat' dir='ltr'><strong>enim</strong></span> <span class='ocrx_word' id='word_1_188' title='bbox 2857 1671 2987 1726; x_wconf 86' lang='lat' dir='ltr'><strong>mihi</strong></span> <span class='ocrx_word' id='word_1_189' title='bbox 3034 1687 3138 1726; x_wconf 89' lang='lat' dir='ltr'><strong>non</strong></span> <span class='ocrx_word' id='word_1_190' title='bbox 3176 1687 3368 1742; x_wconf 83' lang='lat' dir='ltr'><strong>parum</strong></span> <span class='ocrx_word' id='word_1_191' title='bbox 3405 1673 3508 1729; x_wconf 85' lang='lat' dir='ltr'><strong>hac</strong></span> <span class='ocrx_word' id='word_1_192' title='bbox 3536 1674 3604 1729; x_wconf 85' lang='lat' dir='ltr'><strong>de</strong></span> 
     </span>
    </p>
   </div>
   <div class='ocr_carea' id='block_1_31' title="bbox 2009 1766 3456 1836">
    <p class='ocr_par' dir='ltr' id='par_1_31' title="bbox 2009 1766 3456 1836">
     <span class='ocr_line' id='line_1_31' title="bbox 2009 1766 3456 1836; baseline -0.005 -9"><span class='ocrx_word' id='word_1_193' title='bbox 2009 1785 2174 1827; x_wconf 85' lang='lat' dir='ltr'><strong>causa</strong></span> <span class='ocrx_word' id='word_1_194' title='bbox 2201 1777 2510 1823; x_wconf 88' lang='lat' dir='ltr'><strong>commotus</strong></span> <span class='ocrx_word' id='word_1_195' title='bbox 2540 1767 2705 1836; x_wconf 87' lang='lat' dir='ltr'><strong>esse),</strong></span> <span class='ocrx_word' id='word_1_196' title='bbox 2737 1766 2897 1820; x_wconf 88' lang='lat' dir='ltr'><strong>velim</strong></span> <span class='ocrx_word' id='word_1_197' title='bbox 2922 1771 2989 1820; x_wconf 74' lang='lat' dir='ltr'><strong>ex</strong></span> <span class='ocrx_word' id='word_1_198' title='bbox 3021 1775 3072 1818; x_wconf 90' lang='lat' dir='ltr'><strong>te</strong></span> <span class='ocrx_word' id='word_1_199' title='bbox 3101 1779 3456 1834; x_wconf 78' lang='lat' dir='ltr'><strong>cognoscere.</strong></span> 
     </span>
    </p>
   </div>
   <div class='ocr_carea' id='block_1_32' title="bbox 375 1848 1913 1932">
    <p class='ocr_par' dir='ltr' id='par_1_32' title="bbox 375 1856 1907 1932">
     <span class='ocr_line' id='line_1_32' title="bbox 375 1856 1907 1932; baseline 0.003 -22"><span class='ocrx_word' id='word_1_200' title='bbox 375 1859 440 1910; x_wconf 82' lang='lat' dir='ltr'><strong>A.</strong></span> <span class='ocrx_word' id='word_1_201' title='bbox 477 1857 856 1928; x_wconf 81' lang='grc' dir='ltr'>Διατεκμαίρῃ</span> <span class='ocrx_word' id='word_1_202' title='bbox 915 1856 1118 1920; x_wconf 83' lang='grc' dir='ltr'>καλῶς.</span> <span class='ocrx_word' id='word_1_203' title='bbox 1173 1858 1363 1928; x_wconf 80' lang='grc' dir='ltr'>Ζηλῶν</span> <span class='ocrx_word' id='word_1_204' title='bbox 1407 1858 1518 1929; x_wconf 76' lang='grc' dir='ltr'><strong>γὰρ</strong></span> <span class='ocrx_word' id='word_1_205' title='bbox 1548 1860 1797 1932; x_wconf 74' lang='grc' dir='ltr'>ἐζήλωσα</span> <span class='ocrx_word' id='word_1_206' title='bbox 1828 1861 1907 1931; x_wconf 82' lang='grc' dir='ltr'>τῷ</span> 
     </span>
    </p>
   </div>
   <div class='ocr_carea' id='block_1_33' title="bbox 2029 1848 3606 1932">
    <p class='ocr_par' dir='ltr' id='par_1_33' title="bbox 2086 1852 3606 1929">
     <span class='ocr_line' id='line_1_33' title="bbox 2086 1852 3606 1929; baseline 0.001 -14"><span class='ocrx_word' id='word_1_207' title='bbox 2086 1863 2154 1915; x_wconf 85' lang='grc' dir='ltr'>Α.</span> <span class='ocrx_word' id='word_1_208' title='bbox 2200 1859 2370 1916; x_wconf 80' lang='lat' dir='ltr'><strong>Recte</strong></span> <span class='ocrx_word' id='word_1_209' title='bbox 2394 1858 2630 1929; x_wconf 71' lang='lat' dir='ltr'><strong>iudicas.</strong></span> <span class='ocrx_word' id='word_1_210' title='bbox 2664 1852 2794 1915; x_wconf 86' lang='lat' dir='ltr'><strong>Zelo</strong></span> <span class='ocrx_word' id='word_1_211' title='bbox 2826 1861 2972 1916; x_wconf 93' lang='lat' dir='ltr'><strong>enim</strong></span> <span class='ocrx_word' id='word_1_212' title='bbox 3018 1860 3226 1914; x_wconf 76' lang='lat' dir='ltr'><strong>selatus</strong></span> <span class='ocrx_word' id='word_1_213' title='bbox 3264 1876 3385 1916; x_wconf 69' lang='lat' dir='ltr'><strong>sttui</strong></span> <span class='ocrx_word' id='word_1_214' title='bbox 3419 1861 3606 1916; x_wconf 82' lang='lat' dir='ltr'><strong>Domi-</strong></span> 
     </span>
    </p>
   </div>
   <div class='ocr_carea' id='block_1_34' title="bbox 303 1949 1908 2022">
    <p class='ocr_par' dir='ltr' id='par_1_34' title="bbox 303 1949 1908 2022">
     <span class='ocr_line' id='line_1_34' title="bbox 303 1949 1908 2022; baseline 0.002 -19"><span class='ocrx_word' id='word_1_215' title='bbox 303 1949 519 2019; x_wconf 81' lang='grc' dir='ltr'>Κυρίῳ,</span> <span class='ocrx_word' id='word_1_216' title='bbox 556 1949 651 2000; x_wconf 74' lang='grc' dir='ltr'>καὶ</span> <span class='ocrx_word' id='word_1_217' title='bbox 684 1949 822 2018; x_wconf 84' lang='grc' dir='ltr'>πρός</span> <span class='ocrx_word' id='word_1_218' title='bbox 845 1965 908 2016; x_wconf 88' lang='grc' dir='ltr'><strong>γε</strong></span> <span class='ocrx_word' id='word_1_219' title='bbox 940 1951 1092 2002; x_wconf 77' lang='grc' dir='ltr'>τουτὶ</span> <span class='ocrx_word' id='word_1_220' title='bbox 1123 1952 1601 2022; x_wconf 83' lang='grc' dir='ltr'>κατατεθηγμένος</span> <span class='ocrx_word' id='word_1_221' title='bbox 1629 1953 1781 2006; x_wconf 78' lang='grc' dir='ltr'>ἀλύω</span> <span class='ocrx_word' id='word_1_222' title='bbox 1811 1953 1908 2006; x_wconf 77' lang='grc' dir='ltr'>καὶ</span> 
     </span>
    </p>
   </div>
   <div class='ocr_carea' id='block_1_35' title="bbox 309 2039 1906 2115">
    <p class='ocr_par' dir='ltr' id='par_1_35' title="bbox 309 2039 1906 2115">
     <span class='ocr_line' id='line_1_35' title="bbox 309 2039 1906 2115; baseline 0.003 -22"><span class='ocrx_word' id='word_1_223' title='bbox 309 2041 536 2111; x_wconf 82' lang='grc' dir='ltr'>σφόδρα.</span> <span class='ocrx_word' id='word_1_224' title='bbox 583 2039 656 2092; x_wconf 83' lang='lat' dir='ltr'><strong>T6</strong></span> <span class='ocrx_word' id='word_1_225' title='bbox 699 2039 757 2091; x_wconf 79' lang='grc' dir='ltr'>δὲ</span> <span class='ocrx_word' id='word_1_226' title='bbox 807 2041 930 2092; x_wconf 79' lang='grc' dir='ltr'>ὅποι</span> <span class='ocrx_word' id='word_1_227' title='bbox 977 2041 1108 2093; x_wconf 79' lang='grc' dir='ltr'>ποτὲ</span> <span class='ocrx_word' id='word_1_228' title='bbox 1164 2044 1636 2114; x_wconf 68' lang='grc' dir='ltr'>καταστρέψουσιν</span> <span class='ocrx_word' id='word_1_229' title='bbox 1683 2045 1732 2096; x_wconf 90' lang='grc' dir='ltr'><strong>οἰ</strong></span> <span class='ocrx_word' id='word_1_230' title='bbox 1777 2043 1906 2115; x_wconf 89' lang='grc' dir='ltr'>παρ’</span> 
     </span>
    </p>
   </div>
   <div class='ocr_carea' id='block_1_36' title="bbox 308 2132 1906 2209">
    <p class='ocr_par' dir='ltr' id='par_1_36' title="bbox 308 2132 1906 2209">
     <span class='ocr_line' id='line_1_36' title="bbox 308 2132 1906 2209; baseline 0.003 -24"><span class='ocrx_word' id='word_1_231' title='bbox 308 2133 532 2187; x_wconf 76' lang='grc' dir='ltr'>ἐκείνων</span> <span class='ocrx_word' id='word_1_232' title='bbox 572 2133 759 2201; x_wconf 85' lang='grc' dir='ltr'>λόγοι,</span> <span class='ocrx_word' id='word_1_233' title='bbox 797 2132 946 2186; x_wconf 77' lang='grc' dir='ltr'>δέδια</span> <span class='ocrx_word' id='word_1_234' title='bbox 996 2133 1415 2205; x_wconf 73' lang='grc' dir='ltr'>καθορῶν.’Τὴν</span> <span class='ocrx_word' id='word_1_235' title='bbox 1461 2136 1570 2205; x_wconf 80' lang='grc' dir='ltr'>γάρ</span> <span class='ocrx_word' id='word_1_236' title='bbox 1601 2153 1684 2189; x_wconf 86' lang='grc' dir='ltr'><strong>τοι</strong></span> <span class='ocrx_word' id='word_1_237' title='bbox 1724 2154 1906 2209; x_wconf 78' lang='grc' dir='ltr'>παρα-</span> 
     </span>
    </p>
   </div>
   <div class='ocr_carea' id='block_1_37' title="bbox 308 2224 1908 2298">
    <p class='ocr_par' dir='ltr' id='par_1_37' title="bbox 308 2224 1908 2298">
     <span class='ocr_line' id='line_1_37' title="bbox 308 2224 1908 2298; baseline 0.003 -20"><span class='ocrx_word' id='word_1_238' title='bbox 308 2225 556 2278; x_wconf 75' lang='grc' dir='ltr'>δοθεῖσαν</span> <span class='ocrx_word' id='word_1_239' title='bbox 587 2227 724 2295; x_wconf 79' lang='grc' dir='ltr'>ἡμῖν</span> <span class='ocrx_word' id='word_1_240' title='bbox 768 2224 1051 2278; x_wconf 84' lang='grc' dir='ltr'>νοθεύουσι</span> <span class='ocrx_word' id='word_1_241' title='bbox 1102 2227 1309 2289; x_wconf 85' lang='grc' dir='ltr'>πίστιν,</span> <span class='ocrx_word' id='word_1_242' title='bbox 1340 2227 1635 2298; x_wconf 76' lang='grc' dir='ltr'>δράκοντος</span> <span class='ocrx_word' id='word_1_243' title='bbox 1669 2228 1908 2298; x_wconf 82' lang='grc' dir='ltr'>ἀρτιφα-</span> 
     </span>
    </p>
   </div>
   <div class='ocr_carea' id='block_1_38' title="bbox 308 2314 1909 2386">
    <p class='ocr_par' dir='ltr' id='par_1_38' title="bbox 308 2314 1909 2386">
     <span class='ocr_line' id='line_1_38' title="bbox 308 2314 1909 2386; baseline -0.001 -18"><span class='ocrx_word' id='word_1_244' title='bbox 308 2316 436 2378; x_wconf 88' lang='grc' dir='ltr'>νοῦς</span> <span class='ocrx_word' id='word_1_245' title='bbox 469 2315 744 2386; x_wconf 78' lang='grc' dir='ltr'>εὑρήμασι</span> <span class='ocrx_word' id='word_1_246' title='bbox 782 2314 1137 2384; x_wconf 78' lang='grc' dir='ltr'>κεχρημένοι,</span> <span class='ocrx_word' id='word_1_247' title='bbox 1173 2319 1268 2369; x_wconf 74' lang='grc' dir='ltr'>καὶ</span> <span class='ocrx_word' id='word_1_248' title='bbox 1308 2319 1432 2380; x_wconf 80' lang='grc' dir='ltr'>ταῖς</span> <span class='ocrx_word' id='word_1_249' title='bbox 1465 2315 1574 2372; x_wconf 88' lang='grc' dir='ltr'><strong>τῶν</strong></span> <span class='ocrx_word' id='word_1_250' title='bbox 1610 2316 1909 2370; x_wconf 86' lang='grc' dir='ltr'>ἁπλουστέ-</span> 
     </span>
    </p>
   </div>
   <div class='ocr_carea' id='block_1_39' title="bbox 227 2405 1910 2480">
    <p class='ocr_par' dir='ltr' id='par_1_39' title="bbox 227 2405 1910 2480">
     <span class='ocr_line' id='line_1_39' title="bbox 227 2405 1910 2480; baseline 0.002 -22"><span class='ocrx_word' id='word_1_251' title='bbox 227 2433 238 2444; x_wconf 80' lang='lat'><strong>~</strong></span> <span class='ocrx_word' id='word_1_252' title='bbox 313 2424 423 2476; x_wconf 90' lang='grc' dir='ltr'><strong>ρων</strong></span> <span class='ocrx_word' id='word_1_253' title='bbox 469 2405 670 2477; x_wconf 70' lang='grc' dir='ltr'>ψυχαῖς</span> <span class='ocrx_word' id='word_1_254' title='bbox 717 2407 798 2459; x_wconf 83' lang='grc' dir='ltr'><strong>ἰοῦ</strong></span> <span class='ocrx_word' id='word_1_255' title='bbox 834 2407 990 2476; x_wconf 85' lang='grc' dir='ltr'>δίκην</span> <span class='ocrx_word' id='word_1_256' title='bbox 1039 2409 1361 2478; x_wconf 78' lang='grc' dir='ltr'>ἐγχέοντες,</span> <span class='ocrx_word' id='word_1_257' title='bbox 1409 2409 1599 2480; x_wconf 79' lang='grc' dir='ltr'>ψυχρά</span> <span class='ocrx_word' id='word_1_258' title='bbox 1644 2426 1767 2463; x_wconf 86' lang='grc' dir='ltr'>τινα</span> <span class='ocrx_word' id='word_1_259' title='bbox 1815 2409 1910 2462; x_wconf 79' lang='grc' dir='ltr'>καὶ</span> 
     </span>
    </p>
   </div>
   <div class='ocr_carea' id='block_1_40' title="bbox 309 2497 1492 2570">
    <p class='ocr_par' dir='ltr' id='par_1_40' title="bbox 309 2497 1492 2570">
     <span class='ocr_line' id='line_1_40' title="bbox 309 2497 1492 2570; baseline 0.001 -19"><span class='ocrx_word' id='word_1_260' title='bbox 309 2497 721 2570; x_wconf 78' lang='grc' dir='ltr'>διεστραμμένα</span> <span class='ocrx_word' id='word_1_261' title='bbox 745 2501 839 2550; x_wconf 71' lang='grc' dir='ltr'>καὶ</span> <span class='ocrx_word' id='word_1_262' title='bbox 868 2499 1202 2569; x_wconf 77' lang='grc' dir='ltr'>ἁϐελτηρίας</span> <span class='ocrx_word' id='word_1_263' title='bbox 1231 2499 1456 2569; x_wconf 79' lang='grc' dir='ltr'>ἔμπλεω</span> <span class='ocrx_word' id='word_1_264' title='bbox 1475 2539 1492 2552; x_wconf 91' lang='grc'><strong>.</strong></span> 
     </span>
    </p>
   </div>
   <div class='ocr_carea' id='block_1_41' title="bbox 385 2588 1912 2662">
    <p class='ocr_par' dir='ltr' id='par_1_41' title="bbox 385 2588 1912 2662">
     <span class='ocr_line' id='line_1_41' title="bbox 385 2588 1912 2662; baseline 0.001 -20"><span class='ocrx_word' id='word_1_265' title='bbox 385 2590 446 2643; x_wconf 89' lang='grc' dir='ltr'><strong>Β.</strong></span> <span class='ocrx_word' id='word_1_266' title='bbox 494 2588 632 2644; x_wconf 82' lang='grc' dir='ltr'>Εἶτα</span> <span class='ocrx_word' id='word_1_267' title='bbox 673 2591 755 2654; x_wconf 83' lang='grc' dir='ltr'><strong>τίς</strong></span> <span class='ocrx_word' id='word_1_268' title='bbox 789 2593 816 2642; x_wconf 99' lang='lat'><strong>6</strong></span> <span class='ocrx_word' id='word_1_269' title='bbox 861 2591 1167 2662; x_wconf 81' lang='grc' dir='ltr'>ἀρτιφανής</span> <span class='ocrx_word' id='word_1_270' title='bbox 1208 2593 1325 2644; x_wconf 80' lang='grc' dir='ltr'>ἐστι</span> <span class='ocrx_word' id='word_1_271' title='bbox 1362 2590 1600 2662; x_wconf 73' lang='grc' dir='ltr'>δράκων,</span> <span class='ocrx_word' id='word_1_272' title='bbox 1650 2591 1812 2644; x_wconf 80' lang='grc' dir='ltr'>ὁποῖα</span> <span class='ocrx_word' id='word_1_273' title='bbox 1855 2591 1912 2644; x_wconf 86' lang='grc' dir='ltr'>δὲ</span> 
     </span>
    </p>
   </div>
   <div class='ocr_carea' id='block_1_42' title="bbox 311 2682 1912 2756">
    <p class='ocr_par' dir='ltr' id='par_1_42' title="bbox 311 2682 1912 2756">
     <span class='ocr_line' id='line_1_42' title="bbox 311 2682 1912 2756; baseline -0.001 -17"><span class='ocrx_word' id='word_1_274' title='bbox 311 2682 453 2740; x_wconf 75' lang='grc' dir='ltr'>ἄττα</span> <span class='ocrx_word' id='word_1_275' title='bbox 487 2684 554 2737; x_wconf 76' lang='grc' dir='ltr'>τὰ</span> <span class='ocrx_word' id='word_1_276' title='bbox 601 2685 732 2756; x_wconf 85' lang='grc' dir='ltr'>παρ’</span> <span class='ocrx_word' id='word_1_277' title='bbox 775 2684 942 2737; x_wconf 80' lang='grc' dir='ltr'>αὐτοῦ</span> <span class='ocrx_word' id='word_1_278' title='bbox 987 2685 1419 2756; x_wconf 74' lang='grc' dir='ltr'>πεφλυαρημένα</span> <span class='ocrx_word' id='word_1_279' title='bbox 1470 2684 1615 2738; x_wconf 78' lang='grc' dir='ltr'>κατὰ</span> <span class='ocrx_word' id='word_1_280' title='bbox 1650 2684 1760 2738; x_wconf 88' lang='grc' dir='ltr'><strong>τῶν</strong></span> <span class='ocrx_word' id='word_1_281' title='bbox 1813 2688 1912 2756; x_wconf 78' lang='grc' dir='ltr'>τῆς</span> 
     </span>
    </p>
   </div>
   <div class='ocr_carea' id='block_1_43' title="bbox 312 2777 1460 2850">
    <p class='ocr_par' dir='ltr' id='par_1_43' title="bbox 312 2777 1460 2850">
     <span class='ocr_line' id='line_1_43' title="bbox 312 2777 1460 2850; baseline 0.002 -19"><span class='ocrx_word' id='word_1_282' title='bbox 312 2777 576 2848; x_wconf 79' lang='grc' dir='ltr'>ἀληθείας</span> <span class='ocrx_word' id='word_1_283' title='bbox 604 2777 916 2847; x_wconf 78' lang='grc' dir='ltr'>δογμάτων,</span> <span class='ocrx_word' id='word_1_284' title='bbox 953 2778 1198 2848; x_wconf 79' lang='grc' dir='ltr'>ἐρομένῳ</span> <span class='ocrx_word' id='word_1_285' title='bbox 1227 2778 1460 2850; x_wconf 83' lang='grc' dir='ltr'>φράσον.</span> 
     </span>
    </p>
   </div>
   <div class='ocr_carea' id='block_1_44' title="bbox 385 2869 1914 2941">
    <p class='ocr_par' dir='ltr' id='par_1_44' title="bbox 385 2869 1914 2941">
     <span class='ocr_line' id='line_1_44' title="bbox 385 2869 1914 2941; baseline 0 -16"><span class='ocrx_word' id='word_1_286' title='bbox 385 2874 452 2925; x_wconf 75' lang='grc' dir='ltr'>Δ.</span> <span class='ocrx_word' id='word_1_287' title='bbox 504 2870 839 2940; x_wconf 79' lang='grc' dir='ltr'>Ἀρτιφανὴς</span> <span class='ocrx_word' id='word_1_288' title='bbox 872 2871 970 2940; x_wconf 78' lang='grc' dir='ltr'>μὲν</span> <span class='ocrx_word' id='word_1_289' title='bbox 994 2869 1235 2941; x_wconf 83' lang='grc' dir='ltr'>δράκων,</span> <span class='ocrx_word' id='word_1_290' title='bbox 1266 2872 1294 2923; x_wconf 88' lang='lat'><strong>6</strong></span> <span class='ocrx_word' id='word_1_291' title='bbox 1328 2870 1542 2934; x_wconf 76' lang='grc' dir='ltr'>σκολιὸς</span> <span class='ocrx_word' id='word_1_292' title='bbox 1578 2871 1787 2936; x_wconf 76' lang='grc' dir='ltr'>οὐτοσὶ,</span> <span class='ocrx_word' id='word_1_293' title='bbox 1819 2873 1914 2925; x_wconf 71' lang='grc' dir='ltr'>καὶ</span> 
     </span>
    </p>
   </div>
   <div class='ocr_carea' id='block_1_45' title="bbox 317 2962 1915 3038">
    <p class='ocr_par' dir='ltr' id='par_1_45' title="bbox 317 2962 1915 3038">
     <span class='ocr_line' id='line_1_45' title="bbox 317 2962 1915 3038; baseline 0.001 -20"><span class='ocrx_word' id='word_1_294' title='bbox 317 2963 382 3036; x_wconf 74' lang='grc' dir='ltr'>ἰῷ</span> <span class='ocrx_word' id='word_1_295' title='bbox 414 2962 721 3033; x_wconf 79' lang='grc' dir='ltr'>μεθύουσαν</span> <span class='ocrx_word' id='word_1_296' title='bbox 743 2963 883 3032; x_wconf 78' lang='grc' dir='ltr'>ἔχων</span> <span class='ocrx_word' id='word_1_297' title='bbox 909 2962 1008 3033; x_wconf 83' lang='grc' dir='ltr'>τὴν</span> <span class='ocrx_word' id='word_1_298' title='bbox 1037 2962 1308 3031; x_wconf 80' lang='grc' dir='ltr'>γλῶτταν,</span> <span class='ocrx_word' id='word_1_299' title='bbox 1329 2964 1360 3015; x_wconf 90' lang='lat'><strong>6</strong></span> <span class='ocrx_word' id='word_1_300' title='bbox 1384 2966 1450 3034; x_wconf 84' lang='grc' dir='ltr'>τῇ</span> <span class='ocrx_word' id='word_1_301' title='bbox 1482 2964 1778 3038; x_wconf 81' lang='grc' dir='ltr'>παραδόσει</span> <span class='ocrx_word' id='word_1_302' title='bbox 1805 2966 1915 3020; x_wconf 89' lang='grc' dir='ltr'><strong>τῶν</strong></span> 
     </span>
    </p>
   </div>
   <div class='ocr_carea' id='block_1_46' title="bbox 315 3054 1916 3131">
    <p class='ocr_par' dir='ltr' id='par_1_46' title="bbox 315 3054 1916 3131">
     <span class='ocr_line' id='line_1_46' title="bbox 315 3054 1916 3131; baseline 0.001 -22"><span class='ocrx_word' id='word_1_303' title='bbox 315 3057 417 3127; x_wconf 82' lang='grc' dir='ltr'>τῆς</span> <span class='ocrx_word' id='word_1_304' title='bbox 461 3054 790 3125; x_wconf 76' lang='grc' dir='ltr'>οἰκουμένης</span> <span class='ocrx_word' id='word_1_305' title='bbox 833 3055 1237 3124; x_wconf 83' lang='grc' dir='ltr'>μυσταγωγῶν,</span> <span class='ocrx_word' id='word_1_306' title='bbox 1280 3055 1480 3126; x_wconf 78' lang='grc' dir='ltr'>μᾶλλον</span> <span class='ocrx_word' id='word_1_307' title='bbox 1527 3057 1584 3109; x_wconf 82' lang='grc' dir='ltr'>δὲ</span> <span class='ocrx_word' id='word_1_308' title='bbox 1631 3059 1724 3110; x_wconf 70' lang='grc' dir='ltr'><strong>καί⁵</strong></span> <span class='ocrx_word' id='word_1_309' title='bbox 1764 3059 1916 3131; x_wconf 80' lang='grc' dir='ltr'>πάσῃ</span> 
     </span>
    </p>
   </div>
   <div class='ocr_carea' id='block_1_47' title="bbox 2011 1952 3601 2023">
    <p class='ocr_par' dir='ltr' id='par_1_47' title="bbox 2011 1952 3601 2023">
     <span class='ocr_line' id='line_1_47' title="bbox 2011 1952 3601 2023; baseline 0 -15"><span class='ocrx_word' id='word_1_310' title='bbox 2011 1970 2162 2008; x_wconf 92' lang='lat' dir='ltr'><strong>num.</strong></span> <span class='ocrx_word' id='word_1_311' title='bbox 2197 1953 2362 2023; x_wconf 67' lang='lat' dir='ltr'><strong>Angit</strong></span> <span class='ocrx_word' id='word_1_312' title='bbox 2394 1968 2524 2006; x_wconf 88' lang='lat' dir='ltr'><strong>vero</strong></span> <span class='ocrx_word' id='word_1_313' title='bbox 2564 1967 2648 2006; x_wconf 92' lang='lat' dir='ltr'><strong>me</strong></span> <span class='ocrx_word' id='word_1_314' title='bbox 2695 1963 2751 2007; x_wconf 91' lang='lat' dir='ltr'><strong>et</strong></span> <span class='ocrx_word' id='word_1_315' title='bbox 2797 1952 3014 2021; x_wconf 90' lang='lat' dir='ltr'><strong>quidem</strong></span> <span class='ocrx_word' id='word_1_316' title='bbox 3061 1953 3438 2016; x_wconf 84' lang='lat' dir='ltr'><strong>vehementer,-</strong></span> <span class='ocrx_word' id='word_1_317' title='bbox 3477 1969 3601 2008; x_wconf 89' lang='lat' dir='ltr'><strong>eum</strong></span> 
     </span>
    </p>
   </div>
   <div class='ocr_carea' id='block_1_48' title="bbox 2011 2043 3661 2113">
    <p class='ocr_par' dir='ltr' id='par_1_48' title="bbox 2011 2043 3661 2113">
     <span class='ocr_line' id='line_1_48' title="bbox 2011 2043 3661 2113; baseline -0.001 -13"><span class='ocrx_word' id='word_1_318' title='bbox 2011 2061 2224 2101; x_wconf 89' lang='lat' dir='ltr'><strong>meeum</strong></span> <span class='ocrx_word' id='word_1_319' title='bbox 2255 2060 2360 2100; x_wconf 91' lang='lat' dir='ltr'><strong>non</strong></span> <span class='ocrx_word' id='word_1_320' title='bbox 2389 2045 2594 2113; x_wconf 87' lang='lat' dir='ltr'><strong>absque</strong></span> <span class='ocrx_word' id='word_1_321' title='bbox 2635 2044 2827 2096; x_wconf 86' lang='lat' dir='ltr'><strong>timore</strong></span> <span class='ocrx_word' id='word_1_322' title='bbox 2879 2043 3056 2112; x_wconf 83' lang='lat' dir='ltr'><strong>cogito</strong></span> <span class='ocrx_word' id='word_1_323' title='bbox 3093 2058 3331 2112; x_wconf 79' lang='lat' dir='ltr'><strong>quonam</strong></span> <span class='ocrx_word' id='word_1_324' title='bbox 3387 2044 3603 2098; x_wconf 89' lang='lat' dir='ltr'><strong>illorum</strong></span> <span class='ocrx_word' id='word_1_325' title='bbox 3658 2105 3661 2108; x_wconf 48' lang='grc'><strong>,</strong></span> 
     </span>
    </p>
   </div>
   <div class='ocr_carea' id='block_1_49' title="bbox 2011 2134 3604 2194">
    <p class='ocr_par' dir='ltr' id='par_1_49' title="bbox 2011 2134 3604 2194">
     <span class='ocr_line' id='line_1_49' title="bbox 2011 2134 3604 2194; baseline -0.002 0"><span class='ocrx_word' id='word_1_326' title='bbox 2011 2153 2293 2194; x_wconf 85' lang='lat' dir='ltr'><strong>sermones</strong></span> <span class='ocrx_word' id='word_1_327' title='bbox 2324 2140 2438 2194; x_wconf 86' lang='lat' dir='ltr'><strong>sint</strong></span> <span class='ocrx_word' id='word_1_328' title='bbox 2465 2137 2709 2193; x_wconf 77' lang='lat' dir='ltr'><strong>evasuri.</strong></span> <span class='ocrx_word' id='word_1_329' title='bbox 2745 2134 2930 2190; x_wconf 87' lang='lat' dir='ltr'><strong>Fidem</strong></span> <span class='ocrx_word' id='word_1_330' title='bbox 2961 2137 3105 2190; x_wconf 88' lang='lat' dir='ltr'><strong>enim</strong></span> <span class='ocrx_word' id='word_1_331' title='bbox 3155 2137 3312 2192; x_wconf 88' lang='lat' dir='ltr'><strong>nobis</strong></span> <span class='ocrx_word' id='word_1_332' title='bbox 3343 2137 3604 2192; x_wconf 87' lang='lat' dir='ltr'><strong>traditam</strong></span> 
     </span>
    </p>
   </div>
   <div class='ocr_carea' id='block_1_50' title="bbox 2012 2230 3604 2300">
    <p class='ocr_par' dir='ltr' id='par_1_50' title="bbox 2012 2230 3604 2300">
     <span class='ocr_line' id='line_1_50' title="bbox 2012 2230 3604 2300; baseline -0.003 -12"><span class='ocrx_word' id='word_1_333' title='bbox 2012 2242 2391 2300; x_wconf 89' lang='lat' dir='ltr'><strong>corrumpunt,</strong></span> <span class='ocrx_word' id='word_1_334' title='bbox 2421 2230 2676 2286; x_wconf 83' lang='lat' dir='ltr'><strong>draconis</strong></span> <span class='ocrx_word' id='word_1_335' title='bbox 2704 2243 2893 2285; x_wconf 88' lang='lat' dir='ltr'><strong>recens</strong></span> <span class='ocrx_word' id='word_1_336' title='bbox 2924 2230 3055 2284; x_wconf 90' lang='lat' dir='ltr'><strong>editi</strong></span> <span class='ocrx_word' id='word_1_337' title='bbox 3095 2230 3330 2286; x_wconf 85' lang='lat' dir='ltr'><strong>inventis</strong></span> <span class='ocrx_word' id='word_1_338' title='bbox 3366 2239 3604 2296; x_wconf 82' lang='lat' dir='ltr'><strong>utentes,</strong></span> 
     </span>
    </p>
   </div>
   <div class='ocr_carea' id='block_1_51' title="bbox 2013 2321 3609 2394">
    <p class='ocr_par' dir='ltr' id='par_1_51' title="bbox 2013 2321 3609 2394">
     <span class='ocr_line' id='line_1_51' title="bbox 2013 2321 3609 2394; baseline 0.001 -16"><span class='ocrx_word' id='word_1_339' title='bbox 2013 2334 2068 2378; x_wconf 86' lang='lat' dir='ltr'><strong>et</strong></span> <span class='ocrx_word' id='word_1_340' title='bbox 2098 2325 2281 2378; x_wconf 88' lang='lat' dir='ltr'><strong>inania</strong></span> <span class='ocrx_word' id='word_1_341' title='bbox 2311 2323 2560 2393; x_wconf 74' lang='lat' dir='ltr'><strong>qutedam</strong></span> <span class='ocrx_word' id='word_1_342' title='bbox 2587 2337 2650 2377; x_wconf 86' lang='lat' dir='ltr'><strong>ac</strong></span> <span class='ocrx_word' id='word_1_343' title='bbox 2676 2337 2836 2385; x_wconf 82' lang='lat' dir='ltr'><strong>vana,</strong></span> <span class='ocrx_word' id='word_1_344' title='bbox 2860 2321 3259 2391; x_wconf 63' lang='lat' dir='ltr'><strong>tlementizeqt‘le</strong></span> <span class='ocrx_word' id='word_1_345' title='bbox 3293 2326 3451 2394; x_wconf 83' lang='lat' dir='ltr'><strong>plena</strong></span> <span class='ocrx_word' id='word_1_346' title='bbox 3475 2323 3609 2394; x_wconf 45' lang='lat' dir='ltr'><strong>dogs</strong></span> 
     </span>
    </p>
   </div>
   <div class='ocr_carea' id='block_1_52' title="bbox 2017 2412 3212 2486">
    <p class='ocr_par' dir='ltr' id='par_1_52' title="bbox 2017 2412 3212 2486">
     <span class='ocr_line' id='line_1_52' title="bbox 2017 2412 3212 2486; baseline -0.001 -15"><span class='ocrx_word' id='word_1_347' title='bbox 2017 2425 2164 2471; x_wconf 83' lang='lat' dir='ltr'><strong>mata</strong></span> <span class='ocrx_word' id='word_1_348' title='bbox 2192 2416 2586 2486; x_wconf 73' lang='lat' dir='ltr'><strong>simplicior-um</strong></span> <span class='ocrx_word' id='word_1_349' title='bbox 2625 2415 2821 2472; x_wconf 89' lang='lat' dir='ltr'><strong>animis</strong></span> <span class='ocrx_word' id='word_1_350' title='bbox 2846 2412 3212 2470; x_wconf 81' lang='lat' dir='ltr'><strong>infundentes.</strong></span> 
     </span>
    </p>
   </div>
   <div class='ocr_carea' id='block_1_53' title="bbox 2086 2593 3608 2664">
    <p class='ocr_par' dir='ltr' id='par_1_53' title="bbox 2086 2593 3608 2664">
     <span class='ocr_line' id='line_1_53' title="bbox 2086 2593 3608 2664; baseline 0.001 -15"><span class='ocrx_word' id='word_1_351' title='bbox 2086 2595 2148 2650; x_wconf 91' lang='lat' dir='ltr'><strong>B.</strong></span> <span class='ocrx_word' id='word_1_352' title='bbox 2191 2594 2454 2661; x_wconf 87' lang='lat' dir='ltr'><strong>Quisnam</strong></span> <span class='ocrx_word' id='word_1_353' title='bbox 2501 2609 2665 2664; x_wconf 90' lang='lat' dir='ltr'><strong>porro</strong></span> <span class='ocrx_word' id='word_1_354' title='bbox 2717 2594 2787 2650; x_wconf 82' lang='lat' dir='ltr'><strong>sit</strong></span> <span class='ocrx_word' id='word_1_355' title='bbox 2833 2594 3000 2648; x_wconf 86' lang='lat' dir='ltr'><strong>draco</strong></span> <span class='ocrx_word' id='word_1_356' title='bbox 3048 2593 3150 2650; x_wconf 88' lang='lat' dir='ltr'><strong>iste</strong></span> <span class='ocrx_word' id='word_1_357' title='bbox 3184 2608 3376 2650; x_wconf 87' lang='lat' dir='ltr'><strong>recens</strong></span> <span class='ocrx_word' id='word_1_358' title='bbox 3410 2595 3608 2662; x_wconf 88' lang='lat' dir='ltr'><strong>editus,</strong></span> 
     </span>
    </p>
   </div>
   <div class='ocr_carea' id='block_1_54' title="bbox 2015 2687 3613 2762">
    <p class='ocr_par' dir='ltr' id='par_1_54' title="bbox 2015 2687 3613 2762">
     <span class='ocr_line' id='line_1_54' title="bbox 2015 2687 3613 2762; baseline 0.003 -22"><span class='ocrx_word' id='word_1_359' title='bbox 2015 2696 2068 2740; x_wconf 88' lang='lat' dir='ltr'><strong>et</strong></span> <span class='ocrx_word' id='word_1_360' title='bbox 2094 2687 2272 2756; x_wconf 84' lang='lat' dir='ltr'><strong>qualia</strong></span> <span class='ocrx_word' id='word_1_361' title='bbox 2301 2688 2518 2742; x_wconf 83' lang='lat' dir='ltr'><strong>tandem</strong></span> <span class='ocrx_word' id='word_1_362' title='bbox 2551 2687 2660 2741; x_wconf 92' lang='lat' dir='ltr'><strong>sint</strong></span> <span class='ocrx_word' id='word_1_363' title='bbox 2689 2702 2752 2743; x_wconf 89' lang='lat' dir='ltr'><strong>ea</strong></span> <span class='ocrx_word' id='word_1_364' title='bbox 2776 2703 2896 2756; x_wconf 71' lang='lat' dir='ltr'><strong>qua:</strong></span> <span class='ocrx_word' id='word_1_365' title='bbox 2914 2688 3176 2744; x_wconf 69' lang='lat' dir='ltr'><strong>atlrersus</strong></span> <span class='ocrx_word' id='word_1_366' title='bbox 3205 2688 3455 2746; x_wconf 76' lang='lat' dir='ltr'><strong>veritatis</strong></span> <span class='ocrx_word' id='word_1_367' title='bbox 3479 2690 3613 2762; x_wconf 56' lang='lat' dir='ltr'><strong>dogs</strong></span> 
     </span>
    </p>
   </div>
   <div class='ocr_carea' id='block_1_55' title="bbox 2019 2779 3062 2849">
    <p class='ocr_par' dir='ltr' id='par_1_55' title="bbox 2019 2779 3062 2849">
     <span class='ocr_line' id='line_1_55' title="bbox 2019 2779 3062 2849; baseline 0.001 -15"><span class='ocrx_word' id='word_1_368' title='bbox 2019 2791 2163 2834; x_wconf 88' lang='lat' dir='ltr'><strong>mata</strong></span> <span class='ocrx_word' id='word_1_369' title='bbox 2195 2781 2517 2844; x_wconf 84' lang='lat' dir='ltr'><strong>deblaterat,</strong></span> <span class='ocrx_word' id='word_1_370' title='bbox 2547 2779 2781 2849; x_wconf 83' lang='lat' dir='ltr'><strong>explica,</strong></span> <span class='ocrx_word' id='word_1_371' title='bbox 2813 2781 3062 2836; x_wconf 90' lang='lat' dir='ltr'><strong>obsecro.</strong></span> 
     </span>
    </p>
   </div>
   <div class='ocr_carea' id='block_1_56' title="bbox 2083 2873 3613 2943">
    <p class='ocr_par' dir='ltr' id='par_1_56' title="bbox 2083 2873 3613 2943">
     <span class='ocr_line' id='line_1_56' title="bbox 2083 2873 3613 2943; baseline 0.001 -15"><span class='ocrx_word' id='word_1_372' title='bbox 2083 2874 2148 2928; x_wconf 85' lang='lat' dir='ltr'><strong>A.</strong></span> <span class='ocrx_word' id='word_1_373' title='bbox 2188 2873 2400 2928; x_wconf 81' lang='lat' dir='ltr'><strong>Recens</strong></span> <span class='ocrx_word' id='word_1_374' title='bbox 2440 2873 2658 2942; x_wconf 87' lang='lat' dir='ltr'><strong>quidem</strong></span> <span class='ocrx_word' id='word_1_375' title='bbox 2698 2873 2860 2927; x_wconf 88' lang='lat' dir='ltr'><strong>draco</strong></span> <span class='ocrx_word' id='word_1_376' title='bbox 2899 2882 2981 2928; x_wconf 88' lang='lat' dir='ltr'><strong>est</strong></span> <span class='ocrx_word' id='word_1_377' title='bbox 3029 2887 3264 2943; x_wconf 86' lang='lat' dir='ltr'><strong>nequam</strong></span> <span class='ocrx_word' id='word_1_378' title='bbox 3307 2873 3396 2930; x_wconf 90' lang='lat' dir='ltr'><strong>ille</strong></span> <span class='ocrx_word' id='word_1_379' title='bbox 3435 2884 3492 2930; x_wconf 91' lang='lat' dir='ltr'><strong>et</strong></span> <span class='ocrx_word' id='word_1_380' title='bbox 3521 2883 3613 2930; x_wconf 80' lang='lat' dir='ltr'><strong>ve-</strong></span> 
     </span>
    </p>
   </div>
   <div class='ocr_carea' id='block_1_57' title="bbox 2019 2965 3610 3038">
    <p class='ocr_par' dir='ltr' id='par_1_57' title="bbox 2019 2965 3610 3038">
     <span class='ocr_line' id='line_1_57' title="bbox 2019 2965 3610 3038; baseline 0.001 -17"><span class='ocrx_word' id='word_1_381' title='bbox 2019 2982 2161 3021; x_wconf 91' lang='lat' dir='ltr'><strong>neno</strong></span> <span class='ocrx_word' id='word_1_382' title='bbox 2185 2967 2532 3021; x_wconf 87' lang='lat' dir='ltr'><strong>temulentam</strong></span> <span class='ocrx_word' id='word_1_383' title='bbox 2557 2965 2761 3020; x_wconf 88' lang='lat' dir='ltr'><strong>habens</strong></span> <span class='ocrx_word' id='word_1_384' title='bbox 2786 2966 3044 3034; x_wconf 85' lang='lat' dir='ltr'><strong>linguam,</strong></span> <span class='ocrx_word' id='word_1_385' title='bbox 3067 2967 3286 3035; x_wconf 87' lang='lat' dir='ltr'><strong>quique,</strong></span> <span class='ocrx_word' id='word_1_386' title='bbox 3302 2976 3610 3038; x_wconf 74' lang='lat' dir='ltr'><strong>contempta</strong></span> 
     </span>
    </p>
   </div>
   <div class='ocr_carea' id='block_1_58' title="bbox 2022 3056 3611 3128">
    <p class='ocr_par' dir='ltr' id='par_1_58' title="bbox 2022 3056 3611 3128">
     <span class='ocr_line' id='line_1_58' title="bbox 2022 3056 3611 3128; baseline 0.001 -18"><span class='ocrx_word' id='word_1_387' title='bbox 2022 3056 2312 3110; x_wconf 88' lang='lat' dir='ltr'><strong>traditione</strong></span> <span class='ocrx_word' id='word_1_388' title='bbox 2355 3070 2546 3110; x_wconf 90' lang='lat' dir='ltr'><strong>eorum</strong></span> <span class='ocrx_word' id='word_1_389' title='bbox 2595 3056 2685 3126; x_wconf 92' lang='lat' dir='ltr'><strong>qui</strong></span> <span class='ocrx_word' id='word_1_390' title='bbox 2743 3057 2936 3110; x_wconf 89' lang='lat' dir='ltr'><strong>orbem</strong></span> <span class='ocrx_word' id='word_1_391' title='bbox 2976 3067 3244 3110; x_wconf 91' lang='lat' dir='ltr'><strong>terrarum</strong></span> <span class='ocrx_word' id='word_1_392' title='bbox 3285 3071 3444 3115; x_wconf 85' lang='lat' dir='ltr'><strong>sacra</strong></span> <span class='ocrx_word' id='word_1_393' title='bbox 3492 3069 3611 3128; x_wconf 80' lang='lat' dir='ltr'><strong>my-</strong></span> 
     </span>
    </p>
   </div>
   <div class='ocr_carea' id='block_1_59' title="bbox 318 3145 1913 3219">
    <p class='ocr_par' dir='ltr' id='par_1_59' title="bbox 318 3147 1913 3219">
     <span class='ocr_line' id='line_1_59' title="bbox 318 3147 1913 3219; baseline 0.001 -18"><span class='ocrx_word' id='word_1_394' title='bbox 318 3151 384 3219; x_wconf 84' lang='grc' dir='ltr'>τῇ</span> <span class='ocrx_word' id='word_1_395' title='bbox 417 3147 762 3217; x_wconf 83' lang='grc' dir='ltr'>θεοπνεύστῳ</span> <span class='ocrx_word' id='word_1_396' title='bbox 794 3147 985 3218; x_wconf 75' lang='grc' dir='ltr'>Γραφῇ</span> <span class='ocrx_word' id='word_1_397' title='bbox 1017 3149 1302 3218; x_wconf 72' lang='grc' dir='ltr'>μονονουχὶ</span> <span class='ocrx_word' id='word_1_398' title='bbox 1329 3149 1542 3219; x_wconf 87' lang='grc' dir='ltr'>χαίρειν</span> <span class='ocrx_word' id='word_1_399' title='bbox 1565 3151 1756 3215; x_wconf 82' lang='grc' dir='ltr'>εἰπὼν,</span> <span class='ocrx_word' id='word_1_400' title='bbox 1792 3167 1913 3203; x_wconf 77' lang='grc' dir='ltr'>και-</span> 
     </span>
    </p>
   </div>
   <div class='ocr_carea' id='block_1_60' title="bbox 2029 3145 3613 3219">
    <p class='ocr_par' dir='ltr' id='par_1_60' title="bbox 2029 3145 3613 3213">
     <span class='ocr_line' id='line_1_60' title="bbox 2029 3145 3613 3213; baseline -0.002 -11"><span class='ocrx_word' id='word_1_401' title='bbox 2029 3147 2185 3202; x_wconf 78' lang='lat' dir='ltr'><strong>steria</strong></span> <span class='ocrx_word' id='word_1_402' title='bbox 2222 3149 2542 3211; x_wconf 88' lang='lat' dir='ltr'><strong>docuerunt,</strong></span> <span class='ocrx_word' id='word_1_403' title='bbox 2595 3145 2706 3200; x_wconf 88' lang='lat' dir='ltr'><strong>imo</strong></span> <span class='ocrx_word' id='word_1_404' title='bbox 2751 3146 2933 3213; x_wconf 84' lang='lat' dir='ltr'><strong>potius</strong></span> <span class='ocrx_word' id='word_1_405' title='bbox 2979 3146 3231 3200; x_wconf 87' lang='lat' dir='ltr'><strong>universa</strong></span> <span class='ocrx_word' id='word_1_406' title='bbox 3268 3159 3425 3202; x_wconf 85' lang='lat' dir='ltr'><strong>sacra</strong></span> <span class='ocrx_word' id='word_1_407' title='bbox 3462 3145 3613 3202; x_wconf 59' lang='lat' dir='ltr'><strong>S‘cria</strong></span> 
     </span>
    </p>
   </div>
   <div class='ocr_carea' id='block_1_61' title="bbox 317 3239 1916 3312">
    <p class='ocr_par' dir='ltr' id='par_1_61' title="bbox 317 3239 1916 3312">
     <span class='ocr_line' id='line_1_61' title="bbox 317 3239 1916 3312; baseline 0.001 -20"><span class='ocrx_word' id='word_1_408' title='bbox 317 3242 627 3312; x_wconf 81' lang='grc' dir='ltr'>νοτομήσας</span> <span class='ocrx_word' id='word_1_409' title='bbox 652 3239 711 3294; x_wconf 80' lang='grc' dir='ltr'>δὲ</span> <span class='ocrx_word' id='word_1_410' title='bbox 737 3239 798 3292; x_wconf 88' lang='grc' dir='ltr'>τὸ</span> <span class='ocrx_word' id='word_1_411' title='bbox 829 3241 980 3310; x_wconf 79' lang='grc' dir='ltr'>αὐτῷ</span> <span class='ocrx_word' id='word_1_412' title='bbox 1009 3240 1220 3307; x_wconf 77' lang='grc' dir='ltr'>δοκοῦν,</span> <span class='ocrx_word' id='word_1_413' title='bbox 1267 3240 1360 3293; x_wconf 72' lang='grc' dir='ltr'>καὶ</span> <span class='ocrx_word' id='word_1_414' title='bbox 1385 3241 1650 3294; x_wconf 87' lang='grc' dir='ltr'>Θεοτόκον</span> <span class='ocrx_word' id='word_1_415' title='bbox 1683 3241 1781 3310; x_wconf 84' lang='grc' dir='ltr'>μὲν</span> <span class='ocrx_word' id='word_1_416' title='bbox 1813 3243 1916 3294; x_wconf 85' lang='grc' dir='ltr'>οὐκ</span> 
     </span>
    </p>
   </div>
   <div class='ocr_carea' id='block_1_62' title="bbox 317 3328 1913 3403">
    <p class='ocr_par' dir='ltr' id='par_1_62' title="bbox 317 3328 1913 3403">
     <span class='ocr_line' id='line_1_62' title="bbox 317 3328 1913 3403; baseline 0 -19"><span class='ocrx_word' id='word_1_417' title='bbox 317 3328 455 3385; x_wconf 69' lang='grc' dir='ltr'>εἷναι</span> <span class='ocrx_word' id='word_1_418' title='bbox 503 3329 681 3400; x_wconf 77' lang='grc' dir='ltr'>λέγων</span> <span class='ocrx_word' id='word_1_419' title='bbox 733 3331 833 3400; x_wconf 83' lang='grc' dir='ltr'>τὴν</span> <span class='ocrx_word' id='word_1_420' title='bbox 873 3331 1036 3400; x_wconf 80' lang='grc' dir='ltr'>ἁγίαν</span> <span class='ocrx_word' id='word_1_421' title='bbox 1091 3331 1391 3403; x_wconf 83' lang='grc' dir='ltr'>Παρθένον,</span> <span class='ocrx_word' id='word_1_422' title='bbox 1441 3331 1810 3401; x_wconf 83' lang='grc' dir='ltr'>Χριστοτόκον</span> <span class='ocrx_word' id='word_1_423' title='bbox 1857 3331 1913 3384; x_wconf 77' lang='grc' dir='ltr'>δὲ</span> 
     </span>
    </p>
   </div>
   <div class='ocr_carea' id='block_1_63' title="bbox 321 3424 1917 3496">
    <p class='ocr_par' dir='ltr' id='par_1_63' title="bbox 321 3424 1917 3496">
     <span class='ocr_line' id='line_1_63' title="bbox 321 3424 1917 3496; baseline -0.001 -18"><span class='ocrx_word' id='word_1_424' title='bbox 321 3425 524 3494; x_wconf 70' lang='grc' dir='ltr'>μᾶλλον</span> <span class='ocrx_word' id='word_1_425' title='bbox 569 3426 665 3478; x_wconf 79' lang='grc' dir='ltr'><strong>καί</strong></span> <span class='ocrx_word' id='word_1_426' title='bbox 693 3424 1113 3496; x_wconf 83' lang='grc' dir='ltr'>ἀνθρωποτόκον</span> <span class='ocrx_word' id='word_1_427' title='bbox 1141 3440 1156 3458; x_wconf 80' lang='grc' dir='ltr'><strong><em>ο</em></strong></span> <span class='ocrx_word' id='word_1_428' title='bbox 1205 3425 1372 3494; x_wconf 71' lang='grc' dir='ltr'>ἕτερα</span> <span class='ocrx_word' id='word_1_429' title='bbox 1413 3424 1470 3477; x_wconf 81' lang='grc' dir='ltr'>δὲ</span> <span class='ocrx_word' id='word_1_430' title='bbox 1519 3424 1657 3495; x_wconf 83' lang='grc' dir='ltr'>πρὸς</span> <span class='ocrx_word' id='word_1_431' title='bbox 1702 3424 1917 3488; x_wconf 81' lang='grc' dir='ltr'>τούτοις</span> 
     </span>
    </p>
   </div>
   <div class='ocr_carea' id='block_1_64' title="bbox 317 3517 1914 3590">
    <p class='ocr_par' dir='ltr' id='par_1_64' title="bbox 317 3517 1914 3590">
     <span class='ocr_line' id='line_1_64' title="bbox 317 3517 1914 3590; baseline 0 -19"><span class='ocrx_word' id='word_1_432' title='bbox 317 3519 509 3590; x_wconf 88' lang='grc' dir='ltr'>ἀπηχῆ</span> <span class='ocrx_word' id='word_1_433' title='bbox 560 3519 654 3572; x_wconf 85' lang='grc' dir='ltr'><strong>καί</strong></span> <span class='ocrx_word' id='word_1_434' title='bbox 703 3517 1057 3588; x_wconf 76' lang='grc' dir='ltr'>ἀπόπληκτα,</span> <span class='ocrx_word' id='word_1_435' title='bbox 1089 3519 1202 3580; x_wconf 84' lang='grc' dir='ltr'>τοῖς</span> <span class='ocrx_word' id='word_1_436' title='bbox 1235 3517 1418 3588; x_wconf 74' lang='grc' dir='ltr'>ὀρθοῖς</span> <span class='ocrx_word' id='word_1_437' title='bbox 1449 3519 1544 3573; x_wconf 80' lang='grc' dir='ltr'>καὶ</span> <span class='ocrx_word' id='word_1_438' title='bbox 1591 3518 1914 3590; x_wconf 80' lang='grc' dir='ltr'>εἰλικρινέσι</span> 
     </span>
    </p>
   </div>
   <div class='ocr_carea' id='block_1_65' title="bbox 316 3609 1804 3682">
    <p class='ocr_par' dir='ltr' id='par_1_65' title="bbox 316 3609 1804 3682">
     <span class='ocr_line' id='line_1_65' title="bbox 316 3609 1804 3682; baseline -0.001 -18"><span class='ocrx_word' id='word_1_439' title='bbox 316 3611 420 3681; x_wconf 75' lang='grc' dir='ltr'>τῆς</span> <span class='ocrx_word' id='word_1_440' title='bbox 451 3612 746 3682; x_wconf 77' lang='grc' dir='ltr'>καθολικῆς</span> <span class='ocrx_word' id='word_1_441' title='bbox 783 3609 1112 3680; x_wconf 81' lang='grc' dir='ltr'>Ἐκκλησίας</span> <span class='ocrx_word' id='word_1_442' title='bbox 1137 3611 1518 3682; x_wconf 78' lang='grc' dir='ltr'>ἐπεισφρήσας</span> <span class='ocrx_word' id='word_1_443' title='bbox 1549 3610 1804 3681; x_wconf 84' lang='grc' dir='ltr'>δόγμασι.</span> 
     </span>
    </p>
   </div>
   <div class='ocr_carea' id='block_1_66' title="bbox 393 3785 1913 3864">
    <p class='ocr_par' dir='ltr' id='par_1_66' title="bbox 393 3785 1913 3864">
     <span class='ocr_line' id='line_1_66' title="bbox 393 3785 1913 3864; baseline 0.002 -20"><span class='ocrx_word' id='word_1_444' title='bbox 393 3791 455 3846; x_wconf 79' lang='grc' dir='ltr'>Β.</span> <span class='ocrx_word' id='word_1_445' title='bbox 491 3785 1008 3862; x_wconf 80' lang='grc' dir='ltr'>Νεστόριον,οἰμαι,</span> <span class='ocrx_word' id='word_1_446' title='bbox 1046 3790 1172 3861; x_wconf 82' lang='grc' dir='ltr'>φής.</span> <span class='ocrx_word' id='word_1_447' title='bbox 1215 3789 1450 3862; x_wconf 86' lang='grc' dir='ltr'>Συνίημι</span> <span class='ocrx_word' id='word_1_448' title='bbox 1478 3791 1586 3862; x_wconf 85' lang='grc' dir='ltr'><strong>γὰρ</strong></span> <span class='ocrx_word' id='word_1_449' title='bbox 1629 3791 1728 3864; x_wconf 71' lang='grc' dir='ltr'>ήδη</span> <span class='ocrx_word' id='word_1_450' title='bbox 1764 3810 1913 3859; x_wconf 88' lang='grc' dir='ltr'>πως,</span> 
     </span>
    </p>
   </div>
   <div class='ocr_carea' id='block_1_67' title="bbox 321 3875 1920 3952">
    <p class='ocr_par' dir='ltr' id='par_1_67' title="bbox 321 3875 1920 3952">
     <span class='ocr_line' id='line_1_67' title="bbox 321 3875 1920 3952; baseline 0.002 -17"><span class='ocrx_word' id='word_1_451' title='bbox 321 3881 460 3935; x_wconf 76' lang='grc' dir='ltr'><strong>ἀλλὰ</strong></span> <span class='ocrx_word' id='word_1_452' title='bbox 500 3881 554 3934; x_wconf 88' lang='grc' dir='ltr'><strong>τί</strong></span> <span class='ocrx_word' id='word_1_453' title='bbox 587 3881 648 3934; x_wconf 82' lang='grc' dir='ltr'>τὸ</span> <span class='ocrx_word' id='word_1_454' title='bbox 676 3875 962 3952; x_wconf 76' lang='grc' dir='ltr'>χρῆμα,-ιῖ›</span> <span class='ocrx_word' id='word_1_455' title='bbox 986 3884 1107 3945; x_wconf 69' lang='grc' dir='ltr'>τᾶν,</span> <span class='ocrx_word' id='word_1_456' title='bbox 1151 3881 1262 3935; x_wconf 86' lang='grc' dir='ltr'><strong>τῶν</strong></span> <span class='ocrx_word' id='word_1_457' title='bbox 1307 3882 1522 3935; x_wconf 73' lang='grc' dir='ltr'>ἐκείνου</span> <span class='ocrx_word' id='word_1_458' title='bbox 1575 3882 1770 3951; x_wconf 86' lang='grc' dir='ltr'>λόγων,</span> <span class='ocrx_word' id='word_1_459' title='bbox 1816 3885 1920 3938; x_wconf 82' lang='grc' dir='ltr'>οὐκ</span> 
     </span>
    </p>
   </div>
   <div class='ocr_carea' id='block_1_68' title="bbox 321 3971 1919 4047">
    <p class='ocr_par' dir='ltr' id='par_1_68' title="bbox 321 3971 1919 4047">
     <span class='ocr_line' id='line_1_68' title="bbox 321 3971 1919 4047; baseline 0.002 -18"><span class='ocrx_word' id='word_1_460' title='bbox 321 3975 431 4047; x_wconf 71' lang='grc' dir='ltr'>ἔχω</span> <span class='ocrx_word' id='word_1_461' title='bbox 461 3977 624 4029; x_wconf 74' lang='grc' dir='ltr'>νοεῑνο</span> <span class='ocrx_word' id='word_1_462' title='bbox 653 3975 916 4029; x_wconf 76' lang='grc' dir='ltr'>Θεοτόκον</span> <span class='ocrx_word' id='word_1_463' title='bbox 943 3975 1000 4027; x_wconf 81' lang='grc' dir='ltr'>δὲ</span> <span class='ocrx_word' id='word_1_464' title='bbox 1032 3974 1149 4037; x_wconf 82' lang='grc' dir='ltr'><strong>πῶς</strong></span> <span class='ocrx_word' id='word_1_465' title='bbox 1173 3975 1276 4027; x_wconf 84' lang='grc' dir='ltr'><strong>ούκ</strong></span> <span class='ocrx_word' id='word_1_466' title='bbox 1301 3971 1443 4029; x_wconf 78' lang='grc' dir='ltr'>εἶναί</span> <span class='ocrx_word' id='word_1_467' title='bbox 1470 3991 1604 4045; x_wconf 82' lang='grc' dir='ltr'>φησι</span> <span class='ocrx_word' id='word_1_468' title='bbox 1629 3975 1729 4046; x_wconf 81' lang='grc' dir='ltr'>τὴν</span> <span class='ocrx_word' id='word_1_469' title='bbox 1754 3977 1919 4046; x_wconf 83' lang='grc' dir='ltr'>ἁγίαν</span> 
     </span>
    </p>
   </div>
   <div class='ocr_carea' id='block_1_69' title="bbox 321 4068 634 4139">
    <p class='ocr_par' dir='ltr' id='par_1_69' title="bbox 321 4068 634 4139">
     <span class='ocr_line' id='line_1_69' title="bbox 321 4068 634 4139; baseline -0.01 -17"><span class='ocrx_word' id='word_1_470' title='bbox 321 4068 602 4139; x_wconf 88' lang='grc' dir='ltr'>Παρθένον</span> <span class='ocrx_word' id='word_1_471' title='bbox 620 4083 634 4132; x_wconf 90' lang='grc'>;</span> 
     </span>
    </p>
   </div>
   <div class='ocr_carea' id='block_1_70' title="bbox 395 4152 1919 4230">
    <p class='ocr_par' dir='ltr' id='par_1_70' title="bbox 395 4152 1919 4230">
     <span class='ocr_line' id='line_1_70' title="bbox 395 4152 1919 4230; baseline 0 -18"><span class='ocrx_word' id='word_1_472' title='bbox 395 4163 460 4212; x_wconf 82' lang='grc' dir='ltr'>Δ.</span> <span class='ocrx_word' id='word_1_473' title='bbox 498 4160 575 4212; x_wconf 83' lang='grc' dir='ltr'><strong>Οὐ</strong></span> <span class='ocrx_word' id='word_1_474' title='bbox 609 4158 720 4229; x_wconf 83' lang='grc' dir='ltr'>γάρ</span> <span class='ocrx_word' id='word_1_475' title='bbox 752 4175 853 4226; x_wconf 86' lang='grc' dir='ltr'>τοι,</span> <span class='ocrx_word' id='word_1_476' title='bbox 889 4156 1042 4227; x_wconf 72' lang='grc' dir='ltr'>φησὶ,</span> <span class='ocrx_word' id='word_1_477' title='bbox 1089 4154 1224 4217; x_wconf 85' lang='grc' dir='ltr'>Θεὸν</span> <span class='ocrx_word' id='word_1_478' title='bbox 1255 4156 1569 4210; x_wconf 73' lang='grc' dir='ltr'>ὲκτέτοκεν.</span> <span class='ocrx_word' id='word_1_479' title='bbox 1597 4152 1707 4210; x_wconf 83' lang='grc' dir='ltr'>Ἦν</span> <span class='ocrx_word' id='word_1_480' title='bbox 1750 4157 1862 4230; x_wconf 81' lang='grc' dir='ltr'><strong>γὰρ</strong></span> <span class='ocrx_word' id='word_1_481' title='bbox 1888 4162 1919 4212; x_wconf 91' lang='lat'><strong>6</strong></span> 
     </span>
    </p>
   </div>
   <div class='ocr_carea' id='block_1_71' title="bbox 322 4247 1919 4322">
    <p class='ocr_par' dir='ltr' id='par_1_71' title="bbox 322 4247 1919 4322">
     <span class='ocr_line' id='line_1_71' title="bbox 322 4247 1919 4322; baseline -0.002 -16"><span class='ocrx_word' id='word_1_482' title='bbox 322 4253 498 4320; x_wconf 83' lang='grc' dir='ltr'>Λόγος</span> <span class='ocrx_word' id='word_1_483' title='bbox 535 4252 629 4305; x_wconf 79' lang='grc' dir='ltr'>καὶ</span> <span class='ocrx_word' id='word_1_484' title='bbox 677 4251 785 4322; x_wconf 75' lang='grc' dir='ltr'>πρὸ</span> <span class='ocrx_word' id='word_1_485' title='bbox 835 4251 1027 4321; x_wconf 81' lang='grc' dir='ltr'>αὐτῆς,</span> <span class='ocrx_word' id='word_1_486' title='bbox 1085 4250 1291 4319; x_wconf 81' lang='grc' dir='ltr'>μᾶλλον</span> <span class='ocrx_word' id='word_1_487' title='bbox 1341 4247 1400 4302; x_wconf 73' lang='grc' dir='ltr'>δὲ</span> <span class='ocrx_word' id='word_1_488' title='bbox 1434 4248 1529 4301; x_wconf 79' lang='grc' dir='ltr'><strong>καὶ</strong></span> <span class='ocrx_word' id='word_1_489' title='bbox 1565 4249 1674 4319; x_wconf 84' lang='grc' dir='ltr'>πρὸ</span> <span class='ocrx_word' id='word_1_490' title='bbox 1711 4250 1919 4313; x_wconf 80' lang='grc' dir='ltr'>παντὸς</span> 
     </span>
    </p>
   </div>
   <div class='ocr_carea' id='block_1_72' title="bbox 323 4340 1915 4415">
    <p class='ocr_par' dir='ltr' id='par_1_72' title="bbox 323 4340 1915 4415">
     <span class='ocr_line' id='line_1_72' title="bbox 323 4340 1915 4415; baseline -0.001 -17"><span class='ocrx_word' id='word_1_491' title='bbox 323 4345 521 4408; x_wconf 81' lang='grc' dir='ltr'>αἰῶνος</span> <span class='ocrx_word' id='word_1_492' title='bbox 554 4342 648 4398; x_wconf 71' lang='grc' dir='ltr'>καὶ</span> <span class='ocrx_word' id='word_1_493' title='bbox 685 4343 899 4415; x_wconf 80' lang='grc' dir='ltr'>χρόνον,</span> <span class='ocrx_word' id='word_1_494' title='bbox 944 4343 1214 4406; x_wconf 74' lang='grc' dir='ltr'>συναῒόιος</span> <span class='ocrx_word' id='word_1_495' title='bbox 1245 4341 1322 4395; x_wconf 83' lang='grc' dir='ltr'>ὢν</span> <span class='ocrx_word' id='word_1_496' title='bbox 1344 4341 1423 4412; x_wconf 82' lang='grc' dir='ltr'><strong>τῷ</strong></span> <span class='ocrx_word' id='word_1_497' title='bbox 1453 4340 1572 4412; x_wconf 87' lang='grc' dir='ltr'><strong>Θεῷ</strong></span> <span class='ocrx_word' id='word_1_498' title='bbox 1597 4342 1692 4394; x_wconf 75' lang='grc' dir='ltr'>καὶ</span> <span class='ocrx_word' id='word_1_499' title='bbox 1718 4343 1915 4414; x_wconf 89' lang='grc' dir='ltr'>Πατρί.</span> 
     </span>
    </p>
   </div>
   <div class='ocr_carea' id='block_1_73' title="bbox 325 4431 1920 4508">
    <p class='ocr_par' dir='ltr' id='par_1_73' title="bbox 325 4431 1920 4508">
     <span class='ocr_line' id='line_1_73' title="bbox 325 4431 1920 4508; baseline -0.003 -16"><span class='ocrx_word' id='word_1_500' title='bbox 325 4439 781 4508; x_wconf 77' lang='grc' dir='ltr'>Καταρνήσονται</span> <span class='ocrx_word' id='word_1_501' title='bbox 807 4435 872 4506; x_wconf 81' lang='grc' dir='ltr'>δὴ</span> <span class='ocrx_word' id='word_1_502' title='bbox 905 4431 998 4489; x_wconf 82' lang='grc' dir='ltr'>οὖν</span> <span class='ocrx_word' id='word_1_503' title='bbox 1029 4436 1122 4488; x_wconf 76' lang='grc' dir='ltr'>καὶ</span> <span class='ocrx_word' id='word_1_504' title='bbox 1149 4433 1309 4488; x_wconf 85' lang='grc' dir='ltr'>τοῦτο</span> <span class='ocrx_word' id='word_1_505' title='bbox 1337 4434 1662 4502; x_wconf 76' lang='grc' dir='ltr'>ἀναφανδὸν,</span> <span class='ocrx_word' id='word_1_506' title='bbox 1695 4433 1770 4498; x_wconf 86' lang='grc' dir='ltr'>ὼς</span> <span class='ocrx_word' id='word_1_507' title='bbox 1803 4434 1920 4488; x_wconf 78' lang='grc' dir='ltr'>ἐστι</span> 
     </span>
    </p>
   </div>
   <div class='ocr_carea' id='block_1_74' title="bbox 2019 3236 3610 3309">
    <p class='ocr_par' dir='ltr' id='par_1_74' title="bbox 2019 3236 3610 3309">
     <span class='ocr_line' id='line_1_74' title="bbox 2019 3236 3610 3309; baseline 0.002 -19"><span class='ocrx_word' id='word_1_508' title='bbox 2019 3250 2176 3309; x_wconf 89' lang='lat' dir='ltr'><strong>ptura</strong></span> <span class='ocrx_word' id='word_1_509' title='bbox 2206 3241 2385 3293; x_wconf 89' lang='lat' dir='ltr'><strong>valere</strong></span> <span class='ocrx_word' id='word_1_510' title='bbox 2411 3240 2587 3306; x_wconf 70' lang='lat' dir='ltr'><strong>iussa,</strong></span> <span class='ocrx_word' id='word_1_511' title='bbox 2628 3236 2899 3306; x_wconf 85' lang='lat' dir='ltr'><strong>rebusque</strong></span> <span class='ocrx_word' id='word_1_512' title='bbox 2930 3237 3083 3289; x_wconf 89' lang='lat' dir='ltr'><strong>novis</strong></span> <span class='ocrx_word' id='word_1_513' title='bbox 3119 3251 3216 3304; x_wconf 87' lang='lat' dir='ltr'><strong>pro</strong></span> <span class='ocrx_word' id='word_1_514' title='bbox 3263 3251 3358 3291; x_wconf 85' lang='lat' dir='ltr'><strong>sua</strong></span> <span class='ocrx_word' id='word_1_515' title='bbox 3387 3236 3610 3293; x_wconf 88' lang='lat' dir='ltr'><strong>libidine</strong></span> 
     </span>
    </p>
   </div>
   <div class='ocr_carea' id='block_1_75' title="bbox 2017 3323 3611 3394">
    <p class='ocr_par' dir='ltr' id='par_1_75' title="bbox 2017 3323 3611 3394">
     <span class='ocr_line' id='line_1_75' title="bbox 2017 3323 3611 3394; baseline -0.001 -12"><span class='ocrx_word' id='word_1_516' title='bbox 2017 3328 2378 3390; x_wconf 84' lang='lat' dir='ltr'><strong>introductis,</strong></span> <span class='ocrx_word' id='word_1_517' title='bbox 2419 3336 2663 3383; x_wconf 59' lang='lat' dir='ltr'><strong>uinctam</strong></span> <span class='ocrx_word' id='word_1_518' title='bbox 2709 3323 2984 3394; x_wconf 77' lang='lat' dir='ltr'><strong>Virginem</strong></span> <span class='ocrx_word' id='word_1_519' title='bbox 3031 3323 3316 3392; x_wconf 85' lang='lat' dir='ltr'><strong>Deiparam</strong></span> <span class='ocrx_word' id='word_1_520' title='bbox 3351 3339 3470 3381; x_wconf 89' lang='lat' dir='ltr'><strong>esse</strong></span> <span class='ocrx_word' id='word_1_521' title='bbox 3517 3341 3611 3382; x_wconf 87' lang='lat' dir='ltr'><strong>ne-</strong></span> 
     </span>
    </p>
   </div>
   <div class='ocr_carea' id='block_1_76' title="bbox 2018 3417 3608 3494">
    <p class='ocr_par' dir='ltr' id='par_1_76' title="bbox 2018 3417 3608 3494">
     <span class='ocr_line' id='line_1_76' title="bbox 2018 3417 3608 3494; baseline -0.003 -18"><span class='ocrx_word' id='word_1_522' title='bbox 2018 3432 2129 3494; x_wconf 78' lang='lat' dir='ltr'><strong>gat,</strong></span> <span class='ocrx_word' id='word_1_523' title='bbox 2167 3422 2260 3477; x_wconf 89' lang='lat' dir='ltr'><strong>sed</strong></span> <span class='ocrx_word' id='word_1_524' title='bbox 2293 3420 2476 3490; x_wconf 85' lang='lat' dir='ltr'><strong>potius</strong></span> <span class='ocrx_word' id='word_1_525' title='bbox 2502 3417 2784 3472; x_wconf 85' lang='lat' dir='ltr'><strong>Christum</strong></span> <span class='ocrx_word' id='word_1_526' title='bbox 2830 3418 2946 3471; x_wconf 89' lang='lat' dir='ltr'><strong>sive</strong></span> <span class='ocrx_word' id='word_1_527' title='bbox 2983 3417 3259 3472; x_wconf 87' lang='lat' dir='ltr'><strong>hominem</strong></span> <span class='ocrx_word' id='word_1_528' title='bbox 3296 3419 3608 3486; x_wconf 86' lang='lat' dir='ltr'><strong>peperisse,</strong></span> 
     </span>
    </p>
   </div>
   <div class='ocr_carea' id='block_1_77' title="bbox 2019 3510 3612 3584">
    <p class='ocr_par' dir='ltr' id='par_1_77' title="bbox 2019 3510 3612 3584">
     <span class='ocr_line' id='line_1_77' title="bbox 2019 3510 3612 3584; baseline -0.003 -15"><span class='ocrx_word' id='word_1_529' title='bbox 2019 3516 2233 3584; x_wconf 83' lang='lat' dir='ltr'><strong>aliaque</strong></span> <span class='ocrx_word' id='word_1_530' title='bbox 2269 3513 2352 3568; x_wconf 91' lang='lat' dir='ltr'><strong>his</strong></span> <span class='ocrx_word' id='word_1_531' title='bbox 2381 3511 2560 3566; x_wconf 81' lang='lat' dir='ltr'><strong>allinia</strong></span> <span class='ocrx_word' id='word_1_532' title='bbox 2593 3525 2854 3579; x_wconf 81' lang='lat' dir='ltr'><strong>perquam</strong></span> <span class='ocrx_word' id='word_1_533' title='bbox 2905 3510 3141 3562; x_wconf 86' lang='lat' dir='ltr'><strong>absurda</strong></span> <span class='ocrx_word' id='word_1_534' title='bbox 3186 3518 3354 3578; x_wconf 82' lang='lat' dir='ltr'><strong>atque</strong></span> <span class='ocrx_word' id='word_1_535' title='bbox 3394 3511 3612 3581; x_wconf 82' lang='lat' dir='ltr'><strong>stupida</strong></span> 
     </span>
    </p>
   </div>
   <div class='ocr_carea' id='block_1_78' title="bbox 2021 3600 3611 3678">
    <p class='ocr_par' dir='ltr' id='par_1_78' title="bbox 2021 3600 3611 3678">
     <span class='ocr_line' id='line_1_78' title="bbox 2021 3600 3611 3678; baseline -0.005 -14"><span class='ocrx_word' id='word_1_536' title='bbox 2021 3609 2189 3664; x_wconf 87' lang='lat' dir='ltr'><strong>rectis</strong></span> <span class='ocrx_word' id='word_1_537' title='bbox 2226 3623 2289 3662; x_wconf 85' lang='lat' dir='ltr'><strong>ae</strong></span> <span class='ocrx_word' id='word_1_538' title='bbox 2317 3607 2470 3678; x_wconf 90' lang='lat' dir='ltr'><strong>puris</strong></span> <span class='ocrx_word' id='word_1_539' title='bbox 2501 3603 2824 3660; x_wconf 84' lang='lat' dir='ltr'><strong>universalis</strong></span> <span class='ocrx_word' id='word_1_540' title='bbox 2858 3600 3116 3656; x_wconf 78' lang='lat' dir='ltr'><strong>Ecclesia:</strong></span> <span class='ocrx_word' id='word_1_541' title='bbox 3143 3600 3486 3672; x_wconf 75' lang='lat' dir='ltr'><strong>dogmatibus</strong></span> <span class='ocrx_word' id='word_1_542' title='bbox 3515 3617 3611 3657; x_wconf 85' lang='lat' dir='ltr'><strong>su-</strong></span> 
     </span>
    </p>
   </div>
   <div class='ocr_carea' id='block_1_79' title="bbox 2019 3700 2380 3770">
    <p class='ocr_par' dir='ltr' id='par_1_79' title="bbox 2019 3700 2380 3770">
     <span class='ocr_line' id='line_1_79' title="bbox 2019 3700 2380 3770; baseline -0.011 -14"><span class='ocrx_word' id='word_1_543' title='bbox 2019 3700 2380 3770; x_wconf 76' lang='lat' dir='ltr'><strong>perinfereus.</strong></span> 
     </span>
    </p>
   </div>
   <div class='ocr_carea' id='block_1_80' title="bbox 2095 3781 3612 3854">
    <p class='ocr_par' dir='ltr' id='par_1_80' title="bbox 2095 3781 3612 3854">
     <span class='ocr_line' id='line_1_80' title="bbox 2095 3781 3612 3854; baseline -0.007 -6"><span class='ocrx_word' id='word_1_544' title='bbox 2095 3793 2154 3848; x_wconf 86' lang='grc' dir='ltr'>Β.</span> <span class='ocrx_word' id='word_1_545' title='bbox 2197 3789 2533 3854; x_wconf 85' lang='lat' dir='ltr'><strong>Nestorium,</strong></span> <span class='ocrx_word' id='word_1_546' title='bbox 2571 3795 2632 3842; x_wconf 90' lang='lat' dir='ltr'><strong>ut</strong></span> <span class='ocrx_word' id='word_1_547' title='bbox 2658 3785 2916 3845; x_wconf 84' lang='lat' dir='ltr'><strong>arbitror,</strong></span> <span class='ocrx_word' id='word_1_548' title='bbox 2969 3781 3268 3852; x_wconf 79' lang='lat' dir='ltr'><strong>signiﬁcas.</strong></span> <span class='ocrx_word' id='word_1_549' title='bbox 3311 3781 3431 3836; x_wconf 74' lang='lat' dir='ltr'><strong>Jam</strong></span> <span class='ocrx_word' id='word_1_550' title='bbox 3466 3781 3612 3840; x_wconf 80' lang='lat' dir='ltr'><strong>enim</strong></span> 
     </span>
    </p>
   </div>
   <div class='ocr_carea' id='block_1_81' title="bbox 2024 3873 3610 3953">
    <p class='ocr_par' dir='ltr' id='par_1_81' title="bbox 2024 3873 3610 3953">
     <span class='ocr_line' id='line_1_81' title="bbox 2024 3873 3610 3953; baseline -0.008 -13"><span class='ocrx_word' id='word_1_551' title='bbox 2024 3885 2285 3953; x_wconf 76' lang='lat' dir='ltr'><strong>intelligo.</strong></span> <span class='ocrx_word' id='word_1_552' title='bbox 2339 3881 2628 3949; x_wconf 87' lang='lat' dir='ltr'><strong>Opinionis</strong></span> <span class='ocrx_word' id='word_1_553' title='bbox 2673 3892 2805 3931; x_wconf 81' lang='lat' dir='ltr'><strong>vero</strong></span> <span class='ocrx_word' id='word_1_554' title='bbox 2847 3875 2967 3944; x_wconf 88' lang='lat' dir='ltr'><strong>ejus</strong></span> <span class='ocrx_word' id='word_1_555' title='bbox 3018 3874 3158 3929; x_wconf 82' lang='lat' dir='ltr'><strong>ratio</strong></span> <span class='ocrx_word' id='word_1_556' title='bbox 3212 3873 3345 3928; x_wconf 87' lang='lat' dir='ltr'><strong>mibi</strong></span> <span class='ocrx_word' id='word_1_557' title='bbox 3391 3877 3610 3944; x_wconf 74' lang='lat' dir='ltr'><strong>Cognita</strong></span> 
     </span>
    </p>
   </div>
   <div class='ocr_carea' id='block_1_82' title="bbox 2019 3965 3612 4041">
    <p class='ocr_par' dir='ltr' id='par_1_82' title="bbox 2019 3965 3612 4041">
     <span class='ocr_line' id='line_1_82' title="bbox 2019 3965 3612 4041; baseline -0.008 -8"><span class='ocrx_word' id='word_1_558' title='bbox 2019 3993 2128 4033; x_wconf 90' lang='lat' dir='ltr'><strong>non</strong></span> <span class='ocrx_word' id='word_1_559' title='bbox 2169 3988 2272 4031; x_wconf 91' lang='lat' dir='ltr'><strong>est.</strong></span> <span class='ocrx_word' id='word_1_560' title='bbox 2311 3976 2558 4041; x_wconf 84' lang='lat' dir='ltr'><strong>Quonam</strong></span> <span class='ocrx_word' id='word_1_561' title='bbox 2605 3978 2789 4026; x_wconf 81' lang='lat' dir='ltr'><strong>autem</strong></span> <span class='ocrx_word' id='word_1_562' title='bbox 2841 3975 3000 4036; x_wconf 89' lang='lat' dir='ltr'><strong>pacto</strong></span> <span class='ocrx_word' id='word_1_563' title='bbox 3035 3975 3278 4022; x_wconf 87' lang='lat' dir='ltr'><strong>sanctam</strong></span> <span class='ocrx_word' id='word_1_564' title='bbox 3335 3965 3612 4038; x_wconf 74' lang='lat' dir='ltr'><strong>Virginem</strong></span> 
     </span>
    </p>
   </div>
   <div class='ocr_carea' id='block_1_83' title="bbox 2022 4063 2690 4138">
    <p class='ocr_par' dir='ltr' id='par_1_83' title="bbox 2022 4063 2690 4138">
     <span class='ocr_line' id='line_1_83' title="bbox 2022 4063 2690 4138; baseline -0.013 -15"><span class='ocrx_word' id='word_1_565' title='bbox 2022 4069 2305 4138; x_wconf 86' lang='lat' dir='ltr'><strong>Deiparam</strong></span> <span class='ocrx_word' id='word_1_566' title='bbox 2337 4079 2457 4120; x_wconf 91' lang='lat' dir='ltr'><strong>esse</strong></span> <span class='ocrx_word' id='word_1_567' title='bbox 2489 4073 2644 4131; x_wconf 79' lang='lat' dir='ltr'><strong>negat</strong></span> <span class='ocrx_word' id='word_1_568' title='bbox 2666 4063 2690 4114; x_wconf 69' lang='grc' dir='ltr'>Ῥ</span> 
     </span>
    </p>
   </div>
   <div class='ocr_carea' id='block_1_84' title="bbox 2092 4150 3612 4226">
    <p class='ocr_par' dir='ltr' id='par_1_84' title="bbox 2092 4150 3612 4226">
     <span class='ocr_line' id='line_1_84' title="bbox 2092 4150 3612 4226; baseline -0.003 -15"><span class='ocrx_word' id='word_1_569' title='bbox 2092 4160 2159 4212; x_wconf 84' lang='grc' dir='ltr'>Δ.</span> <span class='ocrx_word' id='word_1_570' title='bbox 2202 4157 2387 4226; x_wconf 79' lang='lat' dir='ltr'><strong>Neque</strong></span> <span class='ocrx_word' id='word_1_571' title='bbox 2413 4155 2578 4218; x_wconf 91' lang='lat' dir='ltr'><strong>enim,</strong></span> <span class='ocrx_word' id='word_1_572' title='bbox 2608 4153 2800 4222; x_wconf 89' lang='lat' dir='ltr'><strong>inquit,</strong></span> <span class='ocrx_word' id='word_1_573' title='bbox 2833 4153 3000 4208; x_wconf 86' lang='lat' dir='ltr'><strong>Deum</strong></span> <span class='ocrx_word' id='word_1_574' title='bbox 3033 4167 3100 4206; x_wconf 78' lang='lat' dir='ltr'><strong>ex</strong></span> <span class='ocrx_word' id='word_1_575' title='bbox 3125 4166 3184 4208; x_wconf 90' lang='lat' dir='ltr'><strong>se</strong></span> <span class='ocrx_word' id='word_1_576' title='bbox 3212 4152 3443 4221; x_wconf 90' lang='lat' dir='ltr'><strong>peperit.</strong></span> <span class='ocrx_word' id='word_1_577' title='bbox 3478 4150 3612 4207; x_wconf 87' lang='lat' dir='ltr'><strong>Nam</strong></span> 
     </span>
    </p>
   </div>
   <div class='ocr_carea' id='block_1_85' title="bbox 2023 4246 3614 4317">
    <p class='ocr_par' dir='ltr' id='par_1_85' title="bbox 2023 4246 3614 4317">
     <span class='ocr_line' id='line_1_85' title="bbox 2023 4246 3614 4317; baseline -0.003 -13"><span class='ocrx_word' id='word_1_578' title='bbox 2023 4251 2262 4306; x_wconf 82' lang='lat' dir='ltr'><strong>Verbum</strong></span> <span class='ocrx_word' id='word_1_579' title='bbox 2307 4259 2432 4304; x_wconf 88' lang='lat' dir='ltr'><strong>ante</strong></span> <span class='ocrx_word' id='word_1_580' title='bbox 2477 4249 2649 4317; x_wconf 85' lang='lat' dir='ltr'><strong>ipsam</strong></span> <span class='ocrx_word' id='word_1_581' title='bbox 2692 4255 2830 4312; x_wconf 84' lang='lat' dir='ltr'><strong>erat,</strong></span> <span class='ocrx_word' id='word_1_582' title='bbox 2864 4257 3028 4315; x_wconf 90' lang='lat' dir='ltr'><strong>atque</strong></span> <span class='ocrx_word' id='word_1_583' title='bbox 3081 4246 3214 4300; x_wconf 87' lang='lat' dir='ltr'><strong>adeo</strong></span> <span class='ocrx_word' id='word_1_584' title='bbox 3259 4257 3385 4302; x_wconf 89' lang='lat' dir='ltr'><strong>ante</strong></span> <span class='ocrx_word' id='word_1_585' title='bbox 3429 4248 3614 4302; x_wconf 76' lang='lat' dir='ltr'><strong>omnia</strong></span> 
     </span>
    </p>
   </div>
   <div class='ocr_carea' id='block_1_86' title="bbox 2022 4338 3610 4412">
    <p class='ocr_par' dir='ltr' id='par_1_86' title="bbox 2022 4338 3610 4412">
     <span class='ocr_line' id='line_1_86' title="bbox 2022 4338 3610 4412; baseline -0.004 -12"><span class='ocrx_word' id='word_1_586' title='bbox 2022 4344 2216 4400; x_wconf 68' lang='lat' dir='ltr'><strong>sarcula</strong></span> <span class='ocrx_word' id='word_1_587' title='bbox 2243 4351 2298 4398; x_wconf 89' lang='lat' dir='ltr'><strong>et</strong></span> <span class='ocrx_word' id='word_1_588' title='bbox 2325 4353 2589 4412; x_wconf 82' lang='lat' dir='ltr'><strong>tempora,</strong></span> <span class='ocrx_word' id='word_1_589' title='bbox 2625 4349 2810 4410; x_wconf 84' lang='lat' dir='ltr'><strong>utpote</strong></span> <span class='ocrx_word' id='word_1_590' title='bbox 2845 4349 3176 4394; x_wconf 64' lang='lat' dir='ltr'><strong>comteruum</strong></span> <span class='ocrx_word' id='word_1_591' title='bbox 3217 4338 3324 4392; x_wconf 86' lang='lat' dir='ltr'><strong>Deo</strong></span> <span class='ocrx_word' id='word_1_592' title='bbox 3348 4356 3412 4394; x_wconf 90' lang='lat' dir='ltr'><strong>ac</strong></span> <span class='ocrx_word' id='word_1_593' title='bbox 3441 4338 3610 4394; x_wconf 84' lang='lat' dir='ltr'><strong>Patri.</strong></span> 
     </span>
    </p>
   </div>
   <div class='ocr_carea' id='block_1_87' title="bbox 2021 4434 3614 4512">
    <p class='ocr_par' dir='ltr' id='par_1_87' title="bbox 2021 4434 3614 4512">
     <span class='ocr_line' id='line_1_87' title="bbox 2021 4434 3614 4512; baseline -0.008 -15"><span class='ocrx_word' id='word_1_594' title='bbox 2021 4441 2351 4512; x_wconf 83' lang='lat' dir='ltr'><strong>Negaverint</strong></span> <span class='ocrx_word' id='word_1_595' title='bbox 2383 4440 2566 4508; x_wconf 81' lang='lat' dir='ltr'><strong>itaque</strong></span> <span class='ocrx_word' id='word_1_596' title='bbox 2599 4437 2767 4492; x_wconf 86' lang='lat' dir='ltr'><strong>etiam</strong></span> <span class='ocrx_word' id='word_1_597' title='bbox 2797 4437 2901 4491; x_wconf 88' lang='lat' dir='ltr'><strong>hoc</strong></span> <span class='ocrx_word' id='word_1_598' title='bbox 2944 4443 3152 4504; x_wconf 87' lang='lat' dir='ltr'><strong>aperte,</strong></span> <span class='ocrx_word' id='word_1_599' title='bbox 3202 4434 3344 4503; x_wconf 80' lang='lat' dir='ltr'><strong>quod</strong></span> <span class='ocrx_word' id='word_1_600' title='bbox 3386 4435 3614 4488; x_wconf 79' lang='lat' dir='ltr'><strong>Einma-</strong></span> 
     </span>
    </p>
   </div>
   <div class='ocr_carea' id='block_1_88' title="bbox 323 4527 1913 4601">
    <p class='ocr_par' dir='ltr' id='par_1_88' title="bbox 323 4528 1913 4601">
     <span class='ocr_line' id='line_1_88' title="bbox 323 4528 1913 4601; baseline -0.001 -17"><span class='ocrx_word' id='word_1_601' title='bbox 323 4532 460 4594; x_wconf 78' lang='grc' dir='ltr'>Θεὸς</span> <span class='ocrx_word' id='word_1_602' title='bbox 499 4533 528 4583; x_wconf 93' lang='lat'><strong>6</strong></span> <span class='ocrx_word' id='word_1_603' title='bbox 563 4530 942 4601; x_wconf 80' lang='grc' dir='ltr'>Ἐμμανουὴλ,</span> <span class='ocrx_word' id='word_1_604' title='bbox 989 4529 1112 4600; x_wconf 82' lang='grc' dir='ltr'>εἰκῆ</span> <span class='ocrx_word' id='word_1_605' title='bbox 1156 4530 1212 4581; x_wconf 75' lang='grc' dir='ltr'>δὲ</span> <span class='ocrx_word' id='word_1_606' title='bbox 1254 4529 1330 4592; x_wconf 84' lang='grc' dir='ltr'>ὼς</span> <span class='ocrx_word' id='word_1_607' title='bbox 1375 4528 1522 4582; x_wconf 79' lang='grc' dir='ltr'>ἔοικε</span> <span class='ocrx_word' id='word_1_608' title='bbox 1566 4529 1913 4600; x_wconf 82' lang='grc' dir='ltr'>διερμηνεύει</span> 
     </span>
    </p>
   </div>
   <div class='ocr_carea' id='block_1_89' title="bbox 2029 4527 3614 4601">
    <p class='ocr_par' dir='ltr' id='par_1_89' title="bbox 2029 4527 3614 4600">
     <span class='ocr_line' id='line_1_89' title="bbox 2029 4527 3614 4600; baseline -0.004 -12"><span class='ocrx_word' id='word_1_609' title='bbox 2029 4534 2152 4588; x_wconf 83' lang='lat' dir='ltr'><strong>nuel</strong></span> <span class='ocrx_word' id='word_1_610' title='bbox 2186 4533 2258 4585; x_wconf 78' lang='lat' dir='ltr'><strong>sit</strong></span> <span class='ocrx_word' id='word_1_611' title='bbox 2288 4531 2453 4587; x_wconf 80' lang='lat' dir='ltr'><strong>Deus.</strong></span> <span class='ocrx_word' id='word_1_612' title='bbox 2495 4529 2678 4600; x_wconf 83' lang='lat' dir='ltr'><strong>Inepte</strong></span> <span class='ocrx_word' id='word_1_613' title='bbox 2708 4529 2874 4599; x_wconf 72' lang='lat' dir='ltr'><strong>igitur</strong></span> <span class='ocrx_word' id='word_1_614' title='bbox 2907 4527 3038 4583; x_wconf 86' lang='lat' dir='ltr'><strong>illud</strong></span> <span class='ocrx_word' id='word_1_615' title='bbox 3080 4528 3470 4596; x_wconf 86' lang='lat' dir='ltr'><strong>interpretatus</strong></span> <span class='ocrx_word' id='word_1_616' title='bbox 3495 4528 3614 4582; x_wconf 75' lang='lat' dir='ltr'><strong>fue-</strong></span> 
     </span>
    </p>
   </div>
   <div class='ocr_carea' id='block_1_90' title="bbox 323 4621 1918 4694">
    <p class='ocr_par' dir='ltr' id='par_1_90' title="bbox 323 4621 1918 4694">
     <span class='ocr_line' id='line_1_90' title="bbox 323 4621 1918 4694; baseline -0.001 -18"><span class='ocrx_word' id='word_1_617' title='bbox 323 4621 585 4692; x_wconf 75' lang='grc' dir='ltr'>τούνομα,</span> <span class='ocrx_word' id='word_1_618' title='bbox 634 4622 808 4690; x_wconf 82' lang='grc' dir='ltr'>λέγων</span> <span class='ocrx_word' id='word_1_619' title='bbox 847 4623 876 4674; x_wconf 86' lang='lat'><strong>6</strong></span> <span class='ocrx_word' id='word_1_620' title='bbox 923 4621 1350 4690; x_wconf 77' lang='grc' dir='ltr'>εὐαγγελιστήςο</span> <span class='ocrx_word' id='word_1_621' title='bbox 1388 4638 1408 4672; x_wconf 81' lang='grc' dir='ltr'><strong>ι</strong></span> <span class='ocrx_word' id='word_1_622' title='bbox 1441 4622 1508 4673; x_wconf 81' lang='lat'>&#39;0</span> <span class='ocrx_word' id='word_1_623' title='bbox 1555 4621 1671 4674; x_wconf 77' lang='grc' dir='ltr'>ἐστι</span> <span class='ocrx_word' id='word_1_624' title='bbox 1721 4621 1918 4694; x_wconf 76' lang='grc' dir='ltr'>μεθερ-</span> 
     </span>
    </p>
   </div>
   <div class='ocr_carea' id='block_1_91' title="bbox 329 4711 1920 4786">
    <p class='ocr_par' dir='ltr' id='par_1_91' title="bbox 329 4711 1920 4786">
     <span class='ocr_line' id='line_1_91' title="bbox 329 4711 1920 4786; baseline 0 -20"><span class='ocrx_word' id='word_1_625' title='bbox 329 4715 723 4786; x_wconf 85' lang='grc' dir='ltr'>μηνευόμενον,</span> <span class='ocrx_word' id='word_1_626' title='bbox 759 4712 895 4765; x_wconf 82' lang='grc' dir='ltr'>Μεθ’</span> <span class='ocrx_word' id='word_1_627' title='bbox 923 4712 1084 4782; x_wconf 82' lang='grc' dir='ltr'>ἡμῶν</span> <span class='ocrx_word' id='word_1_628' title='bbox 1107 4713 1137 4764; x_wconf 90' lang='lat'><strong>6</strong></span> <span class='ocrx_word' id='word_1_629' title='bbox 1166 4711 1352 4774; x_wconf 74' lang='grc' dir='ltr'>Θεός.»</span> <span class='ocrx_word' id='word_1_630' title='bbox 1390 4711 1548 4766; x_wconf 72' lang='grc' dir='ltr'>οὕτω</span> <span class='ocrx_word' id='word_1_631' title='bbox 1581 4713 1690 4784; x_wconf 84' lang='grc' dir='ltr'><strong>γὰρ</strong></span> <span class='ocrx_word' id='word_1_632' title='bbox 1715 4715 1920 4785; x_wconf 77' lang='grc' dir='ltr'>χρῆναι</span> 
     </span>
    </p>
   </div>
   <div class='ocr_carea' id='block_1_92' title="bbox 324 4803 1919 4877">
    <p class='ocr_par' dir='ltr' id='par_1_92' title="bbox 324 4803 1919 4877">
     <span class='ocr_line' id='line_1_92' title="bbox 324 4803 1919 4877; baseline 0 -17"><span class='ocrx_word' id='word_1_633' title='bbox 324 4805 802 4877; x_wconf 77' lang='grc' dir='ltr'>κατονομάζεσθαι</span> <span class='ocrx_word' id='word_1_634' title='bbox 855 4803 1227 4859; x_wconf 73' lang='grc' dir='ltr'>διεϐεϐαιοῦτο</span> <span class='ocrx_word' id='word_1_635' title='bbox 1282 4804 1468 4874; x_wconf 84' lang='grc' dir='ltr'>σαφῶς</span> <span class='ocrx_word' id='word_1_636' title='bbox 1517 4805 1608 4858; x_wconf 83' lang='grc' dir='ltr'>διὰ</span> <span class='ocrx_word' id='word_1_637' title='bbox 1657 4806 1758 4874; x_wconf 76' lang='grc' dir='ltr'>τῆς</span> <span class='ocrx_word' id='word_1_638' title='bbox 1822 4806 1919 4860; x_wconf 88' lang='grc' dir='ltr'><strong>τοῦ</strong></span> 
     </span>
    </p>
   </div>
   <div class='ocr_carea' id='block_1_93' title="bbox 327 4896 1921 4970">
    <p class='ocr_par' dir='ltr' id='par_1_93' title="bbox 327 4896 1921 4970">
     <span class='ocr_line' id='line_1_93' title="bbox 327 4896 1921 4970; baseline -0.001 -17"><span class='ocrx_word' id='word_1_639' title='bbox 327 4900 614 4970; x_wconf 69' lang='grc' dir='ltr'>προφήτου</span> <span class='ocrx_word' id='word_1_640' title='bbox 645 4896 835 4968; x_wconf 82' lang='grc' dir='ltr'>φωνῆς</span> <span class='ocrx_word' id='word_1_641' title='bbox 860 4899 888 4950; x_wconf 93' lang='lat'><strong>6</strong></span> <span class='ocrx_word' id='word_1_642' title='bbox 913 4896 1046 4959; x_wconf 76' lang='grc' dir='ltr'>Θεὸς</span> <span class='ocrx_word' id='word_1_643' title='bbox 1073 4896 1166 4950; x_wconf 72' lang='grc' dir='ltr'>καὶ</span> <span class='ocrx_word' id='word_1_644' title='bbox 1192 4896 1404 4967; x_wconf 82' lang='grc' dir='ltr'>Πατὴρ,</span> <span class='ocrx_word' id='word_1_645' title='bbox 1428 4897 1520 4950; x_wconf 80' lang='grc' dir='ltr'>τὸν</span> <span class='ocrx_word' id='word_1_646' title='bbox 1542 4899 1607 4950; x_wconf 72' lang='grc' dir='ltr'>ὲκ</span> <span class='ocrx_word' id='word_1_647' title='bbox 1633 4899 1732 4968; x_wconf 85' lang='grc' dir='ltr'>τῆς</span> <span class='ocrx_word' id='word_1_648' title='bbox 1759 4899 1921 4967; x_wconf 83' lang='grc' dir='ltr'>ἁγίας</span> 
     </span>
    </p>
   </div>
   <div class='ocr_carea' id='block_1_94' title="bbox 323 4989 1924 5064">
    <p class='ocr_par' dir='ltr' id='par_1_94' title="bbox 323 4989 1924 5064">
     <span class='ocr_line' id='line_1_94' title="bbox 323 4989 1924 5064; baseline -0.001 -17"><span class='ocrx_word' id='word_1_649' title='bbox 323 4992 607 5064; x_wconf 81' lang='grc' dir='ltr'>Παρθένου</span> <span class='ocrx_word' id='word_1_650' title='bbox 633 4991 776 5045; x_wconf 82' lang='grc' dir='ltr'>κατὰ</span> <span class='ocrx_word' id='word_1_651' title='bbox 806 4989 986 5059; x_wconf 79' lang='grc' dir='ltr'>σάρκα</span> <span class='ocrx_word' id='word_1_652' title='bbox 1013 4993 1430 5059; x_wconf 76' lang='grc' dir='ltr'>γεγεννημένον,</span> <span class='ocrx_word' id='word_1_653' title='bbox 1465 4990 1540 5054; x_wconf 83' lang='grc' dir='ltr'>ὡς</span> <span class='ocrx_word' id='word_1_654' title='bbox 1571 4991 1924 5064; x_wconf 81' lang='grc' dir='ltr'>ὲνανθρωπή-</span> 
     </span>
    </p>
   </div>
   <div class='ocr_carea' id='block_1_95' title="bbox 325 5084 686 5140">
    <p class='ocr_par' dir='ltr' id='par_1_95' title="bbox 325 5084 686 5140">
     <span class='ocr_line' id='line_1_95' title="bbox 325 5084 686 5140; baseline -0.006 0"><span class='ocrx_word' id='word_1_655' title='bbox 325 5103 500 5140; x_wconf 77' lang='grc' dir='ltr'>σαντα</span> <span class='ocrx_word' id='word_1_656' title='bbox 528 5084 686 5138; x_wconf 83' lang='grc' dir='ltr'>Θεὸν.</span> 
     </span>
    </p>
   </div>
   <div class='ocr_carea' id='block_1_96' title="bbox 398 5163 1924 5246">
    <p class='ocr_par' dir='ltr' id='par_1_96' title="bbox 398 5163 1924 5246">
     <span class='ocr_line' id='line_1_96' title="bbox 398 5163 1924 5246; baseline -0.001 -18"><span class='ocrx_word' id='word_1_657' title='bbox 398 5175 460 5230; x_wconf 90' lang='lat' dir='ltr'><strong>B.</strong></span> <span class='ocrx_word' id='word_1_658' title='bbox 496 5175 688 5229; x_wconf 76' lang='grc' dir='ltr'>Καίτοι</span> <span class='ocrx_word' id='word_1_659' title='bbox 717 5175 866 5227; x_wconf 86' lang='grc' dir='ltr'>δοκεῖ</span> <span class='ocrx_word' id='word_1_660' title='bbox 915 5173 1013 5246; x_wconf 72' lang='grc' dir='ltr'>μὲν</span> <span class='ocrx_word' id='word_1_661' title='bbox 1043 5173 1272 5236; x_wconf 80' lang='grc' dir='ltr'>ἐκείνοις</span> <span class='ocrx_word' id='word_1_662' title='bbox 1301 5173 1401 5242; x_wconf 72' lang='grc' dir='ltr'>οὐχ</span> <span class='ocrx_word' id='word_1_663' title='bbox 1431 5163 1534 5229; x_wconf 77' lang='grc' dir='ltr'>ὧδε</span> <span class='ocrx_word' id='word_1_664' title='bbox 1567 5171 1721 5226; x_wconf 77' lang='grc' dir='ltr'>ταῦτ’</span> <span class='ocrx_word' id='word_1_665' title='bbox 1753 5171 1924 5242; x_wconf 71' lang='grc' dir='ltr'>ἔχειν,-</span> 
     </span>
    </p>
   </div>
   <div class='ocr_carea' id='block_1_97' title="bbox 329 5264 1918 5340">
    <p class='ocr_par' dir='ltr' id='par_1_97' title="bbox 329 5264 1918 5340">
     <span class='ocr_line' id='line_1_97' title="bbox 329 5264 1918 5340; baseline -0.001 -19"><span class='ocrx_word' id='word_1_666' title='bbox 329 5269 450 5340; x_wconf 86' lang='grc' dir='ltr'>μεθ’</span> <span class='ocrx_word' id='word_1_667' title='bbox 474 5266 634 5339; x_wconf 80' lang='grc' dir='ltr'>ήμῶν</span> <span class='ocrx_word' id='word_1_668' title='bbox 663 5266 720 5318; x_wconf 75' lang='grc' dir='ltr'>δὲ</span> <span class='ocrx_word' id='word_1_669' title='bbox 749 5269 909 5334; x_wconf 79' lang='grc' dir='ltr'>φαῖεν</span> <span class='ocrx_word' id='word_1_670' title='bbox 941 5264 1194 5334; x_wconf 85' lang='grc' dir='ltr'>γενέσθαι</span> <span class='ocrx_word' id='word_1_671' title='bbox 1225 5265 1385 5331; x_wconf 73' lang='grc' dir='ltr'>Θεὸν,</span> <span class='ocrx_word' id='word_1_672' title='bbox 1411 5266 1530 5336; x_wconf 72' lang='grc' dir='ltr'>ἦτοι</span> <span class='ocrx_word' id='word_1_673' title='bbox 1563 5264 1656 5317; x_wconf 81' lang='grc' dir='ltr'>τὸν</span> <span class='ocrx_word' id='word_1_674' title='bbox 1684 5266 1749 5318; x_wconf 73' lang='grc' dir='ltr'>ἐκ</span> <span class='ocrx_word' id='word_1_675' title='bbox 1781 5265 1918 5319; x_wconf 76' lang='grc' dir='ltr'>Θεοῦ</span> 
     </span>
    </p>
   </div>
   <div class='ocr_carea' id='block_1_98' title="bbox 327 5357 1925 5429">
    <p class='ocr_par' dir='ltr' id='par_1_98' title="bbox 327 5357 1925 5429">
     <span class='ocr_line' id='line_1_98' title="bbox 327 5357 1925 5429; baseline -0.001 -16"><span class='ocrx_word' id='word_1_676' title='bbox 327 5361 520 5429; x_wconf 86' lang='grc' dir='ltr'>Λόγον,</span> <span class='ocrx_word' id='word_1_677' title='bbox 555 5359 696 5412; x_wconf 80' lang='grc' dir='ltr'>κατὰ</span> <span class='ocrx_word' id='word_1_678' title='bbox 747 5374 811 5426; x_wconf 80' lang='grc' dir='ltr'><strong>γε</strong></span> <span class='ocrx_word' id='word_1_679' title='bbox 849 5357 978 5422; x_wconf 78' lang='grc' dir='ltr'>τοὺς</span> <span class='ocrx_word' id='word_1_680' title='bbox 1007 5359 1108 5428; x_wconf 83' lang='grc' dir='ltr'>τῆς</span> <span class='ocrx_word' id='word_1_681' title='bbox 1155 5358 1476 5428; x_wconf 76' lang='grc' dir='ltr'>ἐπικουρίας</span> <span class='ocrx_word' id='word_1_682' title='bbox 1523 5358 1782 5428; x_wconf 83' lang='grc' dir='ltr'>τρόπους.</span> <span class='ocrx_word' id='word_1_683' title='bbox 1827 5359 1925 5411; x_wconf 82' lang='grc' dir='ltr'><strong>Σέ-</strong></span> 
     </span>
    </p>
   </div>
   <div class='ocr_carea' id='block_1_99' title="bbox 329 5452 1926 5527">
    <p class='ocr_par' dir='ltr' id='par_1_99' title="bbox 329 5452 1926 5527">
     <span class='ocr_line' id='line_1_99' title="bbox 329 5452 1926 5527; baseline -0.002 -18"><span class='ocrx_word' id='word_1_684' title='bbox 329 5471 475 5509; x_wconf 81' lang='grc' dir='ltr'>σωκε</span> <span class='ocrx_word' id='word_1_685' title='bbox 514 5455 624 5527; x_wconf 86' lang='grc' dir='ltr'><strong>γὰρ</strong></span> <span class='ocrx_word' id='word_1_686' title='bbox 656 5452 756 5524; x_wconf 76' lang='grc' dir='ltr'><strong>τὴν</strong></span> <span class='ocrx_word' id='word_1_687' title='bbox 789 5454 882 5505; x_wconf 84' lang='grc' dir='ltr'><strong>ὑπ’</strong></span> <span class='ocrx_word' id='word_1_688' title='bbox 909 5453 1140 5523; x_wconf 75' lang='grc' dir='ltr'>οὐρανὸν</span> <span class='ocrx_word' id='word_1_689' title='bbox 1177 5453 1267 5508; x_wconf 80' lang='grc' dir='ltr'>διὰ</span> <span class='ocrx_word' id='word_1_690' title='bbox 1313 5453 1412 5507; x_wconf 77' lang='grc' dir='ltr'><strong>τοῦ</strong></span> <span class='ocrx_word' id='word_1_691' title='bbox 1456 5453 1812 5523; x_wconf 74' lang='grc' dir='ltr'>γεννηθέντος</span> <span class='ocrx_word' id='word_1_692' title='bbox 1858 5453 1926 5507; x_wconf 79' lang='grc' dir='ltr'>ἐκ</span> 
     </span>
    </p>
   </div>
   <div class='ocr_carea' id='block_1_100' title="bbox 328 5547 615 5616">
    <p class='ocr_par' dir='ltr' id='par_1_100' title="bbox 328 5547 615 5616">
     <span class='ocr_line' id='line_1_100' title="bbox 328 5547 615 5616; baseline 0.007 -18"><span class='ocrx_word' id='word_1_693' title='bbox 328 5547 615 5616; x_wconf 86' lang='grc' dir='ltr'>γυναικός.</span> 
     </span>
    </p>
   </div>
   <div class='ocr_carea' id='block_1_101' title="bbox 400 5635 1918 5712">
    <p class='ocr_par' dir='ltr' id='par_1_101' title="bbox 400 5635 1918 5712">
     <span class='ocr_line' id='line_1_101' title="bbox 400 5635 1918 5712; baseline 0.002 -20"><span class='ocrx_word' id='word_1_694' title='bbox 400 5640 466 5693; x_wconf 81' lang='grc' dir='ltr'>Α.</span> <span class='ocrx_word' id='word_1_695' title='bbox 500 5641 574 5693; x_wconf 83' lang='grc' dir='ltr'>Ού</span> <span class='ocrx_word' id='word_1_696' title='bbox 608 5639 717 5710; x_wconf 82' lang='grc' dir='ltr'><strong>γὰρ</strong></span> <span class='ocrx_word' id='word_1_697' title='bbox 748 5635 841 5710; x_wconf 76' lang='grc' dir='ltr'>ἦν,</span> <span class='ocrx_word' id='word_1_698' title='bbox 887 5639 1008 5692; x_wconf 82' lang='grc' dir='ltr'>εἰπὲ</span> <span class='ocrx_word' id='word_1_699' title='bbox 1048 5656 1160 5710; x_wconf 82' lang='grc' dir='ltr'>μοι,</span> <span class='ocrx_word' id='word_1_700' title='bbox 1207 5641 1302 5693; x_wconf 75' lang='grc' dir='ltr'>καὶ</span> <span class='ocrx_word' id='word_1_701' title='bbox 1355 5639 1495 5712; x_wconf 85' lang='grc' dir='ltr'>μετὰ</span> <span class='ocrx_word' id='word_1_702' title='bbox 1533 5639 1780 5704; x_wconf 86' lang='grc' dir='ltr'>Μωσέως</span> <span class='ocrx_word' id='word_1_703' title='bbox 1817 5640 1918 5712; x_wconf 83' lang='grc' dir='ltr'>τῆς</span> 
     </span>
    </p>
   </div>
   <div class='ocr_carea' id='block_1_102' title="bbox 401 5815 854 5882">
    <p class='ocr_par' dir='ltr' id='par_1_102' title="bbox 401 5815 854 5882">
     <span class='ocr_line' id='line_1_102' title="bbox 401 5815 854 5882; baseline -0.009 -8"><span class='ocrx_word' id='word_1_704' title='bbox 401 5816 445 5848; x_wconf 77' lang='grc'>⁸⁸</span> <span class='ocrx_word' id='word_1_705' title='bbox 469 5815 659 5873; x_wconf 80' lang='lat' dir='ltr'><strong>Matth.</strong></span> <span class='ocrx_word' id='word_1_706' title='bbox 693 5834 732 5882; x_wconf 83' lang='grc' dir='ltr'><strong>ι,</strong></span> <span class='ocrx_word' id='word_1_707' title='bbox 763 5817 854 5871; x_wconf 73' lang='lat'><strong>23.</strong></span> 
     </span>
    </p>
   </div>
   <div class='ocr_carea' id='block_1_103' title="bbox 650 5912 1356 5976">
    <p class='ocr_par' dir='ltr' id='par_1_103' title="bbox 650 5912 1356 5976">
     <span class='ocr_line' id='line_1_103' title="bbox 650 5912 1356 5976; baseline -0.001 1"><span class='ocrx_word' id='word_1_708' title='bbox 650 5912 918 5976; x_wconf 77' lang='grc' dir='ltr'>ΡΑΤιιοι..</span> <span class='ocrx_word' id='word_1_709' title='bbox 967 5915 1082 5973; x_wconf 76' lang='lat' dir='ltr'><strong>Gn.</strong></span> <span class='ocrx_word' id='word_1_710' title='bbox 1134 5913 1356 5976; x_wconf 78' lang='lat' dir='ltr'><strong>LXXV.</strong></span> 
     </span>
    </p>
   </div>
   <div class='ocr_carea' id='block_1_104' title="bbox 2029 4618 3618 4694">
    <p class='ocr_par' dir='ltr' id='par_1_104' title="bbox 2029 4618 3618 4694">
     <span class='ocr_line' id='line_1_104' title="bbox 2029 4618 3618 4694; baseline -0.006 -13"><span class='ocrx_word' id='word_1_711' title='bbox 2029 4628 2100 4681; x_wconf 91' lang='lat' dir='ltr'><strong>rit</strong></span> <span class='ocrx_word' id='word_1_712' title='bbox 2136 4625 2465 4694; x_wconf 84' lang='lat' dir='ltr'><strong>evangelista</strong></span> <span class='ocrx_word' id='word_1_713' title='bbox 2491 4663 2508 4687; x_wconf 94' lang='lat'><strong>,</strong></span> <span class='ocrx_word' id='word_1_714' title='bbox 2546 4624 2733 4678; x_wconf 88' lang='lat' dir='ltr'><strong>dicens</strong></span> <span class='ocrx_word' id='word_1_715' title='bbox 2764 4635 2779 4674; x_wconf 89' lang='lat'><strong>:</strong></span> <span class='ocrx_word' id='word_1_716' title='bbox 2816 4639 2835 4672; x_wconf 80' lang='grc' dir='ltr'><strong>ι</strong></span> <span class='ocrx_word' id='word_1_717' title='bbox 2865 4621 3020 4686; x_wconf 89' lang='lat' dir='ltr'><strong>Quod</strong></span> <span class='ocrx_word' id='word_1_718' title='bbox 3067 4620 3486 4688; x_wconf 89' lang='lat' dir='ltr'><strong>interpretatur,</strong></span> <span class='ocrx_word' id='word_1_719' title='bbox 3518 4618 3618 4672; x_wconf 78' lang='lat' dir='ltr'><strong>No-</strong></span> 
     </span>
    </p>
   </div>
   <div class='ocr_carea' id='block_1_105' title="bbox 2029 4711 3619 4773">
    <p class='ocr_par' dir='ltr' id='par_1_105' title="bbox 2029 4711 3619 4773">
     <span class='ocr_line' id='line_1_105' title="bbox 2029 4711 3619 4773; baseline -0.005 -1"><span class='ocrx_word' id='word_1_720' title='bbox 2029 4719 2236 4773; x_wconf 82' lang='lat' dir='ltr'><strong>biscum</strong></span> <span class='ocrx_word' id='word_1_721' title='bbox 2270 4716 2411 4771; x_wconf 86' lang='lat' dir='ltr'><strong>Deus</strong></span> <span class='ocrx_word' id='word_1_722' title='bbox 2435 4715 2502 4770; x_wconf 72' lang='grc'><strong>⁸⁸.</strong></span> <span class='ocrx_word' id='word_1_723' title='bbox 2536 4733 2553 4768; x_wconf 75' lang='grc' dir='ltr'><strong>ι</strong></span> <span class='ocrx_word' id='word_1_724' title='bbox 2590 4714 2666 4768; x_wconf 90' lang='lat' dir='ltr'><strong>lta</strong></span> <span class='ocrx_word' id='word_1_725' title='bbox 2702 4715 2846 4768; x_wconf 82' lang='lat' dir='ltr'><strong>enim</strong></span> <span class='ocrx_word' id='word_1_726' title='bbox 2877 4711 3165 4768; x_wconf 78' lang='lat' dir='ltr'><strong>manifeste</strong></span> <span class='ocrx_word' id='word_1_727' title='bbox 3195 4712 3335 4768; x_wconf 90' lang='lat' dir='ltr'><strong>Deus</strong></span> <span class='ocrx_word' id='word_1_728' title='bbox 3362 4728 3426 4770; x_wconf 87' lang='lat' dir='ltr'><strong>ac</strong></span> <span class='ocrx_word' id='word_1_729' title='bbox 3457 4711 3619 4766; x_wconf 83' lang='lat' dir='ltr'><strong>Pater</strong></span> 
     </span>
    </p>
   </div>
   <div class='ocr_carea' id='block_1_106' title="bbox 2029 4804 3616 4880">
    <p class='ocr_par' dir='ltr' id='par_1_106' title="bbox 2029 4804 3616 4880">
     <span class='ocr_line' id='line_1_106' title="bbox 2029 4804 3616 4880; baseline -0.005 -14"><span class='ocrx_word' id='word_1_730' title='bbox 2029 4826 2126 4880; x_wconf 91' lang='lat' dir='ltr'><strong>per</strong></span> <span class='ocrx_word' id='word_1_731' title='bbox 2162 4824 2348 4865; x_wconf 82' lang='lat' dir='ltr'><strong>vocem</strong></span> <span class='ocrx_word' id='word_1_732' title='bbox 2380 4807 2765 4879; x_wconf 77' lang='lat' dir='ltr'><strong>prophetarum</strong></span> <span class='ocrx_word' id='word_1_733' title='bbox 2812 4804 3104 4860; x_wconf 72' lang='lat' dir='ltr'><strong>alﬁrmavit</strong></span> <span class='ocrx_word' id='word_1_734' title='bbox 3137 4815 3391 4874; x_wconf 87' lang='lat' dir='ltr'><strong>oportere</strong></span> <span class='ocrx_word' id='word_1_735' title='bbox 3434 4806 3616 4860; x_wconf 86' lang='lat' dir='ltr'><strong>vocari</strong></span> 
     </span>
    </p>
   </div>
   <div class='ocr_carea' id='block_1_107' title="bbox 2030 4894 3620 4970">
    <p class='ocr_par' dir='ltr' id='par_1_107' title="bbox 2030 4894 3620 4970">
     <span class='ocr_line' id='line_1_107' title="bbox 2030 4894 3620 4970; baseline -0.001 -16"><span class='ocrx_word' id='word_1_736' title='bbox 2030 4914 2155 4954; x_wconf 80' lang='lat' dir='ltr'><strong>eum</strong></span> <span class='ocrx_word' id='word_1_737' title='bbox 2186 4901 2276 4970; x_wconf 88' lang='lat' dir='ltr'><strong>qui</strong></span> <span class='ocrx_word' id='word_1_738' title='bbox 2313 4915 2376 4954; x_wconf 79' lang='lat' dir='ltr'><strong>ex</strong></span> <span class='ocrx_word' id='word_1_739' title='bbox 2407 4907 2598 4953; x_wconf 82' lang='lat' dir='ltr'><strong>sancta</strong></span> <span class='ocrx_word' id='word_1_740' title='bbox 2621 4894 2846 4966; x_wconf 81' lang='lat' dir='ltr'><strong>Virgine</strong></span> <span class='ocrx_word' id='word_1_741' title='bbox 2871 4894 3173 4952; x_wconf 86' lang='lat' dir='ltr'><strong>secundum</strong></span> <span class='ocrx_word' id='word_1_742' title='bbox 3201 4910 3429 4952; x_wconf 89' lang='lat' dir='ltr'><strong>carnem</strong></span> <span class='ocrx_word' id='word_1_743' title='bbox 3460 4905 3620 4952; x_wconf 78' lang='lat' dir='ltr'><strong>natus</strong></span> 
     </span>
    </p>
   </div>
   <div class='ocr_carea' id='block_1_108' title="bbox 2033 4990 2878 5058">
    <p class='ocr_par' dir='ltr' id='par_1_108' title="bbox 2033 4990 2878 5058">
     <span class='ocr_line' id='line_1_108' title="bbox 2033 4990 2878 5058; baseline -0.006 -12"><span class='ocrx_word' id='word_1_744' title='bbox 2033 5001 2196 5058; x_wconf 77' lang='lat' dir='ltr'><strong>esset,</strong></span> <span class='ocrx_word' id='word_1_745' title='bbox 2228 5003 2286 5046; x_wconf 78' lang='lat' dir='ltr'><strong>ut</strong></span> <span class='ocrx_word' id='word_1_746' title='bbox 2316 4991 2486 5045; x_wconf 81' lang='lat' dir='ltr'><strong>Deum</strong></span> <span class='ocrx_word' id='word_1_747' title='bbox 2513 4990 2878 5044; x_wconf 79' lang='lat' dir='ltr'><strong>incarnatutn.</strong></span> 
     </span>
    </p>
   </div>
   <div class='ocr_carea' id='block_1_109' title="bbox 2104 5169 3617 5242">
    <p class='ocr_par' dir='ltr' id='par_1_109' title="bbox 2104 5169 3617 5242">
     <span class='ocr_line' id='line_1_109' title="bbox 2104 5169 3617 5242; baseline -0.003 -15"><span class='ocrx_word' id='word_1_748' title='bbox 2104 5173 2164 5230; x_wconf 82' lang='grc' dir='ltr'>Β.</span> <span class='ocrx_word' id='word_1_749' title='bbox 2205 5173 2364 5242; x_wconf 78' lang='lat' dir='ltr'><strong>Atqui</strong></span> <span class='ocrx_word' id='word_1_750' title='bbox 2391 5171 2496 5227; x_wconf 86' lang='lat' dir='ltr'><strong>illis</strong></span> <span class='ocrx_word' id='word_1_751' title='bbox 2529 5186 2618 5226; x_wconf 91' lang='lat' dir='ltr'><strong>res</strong></span> <span class='ocrx_word' id='word_1_752' title='bbox 2652 5184 2759 5226; x_wconf 87' lang='lat' dir='ltr'><strong>nou</strong></span> <span class='ocrx_word' id='word_1_753' title='bbox 2791 5173 2866 5226; x_wconf 85' lang='lat' dir='ltr'><strong>ita</strong></span> <span class='ocrx_word' id='word_1_754' title='bbox 2899 5185 2959 5228; x_wconf 89' lang='lat' dir='ltr'><strong>se</strong></span> <span class='ocrx_word' id='word_1_755' title='bbox 2993 5169 3196 5227; x_wconf 85' lang='lat' dir='ltr'><strong>habere</strong></span> <span class='ocrx_word' id='word_1_756' title='bbox 3225 5169 3438 5224; x_wconf 86' lang='lat' dir='ltr'><strong>videtur</strong></span> <span class='ocrx_word' id='word_1_757' title='bbox 3467 5186 3480 5223; x_wconf 89' lang='lat'><strong>:</strong></span> <span class='ocrx_word' id='word_1_758' title='bbox 3515 5184 3617 5224; x_wconf 92' lang='lat' dir='ltr'><strong>no-</strong></span> 
     </span>
    </p>
   </div>
   <div class='ocr_carea' id='block_1_110' title="bbox 2029 5262 3618 5323">
    <p class='ocr_par' dir='ltr' id='par_1_110' title="bbox 2029 5262 3618 5323">
     <span class='ocr_line' id='line_1_110' title="bbox 2029 5262 3618 5323; baseline -0.005 0"><span class='ocrx_word' id='word_1_759' title='bbox 2029 5269 2240 5323; x_wconf 83' lang='lat' dir='ltr'><strong>biscum</strong></span> <span class='ocrx_word' id='word_1_760' title='bbox 2287 5279 2414 5320; x_wconf 86' lang='lat' dir='ltr'><strong>vero</strong></span> <span class='ocrx_word' id='word_1_761' title='bbox 2467 5266 2667 5320; x_wconf 77' lang='lat' dir='ltr'><strong>factum</strong></span> <span class='ocrx_word' id='word_1_762' title='bbox 2717 5279 2838 5321; x_wconf 85' lang='lat' dir='ltr'><strong>esse</strong></span> <span class='ocrx_word' id='word_1_763' title='bbox 2896 5265 3088 5320; x_wconf 79' lang='lat' dir='ltr'><strong>Deum</strong></span> <span class='ocrx_word' id='word_1_764' title='bbox 3119 5264 3456 5317; x_wconf 80' lang='lat' dir='ltr'><strong>contendunt</strong></span> <span class='ocrx_word' id='word_1_765' title='bbox 3502 5262 3618 5317; x_wconf 77' lang='lat' dir='ltr'><strong>sive</strong></span> 
     </span>
    </p>
   </div>
   <div class='ocr_carea' id='block_1_111' title="bbox 2036 5352 3617 5423">
    <p class='ocr_par' dir='ltr' id='par_1_111' title="bbox 2036 5352 3617 5423">
     <span class='ocr_line' id='line_1_111' title="bbox 2036 5352 3617 5423; baseline -0.003 -10"><span class='ocrx_word' id='word_1_766' title='bbox 2036 5358 2268 5414; x_wconf 75' lang='lat' dir='ltr'><strong>Verbum</strong></span> <span class='ocrx_word' id='word_1_767' title='bbox 2306 5370 2372 5413; x_wconf 81' lang='lat' dir='ltr'><strong>ex</strong></span> <span class='ocrx_word' id='word_1_768' title='bbox 2407 5357 2535 5423; x_wconf 87' lang='lat' dir='ltr'><strong>Deo,</strong></span> <span class='ocrx_word' id='word_1_769' title='bbox 2579 5355 2792 5411; x_wconf 88' lang='lat' dir='ltr'><strong>ratione</strong></span> <span class='ocrx_word' id='word_1_770' title='bbox 2815 5352 3310 5412; x_wconf 53' lang='lat' dir='ltr'><strong>auxilii.&#39;Salvavit</strong></span> <span class='ocrx_word' id='word_1_771' title='bbox 3339 5356 3484 5409; x_wconf 90' lang='lat' dir='ltr'><strong>enim</strong></span> <span class='ocrx_word' id='word_1_772' title='bbox 3526 5370 3617 5409; x_wconf 49' lang='lat' dir='ltr'><strong>or-</strong></span> 
     </span>
    </p>
   </div>
   <div class='ocr_carea' id='block_1_112' title="bbox 2028 5448 3616 5520">
    <p class='ocr_par' dir='ltr' id='par_1_112' title="bbox 2028 5448 3616 5520">
     <span class='ocr_line' id='line_1_112' title="bbox 2028 5448 3616 5520; baseline -0.003 -12"><span class='ocrx_word' id='word_1_773' title='bbox 2028 5453 2150 5508; x_wconf 84' lang='lat' dir='ltr'><strong>bern</strong></span> <span class='ocrx_word' id='word_1_774' title='bbox 2192 5462 2464 5507; x_wconf 74' lang='lat' dir='ltr'><strong>terrarum</strong></span> <span class='ocrx_word' id='word_1_775' title='bbox 2497 5465 2593 5520; x_wconf 91' lang='lat' dir='ltr'><strong>per</strong></span> <span class='ocrx_word' id='word_1_776' title='bbox 2626 5465 2751 5504; x_wconf 89' lang='lat' dir='ltr'><strong>cum</strong></span> <span class='ocrx_word' id='word_1_777' title='bbox 2795 5449 2885 5518; x_wconf 90' lang='lat' dir='ltr'><strong>qui</strong></span> <span class='ocrx_word' id='word_1_778' title='bbox 2932 5464 3000 5504; x_wconf 78' lang='lat' dir='ltr'><strong>ex</strong></span> <span class='ocrx_word' id='word_1_779' title='bbox 3033 5448 3260 5504; x_wconf 78' lang='lat' dir='ltr'><strong>muliere</strong></span> <span class='ocrx_word' id='word_1_780' title='bbox 3318 5456 3479 5504; x_wconf 81' lang='lat' dir='ltr'><strong>natus</strong></span> <span class='ocrx_word' id='word_1_781' title='bbox 3510 5460 3616 5504; x_wconf 89' lang='lat' dir='ltr'><strong>est.</strong></span> 
     </span>
    </p>
   </div>
   <div class='ocr_carea' id='block_1_113' title="bbox 2098 5628 3626 5702">
    <p class='ocr_par' dir='ltr' id='par_1_113' title="bbox 2098 5628 3626 5702">
     <span class='ocr_line' id='line_1_113' title="bbox 2098 5628 3626 5702; baseline -0.008 -9"><span class='ocrx_word' id='word_1_782' title='bbox 2098 5638 2164 5693; x_wconf 68' lang='grc' dir='ltr'><strong>Α.</strong></span> <span class='ocrx_word' id='word_1_783' title='bbox 2207 5637 2384 5702; x_wconf 83' lang='lat' dir='ltr'><strong>Anne,</strong></span> <span class='ocrx_word' id='word_1_784' title='bbox 2432 5635 2684 5702; x_wconf 87' lang='lat' dir='ltr'><strong>obsecro,</strong></span> <span class='ocrx_word' id='word_1_785' title='bbox 2733 5640 2788 5688; x_wconf 91' lang='lat' dir='ltr'><strong>et</strong></span> <span class='ocrx_word' id='word_1_786' title='bbox 2819 5645 2943 5687; x_wconf 88' lang='lat' dir='ltr'><strong>cum</strong></span> <span class='ocrx_word' id='word_1_787' title='bbox 2993 5628 3176 5700; x_wconf 72' lang='lat' dir='ltr'><strong>Moyse</strong></span> <span class='ocrx_word' id='word_1_788' title='bbox 3218 5637 3330 5686; x_wconf 88' lang='lat' dir='ltr'><strong>erat</strong></span> <span class='ocrx_word' id='word_1_789' title='bbox 3357 5667 3371 5695; x_wconf 90' lang='lat'><strong>,</strong></span> <span class='ocrx_word' id='word_1_790' title='bbox 3407 5643 3436 5684; x_wconf 94' lang='lat' dir='ltr'><strong>e</strong></span> <span class='ocrx_word' id='word_1_791' title='bbox 3470 5637 3626 5683; x_wconf 76' lang='lat' dir='ltr'><strong>terra</strong></span> 
     </span>
    </p>
   </div>
   <div class='ocr_carea' id='block_1_114' title="bbox 3226 5908 3306 5971">
    <p class='ocr_par' dir='ltr' id='par_1_114' title="bbox 3226 5908 3306 5971">
     <span class='ocr_line' id='line_1_114' title="bbox 3226 5908 3306 5971; baseline 0.025 -2"><span class='ocrx_word' id='word_1_792' title='bbox 3226 5908 3306 5971; x_wconf 74' lang='grc'><strong>40</strong></span> 
     </span>
    </p>
   </div>
  </div>
