4050 6450
447 363 580 419 1259

1435 371 1492 425 S.
1532 372 1810 430 CYRIILI
1849 375 2324 433 ALEXANDRINI
2363 379 2685 437 ARCHIEP.

3580 390 3602 443 1
3614 389 3719 445 260

440 479 822 552 Aﬂgyptiorum
873 485 1039 556 717
1072 493 1126 539 et
1159 485 1423 541 servitute
1449 503 1553 557 qua
1583 491 1779 546 Ibidem
1815 507 2001 561 preme

2134 492 2454 563 Αἰγυπτίων
2500 496 2684 567 χώρας
2719 498 2812 550 καὶ
2841 497 2938 568 τῆς
2967 496 3155 552 αὐτόοι
3200 498 3516 568 πλεονεξίας
3540 501 3718 553 ἀπαλ-

440 575 638 629 bantur
669 576 938 634 lsraclitas
980 579 1219 635 liberans
1249 581 1299 634 in
1336 596 1497 635 manu
1542 580 1665 636 forti
1712 594 1766 637 et
1798 576 2022 641 brachio

439 667 698 733 excelso,
770 670 910 725 sicut
961 672 1221 739 scriptum
1274 672 1634 729 csl“?anne
1682 690 1811 732 vero
1855 678 2020 732 etiam

437 761 696 827 deinceps
712 758 892 815 Jesum
921 760 1209 817 manifeste
1233 763 1502 819 dicentem
1529 767 1892 835 reperiemus:
1923 769 2022 824 «Et

434 850 579 903 sicut
599 864 747 905 eram
777 865 898 905 cum
929 851 1131 923 Moyse,
1157 853 1230 909 ita
1255 868 1349 910 ero
1385 856 1548 911 etiam
1575 856 1860 914 vobiscum
1878 858 2012 912 “"li

414 1018 420 1025 ,
507 958 568 1013 Β.
611 958 869 1015 Omnino.

406 1080 421 1123 τ
504 1053 570 1108 A.
610 1050 783 1118 Quam
815 1052 979 1120 igitur
1004 1052 1074 1109 ob
1104 1068 1325 1108 causam
1359 1070 1518 1111 nemo
1551 1058 1766 1125 quidem
1802 1059 2016 1117 illorum

402 1159 406 1165 '
434 1139 754 1196 Emmanuel
782 1151 1008 1198 vocatus
1036 1152 1140 1207 est,
1169 1145 1262 1199 sed
1295 1143 1369 1199 illi
1396 1146 1495 1199 soli
1532 1146 1631 1201 hoc
1659 1162 1853 1203 nomen
1887 1166 2017 1205 con-

435 1232 577 1285 venit
608 1232 701 1299 qui
736 1231 1050 1287 novissimis
1093 1232 1274 1287 saeculi
1308 1236 1647 1304 temporibus
1693 1252 1758 1291 ex
1792 1239 2018 1295 muliere

432 1323 727 1376 secundum
754 1335 975 1376 carnem
1011 1332 1173 1379 natus
1200 1325 1319 1379 est?

502 1413 568 1467 Β.
611 1414 857 1481 Quonam
894 1416 1054 1469 modo
1081 1415 1264 1485 itaque
1297 1418 1638 1474 censebimus
1669 1418 1871 1474 factum
1896 1434 2017 1477 esse

435 1501 602 1557 Deum
640 1516 707 1556 ex
753 1501 1023 1556 muliere?
1048 1502 1128 1556 An
1154 1513 1411 1572 tanquam
1448 1507 1767 1561 substantiae
1805 1523 1925 1576 qua:
1950 1510 2013 1577 in

430 1596 547 1663 ipsa
584 1600 639 1647 et
667 1607 732 1646 ex
773 1592 883 1660 ipsa
912 1598 995 1645 est
1017 1592 1289 1661 particeps
1323 1592 1523 1648 factum
1551 1593 1714 1649 fuerit
1744 1594 2016 1651 Verbum?

498 1688 565 1741 A.
603 1684 761 1740 Absit
793 1693 851 1739 ut
881 1684 1017 1739 adeo
1057 1698 1248 1738 vanam
1278 1695 1444 1754 atque
1471 1686 1759 1741 absurdam
1803 1688 2014 1757 opinio-

430 1790 553 1832 nem
605 1776 788 1830 animo
843 1772 1235 1842 concipiamus.
1291 1773 1592 1828 Erroneum
1638 1775 1783 1830 enim
1823 1776 2011 1845 fuerit,

2125 585 2334 641 λάττων
2363 586 2454 641 τὸν
2487 589 2722 659 Ἰσραὴλ,
2765 592 2823 645 ὲν
2860 591 3006 661 χειρὶ
3047 593 3283 662 κραταιᾷ
3322 592 3418 645 καὶ
3466 593 3526 646 ἐν
3577 591 3716 662 βρα-

2122 676 2261 746 χίονι
2308 676 2525 748 ὑψηλῷ,
2581 679 2724 733 καθὰ
2761 678 3120 753 γέγραπται;
3170 679 3293 752 οὺχϊ
3334 681 3393 734 δὲ
3437 682 3534 733 καὶ⁸
3575 679 3721 749 μετὰ

2102 765 2310 832 ·ταῦτα,
2359 769 2567 838 Ἰησοῦν
2599 770 2827 838 λέγοντα
2857 770 3047 839 σαφῶς
3074 771 3401 843 εὑρήσομεν,
3443 790 3462 823 ι
3496 770 3610 824 Kal
3636 768 3717 837 rb;

2121 856 2272 929 ήμην
2309 860 2450 928 μετὰ
2478 860 2672 930 Μωσῆ,
2706 860 2880 925 οὑτως
2906 860 3103 931 ἔσομαι
3130 863 3224 916 καὶ
3257 862 3396 931 μετὰ
3427 860 3520 914 σοῦ
3542 878 3558 927 ;
3584 878 3602 912 ι

2191 949 2254 1003 Β.
2295 950 2542 1021 ’Λληθές.

2190 1039 2254 1092 Α.
2288 1039 2435 1110 ’Λρα
2473 1039 2538 1111 δὴ
2585 1035 2696 1105 οὖν,
2738 1042 2912 1105 οὐδεὶς
2953 1041 3053 1112 μὲν
3097 1041 3318 1095 ἐκείνων
3365 1038 3716 1112 Ἐμμανουὴλ

2118 1129 2455 1200 ὠνόμασται,
2480 1133 2689 1202 ἥρμοσε
2714 1133 2772 1186 δὲ
2800 1133 2946 1205 μόνῳ
2974 1131 3233 1204 τοῦνομα,
3260 1132 3339 1203 τῷ
3367 1133 3509 1187 κατὰ
3534 1132 3715 1203 σάρκα

2118 1221 2184 1274 ἐκ
2221 1223 2480 1290 γυναικός
2514 1226 2572 1276 ἐν
2608 1226 2856 1295 ἐσχάτοις
2889 1225 2985 1280 τοῦ
3028 1226 3224 1288 αἰῶνος
3275 1227 3490 1297 καιροῖς
3530 1239 3713 1296 παρα-

2125 1313 2293 1381 δόξως
2332 1315 2716 1387 γεγεννημένῳ
2739 1334 2754 1382 ;

2189 1405 2251 1462 Β.
2287 1407 2603 1478 Οἰησόμεθα
2621 1408 2690 1480 δὴ
2705 1407 2799 1464 οὖν
2823 1410 2946 1464 τινα
2972 1410 3174 1481 τρόπον
3196 1408 3559 1479 γεγεννῆσθαι
3575 1405 3715 1463 Θεὸν

2117 1498 2183 1552 ἐκ
2220 1500 2498 1567 γυναικὸς,
2533 1495 2620 1570 ἆρ’
2649 1501 2724 1565 ὼς
2762 1503 2859 1572 τῆς
2892 1500 3179 1573 ὑπάρξεως
3228 1502 3327 1569 τῆς
3373 1502 3434 1553 ἐν
3465 1499 3602 1570 αὐτῇ
3648 1514 3711 1552 τε

2117 1589 2212 1641 καὶ
2242 1588 2300 1656 ἐξ
2331 1590 2504 1660 αὐτῆς
2537 1592 2937 1662 μετεσχηκότος
2962 1591 3058 1645 τοῦ
3090 1592 3298 1662 Λόγους

2185 1679 2251 1730 Α.
2288 1679 2504 1747 ’Λπαγε
2535 1680 2634 1748 τῆς
2672 1679 2815 1734 οὕτω
2836 1682 3050 1753 ψυχρᾶς
3075 1680 3492 1744 εἰκαιοϐουλίας.
3524 1680 3714 1750 Παραι-

2116 1767 2371 1832 παίοντος
2403 1769 2512 1841 γὰρ
2546 1771 2595 1823 οἱ
2634 1770 2820 1840 λόγοι,
2868 1773 2963 1826 καὶ
2995 1772 3089 1827 νοῦ
3123 1772 3617 1844 κατηρρωσηκύτος
3648 1771 3710 1824 τὸ

429 1867 737 1935 mentisque
762 1864 921 1934 plane
955 1877 985 1917 a
1009 1878 1143 1918 vero
1166 1876 1397 1929 aversae,
1427 1864 1741 1921 existimare
1769 1865 2001 1922 inell'abi-

2117 1858 2200 1926 ἐφ’
2239 1857 2276 1912 ἃ
2312 1859 2388 1931 μὴ
2438 1861 2717 1932 προσῆκεν
2759 1862 3225 1934 ἐκτετραμμένον,
3268 1863 3331 1916 τὸ
3365 1862 3570 1933 σαρκὸς
3598 1861 3708 1915 οἴε-

426 1960 534 2014 lem
568 1956 840 2028 Unigeniti
867 1955 1161 2011 essentiam
1187 1956 1369 2012 carnis
1431 1955 1668 2012 fructum
1699 1958 1815 2014 sive
1847 1959 2013 2016 fetum

425 2065 566 2106 esse.
595 2048 866 2103 Caeterum
908 2057 1049 2114 erat,
1089 2058 1147 2101 ut
1196 2048 1363 2113 Dcus,
1390 2059 1694 2105 coaeternus
1739 2050 1885 2105 Patri
1920 2053 2012 2120 qui

426 2143 600 2213 ipsum
630 2141 834 2212 genuit,
874 2146 929 2193 et
956 2153 1020 2194 ex
1061 2140 1178 2207 ipso
1202 2139 1502 2194 secundum
1542 2151 1790 2195 naturain
1818 2143 2010 2198 inell‘a-

424 2234 519 2291 bili
577 2236 737 2288 modo
785 2232 1001 2303 genitus
1053 2240 1157 2285 est.
1215 2228 1532 2287 Veientibus
1591 2244 1769 2289 autem
1826 2246 2011 2306 aperte

424 2340 756 2398 cognoscere
816 2323 1086 2393 quomodo
1117 2334 1169 2376 et
1196 2337 1301 2390 qua
1342 2323 1552 2378 ratione
1587 2324 1637 2377 in
1669 2336 1851 2380 nostra
1883 2342 2009 2396 spe.

422 2421 506 2476 cie
532 2419 849 2489 apparuerit
878 2425 932 2472 et
984 2415 1161 2469 lactus
1200 2417 1273 2469 sit
1302 2417 1485 2482 homo,
1531 2416 1745 2473 divinus
1780 2433 2011 2489 evange-

422 2512 546 2566 lista
595 2509 834 2566 Joannes
878 2507 1141 2572 declarat,
1178 2507 1365 2561 dicens
1396 2524 1409 2559 :
1450 2525 1465 2557 t
1501 2508 1566 2561 Et
1600 2507 1833 2564 Verbum
1880 2527 2008 2567 caro

420 2603 624 2659 factum
666 2609 768 2666 est,
812 2609 866 2656 et
897 2598 1165 2654 habitavit
1206 2599 1258 2652 in
1304 2598 1480 2664 nobis,
1524 2608 1579 2655 et
1622 2601 1857 2657 vidimus
1895 2604 2008 2673 glo-

2118 1949 2242 2005 σθαι
2286 1950 2542 2020 γενέσθαι
2595 1952 2848 2025 καρπὸν,
2896 1953 2996 2025 τὴν
3037 1954 3278 2027 ἄρρητον
3328 1952 3566 2024 ὓπαρξιν
3609 1952 3708 2007 τοῦ

2115 2043 2477 2113 Μονογενοῦς.
2512 2045 2653 2098 Ἀλλ’
2688 2040 2778 2116 ἦν,
2817 2044 2894 2108 ὡς
2923 2045 3078 2111 Θεὸς,
3113 2046 3378 2111 συναῒδιος
3402 2046 3481 2117 τῷ
3508 2047 3708 2118 γεννη-

2116 2152 2271 2189 σαντι
2303 2137 2496 2208 Πατρὶ,
2524 2137 2621 2192 καὶ
2666 2137 2727 2202 ἐξ
2756 2137 2921 2191 αὑτοῦ
2963 2138 3106 2193 κατὰ
3158 2137 3320 2209 φύσιν
3373 2138 3707 2211 ἀπορρήτως
3753 2191 3756 2195 .

2113 2229 2537 2301 γεγεννημένος.
2562 2229 2927 2302 Ἐθέλουσί-γε
2965 2230 3070 2302 μὴν
3091 2231 3289 2285 εἰδέναι
3310 2231 3517 2301 σαφῶς,
3555 2231 3705 2295 ὃπως

2110 2334 2170 2371 τε
2202 2319 2295 2372 καὶ
2332 2319 2452 2373 τινα
2491 2319 2691 2391 τρόπον
2722 2323 2779 2375 ἐν
2814 2321 2949 2374 εῖδει
2994 2321 3203 2390 πέφηνε
3241 2319 3320 2389 τῷ
3351 2320 3474 2375 καθ’
3518 2322 3701 2392 ἡμᾶς,

2112 2410 2208 2464 καὶ
2242 2410 2464 2480 γέγονεν
2501 2411 2818 2482 ἄνθρωπος,
2864 2415 3119 2484 σαφηνιεῖ
3150 2413 3324 2481 λέγων
3351 2415 3381 2467 ό
3413 2412 3703 2476 θεσπέσιος

2110 2503 2502 2576 εὑαγγελιστὴς
2535 2505 2812 2577 Ἰωάννηςο
2847 2525 2864 2557 ι
2892 2507 3008 2559 Καὶ
3029 2507 3058 2558 ό
3087 2506 3259 2575 Λόγος
3288 2505 3431 2579 σὰρξ
3462 2506 3700 2576 ἐγένετο,

2111 2598 2204 2649 καὶ
2243 2597 2553 2668 ἐσκήνωσεν
2588 2598 2645 2651 ἐν
2681 2597 2833 2668 ἡμῖν,
2877 2598 2971 2651 καὶ
3013 2596 3363 2669 ἐθεασάμεθα
3399 2597 3501 2671 τὴν
3542 2598 3701 2665 δόξαν

418 2695 557 2751 riam
608 2693 760 2763 ejus,
813 2690 1039 2763 gloriam
1093 2699 1353 2759 tanquam
1401 2689 1677 2761 Uuigeuiti
1723 2708 1754 2746 a
1808 2693 2001 2757 Patre,

2113 2685 2295 2753 αὑτοῦ,
2325 2687 2481 2754 δόξαν
2512 2689 2588 2753 ὼς
2616 2690 2957 2757 Μονογενοῦς
3000 2690 3154 2762 παρὰ
3191 2690 3434 2762 Πατρὸς,
3485 2689 3702 2763 πλήρης

420 2788 636 2858 plenum
665 2784 854 2856 gratiae
879 2792 934 2838 et
962 2782 1201 2837 veritatis
1226 2781 1292 2836 ⁸³.
1325 2799 1345 2834 ι

2113 2780 2332 2852 χάριτος
2371 2783 2468 2836 καὶ
2500 2782 2782 2853 ἀληθείας.
2818 2803 2835 2835 ι

491 2876 556 2933 B.
597 2878 670 2932 At
696 2877 739 2931 si
771 2874 1030 2940 Verbum,
1067 2874 1339 2944 inquiunt,
1375 2873 1576 2929 factum
1611 2887 1694 2932 cst
1718 2892 1865 2942 caro,
1891 2879 2001 2948 jam

2178 2874 2239 2926 B.
2287 2873 2428 2927 Ἀλλ’
2453 2876 2503 2927 εἰ
2539 2875 2753 2944 γέγονε,
2793 2878 2957 2945 φασὶ,
3000 2874 3171 2947 σὰρξ,
3204 2879 3233 2930 ὁ
3263 2879 3457 2944 Λόγος,
3484 2878 3584 2931 οὐκ
3617 2876 3699 2931 ἔτι

418 2984 527 3025 non
566 2968 797 3038 amplius
827 2962 1319 3033 mansit,Verbum,
1355 2967 1448 3020 sed
1476 2967 1657 3036 potius
1698 2968 1858 3024 desiit
1883 2985 2001 3026 esse

2113 2964 2389 3035 μεμένηκε
2422 2967 2615 3035 Λόγος,
2647 2966 3059 3038 ἀποπεφθίτηκε
3096 2967 3154 3022 δὲ
3189 2967 3391 3039 μᾶλλον
3419 2968 3513 3023 τοῦ
3558 2965 3700 3024 εἶναι

418 3061 471 3117 id
501 3059 644 3131 quod
670 3067 811 3113 erat.
1101 3083 1109 3091 -

2113 3058 2134 3110 ι
2163 3054 2252 3130 ἦν.

487 3154 555 3208 Α.
593 3151 755 3222 Atqui
792 3151 895 3206 boc
934 3163 1141 3205 merum
1185 3148 1435 3204 delirium
1485 3159 1540 3205 et
1577 3150 1848 3207 dementia
1895 3162 1999 3219 est,

2177 3151 2241 3201 A.
2281 3150 2391 3203 Kal
2428 3150 2534 3220 μὴν
2586 3149 2745 3203 τοῦτό
2798 3150 2863 3220 γέ
2918 3152 3036 3204 ἐστι
3079 3151 3337 3224 τερθρεὶα
3383 3156 3476 3206 καὶ
3507 3151 3696 3223 λῆρος,

418 3246 662 3316 nihilque
690 3243 837 3298 aliud
864 3256 1024 3312 quam
1068 3242 1268 3310 mentis
1298 3250 1489 3297 emotae
1516 3243 1830 3298 ludibrium.
1860 3246 2001 3301 Cen-

2113 3241 2206 3295 καὶ
2261 3241 2617 3312 ἐξεστηκότος
2658 3242 2939 3314 εὑρέματα
2980 3243 3096 3308 νοῦ,
3144 3244 3240 3297 καὶ
3284 3242 3473 3315 ἕτερον
3515 3243 3698 3301 οὐδέν.

416 3348 537 3394 sent
566 3336 734 3400 enim,
766 3344 825 3388 ut
855 3333 1087 3399 videtur,
1112 3346 1208 3402 per
1236 3333 1340 3387 boc
1376 3351 1394 3384 ι
1415 3332 1614 3389 factum
1652 3346 1786 3401 est,»
1808 3351 2001 3392 neces-

2113 3335 2327 3389 Οἴονται
2357 3335 2488 3407 γὰρ,
2519 3335 2594 3400 ὡς
2633 3335 2830 3404 ἔοικεν,
2857 3337 2933 3401 ὠς
2950 3336 3009 3401 ἐξ
3024 3336 3269 3405 ἀφύκτου
3303 3352 3365 3389 τε
3394 3335 3490 3391 καὶ
3522 3337 3698 3407 ἀναγ-

413 3429 561 3486 saria
601 3427 833 3497 quadam
875 3424 1091 3480 ratione
1124 3426 1476 3479 mutationem
1513 3425 2001 3498 alterationcnique

2113 3426 2264 3481 καὶου
2295 3427 2478 3497 λόγου,
2518 3428 2728 3500 τροπῆς
2768 3446 2829 3483 τε
2870 3430 2967 3483 καὶ
2994 3428 3335 3493 ἀλλοιώσεως
3361 3428 3699 3500 σημαντικὸν

413 3521 659 3592 signiﬁca
669 3521 733 3577 ri.

487 3616 546 3671 Β.
590 3615 667 3670 Ita
701 3614 805 3671 sibi
844 3610 1172 3682 persuadent
1204 3618 1257 3665 et
1296 3610 1607 3680 Opinionem
1640 3626 1794 3665 suam
1826 3626 1999 3667 sacra:

413 3708 712 3779 Scriptura:
744 3706 1072 3762 auctoritate
1106 3703 1411 3759 stabiliunt.
1454 3704 1667 3757 Dictum
1695 3704 1865 3759 enimx
1890 3715 1996 3772 est,

413 3804 686 3874 inquiunt,
740 3798 869 3853 alibi
911 3799 977 3852 de
1025 3811 1195 3852 uxore
1236 3795 1357 3863 Lot,
1408 3796 1550 3865 quod
1588 3794 1726 3850 facta
1780 3798 1851 3851 sit
1900 3812 1995 3853 co-

410 3897 598 3951 lumna
624 3892 755 3948 salis
777 3891 858 3959 “;
884 3890 1022 3946 etde
1052 3891 1201 3960 virga
1225 3887 1419 3958 Moysi,
1454 3888 1595 3957 quod
1623 3889 1847 3960 projecit
1871 3904 1993 3946 eam

410 3993 464 4045 in
495 3998 719 4051 terram,
749 3996 803 4038 et
833 3982 975 4038 facta
1004 3990 1089 4037 est
1116 3993 1341 4050 serpens
1363 3979 1431 4034 ".
1460 3978 1735 4036 Naturalis
1758 3984 1903 4036 enim
1937 3982 1991 4039 in

410 4083 560 4137 hisce
591 4078 816 4133 mutatio
849 4074 989 4130 l'acta
1020 4082 1123 4130 est.

481 4180 550 4229 Α.
590 4171 735 4243 Ergo
787 4184 908 4224 cum
961 4167 1197 4238 psallunt
1232 4165 1451 4235 quidam
1489 4183 1503 4220 :
1536 4184 1556 4218 ι
1586 4166 1652 4221 Et
1688 4166 1860 4223 lactus
1910 4176 1993 4223 est

409 4266 543 4323 mihi
585 4265 846 4320 Dominus
892 4260 947 4316 in
996 4256 1333 4330 refugium“
1362 4273 1377 4323 ;
1410 4278 1429 4311 ι
1464 4267 1520 4313 et
1555 4274 1785 4314 rursus:
1838 4276 1858 4310 ι
1889 4259 1990 4314 Do-

314 4358 317 4365 ’
408 4360 579 4424 mine,
614 4354 885 4426 refugium
926 4352 1103 4407 lactus
1149 4365 1210 4406 es
1263 4349 1419 4405 nobis
1465 4351 1520 4403 in
1551 4350 1900 4420 generatione
1937 4357 1993 4403 et

406 4447 760 4521 generatione
778 4445 845 4511 ⁸⁷,
884 4461 906 4496 ι
934 4442 1063 4513 quid
1096 4440 1540 4513 respondebunt?
1564 4455 1705 4495 anne
1728 4438 1872 4495 Deus
1896 4441 1987 4510 qui

2107 3516 2247 3574 εἶναι
2277 3520 2357 3584 τὺ,
2393 3541 2412 3574 ι
2453 3523 2691 3590 ἐγένετο.
2731 3541 2751 3574 ι

2177 3610 2220 3662 Β
2273 3611 2401 3679 Nal,
2433 3612 2588 3681 φασὶ,
2618 3613 2713 3667 καὶ
2743 3613 2807 3685 δὴ
2843 3613 2935 3667 τὸν
2965 3615 3164 3668 οἰκεῖον
3194 3615 3489 3686 ἐμπεδοῦσι
3511 3616 3693 3686 λόγον,

2106 3702 2164 3768 ἐξ
2195 3702 2366 3773 αὐτῆς
2399 3702 2611 3767 ἑλόντες
2642 3704 2742 3775 τῆς
2788 3704 3147 3758 θεοπνεύστου
3190 3706 3434 3777 Γραφῆς.
3464 3707 3696 3778 Εἴρηται

2104 3794 2215 3864 γάρ
2247 3811 2376 3858 που,
2409 3796 2594 3865 φασὶν,
2623 3796 2716 3850 ἐπὶ
2749 3796 2849 3867 μὲν
2879 3797 2980 3866 τῆς
3012 3797 3106 3852 τοῦ
3136 3797 3259 3852 Λὼτ
3292 3800 3575 3869 γυναικὸς,
3609 3802 3694 3854 ὅτι

2103 3887 2320 3955 ἐγένετο
2359 3888 2528 3960 στήλη
2564 3888 2711 3953 ἁλός.
2753 3890 2864 3945 Kal
2905 3891 3011 3962 μὴν
3055 3892 3150 3945 καὶ
3188 3892 3280 3945 ἐπὶ
3311 3880 3410 3963 τῆς
3443 3894 3692 3959 Μωσέως

2103 3978 2324 4050 ῥάϐδου,
2350 3981 2431 4033 ὅτι
2461 3980 2686 4053 ἔρριψεν
2725 3982 2897 4054 αὐτὴν
2926 3984 3019 4037 ἐπὶ
3043 3984 3144 4054 τὴν
3173 3985 3297 4055 γῆν,
3330 3985 3425 4040 καὶ
3465 3985 3690 4055 ἐγένετο

2100 4069 2244 4138 ὄφις.
2272 4070 2479 4140 Φυσικὴ
2510 4070 2615 4142 γὰρ
2646 4071 2703 4125 ἐν
2733 4072 2947 4137 τούτοις
2979 4072 3203 4142 γέγονεν
3235 4076 3267 4146 ή
3302 4076 3502 4147 τροπή.

2174 4164 2237 4214 Α.
2270 4161 2499 4227 Οὐκοῦν,
2541 4163 2631 4217 ὅτε
2659 4163 2922 4234 ψάλλουσι
2946 4183 3113 4232 τινες,
3152 4185 3172 4220 ‹
3203 4168 3313 4222 Καὶ
3339 4167 3562 4237 ἐγένετό
3591 4187 3685 4241 μοι

2099 4253 2305 4323 Κύριος
2340 4257 2421 4320 εἰς
2453 4258 2797 4329 καταφυγήψ
2828 4277 2849 4311 υ
2895 4259 2988 4313 καὶ⁵
3018 4260 3200 4325 πάλιν,
3236 4280 3254 4313 ι
3282 4261 3477 4334 Κύριε,
3507 4278 3683 4317 κατα-

2099 4344 2246 4415 φυγὴ
2297 4346 2565 4418 ἐγενήθης
2609 4349 2764 4418 ἡμῖν,
2811 4349 2869 4402 ὲν
2899 4352 3063 4421 γενεᾷ
3109 4351 3204 4404 καὶ
3242 4353 3467 4422 γενεᾷ,»
3511 4353 3565 4406 τι
3615 4354 3685 4426 δὴ

2099 4439 2257 4506 φαῖεν
2282 4437 2347 4491 ἂν
2366 4456 2381 4505 ;
2401 4435 2512 4510 ἆρα
2540 4439 2601 4493 τὸ
2633 4436 2771 4495 εἶναι
2791 4441 2924 4505 Θεὸς
2953 4442 3113 4512 ἀφεὶς
3140 4444 3169 4496 ό
3191 4443 3557 4515 ὑμνούμενος,
3579 4462 3683 4516 μει-

408 4542 497 4597 hic
526 4541 876 4604 decantatur,
909 4534 1164 4590 desinens
1209 4548 1333 4590 esse
1353 4534 1517 4595 Deus,
1552 4538 1791 4587 mutatus
1822 4538 1905 4587 est
1939 4532 1992 4585 in

2113 4526 2483 4599 εακεχὼρηκεν
2530 4530 2595 4583 ἐκ
2636 4530 2941 4603 μεταϐολῆς
2981 4533 3060 4595 εις
3091 4532 3152 4586 τὸ
3185 4528 3326 4586 εἶναι
3362 4535 3681 4606 καταφυγὴ,

405 4632 717 4703 refugium,
769 4638 825 4684 et
881 4626 1181 4682 translatus
1225 4635 1312 4681 est
1354 4621 1676 4678 naturaliter
1741 4621 1795 4676 in
1847 4621 1994 4676 aliud

405 4718 552 4796 quod
580 4722 737 4777 initio
760 4735 867 4775 non
891 4720 1052 4773 erat?
1083 4721 1153 4772 At
1177 4731 1308 4771 vero
1329 4714 1597 4784 quomodo
1627 4728 1732 4767 non
1761 4714 1811 4768 id
1834 4713 1994 4782 plane

405 4817 642 4873 alienum
670 4816 740 4869 sit
779 4827 808 4865 a
833 4810 1000 4882 718
1020 4808 1137 4864 Deo
1165 4805 1497 4862 naturaliter
1518 4802 1853 4858 exsislente?
1882 4802 1991 4857 lm-

404 4905 688 4962 mutabilis
716 4904 862 4961 enim
903 4902 1202 4957 secundum
1242 4904 1491 4949 naturam
1524 4906 1647 4947 eum
1685 4892 1772 4957 sit,
1813 4904 1993 4949 manet

405 4999 650 5071 profecto
679 4997 730 5052 id
760 4995 905 5065 quod
934 5002 1078 5055 erat,
1120 4998 1177 5045 et
1200 4997 1286 5043 est
1316 5000 1553 5055 semper,
1586 4985 1798 5040 tametsi
1835 4986 1985 5043 dica-

406 5105 497 5149 tur
520 5091 699 5146 factus
721 5101 843 5143 esse
876 5082 1170 5152 refugium.

366 5184 376 5269 ί
471 5185 535 5239 Β.
577 5181 794 5254 Optime
823 5184 973 5233 certe
999 5169 1411 5240 rectissimeque
1438 5168 1644 5227 dixisti.

366 5259 373 5290 ‘
470 5282 536 5333 A.
581 5276 717 5332 Cum
752 5272 937 5338 itaque
975 5266 1070 5320 Dei
1100 5264 1304 5319 mentio
1339 5264 1418 5330 lit,
1444 5263 1489 5318 si
1520 5263 1589 5318 ab
1624 5259 1806 5333 aliquo
1831 5262 1979 5319 dica-

400 5373 490 5422 tur
520 5366 674 5430 illud,
714 5361 919 5417 Factus
944 5366 1028 5413 est
1059 5397 1074 5423 ,
1107 5370 1215 5426 quo
1238 5364 1397 5425 pacto
1424 5369 1530 5410 non
1563 5353 1637 5408 sit
1660 5352 1977 5419 absurdum,

400 5467 565 5526 atque
594 5456 731 5510 adeo
768 5451 1121 5507 vehementer
1161 5448 1475 5524 absurdum.
1500 5447 1816 5502 existimare
1855 5461 1976 5499 mu-

402 5551 659 5605 tationem
703 5545 938 5614 aliquam
970 5558 1065 5615 per
1111 5542 1164 5597 id
1198 5540 1516 5612 signiﬁcari,
1552 5548 1607 5595 et
1650 5554 1757 5592 non
1798 5537 1977 5606 potius

401 5640 586 5696 conari
631 5639 683 5695 id
712 5639 815 5694 alia
851 5638 1060 5696 ratione
1105 5636 1430 5706 intelligere,
1465 5632 1868 5702 prudenterque
1907 5631 1975 5686 ad

471 5753 516 5785 δ’
548 5750 702 5807 Deut.
735 5767 791 5815 ν,
824 5752 910 5806 l5.
1003 5751 1072 5784 ⁸³⁸
1094 5748 1210 5806 Jos.
1237 5765 1276 5817 ι,
1302 5749 1358 5804 5.

403 5822 448 5855 δ’
474 5820 614 5881 Psal.
644 5838 864 5891 Luxu,
896 5824 946 5879 l.

2096 4619 2193 4672 καὶ
2225 4619 2458 4693 μετέστη
2489 4622 2735 4692 φυσικῶς
2770 4623 2908 4694 πρὸς
2940 4623 3128 4697 ἕτερόν
3153 4641 3206 4679 τι
3247 4624 3379 4696 παρ’
3412 4627 3547 4698 ὅπερ
3578 4628 3681 4682 οὐκ

2092 4706 2163 4783 ἦν
2188 4711 2248 4765 ἐν
2270 4712 2495 4784 ἀρχαῖς;
2527 4715 2638 4769 Kal
2666 4713 2785 4778 πῶς
2809 4716 2911 4769 οὐκ
2935 4716 3192 4780 ἀπεοικὸς
3220 4718 3314 4771 καὶ
3338 4718 3681 4789 ἀνάρμοστον

2093 4805 2171 4876 τῷ
2200 4822 2263 4875 γε
2292 4807 2407 4862 ὄντι
2436 4807 2579 4862 κατὰ
2617 4806 2779 4878 φύσιν
2807 4807 2926 4879 Θεῷ
2962 4808 3023 4862 τὸ
3056 4808 3250 4880 χρῆμά
3277 4811 3460 4877 ἐστιν;
3485 4812 3682 4881 "Arpi:-

2092 4912 2224 4962 πτος
2270 4899 2379 4970 γὰρ
2408 4896 2484 4953 ὣν
2528 4898 2672 4953 κατὰ
2717 4898 2902 4969 φύσιν,
2950 4899 3103 4971 μένει
3146 4917 3250 4954 που
3287 4900 3505 4965 πάντως
3539 4901 3680 4974 ὅπερ

2091 4983 2184 5060 ἦν,
2214 4990 2308 5043 καὶ
2332 4991 2480 5045 ἐστιν
2510 4991 2619 5057 ἀεὶ,
2645 4991 2750 5047 κᾶν
2778 4993 2828 5045 εἰ
2858 4991 3070 5061 λέγοιτο
3086 4993 3197 5046 τισὶ
3224 4992 3480 5062 γενέσθαι
3507 5011 3682 5048 καταο

2093 5082 2262 5151 φυγή-

2162 5170 2223 5226 Β.
2268 5172 2505 5244 Ἀριστά
2541 5190 2604 5242 γε
2646 5173 2740 5228 καὶ
2770 5173 2915 5244 μάλα
2951 5173 3123 5245 ὀρθῶς
3160 5178 3312 5244 ἔφης.

2158 5266 2226 5317 Α.
2263 5262 2474 5317 Οὐκοῦν
2524 5265 3014 5336 παρενηνεγμένης
3060 5266 3141 5328 εἰς
3189 5266 3354 5337 μέσον
3400 5269 3497 5340 τῆς
3539 5269 3679 5331 Θεοῧ

2089 5354 2343 5426 μνήμης,
2382 5357 2431 5410 εἰ
2465 5356 2571 5410 ὑπό
2612 5374 2706 5410 του
2753 5356 2964 5426 λέγοιτο
2993 5356 3074 5420 τὸ,
3118 5358 3385 5426 Ἐγένετο,
3420 5361 3539 5424 πῶς
3574 5362 3678 5421 οὐκ

2086 5446 2299 5517 ἀμαθὲς
2328 5452 2424 5503 καὶ
2463 5450 2676 5505 ἀνόσιον
2707 5450 2940 5521 κομιδῇ,
2984 5448 3194 5522 τροπὴν
3230 5451 3438 5506 οἴεσθαι
3472 5454 3677 5524 σημαί-

2086 5555 2198 5593 νειν
2229 5539 2381 5608 αὑτὸ,
2421 5542 2515 5594 καὶ
2544 5541 2667 5612 οὐχὶ
2699 5541 2764 5613 δὴ
2800 5541 3001 5612 μᾶλλον
3030 5542 3155 5596 καθ’
3177 5532 3365 5615 ἕτερόν
3396 5560 3519 5597 τινα
3550 5547 3679 5616 τρό-

2087 5645 2188 5684 πον
2219 5631 2512 5702 πειρᾶσθαι
2541 5634 2703 5698 νοεῖν,
2734 5633 2829 5686 καὶ
2864 5632 3217 5705 περιτρέπειν
3261 5632 3552 5704 ἐμφρόνως
3593 5635 3676 5698 εἰς

1457 5745 1504 5778 ⁸³
1524 5744 1681 5800 Joan.
1712 5746 1753 5811 ἰ,
1784 5745 1871 5799 14.
1956 5744 2001 5782 ε⁴⁴

2113 5761 2175 5802 :n.
2209 5763 2322 5816 six,
2351 5746 2440 5804 26.
2541 5748 2588 5781 “
2614 5748 2784 5805 Exod.
2814 5764 2885 5817 tv,
2921 5748 2977 5816 5,
3008 5748 3064 5803 4.
3102 5834 3103 5837 η
3104 5747 3354 5845 1έισυΡειιι.
3388 5762 3542 5806 xcui.
3575 5744 3673 5806 22.

2658 5923 2748 5979 .'l'.
2790 5924 2801 5974 ἶ
2864 5927 2877 5942 '
