4050 6426
397 379 532 434 test
1530 368 1718 441 Qttou
1761 362 1947 430 unbs
1982 363 2089 430 Str
2126 364 2497 434 CHRISTUS.
3520 379 3659 433 iis:

390 493 454 547 τὸ
495 495 579 546 ὃτι
612 484 847 563 μάλιστα
898 488 1105 565 πρέπον
1141 510 1201 546 τε
1250 494 1341 546 καὶ
1376 492 1549 556 ἐοικὸς
1597 494 1673 563 τῷ
1724 493 1978 564 ἀτρέπτῳ

2083 495 2133 549 id
2171 496 2311 564 quod
2358 495 2466 549 Deo
2504 493 2823 550 immutabili
2877 496 3113 551 maxime
3157 494 3413 551 convenit
3444 509 3661 551 accom-

389 584 541 655 Θεῷ;
572 585 696 648 Πῶς
721 585 787 657 δὴ
815 581 908 638 οὖν
935 586 1044 655 ἄρα
1072 584 1151 647 εἰς
1180 585 1362 654 σάρκα
1392 585 1572 654 φαμὲν
1600 583 1855 652 γενέσθαι
1888 583 1978 636 τὸν

2084 586 2342 638 modare?
2399 584 2644 652 Quonam
2693 587 2858 656 igitur
2907 597 3065 656 pacto
3123 588 3177 642 in
3227 602 3393 643 carne
3454 587 3655 644 factum

389 676 581 743 Λόγον,
622 676 685 728 τὸ
715 675 985 748 ἄτρεπτόν
1014 694 1071 729 τε
1120 677 1214 729 καὶ
1243 675 1597 729 ἀναλλοίωτον
1634 676 1711 737 ὡς
1759 675 1886 727 ἴδιόν
1918 692 1977 727 τε

2083 674 2250 729 fuisse
2276 675 2508 731 Verbum
2548 677 2813 741 dicamus,
2858 677 3355 733 innnutahilitatem
3403 694 3526 749 quae
3558 680 3659 749 ipsi

388 767 483 821 καὶ
511 767 765 832 οὐσιῶδες
793 768 890 820 καὶ
935 767 1253 838 ἐμπεφυκὸς
1293 765 1443 836 αὑτῷ
1490 765 1782 836 τηροῦντες
1814 765 1922 828 ἀεὶ,
1948 767 1979 818 ὁ

2080 769 2298 836 propria
2345 779 2505 838 atque
2555 769 2859 825 essentialis
2921 781 2979 824 et
3015 770 3211 835 insita,
3260 780 3345 825 est
3398 780 3660 841 perpetuo

388 860 662 928 πάνσοφος
692 858 925 926 Παῦλος,
951 861 981 912 ὁ
1011 858 1119 914 τῶν
1145 857 1312 911 αὑτοῦ
1352 857 1665 928 μυστηρίων
1694 857 1917 925 ταμίας,
1949 858 1978 909 ὁ

2080 852 2494 928 conservantes,
2544 862 2978 929 sapientissimus
3021 862 3243 928 Paulus,
3280 865 3665 934 mysteriorum

388 951 494 1006 τῶν
527 951 906 1019 εὑαγγελικῶν
956 949 1334 1023 κηρυγμάτων
1384 948 1689 1019 ἱερουργδς,
1727 949 1981 1017 σαφηνιεῖ

2080 949 2251 1019 ipsius
2348 952 2689 1021 dispensator
2763 954 3197 1024 evangelicaaque
3260 956 3659 1024 praedicationis

385 1043 580 1113 λέγων·
620 1064 638 1094 ι
669 1044 842 1097 Τοῦτο
883 1047 1131 1115 φρονεῖτε
1189 1041 1421 1105 ἕκαστος
1447 1044 1506 1094 ὲν
1541 1042 1672 1111 ὑμῖν
1711 1040 1914 1103 αὐτοῖς,
1949 1038 1978 1091 ὃ

2084 1043 2356 1111 minister,
2384 1044 2644 1111 declarat,
2681 1046 2903 1100 dicens:
2939 1060 2958 1097 ι
2996 1046 3110 1102 Hoc
3144 1049 3343 1103 sentite
3364 1051 3660 1120 unusquis-

384 1136 479 1189 καὶ
508 1137 564 1189 ἐν
603 1135 829 1206 Χριστῷ
866 1133 1065 1205 Ἰησοῦ,
1108 1134 1168 1198 ὃς
1212 1135 1269 1187 ἐν
1303 1136 1484 1205 μορφῇ
1524 1131 1659 1185 Θεοῦ
1689 1132 1975 1202 ὑπάρχων,

2081 1148 2187 1203 que
2218 1136 2268 1188 in
2301 1136 2453 1189 vobis
2481 1138 2620 1205 quod
2670 1146 2726 1191 et
2770 1138 2823 1191 in
2853 1137 3074 1194 Christo
3104 1138 3254 1207 Jesu,
3283 1142 3399 1210 qui,
3441 1155 3564 1196 cum
3603 1145 3656 1197 in

383 1223 482 1293 οὑχ
510 1222 810 1295 ἁρπαγμὸν
837 1225 1080 1295 ἡγήσατο
1111 1222 1171 1276 τὸ
1197 1218 1337 1276 εἶναι
1369 1222 1459 1275 ἶσα
1480 1221 1620 1291 Θεῷ,
1647 1220 1761 1275 ἀλλ’
1785 1220 1976 1273 ἑαυτὸν

2081 1223 2255 1276 forma
2306 1222 2396 1277 Dei
2448 1233 2614 1289 esset,
2667 1240 2771 1280 non
2826 1227 3069 1296 rapinam
3115 1230 3416 1286 arbitratus
3466 1239 3552 1286 est
3597 1247 3659 1287 se

382 1314 641 1381 ἐκένωσε,
694 1314 911 1385 μορφὴν
962 1313 1151 1366 δούλου
1194 1313 1393 1380 λαϐὼν,
1438 1313 1498 1366 ὲν
1540 1311 1845 1382 ὁμοιώματι
1878 1311 1975 1363 ἀν-

2078 1329 2200 1370 esse
2249 1315 2507 1386 aequalem
2559 1317 2668 1371 Deo
2710 1335 2725 1371 :
2765 1318 2859 1373 sed
2907 1321 3259 1391 semetipsum
3316 1323 3653 1386 exinanivit,

384 1403 620 1475 θρὼπων
650 1407 966 1478 γενόμενος,
997 1407 1091 1459 καὶ
1127 1408 1366 1478 σχήματι
1394 1404 1638 1478 εὑρεθεὶς
1668 1404 1744 1468 ὡς
1768 1402 1978 1474 ἄνθρω-

2078 1403 2305 1460 formam
2335 1406 2478 1460 servi
2515 1407 2807 1478 accipiens.
2843 1408 2894 1461 in
2929 1407 3332 1465 similitudinem
3375 1412 3654 1469 hominum

383 1506 505 1559 πος,
547 1496 913 1549 ἐταπείνωσεν
944 1495 1160 1560 ἑαυτὸν,
1205 1496 1497 1567 γενόμενος
1536 1495 1781 1565 ὑπήκοος
1813 1494 1975 1565 μέχρι

2078 1495 2275 1563 factus,
2319 1507 2375 1551 et
2408 1497 2594 1552 habitu
2630 1500 2882 1555 inventus
2925 1509 2983 1553 ut
3012 1501 3195 1566 homo,
3225 1502 3534 1558 bumiliavit
3565 1518 3655 1560 se-

382 1587 636 1652 θανάτου,
668 1586 898 1642 θανάτου
929 1589 986 1644 δὲ
1018 1586 1276 1661 σταυροῦ.
1303 1606 1321 1638 ι
1362 1586 1557 1640 Καίτοι
1600 1584 1709 1655 γὰρ
1734 1585 1868 1648 Θεός
1911 1602 1973 1637 τε

2076 1584 2273 1654 ipsum,
2308 1584 2480 1640 laetus
2510 1585 2772 1641 obediens
2807 1602 2977 1658 usque
3014 1590 3082 1643 ad
3116 1599 3343 1644 mortem
3376 1618 3392 1655 ,~
3424 1602 3655 1649 mortem

384 1681 480 1734 καὶ
505 1684 569 1734 ὲκ
598 1681 733 1734 Θεοῦ
769 1681 911 1735 κατά
959 1682 1117 1750 φύσιν
1144 1680 1406 1751 ὑπάρχων
1428 1680 1457 1732 ὁ
1485 1676 1778 1749 μονογενὴς
1808 1674 1973 1728 αὑτοῦ

2075 1685 2254 1730 autem
2300 1677 2482 1730 crucis
2500 1675 2566 1729 ⁸⁸.
2598 1692 2617 1727 ι
2656 1676 2795 1730 Deus
2831 1671 2977 1730 enim
3012 1687 3067 1733 et
3108 1692 3172 1734 ex
3211 1678 3324 1735 Deo
3360 1683 3658 1738 secundum

384 1774 582 1843 Λόγος,
626 1774 689 1827 τὸ
725 1775 1070 1845 ἀπαύγασμα
1112 1774 1212 1844 τῆς
1246 1773 1427 1844 δόξης,
1477 1771 1571 1828 καὶ
1618 1772 1646 1824 ὁ
1683 1770 1972 1841 χαρακτὴρ

2076 1776 2325 1822 naturam
2373 1769 2643 1824 exsistens
2685 1768 3021 1838 unigenitum
3081 1770 3253 1839 ipsius
3290 1769 3556 1839 Verbum,
3602 1787 3659 1832 et

382 1865 481 1934 τῆς
512 1865 864 1928 ὑποστάσεως
891 1865 986 1918 τοῦ
1011 1867 1392 1936 γεννήσαντος,
1416 1860 1641 1933 γέγονεν
1662 1861 1966 1933 ἄνθρωπος,

2077 1859 2328 1930 splendor
2383 1859 2598 1931 gloriae,
2646 1870 2701 1915 et
2746 1836 3397 1920 character’substautite
3432 1836 3659 1922 Gen-ito-

382 1958 477 2010 καὶ
506 1957 608 2010 οὑκ
635 1958 715 2021 είς
755 1959 932 2030 σάρκα
972 1957 1233 2028 τραπεὶς,
1273 1956 1307 2025 ἢ
1344 1952 1578 2025 φυρμὸν,
1615 1954 1648 2025 ἢ
1681 1955 1898 2022 κρᾶσιν,
1934 1953 1968 2024 ἡ

2078 1951 2155 2005 ris
2173 1949 2244 2014 ⁸ο,
2280 1949 2479 2004 factum
2505 1959 2589 2005 est
2616 1951 2803 2014 homo,
2822 1960 2877 2004 et
2908 1965 3014 2005 non
3045 1951 3099 2006 in
3126 1967 3347 2009 carnem
3369 1966 3656 2023 mutatum,

380 2068 437 2105 τι
467 2051 574 2104 τῶν
602 2051 859 2104 τοιούτων
899 2051 1084 2122 ἓτερον
1119 2050 1438 2119 ὑπομείνας,
1467 2046 1656 2111 καθεὶς
1682 2047 1739 2100 δὲ
1770 2046 1969 2118 μᾶλλον

2077 2056 2251 2112 neque
2282 2043 2445 2098 ullam
2497 2052 2593 2097 aut
2634 2043 2944 2111 misturam,
2986 2053 3082 2101 aut
3116 2056 3534 2115 temperaturam
3564 2060 3660 2104 aut

312 2152 321 2159 '
382 2142 574 2197 ἑαυτὸν
607 2146 687 2208 εἰς
717 2144 968 2207 κένωσιν,
1002 2142 1096 2196 καὶ
1133 2142 1254 2195 ἀντί
1283 2144 1381 2213 τῆς
1418 2138 1788 2212 προκειμένης
1819 2140 1911 2192 αὐτ

2077 2133 2221 2188 aliud
2256 2133 2530 2205 quidpiam
2573 2134 2947 2203 hujuscemodi
2993 2135 3181 2201 subiit,
3224 2136 3319 2190 sed
3347 2138 3526 2206 potius
3555 2140 3655 2194 de-

382 2238 578 2307 χαρᾶς,
603 2236 865 2307 αἰσχύνης
891 2234 1334 2304 καταφρονήσας,
1366 2232 1461 2286 καὶ
1487 2232 1587 2302 τὴν
1625 2231 1723 2302 τῆς
1752 2231 1965 2302 ἀνθρωο

2077 2226 2298 2279 mittens
2350 2240 2411 2279 se
2445 2225 2511 2279 ad
2557 2225 2982 2280 exinanitionem
3008 2255 3025 2289 ,
3061 2235 3118 2280 et
3169 2241 3269 2295 pro
3318 2229 3518 2299 gaudio
3551 2230 3656 2286 sibi

381 2331 615 2399 πότητος
654 2329 931 2399 πτωχείαν
974 2329 1074 2381 οὐκ
1105 2326 1398 2397 ἀτιμάσας.
1431 2325 1692 2396 Ἦθέλησε
1726 2324 1858 2397 γάρ,
1893 2325 1969 2389 ὡς

2077 2317 2388 2387 proposito,
2449 2317 2685 2373 dedecus
2742 2326 3136 2382 contemnens,
3189 2318 3657 2390 humanitatisque

380 2419 537 2486 Θεδς,
576 2424 674 2494 τὴν
714 2422 930 2493 θανάτῳ
968 2422 1063 2476 καὶ
1106 2421 1352 2492 ἁμαρτίᾳ
1395 2420 1724 2492 ὲνεχομὲνην
1765 2419 1966 2490 σάρκα,

2077 2410 2350 2465 miseriam
2402 2418 2566 2479 atque
2612 2410 2960 2478 indigentiam
3004 2426 3111 2465 non
3160 2423 3502 2482 aspernatus.
3548 2413 3653 2471 Vo-

380 2518 476 2571 καὶ
515 2512 748 2570 θανάτου
791 2516 888 2568 καὶ
936 2516 1167 2586 αἵματος
1211 2512 1488 2583 ἀποφῆναι
1535 2512 1843 2583 κρείττονα,
1873 2511 1969 2564 καὶ

2074 2502 2176 2556 luit
2220 2504 2366 2558 enim
2417 2512 2476 2556 ut
2520 2501 2663 2559 Deus
2694 2518 2914 2559 carnem
2973 2505 3135 2559 morti
3187 2515 3242 2560 et
3286 2517 3513 2575 peccato
3559 2510 3655 2565 ob-

377 2609 712 2681 άνακομίσαι
746 2608 885 2679 πρὸς
926 2607 986 2660 τὸ
1023 2607 1081 2660 ὲν
1110 2607 1328 2677 ἀρχαῖς,
1362 2604 1498 2658 ἰδίαν
1532 2603 1702 2674 αὑτὴν
1734 2604 1967 2673 ποιησά-

2077 2593 2320 2658 noxiam,
2366 2603 2542 2650 morte
2592 2610 2655 2650 ac
2698 2604 2924 2664 peccato
2966 2596 3303 2665 superiorem
3352 2599 3656 2667 declarare,

381 2716 572 2771 μενος,
618 2693 713 2752 καὶ
754 2697 853 2751 οὑκ
883 2698 1091 2768 ἄψυχόν
1124 2708 1188 2765 γε
1220 2696 1361 2749 κατά
1392 2710 1564 2760 τινας,
1607 2696 1968 2768 ὲψυχωμένην

2077 2687 2427 2757 pristinacque
2479 2682 2808 2756 integritati
2840 2688 3150 2756 restituere,
3210 2691 3482 2761 propriam
3534 2708 3655 2748 eam

375 2787 438 2846 δὲ
474 2791 677 2863 μᾶλλον
708 2789 854 2860 ψυχῇ
888 2788 1075 2860 νοερᾷ·
1123 2788 1260 2841 ίέναι
1306 2805 1371 2857 γε
1405 2788 1512 2859 μὴν
1558 2787 1658 2859 τὴν
1696 2786 1774 2858 τῷ
1821 2788 1966 2857 πράο

2076 2778 2178 2832 sibi
2208 2777 2432 2841 faciens,
2465 2787 2519 2831 et
2553 2778 2770 2846 quidem
2806 2777 2950 2831 illam
2992 2794 3097 2833 non
3140 2780 3320 2853 anima
3356 2796 3655 2851 carentem,

377 2901 552 2954 γματι
597 2883 914 2955 πρέπουσαν
962 2883 1063 2935 οὐκ
1109 2876 1430 2945 ἀπαξιώσας
1475 2878 1682 2951 τρίϐον,
1712 2878 1811 2951 τὴν
1844 2879 1968 2933 καθ’

2077 2880 2132 2921 ut
2161 2866 2381 2936 quidam
2415 2866 2733 2935 opinantur,
2760 2866 2870 2920 imo
2901 2870 3085 2936 potius
3114 2870 3295 2925 anima
3318 2873 3657 2946 intelligente

377 2977 526 3047 ἡμᾶς
571 2974 825 3043 γέννησιν
858 2971 1148 3040 ὑπομεῖναι
1190 2970 1433 3041 λέγεται,
1467 2969 1794 3042 μεμενηκὼς
1829 2971 1968 3042 ὅπερ

2077 2959 2393 3013 animatum.
2450 2957 2620 3012 Porro
2677 2958 2762 3011 via
2814 2972 2935 3028 quite
2993 2960 3120 3015 huic
3160 2964 3376 3033 negotio
3422 2970 3660 3037 gerendo

375 3053 466 3139 ἣν.
516 3062 842 3135 Γεγέννηται
875 3064 983 3134 γὰρ
1024 3062 1345 3133 παραδόξως
1396 3063 1537 3117 κατά
1586 3064 1810 3134 σάρκα’,
1844 3063 1879 3134 ἢ
1912 3065 1968 3118 ὲν

2078 3050 2395 3105 conveniret
2448 3049 2703 3104 incedere
2752 3062 2861 3106 non
2922 3048 3264 3121 dedignatus,
3314 3058 3657 3116 nativitatem

377 3156 508 3208 εῖδει
538 3154 647 3225 τῷν
676 3152 796 3206 καθ’
823 3154 972 3223 ἡμᾶς
999 3152 1229 3222 ὀφθῆναι
1255 3154 1368 3215 τοῖς
1394 3153 1488 3205 ἐπὶ
1517 3153 1641 3222 γῆς,
1669 3153 1760 3206 τὸν
1785 3153 1965 3221 ἀναφῆ

2078 3143 2237 3196 nobis
2269 3141 2500 3198 similem
2539 3141 2773 3196 subiisse
2818 3141 3038 3207 dicitur,
3072 3159 3403 3213 permanens
3434 3163 3565 3205 vero
3603 3152 3659 3207 id

2082 3237 2218 3254 .
2276 3245 2380 3254 η-.
2445 3232 2614 3254 νη---
2650 3234 2786 3254 “LA
3383 3240 3418 3254 -.

376 3247 472 3301 καὶ
502 3243 836 3315 ἀοώματον¹.
855 3242 1001 3313 Πλὴν
1033 3241 1454 3313 ὲνανθρωπῆσαι
1484 3242 1772 3313 κρίναντα,
1800 3243 1897 3296 καὶ
1912 3245 1969 3295 ὲν

2074 3237 2219 3305 quod
2268 3245 2407 3290 erat.
2444 3232 2617 3289 Natus
2645 3234 2790 3288 enim
2838 3242 2920 3288 est
2951 3235 3261 3292 admirabili
3315 3240 3529 3298 ratione
3566 3258 3657 3300 se-

375 3336 555 3408 ἑαυτῷ
597 3337 693 3390 καὶ
737 3335 884 3406 μόνῳ
929 3337 1040 3396 τοῖς
1082 3333 1183 3403 τῆς
1230 3332 1482 3405 θεότητος
1528 3332 1834 3399 ἀξιώμασιν
1871 3336 1967 3386 ὲκ-

2075 3327 2310 3384 cundum
2354 3342 2575 3381 carnem
2606 3342 2673 3382 ex
2720 3327 2990 3381 muliere:
3025 3343 3200 3398 neque
3245 3332 3392 3387 enim
3438 3346 3659 3405 poterat

376 3429 567 3500 πρεπῆ
594 3427 693 3499 τὴν
731 3425 887 3498 ἡμῶν
917 3425 1193 3495 ἀποφῆναι
1236 3423 1397 3493 φύσιν
1418 3444 1432 3455 ·
1466 3419 1535 3495 ἦν
1575 3424 1682 3496 γὰρ
1712 3425 1740 3476 ὁ
1779 3424 1964 3489 αὐτὸς,

2074 3421 2255 3484 aliter,
2285 3420 2428 3475 Deus
2468 3419 2766 3475 secundum
2799 3427 3051 3475 naturam
3076 3423 3371 3490 exsistens,
3407 3440 3567 3497 quam
3602 3431 3656 3486 in

374 3523 510 3584 Θεός
539 3538 604 3590 γε
650 3519 786 3592 ὁμοῦ
830 3520 926 3573 καὶ
954 3518 1273 3588 ἄνθρωπος,
1304 3517 1397 3570 καὶ
1441 3518 1498 3571 ὲν
1530 3514 1835 3588 ὁμοιώματι
1868 3516 1967 3587 μὲν

2075 3514 2258 3584 specie
2295 3526 2416 3581 quae
2456 3520 2657 3565 nostra:
2702 3509 2898 3565 similis
2950 3520 3093 3567 esset
3135 3514 3454 3573 mortalibus
3484 3533 3657 3589 appa-

375 3608 688 3683 ἀνθρὼπου,
719 3609 854 3673 καθὸ
890 3607 1031 3678 μετά
1068 3600 1259 3660 τούτου
1290 3607 1386 3661 καὶ
1430 3607 1563 3671 Θεὸς
1603 3603 1693 3678 ἦν,
1725 3608 1967 3680 σχήματι

2078 3619 2220 3669 rere,
2266 3604 2362 3675 qui
2397 3605 2755 3674 incorporeus
2804 3612 2889 3658 est
2928 3614 2985 3658 et
3021 3606 3164 3677 tangi
3215 3611 3424 3679 nequit.
3472 3610 3659 3682 Neque

374 3704 434 3759 δὲ
458 3705 531 3767 ὡς
559 3704 863 3776 ἄνθρωπος.
892 3700 1024 3763 Θεὸς
1052 3700 1161 3771 γάρ
1197 3695 1265 3772 ἦν
1288 3700 1345 3753 ἐν
1375 3699 1506 3753 εῐδει
1536 3698 1614 3770 τῷ
1644 3699 1765 3752 καθ’
1795 3700 1965 3769 ἡμᾶς,

2071 3696 2217 3752 enim
2254 3704 2467 3765 poterat
2499 3694 2658 3749 aliter
2681 3709 2844 3765 quam
2877 3710 2975 3764 per
3007 3696 3461 3767 incarnationem,
3490 3714 3654 3775 atque

376 3796 472 3851 καὶ
525 3797 585 3848 ἐν
630 3793 819 3849 δούλου
862 3794 1080 3864 μορφῇ,
1125 3793 1424 3864 Δεσπότης.
1454 3793 1644 3864 Σάρκα
1684 3791 1793 3863 γάρ
1825 3789 1969 3844 οὕτω

2074 3790 2128 3844 in
2162 3788 2342 3857 seipso
2375 3795 2427 3841 et
2457 3785 2677 3856 quidem
2727 3785 3118 3842 solo‘nostram
3149 3801 3399 3847 naturam
3438 3796 3657 3853 deitatis

375 3890 559 3961 φαμὲν
588 3887 866 3958 γενέσθαι.
898 3888 1167 3961 Ταύτῃτοι
1202 3889 1297 3943 καὶ
1323 3884 1586 3942 Θεοτόκον
1619 3883 1761 3943 εἶναι
1787 3886 1967 3941 5:268—

2074 3878 2431 3950 dignitatibus
2472 3878 2753 3931 decorare.
2801 3876 2932 3932 Erat
2971 3881 3118 3934 enim
3150 3880 3264 3950 ipse
3305 3882 3449 3940 Deus
3491 3890 3656 3946 simul

376 3976 682 4053 ϐαιούμεθα
709 3976 807 4054 τὴν
835 3977 998 4050 ἁγίαν
1027 3980 1325 4052 Παρθένονε

2074 3986 2131 4032 et
2161 3976 2345 4035 homo,
2379 3968 2548 4039 719
2571 3979 2626 4022 et
2649 3969 2703 4022 in
2729 3969 3087 4026 similitudine
3129 3975 3352 4044 quidem
3392 3978 3651 4049 hominis,

377 4088 648 4147 quatenus
692 4091 797 4131 una
833 4090 958 4130 cum
1013 4076 1116 4130 hac
1161 4076 1327 4130 etiam
1383 4076 1526 4131 Deus
1581 4083 1736 4143 erat;
1808 4076 1999 4133 habitu
2037 4088 2188 4140 vero,
2237 4077 2297 4124 ut
2345 4067 2533 4122 homo.
2571 4063 2711 4119 Deus
2777 4064 2922 4119 enim
2965 4076 3084 4122 erat
3135 4069 3191 4122 in‘
3237 4073 3421 4142 specie
3455 4088 3656 4134 nostrae

378 4170 568 4234 simili,
608 4179 663 4223 et
691 4169 744 4223 in
773 4169 946 4223 forma
971 4167 1135 4233 servi,
1166 4166 1449 4223 Dominus.
1483 4165 1596 4223 Hoc
1623 4168 1770 4223 enim
1805 4171 1967 4226 modo
2004 4180 2224 4226 carnem
2251 4162 2454 4218 factum
2485 4172 2609 4214 esse
2649 4158 2920 4215 dicimus:
2952 4174 3017 4219 ac
3074 4164 3300 4233 proinde
3365 4166 3653 4241 Deiparam

374 4281 594 4337 quoque
615 4264 895 4320 exstitisse
918 4273 1320 4320 sacrosanctam
1342 4262 1618 4333 Virginem
1640 4265 1959 4320 asserimus.

447 4357 510 4410 Β.
551 4356 775 4431 Βούλει,
802 4357 915 4418 τοῖς
958 4355 1071 4418 σοῖς
1113 4354 1643 4426 ἀντιπαρεξάγοντες
1669 4356 1852 4426 λόγοις
1889 4357 1960 4413 τὰ

2142 4349 2205 4404 Β.
2235 4348 2491 4404 Placetne
2518 4356 2605 4413 ut,
2632 4345 2843 4403 illorum
2866 4346 3203 4418 obiectiones
3233 4352 3339 4408 tuis
3366 4355 3526 4414 dictis
3549 4374 3649 4430 0p-

378 4451 511 4520 παρ’
545 4449 793 4514 ἐκείνων,
832 4448 1147 4519 ίσχνοτέραν
1194 4448 1553 4520 ἀποτελῶμεν
1602 4450 1711 4503 τῶν
1744 4449 1963 4503 ἐννοιῶν

2069 4451 2352 4515 ponentes,
2383 4439 2773 4495 accuratiorem
2808 4448 2863 4496 et
2888 4439 3228 4495 subtiliorem
3260 4443 3337 4497 rei
3354 4449 3650 4516 proposita;

374 4542 478 4616 τὴν
524 4543 779 4613 βάσανον,
822 4540 856 4611 ἢ
893 4539 1317 4613 παραχωρῶμεν
1351 4541 1542 4607 ἁπλῶς
1589 4535 1801 4614 λέγοντί
1853 4550 1958 4608 σοι,

2070 4535 2556 4606 investigationem
2586 4532 2940 4589 instituamus
2963 4572 2979 4599 ,
3006 4534 3075 4589 an
3108 4536 3290 4606 potius
3315 4538 3643 4610 simpliciter

373 4633 441 4690 τὸ
463 4629 522 4687 εὖ
550 4632 699 4703 ἔχειν
735 4630 1175 4703 ὑπειλημμένονῖ
1677 4708 1683 4713 .

2069 4627 2304 4686 orationi
2344 4636 2450 4681 tuae
2491 4626 2650 4682 tidem
2674 4625 3017 4693 adhibentes,
3045 4627 3121 4682 ita
3148 4642 3273 4685 sese
3301 4645 3414 4687 rem
3441 4634 3647 4692 habere

2066 4718 2407 4777 statuamus?
3520 4736 3527 4746 ·

445 4811 514 4865 Α.
566 4807 997 4879 Ἀνεπίπληκτον
1031 4805 1161 4877 μὲν,
1185 4800 1261 4870 ὥς
1284 4823 1348 4876 γε
1382 4799 1558 4877 οἶμαι,
1581 4807 1698 4871 ,πᾶν
1726 4807 1863 4879 ὅπερ
1895 4806 1962 4861 ἂν

2142 4809 2209 4863 A.
2241 4807 2406 4862 Extra
2434 4806 2913 4876 reprehensionem
2942 4820 3159 4864 omnem
3188 4811 3429 4882 positum
3461 4824 3566 4880 est,
3588 4827 3646 4873 ut

378 4902 593 4971 λέγοιτο
625 4901 765 4973 πρὸς
809 4898 968 4970 ήμῶν
996 4898 1177 4968 σοφῶς
1207 4915 1269 4951 τε
1299 4899 1393 4953 καὶ
1425 4895 1839 4970 ἐπιστημόνως,
1869 4898 1964 4953 καὶ

2069 4901 2327 4967 arbitror,
2356 4898 2500 4969 quod
2541 4908 2571 4952 a
2603 4897 2759 4953 nobis
2808 4899 2949 4955 scite
2995 4899 3382 4973 sapienterque
3437 4907 3642 4962 dictum

376 4996 479 5049 οὐκ
523 4994 842 5064 ἀπᾳδόντως
889 4991 1016 5063 ἔχον
1080 4993 1204 5055 ταῖς
1267 4990 1648 5055 θεοπνεύστοις
1692 4993 1957 5064 Γραφαῖς.

2069 5003 2176 5060 est,
2203 5007 2376 5063 neque
2416 5007 2522 5045 una
2555 4990 2769 5047 ratione
2801 5006 2831 5045 a
2877 4991 3049 5048 sacris
3080 4991 3378 5065 Scripturis
3427 4997 3642 5055 dissen-

375 5079 555 5154 Φράζε
593 5079 651 5133 δὲ
683 5080 779 5134 καὶ
811 5078 974 5144 αὐτὸς
1021 5079 1085 5134 τὸ
1116 5078 1330 5135 δοκοῦν.
1366 5080 1613 5135 Ἐκτέκοι
1652 5081 1763 5153 γὰρ
1811 5080 1878 5135 ἄν
1904 5098 1957 5135 τι

2069 5084 2158 5138 tit;
2187 5084 2279 5137 Dic
2329 5096 2457 5137 vero
2498 5082 2666 5145 etiam
2706 5091 2761 5137 tu
2802 5084 2947 5154 quod
3001 5082 3098 5138 tibi
3141 5086 3354 5142 videtur
3396 5104 3411 5142 :
3452 5088 3644 5148 ati'eret

379 5172 485 5231 ιῶν
508 5173 851 5247 ὀνησιφόρων
879 5176 917 5245 ἡ
937 5174 1273 5238 ἀντίστασις.

2067 5177 2211 5230 enim
2248 5175 2497 5230 nonnihil
2531 5175 2778 5231 utilitatis
2809 5179 3098 5247 contraria:
3131 5182 3415 5237 sententia;
3474 5200 3645 5254 oppo-

2061 5267 2208 5324 sitio.
2736 5307 2745 5315 .

449 5359 510 5413 Β.
564 5356 629 5411 Ὀ
656 5355 947 5420 θεσπέσιος
988 5357 1210 5429 γράφει,
1244 5355 1399 5426 φασὶ,
1453 5354 1666 5418 Παῦλος
1709 5354 1961 5428 περὶτοῦ

2135 5360 2196 5415 Β.
2230 5359 2456 5416 Divinus
2477 5361 2693 5426 Paulus,
2746 5365 2920 5430 aiunt,
2981 5364 3174 5420 scribit
3206 5366 3274 5420 de
3310 5365 3474 5433 Filio,
3533 5379 3652 5424 tan-.

380 5450 512 5505 Υἱοῦ
537 5492 552 5517 ,
586 5451 681 5506 ἅτε
713 5449 778 5521 δὴ
825 5450 1112 5518 γεγονότος
1149 5450 1394 5521 κατάρας
1443 5465 1501 5501 τε
1537 5448 1631 5500 καὶ
1664 5447 1958 5518 ἁμαρτίας.

2065 5465 2229 5521 quam
2283 5452 2373 5521 qui
2408 5450 2583 5507 factus
2608 5452 2682 5507 sit
2741 5453 3048 5509 maledictio
3075 5465 3131 5509 et
3187 5468 3490 5526 peccatum.
3555 5459 3642 5515 lno

380 5543 525 5612 Ἔφη
568 5540 710 5614 γὰρ,
769 5540 853 5623 ότι
910 5559 930 5591 ι
964 5539 1071 5593 Τὸν
1115 5539 1190 5611 μὴ
1235 5537 1434 5608 γνόντα
1486 5537 1785 5610 ἁμαρτίαν,
1821 5538 1962 5607 ὑπὲρ

2064 5544 2182 5614 quit
2211 5545 2539 5614 enim,quod
2577 5563 2596 5596 ι
2630 5545 2763 5599 Ειιηι
2793 5547 2884 5616 qni
2914 5562 3019 5603 non
3044 5548 3194 5603 novit
3218 5560 3522 5620 peccatum,
3545 5566 3644 5623 pm

378 5634 535 5708 ἡμῶν
581 5618 862 5707 ἁμαρτίαν
902 5632 1146 5703 ἐποίησε.
1182 5650 1203 5682 ι
1269 5629 1372 5686 Καὶ
1419 5629 1612 5684 πάλιν·
1666 5647 1688 5681 r
1724 5630 1962 5701 Χριστὸς

2066 5637 2222 5693 nobis
2258 5646 2539 5708 peccatum
2598 5636 2725 5694 fecit
2757 5639 2823 5694 ⁸ο.
2869 5657 2887 5691 ι
2926 5639 2991 5695 Et
3039 5618 3275 5699 rursus:
3322 5660 3343 5697 ι
3394 5618 3647 5704 Christus

450 5811 501 5846 “
528 5809 762 5882 Philipp.
798 5826 859 5871 tt,
889 5810 1008 5866 5-8.
1095 5807 1140 5840 “
1164 5804 1328 5863 Hebr.
1357 5823 1396 5874 ι,
1435 5808 1488 5863 5.
1566 5806 1613 5840 ⁸⁸
1648 5805 1689 5861 ll
1718 5799 1844 5862 Cor.
1892 5819 1943 5875 ι’,
1979 5806 2079 5863 21(
