4050 6424
366 412 507 467 1265

434 528 496 584 Β.
555 531 664 586 Ὠδὶ
694 536 788 589 καὶ⁸
819 538 974 592 αὐτοί
1004 558 1187 609 φασιν.

433 624 503 676 Α.
543 624 755 679 οὐκοῦν
790 629 949 702 εἴπερ
973 633 1122 686 ἐστὶν
1151 635 1381 707 ἀληθὲς,
1415 642 1557 695 κατά
1585 660 1650 712 γε
1675 646 1736 700 τὸ
1761 648 1942 715 αὐτοῖς

359 707 437 810 εὖ.
473 712 622 784 ἔχειν
666 716 1104 791 ὑπειλημμένον,
1154 726 1236 779 ὄτι
1291 728 1515 796 γέγονεν
1559 707 1703 789 obsto
1738 739 1876 810 σὰρξ

361 802 556 873 Λόγος,
587 807 734 901 κα.θά
762 813 859 863 καὶ
897 814 1116 885 κατάρα
1139 818 1235 871 καὶ
1261 819 1526 892 ἁμαρτία,
1556 826 1645 883 ἐπ’
1670 802 1945 901 ἀναιρέσει

364 896 593 966 σαρκὸς,
621 893 743 952 εἶτα
770 900 891 966 πῶς
913 902 1191 976 ἀφθαρτόν
1214 926 1276 962 τε
1303 912 1401 964 καὶ
1427 913 1734 989 ἀνώλεθρον
1774 893 1945 994 αὐτὴν

364 985 695 1056 ἀποφαίνει,
724 990 801 1056 ὡς
850 993 909 1047 ἐν
949 1011 1012 1064 γε
1061 1000 1253 1074 πρώτῃ
1302 985 1660 1075 κατορθώσας
1687 1011 1848 1066 τοῦτο

367 1077 475 1143 ἰδίᾳ
506 1081 704 1152 σαρκί;
735 1083 797 1137 οὐ
849 1085 959 1158 γάρ
989 1104 1072 1141 τοι
1121 1089 1324 1163 θνητὴν
1364 1095 1659 1167 ἀπομεῖναι
1701 1102 1798 1154 καὶ
1840 1077 1947 1157 ὑπξ

364 1170 572 1242 φθορὰν
600 1173 814 1245 ἀφῆκεν
839 1178 1011 1250 αὐτὴν
1052 1181 1538 1256 (παραπέμποντος
1568 1192 1649 1255 είς
1673 1194 1704 1262 ή
1715 1195 1822 1263 μᾶς
1848 1193 1947 1251 τοῦ

375 1264 549 1335 Ἀδὰμ
582 1267 683 1339 τὴν
714 1270 807 1323 ἐπὶ
845 1274 911 1342 τῇ
959 1276 1270 1344 παραϐάσει
1316 1278 1533 1351 δίκην),
1560 1282 1637 1346 ὡς
1669 1285 1852 1356 σάρκα
1888 1288 1946 1343 δὲ

363 1357 565 1426 μᾶλλον
616 1361 897 1433 ἀφθάρτου
945 1365 1115 1434 Θεοῦ,
1169 1371 1477 1439 τουτέστιν,
1538 1375 1711 1443 ίδίαν,
1777 1379 1947 1450 ήγουν

361 1450 557 1504 ἑαυτοῦ
584 1453 680 1506 καὶ
705 1452 936 1510 θανάτου
964 1460 1056 1536 και
1079 1461 1286 1532 φθορᾶς
1315 1465 1575 1522 ἐπέκεινα
1604 1468 1715 1533 θείς
1739 1486 1753 1533 ;

431 1630 490 1684 Β.
533 1628 609 1685 Εὖ
649 1631 806 1703 ἔφης.

429 1724 492 1775 Α.
538 1723 788 1816 Ἔφηγδέ
837 1743 938 1782 που
988 1730 1049 1784 τὸ
1092 1733 1333 1806 Γράμμα
1380 1738 1443 1791 τὸ
1489 1740 1655 1812 ἱερὸν,
1702 1743 1794 1796 τὸν
1846 1746 1944 1816 μὲν

362 1812 576 1885 πρῶτον
618 1815 910 1888 ἄνθρωπον
933 1859 949 1885 ,
983 1823 1260 1879 τουτέστιν
1296 1828 1466 1901 ’Δδάμ
1486 1871 1501 1894 ,
1533 1834 1614 1896 είς
1644 1834 1823 1906 ψυχὴν
1847 1812 1945 1905 -γεο

1505 431 1693 501 QUOD
1731 433 1919 493 UNUS
1959 438 2067 499 SIT
2103 441 2470 504 CHRISTUS.

3498 457 3634 516 {256

1972 564 2021 621 Α
2118 562 2178 618 Β.
2209 563 2285 618 lta
2315 566 2480 619 etiam
2516 566 2619 635 ipsi
2646 568 2855 623 dicunt.

2118 651 2182 707 A.
2212 654 2476 720 Quocirca
2508 657 2554 710 si
2590 671 2677 712 res
2716 659 2789 711 ita
2823 673 2883 713 se
2912 658 3092 725 habet,
3155 671 3314 731 prout
3347 663 3476 734 ipsis
3519 668 3637 736 pla-

2047 753 2154 805 cet,
2173 745 2314 811 quod
2341 744 2572 800 Verbum
2600 748 2786 802 eadem
2816 749 3026 803 ratione
3043 752 3116 806 sit
3145 746 3347 808 factum
3372 770 3502 812 caro
3527 773 3633 826 qua

2047 832 2352 888 maledictio
2383 844 2439 890 et
2465 842 2769 905 peccatum,
2799 839 2865 893 ad
2893 840 3255 898 sublationem
3275 847 3477 914 carnis,
3500 864 3636 918 quo-

2048 925 2208 979 modo
2242 924 2705 996 incorruptibilem
2739 937 2906 999 atque
2931 931 3183 989 interitus
3234 944 3514 1004 expertem
3565 940 3633 993 il-
3672 954 3681 969 ί

2046 1012 2155 1084 lam
2183 1014 2379 1079 etl’eeit,
2412 1018 2610 1086 quippe
2639 1019 2729 1087 qui
2762 1020 2813 1073 in
2852 1021 3029 1088 prima
3055 1025 3274 1093 propria
3322 1041 3421 1082 sua
3460 1043 3634 1086 carne

2047 1102 2151 1157 hoc
2184 1104 2536 1171 prtestiterit?
2558 1105 2742 1177 Neque
2763 1110 2911 1164 enim
2933 1113 3216 1169 mortalem
3248 1115 3396 1171 illam
3430 1134 3629 1175 eorru-

2048 1192 2327 1261 ptionique
2372 1197 2664 1252 obnoxiam
2747 1214 2967 1257 manere
3016 1204 3259 1271 permisit
3315 1207 3667 1283 (transmit-_

2049 1288 2196 1336 tente
2223 1283 2275 1337 in
2309 1298 2407 1339 nos
2469 1285 2678 1340 Adamo
2713 1291 3164 1357 transgressionis
3215 1296 3495 1369 prunam):
3537 1301 3634 1354 sed

2048 1371 2230 1441 potius
2254 1381 2509 1444 tanquam
2543 1391 2766 1434 carnem
2794 1378 3221 1451 incorruptibilis
3259 1384 3494 1455 Dei,hoc
3523 1399 3631 1455 est,

2048 1465 2344 1533 propriam,
2383 1465 2500 1522 sive
2537 1482 2690 1524 suam
2741 1484 2918 1529 morte
2969 1477 3427 1548 corruptioneque
3471 1494 3634 1551 supe-

2049 1553 2246 1606 riorem
2278 1555 2478 1611 olfecit.

2122 1644 2179 1697 Β.
2216 1644 2380 1701 Recte
2399 1650 2503 1705 ais.

2119 1738 2186 1791 A.
2228 1739 2389 1810 Atqui
2453 1758 2608 1798 sacra
2656 1745 2938 1816 Scriptura
2968 1749 3163 1805 alicubi
3204 1753 3358 1820 dicit,
3387 1754 3623 1825 primum

2048 1827 2342 1892 hominem.
2367 1832 2471 1888 hoc
2493 1843 2599 1899 est,
2617 1834 2907 1902 Adamum,
2931 1839 3131 1894 factum
3160 1857 3284 1898 esse
3312 1844 3365 1898 in
3396 1846 3632 1901 animum

358 1903 546 1959 νέσθαι
599 1904 804 1975 ζῶσαν,
848 1910 942 1963 τὸν
968 1911 1045 1999 δὲ
1088 1912 1336 1988 ὕστερον,
1393 1898 1537 1991 φημὶ
1580 1898 1836 1995 Χριστδν,
1865 1898 1937 1991 εἰς

2051 1920 2318 1975 viventem
2351 1940 2366 1990 ;
2399 1924 2629 1980 alterum
2672 1943 2802 1983 vero
2832 1931 3215 1999 posteriorem,
3248 1934 3525 1991 Christum
3549 1936 3635 1991 ln-

360 1998 582 2067 πνεῦμα
632 1997 1074 2075 ζωοποιόν.τΑρ’
1127 2003 1242 2073 οὖν,
1284 2008 1474 2083 ὥσπερ
1528 2016 1615 2067 ἐπ’
1665 2016 1944 2087 ἀναιρέσει

360 2089 604 2161 κατάρας
637 2093 733 2145 καὶ
759 2094 1036 2164 ἁμαρτίας
1053 2136 1066 2160 ,
1089 2098 1283 2167 γέγονε
1317 2104 1532 2175 κατάρα
1561 2109 1652 2160 καὶ
1677 2110 1944 2179 ἁμαρτία,

355 2178 532 2243 οὕτως
582 2184 671 2235 ἐπ’
718 2185 999 2258 ἀνατροπῇ
1045 2187 1141 2242 τοῦ
1188 2186 1327 2244 εἶναι
1379 2195 1461 2259 είς
1504 2197 1684 2269 ψυχὴν
1723 2178 1939 2263 ζῶσαν,

354 2273 610 2339 γενέσθαι
657 2276 842 2347 φαμὲν
893 2278 1057 2333 αὐτὸν
1107 2284 1189 2345 εἰς
1243 2284 1461 2357 πνεῦμα
1509 2288 1791 2353 ζωοποιόν.
1833 2295 1944 2366 Τὴν

358 2363 461 2434 γάρ
503 2381 586 2417 τοι
614 2365 707 2419 τοῦ
751 2367 1005 2435 γενέσθαι
1048 2370 1278 2443 δύναμιν
1307 2377 1389 2439 είς
1418 2377 1479 2430 τὸ
1523 2378 1737 2450 ἀπηχὲς
1780 2363 1939 2455 περι-

352 2454 668 2523 τρέποντες,
692 2457 836 2512 οὕτω
861 2461 1141 2531 γενέσθαι
1177 2467 1356 2537 σάρκα
1379 2471 1544 2539 φασὶν
1572 2473 1755 2539 αὐτὸν,
1796 2454 1941 2530 καθὰ

351 2546 446 2598 καὶ
472 2547 613 2618 ἀράν
641 2566 701 2601 τε
735 2551 829 2604 καὶ
860 2553 1157 2624 ἁμαρτίαν.
1201 2559 1537 2631 Ἀναιρετέον
1566 2561 1660 2618 οὖν
1691 2568 1801 2637 ἄρα
1842 2568 1937 2622 τοῦ

352 2637 530 2705 Λόγου
554 2639 656 2710 τὴν
683 2642 983 2714 σάρκωσιν,
1012 2647 1180 2719 ἤγουν
1207 2651 1640 2726 ἑνανθρώπησιν·
1665 2653 1726 2710 οὗ
1755 2677 1938 2731 παρα-

347 2728 636 2799 δεχθέντος
666 2735 746 2797 είς
778 2735 1060 2807 ἀλήθειαν,
1095 2740 1303 2811 οἴχεται
1338 2745 1437 2813 μὲν
1465 2747 1609 2811 ἄπας
1635 2753 1767 2820 ήμῐν
1791 2755 1819 2806 ὁ
1837 2728 1936 2807 τοῦ

352 2826 660 2894 μυστηρίου
708 2827 904 2896 λόγος’
949 2830 1076 2885 οὔτε
1120 2834 1177 2887 δὲ
1221 2837 1486 2910 ἐγεννήθη
1516 2842 1780 2914 Χριστὸς,
1813 2845 1938 2900 οὔτε

348 2915 645 2982 ἀπέθανεν,
693 2919 819 2974 οὔτε
846 2923 1167 2997 ἐγήγερται,
1226 2930 1367 2983 κατὰ
1398 2932 1498 2996 τὰς
1540 2934 1782 3005 Γραφάς.
1827 2938 1936 2992 1Ιοῦ

352 3011 706 3085 τοιγαροῦνή
742 3014 944 3083 πίστις,
997 3019 1116 3090 ήτοι
1163 3022 1225 3074 τὸ
1265 3024 1415 3095 ῥῆμα
1459 3028 1557 3096 τῆς
1598 3027 1869 3093 πίστεως,
1907 3031 1938 3083 ὃ

353 3100 743 3174 κηρύσσομεν;
796 3106 924 3172 Πῶς
967 3109 1076 3182 γάρ
1121 3113 1344 3184 ήγειρεν
1390 3117 1553 3170 αὐτὸν
1599 3120 1628 3171 ὁ
1684 3119 1819 3183 Θεὸς
1871 3123 1936 3174 ὲκ

2051 2028 2233 2083 quant,
2261 2012 2465 2070 factum
2502 2032 2625 2073 esse
2653 2020 2706 2073 in
2729 2023 2979 2089 spiritum
3006 2025 3390 2083 vivificantem.
3420 2028 3622 2085 Proin-

2049 2105 2135 2169 de,
2165 2107 2616 2174 quemadmodum
2640 2111 2706 2164 ad
2750 2112 3040 2166 tollendam
3092 2115 3521 2174 maledictlonem
3577 2130 3634 2174 et

2046 2206 2353 2264 peceatum,
2389 2199 2567 2256 factus
2600 2211 2684 2257 est
2727 2205 3034 2263 maledictio
3064 2218 3119 2264 et
3175 2221 3455 2280 peccatum
3488 2229 3505 2266 :
3557 2214 3631 2268 ita

2045 2289 2112 2342 ad
2140 2291 2546 2347 subversiouem
2598 2296 2893 2352 exsisteudi
2938 2299 2989 2361 in
3051 2302 3288 2356 animam
3334 2305 3628 2371 viventem,

2045 2380 2247 2436 factum
2280 2384 2456 2454 ipsum
2473 2400 2594 2442 esse
2626 2388 2856 2445 dicimus
2886 2391 3205 2461 inspiritnm
3238 2395 3624 2452 viviﬁcantem.

2042 2473 2376 2531 Facultatem
2404 2479 2552 2533 enim
2584 2495 2649 2536 ac
2678 2485 2784 2536 vim
2812 2484 2984 2549 verbi,
3026 2485 3224 2554 factum
3277 2503 3408 2554 esse,
3436 2491 3507 2545 ad
3529 2491 3628 2546 ab-

2040 2566 2264 2620 surdum
2290 2581 2694 2638 eonverteutes,
2718 2574 2788 2627 ita
2820 2579 2996 2644 ipsum
3015 2592 3232 2632 carnem
3274 2579 3473 2635 factum
3506 2595 3631 2637 esse

2010 2659 2469 2722 'aiunt,sieutct
2520 2667 2956 2719 exsecrationem
3018 2677 3074 2722 et
3134 2679 3438 2737 peccatum.
3501 2669 3625 2726 Tol-

2040 2748 2197 2803 lendu
2226 2751 2408 2819 itaque
2437 2753 2541 2807 erit
2564 2752 2726 2810 Verbi
2764 2758 3092 2825 incarnatio,
3149 2761 3264 2815 sive
3292 2762 3627 2820 bumanatio.

2038 2839 2191 2905 Quod
2229 2842 2274 2896 si
2307 2852 2366 2896 ut
2398 2860 2586 2899 verum
2627 2847 2974 2914 admittatur,
3004 2852 3256 2906 universa
3319 2853 3476 2908 nobis
3508 2869 3629 2926 my-

2038 2933 2187 2985 sterii
2224 2934 2364 2987 ratio
2399 2947 2637 2992 corruet.
2677 2938 2861 3010 Neque
2892 2950 3049 2995 natus
3083 2950 3170 2997 est
3208 2942 3480 3010 Christus,
3527 2961 3623 3003 ne-

2038 3037 2144 3091 que
2168 3035 2412 3080 mortuus
2444 3035 2551 3092 est,
2571 3042 2745 3096 neque
2773 3032 3090 3098 resurrexit,
3132 3035 3431 3089 secundum
3481 3034 3632 3090 Scri-

2039 3121 2246 3181 pturas.
2275 3112 2535 3179 Qua-nam
2566 3117 2727 3185 igitur
2748 3121 2855 3174 erit
2883 3120 3013 3176 tides
3034 3132 3245 3195 nostra,
3269 3124 3387 3178 sive
3406 3126 3627 3181 verbum

348 3195 588 3265 νεκρῶν,
611 3199 660 3251 εί
689 3199 763 3271 μὴ
790 3202 886 3254 καὶ
911 3204 1180 3272 ἀπέθανε;
1204 3208 1323 3272 πῶς
1351 3208 1396 3262 δ’
1429 3209 1496 3264 ἂν
1523 3213 1616 3266 καὶ
1637 3214 1930 3282 ἀπέθανεν,

2042 3201 2166 3255 iidci
2193 3204 2337 3269 quod
2368 3203 2768 3270 pradicamus?
2822 3208 3103 3273 Quomodo
3155 3210 3299 3264 enim
3348 3213 3631 3269 suscitavit

349 3288 401 3339 εί
446 3288 520 3359 μὴ
553 3290 880 3361 γεγέννηται
919 3295 1062 3349 κατά
1092 3297 1304 3367 σάρκα;
1352 3301 1453 3354 ποῦ
1499 3301 1557 3353 δὲ
1608 3304 1702 3356 καὶ
1746 3306 1779 3374 ή
1824 3307 1934 3361 τῶν

351 3381 565 3451 νεκρῶν
617 3384 949 3453 ἀναϐίωσις,
991 3388 1179 3445 ἐλπίδα
1220 3395 1335 3456 τοῖς
1384 3393 1560 3463 ἁγίοις
1607 3398 1934 3468 εἰσφέρουσα

346 3479 452 3546 τῆς
495 3478 857 3552 ἀτελευτήτου
903 3482 1048 3554 ζωῆς
1072 3525 1086 3549 ,
1139 3487 1188 3538 εί
1225 3487 1298 3558 μὴ
1339 3489 1633 3560 ἐγήγερται
1667 3493 1902 3564 Χριστός
1916 3513 1931 3563 ;

349 3568 458 3622 ποῦ
497 3571 554 3625 δὲ
585 3573 680 3626 καὶ
710 3574 742 3645 ή
772 3574 881 3629 τῶν
906 3577 1266 3649 ἀνθρωπίνων
1294 3582 1560 3652 σωμάτων
1585 3583 1931 3657 ζωοποίησις,

349 3662 384 3731 ἡ
421 3662 562 3716 κατὰ
597 3665 812 3734 μέθεξιν
840 3668 1138 3743 τελουμένη
1182 3672 1282 3742 τῆς
1314 3675 1480 3742 ἁγίας
1511 3676 1678 3731 αὐτοῦ
1730 3680 1936 3754 σαρκὸς

350 3754 446 3807 καὶ
476 3754 715 3827 αἵματος
738 3776 752 3825 ;

422 4019 484 4075 Β.
525 4021 712 4091 Σάρκα
740 4022 804 4092 δὴ
834 4018 927 4077 οὖν
961 4042 1143 4096 φαμεν
1172 4028 1424 4095 γενέσθαι
1450 4031 1543 4083 τὸν
1577 4034 1934 4102 Λόγον,κατά

344 4127 414 4178 γε
445 4110 545 4182 τὴν
595 4113 661 4167 ὲκ
700 4115 958 4181 γυναικὸς
1001 4119 1144 4171 κατά
1193 4118 1375 4189 σάρκα
1431 4122 1704 4194 γέννησιν,
1761 4128 1827 4196 ἣν
1878 4131 1934 4181 ὲν

345 4205 602 4274 ἐσχάτοις
649 4206 745 4259 τοῦ
800 4208 996 4272 αἰῶνος
1055 4215 1269 4281 καιροῖς
1328 4214 1620 4284 ὑπομεῖναι
1677 4217 1931 4286 λέγεταισ

346 4300 528 4353 καίτοι
554 4299 662 4373 πρὸ
691 4301 890 4366 παντὸς
914 4301 1010 4357 τοῦ
1051 4304 1244 4369 αἰῶνος
1278 4307 1538 4379 ὑπάρχων
1567 4311 1642 4375 ὡς
1671 4312 1823 4377 Θεὸς,

418 4475 486 4527 Δ.
530 4474 678 4529 Πάνυ
708 4475 808 4546 μὲν
836 4471 950 4531 οὗν.
985 4478 1142 4533 Οὕτω
1171 4480 1280 4553 γὰρ
1307 4483 1529 4551 γέγονεν
1573 4487 1632 4539 ἐν
1676 4489 1933 4559 ὁμοιώσει

2037 3306 2159 3344 sum
2191 3291 2334 3347 Deus
2361 3309 2392 3348 e
2424 3297 2675 3358 mortuis,
2708 3297 2810 3352 nisi
2841 3309 2896 3351 ct
2928 3308 3172 3354 mortuus
3194 3301 3319 3355 est?
3373 3311 3466 3356 aut
3494 3317 3632 3373 quo-

2036 3385 2196 3439 modo
2227 3386 2392 3440 etiam
2417 3398 2667 3445 mortuus
2698 3399 2804 3453 est,
2839 3392 2941 3467 nisi
2979 3404 3138 3449 natus
3186 3405 3276 3450 est
3325 3397 3625 3452 secundum

2036 3478 2299 3532 carnem?
2329 3487 2424 3534 aut
2465 3495 2714 3550 quaenam
2740 3483 2957 3537 tandem
2982 3486 3088 3539 erit
3122 3487 3452 3543 resurrectio
3475 3501 3624 3556 mor-

2040 3576 2279 3636 tuorum,
2301 3585 2424 3640 quae
2455 3573 2714 3640 perennis
2746 3573 2868 3627 vita:
2898 3588 3054 3643 spem
3101 3576 3312 3631 sanctis
3358 3577 3625 3643 immittit,

2037 3658 2083 3713 si
2117 3660 2367 3716 Christus
2396 3677 2500 3716 non
2526 3663 2864 3720 resurrexit?
2889 3664 3155 3730 Quasnam
3211 3681 3343 3723 vero
3397 3669 3502 3723 erit
3529 3667 3627 3723 hu-

2036 3766 2321 3809 manorum
2384 3769 2674 3823 corporum
2724 3756 3037 3823 viviﬁcatio,
3100 3772 3221 3827 quas
3274 3773 3370 3828 per
3425 3769 3628 3815 sanctae

2038 3844 2207 3911 ipsius
2244 3846 2429 3901 carnis
2470 3853 2526 3900 et
2584 3848 2864 3918 sanguinis
2931 3850 3400 3920 participationem
3454 3851 3622 3907 cilici-

2039 3932 2172 3986 tur?

2109 4024 2266 4093 721
2317 4024 2378 4081 Β.
2429 4025 2671 4082 Dicimus
2726 4027 2912 4098 itaque
2964 4029 3201 4086 Verbum
3237 4046 3458 4087 carnem
3499 4046 3625 4088 esse

2035 4112 2261 4177 factum,
2331 4116 2543 4171 ratione
2607 4118 2904 4174 nativitatis
2950 4124 3246 4178 secundum
3295 4138 3515 4178 carnem
3555 4138 3624 4182 ex

2036 4203 2286 4269 muliere,
2311 4219 2473 4273 quam
2493 4206 2546 4259 in
2565 4206 2881 4264 novissimis
2899 4209 3081 4264 saeculi
3126 4211 3465 4281 temporibus
3502 4212 3625 4266 sub-

2037 4294 2168 4349 iisse
2198 4295 2416 4361 dicitur,
2447 4298 2667 4353 tametsi
2697 4308 2825 4355 ante
2863 4301 3043 4355 omnia
3084 4303 3280 4357 saecula
3326 4302 3636 4369 exstiterit,

2037 4396 2096 4440 ut
2117 4386 2280 4442 Deus.

2106 4479 2174 4532 Α.
2221 4479 2478 4537 Omnino.
2513 4482 2590 4536 lta
2622 4484 2765 4538 enim
2791 4482 2966 4539 factus
2990 4493 3073 4538 est
3106 4484 3422 4565 omnimodo
3466 4485 3623 4542 nobis

343 4568 415 4636 τῇ
448 4567 586 4638 πρὸς
609 4569 760 4638 ἡμᾶς
800 4571 868 4640 τῇ
912 4570 1057 4624 κατὰ
1099 4574 1206 4627 πᾶν
1231 4574 1432 4637 ὁτιοῦν.
1469 4579 1596 4650 δίχα
1626 4582 1722 4651 τῆς
1750 4584 1933 4655 ιέιμσιρ⁸

2042 4572 2250 4639 similis,
2283 4586 2509 4644 excepto
2562 4588 2805 4645 peccato.
2863 4577 3021 4644 Quod
3079 4588 3134 4632 et
3184 4577 3621 4647 sapientissimus

343 4658 494 4721 τίας.
541 4658 651 4712 Καὶ
702 4661 1044 4730 μαρτυρήσει
1086 4662 1258 4731 λέγων
1300 4669 1328 4720 ὀ
1374 4670 1652 4740 πάνσοφος
1687 4675 1927 4740 Παῦλσςο

352 4768 374 4800 ι
401 4748 616 4820 Ἐπειδὴ
649 4749 758 4822 γὰρ
786 4749 859 4805 τὰ
903 4752 1094 4807 παιδία
1129 4757 1528 4830 κεκοινώνηκεν
1569 4764 1803 4835 αἵματος
1834 4769 1931 4823 καὶ

353 4840 580 4913 σαρκὸς,
632 4843 728 4896 καὶ
774 4842 935 4906 αὐτὸς
973 4846 1370 4917 παραπλησίως
1422 4853 1652 4926 μετέσχε
1683 4857 1793 4912 τῶν
1834 4860 1931 4913 ab-

348 4932 483 4996 τῶν,
528 4932 615 4986 ἵνα
663 4931 753 4987 διὰ
781 4932 876 4986 τοῦ
909 4932 1140 4991 θανάτου
1172 4941 1492 5011 καταργήσῃ
1522 4943 1615 4997 τὸν
1638 4946 1699 4999 τὸ
1732 4947 1933 5017 κράτος

348 5023 545 5094 ἔχοντα
571 5024 667 5079 τοῦ
701 5024 957 5091 θανάτου,
984 5026 1252 5094 τουτέστι,
1281 5029 1373 5083 τὸν
1398 5030 1666 5100 διάϐολον,
1695 5037 1790 5090 καὶ
1827 5040 1934 5092 ἀπο

348 5114 559 5188 αλλάξῃ
587 5116 812 5181 τούτους
831 5156 846 5180 ,
890 5117 1005 5173 ὅσοι
1034 5117 1186 5190 φόϐῳ
1214 5118 1446 5174 θανάτου
1475 5121 1567 5176 διὰ
1600 5126 1804 5189 παντὸς
1839 5129 1933 5181 τοῦ

352 5209 456 5279 ζῇν
497 5209 670 5280 ἔνοχοι
716 5203 860 5280 ἦσαν
897 5210 1161 5275 δουλείας.
1206 5213 1283 5266 Οὐ
1328 5212 1438 5285 γὰρ
1483 5214 1656 5284 δήπου
1686 5217 1937 5287 ἀγγέλων

352 5299 788 5370 ἐπιλαμϐάνεται
812 5339 828 5365 ,
872 5301 1012 5356 ἀλλὰ
1056 5303 1373 5374 σπέρματος
1412 5304 1665 5379 Ἀϐραὰμ
1698 5310 1933 5381 ἐπιλαμ-

350 5391 578 5445 ϐάνεται
617 5408 631 5423 ·
700 5391 823 5447 ὅθεν
870 5391 1073 5462 ὤφειλε
1125 5394 1196 5448 τὰ
1258 5395 1440 5449 πάντα
1507 5399 1621 5461 τοῖς
1682 5398 1932 5468 ἀδελφοῖς

352 5482 706 5555 ὁμοιωθῆναι.
734 5503 754 5534 ι
799 5483 939 5538 Ἡδὲ
975 5505 993 5538 ι
1025 5485 1170 5540 κατὰ
1188 5487 1366 5541 πάντα
1398 5506 1419 5538 ι
1459 5488 1739 5557 ὁμοίωσις,
1760 5490 1935 5561 ἀρχὴν

351 5573 547 5645 ὥσπερ
570 5573 811 5629 τινὰ-καὶ
840 5575 1197 5647 προεισῦολὴν
1226 5578 1318 5631 τοῦ
1351 5578 1679 5649 πράγματος
1696 5621 1711 5644 ,
1741 5582 1842 5652 τὴν
1867 5584 1933 5636 ὲκ

353 5668 618 5736 γυναικὸς
648 5668 904 5735 ἁπότεξιν
933 5669 1067 5739 ἔχει,
1096 5671 1191 5724 καὶ
1217 5671 1313 5741 τὴν
1350 5672 1596 5744 ἐν-σαρκὶ
1624 5674 1931 5745 φανέρωσιν

424 5848 495 5881 ⁸⁸⁸
519 5846 539 5903 ι
567 5846 693 5902 Cor.
728 5864 816 5915 xv,
851 5847 941 5902 45.
1020 5849 1065 5879 ³²
1096 5845 1260 5904 llebr.
1284 5864 1342 5915 ιι,
1380 5848 1565 5905 Η-Π.

2036 4663 2240 4720 Paulus
2271 4675 2525 4733 testatur,
2545 4667 2799 4736 inquiens
2830 4683 2845 4719 :
2884 4685 2903 4718 ι
2929 4667 3066 4737 Quia
3097 4683 3227 4738 ergo
3283 4670 3436 4737 pueri
3464 4683 3620 4723 com-

2036 4756 2620 4813 uiuuicaveruntcarui
2691 4767 2745 4813 et
2796 4759 3072 4830 sanguini,
3120 4768 3176 4814 et
3238 4759 3624 4829 ipsesimiliter

2036 4850 2383 4919 participavit
2406 4850 2652 4915 eisdem;
2694 4858 2755 4904 ut
2779 4864 2876 4919 per
2908 4861 3141 4907 mortem
3158 4852 3476 4906 destrueret
3494 4865 3619 4908 eum

2040 4941 2129 5012 qui
2156 4942 2388 4996 habebat
2419 4942 2611 4997 mortis
2649 4942 2962 5012 imperium,
2997 4944 3050 4998 id
3078 4955 3167 4999 est
3218 4944 3517 5009 diabolum,
3565 4951 3623 4999 et

2040 5031 2301 5087 liberaret
2363 5046 2460 5088 eos
2517 5031 2612 5103 qui
2663 5032 2857 5089 timore
2889 5035 3082 5089 mortis
3133 5048 3230 5104 per
3257 5042 3422 5090 totam
3450 5034 3617 5089 vitam

2042 5130 2199 5176 eram
2230 5122 2449 5178 obnoxii
2483 5124 2757 5179 servituti.
2791 5124 3067 5196 Nusquam
3098 5126 3242 5181 enim
3275 5123 3497 5196 angelos
3524 5139 3622 5196 ap-
3684 5178 3691 5185 .

2044 5216 2352 5285 prehendit,
2377 5217 2470 5272 sed
2499 5232 2687 5271 semen
2741 5218 2974 5275 Abrahae
3032 5217 3408 5289 apprehendit.
3463 5216 3623 5274 Unde

2040 5308 2225 5363 debuit
2255 5324 2350 5378 per
2364 5309 2546 5364 omnia
2570 5309 2828 5367 fratribus
2859 5312 3149 5368 assimilari
3176 5312 3282 5366 ⁸⁸.»
3304 5311 3620 5368 Similitudo

2039 5408 2221 5456 autem
2257 5420 2274 5451 ι
2313 5417 2409 5471 per
2459 5402 2673 5469 omnia,
2713 5420 2734 5453 ι
2765 5402 2983 5458 initium
3031 5402 3427 5470 quodammodo
3458 5414 3622 5474 atque

2038 5493 2392 5560 primordium
2415 5494 2575 5550 habet
2607 5495 2944 5551 nativitatem
2966 5510 3036 5551 ex
3070 5494 3319 5562 muliere,
3348 5504 3405 5551 et
3445 5495 3620 5552 mani-

2036 5580 2381 5640 l‘estationem
2405 5585 2456 5639 in
2482 5599 2648 5641 carne
2667 5585 2784 5655 ejus
2805 5585 2896 5656 qui
2926 5585 3080 5657 juxta
3146 5586 3422 5656 propriam
3457 5597 3619 5642 natu-

2038 5690 2154 5729 ram
2183 5677 2333 5732 cerui
2385 5678 2591 5747 nequit,
2637 5687 2691 5734 et
2747 5677 3170 5749 dispensativatu
3223 5679 3617 5739 habitationem
