4050 6412
474 408 611 469 ινδ-ι

1500 411 1557 467 S.
1597 411 1870 471 CYRILIJ
1911 413 2377 469 ALEXANDle
2419 414 2739 470 AHCIIIEP.

3583 407 3721 465 i238

471 530 613 583 inter
666 542 787 593 nos,
815 525 934 599 ejus
990 528 1080 597 qui
1141 527 1654 591 excellentissimum
1705 543 1900 587 nomen
1958 545 2018 582 es

2143 527 2236 580 τοῦ
2271 527 2415 581 κατά
2460 527 2623 598 φύσιν
2675 526 2810 579 ίδίαν
2843 527 2941 595 οὐχ
2985 521 3213 594 ὁρατοῦ,
3248 520 3343 575 καὶ
3386 519 3484 590 τὴν
3517 521 3574 573 ὲν
3605 521 3723 583 τοῖς

469 628 814 686 consecutus,
846 628 903 675 et
943 619 1301 674 humilitatem
1322 620 1373 673 in
1409 619 1771 684 humanitate,
1802 607 1921 689 éjus
1946 619 2036 688 qui

469 709 523 763 in
552 709 821 779 supremis
878 709 1085 765 thronis
1104 708 1359 780 effulget;
1387 717 1441 764 et
1472 709 1686 764 servilis
1712 709 2041 764 conditionis

464 799 664 859 factum
720 816 859 864 esse,
909 800 995 863 cui
1027 800 1322 855 dominium
1371 801 1691 863 naturaliter
1733 802 2035 872 competit:

468 909 487 943 ι
526 890 661 947 Deus
688 892 832 947 enim
862 900 979 947 erat
1009 891 1241 947 Verbum
1281 892 1349 945 ⁸³.
1380 911 1399 952 ο

532 1068 590 1122 Β.
619 1069 785 1125 Recte
814 1070 1032 1140 quidem
1088 1070 1328 1128 disseris.
1385 1068 1651 1125 Caeterum
1698 1071 1825 1125 illud
1870 1071 2035 1126 etiam

460 1163 609 1232 ipsos
638 1163 817 1217 direre
853 1163 1012 1226 st-ito,
1049 1175 1228 1231 neque
1257 1162 1403 1218 enim
1427 1162 1650 1230 intelligi
1675 1177 1851 1229 posse,
1877 1173 2038 1230 atque

460 1253 596 1307 adeo
617 1252 913 1315 absurdum
943 1268 1067 1309 esse
1096 1253 1411 1308 existimare
1458 1262 1511 1308 et
1546 1254 1724 1309 dicere
1777 1253 2032 1318 Verbum,

459 1344 600 1412 quod
619 1343 874 1397 ineﬂahili
911 1344 1143 1411 quadam
1170 1345 1379 1399 ratione
1405 1354 1569 1414 atque
1590 1345 1917 1400 intellectum
1942 1360 2039 1399 ex-

458 1435 683 1489 cedente
707 1449 773 1488 ex
808 1435 915 1488 Deo
943 1434 1104 1490 Patre
1129 1444 1231 1501 est,
1254 1436 1544 1489 secundam
1576 1450 1790 1504 quoque
1818 1450 1884 1489 ex
1918 1452 2037 1490 mu-

457 1525 591 1581 liere
621 1526 954 1579 nativitatem
987 1526 1239 1581 subiisse.
1274 1524 1529 1579 Sullicere
1559 1527 1703 1581 enim
1735 1526 1834 1594 ipsi
1859 1529 2033 1592 aiunt,

455 1617 597 1686 quod
643 1615 812 1671 semel
871 1632 934 1671 ex
974 1616 1135 1673 Patre
1167 1617 1348 1671 divino
1378 1631 1530 1672 more
1556 1618 1770 1686 genitus
1796 1619 1887 1674 sit.

526 1704 593 1773 Δ.
630 1704 895 1772 insultant
922 1707 1101 1775 itaque
1126 1706 1299 1773 Filio;
1332 1721 1508 1776 neque
1541 1716 1691 1763 recte
1724 1707 1898 1776 ipsum
1928 1708 2030 1764 sibi

456 1798 798 1863 consuluisse
829 1800 999 1862 aiunt,
1045 1798 1137 1867 qui
1168 1799 1524 1855 voluntariam
1560 1815 1657 1867 pro
1710 1799 1863 1854 nobis
1930 1814 2030 1854 ex-

2143 619 2269 675 καθ’
2313 621 2465 690 ἡμᾶς
2512 618 2737 679 κάθεσιν
2762 615 3112 686 οἰκονομικήν
3145 612 3239 667 τοῦ
3287 614 3346 666 ὲν
3394 611 3720 682 ὐπερτάτοις

2140 709 2293 774 ὄντος
2315 711 2567 780 ὀνόμασι,
2594 709 2690 764 καὶ⁵
2716 708 2777 761 τὸ
2811 710 2871 761 ὲν
2900 706 3280 777 ἀνθρωπότητι
3307 706 3590 767 ταπεινὸν,
3619 702 3718 758 τοῦ

2137 805 2251 865 τοῖς
2291 802 2556 857 ἀνωτάτω
2587 800 2797 871 θρόνοις
2829 798 3208 869 ἐμπρέποντας
3232 835 3248 859 ,
3288 796 3384 850 καλ⁵
3422 795 3483 848 τὸ
3526 796 3584 848 ἄν
3620 794 3720 865 μέ-

2138 906 2289 961 τροις
2325 891 2580 959 γενέσθαι
2614 893 2728 954 τοῖς
2772 890 3063 951 οἱκετικοίς
3096 887 3190 941 τὸν
3217 888 3276 940 ὲν
3300 875 3581 958 κυριόὶητι
3624 902 3721 956 φυ-

2140 984 2266 1052 σικῇ
2288 997 2305 1013 ·
2335 999 2355 1034 ι
2388 982 2522 1045 Θεὸς
2552 981 2662 1052 γὰρ
2695 980 2867 1048 Λόγος
2897 975 2985 1050 ἦν.
3021 998 3039 1030 ι

2207 1074 2267 1127 Β.
2291 1074 2485 1144 Διανοῇ
2511 1073 2610 1143 μὲν
2635 1071 2811 1143 ὀρθῶς
2827 1088 2840 1102 ·
2883 1072 3023 1141 πλὴν
3049 1070 3158 1124 ῐσθι
3182 1088 3265 1123 τοι
3294 1070 3517 1124 κάκεῖνο
3535 1067 3721 1139 ἐροῦν-

2136 1181 2237 1228 τας
2257 1206 2274 1231 ,
2323 1164 2400 1228 ὡς
2441 1164 2732 1233 ἀνέφικτον
2770 1164 2854 1235 εἴη
2885 1162 3027 1232 τάχα
3055 1179 3163 1215 που
3193 1162 3287 1215 καὶ
3316 1161 3546 1225 ἀκαλλὲς
3573 1203 3588 1227 ,
3621 1160 3717 1218 τὸν

2136 1255 2201 1307 ἐκ
2223 1254 2357 1307 Θεοῦ
2390 1253 2625 1324 Πατρὺς.
2655 1293 2670 1308 .
2702 1295 2715 1308 .
2757 1293 2771 1308 .
2812 1293 2827 1306 .
2865 1252 2936 1306 τά
2961 1254 3155 1319 Λόγον,
3187 1253 3516 1325 ἀπορρήτως
3539 1251 3717 1305 τεκαὶ

2138 1345 2277 1414 ὑπὲρ
2316 1344 2462 1406 νοῦν,
2491 1343 2700 1398 οἴεσθαί
2743 1360 2806 1397 τε
2839 1342 2935 1396 καὶ
2959 1341 3159 1411 λέγειν,
3208 1342 3301 1395 καὶ
3325 1342 3583 1413 δευτέραν
3614 1342 3715 1412 τὴν

2136 1436 2201 1487 ὲκ
2231 1434 2489 1502 γυναικὸς
2516 1434 2811 1504 ὑπομεῖναι
2843 1435 3119 1505 γέννησιν.
3139 1433 3381 1504 ’Λπόχρη
3408 1433 3518 1504 γὰρ
3540 1435 3712 1506 αὐτῷ,

2136 1526 2287 1593 φασὶ,
2326 1525 2385 1579 τὸ
2411 1524 2560 1599 ἅπαξ
2599 1528 2662 1579 ὲκ
2693 1526 2904 1598 Πατρδς
2934 1526 3263 1597 γεννηθῆναι
3295 1524 3640 1595 θεοπρεπῶς.

2206 1710 2269 1762 Α.
2306 1709 2538 1778 Οὐκοῦν,
2581 1712 2970 1783 ἐπιπλήττουσι
2998 1712 3076 1783 τῷ
3104 1713 3220 1783 Υίῷ
3245 1754 3259 1780 ,
3291 1713 3387 1766 καὶ
3430 1712 3531 1765 οὐκ
3578 1711 3715 1783 ὸρθά

2141 1800 2524 1870 βεϐουλεῦσθαί
2536 1820 2699 1872 φασιν
2721 1805 2906 1866 αὐτὸν,
2932 1805 3030 1875 τὴν
3053 1805 3120 1859 δι’
3155 1806 3302 1875 ήμᾶς
3335 1805 3565 1859 κένωσιν
3590 1805 3713 1858 ἑθε-

456 1890 811 1951 inanitionem
868 1889 1118 1943 subierit.
1173 1887 1380 1945 Vanum
1437 1898 1616 1949 autem
1679 1887 1836 1944 fuerit
1870 1899 2022 1960 atque

2133 1889 2345 1946 λούσιον
2394 1894 2785 1963 ὑπομείναντα.
2834 1897 3193 1966 Κατήργηται
3241 1896 3319 1961 δὲ,
3366 1896 3463 1950 καὶ
3505 1898 3713 1950 εἰκαῖον

456 1985 612 2039 inane
640 1983 1000 2037 venerandum
1023 1997 1086 2035 ac
1109 1997 1360 2047 magnum
1386 1980 1660 2050 religionis
1689 1980 2022 2050 mysterium,

2134 1984 2235 2056 ήδη
2268 1984 2384 2049 πώς
2412 1987 2528 2039 ἐστι
2563 1986 2625 2040 τὸ
2656 1988 2854 2040 σεπτὸν
2887 1988 2978 2040 καὶ
3006 1988 3147 2059 μέγα
3173 1988 3275 2058 τῆς
3297 1988 3580 2052 εὐσεϐείας
3609 2006 3711 2059 μυ-

450 2086 502 2130 et
529 2075 840 2144 prmclaram
872 2074 1015 2128 illam
1047 2088 1111 2129 ac
1135 2073 1461 2143 singularem
1481 2071 1750 2143 Unigeniti
1784 2072 1837 2127 in
1867 2087 2022 2127 carne

2132 2075 2353 2147 στήριον
2372 2117 2387 2142 ,
2415 2076 2475 2129 τὸ
2503 2077 2602 2147 τῆς
2653 2078 2793 2148 μετά
2839 2078 3039 2149 σαρκὸς
3066 2078 3377 2149 οἰκονομίας
3411 2078 3503 2131 τοῦ
3535 2079 3712 2131 Μονο-

452 2167 906 2237 dispensationem
942 2164 1497 2234 infrugiferatnplaue
1550 2165 1857 2221 hominibus
1906 2181 2022 2222 esse

2130 2168 2321 2236 γενοῦς
2349 2169 2600 2239 εὐτεχνὲς
2620 2210 2636 2234 ,
2668 2170 2926 2241 ἀνόνητον
2959 2170 3318 2239 ἀποφαίνουσι
3347 2172 3458 2234 τοῖς
3490 2170 3583 2221 ἐπὶ
3611 2169 3714 2239 τῆς

452 2260 1016 2316 statuunI.C:etcrntn
1079 2260 1293 2337 illorum
1363 2275 1535 2329 nugas
1583 2258 1761 2313 locum
1820 2258 2022 2313 nullum

2129 2260 2262 2329 γῆς·
2318 2260 2435 2314 ἀλλ’
2485 2262 2547 2314 οὐ
2594 2264 2705 2325 τοῖς
2736 2262 2959 2315 ἐκείνων
3004 2261 3392 2333 βατταρισμοῑς
3418 2260 3480 2313 τὸ
3514 2260 3715 2330 χρῆναι

451 2355 655 2411 habere
684 2354 882 2408 debere
909 2351 1125 2406 Veritas
1154 2352 1267 2418 ipsa
1299 2350 1668 2420 evincit,qnin
1701 2353 1878 2421 potius
1907 2351 2026 2407 illos

450 2446 723 2515 redarguit
755 2445 1089 2514 ineptissime
1128 2444 1419 2509 blaterare,
1474 2454 1529 2497 et
1562 2443 1764 2497 Christi
1827 2452 2026 2513 myste-

448 2539 587 2599 rium
623 2537 766 2591 nullo
786 2538 998 2605 penitus
1057 2537 1216 2590 modo
1289 2536 1603 2605 intelligere.
1654 2534 1788 2589 Nam
1839 2536 2028 2605 genuit

445 2631 661 2699 quidem
700 2627 844 2684 Dens
873 2644 936 2683 ac
970 2628 1128 2682 Pater
1178 2627 1373 2681 Filium
1433 2644 1497 2681 ex
1561 2629 1760 2696 seipse,
1801 2642 2028 2695 genera-

446 2722 595 2777 tione
624 2736 748 2775 una.
787 2721 1053 2775 Cmternm
1094 2720 1294 2789 placuit
1339 2720 1388 2774 ei
1438 2720 1750 2774 instaurare
1800 2722 1850 2773 in
1909 2720 2024 2789 ipso

445 2828 614 2884 genus
646 2812 936 2867 humanum
964 2828 1061 2882 per
1088 2813 1510 2866 incarnatidnem
1591 2812 1707 2866 sive
1762 2812 2023 2866 humana-

447 2907 671 2969 tionem,
728 2920 889 2973 quam
941 2904 1162 2959 omnino
1216 2903 1329 2957 ﬁeri
1380 2905 1621 2973 oportuit
1672 2920 1769 2973 per
1824 2905 2022 2958 nativi-

446 3008 610 3052 tatem
641 3012 707 3051 ιιι
738 2996 982 3060 muliere,
1009 2996 1168 3066 722
1200 3005 1257 3050 ut
1286 3011 1381 3065 per
1416 2996 1825 3050 similitudinem
1861 3010 2021 3064 quam

445 3090 722 3145 nobiscum
754 3087 915 3142 habet
938 3087 1166 3142 Verbum
1197 3105 1265 3142 ex
1302 3088 1409 3142 Deo
1439 3097 1644 3151 ortum,
1689 3088 2021 3142 condemno-

446 3192 533 3237 tur
564 3182 782 3252 quidem
812 3181 863 3235 in
886 3180 1143 3235 tnemlnis
1176 3181 1360 3234 carnis
1411 3189 1611 3233 nostra:
1662 3179 1744 3233 lex
1775 3180 2017 3247 peceati;

445 3273 500 3326 in
539 3271 895 3327 similitudine
931 3281 1109 3325 autem
1143 3270 1333 3323 mortis
1379 3268 1497 3337 ejus
1519 3270 1608 3338 qui
1657 3282 1885 3324 mortem
1912 3286 2018 3323 non

446 3362 615 3425 novit,
644 3370 937 3416 evacuetur
969 3375 1135 3413 mors.
1172 3377 1191 3413 ι
1231 3359 1287 3413 Si
1314 3359 1456 3412 enim
1492 3358 1840 3426 complantati
1894 3359 2021 3413 facti

444 3467 653 3516 sumus,
685 3450 883 3520 inquit,
931 3448 1272 3505 similitudini
1321 3450 1514 3503 mortis
1573 3448 1688 3517 ejus
1722 3466 1734 3499 :
1763 3449 1924 3503 simul
1969 3458 2025 3504 et

442 3541 826 3598 resurrectioni
860 3540 1064 3594 erimus
1088 3541 1158 3594 ⁸⁵.
1201 3559 1219 3592 ι
1265 3538 1585 3594 Necessario
1614 3541 1798 3609 itaque
1840 3540 1886 3594 is
1931 3540 2021 3609 qui

441 3649 656 3704 Ietuper
684 3635 921 3697 exsistit,
957 3642 1209 3688 natusesl
1241 3633 1543 3689 secundum
1566 3648 1810 3696 carnem,
1837 3643 2021 3688 nostra

441 3729 494 3782 in
520 3728 753 3797 seipsum
788 3727 1141 3792 transferens,
1178 3735 1237 3779 ut
1276 3725 1530 3779 nimirum
1561 3725 1833 3794 genimina
1898 3740 2021 3779 car-

443 3820 547 3883 nis,
575 3820 675 3874 hoc
702 3827 804 3883 est,
833 3833 951 3879 nos,
979 3817 1312 3885 corruptioni
1344 3815 1745 3885 perditioniqne
1774 3816 2018 3880 obnoxii,

441 3926 758 3967 maneamus
783 3911 836 3964 in
896 3911 1032 3979 ipso,
1094 3909 1292 3978 quippe
1335 3908 1449 3976 qui,
1495 3922 1615 3976 qua:
1647 3918 1832 3962 nostra
1870 3917 2015 3974 sunt,

440 4004 657 4075 propria
688 4003 790 4059 sibi
827 4001 1038 4067 fecerit,
1062 4010 1117 4056 et
1144 4016 1244 4055 sua
1272 4001 1450 4056 nobis.
1484 4000 1711 4070 l‘ropler
1741 4016 1839 4055 nos
1870 4001 2013 4055 enim

440 4096 607 4165 eguit,
642 4111 764 4149 cum
818 4102 965 4149 esset
1021 4094 1201 4160 ἀει-οε,
1265 4102 1323 4146 ιιι
1367 4092 1652 4163 nosipsius
1676 4093 1853 4162 inopia
1879 4094 2017 4148 dites

440 4186 797 4243 evaderemus
822 4185 890 4241 η.
918 4184 1017 4252 Qui
1045 4201 1175 4239 vero
1229 4193 1481 4240 asserunt
1532 4198 1639 4237 non
1679 4184 1854 4252 ipsum
1886 4182 2019 4237 Ver-

439 4282 567 4336 bum
597 4292 661 4333 οι
689 4277 797 4333 Deo
831 4277 1031 4332 factum
1060 4292 1180 4332 esse
1209 4292 1426 4333 carnem
1445 4292 1508 4329 ex
1539 4275 1783 4340 muliere,
1801 4289 2016 4331 omnem

440 4358 633 4428 salutis
654 4381 854 4426 nostra:
901 4371 1367 4439 dispensationem
1422 4367 1637 4422 tollunt.
1696 4366 1809 4420 Nisi
1870 4366 2015 4420 enim

439 4465 592 4520 dives
622 4478 741 4518 cum
774 4470 920 4517 esset
947 4461 1238 4530 σεσήκωται
1262 4463 1525 4514 immensa
1558 4473 1654 4513 sua
1683 4457 2018 4526 benignitate

2124 2354 2352 2422 κρατεῖν
2395 2355 2424 2406 ὁ
2466 2353 2565 2422 τῆς
2618 2352 2877 2423 ἀληθείας
2930 2353 3116 2423 ἐφίησι
3156 2352 3353 2421 λόγος,
3407 2350 3615 2419 ἐλέγξει
3652 2349 3713 2404 δὲ

2135 2443 2358 2510 μᾶλλον,
2386 2444 2769 2498 ἀσυνετώτατα
2801 2446 2898 2515 μὲν
2922 2444 3398 2515 πεφλυαρηκότας,
3426 2442 3632 2504 εἰδότας
3654 2441 3727 2495 δὲ*

2128 2535 2249 2586 κατ’
2266 2533 2455 2587 οὐδένα
2472 2534 2672 2605 τρόπον
2700 2534 2761 2588 τὸ
2787 2533 3024 2606 Χριστοῦ
3059 2534 3375 2605 μυστήριον.
3405 2531 3711 2602 Γεγέννηκε

2131 2628 2227 2696 μὲν
2253 2625 2361 2696 γὰρ
2389 2628 2417 2678 ό
2449 2626 2580 2689 Θεὸς
2611 2628 2705 2681 καὶ
2740 2626 2931 2699 Πατὴρ
2977 2626 3069 2679 τὸν
3110 2626 3238 2679 Υἰδν
3265 2624 3324 2690 ἐξ
3353 2623 3711 2690 έαυτοῦ,γεν-

2126 2720 2279 2790 νήσει
2329 2721 2455 2791 μιᾷ·
2498 2720 2637 2791 πλὴν
2676 2721 2968 2790 εὐδόκησεν
3002 2721 3060 2773 ἐν
3095 2719 3245 2789 αὐτῴ
3275 2718 3337 2771 τὸ
3368 2717 3710 2788 ἀνθρώπινον

2124 2811 2403 2869 ἀνασῶσαι
2458 2812 2655 2880 γένος,
2703 2813 2891 2884 τρόπῳ
2941 2811 3020 2884 τῷ
3074 2811 3218 2866 κατὰ
3259 2810 3356 2880 τὴν
3408 2811 3709 2882 σάρκωσιν,

2125 2902 2293 2971 ήγουν
2324 2903 2765 2974 ἐνανθρώπησιν,
2797 2904 2863 2975 ήν
2890 2906 3069 2975 πάντη
3096 2921 3157 2956 τε
3191 2904 3286 2956 καὶ
3310 2900 3711 2971 πάντωςῪενέο

2127 2994 2250 3047 σθαι
2280 2994 2471 3064 ἐχρῆν,
2499 2994 2588 3048 ὂιά
2616 2997 2922 3065 γεννήσεως
2945 2996 3186 3065 δηλονότι
3210 2994 3308 3064 τὴν
3341 2996 3405 3047 ὲκ
3429 2992 3708 3062 γυναικὸς,

2125 3088 2215 3141 ἵνα
2246 3092 2315 3160 τῇ
2346 3088 2482 3157 πρὸς
2507 3090 2654 3159 ἡμᾶς
2687 3089 2946 3160 ὁμοιώσει
2974 3089 3066 3143 τοῦ
3102 3090 3168 3143 έκ
3198 3088 3333 3142 Θεοῦ
3364 3089 3559 3158 φύντος
3600 3087 3710 3140 Λό-

2127 3200 2249 3252 γου,
2299 3184 2698 3255 κατακρίνηται
2749 3184 2849 3252 μὲν
2889 3184 2947 3235 ὲν
2982 3184 3094 3245 τοῖς
3131 3181 3316 3252 μέλεσι
3357 3182 3457 3251 τῆς
3507 3180 3711 3251 σαρκὸς

2128 3277 2230 3346 τῆς
2257 3277 2532 3348 ἁμαρτίας
2564 3278 2591 3328 ό
2621 3276 2804 3346 νόμος,
2842 3276 2900 3328 ὲν
2924 3272 3233 3344 ὁμοιώματι
3257 3272 3314 3327 δὲ
3339 3272 3573 3326 Θανάτου
3612 3272 3709 3325 τοῦ

2131 3369 2208 3439 μὴ
2268 3368 2472 3431 εἰδότος
2528 3367 2693 3422 αὐτὸν
2740 3366 3088 3434 καταργῆται
3140 3364 3389 3427 θάνατος’
3446 3382 3465 3414 ⁴
3502 3365 3566 3416 Εἰ
3600 3364 3712 3435 γὰρ

2131 3460 2408 3531 σύμφυτοι
2455 3466 2793 3532 γεγόναμεν,
2828 3458 2963 3529 φησὶ
2984 3499 2998 3522 ,
3031 3457 3110 3526 τῷ
3142 3456 3451 3527 ὁμοιώματι
3490 3456 3585 3510 τοῦ
3613 3457 3713 3509 θαι

2127 3552 2287 3605 νάτου
2318 3551 2482 3605 αὐτοῦ
2509 3594 2524 3616 ,
2557 3550 2691 3604 ἁλλά
2722 3550 2816 3603 καὶ
2850 3549 2947 3618 τῆς
2985 3548 3335 3611 ἀναστάσεως
3374 3546 3633 3617 ἐσόμεθα.
3684 3565 3704 3598 ι

2128 3642 2334 3696 Οὐκοῦν
2374 3642 2690 3710 ἀναγκαίως
2721 3643 2749 3693 ό
2776 3638 2852 3693 ὣν
2891 3640 2985 3693 καὶ
3011 3641 3039 3693 ό
3078 3638 3339 3710 ὑπάρχων
3381 3637 3711 3706 γεγέννηται

2127 3734 2267 3787 κατά
2303 3733 2503 3802 σάρκα,
2534 3732 2604 3784 τά
2638 3732 2797 3802 ἡμῶν
2832 3734 2913 3794 εἰς
2959 3730 3150 3783 ἑαυτὸν
3180 3730 3456 3800 μεταθεὶς,
3505 3730 3593 3782 ἵνα
3640 3729 3712 3783 τά

2130 3824 2335 3896 σαρκὸς
2360 3825 2699 3894 γεννήματα,
2723 3823 3023 3887 τουτέστιν,
3076 3823 3240 3892 ἡμεῖς
3283 3823 3332 3875 οί
3384 3821 3614 3891 φθαρτοί
3648 3837 3711 3873 τε

2127 3919 2222 3972 καὶ⁵
2263 3915 2669 3985 ἀπολλύμενοι,
2742 3914 2995 3985 μένωμεν
3043 3915 3102 3966 ὲν
3147 3912 3318 3983 αὐτῷ,
3367 3912 3474 3966 ῐδια
3519 3912 3709 3965 λοιπὸν

2125 4010 2301 4079 ἔχοντι
2330 4008 2397 4062 τὰ
2440 4006 2620 4077 ἡμῶν,
2656 4006 2741 4059 ἵνα
2773 4005 2866 4059 καὶ
2905 4005 3065 4075 ἡμεῖς
3113 4002 3183 4056 τὰ
3220 4002 3404 4057 αὐτοῦ.
3448 4001 3527 4056 Δι’
3558 4005 3710 4073 ἡμᾶς

2124 4102 2235 4170 γὰρ
2277 4097 2591 4169 ἐπτώχευσε
2623 4098 2878 4159 πλούσιος
2921 4095 3018 4162 ὣν,
3056 4096 3142 4149 ἵνα
3188 4094 3365 4165 ἡμεῖς’
3394 4098 3460 4165 τῇ
3495 4095 3709 4147 ἐκείνου

2123 4191 2370 4261 πτωχείᾳ
2396 4190 2809 4259 πλουτήσωμεν.
2840 4187 3147 4249 Φάσκοντές
3169 4202 3234 4254 γε
3259 4186 3385 4256 μὴν,
3414 4185 3515 4238 οὐκ
3541 4186 3711 4239 αὐτὸν

2120 4283 2372 4351 γενέσθαι
2411 4283 2589 4351 σάρκα
2630 4281 2721 4337 τόν
2752 4282 2817 4337 ἐκ
2860 4278 2997 4335 Θεοῦ
3042 4278 3237 4346 Λόγον,
3274 4277 3392 4347 ήτοι
3444 4277 3709 4345 γέννησιν

2125 4375 2416 4444 ὑπομεῖναι
2450 4375 2549 4445 τὴν
2584 4372 2726 4426 κατά
2767 4374 2946 4443 σάρκα
2997 4371 3060 4422 ὲκ
3101 4368 3377 4436 γυναικὸς,
3421 4367 3709 4437 ἀναιροῦσι

2125 4466 2223 4533 τὴν
2255 4466 2587 4536 οἰκονομίαν.
2629 4466 2692 4518 Εἰ
2723 4465 2834 4536 γάρ
2864 4463 2939 4534 μὴ
2968 4462 3223 4525 πλούσιος
3255 4459 3331 4513 ὢν
3370 4459 3709 4530 ὲπτὼχευσε,

436 4571 501 4609 se
539 4554 605 4607 ad
638 4561 822 4607 nostra
842 4552 1156 4617 demittens,
1191 4566 1259 4605 ne
1289 4565 1384 4603 nos
1422 4548 1640 4616 quidem
1672 4562 1793 4616 quae
1847 4546 2018 4615 ipsius

2128 4556 2314 4619 καθεὶς
2346 4557 2535 4610 ἑαυτὸν
2562 4560 2676 4620 τοῖς
2706 4556 2826 4609 καθ’
2855 4556 3003 4626 ἡμᾶς
3027 4557 3095 4608 ὲκ
3121 4552 3553 4624 φιλανθρωπίας,
3585 4552 3708 4605 οὐδὲ

438 4657 564 4700 sunt
587 4642 865 4699 consecuti
895 4658 1081 4699 sumus
1111 4663 1124 4697 :
1151 4643 1243 4698 sed
1274 4642 1448 4695 adhuc
1473 4640 1528 4693 in
1561 4639 1728 4693 veteri
1777 4647 2021 4707 egestate

437 4752 745 4800 versamur,
798 4735 1277 4804 cxseerationique
1333 4742 1388 4787 et
1445 4730 1612 4786 morti
1666 4744 1729 4783 ac
1794 4738 2019 4796 peccato

432 4827 895 4886 Obnoxiisumus.
946 4825 1079 4881 Nam
1134 4840 1200 4880 eo
1261 4823 1377 4892 ipso
1436 4823 1580 4890 quod
1622 4820 1858 4876 Verbum
1894 4835 2020 4878 earo

436 4930 642 4975 tactum
676 4930 782 4987 est,
806 4918 1017 4974 sublata
1045 4927 1172 4973 sunt
1209 4930 1273 4969 ea
1302 4930 1426 4983 quae
1446 4928 1511 4968 ex
1548 4912 1931 4969 maledictionc
1962 4925 2018 4968 et

434 5013 893 5070 condemnatione
932 5012 1181 5063 humanm
1208 5015 1418 5059 natura:
1474 5005 1807 5061 acciderant.
1869 5004 2015 5072 Quo-

356 5147 365 5155 .
436 5105 587 5159 circa
622 5104 666 5158 si
696 5099 891 5159 salutis
918 5109 1119 5153 nostra:
1153 5096 1391 5150 radicem
1431 5098 1761 5161 convellunt,
1817 5108 1867 5152 et
1899 5099 2012 5166 spei

435 5208 638 5253 nostra;
656 5195 1071 5249 fundamentum
1128 5191 1468 5255 subvertunt,
1495 5190 1622 5261 quid
1674 5191 1927 5260 deinceps
1953 5191 2019 5245 de

436 5289 595 5345 nobis
620 5286 749 5341 lict?
792 5282 924 5337 Nam
952 5283 995 5335 si
1028 5280 1265 5335 Verbum
1296 5295 1426 5337 caro
1458 5282 1656 5338 factum
1683 5298 1788 5340 non
1836 5292 1938 5348 est,
1960 5290 2019 5336 ut

437 5380 572 5444 dixi,
606 5392 673 5433 ne
703 5373 897 5430 tnortis
928 5373 1145 5441 quidem
1196 5372 1479 5441 imperium
1512 5388 1799 5426 excussum
1823 5381 1924 5433 est,
1956 5383 2011 5424 et

436 5479 719 5540 peccatum
773 5463 915 5519 nulla
934 5465 1144 5520 ratione
1176 5463 1435 5519 abolitum
1475 5465 1655 5528 fuerit,
1704 5465 1798 5519 sed
1843 5464 2024 5518 adhuc

437 5561 604 5629 primi
629 5556 890 5627 parentis,
926 5557 1028 5613 hoc
1054 5565 1156 5625 est,
1184 5556 1398 5622 Adami,
1434 5554 1865 5627 prtevaricationi
1920 5555 2016 5610 ob-

439 5654 586 5707 noxii
619 5665 827 5715 sumus,
876 5666 1047 5721 neque
1078 5651 1130 5704 in
1190 5648 1463 5717 meliorem
1513 5656 1713 5703 statum
1775 5645 2019 5701 translati

1444 5831 1485 5861 ⁸⁵
1510 5827 1553 5883 ll
1582 5827 1708 5884 Cur.
1741 5843 1855 5896 τινι,
1883 5829 1935 5883 9.

515 5831 560 5863 ⁵³
589 5830 742 5888 Joan.
768 5847 805 5901 ι,
837 5833 880 5885 l.
959 5833 999 5862 "‘
1032 5830 1185 5886 lium.
1210 5846 1279 5899 Vt,
1314 5831 1363 5883 5.

2127 4650 2289 4719 ἡμεῖς
2332 4648 2399 4701 τὰ
2434 4648 2599 4702 αὐτοῦ
2650 4648 3131 4719 πεπλουτήκαμεν,
3180 4645 3295 4702 ἀλλ’
3328 4646 3496 4717 ἐσμὲν
3532 4647 3591 4698 έν
3628 4645 3708 4715 τῷ

2124 4740 2423 4811 πτωχεύειν
2479 4742 2559 4795 ἔτι
2610 4742 2704 4796 καὶ
2750 4741 2860 4812 ἀρᾷ
2909 4740 3007 4794 καὶ
3052 4739 3268 4810 θανάτῳ
3317 4740 3410 4792 καὶ
3457 4737 3707 4808 ἁμαρτίᾳ

2122 4833 2490 4903 ὲνισχημένοι.
2526 4834 2599 4886 Τὸ
2631 4831 2825 4904 γάρτοι
2874 4831 3128 4900 γενέσθαι
3160 4831 3341 4903 σάρκα
3384 4830 3478 4884 τὸν
3510 4831 3706 4898 Λόγον,

2127 4925 2281 4978 λύσιν
2319 4926 2430 4995 ἔχει
2461 4926 2553 4979 καὶ
2585 4925 2899 4996 ἀνατροπὴν
2930 4924 3040 4978 τῶν
3065 4921 3127 4988 ἐξ
3153 4924 3293 4996 ἀρᾶς
3317 4923 3412 4977 καὶ
3440 4924 3598 4994 δίκης
3636 4926 3705 4993 τῇ

2124 5017 2218 5070 τοῦ
2279 5016 2564 5089 ἀνθρώπου
2624 5017 2784 5088 φύσει
2836 5015 3284 5087 συμϐεϐηκότων.
3341 5016 3587 5080 Οὐκοῦν,
3656 5017 3704 5069 εί

2124 5108 2549 5178 ἀναὸοθρεύουσι
2580 5111 2680 5179 τῆς
2723 5108 2999 5179 σωτηρίας
3033 5106 3190 5179 ἡμῶν
3232 5107 3331 5178 τὴν
3381 5106 3570 5177 ῥίζαν,
3613 5108 3705 5160 καὶ

2125 5198 2216 5251 τὸν
2259 5198 2358 5267 τῆς
2392 5198 2606 5262 ἐλπίδος
2640 5198 2890 5270 θεμέλιον
2922 5198 3312 5270 ἀνορύττουσι,
3343 5200 3447 5252 ποῦ
3475 5198 3545 5252 τά
3588 5208 3721 5270 μετ’

2124 5289 2289 5343 αὐτὸν
2337 5288 2417 5342 ἔτι
2469 5289 2744 5356 κείσεται;
2796 5292 2871 5345 Οὐ
2918 5291 3025 5361 γὰρ
3069 5293 3374 5360 γεγονότος,
3425 5291 3703 5363 ὼςνέφην,

2127 5380 2329 5453 σαρκὸς
2358 5380 2453 5434 τοῦ
2481 5382 2680 5451 Λόγου,
2706 5381 2830 5435 οὐτε
2866 5382 2961 5436 τοῦ
3014 5383 3247 5437 θανάτου
3283 5382 3606 5452 κατεσείσθη
3647 5384 3709 5437 τὸ

2123 5473 2346 5543 κράτος,
2381 5473 2727 5544 κατήργηται
2767 5473 2826 5524 δὲ
2855 5473 2976 5526 κατ’
3006 5474 3202 5527 οὐδένα
3232 5474 3431 5545 τρόπον
3456 5475 3489 5545 ή
3521 5474 3701 5544 ἁμαρ-

2121 5562 2229 5628 τία,
2278 5563 2373 5617 καὶ
2420 5564 2591 5635 ἐσμὲν
2634 5563 2715 5616 ἔτι
2760 5566 2882 5627 ταῖς
2922 5565 3014 5619 τοῦ
3056 5565 3275 5638 πρώτου
3327 5566 3707 5637 παραϐάσεσιν

2125 5652 2335 5724 ἔνοχοι,
2404 5654 2683 5710 τουτέστιν
2743 5654 2951 5727 Ἀδὰμ,
3015 5657 3274 5728 οὐδεμίαν
3346 5657 3704 5727 ἀναφοίτησιν
