4050 6408
334 392 476 449 £239

327 507 553 578 ἔχοντες
582 513 665 577 εἰς
695 514 757 569 r6
778 516 1022 589 ἄμεινον,
1049 522 1148 596 τὴν
1184 525 1275 581 διά
1297 528 1363 597 γέ

322 599 492 667 ἡμῶν
519 602 776 674 Σωτῆρος
799 607 1060 679 Χριστοῦ.

403 690 467 744 Β.
510 692 746 766 Συνίημι
773 697 803 750 ὃ
826 701 952 770 φής.

399 783 465 835 Α.
637 786 684 840 δ’
711 789 780 843 ἂν
809 793 904 847 καὶ
956 799 1130 852 νοοῖτο
1176 802 1315 875 πρὸς
1351 806 1511 877 ἡμῶν
1543 811 1575 863 ὀ
1622 816 1912 888 παραπλη-

323 870 626 973 σίως-ἡμῖν
657 885 1015 973 μετεσχηκὼς
1055 870 1288 962 αἵματος
1310 870 1405 951 καί
1433 903 1655 973 σαρκὸς,
1692 870 1768 970 ῶς
1797 870 1913 962 ετὲ-

328 965 531 1070 ροςῶν
564 972 695 1070 παρ’
725 973 875 1070 ἡμας
906 979 1050 1035 κατὰ
1083 984 1278 1053 φύσιν;
1307 989 1382 1042 Οὐ
1408 965 1518 1065 γάρ
1544 965 1799 1070 rei-qian
1828 1017 1914 1065 τις

425 1056 699 1160 ἀνοθρῶπῳ
730 1065 985 1136 πρέπειν,
1034 1071 1094 1125 τὸ
1140 1052 1557 1151 ἀνθρωπότητος
1598 1052 1909 1160 μείςασέείνῖ

332 1146 402 1252 :0
432 1150 543 1252 γάρ
586 1152 707 1252 ἐστι
750 1159 891 1214 κατὰ
930 1162 1115 1231 φύσιν,
1146 1167 1262 1232 πῶς
1291 1170 1357 1226 άν
1384 1146 1468 1236 τις
1500 1146 1672 1235 νοοέτο
1704 1146 1908 1252 λα’έὼν,

325 1238 640 1337 ῶςᾳὲτερον
680 1246 741 1302 δν
783 1267 837 1303 τι
870 1255 1002 1327 παρ’
1042 1259 1179 1331 ὅπερ
1219 1263 1394 1331 ὲστίν;
1423 1260 1549 1337 ’Ἆρ’
1587 1270 1647 1323 οὐ
1690 1272 1824 1326 πολὺ
1853 1238 1913 1329 τό

324 1332 479 1399 εἰκὸς
504 1337 532 1388 6
562 1337 720 1408 λόγος
749 1342 864 1414 ἔχει
883 1364 901 1413 ;η

398 1513 461 1567 Β.
502 1514 653 1568 Πάνυ
691 1519 789 1587 μὲν
821 1516 933 1576 οὖν.

324 1699 423 1801 καὶ
459 1702 700 1801 άπηχὲς,
732 1708 795 1801 r6
822 1711 1070 1785 ἀναιρεῖν
1103 1698 1399 1799 πειρᾶσθαι
1430 1724 1523 1778 τοῦ
1556 1715 1693 1781 Θεοῧ
1731 1731 1905 1801 Λόγου

322 1790 424 1895 τὴν
480 1794 838 1895 ὲκῌγυναικὸς
894 1806 1038 1887 κατὰ
1076 1790 1275 1880 ’σάρκα
1320 1814 1592 1887 γέννησιν.
1646 1819 1764 1875 Τίνι
1800 1790 1908 1895 γὰρ

1471 410 1662 477 QUOD
1702 415 1890 475 UNUS
1931 419 2041 478 SIT
2080 424 2451 490 CHRISTUS.

2085 731 2146 791 Β.
2178 735 2421 807 Intelligo
2440 739 2568 809 quid
2602 743 2757 799 velis.

2084 825 2151 880 A.
2189 825 2324 893 Quis
2349 844 2477 885 vero
2509 830 2841 904 intelligatur
2873 851 2902 890 a
2935 837 3090 893 nobis
3116 840 3208 910 qui
3241 842 3466 911 perinde
3516 852 3598 899 at-

2014 931 2120 987 que
2142 932 2239 973 nos
2265 921 2546 989 sanguinis
2597 938 2663 980 ac
2720 927 2904 981 carnis
2941 929 3213 999 particeps
3264 930 3443 988 factus
3499 935 3595 999 sit,

2016 1014 2271 1077 tanquam
2306 1010 2555 1068 diversus
2581 1027 2611 1067 a
2644 1014 2799 1071 nobis
2828 1018 3121 1073 secundum
3169 1022 3460 1077 naturam?
3487 1023 3597 1079 Ne-

2012 1096 2288 1163 que-enim
2320 1100 2587 1169 quispiam
2626 1103 2825 1159 dixerit
2849 1108 3144 1162 convenire
3203 1108 3435 1179 homini,
3496 1113 3598 1167 hn-

2014 1186 2291 1243 manitatis
2330 1191 2651 1262 participem
2707 1193 3001 1252 fieri.Nam
3048 1198 3100 1252 id
3140 1201 3283 1268 quod
3320 1203 3593 1256 naturalio

2016 1287 2098 1332 ter
2129 1285 2236 1345 est,
2262 1295 2372 1350 quo
2402 1292 2559 1351 pacto
2600 1285 2725 1355 quis
2754 1287 3030 1357 accepisse
3066 1289 3418 1361 intelligatur,
3439 1291 3592 1361 quasi

2013 1368 2156 1425 aliud
2180 1370 2251 1425 sit
2273 1386 2433 1441 quam
2457 1376 2599 1444 quod
2626 1377 2753 1433 est?
2793 1375 2983 1434 Nonne
3031 1380 3126 1435 tibi
3185 1391 3593 1440 consentaneus

2013 1473 2149 1516 vero
2168 1476 2348 1519 sermo
2382 1480 2534 1522 meus
2556 1468 2812 1525 videtur?

2083 1550 2142 1605 If.
2174 1546 2425 1610 Omnino.

2079 1645 2140 1699 A.
2176 1647 2307 1702 Vide
2331 1657 2511 1704 autem
2537 1651 2700 1706 etiam
2746 1654 2849 1709 alia
2904 1656 3117 1712 ratione
3139 1673 3301 1727 quam
3339 1658 3587 1730 impium,

2009 1748 2278 1805 quamque
2302 1740 2595 1796 absurdum
2624 1744 2694 1798 sit
2722 1743 2884 1800 Verbi
2932 1762 2997 1801 ex
3031 1750 3257 1805 muliere
3283 1751 3584 1806 secundum

2008 1838 2230 1880 carnem
2262 1829 2595 1886 nativitatem
2629 1818 2818 1891 tollere
2854 1838 3063 1891 conari.
3101 1838 3218 1905 Quo
3255 1842 3402 1895 enim
3432 1851 3592 1912 pacto

322 1883 512 1954 τρόπῳ
542 1884 936 1962 ζωοποιήσειεν
959 1883 1026 1950 ἂν
1051 1898 1113 1952 τὸ
1146 1901 1309 1973 σῶμα
1345 1905 1532 1976 αὐτοῦ,
1566 1913 1614 1963 εἰ
1644 1913 1720 1985 μὴ
1756 1883 1904 1969 ἐστιν

324 1971 457 2003 rx”...
485 1975 649 2003 -.'.--.‘:
699 1978 756 2003 η-
784 1981 903 2003 ι--.·
943 1984 979 2003 νγ
1028 1986 1040 2003 ι
1170 1986 1197 1999 ~
1303 1990 1317 2003 .
1388 1988 1416 2003 ν
1531 1997 1568 2003 --
1679 1999 1704 2003 _
1817 2000 1829 2003 -

2440 1883 2449 1885 ἡ
2633 1883 2817 1891 -__----
2859 1883 3062 1891 --..-...-
3106 1883 3215 1905 ,ιην
3432 1883 3590 1912 ,μων

2007 1916 2284 1984 viviﬁcare
2315 1925 2484 1990 possit
2517 1938 2713 1994 corpus
2741 1941 2920 1991 smnn,
2956 1929 3058 1983 nisi
3079 1930 3152 1983 sit
3196 1932 3475 2001 proprium
3505 1932 3590 2003 ip-

323 1971 457 2026 ἴδιον
483 1975 670 2042 αὐτοῦ,
697 1978 756 2042 ὃς
782 1981 903 2035 ἔστι
936 1984 1085 2056 ζωή;
1119 1986 1237 2052 πῶς
1269 1990 1329 2044 τὸ
1351 1988 1491 2064 αἷμα
1531 1971 1905 2068 Ἰησοέκαθα-

326 2065 466 2135 ρίζει
492 2068 644 2164 ἡμᾶς
807 2075 990 2146 πάσης
1020 2079 1313 2152 ἁμαρτίας,
1337 2083 1496 2157 εἰπερ
1525 2065 1675 2143 ἐστὶν
1698 2091 1910 2164 ἀνθρώο

320 2173 427 2210 που
449 2161 639 2245 κοινοῦ
667 2164 764 2217 καὶ
789 2164 942 2232 ὄντος
971 2170 1062 2239 ὑφ’
1094 2173 1406 2245 ἁμαρτίανς
1440 2179 1559 2243 πῶς
1582 2161 1907 2238 ἀπέστειλεν

318 2247 348 2297 6
377 2240 640 2344 ρεδςκαὶ
667 2256 860 2329 Πατὴρ
886 2259 977 2312 τὸν
1009 2240 1348 2331 Υἱὸνήαδτοῦ,
1381 2240 1675 2341 γενόμενον
1712 2275 1778 2329 ἐκ
1806 2292 1907 2344 γυ-

308 2340 532 2430 -ναικὸς,
566 2346 859 2416 γενόμενον
917 2351 1021 2405 ὑπὸ
1068 2354 1267 2425 νόμον;
1310 2360 1428 2424 πῶς
1474 2364 1762 2437 κατέκρινε
1806 2369 1907 2440 τὴν

306 2424 600 2527 -ἁμαρτίαν
630 2436 690 2490 ὲν
718 2441 785 2511 τῇ
816 2444 981 2513 σαρκί
1001 2440 1023 2509 ;Δ
1045 2448 1120 2500 Οὐ
1148 2449 1265 2521 γὰρ
1288 2445 1357 2522 ἦν
1379 2424 1669 2526 ἀνθρώπου
1698 2424 1931 2527 κοινού,“

316 2523 414 2624 καὶ
466 2531 911 2624 τυραννουμένην
973 2535 1192 2607 ἔχοντος
1255 2544 1373 2613 μεθ’
1433 2523 1591 2616 ήμῶν
1648 2549 1754 2602 ὑπὸ
1806 2523 1906 2624 τῆς

634 2621 737 2690 τὴν
774 2623 959 2692 φύσιν,
1002 2628 1065 2681 τὸ
1106 2614 1571 2708 κατακρῖναιῗτὴν
1603 2614 1902 2712 ἁμαρτίανξ

328 2706 484 2803 Ἐπεὶ
507 2708 565 2763 δὲ
597 2711 759 2784 σῶμα
804 2716 998 2786 γέγονε
1045 2721 1140 2775 τοῦ
1174 2706 1657 2797 πλημμελεῖν-οὑκ
1680 2706 1904 2803 εἰδότος,

325 2798 577 2897 ιαύτῃτοι
620 2806 715 2858 καὶ
756 2809 902 2879 μάλα
938 2813 1165 2879 εἰκότως
1194 2817 1295 2889 τὴν
1334 2820 1436 2890 τῆς
1476 2823 1757 2897 ἁμαρτίας
1800 2798 1906 2881 ιίιτιζ

317 2891 571 2947 εσείσατο
610 2900 924 2969 τυραννίδα,
967 2906 1062 2959 καὶ
1111 2909 1212 2978 τὴν
1261 2911 1497 2983 ἰδιότητα
1556 2917 1778 2972 πλουτεῖ
1808 2921 1902 2974 τοῦ

317 2981 613 3080 άφράστως
640 2990 778 3061 αὐτῇ
828 2995 923 3047 καὶ
957 2998 1034 3059 ὡς
1072 2998 1173 3053 οὐκ
1200 2999 1350 3056 ἔστιν
1380 2981 1672 3072 ἑνωθέντος
1700 3011 1900 3080 Λόγου,

316 3074 474 3173 άγιόν
519 3095 582 3173 τε
620 3082 715 3173 καὶ
771 3082 1035 3148 ζωοποιόν
1092 3092 1233 3155 ἐστι,
1280 3096 1374 3149 καὶ
1422 3098 1522 3169 τῆς
1566 3074 1903 3173 θεοπρεποῦς

316 3167 602 3238 ἐνεργείας
628 3171 904 3242 ἔμπλεων.
943 3179 1030 3243 Ὡς
1063 3182 1121 3234 ὲν
1150 3185 1374 3261 ἀπαρχῇ
1410 3167 1735 3262 δὲ-Χριστῶ,
1774 3210 1899 3263 μετ-

315 3262 746 3360 εστοιχειώμεθα
774 3269 870 3322 καὶ
893 3272 1074 3341 ἡμεῖς,
1100 3276 1183 3338 εἰς
1207 3277 1269 3329 τὸ
1290 3274 1429 3332 εἶναι
1459 3283 1552 3335 καὶ
1577 3283 1782 3360 φθορᾶς
1806 3286 1903 3339 καὶ
1930 3266 1971 3324 C

315 3353 599 3424 ἁμαρτίας
628 3357 960 3428 κρείττονες.
984 3364 1096 3417 Καὶ
1126 3366 1346 3437 ἀληθὲς,
1380 3370 1482 3438 δτι,
1506 3374 1649 3427 κατὰ
1678 3353 1778 3445 τὴν
1807 3376 1900 3429 τοῦ

318 3447 592 3518 μακαρίου
640 3449 852 3505 Παύλου
885 3456 1090 3524 φωνὴν,
1130 3475 1148 3508 ι
1179 3457 1394 3531 ’Ὠσπερ
1417 3461 1758 3534 ὲφορέσαμεν
1805 3464 1901 3535 τὴν

314 3537 503 3591 εἰκόνα
544 3539 643 3591 τοῦ
689 3542 907 3611 χοϊκοῦ,
944 3546 1253 3619 φορέσομεν
1284 3550 1379 3604 καὶ
1428 3551 1527 3624 τὴν
1581 3554 1766 3609 είκόνα
1806 3556 1901 3610 τοῦ

315 3626 665 3696 ἐπουρανίου,
702 3648 721 3682 ι
748 3633 995 3687 τουτέστι
1029 3637 1285 3706 Χριστοῦ.
1324 3640 1674 3714 Ἐπουράνιος
1711 3644 1767 3697 δὲ
1811 3646 1903 3700 ἄν⁴

316 3714 538 3786 θρωπος
562 3722 763 3774 νοεῖται
799 3724 1059 3795 Χριστὸς,
1086 3730 1185 3800 οὐχ
1216 3730 1292 3794 ὼς
1323 3732 1530 3787 ἄνωθεν
1552 3736 1683 3807 ἡμῖν
1717 3740 1810 3791 καὶ
1845 3740 1903 3806 ἐξ

313 3808 549 3879 οὐρανοῦ
583 3810 685 3882 τὴν
720 3814 900 3887 σάρκα
945 3822 1312 3890 κατενεγκὼν,
1357 3826 1475 3880 ἀλλ’
1506 3829 1589 3881 ὅτι
1616 3829 1750 3894 Θεὸς
1776 3830 1851 3884 ὢν
1876 3834 1905 3885 6

315 3905 512 3974 Λόγος,
541 3907 922 3977 κατασὲὅηκεν
955 3912 1014 3976 ἐξ
1034 3914 1303 3986 οὐρανῶν,
1330 3918 1425 3972 καί
1459 3919 1559 3990 τήν
1586 3923 1722 3992 πρὸς
1754 3927 1904 3995 ἡμᾶς

317 3997 579 4067 ὁμοίωσιν
606 3999 877 4067 ὑπελθὼν,
899 4005 1170 4069 τουτέστι,
1197 4007 1454 4077 γέννησιν
1482 4012 1783 4081 ὑπομείνας
1804 4017 1903 4086 τὴν

317 4087 460 4141 κατὰ
490 4089 668 4162 σάρκα
695 4092 759 4144 ὲκ
779 4095 1058 4161 γυναικὸς,
1081 4097 1396 4169 μεμένηκεν
1424 4102 1560 4173 ὅπερ
1588 4102 1677 4175 ἦν,
1697 4105 1903 4159 ἄνωθεν

315 4184 563 4255 δηλονότι
583 4189 679 4242 καὶ
712 4188 772 4254 eg
792 4191 1057 4261 οὐρανῶν,
1082 4193 1178 4246 καὶ
1211 4194 1394 4248 ἐπάνω
1414 4198 1631 4252 πάντων
1653 4200 1729 4264 ὡς
1748 4201 1900 4269 Θεὸς,

317 4282 415 4334 xai.
448 4281 587 4352 μετὰ
616 4284 841 4354 σαρκός.
882 4284 1040 4339 Οὕτω
1085 4287 1194 4359 γάρ
1240 4288 1342 4341 πού
1366 4306 1529 4362 φησιν
1557 4293 1585 4346 6
1616 4291 1903 4359 θεσπέσιος

261 4420 273 4429 .
328 4373 586 4446 Ἰωάννης
608 4378 740 4449 περὶ
763 4378 953 4432 αὐτοῦ·
988 4399 1006 4432 ι
1047 4379 1105 4433 '0
1139 4381 1347 4437 ἄνωθεν
1378 4384 1695 4456 ἐρχόμενος,
1715 4389 1902 4444 ἐπάνω

317 4466 540 4521 πάντων
581 4469 750 4524 ἐστίν.
782 4487 801 4521 ι
848 4471 1268 4545 Ἀπομεμὲνηκε
1317 4476 1424 4549 γὰρ
1458 4478 1569 4532 τῶν
1609 4479 1745 4535 ὅλων
1789 4482 1904 4535 Κύ-

2010 2005 2145 2071 sius,
2170 2008 2261 2078 qui
2285 2018 2368 2065 est
2391 2011 2536 2066 vita?
2556 2025 2651 2068 aut
2672 2016 2941 2084 quomodo
2965 2017 3189 2087 sanguis
3210 2019 3414 2074 Christi
3434 2036 3589 2074 mun-

2009 2097 2161 2153 dabit
2223 2116 2321 2157 nos
2372 2102 2440 2157 ab
2478 2103 2625 2158 omni
2676 2114 2919 2174 peccato,
2952 2105 3113 2178 723
3153 2107 3197 2161 si
3250 2107 3323 2162 sit
3354 2108 3590 2164 hominis

2006 2194 2310 2247 communis
2337 2203 2391 2250 et
2413 2206 2638 2265 peccato
2664 2197 2883 2253 obnoxii
2908 2199 2939 2251 ?'
2971 2214 3077 2268 qno
3095 2207 3250 2268 pacto
3281 2199 3429 2254 misit
3448 2199 3590 2255 Deus

2007 2298 2070 2340 ac
2090 2284 2251 2340 Pater
2275 2284 2469 2339 Filium
2498 2301 2656 2341 suum
2692 2288 2891 2343 factum
2943 2304 3007 2344 ex
3067 2289 3312 2356 muliere,
3387 2291 3588 2345 factum

2006 2378 2107 2432 sub
2140 2378 2355 2447 lege”?
2373 2382 2641 2450 quomodo
2667 2381 2989 2436 condemnat
3009 2389 3287 2451 peccatum
3318 2380 3373 2435 in
3401 2380 3590 2437 carne?

2005 2466 2193 2538 Neque
2217 2470 2360 2523 enim
2400 2481 2516 2525 erat
2545 2472 2779 2526 hominis
2801 2471 3065 2542 vulgaris,
3097 2483 3152 2528 et
3177 2470 3330 2541 cujus
3386 2482 3580 2528 natura

2007 2576 2111 2615 una
2141 2561 2417 2616 nobiscum
2448 2562 2549 2619 sub
2577 2564 2783 2634 peccati
2819 2564 3047 2632 imperio
3080 2578 3143 2619 ac
3174 2562 3302 2634 jugo
3356 2564 3587 2618 teneba-

2008 2661 2112 2720 tur,
2136 2656 2500 2712 condemnare
2527 2657 2977 2727 peccalum.Cum
3002 2674 3133 2713 vero
3156 2674 3352 2728 corpus
3385 2657 3589 2715 factum

2005 2743 2075 2797 sit
2108 2744 2224 2814 ejus
2253 2746 2343 2815 qui
2371 2758 2649 2816 peccatum
2684 2764 2787 2803 non
2828 2750 2996 2815 novit,
3027 2748 3251 2813 idcirco,
3289 2756 3344 2804 et
3371 2749 3589 2823 quidem

2004 2837 2210 2904 optimo
2235 2837 2357 2908 jure
2385 2841 2590 2908 peccati
2648 2842 2987 2911 tyrannidem
3028 2844 3290 2909 excussit,
3344 2858 3591 2897 commu-

2007 2927 2310 2998 nicatisque
2337 2946 2460 2984 cum
2488 2931 2581 2986 illo
2617 2933 3037 3002 proprietatibus
3072 2933 3233 2989 Verbi
3295 2934 3437 3009 quod
3499 2933 3587 2988 in-

2004 3015 2202 3073 elTabili
2236 3023 2394 3077 modo
2418 3023 2519 3092 ipsi
2549 3025 2757 3078 unitum
2788 3035 2893 3091 est,
2924 3036 3175 3081 sanctum
3207 3040 3270 3081 ac
3302 3027 3578 3082 vivilicum

2002 3111 2254 3167 eli‘ectum
2313 3125 2417 3178 est,
2462 3124 2518 3170 ct
2571 3115 2770 3171 divinae
2811 3116 3086 3177 facultatis
3136 3119 3582 3188 operationisque

2005 3208 2244 3276 plenum.
2269 3207 2377 3264 Nos
2408 3225 2534 3264 vero
2553 3210 2605 3262 in
2628 3210 2844 3265 Christo
2869 3221 3122 3280 tanquam
3142 3212 3392 3276 primitiis
3412 3221 3588 3266 trans-

2006 3296 2219 3353 formati
2266 3298 2426 3351 etiam
2456 3313 2666 3362 smnus,
2695 3306 2751 3352 et
2786 3298 3005 3352 interitu
3037 3308 3202 3369 atque
3249 3307 3472 3368 peccato
3493 3314 3589 3353 su-

2004 3388 2247 3458 periores
2279 3388 2556 3445 declarati.
2590 3388 2669 3444 Ac
2687 3404 2870 3444 verum
2892 3391 3112 3444 omnino
3138 3399 3243 3453 εει,
3266 3390 3420 3460 juxta
3444 3388 3587 3444 beati

2005 3478 2153 3532 Pauli
2179 3479 2523 3545 sententiam,
2555 3481 2697 3548 quod
2746 3498 2764 3531 ι
2807 3481 3282 3547 Quemadmodum
3336 3481 3591 3550 portavi-

2006 3586 2128 3627 mus
2159 3572 2445 3640 imaginem
2478 3572 2700 3637 terrcni,
2728 3573 3062 3641 portabimus
3097 3573 3258 3627 etiam
3299 3572 3588 3644 imaginem

2007 3664 2265 3729 caelestis,
2296 3664 2340 3696 ³⁷
2374 3684 2393 3717 ι
2433 3663 2538 3720 hoc
2560 3674 2665 3729 cst,
2696 3663 2922 3719 Christi.
2952 3663 3201 3719 Caelestis
3233 3672 3409 3718 autem
3432 3664 3591 3717 homo

2007 3754 2327 3827 intelligitur
2350 3756 2633 3820 Christus;
2668 3771 2775 3812 non
2810 3766 3065 3826 tanquam
3085 3770 3320 3825 superne
3349 3765 3511 3824 atque
3553 3770 3583 3810 a

2007 3847 2146 3902 coelo
2197 3862 2417 3901 carnem
2446 3850 2511 3903 ad
2545 3864 2642 3903 nos
2675 3848 2957 3911 detulerit,
2994 3849 3089 3902 sed
3133 3848 3276 3922 quod
3323 3847 3462 3903 Dens
3491 3863 3588 3902 ex-

2005 3937 2204 3992 sistens
2236 3935 2492 4001 Verbum,
2521 3938 2800 3993 descendit
2822 3952 2854 3995 e
2881 3938 3071 4004 cmlis;
3096 3946 3150 3992 et
3177 3937 3585 3994 similitudinem

2004 4029 2177 4081 nostri
2211 4027 2452 4091 subiens,
2491 4029 2592 4082 hoc
2614 4029 3030 4092 est,secundum
3055 4042 3272 4083 carnem
3302 4043 3332 4084 e
3361 4031 3588 4084 nmliere

2005 4119 2148 4171 sicut
2180 4132 2278 4171 nos
2314 4126 2498 4182 natus,
2538 4116 2836 4186 permansit
2859 4117 2912 4172 id
2938 4117 3080 4187 quod
3098 4129 3236 4185 erat,
3267 4133 3297 4175 e
3337 4121 3588 4189 supernis

2006 4207 2259 4261 nimirum
2288 4216 2451 4275 atque
2476 4221 2507 4262 e
2538 4206 2714 4275 ccelis,
2744 4219 2800 4263 et
2825 4223 2987 4277 supra
3038 4225 3228 4264 omnes
3291 4220 3349 4265 ut
3404 4213 3545 4266 Deus
3566 4250 3584 4279 ,

2006 4300 2170 4355 etiam
2200 4315 2323 4354 cum
2346 4314 2530 4356 carne.
2562 4300 2637 4355 Ita
2665 4300 2809 4355 enim
2846 4300 2970 4355 alibi
3000 4300 3216 4356 divinas
3236 4300 3475 4358 Joannes
3506 4304 3589 4358 in-

2007 4392 2123 4461 quit
2149 4408 2163 4444 :
2209 4409 2229 4445 ι
2258 4391 2359 4459 Qui
2396 4407 2428 4447 e
2457 4392 2708 4462 supemis
2733 4392 2902 4457 venit,
2929 4406 3089 4460 supra
3123 4406 3312 4448 omnes
3334 4402 3419 4447 est
3453 4392 3519 4447 ⁸³.
3564 4412 3583 4445 ι

2006 4482 2313 4539 Permansit
2373 4482 2517 4539 enim
2572 4484 2734 4539 totius
2775 4484 3014 4538 universi
3052 4482 3333 4549 Dominus,
3373 4483 3586 4539 tametsi

321 4575 459 4628 ριος,
491 4561 586 4612 καὶ
612 4561 672 4615 ὲν
713 4564 782 4634 τῇ
822 4562 917 4617 τοῦ
956 4564 1148 4618 δούλου
1200 4572 1383 4642 μορφῇ
1416 4571 1655 4638 γεγονὼς
1689 4575 1901 4629 οἰκονο-

323 4648 502 4671 --.--.¹’.-
557 4650 645 4671 ---Α
684 4652 860 4671 -μκρθ
896 4652 920 4671 Ρ
1015 4655 1059 4671 9‘
1115 4655 1180 4671 Λα*
1241 4657 1266 4671 α
1300 4657 1311 4671 ι
1428 4658 1453 4671 α
1509 4660 1521 4671 ι
1560 4661 1573 4671 ι
1730 4663 1743 4671 ι
1772 4665 1814 4671 --

2010 4576 2218 4631 ratione
2248 4575 2638 4632 incarnationis
2667 4576 2899 4632 l‘ormam
2963 4575 3108 4630 servi
3149 4574 3440 4643 acceperit,
3502 4585 3588 4629 at-

322 4648 522 4719 μικῶς,
556 4650 651 4703 καὶ
679 4652 981 4722 παράδοξον
1004 4655 1220 4727 ἀληθῶς
1236 4657 1324 4711 διὰ
1353 4658 1530 4713 ταῦτά
1557 4661 1673 4715 ἐστι
1694 4663 1905 4735 τὺΧρι-

319 4739 449 4794 στοῦ
487 4744 807 4815 μυστήριον.
840 4746 952 4798 Καὶ
985 4746 1114 4815 γοῦν
1148 4748 1251 4821 ἔφη
1284 4767 1388 4804 που
1438 4753 1575 4822 πρὸς
1617 4754 1905 4821 Ἰουδαίους

315 4833 387 4886 δι’
411 4833 530 4898 ἐνὸς
556 4835 665 4888 τῶν
697 4838 995 4908 προφητῶν
1018 4840 1046 4893 6
1075 4839 1208 4905 θεὸς
1235 4842 1329 4896 καὶ
1352 4845 1563 4916 Πατήρ·
1592 4864 1610 4896 ι
1637 4847 1828 4913 Ἴδετε,
1853 4850 1901 4902 οἰ

317 4928 752 4997 καταφρονηταὶ,
785 4929 878 4982 καὶ
916 4930 1276 5003 ἀφανίσθητε,
1308 4934 1403 4987 καὶ
1444 4935 1789 5006 θαυμάσατε,
1817 4941 1900 4994 ὅτι

316 5015 480 5103 ἔργον
513 5018 624 5086 ἐγὼ
649 5018 956 5091 ἐργάζομαι
995 5023 1054 5076 ὲν
1086 5026 1207 5088 ταῖς
1242 5026 1477 5096 ἡμέραις
1511 5029 1684 5098 ὑμῶν,
1739 5032 1900 5103 ἔργον

313 5099 359 5175 ᾧ
408 5108 469 5161 οὐ
503 5108 579 5181 μὴ
621 5111 975 5184 πιστεύσητε,
1004 5115 1099 5169 ὲάν
1140 5133 1224 5180 τις
1263 5117 1658 5191 ὲκδιηγήσηται
1694 5099 1841 5192 ὑμίν.
1876 5142 1893 5174 ι

317 5199 672 5253 Κινδυνεύσει
699 5200 808 5273 γὰρ
832 5204 1178 5260 ἀπιστεῖσθαι
1214 5207 1274 5262 τὸ
1298 5209 1537 5280 Χριστοῦ
1573 5214 1895 5283 μυστήριον,

315 5288 405 5344 διὰ
424 5290 521 5362 τὴν
539 5292 635 5345 τοῦ
655 5292 931 5363 θαύματος
948 5298 1279 5370 ὑπερϐολήν.
1300 5300 1434 5364 Θεὸς
1454 5297 1522 5373 ἦν
1539 5304 1597 5355 ἐν
1616 5304 1713 5357 ἀνθ
1721 5306 1903 5376 ρωπό-

315 5398 442 5451 τητι
477 5384 568 5436 καὶ
600 5385 659 5438 ὲν
694 5388 807 5450 τοῖς
840 5389 962 5442 καθ’
1002 5393 1172 5462 ἡμᾶς,
1204 5394 1233 5445 6
1276 5393 1416 5465 ὑπὲρ
1444 5397 1625 5450 πᾶσαν
1657 5396 1756 5469 τὴν
1782 5400 1902 5452 κτί-

318 5490 404 5525 σιν
427 5489 441 5502 '
469 5474 726 5547 ἀόρατος,
750 5480 946 5550 ὁρατὸς
986 5484 1129 5537 κατὰ
1174 5485 1377 5557 σάρκα,
1402 5489 1430 5540 6
1452 5487 1512 5554 ἐξ
1537 5489 1766 5560 οὐρανοῦ
1806 5491 1903 5545 καὶ

318 5565 549 5631 ἄνωθεν,
595 5569 652 5622 ἐν
682 5569 812 5623 εἴδει
844 5572 954 5626 τῶν
999 5576 1223 5644 χοῖκῶν·
1279 5579 1467 5644 ἁπτὸς,
1514 5581 1543 5634 6
1575 5582 1824 5654 ἁναφής·
1869 5584 1900 5635 6

320 5658 464 5713 κατὰ
503 5660 664 5731 φύσιν
705 5663 841 5717 ἰδίαν
891 5664 1194 5737 ἐλεύθερος,
1246 5670 1304 5723 ὲν
1350 5670 1538 5725 δούλου
1598 5676 1818 5745 μορφῇ·
1869 5676 1897 5726 6

2010 4683 2115 4738 que
2135 4669 2512 4724 admirandum
2539 4684 2721 4724 revera
2749 4678 2833 4723 est
2855 4670 2926 4724 ob
2957 4667 3074 4722 haec
3128 4667 3331 4724 Christi
3384 4679 3587 4739 myste-

2008 4763 2171 4817 rium.
2209 4760 2413 4818 Idcirco
2458 4761 2600 4816 Deus
2629 4776 2693 4816 ac
2724 4760 2885 4815 Pater
2929 4760 3055 4817 alibi
3110 4762 3177 4815 ad
3231 4760 3444 4816 Iudaeos
3492 4777 3587 4832 per

2006 4854 2291 4924 quemdam
2336 4856 2653 4924 prophetam
2681 4853 2796 4907 ait:
2840 4871 2859 4907 ι
2913 4851 3125 4918 Videte,
3153 4865 3581 4937 contemptores,

2008 4953 2063 4998 et
2091 4944 2455 5010 admirantini,
2485 4953 2539 4997 et
2565 4944 2937 5010 disperdimini
2971 4958 2987 4996 :
3034 4945 3159 5014 quia
3214 4960 3350 5014 Opus
3386 4961 3587 5015 operor

2007 5049 2107 5104 ego
2143 5036 2195 5087 in
2218 5034 2407 5089 diebus
2436 5036 2652 5098 vestris,
2690 5051 2824 5104 opus
2885 5038 3029 5104 quod
3092 5051 3198 5089 non
3253 5035 3475 5092 creditis
3542 5038 3585 5093 si

2006 5125 2129 5194 quis
2154 5126 2495 5181 enarraverit
2522 5128 2675 5182 vobis
2698 5126 2764 5179 ".
2791 5145 2809 5177 ι
2840 5125 3147 5181 Periculum
3172 5126 3316 5181 enim
3355 5127 3461 5181 erit
3520 5143 3587 5183 ne

2011 5216 2299 5286 derogetur
2344 5216 2480 5273 fides
2511 5218 2775 5288 mysterio
2810 5218 3037 5285 Christi,
3073 5220 3143 5274 ob
3171 5219 3417 5273 miraculi
3466 5235 3583 5275 ma-

2005 5307 2365 5375 gnitudinem.
2400 5305 2541 5361 Deus
2573 5314 2692 5361 erat
2731 5308 2893 5361 homo
2931 5308 3100 5361 nostri
3131 5304 3327 5360 similis
3370 5304 3581 5371 factus,

2006 5397 2099 5465 qui
2134 5411 2294 5466 supra
2329 5413 2544 5454 omnem
2577 5408 2884 5453 creaturam
2905 5406 3016 5466 est;
3080 5396 3389 5465 invisibilis,
3411 5398 3585 5455 factus

2005 5495 2089 5541 est
2112 5487 2338 5544 visibilis
2370 5489 2670 5546 secundum
2705 5504 2958 5545 carnem:
2992 5492 3087 5561 qui
3135 5504 3200 5544 ex
3256 5489 3395 5544 caelo
3425 5500 3585 5561 atque

2005 5592 2037 5634 e
2073 5582 2343 5650 supernis,
2362 5580 2603 5637 ‘l‘ormam
2659 5583 2997 5638 terrestrium
3059 5582 3267 5637 induit:
3310 5583 3584 5653 tangibilis

2006 5683 2107 5737 est,
2149 5673 2239 5743 qui
2278 5675 2423 5744 tangi
2466 5675 2653 5744 nequit
2690 5692 2705 5730 :
2739 5674 2829 5745 qui
2871 5690 2938 5729 ex
2997 5674 3217 5746 propria
3259 5690 3355 5731 sua
3387 5685 3582 5731 natura

394 5840 442 5873 ”
474 5839 650 5898 Gaiat.
692 5856 762 5909 Iv,
803 5842 855 5897 4.
936 5842 1029 5897 ³⁷1
1074 5843 1197 5901 Cor.
1237 5862 1324 5913 xv,
1374 5849 1462 5905 49.
1541 5849 1765 5908 "Joan.
1812 5867 1894 5920 ιιι,

2017 5892 2049 5938 ._
2109 5855 2153 5888 '°
2196 5854 2400 5913 Hahae.
2448 5871 2487 5924 I,
2525 5855 2589 5925 5;
2641 5859 2760 5913 Act.
2795 5873 2915 5928 xm,
2957 5858 3051 5914 il.
