4050 6410
477 395 603 452 1271

1457 390 1516 447 8.
1558 388 1837 448 CYRILLI
1874 385 2345 443 ALEXANDle
2382 386 2705 445 ABCIIIEP.

3591 385 3737 444 {272

475 513 610 567 liber
631 521 737 577 est,
778 515 918 570 servi
955 513 1181 572 formam
1202 509 1409 581 accepit
1444 526 1458 564 :
1491 508 1584 581 qui
1642 507 1910 565 creaturis
1961 507 2047 563 be-

2159 507 2400 577 εὒλογῶν
2430 508 2529 579 τὴν
2572 509 2772 574 κτίσιν,
2801 508 3097 580 ἐπάρατος,
3130 511 3226 565 καὶ
3252 508 3316 563 ὲν
3342 506 3456 572 τοῖς
3488 507 3735 577 ἀνόμοις,

475 602 701 665 nedicit,
734 602 912 659 factus
942 614 1028 659 est
1062 601 1449 666 exsecrabilis;
1488 608 1912 668 numeratusque
1966 606 2050 652 est

475 705 615 750 inter
637 698 1076 766 praevaricatores
1117 697 1249 766 legis
1271 696 1317 751 is
1340 694 1435 764 qui
1465 702 1548 749 est
1593 692 1774 748 omnis
1814 691 2045 760 justitia,

474 789 981 859 mortemquesubiit
1018 793 1129 844 vita
1150 790 1286 860 ipsa,
1314 788 1501 858 Neque
1516 790 1659 844 enim
1681 799 1798 844 erat
1824 787 2049 842 alterius

474 878 790 949 cuiuspiam,
810 880 903 937 sed
936 882 1116 952 potius
1144 881 1316 952 ipsius
1353 881 1648 936 secundum
1679 889 1927 935 naturam
1956 876 2048 931 Fi-

473 968 525 1023 lii
554 983 773 1038 corpus,
798 970 849 1024 id
874 972 1018 1040 quod
1043 981 1271 1027 mortem
1300 970 1464 1044 724
1494 973 1684 1029 subiit.
1742 972 1896 1027 Anne
1919 985 2048 1023 vero

472 1068 731 1127 tanquam
771 1075 878 1116 non
913 1071 1061 1118 recte
1093 1062 1273 1129 lactis,
1316 1068 1430 1121 sive
1477 1080 1508 1119 a
1557 1065 1716 1122 nobis
1742 1064 1920 1128 dictis,
1949 1062 2046 1118 ali-

470 1149 598 1219 quid
625 1147 795 1206 habes
833 1153 978 1221 quod
1004 1153 1088 1209 his
1122 1155 1385 1223 obiicias?

536 1232 599 1294 Β.
640 1242 1015 1311 Nequaquam.

534 1330 602 1395 Α.
643 1330 911 1389 Craterum
954 1338 1057 1392 hoc
1086 1336 1218 1392 mihi
1252 1347 1515 1408 praeterea
1582 1339 1971 1399 animadverte.

535 1421 599 1476 B.
623 1422 911 1493 Quidnam,
935 1426 1200 1483 obsecro?

538 1512 603 1569 Δ,
632 1511 877 1569 Christus
930 1515 1127 1570 alicubi
1188 1519 1254 1572 ad
1320 1533 1413 1574 eos
1451 1519 1541 1588 qui
1586 1520 2041 1575 resurrectionem

468 1613 805 1659 mortuorum
848 1606 1034 1663 tollere
1086 1609 1357 1676 nituntur,
1380 1611 1516 1665 dixit
1553 1627 1567 1662 :
1602 1628 1621 1662 ι
1680 1610 1798 1665 Non
1837 1611 2044 1682 legistis

468 1694 593 1761 quia
615 1695 705 1765 qui
736 1693 862 1751 fecit
890 1698 1163 1755 hominem
1205 1703 1272 1756 ab
1300 1702 1475 1768 initio,
1518 1701 1819 1758 masculum
1875 1711 1928 1757 et
1963 1700 2043 1757 l‘e-

468 1784 669 1839 minam
726 1787 846 1842 fecit
872 1790 1060 1843 eos“?
1122 1810 1141 1843 ι
1200 1791 1402 1847 Scribit
1446 1807 1576 1849 vero
1637 1793 1799 1848 etiam
1830 1792 2043 1847 divinus

2113 656 2119 661 ,
2158 602 2190 671 ἡ
2229 603 2376 654 πᾶσα
2402 601 2741 673 δικαιοσύνη,
2765 604 2860 656 καὶ
2882 604 2940 655 ὲν
2975 603 3193 674 δοκήσει
3239 601 3471 656 θανάτου
3510 600 3738 669 γέγονεν

2156 693 2189 762 ἢ
2221 691 2354 763 ζωή.
2382 694 2455 747 Οὐ
2493 693 2602 765 γὰρ
2633 689 2701 763 ἦν
2724 693 2912 763 ἑτέρον
2934 694 3100 761 τινὸς,
3131 694 3299 750 αὑτοῦ
3317 692 3376 746 δὲ
3412 691 3611 763 μᾶλλον
3637 689 3737 744 τοῦ

2157 782 2301 836 κατά
2344 782 2506 852 φύσιν
2534 782 2689 846 Υιοῦ.
2725 783 2789 836 τὸ
2813 783 2910 837 τοῦ
2930 784 3165 838 θανάτου
3184 785 3519 853 γευσάμενον
3551 781 3733 852 σῶμα.

2154 864 2282 945 Ἆρ’
2324 873 2401 941 ὡς
2434 875 2535 928 οὐκ
2571 869 2630 927 εὖ
2662 873 2966 942 γεγονόσιν»
3014 875 3182 945 ﬁrm
3222 873 3362 945 πρὸς
3395 872 3553 944 ἡμῶν
3579 873 3740 942 εἰρη-

2157 964 2342 1035 μένοις
2363 964 2510 1036 ἔχεις
2540 984 2592 1021 τι
2629 966 2841 1029 τούτοις
2864 967 3162 1037 ἐπιτιμᾷνς

2224 1232 2282 1285 Β.
2326 1228 2612 1300 Οὐδαμῶς.

2226 1325 2289 1390 Α,
2328 1323 2518 1394 Ἀθρει
2549 1322 2611 1392 δή
2644 1337 2734 1390 μοι
2766 1319 2985 1373 κάκεῖνο
3016 1317 3150 1388 πρὸς
3178 1315 3407 1378 τούτοις.

2224 1416 2284 1468 Β.
2328 1414 2401 1466 Τὸ
2428 1412 2481 1469 τί
2509 1411 2573 1483 δὴ
2599 1411 2741 1479 φήςς

2223 1508 2288 1558 Α.
2334 1505 2478 1574 Ἔφη
2515 1519 2619 1559 πον
2650 1499 2885 1571 Χριστὸς
2918 1500 3029 1563 τοῖς
3066 1497 3309 1567 ἀναιρεῖν
3348 1492 3593 1547 ἐθέλουσι
3631 1491 3737 1563 τὴν

2151 1599 2449 1655 ἀνάστασιν
2486 1592 2594 1648 τῶν
2629 1591 2867 1662 νεκρῶν·
2906 1610 2925 1641 ι
2956 1592 3071 1644 Οὐκ
3099 1589 3391 1656 ἀνέγνωτε,
3414 1586 3545 1639 ὅτιὸ
3576 1583 3736 1653 md;-

2152 1701 2251 1748 σας
2280 1682 2371 1735 τὸν
2400 1681 2686 1750 ἄνθρωπον
2712 1680 2768 1731 ἐν
2794 1679 3011 1749 ἀρχαῖς,
3050 1677 3217 1748 ἄρσεν
3253 1675 3348 1729 καὶ⁵
3376 1673 3510 1744 θῆλυ
3543 1672 3738 1743 ἐποίη-

2153 1793 2244 1831 σεν
2268 1773 2500 1837 αὖτούςς
2536 1792 2554 1822 ι
2609 1771 2815 1842 Γράφει
2853 1770 2909 1823 δὲ
2951 1770 3046 1824 καὶ
3091 1770 3119 1821 6
3148 1767 3434 1830 θεσπέσιος
3482 1763 3694 1828 Παῦλος
3717 1778 3732 1792 ·

469 1873 702 1932 Paulus:
737 1897 753 1929 ι
778 1878 1100 1937 Honorabile
1123 1883 1454 1938 connubium
1494 1884 1547 1937 in
1575 1884 1848 1951 omnibus,
1879 1894 1934 1939 et
1960 1892 2044 1939 lo—

2154 1886 2172 1917 (
2200 1864 2392 1936 Τίμιος
2420 1864 2449 1917 6
2476 1864 2653 1932 γάμος
2671 1864 2728 1914 ἐν
2745 1861 2898 1923 πᾶσι,
2925 1860 3019 1912 καὶ
3036 1860 3069 1929 ἡ
3086 1856 3239 1927 κοίτη
3263 1854 3542 1925 ἀμίαντος.
3558 1871 3577 1909 ι
3600 1846 3734 1928 Εἶτα

469 1977 560 2018 rus
606 1967 982 2029 nnmaeulatus
1010 1970 1074 2027 σί.
1116 1989 1135 2023 ›
1192 1971 1311 2038 Quo
1337 1983 1494 2042 pacto
1533 1988 1662 2028 vero
1711 1974 2049 2045 unigenitum

467 2052 558 2115 Dei
583 2054 835 2123 Verbum,
861 2075 982 2115 cum
1025 2071 1270 2118 nostram
1300 2064 1706 2121 similitudinem
1726 2066 1911 2122 subire
1942 2065 2047 2121 vel,

466 2146 563 2212 let,
586 2150 655 2201 ad
679 2151 1123 2209 constitutionem
1152 2156 1266 2211 sive
1287 2158 1692 2228 generationem
1713 2173 1824 2213 suae
1841 2158 2045 2224 carnis,

466 2237 716 2296 humana:
744 2255 951 2300 natura:
979 2244 1124 2316 leges
1177 2247 1358 2303 valere
1410 2249 1618 2304 noluit?
1668 2247 1854 2319 Neque
1900 2250 2043 2304 enini

463 2341 530 2383 ex
566 2338 682 2386 toro
707 2342 759 2391 et
791 2336 1041 2407 conjugio
1064 2339 1217 2397 nasci
1242 2340 1432 2407 voluit,
1474 2343 1567 2397 sed
1601 2356 1666 2396 ex
1700 2341 1922 2412 Virgine
1941 2340 2043 2405 viri

466 2420 679 2486 nescia,
716 2434 1030 2495 prmguaute
1079 2443 1145 2482 ex
1214 2428 1443 2498 Spiritu,
1505 2432 1871 2486 obumbrante
1944 2431 2044 2499 ipsi

463 2510 663 2567 virtute
687 2511 805 2578 Dei,
848 2516 991 2571 sicut
1022 2520 1282 2589 scriptum
1310 2522 1480 2576 est".
1504 2522 1640 2577 Cum
1696 2522 1878 2595 itaque
1904 2520 2046 2577 Deus

463 2601 766 2671 coniugium
787 2621 891 2661 non
938 2622 1280 2677 aspernetur,
1302 2614 1397 2667 sed
1436 2614 1618 2683 potius
1668 2613 2046 2668 benedictione

462 2707 559 2750 Sua
584 2693 711 2750 illud
737 2698 1344 2771 decoret,quamobrem
1366 2703 1643 2777 Virginem
1676 2713 2044 2775 prmgnantem

466 2798 528 2843 ex
559 2784 786 2854 Spiritu,
850 2792 1031 2845 carnis
1071 2807 1185 2847 sum
1226 2804 1454 2850 matrem
1498 2811 1620 2852 esse
1646 2795 2043 2852 volueritDeus

464 2876 730 2933 assistens
756 2876 1012 2947 Verbum,
1030 2900 1136 2939 non
1170 2884 1327 2940 facile
1355 2887 1609 2942 dixerim.
1637 2884 1878 2941 Tametsi
1905 2902 2044 2957 quo-

465 2969 625 3023 modo
651 2984 755 3025 non
786 2974 957 3029 cuivis
986 2976 1271 3053 nrartifesta
1310 2977 1475 3033 fuerit
1506 2978 1622 3046 ejus
1674 2978 1749 3032 rei
1803 2979 2043 3046 occasio,

464 3059 591 3119 illud
618 3064 1024 3123 consideranti?
1059 3067 1349 3123 Descendit
1380 3070 1545 3141 enim,
1591 3070 1704 3125 sive
1765 3069 1925 3126 homo
1966 3070 2045 3123 l'a-

467 3158 583 3204 ctus
607 3163 691 3208 est
737 3152 928 3222 Filius,
975 3157 1382 3217 instauraturus
1437 3172 1619 3216 nostra
1673 3172 1928 3233 tanquam
1987 3165 2112 3259 inc

466 3243 680 3313 seipse;
724 3260 787 3301 ac
816 3249 1050 3316 primum
1103 3254 1321 3321 quidem
1385 3252 1438 3308 in
1474 3263 1716 3309 sanctam
1750 3253 2040 3324 quamdam

466 3343 629 3404 atque
662 3337 1033 3395 admirabilem
1106 3344 1443 3398 nativitatem
1494 3353 1548 3399 et
1600 3347 1790 3398 vitam.
1840 3345 2043 3400 Factus

466 3436 650 3487 autem
678 3436 763 3483 est
787 3431 947 3485 etiam
979 3433 1186 3503 primus
1213 3437 1327 3504 ipse
1367 3444 1530 3490 natus
1571 3450 1636 3489 ex
1687 3434 1893 3503 Spiritu
1934 3435 2044 3500 (se-

464 3518 698 3573 cundum
745 3526 966 3577 ‘carnem
1031 3522 1295 3594 inquam),
1352 3533 1413 3578 nt
1458 3525 1582 3577 .hae
1648 3532 1901 3591 tanquam
1957 3523 2043 3576 via

465 3609 628 3663 etiam
653 3610 705 3664 in
731 3627 830 3667 nos
867 3612 1020 3678 ipsos
1073 3622 1390 3668 transeunte
1418 3613 1612 3682 gratia,
1641 3628 1747 3666 non
1805 3628 1872 3667 ex
1913 3627 2043 3671 sau-

473 3700 930 3772 guinibus,nequc
957 3717 1021 3756 ex
1052 3702 1326 3758 voluntate
1347 3704 1547 3768 carnis,
1574 3717 1745 3772 neque
1760 3718 1826 3759 ex
1852 3703 2045 3758 volun-

468 3800 576 3844 tate
605 3793 725 3859 viri,
747 3795 843 3849 sed
877 3810 942 3849 ex
976 3793 1082 3850 Deo
1119 3811 1216 3864 per
1247 3795 1507 3857 Spiritum
1568 3796 2039 3867 regenerationem

467 3882 885 3939 intellectualem
927 3886 1206 3942 consecuti
1238 3886 1302 3954 ⁸⁸,
1339 3896 1394 3940 et
1446 3886 1879 3942 conl‘ornu'tatem
1942 3887 2046 3958 spi-

469 3974 714 4030 ritualem
738 3993 859 4032 cum
890 3993 956 4034 eo
982 3977 1074 4048 qui
1115 3987 1310 4033 natura
1343 3993 1408 4035 ac
1432 3994 1560 4036 vere
1588 3978 1857 4034 estFilius
1879 3979 2043 4049 adep-

467 4067 529 4132 ti,
560 4065 727 4122 Deum
785 4083 1042 4124 vocemus
1062 4069 1313 4133 Patrem,
1349 4078 1510 4143 atque
1533 4071 1605 4125 ita
1659 4071 2043 4140 incorruptibi-

466 4159 542 4213 les
569 4174 1013 4230 pcrmaueamus;
1043 4178 1146 4216 non
1162 4159 1276 4230 jam
1307 4163 1538 4233 amplius
1598 4163 1831 4233 priorem
1869 4163 2039 4229 illum,

465 4251 569 4306 hoc
603 4261 708 4315 est,
738 4253 1000 4307 Adamum
1027 4265 1235 4324 patrem
1271 4256 1553 4321 habentes,
1589 4258 1642 4310 in
1695 4271 1803 4325 quo
1843 4265 1897 4310 et
1920 4270 2043 4309 cor-

466 4345 609 4415 rupti
643 4360 879 4400 eramus.
904 4343 1110 4400 idcirco
1134 4356 1185 4400 et
1212 4345 1461 4402 Christus
1488 4347 1687 4414 inquit.
1737 4346 1864 4401 alibi
1924 4347 2046 4415 qui-

462 4437 584 4491 dem
614 4451 628 4489 ε
668 4454 687 4489 ι
728 4434 1113 4491 anitevocare
1129 4446 1336 4507 patrem
1360 4448 1597 4493 vestrum
1625 4436 1676 4489 in
1710 4436 2045 4494 terris.Unus

2150 1956 2266 2019 πῶς
2301 1957 2330 2008 6
2374 1953 2667 2024 μονογενὴς
2701 1949 2790 2004 τοῦ
2830 1948 2965 2002 Θεοῦ
3010 1947 3204 2015 Λόγος,
3243 1944 3342 2014 τὴν
3396 1943 3531 2015 πρὸς
3582 1943 3731 2012 ἡμᾶς

2147 2048 2405 2118 ὁμοίωσιν
2443 2043 2689 2099 ἐπελθεῖν
2723 2041 3008 2113 ἐθελήσας,
3045 2040 3108 2093 οὐ
3153 2041 3265 2101 τοῖς
3312 2040 3413 2107 τῆς
3442 2033 3732 2105 ἀνθρωπό·

2147 2153 2308 2207 τητος
2337 2134 2524 2204 νόμοις
2554 2134 2725 2203 ἐφῆκε
2750 2134 2992 2202 κρατεῖν,
3032 2130 3112 2192 εἰς
3146 2128 3428 2190 σύστασιν,
3455 2126 3572 2196 ἦτοι
3601 2124 3733 2193 γένο

2147 2246 2302 2301 νησιν
2332 2231 2431 2299 τῆς
2458 2226 2594 2289 ἰδίας
2620 2223 2786 2278 αὑτοῦ
2813 2221 3015 2294 σαρκός
3039 2238 3053 2287 ;
3089 2222 3162 2275 Οὐ
3197 2221 3306 2292 γὰρ
3340 2221 3405 2273 ἐκ
3429 2218 3614 2288 κοίτης
3638 2216 3735 2275 καὶ

2149 2320 2342 2391 γάμων
2384 2318 2644 2389 ἠνέσχετο
2688 2315 2872 2369 λαϐεῖν
2917 2315 3125 2385 αὐτὴν,
3171 2312 3286 2373 ἀλλ’
3336 2315 3404 2366 ἐκ
3450 2312 3734 2384 Παρθένου

2149 2411 2356 2483 σεμνῆς
2408 2410 2504 2465 καὶ
2558 2406 2961 2476 ἀπειρογάμον,
2999 2404 3419 2476 κυοφορησάσης
3463 2405 3528 2457 ἐκ
3557 2401 3731 2457 [Iuti—

2150 2522 2353 2576 ματος,
2408 2500 2810 2570 ὲπισκιασάσης
2864 2499 3003 2569 αὐτῇ
3047 2497 3331 2567 δυνάμεως
3368 2494 3533 2560 Θεοῦ,
3586 2493 3735 2551 καθὰ

2146 2597 2478 2669 γέγραπται.
2515 2593 2651 2646 Θεοῦ
2694 2590 2989 2662 τοιγαροῦν
3027 2589 3119 2643 τὸν
3166 2589 3346 2661 γάμον
3394 2589 3495 2641 οὐκ
3534 2585 3735 2657 ἀτιμά-

2150 2704 2363 2752 σαντος,
2392 2684 2594 2756 μᾶλλον
2635 2684 2693 2737 δὲ
2727 2682 2821 2736 καὶ
2854 2681 3076 2753 εὐλογίᾳ
3108 2681 3465 2752 τιμήσαντος,
3504 2677 3733 2732 ἀνθότου

2146 2779 2425 2850 Παρθένον
2454 2772 2827 2847 κυοφοροῦσαν
2859 2776 2924 2828 ὲκ
2947 2773 3283 2844 Πνεῦματος,
3305 2772 3407 2842 τῆς
3440 2770 3574 2835 ἰδίας
3596 2787 3734 2841 σαρ-

2146 2871 2242 2934 κὸς
2274 2870 2570 2939 ἐποιήσατο
2604 2866 2814 2937 μητέρα
2851 2863 2986 2919 Θεοῦ
3032 2866 3060 2917 6
3090 2865 3283 2932 Λόγος,
3323 2864 3426 2915 οὐκ
3454 2861 3563 2932 ἔχω
3587 2861 3734 2931 φρά-

2149 2977 2260 3016 σαι.
2304 2960 2499 3015 Καίτοι
2534 2958 2652 3022 πῶς
2698 2957 2797 3027 οὐχ
2846 2955 3052 3010 ἆπασιν
3086 2954 3321 3026 ἐναργὴς
3348 2953 3547 3022 γένοιτ’
3587 2951 3656 3006 ἂν
3699 2952 3734 3021 ἡ

2146 3053 2300 3108 τοῦδε
2324 3051 2619 3121 πρόφασις,
2644 3050 2820 3102 έκεῖνο
2848 3047 3264 3118 διεσκεμμένοις
3282 3063 3297 3112 ;
3315 3045 3569 3113 ’Δφίκετο
3598 3043 3734 3113 γὰρ,

2148 3146 2223 3208 ὡς
2250 3144 2409 3215 ἔφην,
2440 3143 2610 3215 ἦγουν
2645 3139 3072 3212 ὲνηνθρὼπησεν
3105 3139 3134 3190 6
3171 3137 3318 3204 Υἱὸς,
3348 3134 3732 3207 ἀναστοιχειώ-

2148 3254 2256 3293 σων
2287 3238 2356 3290 τὰ
2371 3234 2492 3289 καθ’
2520 3234 2666 3303 ἡμᾶς
2700 3233 2775 3296 ὡς
2800 3233 2857 3286 ἐν
2883 3231 3085 3302 ἑαυτῷ,
3116 3231 3208 3284 καὶ
3233 3229 3447 3301 πρῶτον
3470 3230 3551 3291 εἰς
3570 3228 3733 3296 ἁγίαν

2144 3326 2266 3387 τινὰ
2295 3326 2389 3380 καὶ
2427 3324 2888 3395 τεθαυμασμένην
2921 3322 2997 3386 ὡς
3029 3326 3088 3376 ὲν
3133 3321 3335 3392 ἑαυτῷ,
3374 3320 3464 3374 καὶ
3498 3318 3731 3392 παράδο-

2148 3417 2237 3484 ξον
2263 3416 2476 3489 ἀληθῶς
2508 3414 2761 3492 ἀπότεξιν
2807 3417 2900 3469 καὶ
2931 3414 3077 3485 ζωήν
3099 3431 3112 3449 ’
3153 3413 3344 3483 γέγονε
3371 3413 3429 3466 δὲ
3467 3414 3562 3466 καὶ
3590 3411 3731 3482 πρῶ·

2144 3525 2233 3571 τος
2269 3507 2428 3570 αὐτὸς
2472 3507 2730 3576 γεννητὸς
2759 3505 2854 3559 τοῦ
2895 3504 3051 3573 ἁγίου
3085 3502 3404 3574 Πνεῦματος
3437 3503 3601 3572 (κατά
3633 3518 3729 3570 γι,

2147 3598 2313 3668 φημὶ,
2342 3598 2440 3669 τὴν
2463 3596 2681 3668 σάρκα),
2704 3597 2769 3649 ἵν’
2792 3596 2983 3667 ὥσπερ
3004 3593 3108 3665 ὀδῷ
3128 3594 3223 3647 καὶ
3246 3596 3326 3656 εἰς
3345 3594 3496 3664 ἡμᾶς
3519 3590 3728 3654 αὐτοὺς

2145 3689 2527 3753 διαδαινούσης
2559 3692 2658 3760 τῆς
2688 3689 2930 3759 χάριτος,
2971 3687 3073 3739 οὐκ
3101 3684 3161 3751 ἐξ
3193 3685 3469 3755 αἱμάτων,
3512 3682 3638 3736 οὐδὲ
3667 3684 3726 3735 ἐν

2148 3780 2453 3852 θελήματος
2484 3780 2706 3851 σαρκὸς,
2728 3779 2849 3837 οὐδὲ
2872 3781 2938 3833 ὲκ
2962 3778 3269 3849 θελήματος
3296 3775 3510 3844 ἀνδρὸς,
3527 3774 3642 3827 ἀλλ’
3666 3772 3727 3826 ἐκ

2147 3872 2285 3926 Θεοῦ
2318 3871 2408 3926 διὰ
2441 3871 2759 3940 Πνεῦματος
2798 3869 2897 3941 τὴν
2936 3868 3136 3939 νοητὴν
3177 3867 3394 3938 ἔχοντες
3434 3864 3730 3935 ἁναγέννη-

2148 3982 2254 4028 σιν,
2286 3962 2381 4017 καὶ
2428 3962 2528 4033 τὴν
2562 3961 2699 4036 πρός
2746 3979 2810 4030 γε
2858 3961 2951 4015 τὸν
3004 3959 3164 4030 φύσει
3196 3958 3291 4013 καὶ
3336 3955 3552 4027 ἀληθῶς
3602 3954 3731 4009 Υίὸν

2148 4052 2503 4124 συμμορφίαν
2521 4053 2920 4123 πνευματικὴν,
2942 4050 3162 4122 Πατέρα
3190 4048 3444 4119 καλῶμεν
3465 4048 3558 4101 τὸν
3575 4045 3731 4115 Θεὸν,

2145 4149 2288 4204 οὓτω
2315 4164 2374 4199 τε
2415 4143 2681 4216 ἄφθαρτοι
2734 4142 3100 4213 διαμένωμεν,
3144 4141 3220 4204 ὡς
3257 4141 3358 4194 οὐκ
3403 4139 3484 4194 ἔτι
3518 4138 3730 4205 πατέρα

2147 4243 2237 4294 τὸν
2265 4241 2479 4310 πρῶτον
2505 4238 2742 4308 ἔχοντες,
2781 4233 3063 4297 τουτέστιν
3112 4231 3304 4302 Ἀδὰμ,
3332 4233 3391 4285 ἐν
3432 4222 3477 4298 ᾧ
3505 4229 3602 4285 καὶ
3631 4230 3730 4296 se-

2150 4331 2420 4403 θάρμεθα.
2446 4329 2556 4382 Καὶ
2598 4327 2727 4395 γοῦν
2760 4324 2862 4394 ἔφη
2898 4321 3153 4392 Χριστὸς,
3188 4321 3268 4392 πῆ
3301 4320 3422 4392 μὲν,
3449 4319 3533 4372 ὅτι
3569 4316 3726 4373 «Καὶ

2151 4420 2363 4493 πατέρα
2398 4419 2472 4490 μὴ
2492 4417 2756 4486 καλέσητε
2779 4413 2932 4484 ὑμῶν
2962 4413 3056 4466 ἐπὶ
3068 4411 3170 4482 τῆς
3191 4412 3315 4481 γῆς,
3341 4403 3421 4475 εἷς
3444 4410 3553 4480 γάρ
3580 4409 3730 4461 ἐστιν

462 4528 607 4591 enim
656 4537 740 4582 est
767 4525 928 4582 Pater
975 4537 1156 4586 vester
1191 4528 1249 4582 in
1278 4528 1431 4583 caelis
1449 4528 1521 4594 ⁸⁸,
1557 4547 1576 4580 ι
1612 4527 1738 4580 alibi
1782 4542 1931 4591 vero,
1983 4536 2042 4582 ut

2152 4514 2180 4566 6
2196 4513 2389 4586 Πατὴρ
2421 4510 2575 4583 ὑμῶν
2592 4511 2620 4561 6
2640 4510 2697 4567 ὲν
2714 4508 2825 4570 τοῖς
2845 4505 3113 4577 οὐρανοῖς.
3130 4522 3149 4556 ι
3167 4504 3250 4574 Πῆ
3273 4502 3328 4556 δὲ
3347 4503 3433 4573 δὴ,
3447 4501 3523 4566 ὡς
3540 4502 3595 4553 έν
3616 4502 3729 4564 τοῖς

465 4616 553 4685 qui
586 4617 788 4671 idcirco
813 4617 879 4670 ad
907 4631 1005 4673 nos
1031 4617 1331 4683 descendit,
1375 4627 1434 4670 ut
1487 4631 1586 4671 nos
1633 4615 1930 4671 transferat
1977 4618 2044 4671 ad

2153 4606 2435 4678 καθ’ήμᾶς
2463 4604 2551 4658 διὰ
2574 4603 2731 4657 τοῦτο
2747 4598 3100 4669 καθιγμένος,
3128 4596 3193 4650 ἵν’
3219 4598 3366 4667 ἡμᾶς
3384 4595 3569 4664 ἀγάγῃ
3591 4593 3727 4663 πρὸς

463 4707 734 4780 propriam
761 4722 915 4762 suam
947 4721 1010 4762 ac
1031 4708 1273 4762 divinam
1325 4706 1639 4776 dignitatem
1669 4722 1682 4759 :
1711 4724 1729 4756 ι
1781 4704 1930 4760 Vado
1979 4704 2046 4760 ad

2152 4701 2212 4753 τὸ
2246 4698 2375 4752 ἴδιον
2414 4696 2578 4753 αὐτοῦ
2607 4695 2702 4749 καὶ
2725 4690 3029 4763 θεοπρεπὲς
3066 4687 3318 4759 ἀξίωμα·
3360 4705 3378 4738 ι
3415 4684 3731 4780 Πορεύομαι

463 4798 675 4853 Patrem
714 4816 911 4867 meum,
940 4809 993 4856 et
1026 4798 1241 4855 Patrem
1276 4807 1513 4854 vestrum
1542 4837 1556 4861 ,
1585 4806 1641 4852 et
1672 4794 1838 4850 Deum
1868 4813 2043 4852 meum

462 4905 513 4946 ct
544 4893 712 4947 Deum
750 4902 989 4948 vestrum
1020 4893 1087 4945 °'.
1125 4910 1144 4942 ι
1177 4890 1356 4961 Ipsius
1398 4889 1542 4942 enim
1597 4897 1683 4944 est
1725 4898 1916 4943 natura
1949 4888 2044 4943 Pa-

462 4998 563 5054 ter,
601 4987 694 5056 qui
728 4987 780 5040 in
809 4987 964 5042 caelis
1005 4993 1118 5049 est,
1167 4993 1352 5038 noster
1373 4991 1549 5036 autem
1577 4980 1737 5041 Deus.
1790 4982 1925 5037 Cum
1958 4999 2042 5038 ve-

460 5093 519 5135 ro
551 5078 640 5146 qui
670 5086 863 5134 natura
896 5090 960 5129 ac
987 5090 1114 5128 vere
1153 5082 1236 5128 est
1260 5072 1453 5139 Filius,
1495 5072 1672 5130 factus
1725 5082 1810 5129 est
1876 5075 2038 5130 homo

460 5170 631 5225 nostri
671 5169 886 5237 similis,
923 5167 1090 5220 Deum
1116 5165 1287 5233 ipsum
1314 5164 1564 5223 habuisse
1598 5167 1747 5235 dicit,
1782 5166 2035 5221 nimirum

459 5260 621 5335 725
645 5261 857 5315 ratione
887 5256 1297 5315 exinanitinnis.
1327 5256 1480 5313 Dedit
1507 5268 1687 5313 autem
1743 5258 1906 5313 etiam
1936 5273 2035 5315 no-

461 5354 540 5405 his
571 5366 729 5406 suum
767 5348 1010 5402 Patrem.
1045 5347 1316 5418 Scriptum
1344 5360 1429 5404 est
1465 5352 1650 5408 enim:
1682 5368 1702 5407 ι
1761 5349 2036 5418 Quotquot

460 5448 641 5489 autem
670 5444 993 5503 receperunt
1029 5449 1174 5500 eum,
1227 5437 1376 5494 dedit
1423 5440 1504 5495 eis
1527 5448 1851 5511 potestatem
1896 5440 2038 5495 lilios

459 5524 552 5579 Dei
585 5524 726 5589 ﬁeri,
748 5524 830 5589 his
847 5524 935 5595 qui
966 5527 1191 5580 credunt
1220 5526 1271 5581 in
1302 5529 1522 5585 nomine
1555 5529 1725 5599 ipsius
1745 5529 1884 5581 “"5".
1915 5547 1932 5580 ι
1967 5529 2039 5582 Αι

462 5628 595 5669 vero
633 5613 678 5669 si
707 5614 955 5689 imperite
974 5631 1232 5686 negemus
1261 5620 1328 5672 ad
1353 5628 1594 5674 nostram
1624 5617 2033 5673 similitudinem

528 5729 574 5760 ‘°
618 5729 803 5785 Matth.
839 5747 951 5792 xtx,
984 5730 1037 5783 4.
1114 5730 1153 5761 ⁸¹
1190 5732 1346 5789 Hebr.
1378 5750 1497 5799 xm,
1528 5733 1561 5786 αἱ
1665 5734 1708 5765 ⁶²
1739 5731 1870 5787 Luc.
1911 5745 1948 5798 ι,
1981 5728 2167 5784 ’ὅθ-55.

460 5794 543 5850 Τῖ.
624 5800 741 5840 "-‘7
772 5801 925 5851 ⁸Ιειειιι.
968 5816 1005 5850 ι.
1039 5800 1123 5850 1‘2.

2153 4792 2289 4862 πρὸς
2305 4789 2395 4843 τὸν
2411 4788 2632 4857 Πατέρα
2660 4801 2763 4857 μου
2791 4783 2885 4843 καὶ
2907 4779 3128 4851 Πατέρα
3148 4777 3438 4851 ὑμῶν,λκα“ι
3462 4775 3595 4830 Θεόν
3622 4791 3730 4846 μου

2150 4882 2244 4936 καὶ
2270 4880 2401 4934 Θεὸν
2433 4878 2607 4949 ὑμῶν.
2638 4895 2656 4926 ι
2680 4871 2853 4928 Αὐτοῦ
2898 4872 2999 4943 μὲν
3036 4870 3144 4941 γὰρ
3173 4870 3332 4940 φύσει
3363 4868 3554 4939 Πατὴρ
3601 4868 3629 4919 6
3672 4867 3731 4919 ὲν

2146 4975 2260 5034 τοῖς
2292 4971 2573 5042 οὐρανοῖς,
2608 4964 2766 5039 ἡμῶν
2818 4962 2873 5017 δὲ
2921 4962 3074 5027 Θεός.
3139 4959 3362 5031 Ἐπειδὴ
3399 4958 3455 5015 δὲ
3495 4959 3523 5009 6
3568 4957 3730 5024 φύσει

2147 5067 2241 5118 καὶ
2269 5062 2484 5133 ἀληθῶς
2507 5060 2634 5123 Υἱὸς
2662 5059 2854 5128 γέγονε
2899 5056 3019 5110 καθ’
3050 5055 3220 5125 ἡμᾶς,
3258 5053 3391 5106 Θεὸν
3434 5050 3731 5121 ἐσχηκέναι

2145 5155 2311 5227 φησὶν
2350 5152 2533 5216 αὐτὸν,
2563 5150 2706 5205 κατά
2734 5168 2798 5219 γε
2822 5148 2913 5201 τὸν
2947 5149 3013 5219 τῇ
3049 5144 3274 5200 κενώσει
3320 5143 3598 5214 πρέποντα
3637 5142 3729 5195 λό-

2143 5266 2259 5317 γον.
2289 5246 2499 5305 Δέδωκε
2521 5242 2579 5297 δὲ
2608 5242 2702 5297 καὶ
2729 5243 2862 5312 ἡμῖν
2893 5239 2983 5292 τὸν
3013 5236 3208 5292 ἑαυτοῦ
3238 5236 3457 5307 Πατέρα
3478 5252 3491 5265 ·
3524 5235 3730 5304 γέγρα-

2142 5357 2275 5393 πται
2316 5338 2453 5409 γὰρ,
2496 5338 2579 5390 ὅτι
2615 5335 2811 5387 (Ὅσοι
2835 5332 2892 5385 δὲ
2920 5331 3111 5392 ἔλαϐον
3148 5329 3348 5393 αὑτὸν,
3383 5328 3581 5380 ἔδωκεν
3623 5326 3725 5379 αὑ-

2142 5436 2254 5496 τοῖς
2285 5428 2536 5499 ἐξουσίαν
2565 5427 2732 5483 τέκνα
2772 5423 2908 5477 Θεοῦ
2933 5421 3188 5492 γενέσθαι
3217 5422 3328 5483 τοῖς
3374 5417 3728 5472 πιστεύουσιν

2141 5529 2220 5590 εἰς
2257 5524 2321 5579 τὸ
2347 5524 2518 5593 ὄνομα
2547 5518 2733 5573 αὐτοῦ.
2760 5535 2778 5567 ι
2811 5517 2875 5569 Εἰ
2903 5515 2959 5567 δὲ
3001 5513 3369 5583 ἀναιρήσομεν
3400 5509 3629 5580 ἀμαθῶς
3664 5506 3729 5562 τὸ

2140 5621 2197 5672 ἐν
2229 5614 2482 5682 ἁποτέξει
2527 5607 2783 5680 γενέσθαι
2817 5608 2883 5677 τῇ
2916 5604 3040 5659 καθ’
3093 5604 3239 5673 ἡμᾶς
3272 5603 3364 5657 τὸν
3400 5603 3467 5657 ἐκ
3515 5599 3727 5673 Πατρὸς

2246 5729 2291 5761 ⁸³
2324 5726 2456 5782 Joan
2515 5741 2550 5791 ι,
2584 5722 2665 5778 15.
2743 5718 2788 5750 ⁸⁸
2817 5715 3005 5773 Matth.
3039 5731 3170 5771 χχιιι
3196 5758 3209 5782 ,
3239 5715 3292 5771 9.
3370 5716 3414 5747 ⁵⁸
3441 5714 3592 5769 Joau.
3629 5726 3719 5774 xx,
