  <div class='ocr_page' id='page_1' title='image "/cluster/home/n/w/nwhite01/storage/ocr_20150623/75:no.8/coo.31924054869767/644.png"; bbox 0 0 4050 6430; ppageno 0'>
   <div class='ocr_carea' id='block_1_1' title="bbox 288 429 441 484">
    <p class='ocr_par' dir='ltr' id='par_1_1' title="bbox 288 429 441 484">
     <span class='ocr_line' id='line_1_1' title="bbox 288 429 441 484; baseline 0 0"><span class='ocrx_word' id='word_1_1' title='bbox 288 429 441 484; x_wconf 72' lang='grc'><strong>1275</strong></span> 
     </span>
    </p>
   </div>
   <div class='ocr_carea' id='block_1_2' title="bbox 1429 425 2398 496">
    <p class='ocr_par' dir='ltr' id='par_1_2' title="bbox 1429 425 2398 496">
     <span class='ocr_line' id='line_1_2' title="bbox 1429 425 2398 496; baseline 0.001 -11"><span class='ocrx_word' id='word_1_2' title='bbox 1429 427 1621 496; x_wconf 78' lang='lat' dir='ltr'><strong>QUOD</strong></span> <span class='ocrx_word' id='word_1_3' title='bbox 1661 426 1851 484; x_wconf 76' lang='lat' dir='ltr'><strong>UNUS</strong></span> <span class='ocrx_word' id='word_1_4' title='bbox 1893 425 2002 482; x_wconf 85' lang='lat' dir='ltr'><strong>SIT</strong></span> <span class='ocrx_word' id='word_1_5' title='bbox 2035 425 2398 486; x_wconf 78' lang='lat' dir='ltr'><strong>CHRISTUS.</strong></span> 
     </span>
    </p>
   </div>
   <div class='ocr_carea' id='block_1_3' title="bbox 3425 431 3562 487">
    <p class='ocr_par' dir='ltr' id='par_1_3' title="bbox 3425 431 3562 487">
     <span class='ocr_line' id='line_1_3' title="bbox 3425 431 3562 487; baseline 0.007 -1"><span class='ocrx_word' id='word_1_6' title='bbox 3425 431 3562 487; x_wconf 65' lang='grc'><strong>1⁸274</strong></span> 
     </span>
    </p>
   </div>
   <div class='ocr_carea' id='block_1_4' title="bbox 285 539 1866 616">
    <p class='ocr_par' dir='ltr' id='par_1_4' title="bbox 285 543 1866 616">
     <span class='ocr_line' id='line_1_4' title="bbox 285 543 1866 616; baseline -0.001 -18"><span class='ocrx_word' id='word_1_7' title='bbox 285 546 434 598; x_wconf 87' lang='grc' dir='ltr'>Θεοῦ</span> <span class='ocrx_word' id='word_1_8' title='bbox 461 545 654 613; x_wconf 81' lang='grc' dir='ltr'>Λόγον,</span> <span class='ocrx_word' id='word_1_9' title='bbox 695 545 787 598; x_wconf 74' lang='grc' dir='ltr'><strong>τὸν</strong></span> <span class='ocrx_word' id='word_1_10' title='bbox 817 545 874 600; x_wconf 81' lang='grc' dir='ltr'><strong>έν</strong></span> <span class='ocrx_word' id='word_1_11' title='bbox 908 547 1040 599; x_wconf 80' lang='grc' dir='ltr'>πᾶσι</span> <span class='ocrx_word' id='word_1_12' title='bbox 1073 548 1444 616; x_wconf 80' lang='grc' dir='ltr'><strong>πρωτεύοντα,</strong></span> <span class='ocrx_word' id='word_1_13' title='bbox 1478 545 1620 599; x_wconf 83' lang='grc' dir='ltr'>κατὰ</span> <span class='ocrx_word' id='word_1_14' title='bbox 1661 545 1759 616; x_wconf 80' lang='grc' dir='ltr'>τὴν</span> <span class='ocrx_word' id='word_1_15' title='bbox 1787 543 1866 597; x_wconf 82' lang='grc' dir='ltr'>τοί</span> 
     </span>
    </p>
   </div>
   <div class='ocr_carea' id='block_1_5' title="bbox 1975 539 3562 616">
    <p class='ocr_par' dir='ltr' id='par_1_5' title="bbox 1988 539 3562 614">
     <span class='ocr_line' id='line_1_5' title="bbox 1988 539 3562 614; baseline 0.003 -16"><span class='ocrx_word' id='word_1_16' title='bbox 1988 555 2169 599; x_wconf 90' lang='lat' dir='ltr'><strong>natum</strong></span> <span class='ocrx_word' id='word_1_17' title='bbox 2201 560 2320 602; x_wconf 87' lang='lat' dir='ltr'><strong>esse</strong></span> <span class='ocrx_word' id='word_1_18' title='bbox 2355 544 2592 600; x_wconf 82' lang='lat' dir='ltr'><strong>Verbum</strong></span> <span class='ocrx_word' id='word_1_19' title='bbox 2618 546 2710 600; x_wconf 85' lang='lat' dir='ltr'><strong>Dei</strong></span> <span class='ocrx_word' id='word_1_20' title='bbox 2733 561 2797 600; x_wconf 83' lang='lat' dir='ltr'><strong>ex</strong></span> <span class='ocrx_word' id='word_1_21' title='bbox 2830 545 3014 610; x_wconf 78' lang='lat' dir='ltr'><strong>Patre,</strong></span> <span class='ocrx_word' id='word_1_22' title='bbox 3046 546 3187 614; x_wconf 85' lang='lat' dir='ltr'><strong>quod</strong></span> <span class='ocrx_word' id='word_1_23' title='bbox 3211 546 3261 599; x_wconf 93' lang='lat' dir='ltr'><strong>in</strong></span> <span class='ocrx_word' id='word_1_24' title='bbox 3310 539 3562 603; x_wconf 85' lang='lat' dir='ltr'><strong>omnibus</strong></span> 
     </span>
    </p>
   </div>
   <div class='ocr_carea' id='block_1_6' title="bbox 285 636 1873 708">
    <p class='ocr_par' dir='ltr' id='par_1_6' title="bbox 285 636 1873 708">
     <span class='ocr_line' id='line_1_6' title="bbox 285 636 1873 708; baseline 0.002 -21"><span class='ocrx_word' id='word_1_25' title='bbox 285 639 610 705; x_wconf 77' lang='grc' dir='ltr'><strong>σοφωτάτου</strong></span> <span class='ocrx_word' id='word_1_26' title='bbox 660 637 876 690; x_wconf 80' lang='grc' dir='ltr'>Παύλου</span> <span class='ocrx_word' id='word_1_27' title='bbox 907 636 1111 707; x_wconf 69' lang='grc' dir='ltr'>φωνὴν,</span> <span class='ocrx_word' id='word_1_28' title='bbox 1159 637 1294 708; x_wconf 80' lang='grc' dir='ltr'>πρὸς</span> <span class='ocrx_word' id='word_1_29' title='bbox 1349 637 1470 690; x_wconf 89' lang='grc' dir='ltr'>τίνα</span> <span class='ocrx_word' id='word_1_30' title='bbox 1517 637 1702 691; x_wconf 83' lang='grc' dir='ltr'>λοιπὸν</span> <span class='ocrx_word' id='word_1_31' title='bbox 1741 654 1873 708; x_wconf 89' lang='grc' dir='ltr'>μορ-</span> 
     </span>
    </p>
   </div>
   <div class='ocr_carea' id='block_1_7' title="bbox 285 729 1877 802">
    <p class='ocr_par' dir='ltr' id='par_1_7' title="bbox 285 729 1877 802">
     <span class='ocr_line' id='line_1_7' title="bbox 285 729 1877 802; baseline 0.004 -23"><span class='ocrx_word' id='word_1_32' title='bbox 285 729 400 796; x_wconf 79' lang='grc' dir='ltr'><strong>φού</strong></span> <span class='ocrx_word' id='word_1_33' title='bbox 413 745 586 795; x_wconf 87' lang='grc' dir='ltr'>μενοι,</span> <span class='ocrx_word' id='word_1_34' title='bbox 615 731 867 800; x_wconf 76' lang='grc' dir='ltr'>γεννητοὶ</span> <span class='ocrx_word' id='word_1_35' title='bbox 895 730 1031 783; x_wconf 89' lang='grc' dir='ltr'>Θεοῦ</span> <span class='ocrx_word' id='word_1_36' title='bbox 1059 730 1150 784; x_wconf 80' lang='grc' dir='ltr'><strong>διὰ</strong></span> <span class='ocrx_word' id='word_1_37' title='bbox 1188 729 1505 800; x_wconf 87' lang='grc' dir='ltr'>Πνεύματος</span> <span class='ocrx_word' id='word_1_38' title='bbox 1541 731 1877 802; x_wconf 84' lang='grc' dir='ltr'>χρηματιοῦ-</span> 
     </span>
    </p>
   </div>
   <div class='ocr_carea' id='block_1_8' title="bbox 288 820 1876 893">
    <p class='ocr_par' dir='ltr' id='par_1_8' title="bbox 288 820 1876 893">
     <span class='ocr_line' id='line_1_8' title="bbox 288 820 1876 893; baseline 0.002 -21"><span class='ocrx_word' id='word_1_39' title='bbox 288 837 399 889; x_wconf 79' lang='grc' dir='ltr'><strong>μεν</strong></span> <span class='ocrx_word' id='word_1_40' title='bbox 434 823 595 890; x_wconf 73' lang='grc' dir='ltr'>ἡμεῖς</span> <span class='ocrx_word' id='word_1_41' title='bbox 621 837 635 886; x_wconf 87' lang='grc'>;</span> <span class='ocrx_word' id='word_1_42' title='bbox 657 821 776 874; x_wconf 85' lang='grc' dir='ltr'>τίνα</span> <span class='ocrx_word' id='word_1_43' title='bbox 797 820 891 876; x_wconf 89' lang='grc' dir='ltr'><strong>τοῦ</strong></span> <span class='ocrx_word' id='word_1_44' title='bbox 927 823 1253 892; x_wconf 83' lang='grc' dir='ltr'>πράγματος</span> <span class='ocrx_word' id='word_1_45' title='bbox 1287 821 1542 884; x_wconf 81' lang='grc' dir='ltr'>λαϐόντες</span> <span class='ocrx_word' id='word_1_46' title='bbox 1573 822 1670 892; x_wconf 80' lang='grc' dir='ltr'>τὴν</span> <span class='ocrx_word' id='word_1_47' title='bbox 1697 823 1876 893; x_wconf 82' lang='grc' dir='ltr'>ἀπαρ-</span> 
     </span>
    </p>
   </div>
   <div class='ocr_carea' id='block_1_9' title="bbox 291 909 1878 984">
    <p class='ocr_par' dir='ltr' id='par_1_9' title="bbox 291 909 1878 984">
     <span class='ocr_line' id='line_1_9' title="bbox 291 909 1878 984; baseline 0.005 -24"><span class='ocrx_word' id='word_1_48' title='bbox 291 909 417 981; x_wconf 58' lang='grc' dir='ltr'>(ὴν,</span> <span class='ocrx_word' id='word_1_49' title='bbox 452 911 484 979; x_wconf 77' lang='grc' dir='ltr'>ἢ</span> <span class='ocrx_word' id='word_1_50' title='bbox 525 911 622 962; x_wconf 75' lang='grc' dir='ltr'>καὶ</span> <span class='ocrx_word' id='word_1_51' title='bbox 646 912 791 974; x_wconf 87' lang='grc' dir='ltr'>τίνος</span> <span class='ocrx_word' id='word_1_52' title='bbox 819 913 954 976; x_wconf 80' lang='grc' dir='ltr'>ὅλως</span> <span class='ocrx_word' id='word_1_53' title='bbox 985 915 1063 977; x_wconf 80' lang='grc' dir='ltr'><strong>είς</strong></span> <span class='ocrx_word' id='word_1_54' title='bbox 1089 916 1235 984; x_wconf 75' lang='grc' dir='ltr'>ἡμᾶς</span> <span class='ocrx_word' id='word_1_55' title='bbox 1269 915 1578 983; x_wconf 80' lang='grc' dir='ltr'>πέμποντος</span> <span class='ocrx_word' id='word_1_56' title='bbox 1615 914 1678 968; x_wconf 83' lang='grc' dir='ltr'>τὸ</span> <span class='ocrx_word' id='word_1_57' title='bbox 1715 915 1878 979; x_wconf 80' lang='grc' dir='ltr'>ἀξίω-</span> 
     </span>
    </p>
   </div>
   <div class='ocr_carea' id='block_1_10' title="bbox 288 1001 1877 1078">
    <p class='ocr_par' dir='ltr' id='par_1_10' title="bbox 288 1001 1877 1078">
     <span class='ocr_line' id='line_1_10' title="bbox 288 1001 1877 1078; baseline 0.006 -26"><span class='ocrx_word' id='word_1_58' title='bbox 288 1018 409 1070; x_wconf 77' lang='grc' dir='ltr'><strong>μας</strong></span> <span class='ocrx_word' id='word_1_59' title='bbox 443 1003 606 1054; x_wconf 77' lang='grc' dir='ltr'>Φαῖεν</span> <span class='ocrx_word' id='word_1_60' title='bbox 633 1002 718 1063; x_wconf 82' lang='grc' dir='ltr'>ἂν,</span> <span class='ocrx_word' id='word_1_61' title='bbox 739 1003 815 1066; x_wconf 84' lang='grc' dir='ltr'>ὣς</span> <span class='ocrx_word' id='word_1_62' title='bbox 841 1021 905 1072; x_wconf 91' lang='grc' dir='ltr'><strong>γε</strong></span> <span class='ocrx_word' id='word_1_63' title='bbox 933 1001 1108 1074; x_wconf 85' lang='grc' dir='ltr'>οἶμαι,</span> <span class='ocrx_word' id='word_1_64' title='bbox 1131 1006 1224 1058; x_wconf 78' lang='lat' dir='ltr'><strong>xui</strong></span> <span class='ocrx_word' id='word_1_65' title='bbox 1251 1005 1404 1059; x_wconf 83' lang='grc' dir='ltr'>αὐτοί</span> <span class='ocrx_word' id='word_1_66' title='bbox 1425 1023 1439 1037; x_wconf 88' lang='grc'><strong>·</strong></span> <span class='ocrx_word' id='word_1_67' title='bbox 1472 1005 1580 1060; x_wconf 87' lang='grc' dir='ltr'>Τοῦ</span> <span class='ocrx_word' id='word_1_68' title='bbox 1607 1007 1877 1078; x_wconf 80' lang='grc' dir='ltr'>ὲνανθρω-</span> 
     </span>
    </p>
   </div>
   <div class='ocr_carea' id='block_1_11' title="bbox 185 1094 1873 1170">
    <p class='ocr_par' dir='ltr' id='par_1_11' title="bbox 185 1094 1873 1170">
     <span class='ocr_line' id='line_1_11' title="bbox 185 1094 1873 1170; baseline 0.008 -28"><span class='ocrx_word' id='word_1_69' title='bbox 185 1105 190 1109; x_wconf 85' lang='grc'><strong>·</strong></span> <span class='ocrx_word' id='word_1_70' title='bbox 284 1095 573 1163; x_wconf 69' lang='grc' dir='ltr'>στήσαντος</span> <span class='ocrx_word' id='word_1_71' title='bbox 596 1095 794 1163; x_wconf 84' lang='grc' dir='ltr'><strong>Λόγου.</strong></span> <span class='ocrx_word' id='word_1_72' title='bbox 823 1094 955 1150; x_wconf 76' lang='grc' dir='ltr'>Εἶτα</span> <span class='ocrx_word' id='word_1_73' title='bbox 985 1096 1102 1160; x_wconf 83' lang='grc' dir='ltr'>πῶς</span> <span class='ocrx_word' id='word_1_74' title='bbox 1126 1098 1278 1152; x_wconf 76' lang='grc' dir='ltr'>ἔσται</span> <span class='ocrx_word' id='word_1_75' title='bbox 1303 1098 1458 1152; x_wconf 88' lang='grc' dir='ltr'>τοῦτο</span> <span class='ocrx_word' id='word_1_76' title='bbox 1479 1099 1694 1170; x_wconf 83' lang='grc' dir='ltr'>ἀληθὲς,</span> <span class='ocrx_word' id='word_1_77' title='bbox 1725 1099 1774 1151; x_wconf 84' lang='grc' dir='ltr'>εἰ</span> <span class='ocrx_word' id='word_1_78' title='bbox 1799 1099 1873 1170; x_wconf 75' lang='grc' dir='ltr'><strong>μὴ</strong></span> 
     </span>
    </p>
   </div>
   <div class='ocr_carea' id='block_1_12' title="bbox 285 1185 1874 1263">
    <p class='ocr_par' dir='ltr' id='par_1_12' title="bbox 285 1185 1874 1263">
     <span class='ocr_line' id='line_1_12' title="bbox 285 1185 1874 1263; baseline 0.004 -25"><span class='ocrx_word' id='word_1_79' title='bbox 285 1185 457 1248; x_wconf 76' lang='grc' dir='ltr'>αὐτὸς</span> <span class='ocrx_word' id='word_1_80' title='bbox 486 1187 678 1255; x_wconf 85' lang='grc' dir='ltr'>γέγονε</span> <span class='ocrx_word' id='word_1_81' title='bbox 711 1187 869 1259; x_wconf 78' lang='grc' dir='ltr'>σάρξ,</span> <span class='ocrx_word' id='word_1_82' title='bbox 907 1191 1186 1244; x_wconf 82' lang='grc' dir='ltr'><strong>τουτέστιν</strong></span> <span class='ocrx_word' id='word_1_83' title='bbox 1217 1191 1520 1262; x_wconf 81' lang='grc' dir='ltr'>ἄνθρωπος,</span> <span class='ocrx_word' id='word_1_84' title='bbox 1560 1192 1689 1246; x_wconf 85' lang='grc' dir='ltr'>ῐδιον</span> <span class='ocrx_word' id='word_1_85' title='bbox 1717 1209 1874 1263; x_wconf 88' lang='grc' dir='ltr'>ποιη-</span> 
     </span>
    </p>
   </div>
   <div class='ocr_carea' id='block_1_13' title="bbox 286 1277 1874 1353">
    <p class='ocr_par' dir='ltr' id='par_1_13' title="bbox 286 1277 1874 1353">
     <span class='ocr_line' id='line_1_13' title="bbox 286 1277 1874 1353; baseline 0.005 -24"><span class='ocrx_word' id='word_1_86' title='bbox 286 1277 530 1346; x_wconf 79' lang='grc' dir='ltr'>σάμενος</span> <span class='ocrx_word' id='word_1_87' title='bbox 565 1279 727 1350; x_wconf 86' lang='grc' dir='ltr'>σῶμα</span> <span class='ocrx_word' id='word_1_88' title='bbox 752 1281 812 1334; x_wconf 76' lang='grc' dir='ltr'>τὸ</span> <span class='ocrx_word' id='word_1_89' title='bbox 838 1281 1199 1353; x_wconf 86' lang='grc' dir='ltr'>ἀνθρώπινον,</span> <span class='ocrx_word' id='word_1_90' title='bbox 1225 1283 1348 1336; x_wconf 82' lang='grc' dir='ltr'>καθ’</span> <span class='ocrx_word' id='word_1_91' title='bbox 1383 1283 1577 1336; x_wconf 78' lang='grc' dir='ltr'>ἕνωσιν</span> <span class='ocrx_word' id='word_1_92' title='bbox 1609 1283 1874 1337; x_wconf 78' lang='grc' dir='ltr'>ἀδιάσπα-</span> 
     </span>
    </p>
   </div>
   <div class='ocr_carea' id='block_1_14' title="bbox 287 1371 1870 1445">
    <p class='ocr_par' dir='ltr' id='par_1_14' title="bbox 287 1371 1870 1445">
     <span class='ocr_line' id='line_1_14' title="bbox 287 1371 1870 1445; baseline 0.005 -25"><span class='ocrx_word' id='word_1_93' title='bbox 287 1386 441 1433; x_wconf 87' lang='grc' dir='ltr'>στον,</span> <span class='ocrx_word' id='word_1_94' title='bbox 467 1371 554 1424; x_wconf 83' lang='grc' dir='ltr'>ἵνα</span> <span class='ocrx_word' id='word_1_95' title='bbox 581 1371 673 1424; x_wconf 72' lang='grc' dir='ltr'><strong>καὶ</strong></span> <span class='ocrx_word' id='word_1_96' title='bbox 699 1371 866 1426; x_wconf 85' lang='grc' dir='ltr'>αὐτοῦ</span> <span class='ocrx_word' id='word_1_97' title='bbox 896 1374 1102 1443; x_wconf 83' lang='grc' dir='ltr'>νοῆται,</span> <span class='ocrx_word' id='word_1_98' title='bbox 1127 1375 1220 1426; x_wconf 71' lang='grc' dir='ltr'>καὶ</span> <span class='ocrx_word' id='word_1_99' title='bbox 1245 1373 1369 1445; x_wconf 71' lang='grc' dir='ltr'>[μὴ]</span> <span class='ocrx_word' id='word_1_100' title='bbox 1395 1374 1454 1439; x_wconf 77' lang='grc' dir='ltr'><strong>ἐξ</strong></span> <span class='ocrx_word' id='word_1_101' title='bbox 1477 1374 1663 1445; x_wconf 84' lang='grc' dir='ltr'>έτέρου</span> <span class='ocrx_word' id='word_1_102' title='bbox 1693 1375 1870 1442; x_wconf 90' lang='grc' dir='ltr'>τινός;</span> 
     </span>
    </p>
   </div>
   <div class='ocr_carea' id='block_1_15' title="bbox 287 1459 1875 1537">
    <p class='ocr_par' dir='ltr' id='par_1_15' title="bbox 287 1459 1875 1537">
     <span class='ocr_line' id='line_1_15' title="bbox 287 1459 1875 1537; baseline 0.006 -26"><span class='ocrx_word' id='word_1_103' title='bbox 287 1459 512 1529; x_wconf 78' lang='grc' dir='ltr'>Πέμψει</span> <span class='ocrx_word' id='word_1_104' title='bbox 550 1462 659 1534; x_wconf 74' lang='grc' dir='ltr'><strong>γὰρ</strong></span> <span class='ocrx_word' id='word_1_105' title='bbox 689 1463 832 1516; x_wconf 77' lang='grc' dir='ltr'>οὕτω</span> <span class='ocrx_word' id='word_1_106' title='bbox 878 1465 973 1520; x_wconf 80' lang='lat' dir='ltr'><strong>xui.</strong></span> <span class='ocrx_word' id='word_1_107' title='bbox 1017 1467 1092 1527; x_wconf 85' lang='grc' dir='ltr'><strong>εἰς</strong></span> <span class='ocrx_word' id='word_1_108' title='bbox 1145 1469 1288 1536; x_wconf 78' lang='grc' dir='ltr'>ἡμᾶς</span> <span class='ocrx_word' id='word_1_109' title='bbox 1329 1468 1428 1537; x_wconf 86' lang='grc' dir='ltr'>τῆς</span> <span class='ocrx_word' id='word_1_110' title='bbox 1466 1467 1740 1530; x_wconf 77' lang='grc' dir='ltr'>υἱοθεσίας</span> <span class='ocrx_word' id='word_1_111' title='bbox 1775 1467 1875 1537; x_wconf 82' lang='grc' dir='ltr'>τὴν</span> 
     </span>
    </p>
   </div>
   <div class='ocr_carea' id='block_1_16' title="bbox 285 1550 1870 1628">
    <p class='ocr_par' dir='ltr' id='par_1_16' title="bbox 285 1550 1870 1628">
     <span class='ocr_line' id='line_1_16' title="bbox 285 1550 1870 1628; baseline 0.006 -27"><span class='ocrx_word' id='word_1_112' title='bbox 285 1550 474 1619; x_wconf 81' lang='grc' dir='ltr'><strong>χάριν,</strong></span> <span class='ocrx_word' id='word_1_113' title='bbox 515 1555 608 1605; x_wconf 82' lang='grc' dir='ltr'>καὶ</span> <span class='ocrx_word' id='word_1_114' title='bbox 645 1557 895 1625; x_wconf 71' lang='grc' dir='ltr'>γεννητοὶ</span> <span class='ocrx_word' id='word_1_115' title='bbox 927 1555 1246 1625; x_wconf 83' lang='grc' dir='ltr'>Πνεύματος</span> <span class='ocrx_word' id='word_1_116' title='bbox 1285 1558 1522 1628; x_wconf 76' lang='grc' dir='ltr'>ἐσόμεθα</span> <span class='ocrx_word' id='word_1_117' title='bbox 1554 1559 1646 1611; x_wconf 79' lang='grc' dir='ltr'>καὶ</span> <span class='ocrx_word' id='word_1_118' title='bbox 1687 1560 1870 1628; x_wconf 75' lang='grc' dir='ltr'>ἡμεῖς,</span> 
     </span>
    </p>
   </div>
   <div class='ocr_carea' id='block_1_17' title="bbox 285 1641 1872 1722">
    <p class='ocr_par' dir='ltr' id='par_1_17' title="bbox 285 1641 1872 1722">
     <span class='ocr_line' id='line_1_17' title="bbox 285 1641 1872 1722; baseline 0.006 -29"><span class='ocrx_word' id='word_1_119' title='bbox 285 1641 388 1694; x_wconf 77' lang='grc' dir='ltr'>ἅτε</span> <span class='ocrx_word' id='word_1_120' title='bbox 420 1642 484 1712; x_wconf 76' lang='grc' dir='ltr'><strong>δὴ</strong></span> <span class='ocrx_word' id='word_1_121' title='bbox 514 1647 612 1714; x_wconf 85' lang='grc' dir='ltr'>τῆς</span> <span class='ocrx_word' id='word_1_122' title='bbox 661 1647 952 1717; x_wconf 83' lang='grc' dir='ltr'>ἀνθρώπου</span> <span class='ocrx_word' id='word_1_123' title='bbox 993 1649 1209 1717; x_wconf 80' lang='grc' dir='ltr'>φύσεως</span> <span class='ocrx_word' id='word_1_124' title='bbox 1249 1652 1306 1703; x_wconf 73' lang='grc' dir='ltr'>ὲν</span> <span class='ocrx_word' id='word_1_125' title='bbox 1339 1650 1488 1720; x_wconf 80' lang='grc' dir='ltr'>αὐτῷ</span> <span class='ocrx_word' id='word_1_126' title='bbox 1526 1651 1621 1704; x_wconf 75' lang='grc' dir='ltr'>καὶ</span> <span class='ocrx_word' id='word_1_127' title='bbox 1670 1651 1872 1722; x_wconf 83' lang='grc' dir='ltr'>πρώτῳ</span> 
     </span>
    </p>
   </div>
   <div class='ocr_carea' id='block_1_18' title="bbox 285 1734 1873 1809">
    <p class='ocr_par' dir='ltr' id='par_1_18' title="bbox 285 1734 1873 1809">
     <span class='ocr_line' id='line_1_18' title="bbox 285 1734 1873 1809; baseline 0.007 -24"><span class='ocrx_word' id='word_1_128' title='bbox 285 1734 564 1806; x_wconf 75' lang='grc' dir='ltr'><strong>λαχούσης</strong></span> <span class='ocrx_word' id='word_1_129' title='bbox 593 1737 772 1792; x_wconf 88' lang='grc' dir='ltr'>τοῦτο.</span> <span class='ocrx_word' id='word_1_130' title='bbox 796 1739 904 1792; x_wconf 83' lang='grc' dir='ltr'><strong>Καί</strong></span> <span class='ocrx_word' id='word_1_131' title='bbox 928 1758 1015 1809; x_wconf 87' lang='grc' dir='ltr'><strong>μοι</strong></span> <span class='ocrx_word' id='word_1_132' title='bbox 1041 1741 1188 1793; x_wconf 84' lang='grc' dir='ltr'>δοκεῖ</span> <span class='ocrx_word' id='word_1_133' title='bbox 1205 1741 1442 1794; x_wconf 90' lang='grc' dir='ltr'>τοιοῦτόν</span> <span class='ocrx_word' id='word_1_134' title='bbox 1464 1760 1514 1794; x_wconf 90' lang='grc' dir='ltr'><strong>τι</strong></span> <span class='ocrx_word' id='word_1_135' title='bbox 1536 1743 1657 1795; x_wconf 78' lang='grc' dir='ltr'>καθ’</span> <span class='ocrx_word' id='word_1_136' title='bbox 1682 1743 1873 1796; x_wconf 81' lang='grc' dir='ltr'>ἑαυτὸν</span> 
     </span>
    </p>
   </div>
   <div class='ocr_carea' id='block_1_19' title="bbox 286 1826 1871 1904">
    <p class='ocr_par' dir='ltr' id='par_1_19' title="bbox 286 1826 1871 1904">
     <span class='ocr_line' id='line_1_19' title="bbox 286 1826 1871 1904; baseline 0.009 -29"><span class='ocrx_word' id='word_1_137' title='bbox 286 1826 645 1896; x_wconf 74' lang='grc' dir='ltr'>ὲννενοηκὼς,</span> <span class='ocrx_word' id='word_1_138' title='bbox 679 1829 846 1896; x_wconf 82' lang='grc' dir='ltr'>φάναι</span> <span class='ocrx_word' id='word_1_139' title='bbox 873 1847 974 1883; x_wconf 88' lang='grc' dir='ltr'><strong>που</strong></span> <span class='ocrx_word' id='word_1_140' title='bbox 1013 1833 1105 1884; x_wconf 77' lang='grc' dir='ltr'>καὶ</span> <span class='ocrx_word' id='word_1_141' title='bbox 1135 1833 1280 1901; x_wconf 84' lang='grc' dir='ltr'>μάλα</span> <span class='ocrx_word' id='word_1_142' title='bbox 1310 1833 1487 1904; x_wconf 80' lang='grc' dir='ltr'>ὀρθῶς</span> <span class='ocrx_word' id='word_1_143' title='bbox 1517 1835 1546 1886; x_wconf 85' lang='grc' dir='ltr'>ὁ</span> <span class='ocrx_word' id='word_1_144' title='bbox 1584 1835 1871 1900; x_wconf 81' lang='grc' dir='ltr'><strong>θεσπέσιος</strong></span> 
     </span>
    </p>
   </div>
   <div class='ocr_carea' id='block_1_20' title="bbox 1983 637 3563 707">
    <p class='ocr_par' dir='ltr' id='par_1_20' title="bbox 1983 637 3563 707">
     <span class='ocr_line' id='line_1_20' title="bbox 1983 637 3563 707; baseline 0.001 -17"><span class='ocrx_word' id='word_1_145' title='bbox 1983 639 2186 707; x_wconf 87' lang='lat' dir='ltr'><strong>primas</strong></span> <span class='ocrx_word' id='word_1_146' title='bbox 2207 639 2412 692; x_wconf 86' lang='lat' dir='ltr'><strong>obtinet</strong></span> <span class='ocrx_word' id='word_1_147' title='bbox 2441 639 2504 703; x_wconf 82' lang='grc'><strong>⁸⁸,</strong></span> <span class='ocrx_word' id='word_1_148' title='bbox 2529 637 2683 704; x_wconf 78' lang='lat' dir='ltr'><strong>juxta</strong></span> <span class='ocrx_word' id='word_1_149' title='bbox 2713 637 2861 692; x_wconf 80' lang='lat' dir='ltr'><strong>Pauli</strong></span> <span class='ocrx_word' id='word_1_150' title='bbox 2919 637 3301 707; x_wconf 83' lang='lat' dir='ltr'><strong>sapientissimi</strong></span> <span class='ocrx_word' id='word_1_151' title='bbox 3350 652 3563 705; x_wconf 75' lang='lat' dir='ltr'><strong>mecm,</strong></span> 
     </span>
    </p>
   </div>
   <div class='ocr_carea' id='block_1_21' title="bbox 1983 729 3565 800">
    <p class='ocr_par' dir='ltr' id='par_1_21' title="bbox 1983 729 3565 800">
     <span class='ocr_line' id='line_1_21' title="bbox 1983 729 3565 800; baseline 0.002 -18"><span class='ocrx_word' id='word_1_152' title='bbox 1983 730 2050 782; x_wconf 85' lang='lat' dir='ltr'><strong>ad</strong></span> <span class='ocrx_word' id='word_1_153' title='bbox 2075 744 2236 796; x_wconf 87' lang='lat' dir='ltr'><strong>quem</strong></span> <span class='ocrx_word' id='word_1_154' title='bbox 2283 731 2500 782; x_wconf 77' lang='lat' dir='ltr'><strong>tandem</strong></span> <span class='ocrx_word' id='word_1_155' title='bbox 2555 729 2906 795; x_wconf 74' lang='lat' dir='ltr'><strong>conformati,</strong></span> <span class='ocrx_word' id='word_1_156' title='bbox 2956 743 3020 783; x_wconf 77' lang='lat' dir='ltr'><strong>ex</strong></span> <span class='ocrx_word' id='word_1_157' title='bbox 3083 729 3191 784; x_wconf 91' lang='lat' dir='ltr'><strong>Deo</strong></span> <span class='ocrx_word' id='word_1_158' title='bbox 3243 731 3408 800; x_wconf 79' lang='lat' dir='ltr'><strong>geniti</strong></span> <span class='ocrx_word' id='word_1_159' title='bbox 3467 746 3565 800; x_wconf 89' lang='lat' dir='ltr'><strong>per</strong></span> 
     </span>
    </p>
   </div>
   <div class='ocr_carea' id='block_1_22' title="bbox 1984 819 3560 892">
    <p class='ocr_par' dir='ltr' id='par_1_22' title="bbox 1984 819 3560 892">
     <span class='ocr_line' id='line_1_22' title="bbox 1984 819 3560 892; baseline 0.001 -18"><span class='ocrx_word' id='word_1_160' title='bbox 1984 819 2246 888; x_wconf 77' lang='lat' dir='ltr'><strong>Spiritum</strong></span> <span class='ocrx_word' id='word_1_161' title='bbox 2305 820 2715 889; x_wconf 86' lang='lat' dir='ltr'><strong>appellabimur,</strong></span> <span class='ocrx_word' id='word_1_162' title='bbox 2767 831 2860 874; x_wconf 82' lang='lat' dir='ltr'><strong>aut</strong></span> <span class='ocrx_word' id='word_1_163' title='bbox 2921 837 3082 891; x_wconf 89' lang='lat' dir='ltr'><strong>quem</strong></span> <span class='ocrx_word' id='word_1_164' title='bbox 3152 820 3313 889; x_wconf 86' lang='lat' dir='ltr'><strong>hujus</strong></span> <span class='ocrx_word' id='word_1_165' title='bbox 3359 822 3560 892; x_wconf 77' lang='lat' dir='ltr'><strong>negetii</strong></span> 
     </span>
    </p>
   </div>
   <div class='ocr_carea' id='block_1_23' title="bbox 1981 911 3562 982">
    <p class='ocr_par' dir='ltr' id='par_1_23' title="bbox 1981 911 3562 982">
     <span class='ocr_line' id='line_1_23' title="bbox 1981 911 3562 982; baseline 0.005 -20"><span class='ocrx_word' id='word_1_166' title='bbox 1981 912 2282 980; x_wconf 85' lang='lat' dir='ltr'><strong>principem</strong></span> <span class='ocrx_word' id='word_1_167' title='bbox 2349 926 2414 965; x_wconf 88' lang='lat' dir='ltr'><strong>ac</strong></span> <span class='ocrx_word' id='word_1_168' title='bbox 2475 921 2636 982; x_wconf 83' lang='lat' dir='ltr'><strong>caput</strong></span> <span class='ocrx_word' id='word_1_169' title='bbox 2666 911 3023 967; x_wconf 73' lang='lat' dir='ltr'><strong>habebimus?</strong></span> <span class='ocrx_word' id='word_1_170' title='bbox 3068 921 3159 966; x_wconf 91' lang='lat' dir='ltr'><strong>aut</strong></span> <span class='ocrx_word' id='word_1_171' title='bbox 3189 914 3311 981; x_wconf 86' lang='lat' dir='ltr'><strong>quis</strong></span> <span class='ocrx_word' id='word_1_172' title='bbox 3337 914 3562 970; x_wconf 89' lang='lat' dir='ltr'><strong>omnino</strong></span> 
     </span>
    </p>
   </div>
   <div class='ocr_carea' id='block_1_24' title="bbox 1983 1003 3559 1075">
    <p class='ocr_par' dir='ltr' id='par_1_24' title="bbox 1983 1003 3559 1075">
     <span class='ocr_line' id='line_1_24' title="bbox 1983 1003 3559 1075; baseline 0.003 -18"><span class='ocrx_word' id='word_1_173' title='bbox 1983 1003 2120 1057; x_wconf 89' lang='lat' dir='ltr'><strong>hanc</strong></span> <span class='ocrx_word' id='word_1_174' title='bbox 2151 1003 2465 1072; x_wconf 78' lang='lat' dir='ltr'><strong>dignitatem</strong></span> <span class='ocrx_word' id='word_1_175' title='bbox 2489 1004 2542 1058; x_wconf 92' lang='lat' dir='ltr'><strong>in</strong></span> <span class='ocrx_word' id='word_1_176' title='bbox 2584 1019 2683 1058; x_wconf 89' lang='lat' dir='ltr'><strong>nos</strong></span> <span class='ocrx_word' id='word_1_177' title='bbox 2734 1005 3135 1061; x_wconf 76' lang='lat' dir='ltr'><strong>transmiserit?</strong></span> <span class='ocrx_word' id='word_1_178' title='bbox 3182 1007 3370 1062; x_wconf 86' lang='lat' dir='ltr'><strong>Dicent</strong></span> <span class='ocrx_word' id='word_1_179' title='bbox 3431 1023 3559 1075; x_wconf 87' lang='lat' dir='ltr'><strong>pro-</strong></span> 
     </span>
    </p>
   </div>
   <div class='ocr_carea' id='block_1_25' title="bbox 1984 1095 3557 1165">
    <p class='ocr_par' dir='ltr' id='par_1_25' title="bbox 1984 1095 3557 1165">
     <span class='ocr_line' id='line_1_25' title="bbox 1984 1095 3557 1165; baseline 0.003 -18"><span class='ocrx_word' id='word_1_180' title='bbox 1984 1095 2145 1159; x_wconf 83' lang='lat' dir='ltr'><strong>fecto,</strong></span> <span class='ocrx_word' id='word_1_181' title='bbox 2178 1105 2238 1149; x_wconf 89' lang='lat' dir='ltr'><strong>ut</strong></span> <span class='ocrx_word' id='word_1_182' title='bbox 2267 1095 2536 1160; x_wconf 83' lang='lat' dir='ltr'><strong>arbitror,</strong></span> <span class='ocrx_word' id='word_1_183' title='bbox 2568 1096 2734 1151; x_wconf 89' lang='lat' dir='ltr'><strong>etiam</strong></span> <span class='ocrx_word' id='word_1_184' title='bbox 2759 1096 2860 1165; x_wconf 80' lang='lat' dir='ltr'><strong>ipsi</strong></span> <span class='ocrx_word' id='word_1_185' title='bbox 2889 1115 2902 1151; x_wconf 88' lang='lat'><strong>:</strong></span> <span class='ocrx_word' id='word_1_186' title='bbox 2929 1095 3165 1152; x_wconf 83' lang='lat' dir='ltr'><strong>Verbum</strong></span> <span class='ocrx_word' id='word_1_187' title='bbox 3195 1101 3557 1152; x_wconf 86' lang='lat' dir='ltr'><strong>incarnatum.</strong></span> 
     </span>
    </p>
   </div>
   <div class='ocr_carea' id='block_1_26' title="bbox 1981 1188 3556 1258">
    <p class='ocr_par' dir='ltr' id='par_1_26' title="bbox 1981 1188 3556 1258">
     <span class='ocr_line' id='line_1_26' title="bbox 1981 1188 3556 1258; baseline 0.001 -16"><span class='ocrx_word' id='word_1_188' title='bbox 1981 1188 2143 1258; x_wconf 86' lang='lat' dir='ltr'><strong>Atqui</strong></span> <span class='ocrx_word' id='word_1_189' title='bbox 2164 1203 2270 1257; x_wconf 87' lang='lat' dir='ltr'><strong>quo</strong></span> <span class='ocrx_word' id='word_1_190' title='bbox 2296 1198 2456 1258; x_wconf 89' lang='lat' dir='ltr'><strong>paeto</strong></span> <span class='ocrx_word' id='word_1_191' title='bbox 2487 1203 2678 1242; x_wconf 80' lang='lat' dir='ltr'><strong>verum</strong></span> <span class='ocrx_word' id='word_1_192' title='bbox 2703 1190 2802 1244; x_wconf 89' lang='lat' dir='ltr'><strong>hoc</strong></span> <span class='ocrx_word' id='word_1_193' title='bbox 2833 1189 2958 1253; x_wconf 87' lang='lat' dir='ltr'><strong>erit,</strong></span> <span class='ocrx_word' id='word_1_194' title='bbox 2987 1189 3283 1257; x_wconf 89' lang='lat' dir='ltr'><strong>nisiipsum</strong></span> <span class='ocrx_word' id='word_1_195' title='bbox 3322 1188 3556 1244; x_wconf 77' lang='lat' dir='ltr'><strong>Verbum</strong></span> 
     </span>
    </p>
   </div>
   <div class='ocr_carea' id='block_1_27' title="bbox 1982 1279 3558 1348">
    <p class='ocr_par' dir='ltr' id='par_1_27' title="bbox 1982 1279 3558 1348">
     <span class='ocr_line' id='line_1_27' title="bbox 1982 1279 3558 1348; baseline 0 -14"><span class='ocrx_word' id='word_1_196' title='bbox 1982 1280 2184 1335; x_wconf 88' lang='lat' dir='ltr'><strong>factum</strong></span> <span class='ocrx_word' id='word_1_197' title='bbox 2218 1288 2302 1333; x_wconf 88' lang='lat' dir='ltr'><strong>est</strong></span> <span class='ocrx_word' id='word_1_198' title='bbox 2322 1294 2472 1342; x_wconf 90' lang='lat' dir='ltr'><strong>caro,</strong></span> <span class='ocrx_word' id='word_1_199' title='bbox 2502 1279 2606 1334; x_wconf 88' lang='lat' dir='ltr'><strong>hoc</strong></span> <span class='ocrx_word' id='word_1_200' title='bbox 2623 1288 2726 1346; x_wconf 85' lang='lat' dir='ltr'><strong>est,</strong></span> <span class='ocrx_word' id='word_1_201' title='bbox 2751 1280 2950 1343; x_wconf 90' lang='lat' dir='ltr'><strong>bomo&#39;,</strong></span> <span class='ocrx_word' id='word_1_202' title='bbox 3009 1280 3206 1348; x_wconf 86' lang='lat' dir='ltr'><strong>quippe</strong></span> <span class='ocrx_word' id='word_1_203' title='bbox 3245 1280 3385 1348; x_wconf 89' lang='lat' dir='ltr'><strong>quod</strong></span> <span class='ocrx_word' id='word_1_204' title='bbox 3431 1295 3558 1348; x_wconf 79' lang='lat' dir='ltr'><strong>pro-</strong></span> 
     </span>
    </p>
   </div>
   <div class='ocr_carea' id='block_1_28' title="bbox 1980 1371 3556 1441">
    <p class='ocr_par' dir='ltr' id='par_1_28' title="bbox 1980 1371 3556 1441">
     <span class='ocr_line' id='line_1_28' title="bbox 1980 1371 3556 1441; baseline 0.001 -16"><span class='ocrx_word' id='word_1_205' title='bbox 1980 1373 2158 1440; x_wconf 91' lang='lat' dir='ltr'><strong>prium</strong></span> <span class='ocrx_word' id='word_1_206' title='bbox 2187 1371 2288 1426; x_wconf 84' lang='lat' dir='ltr'><strong>sibi</strong></span> <span class='ocrx_word' id='word_1_207' title='bbox 2309 1371 2497 1426; x_wconf 82' lang='lat' dir='ltr'><strong>fecerit</strong></span> <span class='ocrx_word' id='word_1_208' title='bbox 2521 1386 2718 1440; x_wconf 89' lang='lat' dir='ltr'><strong>corpus</strong></span> <span class='ocrx_word' id='word_1_209' title='bbox 2746 1388 2808 1426; x_wconf 91' lang='lat' dir='ltr'><strong>ea</strong></span> <span class='ocrx_word' id='word_1_210' title='bbox 2835 1372 3044 1427; x_wconf 90' lang='lat' dir='ltr'><strong>unitate</strong></span> <span class='ocrx_word' id='word_1_211' title='bbox 3071 1388 3190 1441; x_wconf 73' lang='lat' dir='ltr'><strong>qua:</strong></span> <span class='ocrx_word' id='word_1_212' title='bbox 3207 1373 3386 1428; x_wconf 75' lang='lat' dir='ltr'><strong>divelli</strong></span> <span class='ocrx_word' id='word_1_213' title='bbox 3413 1372 3556 1426; x_wconf 90' lang='lat' dir='ltr'><strong>nulla</strong></span> 
     </span>
    </p>
   </div>
   <div class='ocr_carea' id='block_1_29' title="bbox 1981 1460 3560 1530">
    <p class='ocr_par' dir='ltr' id='par_1_29' title="bbox 1981 1460 3560 1530">
     <span class='ocr_line' id='line_1_29' title="bbox 1981 1460 3560 1530; baseline 0.001 -16"><span class='ocrx_word' id='word_1_214' title='bbox 1981 1462 2194 1516; x_wconf 84' lang='lat' dir='ltr'><strong>ratione</strong></span> <span class='ocrx_word' id='word_1_215' title='bbox 2210 1469 2410 1530; x_wconf 83' lang='lat' dir='ltr'><strong>queat:</strong></span> <span class='ocrx_word' id='word_1_216' title='bbox 2439 1460 2514 1514; x_wconf 89' lang='lat' dir='ltr'><strong>ita</strong></span> <span class='ocrx_word' id='word_1_217' title='bbox 2551 1461 2808 1514; x_wconf 89' lang='lat' dir='ltr'><strong>nimirum</strong></span> <span class='ocrx_word' id='word_1_218' title='bbox 2832 1471 2889 1514; x_wconf 93' lang='lat' dir='ltr'><strong>ut</strong></span> <span class='ocrx_word' id='word_1_219' title='bbox 2923 1461 3092 1530; x_wconf 91' lang='lat' dir='ltr'><strong>ipsius</strong></span> <span class='ocrx_word' id='word_1_220' title='bbox 3134 1460 3292 1516; x_wconf 84' lang='lat' dir='ltr'><strong>Verbi</strong></span> <span class='ocrx_word' id='word_1_221' title='bbox 3339 1476 3560 1516; x_wconf 85' lang='lat' dir='ltr'><strong>censea-</strong></span> 
     </span>
    </p>
   </div>
   <div class='ocr_carea' id='block_1_30' title="bbox 1980 1552 3557 1623">
    <p class='ocr_par' dir='ltr' id='par_1_30' title="bbox 1980 1552 3557 1623">
     <span class='ocr_line' id='line_1_30' title="bbox 1980 1552 3557 1623; baseline -0.001 -17"><span class='ocrx_word' id='word_1_222' title='bbox 1980 1562 2089 1620; x_wconf 90' lang='lat' dir='ltr'><strong>tur,</strong></span> <span class='ocrx_word' id='word_1_223' title='bbox 2124 1563 2299 1608; x_wconf 92' lang='lat' dir='ltr'><strong>etnon</strong></span> <span class='ocrx_word' id='word_1_224' title='bbox 2322 1553 2544 1608; x_wconf 88' lang='lat' dir='ltr'><strong>alterius</strong></span> <span class='ocrx_word' id='word_1_225' title='bbox 2568 1552 2905 1623; x_wconf 82' lang='lat' dir='ltr'><strong>cuiuspiam?</strong></span> <span class='ocrx_word' id='word_1_226' title='bbox 2932 1553 3042 1608; x_wconf 91' lang='lat' dir='ltr'><strong>lloc</strong></span> <span class='ocrx_word' id='word_1_227' title='bbox 3063 1555 3204 1609; x_wconf 88' lang='lat' dir='ltr'><strong>enim</strong></span> <span class='ocrx_word' id='word_1_228' title='bbox 3221 1565 3377 1622; x_wconf 89' lang='lat' dir='ltr'><strong>pacto</strong></span> <span class='ocrx_word' id='word_1_229' title='bbox 3393 1553 3557 1608; x_wconf 87' lang='lat' dir='ltr'><strong>etiam</strong></span> 
     </span>
    </p>
   </div>
   <div class='ocr_carea' id='block_1_31' title="bbox 1983 1644 3562 1714">
    <p class='ocr_par' dir='ltr' id='par_1_31' title="bbox 1983 1644 3562 1714">
     <span class='ocr_line' id='line_1_31' title="bbox 1983 1644 3562 1714; baseline 0.001 -16"><span class='ocrx_word' id='word_1_230' title='bbox 1983 1648 2034 1698; x_wconf 89' lang='lat' dir='ltr'><strong>in</strong></span> <span class='ocrx_word' id='word_1_231' title='bbox 2065 1660 2162 1699; x_wconf 86' lang='lat' dir='ltr'><strong>nos</strong></span> <span class='ocrx_word' id='word_1_232' title='bbox 2204 1644 2532 1698; x_wconf 85' lang='lat' dir='ltr'><strong>trausmittet</strong></span> <span class='ocrx_word' id='word_1_233' title='bbox 2590 1644 2863 1698; x_wconf 85' lang='lat' dir='ltr'><strong>liiiationis</strong></span> <span class='ocrx_word' id='word_1_234' title='bbox 2913 1645 3472 1714; x_wconf 70' lang='lat' dir='ltr'><strong>gratiam,genitique</strong></span> <span class='ocrx_word' id='word_1_235' title='bbox 3531 1659 3562 1700; x_wconf 74' lang='grc' dir='ltr'><strong>ο</strong></span> 
     </span>
    </p>
   </div>
   <div class='ocr_carea' id='block_1_32' title="bbox 1982 1733 3560 1804">
    <p class='ocr_par' dir='ltr' id='par_1_32' title="bbox 1982 1733 3560 1804">
     <span class='ocr_line' id='line_1_32' title="bbox 1982 1733 3560 1804; baseline 0.001 -16"><span class='ocrx_word' id='word_1_236' title='bbox 1982 1733 2186 1803; x_wconf 87' lang='lat' dir='ltr'><strong>Spiritu</strong></span> <span class='ocrx_word' id='word_1_237' title='bbox 2217 1734 2422 1788; x_wconf 89' lang='lat' dir='ltr'><strong>erimus</strong></span> <span class='ocrx_word' id='word_1_238' title='bbox 2468 1733 2630 1788; x_wconf 87' lang='lat' dir='ltr'><strong>etiam</strong></span> <span class='ocrx_word' id='word_1_239' title='bbox 2669 1749 2792 1802; x_wconf 87' lang='lat' dir='ltr'><strong>nos,</strong></span> <span class='ocrx_word' id='word_1_240' title='bbox 2843 1745 3033 1804; x_wconf 87' lang='lat' dir='ltr'><strong>utpote</strong></span> <span class='ocrx_word' id='word_1_241' title='bbox 3093 1746 3288 1790; x_wconf 90' lang='lat' dir='ltr'><strong>natura</strong></span> <span class='ocrx_word' id='word_1_242' title='bbox 3320 1737 3560 1790; x_wconf 86' lang='lat' dir='ltr'><strong>humana</strong></span> 
     </span>
    </p>
   </div>
   <div class='ocr_carea' id='block_1_33' title="bbox 1981 1823 3563 1895">
    <p class='ocr_par' dir='ltr' id='par_1_33' title="bbox 1981 1823 3563 1895">
     <span class='ocr_line' id='line_1_33' title="bbox 1981 1823 3563 1895; baseline 0 -17"><span class='ocrx_word' id='word_1_243' title='bbox 1981 1825 2151 1879; x_wconf 89' lang='lat' dir='ltr'><strong>hocin</strong></span> <span class='ocrx_word' id='word_1_244' title='bbox 2172 1825 2289 1894; x_wconf 86' lang='lat' dir='ltr'><strong>ipso</strong></span> <span class='ocrx_word' id='word_1_245' title='bbox 2311 1833 2365 1878; x_wconf 90' lang='lat' dir='ltr'><strong>et</strong></span> <span class='ocrx_word' id='word_1_246' title='bbox 2384 1823 2605 1894; x_wconf 88' lang='lat' dir='ltr'><strong>quidem</strong></span> <span class='ocrx_word' id='word_1_247' title='bbox 2642 1825 2820 1893; x_wconf 86' lang='lat' dir='ltr'><strong>primo</strong></span> <span class='ocrx_word' id='word_1_248' title='bbox 2846 1834 3162 1880; x_wconf 84' lang='lat' dir='ltr'><strong>consecuta.</strong></span> <span class='ocrx_word' id='word_1_249' title='bbox 3187 1827 3264 1880; x_wconf 83' lang='lat' dir='ltr'><strong>Ac</strong></span> <span class='ocrx_word' id='word_1_250' title='bbox 3288 1827 3418 1880; x_wconf 89' lang='lat' dir='ltr'><strong>mihi</strong></span> <span class='ocrx_word' id='word_1_251' title='bbox 3448 1825 3563 1895; x_wconf 77' lang='lat' dir='ltr'><strong>qui-</strong></span> 
     </span>
    </p>
   </div>
   <div class='ocr_carea' id='block_1_34' title="bbox 287 1908 1866 1995">
    <p class='ocr_par' dir='ltr' id='par_1_34' title="bbox 287 1916 1865 1995">
     <span class='ocr_line' id='line_1_34' title="bbox 287 1916 1865 1995; baseline 0.007 -26"><span class='ocrx_word' id='word_1_252' title='bbox 287 1916 537 1980; x_wconf 84' lang='grc' dir='ltr'>Παῦλος·</span> <span class='ocrx_word' id='word_1_253' title='bbox 572 1938 590 1968; x_wconf 78' lang='grc' dir='ltr'><strong>ι</strong></span> <span class='ocrx_word' id='word_1_254' title='bbox 630 1920 844 1991; x_wconf 83' lang='grc' dir='ltr'>Ὠσπερ</span> <span class='ocrx_word' id='word_1_255' title='bbox 884 1923 990 1992; x_wconf 79' lang='grc' dir='ltr'><strong>γάρ</strong></span> <span class='ocrx_word' id='word_1_256' title='bbox 1027 1923 1371 1994; x_wconf 69' lang='grc' dir='ltr'>ὲφορέσαμεν</span> <span class='ocrx_word' id='word_1_257' title='bbox 1405 1925 1502 1995; x_wconf 78' lang='grc' dir='ltr'>τὴν</span> <span class='ocrx_word' id='word_1_258' title='bbox 1547 1926 1731 1979; x_wconf 87' lang='grc' dir='ltr'>εἰκόνα</span> <span class='ocrx_word' id='word_1_259' title='bbox 1773 1926 1865 1980; x_wconf 91' lang='grc' dir='ltr'><strong>τοῦ</strong></span> 
     </span>
    </p>
   </div>
   <div class='ocr_carea' id='block_1_35' title="bbox 1975 1908 3558 1995">
    <p class='ocr_par' dir='ltr' id='par_1_35' title="bbox 1975 1916 3558 1986">
     <span class='ocr_line' id='line_1_35' title="bbox 1975 1916 3558 1986; baseline 0 -16"><span class='ocrx_word' id='word_1_260' title='bbox 1975 1917 2093 1970; x_wconf 89' lang='lat' dir='ltr'><strong>dem</strong></span> <span class='ocrx_word' id='word_1_261' title='bbox 2155 1916 2369 1970; x_wconf 82' lang='lat' dir='ltr'><strong>videtur</strong></span> <span class='ocrx_word' id='word_1_262' title='bbox 2415 1917 2579 1970; x_wconf 90' lang='lat' dir='ltr'><strong>etiam</strong></span> <span class='ocrx_word' id='word_1_263' title='bbox 2623 1917 2838 1970; x_wconf 85' lang='lat' dir='ltr'><strong>divinus</strong></span> <span class='ocrx_word' id='word_1_264' title='bbox 2905 1917 3126 1981; x_wconf 84' lang='lat' dir='ltr'><strong>Paulus,</strong></span> <span class='ocrx_word' id='word_1_265' title='bbox 3187 1918 3558 1986; x_wconf 82' lang='lat' dir='ltr'><strong>hujuscemodi</strong></span> 
     </span>
    </p>
   </div>
   <div class='ocr_carea' id='block_1_36' title="bbox 283 2010 1862 2089">
    <p class='ocr_par' dir='ltr' id='par_1_36' title="bbox 283 2010 1862 2089">
     <span class='ocr_line' id='line_1_36' title="bbox 283 2010 1862 2089; baseline 0.008 -29"><span class='ocrx_word' id='word_1_266' title='bbox 283 2010 498 2078; x_wconf 81' lang='grc' dir='ltr'><strong>χοϊκοῦ,</strong></span> <span class='ocrx_word' id='word_1_267' title='bbox 534 2011 840 2081; x_wconf 76' lang='grc' dir='ltr'>φορέσομεν</span> <span class='ocrx_word' id='word_1_268' title='bbox 874 2015 966 2067; x_wconf 71' lang='grc' dir='ltr'>καὶ</span> <span class='ocrx_word' id='word_1_269' title='bbox 1005 2014 1102 2083; x_wconf 68' lang='grc' dir='ltr'>τῂν</span> <span class='ocrx_word' id='word_1_270' title='bbox 1137 2015 1321 2070; x_wconf 82' lang='grc' dir='ltr'>εἰκόνα</span> <span class='ocrx_word' id='word_1_271' title='bbox 1353 2016 1445 2070; x_wconf 90' lang='grc' dir='ltr'><strong>τοῦ</strong></span> <span class='ocrx_word' id='word_1_272' title='bbox 1471 2019 1794 2089; x_wconf 74' lang='grc' dir='ltr'>ἐπουρανίου</span> <span class='ocrx_word' id='word_1_273' title='bbox 1815 2037 1862 2072; x_wconf 76' lang='grc' dir='ltr'><strong>ἰ</strong></span> 
     </span>
    </p>
   </div>
   <div class='ocr_carea' id='block_1_37' title="bbox 188 2101 1869 2181">
    <p class='ocr_par' dir='ltr' id='par_1_37' title="bbox 188 2101 1869 2181">
     <span class='ocr_line' id='line_1_37' title="bbox 188 2101 1869 2181; baseline 0.008 -30"><span class='ocrx_word' id='word_1_274' title='bbox 188 2165 196 2172; x_wconf 32' lang='grc'><strong><em>¹</em></strong></span> <span class='ocrx_word' id='word_1_275' title='bbox 283 2102 382 2152; x_wconf 74' lang='grc' dir='ltr'>καὶ</span> <span class='ocrx_word' id='word_1_276' title='bbox 409 2101 503 2153; x_wconf 82' lang='grc' dir='ltr'>τὸν</span> <span class='ocrx_word' id='word_1_277' title='bbox 553 2103 652 2172; x_wconf 81' lang='grc' dir='ltr'>μὲν</span> <span class='ocrx_word' id='word_1_278' title='bbox 703 2105 921 2175; x_wconf 84' lang='grc' dir='ltr'>πρῶτον</span> <span class='ocrx_word' id='word_1_279' title='bbox 952 2105 1241 2173; x_wconf 83' lang='grc' dir='ltr'>ἄνθρωπον</span> <span class='ocrx_word' id='word_1_280' title='bbox 1284 2109 1349 2161; x_wconf 83' lang='grc' dir='ltr'>ὲκ</span> <span class='ocrx_word' id='word_1_281' title='bbox 1386 2110 1488 2178; x_wconf 82' lang='grc' dir='ltr'>γῆς</span> <span class='ocrx_word' id='word_1_282' title='bbox 1529 2111 1630 2181; x_wconf 77' lang='grc' dir='ltr'><strong>ἔφη</strong></span> <span class='ocrx_word' id='word_1_283' title='bbox 1664 2111 1869 2181; x_wconf 71' lang='grc' dir='ltr'>χοϊκδν,</span> 
     </span>
    </p>
   </div>
   <div class='ocr_carea' id='block_1_38' title="bbox 280 2191 1868 2270">
    <p class='ocr_par' dir='ltr' id='par_1_38' title="bbox 280 2191 1868 2270">
     <span class='ocr_line' id='line_1_38' title="bbox 280 2191 1868 2270; baseline 0.008 -28"><span class='ocrx_word' id='word_1_284' title='bbox 280 2192 379 2243; x_wconf 77' lang='grc' dir='ltr'><strong>τὸν</strong></span> <span class='ocrx_word' id='word_1_285' title='bbox 427 2191 485 2243; x_wconf 78' lang='grc' dir='ltr'><strong>δὲ</strong></span> <span class='ocrx_word' id='word_1_286' title='bbox 519 2192 771 2262; x_wconf 83' lang='grc' dir='ltr'>δεύτερον</span> <span class='ocrx_word' id='word_1_287' title='bbox 812 2194 871 2259; x_wconf 79' lang='grc' dir='ltr'>ἐξ</span> <span class='ocrx_word' id='word_1_288' title='bbox 912 2196 1147 2265; x_wconf 80' lang='grc' dir='ltr'>ούρανοῦ</span> <span class='ocrx_word' id='word_1_289' title='bbox 1171 2213 1184 2227; x_wconf 92' lang='grc'><strong>·</strong></span> <span class='ocrx_word' id='word_1_290' title='bbox 1227 2217 1246 2248; x_wconf 72' lang='grc' dir='ltr'><strong>ε</strong></span> <span class='ocrx_word' id='word_1_291' title='bbox 1284 2197 1422 2250; x_wconf 81' lang='grc' dir='ltr'>Ἀλλ’</span> <span class='ocrx_word' id='word_1_292' title='bbox 1471 2195 1582 2263; x_wconf 77' lang='grc' dir='ltr'>οἷος</span> <span class='ocrx_word' id='word_1_293' title='bbox 1612 2200 1640 2250; x_wconf 80' lang='grc' dir='ltr'>ὁ</span> <span class='ocrx_word' id='word_1_294' title='bbox 1667 2201 1868 2270; x_wconf 86' lang='grc' dir='ltr'>χοῖκὸς,</span> 
     </span>
    </p>
   </div>
   <div class='ocr_carea' id='block_1_39' title="bbox 281 2281 1868 2363">
    <p class='ocr_par' dir='ltr' id='par_1_39' title="bbox 281 2281 1868 2363">
     <span class='ocr_line' id='line_1_39' title="bbox 281 2281 1868 2363; baseline 0.008 -29"><span class='ocrx_word' id='word_1_295' title='bbox 281 2281 516 2335; x_wconf 86' lang='grc' dir='ltr'>τοιοῦτοι</span> <span class='ocrx_word' id='word_1_296' title='bbox 563 2285 659 2336; x_wconf 97' lang='lat' dir='ltr'><strong>xui.</strong></span> <span class='ocrx_word' id='word_1_297' title='bbox 682 2287 729 2338; x_wconf 86' lang='grc' dir='ltr'>οἱ</span> <span class='ocrx_word' id='word_1_298' title='bbox 764 2287 958 2356; x_wconf 76' lang='grc' dir='ltr'>χοῖκοὶ,</span> <span class='ocrx_word' id='word_1_299' title='bbox 1005 2289 1160 2358; x_wconf 70' lang='grc' dir='ltr'>φησὶ,</span> <span class='ocrx_word' id='word_1_300' title='bbox 1194 2290 1288 2342; x_wconf 74' lang='grc' dir='ltr'>καὶ</span> <span class='ocrx_word' id='word_1_301' title='bbox 1321 2286 1431 2354; x_wconf 75' lang='grc' dir='ltr'>οἷος</span> <span class='ocrx_word' id='word_1_302' title='bbox 1462 2293 1490 2343; x_wconf 85' lang='grc' dir='ltr'>ὁ</span> <span class='ocrx_word' id='word_1_303' title='bbox 1526 2294 1868 2363; x_wconf 77' lang='grc' dir='ltr'>ἐπουράνιος,</span> 
     </span>
    </p>
   </div>
   <div class='ocr_carea' id='block_1_40' title="bbox 280 2373 1872 2454">
    <p class='ocr_par' dir='ltr' id='par_1_40' title="bbox 280 2373 1872 2454">
     <span class='ocr_line' id='line_1_40' title="bbox 280 2373 1872 2454; baseline 0.009 -29"><span class='ocrx_word' id='word_1_304' title='bbox 280 2373 521 2426; x_wconf 86' lang='grc' dir='ltr'>τοιοῦτοι</span> <span class='ocrx_word' id='word_1_305' title='bbox 553 2377 646 2428; x_wconf 87' lang='lat' dir='ltr'><strong>xui.</strong></span> <span class='ocrx_word' id='word_1_306' title='bbox 678 2377 726 2428; x_wconf 88' lang='grc' dir='ltr'><strong>οί</strong></span> <span class='ocrx_word' id='word_1_307' title='bbox 778 2378 1116 2448; x_wconf 76' lang='grc' dir='ltr'>ἐπουράνιοι.</span> <span class='ocrx_word' id='word_1_308' title='bbox 1146 2399 1163 2431; x_wconf 72' lang='grc' dir='ltr'><strong>ι</strong></span> <span class='ocrx_word' id='word_1_309' title='bbox 1202 2383 1393 2435; x_wconf 71' lang='grc' dir='ltr'>Χοῖκοὶ</span> <span class='ocrx_word' id='word_1_310' title='bbox 1433 2384 1540 2454; x_wconf 88' lang='grc' dir='ltr'><strong>γάρ</strong></span> <span class='ocrx_word' id='word_1_311' title='bbox 1577 2385 1764 2454; x_wconf 79' lang='grc' dir='ltr'>ἐσμεν,</span> <span class='ocrx_word' id='word_1_312' title='bbox 1796 2385 1872 2449; x_wconf 84' lang='grc' dir='ltr'>ὡς</span> 
     </span>
    </p>
   </div>
   <div class='ocr_carea' id='block_1_41' title="bbox 278 2467 1871 2546">
    <p class='ocr_par' dir='ltr' id='par_1_41' title="bbox 278 2467 1871 2546">
     <span class='ocr_line' id='line_1_41' title="bbox 278 2467 1871 2546; baseline 0.008 -29"><span class='ocrx_word' id='word_1_313' title='bbox 278 2467 347 2518; x_wconf 77' lang='grc' dir='ltr'>ὲκ</span> <span class='ocrx_word' id='word_1_314' title='bbox 390 2467 579 2535; x_wconf 81' lang='grc' dir='ltr'>χοϊκοῦ</span> <span class='ocrx_word' id='word_1_315' title='bbox 615 2467 708 2520; x_wconf 85' lang='grc' dir='ltr'><strong>τοῦ</strong></span> <span class='ocrx_word' id='word_1_316' title='bbox 747 2467 917 2539; x_wconf 77' lang='grc' dir='ltr'>’Λδὰμ</span> <span class='ocrx_word' id='word_1_317' title='bbox 954 2474 1418 2543; x_wconf 79' lang='grc' dir='ltr'>παρεμπεσούσης</span> <span class='ocrx_word' id='word_1_318' title='bbox 1454 2477 1534 2537; x_wconf 85' lang='grc' dir='ltr'><strong>εἰς</strong></span> <span class='ocrx_word' id='word_1_319' title='bbox 1571 2475 1719 2544; x_wconf 81' lang='grc' dir='ltr'>ἡμᾶς</span> <span class='ocrx_word' id='word_1_320' title='bbox 1769 2476 1871 2546; x_wconf 83' lang='grc' dir='ltr'>τῆς</span> 
     </span>
    </p>
   </div>
   <div class='ocr_carea' id='block_1_42' title="bbox 277 2558 1869 2638">
    <p class='ocr_par' dir='ltr' id='par_1_42' title="bbox 277 2558 1869 2638">
     <span class='ocr_line' id='line_1_42' title="bbox 277 2558 1869 2638; baseline 0.008 -29"><span class='ocrx_word' id='word_1_321' title='bbox 277 2558 425 2626; x_wconf 75' lang='grc' dir='ltr'>ἀρᾶς</span> <span class='ocrx_word' id='word_1_322' title='bbox 464 2558 566 2628; x_wconf 82' lang='grc' dir='ltr'>τῆς</span> <span class='ocrx_word' id='word_1_323' title='bbox 605 2560 836 2631; x_wconf 80' lang='grc' dir='ltr'>φθορᾶς,</span> <span class='ocrx_word' id='word_1_324' title='bbox 866 2561 933 2614; x_wconf 81' lang='grc' dir='ltr'>δι’</span> <span class='ocrx_word' id='word_1_325' title='bbox 966 2559 1034 2635; x_wconf 84' lang='grc' dir='ltr'>ἦς</span> <span class='ocrx_word' id='word_1_326' title='bbox 1061 2565 1154 2616; x_wconf 76' lang='grc' dir='ltr'>καὶ</span> <span class='ocrx_word' id='word_1_327' title='bbox 1185 2567 1214 2618; x_wconf 91' lang='grc' dir='ltr'><strong>ὁ</strong></span> <span class='ocrx_word' id='word_1_328' title='bbox 1255 2567 1354 2636; x_wconf 81' lang='grc' dir='ltr'>τῆς</span> <span class='ocrx_word' id='word_1_329' title='bbox 1387 2567 1661 2638; x_wconf 82' lang='grc' dir='ltr'>ἁμαρτίας</span> <span class='ocrx_word' id='word_1_330' title='bbox 1692 2568 1869 2621; x_wconf 82' lang='grc' dir='ltr'>είσέδυ</span> 
     </span>
    </p>
   </div>
   <div class='ocr_carea' id='block_1_43' title="bbox 277 2648 1870 2729">
    <p class='ocr_par' dir='ltr' id='par_1_43' title="bbox 277 2648 1870 2729">
     <span class='ocr_line' id='line_1_43' title="bbox 277 2648 1870 2729; baseline 0.009 -31"><span class='ocrx_word' id='word_1_331' title='bbox 277 2648 468 2718; x_wconf 76' lang='grc' dir='ltr'>νόμος,</span> <span class='ocrx_word' id='word_1_332' title='bbox 501 2653 528 2703; x_wconf 78' lang='grc' dir='ltr'><strong>ό</strong></span> <span class='ocrx_word' id='word_1_333' title='bbox 549 2653 739 2714; x_wconf 78' lang='grc' dir='ltr'>ἐντοῖς</span> <span class='ocrx_word' id='word_1_334' title='bbox 774 2653 959 2721; x_wconf 84' lang='grc' dir='ltr'>μέλεσι</span> <span class='ocrx_word' id='word_1_335' title='bbox 991 2657 1103 2718; x_wconf 88' lang='grc' dir='ltr'>τοῖς</span> <span class='ocrx_word' id='word_1_336' title='bbox 1130 2657 1230 2724; x_wconf 86' lang='grc' dir='ltr'>τῆς</span> <span class='ocrx_word' id='word_1_337' title='bbox 1267 2658 1488 2728; x_wconf 81' lang='grc' dir='ltr'>σαρκός.</span> <span class='ocrx_word' id='word_1_338' title='bbox 1524 2659 1870 2729; x_wconf 85' lang='grc' dir='ltr'>Ἐπουράνιοι</span> 
     </span>
    </p>
   </div>
   <div class='ocr_carea' id='block_1_44' title="bbox 277 2740 1866 2822">
    <p class='ocr_par' dir='ltr' id='par_1_44' title="bbox 277 2740 1866 2822">
     <span class='ocr_line' id='line_1_44' title="bbox 277 2740 1866 2822; baseline 0.01 -31"><span class='ocrx_word' id='word_1_339' title='bbox 277 2740 337 2791; x_wconf 78' lang='grc' dir='ltr'><strong>δὲ</strong></span> <span class='ocrx_word' id='word_1_340' title='bbox 369 2741 700 2810; x_wconf 77' lang='grc' dir='ltr'>γεγόναμεν,</span> <span class='ocrx_word' id='word_1_341' title='bbox 751 2744 827 2806; x_wconf 88' lang='grc' dir='ltr'>ὠς</span> <span class='ocrx_word' id='word_1_342' title='bbox 878 2747 938 2798; x_wconf 84' lang='grc' dir='ltr'>ἐν</span> <span class='ocrx_word' id='word_1_343' title='bbox 992 2747 1213 2816; x_wconf 83' lang='grc' dir='ltr'>Χριστῷ</span> <span class='ocrx_word' id='word_1_344' title='bbox 1258 2747 1515 2813; x_wconf 74' lang='grc' dir='ltr'>λαϐόντες</span> <span class='ocrx_word' id='word_1_345' title='bbox 1562 2751 1621 2804; x_wconf 82' lang='grc' dir='ltr'>τὸ</span> <span class='ocrx_word' id='word_1_346' title='bbox 1656 2752 1866 2822; x_wconf 82' lang='grc' dir='ltr'>χρῆμα.</span> 
     </span>
    </p>
   </div>
   <div class='ocr_carea' id='block_1_45' title="bbox 277 2829 1871 2905">
    <p class='ocr_par' dir='ltr' id='par_1_45' title="bbox 277 2829 1871 2905">
     <span class='ocr_line' id='line_1_45' title="bbox 277 2829 1871 2905; baseline 0.009 -24"><span class='ocrx_word' id='word_1_347' title='bbox 277 2829 414 2892; x_wconf 75' lang='grc' dir='ltr'>Θεὸς</span> <span class='ocrx_word' id='word_1_348' title='bbox 440 2831 552 2901; x_wconf 76' lang='grc' dir='ltr'>γὰρ</span> <span class='ocrx_word' id='word_1_349' title='bbox 594 2830 670 2884; x_wconf 83' lang='grc' dir='ltr'>ὢν</span> <span class='ocrx_word' id='word_1_350' title='bbox 713 2833 872 2900; x_wconf 78' lang='grc' dir='ltr'>φύσει</span> <span class='ocrx_word' id='word_1_351' title='bbox 898 2837 992 2888; x_wconf 79' lang='lat' dir='ltr'><strong>xui.</strong></span> <span class='ocrx_word' id='word_1_352' title='bbox 1041 2839 1104 2889; x_wconf 86' lang='grc' dir='ltr'>ὲκ</span> <span class='ocrx_word' id='word_1_353' title='bbox 1140 2836 1276 2890; x_wconf 86' lang='grc' dir='ltr'>Θεοῦ</span> <span class='ocrx_word' id='word_1_354' title='bbox 1299 2839 1392 2893; x_wconf 83' lang='lat' dir='ltr'><strong>xui.</strong></span> <span class='ocrx_word' id='word_1_355' title='bbox 1435 2839 1664 2905; x_wconf 79' lang='grc' dir='ltr'>ἄνωθεν,</span> <span class='ocrx_word' id='word_1_356' title='bbox 1701 2859 1871 2896; x_wconf 83' lang='grc' dir='ltr'>κατα·</span> 
     </span>
    </p>
   </div>
   <div class='ocr_carea' id='block_1_46' title="bbox 286 2923 1871 3001">
    <p class='ocr_par' dir='ltr' id='par_1_46' title="bbox 286 2923 1871 3001">
     <span class='ocr_line' id='line_1_46' title="bbox 286 2923 1871 3001; baseline 0.009 -27"><span class='ocrx_word' id='word_1_357' title='bbox 286 2923 626 2993; x_wconf 72' lang='grc' dir='ltr'>πεφοίτηκεν</span> <span class='ocrx_word' id='word_1_358' title='bbox 676 2926 736 2976; x_wconf 80' lang='grc' dir='ltr'><strong>έν</strong></span> <span class='ocrx_word' id='word_1_359' title='bbox 783 2929 896 2990; x_wconf 79' lang='grc' dir='ltr'>τοῖς</span> <span class='ocrx_word' id='word_1_360' title='bbox 947 2927 1070 2980; x_wconf 84' lang='grc' dir='ltr'>καθ’</span> <span class='ocrx_word' id='word_1_361' title='bbox 1117 2931 1266 2998; x_wconf 74' lang='grc' dir='ltr'>ἡμᾶς</span> <span class='ocrx_word' id='word_1_362' title='bbox 1325 2933 1610 3001; x_wconf 75' lang='grc' dir='ltr'>ἀσυνήθως</span> <span class='ocrx_word' id='word_1_363' title='bbox 1667 2951 1725 2986; x_wconf 88' lang='grc' dir='ltr'><strong>τε</strong></span> <span class='ocrx_word' id='word_1_364' title='bbox 1777 2936 1871 2988; x_wconf 80' lang='grc' dir='ltr'>καὶ</span> 
     </span>
    </p>
   </div>
   <div class='ocr_carea' id='block_1_47' title="bbox 281 3012 1867 3096">
    <p class='ocr_par' dir='ltr' id='par_1_47' title="bbox 281 3012 1867 3096">
     <span class='ocr_line' id='line_1_47' title="bbox 281 3012 1867 3096; baseline 0.011 -33"><span class='ocrx_word' id='word_1_365' title='bbox 281 3012 469 3078; x_wconf 81' lang='grc' dir='ltr'>ξένως,</span> <span class='ocrx_word' id='word_1_366' title='bbox 493 3016 750 3085; x_wconf 78' lang='grc' dir='ltr'>γεννητὸς</span> <span class='ocrx_word' id='word_1_367' title='bbox 777 3018 917 3071; x_wconf 79' lang='grc' dir='ltr'>κατὰ</span> <span class='ocrx_word' id='word_1_368' title='bbox 942 3020 1121 3092; x_wconf 83' lang='grc' dir='ltr'>σάρκα</span> <span class='ocrx_word' id='word_1_369' title='bbox 1148 3021 1388 3090; x_wconf 86' lang='grc' dir='ltr'>γεγονὼς</span> <span class='ocrx_word' id='word_1_370' title='bbox 1418 3023 1511 3080; x_wconf 88' lang='grc' dir='ltr'><strong>τοῦ</strong></span> <span class='ocrx_word' id='word_1_371' title='bbox 1537 3025 1867 3096; x_wconf 86' lang='grc' dir='ltr'>πνεύματος,</span> 
     </span>
    </p>
   </div>
   <div class='ocr_carea' id='block_1_48' title="bbox 281 3103 1870 3185">
    <p class='ocr_par' dir='ltr' id='par_1_48' title="bbox 281 3103 1870 3185">
     <span class='ocr_line' id='line_1_48' title="bbox 281 3103 1870 3185; baseline 0.011 -30"><span class='ocrx_word' id='word_1_372' title='bbox 281 3103 370 3156; x_wconf 82' lang='grc' dir='ltr'>ἶνα</span> <span class='ocrx_word' id='word_1_373' title='bbox 426 3105 574 3173; x_wconf 83' lang='grc' dir='ltr'>ἆγιοί</span> <span class='ocrx_word' id='word_1_374' title='bbox 629 3124 687 3160; x_wconf 82' lang='grc' dir='ltr'><strong>τε</strong></span> <span class='ocrx_word' id='word_1_375' title='bbox 738 3110 832 3161; x_wconf 71' lang='grc' dir='ltr'><strong>καὶ</strong></span> <span class='ocrx_word' id='word_1_376' title='bbox 891 3111 1158 3185; x_wconf 79' lang='grc' dir='ltr'>ἄφθαρτοι</span> <span class='ocrx_word' id='word_1_377' title='bbox 1197 3115 1291 3166; x_wconf 71' lang='grc' dir='ltr'>καὶ</span> <span class='ocrx_word' id='word_1_378' title='bbox 1339 3117 1502 3184; x_wconf 80' lang='grc' dir='ltr'>ἡμεῖς</span> <span class='ocrx_word' id='word_1_379' title='bbox 1535 3117 1657 3170; x_wconf 85' lang='grc' dir='ltr'>κατ’</span> <span class='ocrx_word' id='word_1_380' title='bbox 1706 3118 1870 3172; x_wconf 82' lang='grc' dir='ltr'>αὑτὸν</span> 
     </span>
    </p>
   </div>
   <div class='ocr_carea' id='block_1_49' title="bbox 278 3194 1864 3276">
    <p class='ocr_par' dir='ltr' id='par_1_49' title="bbox 278 3194 1864 3276">
     <span class='ocr_line' id='line_1_49' title="bbox 278 3194 1864 3276; baseline 0.009 -30"><span class='ocrx_word' id='word_1_381' title='bbox 278 3194 648 3267; x_wconf 78' lang='grc' dir='ltr'>διαμείνωμεν</span> <span class='ocrx_word' id='word_1_382' title='bbox 673 3198 749 3262; x_wconf 79' lang='grc' dir='ltr'><strong>ὡς</strong></span> <span class='ocrx_word' id='word_1_383' title='bbox 789 3199 847 3264; x_wconf 78' lang='grc' dir='ltr'>ἐξ</span> <span class='ocrx_word' id='word_1_384' title='bbox 877 3201 1049 3272; x_wconf 83' lang='grc' dir='ltr'>ἀρχῆς</span> <span class='ocrx_word' id='word_1_385' title='bbox 1077 3204 1172 3255; x_wconf 85' lang='lat' dir='ltr'><strong>xui.</strong></span> <span class='ocrx_word' id='word_1_386' title='bbox 1210 3204 1366 3275; x_wconf 76' lang='grc' dir='ltr'>ῥίζης</span> <span class='ocrx_word' id='word_1_387' title='bbox 1390 3207 1651 3276; x_wconf 81' lang='grc' dir='ltr'>δευτέρας</span> <span class='ocrx_word' id='word_1_388' title='bbox 1680 3207 1864 3272; x_wconf 77' lang='grc' dir='ltr'>αὑτοῦ,</span> 
     </span>
    </p>
   </div>
   <div class='ocr_carea' id='block_1_50' title="bbox 279 3283 1686 3367">
    <p class='ocr_par' dir='ltr' id='par_1_50' title="bbox 279 3283 1686 3367">
     <span class='ocr_line' id='line_1_50' title="bbox 279 3283 1686 3367; baseline 0.012 -32"><span class='ocrx_word' id='word_1_389' title='bbox 279 3283 524 3354; x_wconf 81' lang='grc' dir='ltr'>δηλονότι</span> <span class='ocrx_word' id='word_1_390' title='bbox 554 3290 989 3361; x_wconf 76' lang='grc' dir='ltr'>καταϐαινούσης</span> <span class='ocrx_word' id='word_1_391' title='bbox 1025 3295 1104 3355; x_wconf 84' lang='grc' dir='ltr'><strong>εἰς</strong></span> <span class='ocrx_word' id='word_1_392' title='bbox 1129 3296 1280 3364; x_wconf 81' lang='grc' dir='ltr'>ἡμᾶς</span> <span class='ocrx_word' id='word_1_393' title='bbox 1318 3297 1416 3367; x_wconf 80' lang='grc' dir='ltr'>τῆς</span> <span class='ocrx_word' id='word_1_394' title='bbox 1445 3297 1686 3367; x_wconf 83' lang='grc' dir='ltr'>χάριτος.</span> 
     </span>
    </p>
   </div>
   <div class='ocr_carea' id='block_1_51' title="bbox 351 3565 884 3636">
    <p class='ocr_par' dir='ltr' id='par_1_51' title="bbox 351 3565 884 3636">
     <span class='ocr_line' id='line_1_51' title="bbox 351 3565 884 3636; baseline 0.004 -20"><span class='ocrx_word' id='word_1_395' title='bbox 351 3565 413 3618; x_wconf 85' lang='grc' dir='ltr'><strong>Β.</strong></span> <span class='ocrx_word' id='word_1_396' title='bbox 453 3565 688 3633; x_wconf 77' lang='grc' dir='ltr'>Ἀριστα</span> <span class='ocrx_word' id='word_1_397' title='bbox 733 3567 884 3636; x_wconf 77' lang='grc' dir='ltr'><strong>ἔφης.</strong></span> 
     </span>
    </p>
   </div>
   <div class='ocr_carea' id='block_1_52' title="bbox 349 3655 1868 3728">
    <p class='ocr_par' dir='ltr' id='par_1_52' title="bbox 349 3655 1868 3728">
     <span class='ocr_line' id='line_1_52' title="bbox 349 3655 1868 3728; baseline 0.003 -20"><span class='ocrx_word' id='word_1_398' title='bbox 349 3657 414 3711; x_wconf 77' lang='grc' dir='ltr'><strong>Δ.</strong></span> <span class='ocrx_word' id='word_1_399' title='bbox 456 3657 591 3707; x_wconf 82' lang='grc' dir='ltr'>Τίνα</span> <span class='ocrx_word' id='word_1_400' title='bbox 643 3655 700 3707; x_wconf 85' lang='grc' dir='ltr'><strong>δὲ</strong></span> <span class='ocrx_word' id='word_1_401' title='bbox 749 3659 952 3725; x_wconf 86' lang='grc' dir='ltr'>τρόπον</span> <span class='ocrx_word' id='word_1_402' title='bbox 1001 3657 1096 3711; x_wconf 81' lang='lat' dir='ltr'><strong>xui.</strong></span> <span class='ocrx_word' id='word_1_403' title='bbox 1124 3657 1441 3728; x_wconf 82' lang='grc' dir='ltr'>ὼμοιῶσθαί</span> <span class='ocrx_word' id='word_1_404' title='bbox 1485 3675 1650 3727; x_wconf 89' lang='grc' dir='ltr'>φασιν</span> <span class='ocrx_word' id='word_1_405' title='bbox 1705 3658 1868 3712; x_wconf 67' lang='grc' dir='ltr'>αὑτὸν</span> 
     </span>
    </p>
   </div>
   <div class='ocr_carea' id='block_1_53' title="bbox 276 3743 1869 3819">
    <p class='ocr_par' dir='ltr' id='par_1_53' title="bbox 276 3743 1869 3819">
     <span class='ocr_line' id='line_1_53' title="bbox 276 3743 1869 3819; baseline 0.003 -24"><span class='ocrx_word' id='word_1_406' title='bbox 276 3743 426 3796; x_wconf 73' lang='grc' dir='ltr'>κατὰ</span> <span class='ocrx_word' id='word_1_407' title='bbox 469 3745 648 3797; x_wconf 85' lang='grc' dir='ltr'>πάντα</span> <span class='ocrx_word' id='word_1_408' title='bbox 691 3747 806 3807; x_wconf 84' lang='grc' dir='ltr'>τοῖς</span> <span class='ocrx_word' id='word_1_409' title='bbox 855 3745 1124 3814; x_wconf 82' lang='grc' dir='ltr'>ἀδελφοῖς,</span> <span class='ocrx_word' id='word_1_410' title='bbox 1169 3747 1449 3800; x_wconf 89' lang='grc' dir='ltr'>τουτέστιν</span> <span class='ocrx_word' id='word_1_411' title='bbox 1487 3749 1654 3817; x_wconf 77' lang='grc' dir='ltr'>ἡμῖν;</span> <span class='ocrx_word' id='word_1_412' title='bbox 1705 3748 1738 3819; x_wconf 86' lang='grc' dir='ltr'><strong>ἢ</strong></span> <span class='ocrx_word' id='word_1_413' title='bbox 1773 3749 1869 3800; x_wconf 83' lang='lat' dir='ltr'><strong>xu‘t</strong></span> 
     </span>
    </p>
   </div>
   <div class='ocr_carea' id='block_1_54' title="bbox 279 3835 1868 3911">
    <p class='ocr_par' dir='ltr' id='par_1_54' title="bbox 279 3835 1868 3911">
     <span class='ocr_line' id='line_1_54' title="bbox 279 3835 1868 3911; baseline 0.004 -25"><span class='ocrx_word' id='word_1_414' title='bbox 279 3837 364 3899; x_wconf 88' lang='grc' dir='ltr'><strong>τίς</strong></span> <span class='ocrx_word' id='word_1_415' title='bbox 403 3836 541 3898; x_wconf 84' lang='grc' dir='ltr'>ὅλως</span> <span class='ocrx_word' id='word_1_416' title='bbox 580 3835 740 3889; x_wconf 81' lang='grc' dir='ltr'>νοοῖτ⁹</span> <span class='ocrx_word' id='word_1_417' title='bbox 780 3837 846 3890; x_wconf 86' lang='grc' dir='ltr'>ἂν</span> <span class='ocrx_word' id='word_1_418' title='bbox 887 3839 916 3890; x_wconf 85' lang='grc' dir='ltr'><strong>ό</strong></span> <span class='ocrx_word' id='word_1_419' title='bbox 949 3837 1049 3909; x_wconf 80' lang='grc' dir='ltr'>τὴν</span> <span class='ocrx_word' id='word_1_420' title='bbox 1094 3840 1355 3909; x_wconf 71' lang='grc' dir='ltr'>ὁμοίωσιν</span> <span class='ocrx_word' id='word_1_421' title='bbox 1399 3839 1682 3902; x_wconf 86' lang='grc' dir='ltr'>ὑπελθὼν,</span> <span class='ocrx_word' id='word_1_422' title='bbox 1714 3841 1762 3892; x_wconf 84' lang='grc' dir='ltr'><strong>εί</strong></span> <span class='ocrx_word' id='word_1_423' title='bbox 1794 3839 1868 3911; x_wconf 80' lang='grc' dir='ltr'>μὴ</span> 
     </span>
    </p>
   </div>
   <div class='ocr_carea' id='block_1_55' title="bbox 276 3924 1862 3998">
    <p class='ocr_par' dir='ltr' id='par_1_55' title="bbox 276 3924 1862 3998">
     <span class='ocr_line' id='line_1_55' title="bbox 276 3924 1862 3998; baseline 0.002 -19"><span class='ocrx_word' id='word_1_424' title='bbox 276 3927 422 3979; x_wconf 79' lang='grc' dir='ltr'>κατὰ</span> <span class='ocrx_word' id='word_1_425' title='bbox 449 3927 611 3994; x_wconf 84' lang='grc' dir='ltr'>φύσιν</span> <span class='ocrx_word' id='word_1_426' title='bbox 631 3927 815 3994; x_wconf 75' lang='grc' dir='ltr'>ἕτερος</span> <span class='ocrx_word' id='word_1_427' title='bbox 836 3924 926 3997; x_wconf 81' lang='grc' dir='ltr'>ἦν,</span> <span class='ocrx_word' id='word_1_428' title='bbox 958 3929 1051 3982; x_wconf 74' lang='grc' dir='ltr'>καὶ</span> <span class='ocrx_word' id='word_1_429' title='bbox 1083 3931 1184 3982; x_wconf 81' lang='grc' dir='ltr'>οὐκ</span> <span class='ocrx_word' id='word_1_430' title='bbox 1222 3929 1278 3981; x_wconf 77' lang='grc' dir='ltr'>ἐν</span> <span class='ocrx_word' id='word_1_431' title='bbox 1301 3947 1363 3997; x_wconf 88' lang='grc' dir='ltr'><strong>γε</strong></span> <span class='ocrx_word' id='word_1_432' title='bbox 1389 3932 1502 3992; x_wconf 84' lang='grc' dir='ltr'>τοῖς</span> <span class='ocrx_word' id='word_1_433' title='bbox 1535 3929 1657 3982; x_wconf 86' lang='grc' dir='ltr'>καθ’</span> <span class='ocrx_word' id='word_1_434' title='bbox 1683 3930 1862 3998; x_wconf 76' lang='grc' dir='ltr'>ὴμᾶςς</span> 
     </span>
    </p>
   </div>
   <div class='ocr_carea' id='block_1_56' title="bbox 276 4013 1866 4090">
    <p class='ocr_par' dir='ltr' id='par_1_56' title="bbox 276 4013 1866 4090">
     <span class='ocr_line' id='line_1_56' title="bbox 276 4013 1866 4090; baseline 0.002 -19"><span class='ocrx_word' id='word_1_435' title='bbox 276 4019 349 4071; x_wconf 84' lang='grc' dir='ltr'><strong>Τὸ</strong></span> <span class='ocrx_word' id='word_1_436' title='bbox 408 4019 517 4089; x_wconf 87' lang='grc' dir='ltr'><strong>γάρ</strong></span> <span class='ocrx_word' id='word_1_437' title='bbox 560 4020 624 4086; x_wconf 87' lang='grc' dir='ltr'><strong>γέ</strong></span> <span class='ocrx_word' id='word_1_438' title='bbox 669 4036 813 4073; x_wconf 89' lang='grc' dir='ltr'>τισιν</span> <span class='ocrx_word' id='word_1_439' title='bbox 865 4020 1245 4090; x_wconf 84' lang='grc' dir='ltr'>ὁμοιούμενον,</span> <span class='ocrx_word' id='word_1_440' title='bbox 1286 4017 1426 4072; x_wconf 76' lang='grc' dir='ltr'>εἶναί</span> <span class='ocrx_word' id='word_1_441' title='bbox 1478 4013 1580 4072; x_wconf 69' lang='grc' dir='ltr'><strong>που</strong></span> <span class='ocrx_word' id='word_1_442' title='bbox 1647 4021 1866 4083; x_wconf 87' lang='grc' dir='ltr'>πάντως</span> 
     </span>
    </p>
   </div>
   <div class='ocr_carea' id='block_1_57' title="bbox 275 4111 1864 4182">
    <p class='ocr_par' dir='ltr' id='par_1_57' title="bbox 275 4111 1864 4182">
     <span class='ocr_line' id='line_1_57' title="bbox 275 4111 1864 4182; baseline -0.001 -18"><span class='ocrx_word' id='word_1_443' title='bbox 275 4111 494 4179; x_wconf 83' lang='grc' dir='ltr'>ἀνάγκη</span> <span class='ocrx_word' id='word_1_444' title='bbox 523 4111 782 4182; x_wconf 73' lang='grc' dir='ltr'>διάφορον</span> <span class='ocrx_word' id='word_1_445' title='bbox 807 4113 937 4181; x_wconf 78' lang='grc' dir='ltr'>παρ’</span> <span class='ocrx_word' id='word_1_446' title='bbox 967 4112 1034 4164; x_wconf 83' lang='grc' dir='ltr'>αὐ</span> <span class='ocrx_word' id='word_1_447' title='bbox 1045 4113 1188 4174; x_wconf 80' lang='grc' dir='ltr'>τοὺς,</span> <span class='ocrx_word' id='word_1_448' title='bbox 1214 4112 1308 4166; x_wconf 78' lang='grc' dir='ltr'><strong>καὶ</strong></span> <span class='ocrx_word' id='word_1_449' title='bbox 1334 4111 1433 4164; x_wconf 83' lang='grc' dir='ltr'><strong>οῦκ</strong></span> <span class='ocrx_word' id='word_1_450' title='bbox 1451 4112 1626 4175; x_wconf 77' lang='grc' dir='ltr'>ὲοικδς</span> <span class='ocrx_word' id='word_1_451' title='bbox 1657 4113 1864 4176; x_wconf 83' lang='grc' dir='ltr'>αὐτοῖς,</span> 
     </span>
    </p>
   </div>
   <div class='ocr_carea' id='block_1_58' title="bbox 276 4202 1866 4274">
    <p class='ocr_par' dir='ltr' id='par_1_58' title="bbox 276 4202 1866 4274">
     <span class='ocr_line' id='line_1_58' title="bbox 276 4202 1866 4274; baseline 0.001 -19"><span class='ocrx_word' id='word_1_452' title='bbox 276 4203 576 4274; x_wconf 75' lang='grc' dir='ltr'>ἑτεροειδὲς</span> <span class='ocrx_word' id='word_1_453' title='bbox 622 4203 680 4256; x_wconf 79' lang='grc' dir='ltr'><strong>δὲ</strong></span> <span class='ocrx_word' id='word_1_454' title='bbox 731 4204 952 4273; x_wconf 83' lang='grc' dir='ltr'>μᾶλλον,</span> <span class='ocrx_word' id='word_1_455' title='bbox 995 4202 1172 4256; x_wconf 83' lang='grc' dir='ltr'>είτουν</span> <span class='ocrx_word' id='word_1_456' title='bbox 1224 4205 1538 4274; x_wconf 79' lang='grc' dir='ltr'>έτεροφυές.</span> <span class='ocrx_word' id='word_1_457' title='bbox 1588 4204 1866 4273; x_wconf 79' lang='grc' dir='ltr'>’Λνόμοιος</span> 
     </span>
    </p>
   </div>
   <div class='ocr_carea' id='block_1_59' title="bbox 275 4295 1862 4368">
    <p class='ocr_par' dir='ltr' id='par_1_59' title="bbox 275 4295 1862 4368">
     <span class='ocr_line' id='line_1_59' title="bbox 275 4295 1862 4368; baseline 0.001 -19"><span class='ocrx_word' id='word_1_458' title='bbox 275 4297 458 4350; x_wconf 81' lang='grc' dir='ltr'>τοίνυν</span> <span class='ocrx_word' id='word_1_459' title='bbox 520 4296 786 4367; x_wconf 82' lang='grc' dir='ltr'>ὑπάρχων</span> <span class='ocrx_word' id='word_1_460' title='bbox 836 4298 968 4367; x_wconf 83' lang='grc' dir='ltr'>ἡμῖν</span> <span class='ocrx_word' id='word_1_461' title='bbox 1029 4295 1173 4350; x_wconf 83' lang='grc' dir='ltr'>κατὰ</span> <span class='ocrx_word' id='word_1_462' title='bbox 1221 4297 1383 4366; x_wconf 79' lang='grc' dir='ltr'>φύσιν</span> <span class='ocrx_word' id='word_1_463' title='bbox 1428 4300 1456 4351; x_wconf 88' lang='grc' dir='ltr'><strong>ό</strong></span> <span class='ocrx_word' id='word_1_464' title='bbox 1511 4297 1862 4368; x_wconf 85' lang='grc' dir='ltr'>Μονογενὴς,</span> 
     </span>
    </p>
   </div>
   <div class='ocr_carea' id='block_1_60' title="bbox 274 4387 1862 4460">
    <p class='ocr_par' dir='ltr' id='par_1_60' title="bbox 274 4387 1862 4460">
     <span class='ocr_line' id='line_1_60' title="bbox 274 4387 1862 4460; baseline 0.001 -21"><span class='ocrx_word' id='word_1_465' title='bbox 274 4387 595 4457; x_wconf 79' lang='grc' dir='ltr'>ὡμοιῶσθαι</span> <span class='ocrx_word' id='word_1_466' title='bbox 641 4389 860 4457; x_wconf 84' lang='grc' dir='ltr'>λέγεται</span> <span class='ocrx_word' id='word_1_467' title='bbox 903 4387 1144 4456; x_wconf 81' lang='grc' dir='ltr'>γεγονὼς</span> <span class='ocrx_word' id='word_1_468' title='bbox 1194 4388 1315 4442; x_wconf 79' lang='grc' dir='ltr'>καθ’</span> <span class='ocrx_word' id='word_1_469' title='bbox 1367 4390 1548 4460; x_wconf 75' lang='grc' dir='ltr'>ἡμᾶς,</span> <span class='ocrx_word' id='word_1_470' title='bbox 1585 4389 1862 4442; x_wconf 85' lang='grc' dir='ltr'>τουτέστιν</span> 
     </span>
    </p>
   </div>
   <div class='ocr_carea' id='block_1_61' title="bbox 275 4477 1864 4550">
    <p class='ocr_par' dir='ltr' id='par_1_61' title="bbox 275 4477 1864 4550">
     <span class='ocr_line' id='line_1_61' title="bbox 275 4477 1864 4550; baseline 0.002 -19"><span class='ocrx_word' id='word_1_471' title='bbox 275 4477 585 4546; x_wconf 82' lang='grc' dir='ltr'>ἄνθρωπος.</span> <span class='ocrx_word' id='word_1_472' title='bbox 622 4479 662 4530; x_wconf 87' lang='grc' dir='ltr'><strong>Γ</strong></span> <span class='ocrx_word' id='word_1_473' title='bbox 665 4480 835 4533; x_wconf 90' lang='grc' dir='ltr'>ένοιτο</span> <span class='ocrx_word' id='word_1_474' title='bbox 863 4480 909 4532; x_wconf 62' lang='grc' dir='ltr'><strong>δ’</strong></span> <span class='ocrx_word' id='word_1_475' title='bbox 949 4479 1016 4533; x_wconf 79' lang='grc' dir='ltr'>ἂν</span> <span class='ocrx_word' id='word_1_476' title='bbox 1042 4478 1200 4533; x_wconf 89' lang='grc' dir='ltr'>τοῦτο</span> <span class='ocrx_word' id='word_1_477' title='bbox 1233 4481 1329 4534; x_wconf 75' lang='grc' dir='ltr'>καὶ</span> <span class='ocrx_word' id='word_1_478' title='bbox 1371 4481 1516 4548; x_wconf 87' lang='grc' dir='ltr'>μάλα</span> <span class='ocrx_word' id='word_1_479' title='bbox 1557 4479 1734 4550; x_wconf 80' lang='grc' dir='ltr'>ὀρθῶς</span> <span class='ocrx_word' id='word_1_480' title='bbox 1769 4481 1864 4534; x_wconf 77' lang='grc' dir='ltr'>καὶ</span> 
     </span>
    </p>
   </div>
   <div class='ocr_carea' id='block_1_62' title="bbox 1976 2007 3557 2077">
    <p class='ocr_par' dir='ltr' id='par_1_62' title="bbox 1976 2007 3557 2077">
     <span class='ocr_line' id='line_1_62' title="bbox 1976 2007 3557 2077; baseline 0.003 -19"><span class='ocrx_word' id='word_1_481' title='bbox 1976 2007 2250 2077; x_wconf 83' lang='lat' dir='ltr'><strong>quidpiam</strong></span> <span class='ocrx_word' id='word_1_482' title='bbox 2282 2007 2542 2072; x_wconf 84' lang='lat' dir='ltr'><strong>sentiens,</strong></span> <span class='ocrx_word' id='word_1_483' title='bbox 2578 2008 2702 2061; x_wconf 87' lang='lat' dir='ltr'><strong>alibi</strong></span> <span class='ocrx_word' id='word_1_484' title='bbox 2730 2008 2801 2062; x_wconf 91' lang='lat' dir='ltr'><strong>ita</strong></span> <span class='ocrx_word' id='word_1_485' title='bbox 2865 2016 3011 2063; x_wconf 89' lang='lat' dir='ltr'><strong>recte</strong></span> <span class='ocrx_word' id='word_1_486' title='bbox 3056 2009 3343 2062; x_wconf 83' lang='lat' dir='ltr'><strong>admodum</strong></span> <span class='ocrx_word' id='word_1_487' title='bbox 3384 2010 3557 2063; x_wconf 84' lang='lat' dir='ltr'><strong>dixis-</strong></span> 
     </span>
    </p>
   </div>
   <div class='ocr_carea' id='block_1_63' title="bbox 1975 2100 3558 2170">
    <p class='ocr_par' dir='ltr' id='par_1_63' title="bbox 1975 2100 3558 2170">
     <span class='ocr_line' id='line_1_63' title="bbox 1975 2100 3558 2170; baseline 0 -16"><span class='ocrx_word' id='word_1_488' title='bbox 1975 2115 2076 2156; x_wconf 85' lang='lat' dir='ltr'><strong>se:</strong></span> <span class='ocrx_word' id='word_1_489' title='bbox 2120 2118 2141 2152; x_wconf 74' lang='grc' dir='ltr'><strong>ι</strong></span> <span class='ocrx_word' id='word_1_490' title='bbox 2171 2100 2640 2167; x_wconf 86' lang='lat' dir='ltr'><strong>Quemadmodum</strong></span> <span class='ocrx_word' id='word_1_491' title='bbox 2687 2100 2832 2154; x_wconf 90' lang='lat' dir='ltr'><strong>enim</strong></span> <span class='ocrx_word' id='word_1_492' title='bbox 2876 2101 3213 2170; x_wconf 78' lang='lat' dir='ltr'><strong>portavimus</strong></span> <span class='ocrx_word' id='word_1_493' title='bbox 3262 2101 3558 2170; x_wconf 82' lang='lat' dir='ltr'><strong>imaginem</strong></span> 
     </span>
    </p>
   </div>
   <div class='ocr_carea' id='block_1_64' title="bbox 1977 2191 3552 2262">
    <p class='ocr_par' dir='ltr' id='par_1_64' title="bbox 1977 2191 3552 2262">
     <span class='ocr_line' id='line_1_64' title="bbox 1977 2191 3552 2262; baseline -0.001 -16"><span class='ocrx_word' id='word_1_494' title='bbox 1977 2193 2199 2259; x_wconf 90' lang='lat' dir='ltr'><strong>terreni,</strong></span> <span class='ocrx_word' id='word_1_495' title='bbox 2231 2193 2570 2262; x_wconf 88' lang='lat' dir='ltr'><strong>portabimus</strong></span> <span class='ocrx_word' id='word_1_496' title='bbox 2600 2191 2764 2246; x_wconf 90' lang='lat' dir='ltr'><strong>etiam</strong></span> <span class='ocrx_word' id='word_1_497' title='bbox 2802 2193 3091 2262; x_wconf 72' lang='lat' dir='ltr'><strong>imaginem</strong></span> <span class='ocrx_word' id='word_1_498' title='bbox 3153 2193 3392 2248; x_wconf 64' lang='lat' dir='ltr'><strong>caelestis</strong></span> <span class='ocrx_word' id='word_1_499' title='bbox 3427 2193 3495 2246; x_wconf 81' lang='lat'><strong>“.</strong></span> <span class='ocrx_word' id='word_1_500' title='bbox 3533 2211 3552 2245; x_wconf 72' lang='grc' dir='ltr'><strong>ι</strong></span> 
     </span>
    </p>
   </div>
   <div class='ocr_carea' id='block_1_65' title="bbox 1975 2284 3564 2355">
    <p class='ocr_par' dir='ltr' id='par_1_65' title="bbox 1975 2284 3564 2355">
     <span class='ocr_line' id='line_1_65' title="bbox 1975 2284 3564 2355; baseline 0 -16"><span class='ocrx_word' id='word_1_501' title='bbox 1975 2285 2044 2339; x_wconf 84' lang='grc' dir='ltr'><strong>Ει</strong></span> <span class='ocrx_word' id='word_1_502' title='bbox 2074 2286 2307 2355; x_wconf 89' lang='lat' dir='ltr'><strong>primum</strong></span> <span class='ocrx_word' id='word_1_503' title='bbox 2346 2284 2564 2354; x_wconf 85' lang='lat' dir='ltr'><strong>quidem</strong></span> <span class='ocrx_word' id='word_1_504' title='bbox 2610 2284 2880 2339; x_wconf 88' lang='lat' dir='ltr'><strong>hominem</strong></span> <span class='ocrx_word' id='word_1_505' title='bbox 2916 2300 2982 2338; x_wconf 78' lang='lat' dir='ltr'><strong>ex</strong></span> <span class='ocrx_word' id='word_1_506' title='bbox 3026 2294 3189 2349; x_wconf 88' lang='lat' dir='ltr'><strong>terra,</strong></span> <span class='ocrx_word' id='word_1_507' title='bbox 3222 2284 3358 2339; x_wconf 77' lang='lat' dir='ltr'><strong>dixit</strong></span> <span class='ocrx_word' id='word_1_508' title='bbox 3397 2293 3564 2339; x_wconf 83' lang='lat' dir='ltr'><strong>terre-</strong></span> 
     </span>
    </p>
   </div>
   <div class='ocr_carea' id='block_1_66' title="bbox 1975 2374 3563 2446">
    <p class='ocr_par' dir='ltr' id='par_1_66' title="bbox 1975 2374 3563 2446">
     <span class='ocr_line' id='line_1_66' title="bbox 1975 2374 3563 2446; baseline -0.002 -13"><span class='ocrx_word' id='word_1_509' title='bbox 1975 2394 2134 2442; x_wconf 91' lang='lat' dir='ltr'><strong>num;</strong></span> <span class='ocrx_word' id='word_1_510' title='bbox 2169 2379 2463 2433; x_wconf 89' lang='lat' dir='ltr'><strong>secundum</strong></span> <span class='ocrx_word' id='word_1_511' title='bbox 2485 2392 2614 2433; x_wconf 84' lang='lat' dir='ltr'><strong>vero</strong></span> <span class='ocrx_word' id='word_1_512' title='bbox 2637 2393 2700 2432; x_wconf 84' lang='lat' dir='ltr'><strong>ex</strong></span> <span class='ocrx_word' id='word_1_513' title='bbox 2729 2377 2888 2442; x_wconf 76' lang='lat' dir='ltr'><strong>etelo,</strong></span> <span class='ocrx_word' id='word_1_514' title='bbox 2913 2377 3212 2432; x_wconf 69' lang='lat' dir='ltr'><strong>ctelestem.</strong></span> <span class='ocrx_word' id='word_1_515' title='bbox 3248 2394 3267 2428; x_wconf 75' lang='grc' dir='ltr'>ί</span> <span class='ocrx_word' id='word_1_516' title='bbox 3296 2374 3400 2431; x_wconf 89' lang='lat' dir='ltr'><strong>Sed</strong></span> <span class='ocrx_word' id='word_1_517' title='bbox 3423 2390 3563 2446; x_wconf 86' lang='lat' dir='ltr'><strong>qua-</strong></span> 
     </span>
    </p>
   </div>
   <div class='ocr_carea' id='block_1_67' title="bbox 1974 2469 3556 2540">
    <p class='ocr_par' dir='ltr' id='par_1_67' title="bbox 1974 2469 3556 2540">
     <span class='ocr_line' id='line_1_67' title="bbox 1974 2469 3556 2540; baseline -0.001 -15"><span class='ocrx_word' id='word_1_518' title='bbox 1974 2471 2040 2525; x_wconf 88' lang='lat' dir='ltr'><strong>lis</strong></span> <span class='ocrx_word' id='word_1_519' title='bbox 2077 2481 2345 2534; x_wconf 89' lang='lat' dir='ltr'><strong>terrenus,</strong></span> <span class='ocrx_word' id='word_1_520' title='bbox 2400 2469 2534 2525; x_wconf 88' lang='lat' dir='ltr'><strong>tales</strong></span> <span class='ocrx_word' id='word_1_521' title='bbox 2592 2479 2648 2524; x_wconf 92' lang='lat' dir='ltr'><strong>et</strong></span> <span class='ocrx_word' id='word_1_522' title='bbox 2705 2471 2945 2533; x_wconf 89' lang='lat' dir='ltr'><strong>terreni;</strong></span> <span class='ocrx_word' id='word_1_523' title='bbox 2997 2479 3052 2525; x_wconf 90' lang='lat' dir='ltr'><strong>et</strong></span> <span class='ocrx_word' id='word_1_524' title='bbox 3094 2469 3272 2540; x_wconf 88' lang='lat' dir='ltr'><strong>qualis</strong></span> <span class='ocrx_word' id='word_1_525' title='bbox 3291 2469 3556 2535; x_wconf 70' lang='lat' dir='ltr'><strong>cmlestis,</strong></span> 
     </span>
    </p>
   </div>
   <div class='ocr_carea' id='block_1_68' title="bbox 1973 2562 3562 2630">
    <p class='ocr_par' dir='ltr' id='par_1_68' title="bbox 1973 2562 3562 2630">
     <span class='ocr_line' id='line_1_68' title="bbox 1973 2562 3562 2630; baseline 0 -13"><span class='ocrx_word' id='word_1_526' title='bbox 1973 2564 2108 2618; x_wconf 86' lang='lat' dir='ltr'><strong>tales</strong></span> <span class='ocrx_word' id='word_1_527' title='bbox 2137 2573 2191 2618; x_wconf 91' lang='lat' dir='ltr'><strong>et</strong></span> <span class='ocrx_word' id='word_1_528' title='bbox 2236 2564 2514 2618; x_wconf 68' lang='lat' dir='ltr'><strong>caelestes.</strong></span> <span class='ocrx_word' id='word_1_529' title='bbox 2555 2582 2573 2615; x_wconf 74' lang='grc' dir='ltr'><strong>ι</strong></span> <span class='ocrx_word' id='word_1_530' title='bbox 2606 2562 2832 2618; x_wconf 89' lang='lat' dir='ltr'><strong>Tcrreni</strong></span> <span class='ocrx_word' id='word_1_531' title='bbox 2890 2563 3035 2618; x_wconf 90' lang='lat' dir='ltr'><strong>enim</strong></span> <span class='ocrx_word' id='word_1_532' title='bbox 3098 2579 3307 2628; x_wconf 90' lang='lat' dir='ltr'><strong>sumus,</strong></span> <span class='ocrx_word' id='word_1_533' title='bbox 3373 2570 3562 2630; x_wconf 87' lang='lat' dir='ltr'><strong>utpote</strong></span> 
     </span>
    </p>
   </div>
   <div class='ocr_carea' id='block_1_69' title="bbox 1975 2651 3563 2708">
    <p class='ocr_par' dir='ltr' id='par_1_69' title="bbox 1975 2651 3563 2708">
     <span class='ocr_line' id='line_1_69' title="bbox 1975 2651 3563 2708; baseline 0.001 -2"><span class='ocrx_word' id='word_1_534' title='bbox 1975 2651 2294 2706; x_wconf 86' lang='lat' dir='ltr'><strong>transmissa</strong></span> <span class='ocrx_word' id='word_1_535' title='bbox 2323 2651 2375 2706; x_wconf 91' lang='lat' dir='ltr'><strong>in</strong></span> <span class='ocrx_word' id='word_1_536' title='bbox 2417 2667 2516 2707; x_wconf 90' lang='lat' dir='ltr'><strong>nos</strong></span> <span class='ocrx_word' id='word_1_537' title='bbox 2573 2667 2640 2707; x_wconf 80' lang='lat' dir='ltr'><strong>ex</strong></span> <span class='ocrx_word' id='word_1_538' title='bbox 2686 2663 2904 2708; x_wconf 80' lang='lat' dir='ltr'><strong>terreno</strong></span> <span class='ocrx_word' id='word_1_539' title='bbox 2952 2652 3124 2706; x_wconf 85' lang='lat' dir='ltr'><strong>Adam</strong></span> <span class='ocrx_word' id='word_1_540' title='bbox 3178 2652 3563 2707; x_wconf 87' lang='lat' dir='ltr'><strong>maledictioue</strong></span> 
     </span>
    </p>
   </div>
   <div class='ocr_carea' id='block_1_70' title="bbox 1972 2744 3560 2816">
    <p class='ocr_par' dir='ltr' id='par_1_70' title="bbox 1972 2744 3560 2816">
     <span class='ocr_line' id='line_1_70' title="bbox 1972 2744 3560 2816; baseline 0.001 -18"><span class='ocrx_word' id='word_1_541' title='bbox 1972 2744 2363 2814; x_wconf 88' lang='lat' dir='ltr'><strong>corruptionis,</strong></span> <span class='ocrx_word' id='word_1_542' title='bbox 2405 2759 2503 2813; x_wconf 90' lang='lat' dir='ltr'><strong>per</strong></span> <span class='ocrx_word' id='word_1_543' title='bbox 2520 2760 2682 2815; x_wconf 86' lang='lat' dir='ltr'><strong>quam</strong></span> <span class='ocrx_word' id='word_1_544' title='bbox 2713 2755 2768 2799; x_wconf 91' lang='lat' dir='ltr'><strong>et</strong></span> <span class='ocrx_word' id='word_1_545' title='bbox 2792 2745 2875 2799; x_wconf 78' lang='lat' dir='ltr'><strong>lex</strong></span> <span class='ocrx_word' id='word_1_546' title='bbox 2908 2746 3119 2816; x_wconf 86' lang='lat' dir='ltr'><strong>peccati</strong></span> <span class='ocrx_word' id='word_1_547' title='bbox 3156 2746 3406 2815; x_wconf 86' lang='lat' dir='ltr'><strong>irrepsit,</strong></span> <span class='ocrx_word' id='word_1_548' title='bbox 3438 2759 3560 2814; x_wconf 72' lang='lat' dir='ltr'><strong>qua:</strong></span> 
     </span>
    </p>
   </div>
   <div class='ocr_carea' id='block_1_71' title="bbox 1972 2835 3559 2902">
    <p class='ocr_par' dir='ltr' id='par_1_71' title="bbox 1972 2835 3559 2902">
     <span class='ocr_line' id='line_1_71' title="bbox 1972 2835 3559 2902; baseline -0.001 -14"><span class='ocrx_word' id='word_1_549' title='bbox 1972 2836 2132 2889; x_wconf 89' lang='lat' dir='ltr'><strong>estin</strong></span> <span class='ocrx_word' id='word_1_550' title='bbox 2161 2837 2424 2891; x_wconf 84' lang='lat' dir='ltr'><strong>membris</strong></span> <span class='ocrx_word' id='word_1_551' title='bbox 2455 2837 2658 2892; x_wconf 84' lang='lat' dir='ltr'><strong>carnis.</strong></span> <span class='ocrx_word' id='word_1_552' title='bbox 2690 2835 2952 2892; x_wconf 68' lang='lat' dir='ltr'><strong>leestes</strong></span> <span class='ocrx_word' id='word_1_553' title='bbox 2970 2848 3148 2890; x_wconf 91' lang='lat' dir='ltr'><strong>autem</strong></span> <span class='ocrx_word' id='word_1_554' title='bbox 3183 2836 3307 2891; x_wconf 86' lang='lat' dir='ltr'><strong>facti</strong></span> <span class='ocrx_word' id='word_1_555' title='bbox 3349 2852 3559 2902; x_wconf 81' lang='lat' dir='ltr'><strong>sumus,</strong></span> 
     </span>
    </p>
   </div>
   <div class='ocr_carea' id='block_1_72' title="bbox 1973 2927 3558 2992">
    <p class='ocr_par' dir='ltr' id='par_1_72' title="bbox 1973 2927 3558 2992">
     <span class='ocr_line' id='line_1_72' title="bbox 1973 2927 3558 2992; baseline -0.003 -12"><span class='ocrx_word' id='word_1_556' title='bbox 1973 2929 2025 2981; x_wconf 93' lang='lat' dir='ltr'><strong>in</strong></span> <span class='ocrx_word' id='word_1_557' title='bbox 2049 2927 2268 2983; x_wconf 84' lang='lat' dir='ltr'><strong>Christo</strong></span> <span class='ocrx_word' id='word_1_558' title='bbox 2291 2928 2345 2982; x_wconf 91' lang='lat' dir='ltr'><strong>id</strong></span> <span class='ocrx_word' id='word_1_559' title='bbox 2368 2929 2666 2984; x_wconf 86' lang='lat' dir='ltr'><strong>consecuti.</strong></span> <span class='ocrx_word' id='word_1_560' title='bbox 2705 2929 2846 2984; x_wconf 91' lang='lat' dir='ltr'><strong>Deus</strong></span> <span class='ocrx_word' id='word_1_561' title='bbox 2869 2930 3014 2984; x_wconf 90' lang='lat' dir='ltr'><strong>enim</strong></span> <span class='ocrx_word' id='word_1_562' title='bbox 3040 2930 3314 2984; x_wconf 77' lang='lat' dir='ltr'><strong>exsistens</strong></span> <span class='ocrx_word' id='word_1_563' title='bbox 3345 2938 3558 2992; x_wconf 77' lang='lat' dir='ltr'><strong>natura,</strong></span> 
     </span>
    </p>
   </div>
   <div class='ocr_carea' id='block_1_73' title="bbox 1971 3019 3557 3090">
    <p class='ocr_par' dir='ltr' id='par_1_73' title="bbox 1971 3019 3557 3090">
     <span class='ocr_line' id='line_1_73' title="bbox 1971 3019 3557 3090; baseline -0.001 -18"><span class='ocrx_word' id='word_1_564' title='bbox 1971 3028 2025 3072; x_wconf 91' lang='lat' dir='ltr'><strong>et</strong></span> <span class='ocrx_word' id='word_1_565' title='bbox 2053 3035 2119 3074; x_wconf 78' lang='lat' dir='ltr'><strong>ex</strong></span> <span class='ocrx_word' id='word_1_566' title='bbox 2157 3019 2266 3075; x_wconf 90' lang='lat' dir='ltr'><strong>Deo</strong></span> <span class='ocrx_word' id='word_1_567' title='bbox 2287 3028 2451 3089; x_wconf 84' lang='lat' dir='ltr'><strong>atque</strong></span> <span class='ocrx_word' id='word_1_568' title='bbox 2483 3036 2546 3074; x_wconf 77' lang='lat' dir='ltr'><strong>ex</strong></span> <span class='ocrx_word' id='word_1_569' title='bbox 2575 3021 2845 3090; x_wconf 84' lang='lat' dir='ltr'><strong>supernis,</strong></span> <span class='ocrx_word' id='word_1_570' title='bbox 2915 3021 3195 3075; x_wconf 88' lang='lat' dir='ltr'><strong>descendit</strong></span> <span class='ocrx_word' id='word_1_571' title='bbox 3235 3022 3299 3073; x_wconf 88' lang='lat' dir='ltr'><strong>ad</strong></span> <span class='ocrx_word' id='word_1_572' title='bbox 3349 3031 3557 3085; x_wconf 85' lang='lat' dir='ltr'><strong>nostra,</strong></span> 
     </span>
    </p>
   </div>
   <div class='ocr_carea' id='block_1_74' title="bbox 1971 3111 3556 3180">
    <p class='ocr_par' dir='ltr' id='par_1_74' title="bbox 1971 3111 3556 3180">
     <span class='ocr_line' id='line_1_74' title="bbox 1971 3111 3556 3180; baseline 0.001 -18"><span class='ocrx_word' id='word_1_573' title='bbox 1971 3125 2110 3165; x_wconf 89' lang='lat' dir='ltr'><strong>novo</strong></span> <span class='ocrx_word' id='word_1_574' title='bbox 2139 3121 2300 3179; x_wconf 89' lang='lat' dir='ltr'><strong>atque</strong></span> <span class='ocrx_word' id='word_1_575' title='bbox 2346 3111 2608 3165; x_wconf 84' lang='lat' dir='ltr'><strong>inusitato</strong></span> <span class='ocrx_word' id='word_1_576' title='bbox 2644 3126 2794 3165; x_wconf 86' lang='lat' dir='ltr'><strong>more</strong></span> <span class='ocrx_word' id='word_1_577' title='bbox 2817 3113 3034 3180; x_wconf 76' lang='lat' dir='ltr'><strong>genitus</strong></span> <span class='ocrx_word' id='word_1_578' title='bbox 3082 3113 3380 3165; x_wconf 87' lang='lat' dir='ltr'><strong>secundum</strong></span> <span class='ocrx_word' id='word_1_579' title='bbox 3432 3126 3556 3164; x_wconf 86' lang='lat' dir='ltr'><strong>ear-</strong></span> 
     </span>
    </p>
   </div>
   <div class='ocr_carea' id='block_1_75' title="bbox 1974 3200 3629 3272">
    <p class='ocr_par' dir='ltr' id='par_1_75' title="bbox 1974 3200 3629 3272">
     <span class='ocr_line' id='line_1_75' title="bbox 1974 3200 3629 3272; baseline 0.002 -18"><span class='ocrx_word' id='word_1_580' title='bbox 1974 3217 2093 3254; x_wconf 90' lang='lat' dir='ltr'><strong>nem</strong></span> <span class='ocrx_word' id='word_1_581' title='bbox 2121 3201 2294 3255; x_wconf 87' lang='lat' dir='ltr'><strong>factus</strong></span> <span class='ocrx_word' id='word_1_582' title='bbox 2316 3210 2401 3255; x_wconf 91' lang='lat' dir='ltr'><strong>est</strong></span> <span class='ocrx_word' id='word_1_583' title='bbox 2447 3200 2703 3268; x_wconf 88' lang='lat' dir='ltr'><strong>Spiritus,</strong></span> <span class='ocrx_word' id='word_1_584' title='bbox 2757 3211 2812 3255; x_wconf 89' lang='lat' dir='ltr'><strong>ut</strong></span> <span class='ocrx_word' id='word_1_585' title='bbox 2845 3202 3102 3256; x_wconf 88' lang='lat' dir='ltr'><strong>videlicet</strong></span> <span class='ocrx_word' id='word_1_586' title='bbox 3156 3202 3329 3256; x_wconf 88' lang='lat' dir='ltr'><strong>sancti</strong></span> <span class='ocrx_word' id='word_1_587' title='bbox 3389 3212 3556 3272; x_wconf 84' lang='lat' dir='ltr'><strong>atque</strong></span> <span class='ocrx_word' id='word_1_588' title='bbox 3620 3253 3629 3270; x_wconf 85' lang='grc'><strong>,</strong></span> 
     </span>
    </p>
   </div>
   <div class='ocr_carea' id='block_1_76' title="bbox 1975 3289 3558 3360">
    <p class='ocr_par' dir='ltr' id='par_1_76' title="bbox 1975 3289 3558 3360">
     <span class='ocr_line' id='line_1_76' title="bbox 1975 3289 3558 3360; baseline 0.003 -16"><span class='ocrx_word' id='word_1_589' title='bbox 1975 3292 2414 3358; x_wconf 83' lang='lat' dir='ltr'><strong>incorruptibiles</strong></span> <span class='ocrx_word' id='word_1_590' title='bbox 2465 3289 2630 3345; x_wconf 86' lang='lat' dir='ltr'><strong>etiam</strong></span> <span class='ocrx_word' id='word_1_591' title='bbox 2691 3307 2789 3347; x_wconf 89' lang='lat' dir='ltr'><strong>nos</strong></span> <span class='ocrx_word' id='word_1_592' title='bbox 2835 3294 2888 3345; x_wconf 91' lang='lat' dir='ltr'><strong>in</strong></span> <span class='ocrx_word' id='word_1_593' title='bbox 2956 3294 3074 3360; x_wconf 91' lang='lat' dir='ltr'><strong>ipso</strong></span> <span class='ocrx_word' id='word_1_594' title='bbox 3147 3307 3463 3348; x_wconf 88' lang='lat' dir='ltr'><strong>maneamus</strong></span> <span class='ocrx_word' id='word_1_595' title='bbox 3489 3308 3558 3348; x_wconf 78' lang='lat' dir='ltr'><strong>ex</strong></span> 
     </span>
    </p>
   </div>
   <div class='ocr_carea' id='block_1_77' title="bbox 1976 3385 3560 3453">
    <p class='ocr_par' dir='ltr' id='par_1_77' title="bbox 1976 3385 3560 3453">
     <span class='ocr_line' id='line_1_77' title="bbox 1976 3385 3560 3453; baseline 0.002 -15"><span class='ocrx_word' id='word_1_596' title='bbox 1976 3385 2118 3451; x_wconf 90' lang='lat' dir='ltr'><strong>ipso,</strong></span> <span class='ocrx_word' id='word_1_597' title='bbox 2164 3391 2423 3451; x_wconf 85' lang='lat' dir='ltr'><strong>tanquam</strong></span> <span class='ocrx_word' id='word_1_598' title='bbox 2456 3401 2520 3438; x_wconf 80' lang='lat' dir='ltr'><strong>ex</strong></span> <span class='ocrx_word' id='word_1_599' title='bbox 2562 3385 2833 3453; x_wconf 83' lang='lat' dir='ltr'><strong>principio</strong></span> <span class='ocrx_word' id='word_1_600' title='bbox 2859 3394 2913 3438; x_wconf 90' lang='lat' dir='ltr'><strong>et</strong></span> <span class='ocrx_word' id='word_1_601' title='bbox 2967 3385 3153 3440; x_wconf 88' lang='lat' dir='ltr'><strong>radice</strong></span> <span class='ocrx_word' id='word_1_602' title='bbox 3208 3386 3468 3450; x_wconf 85' lang='lat' dir='ltr'><strong>secunda,</strong></span> <span class='ocrx_word' id='word_1_603' title='bbox 3503 3387 3560 3441; x_wconf 90' lang='lat' dir='ltr'><strong>in</strong></span> 
     </span>
    </p>
   </div>
   <div class='ocr_carea' id='block_1_78' title="bbox 1974 3474 2649 3544">
    <p class='ocr_par' dir='ltr' id='par_1_78' title="bbox 1974 3474 2649 3544">
     <span class='ocr_line' id='line_1_78' title="bbox 1974 3474 2649 3544; baseline -0.003 -13"><span class='ocrx_word' id='word_1_604' title='bbox 1974 3491 2073 3531; x_wconf 86' lang='lat' dir='ltr'><strong>nos</strong></span> <span class='ocrx_word' id='word_1_605' title='bbox 2104 3474 2426 3529; x_wconf 86' lang='lat' dir='ltr'><strong>transmissa</strong></span> <span class='ocrx_word' id='word_1_606' title='bbox 2455 3477 2649 3544; x_wconf 72' lang='lat' dir='ltr'><strong>gratia.</strong></span> 
     </span>
    </p>
   </div>
   <div class='ocr_carea' id='block_1_79' title="bbox 2042 3567 2600 3636">
    <p class='ocr_par' dir='ltr' id='par_1_79' title="bbox 2042 3567 2600 3636">
     <span class='ocr_line' id='line_1_79' title="bbox 2042 3567 2600 3636; baseline -0.004 -14"><span class='ocrx_word' id='word_1_607' title='bbox 2042 3567 2104 3622; x_wconf 84' lang='grc' dir='ltr'><strong>Β.</strong></span> <span class='ocrx_word' id='word_1_608' title='bbox 2145 3567 2362 3636; x_wconf 89' lang='lat' dir='ltr'><strong>Optime</strong></span> <span class='ocrx_word' id='word_1_609' title='bbox 2393 3567 2600 3621; x_wconf 75' lang='lat' dir='ltr'><strong>dixisti.</strong></span> 
     </span>
    </p>
   </div>
   <div class='ocr_carea' id='block_1_80' title="bbox 2042 3657 3561 3727">
    <p class='ocr_par' dir='ltr' id='par_1_80' title="bbox 2042 3657 3561 3727">
     <span class='ocr_line' id='line_1_80' title="bbox 2042 3657 3561 3727; baseline 0.001 -15"><span class='ocrx_word' id='word_1_610' title='bbox 2042 3661 2109 3712; x_wconf 84' lang='lat' dir='ltr'><strong>A.</strong></span> <span class='ocrx_word' id='word_1_611' title='bbox 2150 3658 2394 3724; x_wconf 85' lang='lat' dir='ltr'><strong>Quonam</strong></span> <span class='ocrx_word' id='word_1_612' title='bbox 2429 3674 2559 3713; x_wconf 83' lang='lat' dir='ltr'><strong>vero</strong></span> <span class='ocrx_word' id='word_1_613' title='bbox 2599 3667 2756 3727; x_wconf 87' lang='lat' dir='ltr'><strong>pacto</strong></span> <span class='ocrx_word' id='word_1_614' title='bbox 2797 3658 2962 3713; x_wconf 88' lang='lat' dir='ltr'><strong>etiam</strong></span> <span class='ocrx_word' id='word_1_615' title='bbox 2993 3657 3224 3712; x_wconf 88' lang='lat' dir='ltr'><strong>similem</strong></span> <span class='ocrx_word' id='word_1_616' title='bbox 3262 3658 3434 3726; x_wconf 90' lang='lat' dir='ltr'><strong>ipsum</strong></span> <span class='ocrx_word' id='word_1_617' title='bbox 3477 3658 3561 3713; x_wconf 79' lang='lat' dir='ltr'><strong>fa—</strong></span> 
     </span>
    </p>
   </div>
   <div class='ocr_carea' id='block_1_81' title="bbox 1973 3749 3563 3818">
    <p class='ocr_par' dir='ltr' id='par_1_81' title="bbox 1973 3749 3563 3818">
     <span class='ocr_line' id='line_1_81' title="bbox 1973 3749 3563 3818; baseline -0.001 -12"><span class='ocrx_word' id='word_1_618' title='bbox 1973 3761 2120 3806; x_wconf 89' lang='lat' dir='ltr'><strong>ctum</strong></span> <span class='ocrx_word' id='word_1_619' title='bbox 2153 3767 2274 3806; x_wconf 86' lang='lat' dir='ltr'><strong>esse</strong></span> <span class='ocrx_word' id='word_1_620' title='bbox 2302 3752 2454 3806; x_wconf 87' lang='lat' dir='ltr'><strong>aiunt</strong></span> <span class='ocrx_word' id='word_1_621' title='bbox 2475 3766 2570 3818; x_wconf 87' lang='lat' dir='ltr'><strong>per</strong></span> <span class='ocrx_word' id='word_1_622' title='bbox 2593 3751 2774 3803; x_wconf 89' lang='lat' dir='ltr'><strong>omnia</strong></span> <span class='ocrx_word' id='word_1_623' title='bbox 2807 3749 3086 3816; x_wconf 76' lang='lat' dir='ltr'><strong>fratribus,</strong></span> <span class='ocrx_word' id='word_1_624' title='bbox 3118 3751 3216 3804; x_wconf 85' lang='lat' dir='ltr'><strong>hoc</strong></span> <span class='ocrx_word' id='word_1_625' title='bbox 3242 3762 3344 3813; x_wconf 88' lang='lat' dir='ltr'><strong>est,</strong></span> <span class='ocrx_word' id='word_1_626' title='bbox 3372 3752 3563 3805; x_wconf 85' lang='lat' dir='ltr'><strong>nobis?</strong></span> 
     </span>
    </p>
   </div>
   <div class='ocr_carea' id='block_1_82' title="bbox 1972 3839 3557 3910">
    <p class='ocr_par' dir='ltr' id='par_1_82' title="bbox 1972 3839 3557 3910">
     <span class='ocr_line' id='line_1_82' title="bbox 1972 3839 3557 3910; baseline -0.002 -14"><span class='ocrx_word' id='word_1_627' title='bbox 1972 3853 2065 3896; x_wconf 90' lang='lat' dir='ltr'><strong>aut</strong></span> <span class='ocrx_word' id='word_1_628' title='bbox 2095 3843 2343 3910; x_wconf 83' lang='lat' dir='ltr'><strong>quisnam</strong></span> <span class='ocrx_word' id='word_1_629' title='bbox 2375 3842 2597 3894; x_wconf 87' lang='lat' dir='ltr'><strong>omnino</strong></span> <span class='ocrx_word' id='word_1_630' title='bbox 2628 3850 2918 3894; x_wconf 88' lang='lat' dir='ltr'><strong>censeatur</strong></span> <span class='ocrx_word' id='word_1_631' title='bbox 2959 3839 3127 3893; x_wconf 88' lang='lat' dir='ltr'><strong>fuisse</strong></span> <span class='ocrx_word' id='word_1_632' title='bbox 3159 3839 3204 3892; x_wconf 85' lang='lat' dir='ltr'><strong>is</strong></span> <span class='ocrx_word' id='word_1_633' title='bbox 3233 3839 3323 3906; x_wconf 91' lang='lat' dir='ltr'><strong>qui</strong></span> <span class='ocrx_word' id='word_1_634' title='bbox 3360 3840 3557 3893; x_wconf 85' lang='lat' dir='ltr'><strong>simili-</strong></span> 
     </span>
    </p>
   </div>
   <div class='ocr_carea' id='block_1_83' title="bbox 1974 3931 3558 3997">
    <p class='ocr_par' dir='ltr' id='par_1_83' title="bbox 1974 3931 3558 3997">
     <span class='ocr_line' id='line_1_83' title="bbox 1974 3931 3558 3997; baseline -0.004 -9"><span class='ocrx_word' id='word_1_635' title='bbox 1974 3936 2212 3988; x_wconf 86' lang='lat' dir='ltr'><strong>tudinem</strong></span> <span class='ocrx_word' id='word_1_636' title='bbox 2248 3942 2488 3987; x_wconf 87' lang='lat' dir='ltr'><strong>nostram</strong></span> <span class='ocrx_word' id='word_1_637' title='bbox 2519 3932 2703 3997; x_wconf 85' lang='lat' dir='ltr'><strong>subiit,</strong></span> <span class='ocrx_word' id='word_1_638' title='bbox 2730 3932 2829 3984; x_wconf 88' lang='lat' dir='ltr'><strong>nisi</strong></span> <span class='ocrx_word' id='word_1_639' title='bbox 2863 3931 3158 3983; x_wconf 87' lang='lat' dir='ltr'><strong>secundum</strong></span> <span class='ocrx_word' id='word_1_640' title='bbox 3189 3939 3435 3983; x_wconf 84' lang='lat' dir='ltr'><strong>naturam</strong></span> <span class='ocrx_word' id='word_1_641' title='bbox 3473 3933 3558 3982; x_wconf 83' lang='lat' dir='ltr'><strong>di-</strong></span> 
     </span>
    </p>
   </div>
   <div class='ocr_carea' id='block_1_84' title="bbox 1971 4021 3557 4086">
    <p class='ocr_par' dir='ltr' id='par_1_84' title="bbox 1971 4021 3557 4086">
     <span class='ocr_line' id='line_1_84' title="bbox 1971 4021 3557 4086; baseline -0.003 -8"><span class='ocrx_word' id='word_1_642' title='bbox 1971 4041 2160 4080; x_wconf 76' lang='lat' dir='ltr'><strong>versus</strong></span> <span class='ocrx_word' id='word_1_643' title='bbox 2195 4035 2334 4086; x_wconf 89' lang='lat' dir='ltr'><strong>erat,</strong></span> <span class='ocrx_word' id='word_1_644' title='bbox 2373 4032 2430 4076; x_wconf 90' lang='lat' dir='ltr'><strong>et</strong></span> <span class='ocrx_word' id='word_1_645' title='bbox 2472 4039 2580 4075; x_wconf 75' lang='lat' dir='ltr'><strong>non</strong></span> <span class='ocrx_word' id='word_1_646' title='bbox 2629 4023 2784 4075; x_wconf 91' lang='lat' dir='ltr'><strong>nobis</strong></span> <span class='ocrx_word' id='word_1_647' title='bbox 2822 4021 3060 4075; x_wconf 86' lang='lat' dir='ltr'><strong>similis?</strong></span> <span class='ocrx_word' id='word_1_648' title='bbox 3087 4021 3238 4086; x_wconf 83' lang='lat' dir='ltr'><strong>Quod</strong></span> <span class='ocrx_word' id='word_1_649' title='bbox 3270 4021 3414 4074; x_wconf 89' lang='lat' dir='ltr'><strong>enim</strong></span> <span class='ocrx_word' id='word_1_650' title='bbox 3454 4021 3557 4074; x_wconf 82' lang='lat' dir='ltr'><strong>ati—</strong></span> 
     </span>
    </p>
   </div>
   <div class='ocr_carea' id='block_1_85' title="bbox 1969 4113 3558 4184">
    <p class='ocr_par' dir='ltr' id='par_1_85' title="bbox 1969 4113 3558 4184">
     <span class='ocr_line' id='line_1_85' title="bbox 1969 4113 3558 4184; baseline -0.001 -17"><span class='ocrx_word' id='word_1_651' title='bbox 1969 4117 2164 4184; x_wconf 87' lang='lat' dir='ltr'><strong>quibus</strong></span> <span class='ocrx_word' id='word_1_652' title='bbox 2192 4115 2371 4169; x_wconf 88' lang='lat' dir='ltr'><strong>simile</strong></span> <span class='ocrx_word' id='word_1_653' title='bbox 2405 4113 2661 4176; x_wconf 84' lang='lat' dir='ltr'><strong>eflieitur,</strong></span> <span class='ocrx_word' id='word_1_654' title='bbox 2713 4127 2933 4166; x_wconf 85' lang='lat' dir='ltr'><strong>necesse</strong></span> <span class='ocrx_word' id='word_1_655' title='bbox 2966 4122 3051 4167; x_wconf 91' lang='lat' dir='ltr'><strong>est</strong></span> <span class='ocrx_word' id='word_1_656' title='bbox 3081 4122 3140 4164; x_wconf 88' lang='lat' dir='ltr'><strong>ut</strong></span> <span class='ocrx_word' id='word_1_657' title='bbox 3169 4113 3442 4166; x_wconf 80' lang='lat' dir='ltr'><strong>diversum</strong></span> <span class='ocrx_word' id='word_1_658' title='bbox 3490 4114 3558 4167; x_wconf 88' lang='lat' dir='ltr'><strong>ab</strong></span> 
     </span>
    </p>
   </div>
   <div class='ocr_carea' id='block_1_86' title="bbox 1969 4205 3560 4276">
    <p class='ocr_par' dir='ltr' id='par_1_86' title="bbox 1969 4205 3560 4276">
     <span class='ocr_line' id='line_1_86' title="bbox 1969 4205 3560 4276; baseline -0.003 -12"><span class='ocrx_word' id='word_1_659' title='bbox 1969 4210 2039 4264; x_wconf 86' lang='lat' dir='ltr'><strong>iis</strong></span> <span class='ocrx_word' id='word_1_660' title='bbox 2065 4208 2358 4272; x_wconf 81' lang='lat' dir='ltr'><strong>exstiterit,</strong></span> <span class='ocrx_word' id='word_1_661' title='bbox 2395 4222 2568 4276; x_wconf 86' lang='lat' dir='ltr'><strong>neque</strong></span> <span class='ocrx_word' id='word_1_662' title='bbox 2614 4205 2792 4260; x_wconf 91' lang='lat' dir='ltr'><strong>simile</strong></span> <span class='ocrx_word' id='word_1_663' title='bbox 2821 4205 2972 4274; x_wconf 86' lang='lat' dir='ltr'><strong>ipsis,</strong></span> <span class='ocrx_word' id='word_1_664' title='bbox 3007 4206 3100 4260; x_wconf 89' lang='lat' dir='ltr'><strong>sed</strong></span> <span class='ocrx_word' id='word_1_665' title='bbox 3126 4207 3308 4274; x_wconf 88' lang='lat' dir='ltr'><strong>potius</strong></span> <span class='ocrx_word' id='word_1_666' title='bbox 3338 4206 3560 4260; x_wconf 87' lang='lat' dir='ltr'><strong>alterius</strong></span> 
     </span>
    </p>
   </div>
   <div class='ocr_carea' id='block_1_87' title="bbox 1969 4295 3560 4368">
    <p class='ocr_par' dir='ltr' id='par_1_87' title="bbox 1969 4295 3560 4368">
     <span class='ocr_line' id='line_1_87' title="bbox 1969 4295 3560 4368; baseline -0.003 -14"><span class='ocrx_word' id='word_1_667' title='bbox 1969 4299 2191 4368; x_wconf 86' lang='lat' dir='ltr'><strong>speciei,</strong></span> <span class='ocrx_word' id='word_1_668' title='bbox 2223 4297 2341 4352; x_wconf 88' lang='lat' dir='ltr'><strong>sive</strong></span> <span class='ocrx_word' id='word_1_669' title='bbox 2376 4308 2604 4351; x_wconf 63' lang='lat' dir='ltr'><strong>natura.</strong></span> <span class='ocrx_word' id='word_1_670' title='bbox 2636 4296 2801 4366; x_wconf 75' lang='lat'><strong>726</strong></span> <span class='ocrx_word' id='word_1_671' title='bbox 2829 4295 3119 4350; x_wconf 87' lang='lat' dir='ltr'><strong>Dissimilis</strong></span> <span class='ocrx_word' id='word_1_672' title='bbox 3144 4296 3327 4363; x_wconf 86' lang='lat' dir='ltr'><strong>itaque</strong></span> <span class='ocrx_word' id='word_1_673' title='bbox 3351 4307 3560 4350; x_wconf 68' lang='lat' dir='ltr'><strong>naturae</strong></span> 
     </span>
    </p>
   </div>
   <div class='ocr_carea' id='block_1_88' title="bbox 1969 4387 3555 4460">
    <p class='ocr_par' dir='ltr' id='par_1_88' title="bbox 1969 4387 3555 4460">
     <span class='ocr_line' id='line_1_88' title="bbox 1969 4387 3555 4460; baseline -0.005 -14"><span class='ocrx_word' id='word_1_674' title='bbox 1969 4410 1999 4446; x_wconf 87' lang='lat' dir='ltr'><strong>a</strong></span> <span class='ocrx_word' id='word_1_675' title='bbox 2035 4393 2192 4447; x_wconf 87' lang='lat' dir='ltr'><strong>nobis</strong></span> <span class='ocrx_word' id='word_1_676' title='bbox 2216 4392 2487 4446; x_wconf 80' lang='lat' dir='ltr'><strong>exsistcns</strong></span> <span class='ocrx_word' id='word_1_677' title='bbox 2519 4389 2863 4460; x_wconf 74' lang='lat' dir='ltr'><strong>Uuigenitus,</strong></span> <span class='ocrx_word' id='word_1_678' title='bbox 2891 4388 3086 4443; x_wconf 86' lang='lat' dir='ltr'><strong>similis</strong></span> <span class='ocrx_word' id='word_1_679' title='bbox 3115 4387 3286 4441; x_wconf 85' lang='lat' dir='ltr'><strong>factus</strong></span> <span class='ocrx_word' id='word_1_680' title='bbox 3324 4402 3445 4440; x_wconf 87' lang='lat' dir='ltr'><strong>esse</strong></span> <span class='ocrx_word' id='word_1_681' title='bbox 3470 4388 3555 4440; x_wconf 84' lang='lat' dir='ltr'><strong>di-</strong></span> 
     </span>
    </p>
   </div>
   <div class='ocr_carea' id='block_1_89' title="bbox 1969 4475 3555 4550">
    <p class='ocr_par' dir='ltr' id='par_1_89' title="bbox 1969 4475 3555 4550">
     <span class='ocr_line' id='line_1_89' title="bbox 1969 4475 3555 4550; baseline -0.006 -15"><span class='ocrx_word' id='word_1_682' title='bbox 1969 4485 2129 4545; x_wconf 82' lang='lat' dir='ltr'><strong>citur,</strong></span> <span class='ocrx_word' id='word_1_683' title='bbox 2163 4487 2337 4536; x_wconf 80' lang='lat' dir='ltr'><strong>factus</strong></span> <span class='ocrx_word' id='word_1_684' title='bbox 2383 4483 2433 4536; x_wconf 91' lang='lat' dir='ltr'><strong>id</strong></span> <span class='ocrx_word' id='word_1_685' title='bbox 2469 4483 2610 4550; x_wconf 89' lang='lat' dir='ltr'><strong>quod</strong></span> <span class='ocrx_word' id='word_1_686' title='bbox 2643 4495 2762 4546; x_wconf 85' lang='lat' dir='ltr'><strong>nos,</strong></span> <span class='ocrx_word' id='word_1_687' title='bbox 2819 4479 2922 4533; x_wconf 83' lang='lat' dir='ltr'><strong>hoc</strong></span> <span class='ocrx_word' id='word_1_688' title='bbox 2955 4487 3058 4542; x_wconf 87' lang='lat' dir='ltr'><strong>est,</strong></span> <span class='ocrx_word' id='word_1_689' title='bbox 3106 4477 3284 4531; x_wconf 86' lang='lat' dir='ltr'><strong>homo.</strong></span> <span class='ocrx_word' id='word_1_690' title='bbox 3329 4475 3555 4528; x_wconf 89' lang='lat' dir='ltr'><strong>Factum</strong></span> 
     </span>
    </p>
   </div>
   <div class='ocr_carea' id='block_1_90' title="bbox 277 4567 1866 4644">
    <p class='ocr_par' dir='ltr' id='par_1_90' title="bbox 277 4571 1861 4643">
     <span class='ocr_line' id='line_1_90' title="bbox 277 4571 1861 4643; baseline 0 -19"><span class='ocrx_word' id='word_1_691' title='bbox 277 4572 479 4639; x_wconf 85' lang='grc' dir='ltr'>μόνως,</span> <span class='ocrx_word' id='word_1_692' title='bbox 511 4572 568 4622; x_wconf 83' lang='grc' dir='ltr'>ὲν</span> <span class='ocrx_word' id='word_1_693' title='bbox 591 4572 843 4636; x_wconf 80' lang='grc' dir='ltr'>άποτέξει</span> <span class='ocrx_word' id='word_1_694' title='bbox 874 4574 941 4642; x_wconf 83' lang='grc' dir='ltr'><strong>τῇ</strong></span> <span class='ocrx_word' id='word_1_695' title='bbox 977 4571 1101 4625; x_wconf 80' lang='grc' dir='ltr'>καθ’</span> <span class='ocrx_word' id='word_1_696' title='bbox 1125 4574 1298 4642; x_wconf 81' lang='grc' dir='ltr'>ἡμᾶς,</span> <span class='ocrx_word' id='word_1_697' title='bbox 1321 4574 1370 4625; x_wconf 85' lang='grc' dir='ltr'>εἰ</span> <span class='ocrx_word' id='word_1_698' title='bbox 1400 4574 1495 4626; x_wconf 77' lang='grc' dir='ltr'>καὶ</span> <span class='ocrx_word' id='word_1_699' title='bbox 1523 4571 1861 4643; x_wconf 77' lang='grc' dir='ltr'>παραδόξως,</span> 
     </span>
    </p>
   </div>
   <div class='ocr_carea' id='block_1_91' title="bbox 1975 4567 3554 4644">
    <p class='ocr_par' dir='ltr' id='par_1_91' title="bbox 1975 4567 3554 4638">
     <span class='ocr_line' id='line_1_91' title="bbox 1975 4567 3554 4638; baseline -0.006 -9"><span class='ocrx_word' id='word_1_700' title='bbox 1975 4589 2152 4631; x_wconf 81' lang='lat' dir='ltr'><strong>autem</strong></span> <span class='ocrx_word' id='word_1_701' title='bbox 2183 4577 2283 4630; x_wconf 87' lang='lat' dir='ltr'><strong>fuit</strong></span> <span class='ocrx_word' id='word_1_702' title='bbox 2311 4577 2430 4638; x_wconf 85' lang='lat' dir='ltr'><strong>hoc,</strong></span> <span class='ocrx_word' id='word_1_703' title='bbox 2469 4585 2524 4627; x_wconf 89' lang='lat' dir='ltr'><strong>et</strong></span> <span class='ocrx_word' id='word_1_704' title='bbox 2545 4584 2694 4628; x_wconf 88' lang='lat' dir='ltr'><strong>recte</strong></span> <span class='ocrx_word' id='word_1_705' title='bbox 2728 4573 3016 4626; x_wconf 89' lang='lat' dir='ltr'><strong>admodum</strong></span> <span class='ocrx_word' id='word_1_706' title='bbox 3047 4586 3111 4625; x_wconf 89' lang='lat' dir='ltr'><strong>ac</strong></span> <span class='ocrx_word' id='word_1_707' title='bbox 3141 4570 3480 4625; x_wconf 83' lang='lat' dir='ltr'><strong>solummodo</strong></span> <span class='ocrx_word' id='word_1_708' title='bbox 3504 4567 3554 4620; x_wconf 89' lang='lat' dir='ltr'><strong>in</strong></span> 
     </span>
    </p>
   </div>
   <div class='ocr_carea' id='block_1_92' title="bbox 269 4659 1860 4734">
    <p class='ocr_par' dir='ltr' id='par_1_92' title="bbox 269 4659 1860 4734">
     <span class='ocr_line' id='line_1_92' title="bbox 269 4659 1860 4734; baseline 0.003 -21"><span class='ocrx_word' id='word_1_709' title='bbox 269 4662 358 4713; x_wconf 66' lang='grc' dir='ltr'><strong>ἐπ’</strong></span> <span class='ocrx_word' id='word_1_710' title='bbox 383 4661 573 4716; x_wconf 80' lang='grc' dir='ltr'>αὑτοῦ.</span> <span class='ocrx_word' id='word_1_711' title='bbox 603 4663 735 4726; x_wconf 86' lang='grc' dir='ltr'>Θεὸς</span> <span class='ocrx_word' id='word_1_712' title='bbox 757 4663 866 4732; x_wconf 86' lang='grc' dir='ltr'>γὰρ</span> <span class='ocrx_word' id='word_1_713' title='bbox 896 4659 964 4733; x_wconf 78' lang='grc' dir='ltr'>ἦν</span> <span class='ocrx_word' id='word_1_714' title='bbox 991 4665 1020 4716; x_wconf 89' lang='grc' dir='ltr'><strong>ὁ</strong></span> <span class='ocrx_word' id='word_1_715' title='bbox 1041 4663 1432 4734; x_wconf 84' lang='grc' dir='ltr'>σαρκούμενος.</span> <span class='ocrx_word' id='word_1_716' title='bbox 1465 4663 1860 4733; x_wconf 84' lang='grc' dir='ltr'>ὐμολογείσθω</span> 
     </span>
    </p>
   </div>
   <div class='ocr_carea' id='block_1_93' title="bbox 253 4753 1858 4828">
    <p class='ocr_par' dir='ltr' id='par_1_93' title="bbox 253 4753 1858 4828">
     <span class='ocr_line' id='line_1_93' title="bbox 253 4753 1858 4828; baseline 0.006 -25"><span class='ocrx_word' id='word_1_717' title='bbox 253 4769 331 4828; x_wconf 38' lang='grc' dir='ltr'>,γε</span> <span class='ocrx_word' id='word_1_718' title='bbox 371 4753 480 4824; x_wconf 78' lang='grc' dir='ltr'>μὴν</span> <span class='ocrx_word' id='word_1_719' title='bbox 518 4754 595 4818; x_wconf 85' lang='grc' dir='ltr'>ὡς</span> <span class='ocrx_word' id='word_1_720' title='bbox 635 4754 882 4825; x_wconf 82' lang='grc' dir='ltr'>ὲψύχωτο</span> <span class='ocrx_word' id='word_1_721' title='bbox 911 4759 1114 4826; x_wconf 77' lang='grc' dir='ltr'>νοερῶς</span> <span class='ocrx_word' id='word_1_722' title='bbox 1146 4755 1206 4809; x_wconf 87' lang='grc' dir='ltr'><strong>τὺ</strong></span> <span class='ocrx_word' id='word_1_723' title='bbox 1254 4756 1452 4809; x_wconf 83' lang='grc' dir='ltr'>ὲνωθὲν</span> <span class='ocrx_word' id='word_1_724' title='bbox 1491 4757 1638 4828; x_wconf 82' lang='grc' dir='ltr'><strong>αύτῷ</strong></span> <span class='ocrx_word' id='word_1_725' title='bbox 1678 4757 1858 4827; x_wconf 79' lang='grc' dir='ltr'>σῶμα.</span> 
     </span>
    </p>
   </div>
   <div class='ocr_carea' id='block_1_94' title="bbox 273 4845 1860 4918">
    <p class='ocr_par' dir='ltr' id='par_1_94' title="bbox 273 4845 1860 4918">
     <span class='ocr_line' id='line_1_94' title="bbox 273 4845 1860 4918; baseline 0.006 -23"><span class='ocrx_word' id='word_1_726' title='bbox 273 4845 349 4896; x_wconf 77' lang='grc' dir='ltr'><strong>Οὐ</strong></span> <span class='ocrx_word' id='word_1_727' title='bbox 383 4845 494 4914; x_wconf 84' lang='grc' dir='ltr'><strong>γάρ</strong></span> <span class='ocrx_word' id='word_1_728' title='bbox 529 4863 612 4898; x_wconf 88' lang='grc' dir='ltr'><strong>τοι</strong></span> <span class='ocrx_word' id='word_1_729' title='bbox 640 4846 703 4899; x_wconf 82' lang='grc' dir='ltr'>τὸ</span> <span class='ocrx_word' id='word_1_730' title='bbox 741 4847 988 4916; x_wconf 84' lang='grc' dir='ltr'>κρεῖττον</span> <span class='ocrx_word' id='word_1_731' title='bbox 1016 4846 1126 4900; x_wconf 80' lang='grc' dir='ltr'><strong>τῶν</strong></span> <span class='ocrx_word' id='word_1_732' title='bbox 1159 4849 1217 4900; x_wconf 82' lang='grc' dir='ltr'>ὲν</span> <span class='ocrx_word' id='word_1_733' title='bbox 1245 4850 1377 4918; x_wconf 84' lang='grc' dir='ltr'>ἡμῖν</span> <span class='ocrx_word' id='word_1_734' title='bbox 1405 4849 1584 4917; x_wconf 77' lang='grc' dir='ltr'>ἀφεὶς,</span> <span class='ocrx_word' id='word_1_735' title='bbox 1613 4853 1860 4905; x_wconf 83' lang='grc' dir='ltr'>τουτέστι</span> 
     </span>
    </p>
   </div>
   <div class='ocr_carea' id='block_1_95' title="bbox 271 4937 1858 5010">
    <p class='ocr_par' dir='ltr' id='par_1_95' title="bbox 271 4937 1858 5010">
     <span class='ocr_line' id='line_1_95' title="bbox 271 4937 1858 5010; baseline 0.004 -22"><span class='ocrx_word' id='word_1_736' title='bbox 271 4937 473 5007; x_wconf 56' lang='grc' dir='ltr'>ύυχὴν,</span> <span class='ocrx_word' id='word_1_737' title='bbox 507 4937 672 5007; x_wconf 91' lang='grc' dir='ltr'>μόνου</span> <span class='ocrx_word' id='word_1_738' title='bbox 705 4939 1001 5008; x_wconf 82' lang='grc' dir='ltr'>πεποίηται</span> <span class='ocrx_word' id='word_1_739' title='bbox 1023 4938 1190 5007; x_wconf 85' lang='grc' dir='ltr'>φειδὼ</span> <span class='ocrx_word' id='word_1_740' title='bbox 1218 4941 1413 5010; x_wconf 80' lang='grc' dir='ltr'>γηῖνου</span> <span class='ocrx_word' id='word_1_741' title='bbox 1445 4939 1720 5010; x_wconf 81' lang='grc' dir='ltr'>σώματος,</span> <span class='ocrx_word' id='word_1_742' title='bbox 1744 4943 1858 4996; x_wconf 86' lang='grc' dir='ltr'>ἀλλ’</span> 
     </span>
    </p>
   </div>
   <div class='ocr_carea' id='block_1_96' title="bbox 267 5029 1860 5111">
    <p class='ocr_par' dir='ltr' id='par_1_96' title="bbox 267 5029 1860 5111">
     <span class='ocr_line' id='line_1_96' title="bbox 267 5029 1860 5111; baseline 0.006 -32"><span class='ocrx_word' id='word_1_743' title='bbox 267 5030 407 5098; x_wconf 69' lang='grc' dir='ltr'>ὁμοῦ</span> <span class='ocrx_word' id='word_1_744' title='bbox 442 5029 620 5100; x_wconf 81' lang='grc' dir='ltr'>ψυχῆς</span> <span class='ocrx_word' id='word_1_745' title='bbox 659 5032 751 5085; x_wconf 73' lang='grc' dir='ltr'>καὶ</span> <span class='ocrx_word' id='word_1_746' title='bbox 797 5030 1060 5111; x_wconf 53' lang='grc' dir='ltr'>σώματοςή</span> <span class='ocrx_word' id='word_1_747' title='bbox 1083 5033 1383 5104; x_wconf 83' lang='grc' dir='ltr'>προενόησε</span> <span class='ocrx_word' id='word_1_748' title='bbox 1427 5033 1605 5104; x_wconf 82' lang='grc' dir='ltr'>σοφῶς</span> <span class='ocrx_word' id='word_1_749' title='bbox 1629 5035 1760 5099; x_wconf 83' lang='grc' dir='ltr'>Θεὸς</span> <span class='ocrx_word' id='word_1_750' title='bbox 1785 5035 1860 5090; x_wconf 83' lang='grc' dir='ltr'>ὢν</span> 
     </span>
    </p>
   </div>
   <div class='ocr_carea' id='block_1_97' title="bbox 269 5121 524 5188">
    <p class='ocr_par' dir='ltr' id='par_1_97' title="bbox 269 5121 524 5188">
     <span class='ocr_line' id='line_1_97' title="bbox 269 5121 524 5188; baseline 0.008 -16"><span class='ocrx_word' id='word_1_751' title='bbox 269 5123 298 5172; x_wconf 89' lang='grc' dir='ltr'>ὁ</span> <span class='ocrx_word' id='word_1_752' title='bbox 329 5121 524 5188; x_wconf 81' lang='grc' dir='ltr'>Λόγος.</span> 
     </span>
    </p>
   </div>
   <div class='ocr_carea' id='block_1_98' title="bbox 340 5299 1357 5378">
    <p class='ocr_par' dir='ltr' id='par_1_98' title="bbox 340 5299 1357 5378">
     <span class='ocr_line' id='line_1_98' title="bbox 340 5299 1357 5378; baseline 0.012 -27"><span class='ocrx_word' id='word_1_753' title='bbox 340 5300 404 5351; x_wconf 90' lang='grc' dir='ltr'><strong>Β.</strong></span> <span class='ocrx_word' id='word_1_754' title='bbox 447 5299 714 5370; x_wconf 85' lang='grc' dir='ltr'>Σύμφημι</span> <span class='ocrx_word' id='word_1_755' title='bbox 733 5317 748 5331; x_wconf 88' lang='grc'><strong>·</strong></span> <span class='ocrx_word' id='word_1_756' title='bbox 780 5306 998 5374; x_wconf 81' lang='grc' dir='ltr'>φρονεῖς</span> <span class='ocrx_word' id='word_1_757' title='bbox 1025 5305 1136 5377; x_wconf 74' lang='grc' dir='ltr'><strong>γὰρ</strong></span> <span class='ocrx_word' id='word_1_758' title='bbox 1161 5307 1357 5378; x_wconf 81' lang='grc' dir='ltr'>ὀρθῶς.</span> 
     </span>
    </p>
   </div>
   <div class='ocr_carea' id='block_1_99' title="bbox 340 5390 1858 5473">
    <p class='ocr_par' dir='ltr' id='par_1_99' title="bbox 340 5390 1858 5473">
     <span class='ocr_line' id='line_1_99' title="bbox 340 5390 1858 5473; baseline 0.011 -32"><span class='ocrx_word' id='word_1_759' title='bbox 340 5391 404 5442; x_wconf 80' lang='grc' dir='ltr'><strong>Α.</strong></span> <span class='ocrx_word' id='word_1_760' title='bbox 447 5390 659 5444; x_wconf 85' lang='grc' dir='ltr'>Ούκοῦν</span> <span class='ocrx_word' id='word_1_761' title='bbox 697 5392 746 5445; x_wconf 83' lang='grc' dir='ltr'>εἰ</span> <span class='ocrx_word' id='word_1_762' title='bbox 789 5393 996 5462; x_wconf 79' lang='grc' dir='ltr'>λέγοιεν</span> <span class='ocrx_word' id='word_1_763' title='bbox 1024 5397 1072 5449; x_wconf 82' lang='grc' dir='ltr'>οξ</span> <span class='ocrx_word' id='word_1_764' title='bbox 1107 5397 1173 5450; x_wconf 77' lang='grc' dir='ltr'><strong>δι’</strong></span> <span class='ocrx_word' id='word_1_765' title='bbox 1211 5399 1482 5468; x_wconf 77' lang='grc' dir='ltr'>ἐναντίας,</span> <span class='ocrx_word' id='word_1_766' title='bbox 1517 5402 1717 5472; x_wconf 76' lang='grc' dir='ltr'>ἥκιστα</span> <span class='ocrx_word' id='word_1_767' title='bbox 1759 5404 1858 5473; x_wconf 84' lang='grc' dir='ltr'>μὲν</span> 
     </span>
    </p>
   </div>
   <div class='ocr_carea' id='block_1_100' title="bbox 265 5479 1855 5566">
    <p class='ocr_par' dir='ltr' id='par_1_100' title="bbox 265 5479 1855 5566">
     <span class='ocr_line' id='line_1_100' title="bbox 265 5479 1855 5566; baseline 0.011 -35"><span class='ocrx_word' id='word_1_768' title='bbox 265 5479 534 5535; x_wconf 78' lang='grc' dir='ltr'>Θεοτόκον</span> <span class='ocrx_word' id='word_1_769' title='bbox 557 5482 920 5553; x_wconf 77' lang='grc' dir='ltr'>ὀνομάζεσθαι</span> <span class='ocrx_word' id='word_1_770' title='bbox 949 5487 1061 5540; x_wconf 85' lang='grc' dir='ltr'>δεῖν</span> <span class='ocrx_word' id='word_1_771' title='bbox 1090 5488 1187 5560; x_wconf 79' lang='grc' dir='ltr'>τὴν</span> <span class='ocrx_word' id='word_1_772' title='bbox 1210 5491 1375 5558; x_wconf 87' lang='grc' dir='ltr'>ἁγίαν</span> <span class='ocrx_word' id='word_1_773' title='bbox 1405 5493 1699 5563; x_wconf 83' lang='grc' dir='ltr'>Παρθένον,</span> <span class='ocrx_word' id='word_1_774' title='bbox 1722 5496 1855 5566; x_wconf 86' lang='grc' dir='ltr'>Χρι-</span> 
     </span>
    </p>
   </div>
   <div class='ocr_carea' id='block_1_101' title="bbox 269 5573 1854 5653">
    <p class='ocr_par' dir='ltr' id='par_1_101' title="bbox 269 5573 1854 5653">
     <span class='ocr_line' id='line_1_101' title="bbox 269 5573 1854 5653; baseline 0.01 -29"><span class='ocrx_word' id='word_1_775' title='bbox 269 5573 526 5627; x_wconf 85' lang='grc' dir='ltr'>στοτόκον</span> <span class='ocrx_word' id='word_1_776' title='bbox 552 5575 608 5628; x_wconf 83' lang='grc' dir='ltr'><strong>δὲ</strong></span> <span class='ocrx_word' id='word_1_777' title='bbox 639 5575 860 5644; x_wconf 81' lang='grc' dir='ltr'>μᾶλλον,</span> <span class='ocrx_word' id='word_1_778' title='bbox 891 5577 1064 5648; x_wconf 82' lang='grc' dir='ltr'>δυσφη</span> <span class='ocrx_word' id='word_1_779' title='bbox 1075 5581 1267 5648; x_wconf 88' lang='grc' dir='ltr'>μοῦσιν</span> <span class='ocrx_word' id='word_1_780' title='bbox 1289 5583 1616 5653; x_wconf 77' lang='grc' dir='ltr'>ἀναφανδὸν,</span> <span class='ocrx_word' id='word_1_781' title='bbox 1640 5588 1733 5640; x_wconf 85' lang='lat' dir='ltr'><strong>xui</strong></span> <span class='ocrx_word' id='word_1_782' title='bbox 1760 5589 1854 5640; x_wconf 88' lang='grc' dir='ltr'><strong>τοῦ</strong></span> 
     </span>
    </p>
   </div>
   <div class='ocr_carea' id='block_1_102' title="bbox 267 5657 1853 5746">
    <p class='ocr_par' dir='ltr' id='par_1_102' title="bbox 267 5657 1853 5746">
     <span class='ocr_line' id='line_1_102' title="bbox 267 5657 1853 5746; baseline 0.01 -34"><span class='ocrx_word' id='word_1_783' title='bbox 267 5657 410 5716; x_wconf 72' lang='grc' dir='ltr'>εἶναι</span> <span class='ocrx_word' id='word_1_784' title='bbox 440 5663 576 5716; x_wconf 83' lang='grc' dir='ltr'>Θεὸν</span> <span class='ocrx_word' id='word_1_785' title='bbox 609 5665 702 5718; x_wconf 79' lang='lat' dir='ltr'><strong>xui.</strong></span> <span class='ocrx_word' id='word_1_786' title='bbox 731 5666 860 5720; x_wconf 79' lang='grc' dir='ltr'>Υἰὺν</span> <span class='ocrx_word' id='word_1_787' title='bbox 896 5666 1114 5738; x_wconf 81' lang='grc' dir='ltr'>ἀληθῶς</span> <span class='ocrx_word' id='word_1_788' title='bbox 1148 5671 1480 5726; x_wconf 78' lang='grc' dir='ltr'>ἀποσοϐοῦσι</span> <span class='ocrx_word' id='word_1_789' title='bbox 1503 5677 1756 5746; x_wconf 82' lang='grc' dir='ltr'>Χριστόν.</span> <span class='ocrx_word' id='word_1_790' title='bbox 1793 5679 1853 5730; x_wconf 85' lang='grc' dir='ltr'><strong>Εἰ</strong></span> 
     </span>
    </p>
   </div>
   <div class='ocr_carea' id='block_1_103' title="bbox 276 5750 1854 5832">
    <p class='ocr_par' dir='ltr' id='par_1_103' title="bbox 276 5750 1854 5832">
     <span class='ocr_line' id='line_1_103' title="bbox 276 5750 1854 5832; baseline 0.012 -27"><span class='ocrx_word' id='word_1_791' title='bbox 276 5753 384 5823; x_wconf 76' lang='grc' dir='ltr'>γὰρ</span> <span class='ocrx_word' id='word_1_792' title='bbox 425 5750 566 5808; x_wconf 79' lang='grc' dir='ltr'>εἶναι</span> <span class='ocrx_word' id='word_1_793' title='bbox 612 5758 928 5811; x_wconf 80' lang='grc' dir='ltr'>πιστεύουσι</span> <span class='ocrx_word' id='word_1_794' title='bbox 966 5760 1099 5813; x_wconf 75' lang='grc' dir='ltr'>Θεὸν</span> <span class='ocrx_word' id='word_1_795' title='bbox 1126 5762 1339 5832; x_wconf 79' lang='grc' dir='ltr'>ἀληθῶς</span> <span class='ocrx_word' id='word_1_796' title='bbox 1394 5767 1574 5832; x_wconf 68' lang='grc' dir='ltr'>αὐτὸν,</span> <span class='ocrx_word' id='word_1_797' title='bbox 1610 5770 1684 5832; x_wconf 82' lang='grc' dir='ltr'>ὡς</span> <span class='ocrx_word' id='word_1_798' title='bbox 1735 5771 1854 5823; x_wconf 67' lang='grc' dir='ltr'>καθ’</span> 
     </span>
    </p>
   </div>
   <div class='ocr_carea' id='block_1_104' title="bbox 346 5846 1244 5911">
    <p class='ocr_par' dir='ltr' id='par_1_104' title="bbox 346 5846 1244 5911">
     <span class='ocr_line' id='line_1_104' title="bbox 346 5846 1244 5911; baseline 0.011 -12"><span class='ocrx_word' id='word_1_799' title='bbox 346 5846 388 5878; x_wconf 59' lang='grc'>⁸⁸</span> <span class='ocrx_word' id='word_1_800' title='bbox 421 5847 437 5900; x_wconf 86' lang='grc' dir='ltr'><strong>Ι</strong></span> <span class='ocrx_word' id='word_1_801' title='bbox 477 5849 600 5904; x_wconf 85' lang='lat' dir='ltr'><strong>Cor.</strong></span> <span class='ocrx_word' id='word_1_802' title='bbox 643 5867 725 5911; x_wconf 74' lang='lat' dir='ltr'><strong>xv.</strong></span> <span class='ocrx_word' id='word_1_803' title='bbox 755 5851 842 5906; x_wconf 75' lang='lat'><strong>9.5.</strong></span> <span class='ocrx_word' id='word_1_804' title='bbox 924 5853 965 5884; x_wconf 66' lang='lat'><strong>“9</strong></span> <span class='ocrx_word' id='word_1_805' title='bbox 1003 5854 1130 5908; x_wconf 80' lang='lat' dir='ltr'><strong>ibid.</strong></span> <span class='ocrx_word' id='word_1_806' title='bbox 1168 5855 1244 5909; x_wconf 67' lang='lat' dir='ltr'><strong>ii).</strong></span> 
     </span>
    </p>
   </div>
   <div class='ocr_carea' id='block_1_105' title="bbox 1969 4659 3557 4729">
    <p class='ocr_par' dir='ltr' id='par_1_105' title="bbox 1969 4659 3557 4729">
     <span class='ocr_line' id='line_1_105' title="bbox 1969 4659 3557 4729; baseline -0.007 -6"><span class='ocrx_word' id='word_1_807' title='bbox 1969 4668 2249 4723; x_wconf 83' lang='lat' dir='ltr'><strong>uativitate</strong></span> <span class='ocrx_word' id='word_1_808' title='bbox 2284 4676 2483 4722; x_wconf 68' lang='lat' dir='ltr'><strong>nostra“:</strong></span> <span class='ocrx_word' id='word_1_809' title='bbox 2525 4665 2713 4729; x_wconf 89' lang='lat' dir='ltr'><strong>simili,</strong></span> <span class='ocrx_word' id='word_1_810' title='bbox 2748 4666 2960 4718; x_wconf 85' lang='lat' dir='ltr'><strong>tametsi</strong></span> <span class='ocrx_word' id='word_1_811' title='bbox 2987 4661 3378 4716; x_wconf 84' lang='lat' dir='ltr'><strong>admirabiliter</strong></span> <span class='ocrx_word' id='word_1_812' title='bbox 3415 4659 3557 4727; x_wconf 88' lang='lat' dir='ltr'><strong>quod</strong></span> 
     </span>
    </p>
   </div>
   <div class='ocr_carea' id='block_1_106' title="bbox 1969 4750 3557 4828">
    <p class='ocr_par' dir='ltr' id='par_1_106' title="bbox 1969 4750 3557 4828">
     <span class='ocr_line' id='line_1_106' title="bbox 1969 4750 3557 4828; baseline -0.006 -16"><span class='ocrx_word' id='word_1_813' title='bbox 1969 4760 2035 4812; x_wconf 90' lang='lat' dir='ltr'><strong>ad</strong></span> <span class='ocrx_word' id='word_1_814' title='bbox 2079 4759 2252 4828; x_wconf 90' lang='lat' dir='ltr'><strong>ipsum</strong></span> <span class='ocrx_word' id='word_1_815' title='bbox 2298 4759 2512 4811; x_wconf 86' lang='lat' dir='ltr'><strong>attinet.</strong></span> <span class='ocrx_word' id='word_1_816' title='bbox 2559 4755 2702 4809; x_wconf 89' lang='lat' dir='ltr'><strong>Deus</strong></span> <span class='ocrx_word' id='word_1_817' title='bbox 2744 4753 2890 4808; x_wconf 83' lang='lat' dir='ltr'><strong>enim</strong></span> <span class='ocrx_word' id='word_1_818' title='bbox 2944 4762 3086 4818; x_wconf 89' lang='lat' dir='ltr'><strong>erat,</strong></span> <span class='ocrx_word' id='word_1_819' title='bbox 3120 4752 3209 4819; x_wconf 89' lang='lat' dir='ltr'><strong>qui</strong></span> <span class='ocrx_word' id='word_1_820' title='bbox 3244 4750 3557 4804; x_wconf 82' lang='lat' dir='ltr'><strong>incarnatus</strong></span> 
     </span>
    </p>
   </div>
   <div class='ocr_carea' id='block_1_107' title="bbox 1969 4840 3558 4916">
    <p class='ocr_par' dir='ltr' id='par_1_107' title="bbox 1969 4840 3558 4916">
     <span class='ocr_line' id='line_1_107' title="bbox 1969 4840 3558 4916; baseline -0.009 -10"><span class='ocrx_word' id='word_1_821' title='bbox 1969 4859 2071 4906; x_wconf 80' lang='lat' dir='ltr'><strong>est.</strong></span> <span class='ocrx_word' id='word_1_822' title='bbox 2113 4849 2471 4904; x_wconf 81' lang='lat' dir='ltr'><strong>Proflteamur</strong></span> <span class='ocrx_word' id='word_1_823' title='bbox 2509 4848 2696 4916; x_wconf 87' lang='lat' dir='ltr'><strong>utique</strong></span> <span class='ocrx_word' id='word_1_824' title='bbox 2735 4844 3031 4896; x_wconf 82' lang='lat' dir='ltr'><strong>animatum</strong></span> <span class='ocrx_word' id='word_1_825' title='bbox 3063 4855 3184 4895; x_wconf 80' lang='lat' dir='ltr'><strong>esse</strong></span> <span class='ocrx_word' id='word_1_826' title='bbox 3218 4840 3558 4893; x_wconf 82' lang='lat' dir='ltr'><strong>intellectua-</strong></span> 
     </span>
    </p>
   </div>
   <div class='ocr_carea' id='block_1_108' title="bbox 1969 4932 3558 5010">
    <p class='ocr_par' dir='ltr' id='par_1_108' title="bbox 1969 4932 3558 5010">
     <span class='ocr_line' id='line_1_108' title="bbox 1969 4932 3558 5010; baseline -0.008 -14"><span class='ocrx_word' id='word_1_827' title='bbox 1969 4943 2094 4996; x_wconf 87' lang='lat' dir='ltr'><strong>litcr</strong></span> <span class='ocrx_word' id='word_1_828' title='bbox 2117 4957 2317 5010; x_wconf 84' lang='lat' dir='ltr'><strong>corpus</strong></span> <span class='ocrx_word' id='word_1_829' title='bbox 2361 4941 2460 5008; x_wconf 89' lang='lat' dir='ltr'><strong>ipsi</strong></span> <span class='ocrx_word' id='word_1_830' title='bbox 2507 4939 2740 4992; x_wconf 88' lang='lat' dir='ltr'><strong>unitutn.</strong></span> <span class='ocrx_word' id='word_1_831' title='bbox 2790 4934 2976 5004; x_wconf 81' lang='lat' dir='ltr'><strong>Neque</strong></span> <span class='ocrx_word' id='word_1_832' title='bbox 3005 4933 3149 4988; x_wconf 87' lang='lat' dir='ltr'><strong>enim</strong></span> <span class='ocrx_word' id='word_1_833' title='bbox 3180 4932 3558 5002; x_wconf 66' lang='lat' dir='ltr'><strong>praestantiore</strong></span> 
     </span>
    </p>
   </div>
   <div class='ocr_carea' id='block_1_109' title="bbox 1965 5023 3551 5103">
    <p class='ocr_par' dir='ltr' id='par_1_109' title="bbox 1965 5023 3551 5103">
     <span class='ocr_line' id='line_1_109' title="bbox 1965 5023 3551 5103; baseline -0.009 -13"><span class='ocrx_word' id='word_1_834' title='bbox 1965 5035 2141 5089; x_wconf 84' lang='lat' dir='ltr'><strong>nostri</strong></span> <span class='ocrx_word' id='word_1_835' title='bbox 2175 5044 2350 5103; x_wconf 86' lang='lat' dir='ltr'><strong>parte,</strong></span> <span class='ocrx_word' id='word_1_836' title='bbox 2388 5032 2490 5087; x_wconf 87' lang='lat' dir='ltr'><strong>hoc</strong></span> <span class='ocrx_word' id='word_1_837' title='bbox 2513 5038 2617 5096; x_wconf 88' lang='lat' dir='ltr'><strong>est,</strong></span> <span class='ocrx_word' id='word_1_838' title='bbox 2652 5029 2831 5084; x_wconf 87' lang='lat' dir='ltr'><strong>anima</strong></span> <span class='ocrx_word' id='word_1_839' title='bbox 2857 5025 3124 5098; x_wconf 80' lang='lat' dir='ltr'><strong>neglecta,</strong></span> <span class='ocrx_word' id='word_1_840' title='bbox 3151 5024 3321 5079; x_wconf 88' lang='lat' dir='ltr'><strong>solius</strong></span> <span class='ocrx_word' id='word_1_841' title='bbox 3352 5023 3551 5077; x_wconf 88' lang='lat' dir='ltr'><strong>terreni</strong></span> 
     </span>
    </p>
   </div>
   <div class='ocr_carea' id='block_1_110' title="bbox 1967 5118 3553 5195">
    <p class='ocr_par' dir='ltr' id='par_1_110' title="bbox 1967 5118 3553 5195">
     <span class='ocr_line' id='line_1_110' title="bbox 1967 5118 3553 5195; baseline -0.01 -13"><span class='ocrx_word' id='word_1_842' title='bbox 1967 5127 2216 5195; x_wconf 85' lang='lat' dir='ltr'><strong>corporis</strong></span> <span class='ocrx_word' id='word_1_843' title='bbox 2249 5140 2378 5179; x_wconf 90' lang='lat' dir='ltr'><strong>cura</strong></span> <span class='ocrx_word' id='word_1_844' title='bbox 2419 5124 2606 5178; x_wconf 85' lang='lat' dir='ltr'><strong>habita</strong></span> <span class='ocrx_word' id='word_1_845' title='bbox 2643 5131 2744 5188; x_wconf 89' lang='lat' dir='ltr'><strong>est,</strong></span> <span class='ocrx_word' id='word_1_846' title='bbox 2786 5121 2880 5176; x_wconf 90' lang='lat' dir='ltr'><strong>sed</strong></span> <span class='ocrx_word' id='word_1_847' title='bbox 2910 5120 3070 5174; x_wconf 82' lang='lat' dir='ltr'><strong>simul</strong></span> <span class='ocrx_word' id='word_1_848' title='bbox 3099 5118 3295 5171; x_wconf 81' lang='lat' dir='ltr'><strong>animae</strong></span> <span class='ocrx_word' id='word_1_849' title='bbox 3333 5124 3389 5170; x_wconf 86' lang='lat' dir='ltr'><strong>et</strong></span> <span class='ocrx_word' id='word_1_850' title='bbox 3427 5129 3553 5169; x_wconf 89' lang='lat' dir='ltr'><strong>eor-</strong></span> 
     </span>
    </p>
   </div>
   <div class='ocr_carea' id='block_1_111' title="bbox 1965 5208 3444 5290">
    <p class='ocr_par' dir='ltr' id='par_1_111' title="bbox 1965 5208 3444 5290">
     <span class='ocr_line' id='line_1_111' title="bbox 1965 5208 3444 5290; baseline -0.009 -18"><span class='ocrx_word' id='word_1_851' title='bbox 1965 5220 2084 5290; x_wconf 90' lang='lat' dir='ltr'><strong>pori</strong></span> <span class='ocrx_word' id='word_1_852' title='bbox 2119 5217 2393 5287; x_wconf 87' lang='lat' dir='ltr'><strong>sapienter</strong></span> <span class='ocrx_word' id='word_1_853' title='bbox 2414 5215 2694 5285; x_wconf 78' lang='lat' dir='ltr'><strong>prospexit</strong></span> <span class='ocrx_word' id='word_1_854' title='bbox 2723 5213 2865 5268; x_wconf 90' lang='lat' dir='ltr'><strong>Deus</strong></span> <span class='ocrx_word' id='word_1_855' title='bbox 2890 5211 3159 5267; x_wconf 79' lang='lat' dir='ltr'><strong>exsistens</strong></span> <span class='ocrx_word' id='word_1_856' title='bbox 3187 5208 3444 5264; x_wconf 77' lang='lat' dir='ltr'><strong>Verbum.</strong></span> 
     </span>
    </p>
   </div>
   <div class='ocr_carea' id='block_1_112' title="bbox 2036 5305 3044 5368">
    <p class='ocr_par' dir='ltr' id='par_1_112' title="bbox 2036 5305 3044 5368">
     <span class='ocr_line' id='line_1_112' title="bbox 2036 5305 3044 5368; baseline -0.009 -3"><span class='ocrx_word' id='word_1_857' title='bbox 2036 5313 2095 5365; x_wconf 89' lang='grc' dir='ltr'><strong>Β.</strong></span> <span class='ocrx_word' id='word_1_858' title='bbox 2136 5311 2421 5368; x_wconf 77' lang='lat' dir='ltr'><strong>Assentior</strong></span> <span class='ocrx_word' id='word_1_859' title='bbox 2450 5327 2463 5362; x_wconf 91' lang='lat'><strong>:</strong></span> <span class='ocrx_word' id='word_1_860' title='bbox 2501 5317 2649 5362; x_wconf 86' lang='lat' dir='ltr'><strong>recte</strong></span> <span class='ocrx_word' id='word_1_861' title='bbox 2670 5305 2815 5360; x_wconf 87' lang='lat' dir='ltr'><strong>enim</strong></span> <span class='ocrx_word' id='word_1_862' title='bbox 2851 5305 3044 5359; x_wconf 78' lang='lat' dir='ltr'><strong>sentis.</strong></span> 
     </span>
    </p>
   </div>
   <div class='ocr_carea' id='block_1_113' title="bbox 2036 5389 3552 5458">
    <p class='ocr_par' dir='ltr' id='par_1_113' title="bbox 2036 5389 3552 5458">
     <span class='ocr_line' id='line_1_113' title="bbox 2036 5389 3552 5458; baseline -0.009 -2"><span class='ocrx_word' id='word_1_863' title='bbox 2036 5403 2103 5456; x_wconf 83' lang='lat' dir='ltr'><strong>A.</strong></span> <span class='ocrx_word' id='word_1_864' title='bbox 2137 5401 2376 5457; x_wconf 79' lang='lat' dir='ltr'><strong>Proinde</strong></span> <span class='ocrx_word' id='word_1_865' title='bbox 2395 5401 2441 5455; x_wconf 89' lang='lat' dir='ltr'><strong>si</strong></span> <span class='ocrx_word' id='word_1_866' title='bbox 2465 5400 2647 5453; x_wconf 84' lang='lat' dir='ltr'><strong>dicant</strong></span> <span class='ocrx_word' id='word_1_867' title='bbox 2665 5395 2986 5456; x_wconf 80' lang='lat' dir='ltr'><strong>adversarii,</strong></span> <span class='ocrx_word' id='word_1_868' title='bbox 3006 5401 3253 5448; x_wconf 87' lang='lat' dir='ltr'><strong>sanetam</strong></span> <span class='ocrx_word' id='word_1_869' title='bbox 3278 5389 3552 5458; x_wconf 71' lang='lat' dir='ltr'><strong>Virginem</strong></span> 
     </span>
    </p>
   </div>
   <div class='ocr_carea' id='block_1_114' title="bbox 1966 5481 3555 5559">
    <p class='ocr_par' dir='ltr' id='par_1_114' title="bbox 1966 5481 3555 5559">
     <span class='ocr_line' id='line_1_114' title="bbox 1966 5481 3555 5559; baseline -0.008 -13"><span class='ocrx_word' id='word_1_870' title='bbox 1966 5493 2108 5548; x_wconf 88' lang='lat' dir='ltr'><strong>nulla</strong></span> <span class='ocrx_word' id='word_1_871' title='bbox 2157 5492 2369 5546; x_wconf 85' lang='lat' dir='ltr'><strong>ratione</strong></span> <span class='ocrx_word' id='word_1_872' title='bbox 2418 5490 2704 5559; x_wconf 86' lang='lat' dir='ltr'><strong>Deiparam</strong></span> <span class='ocrx_word' id='word_1_873' title='bbox 2731 5485 2988 5556; x_wconf 84' lang='lat' dir='ltr'><strong>appellari</strong></span> <span class='ocrx_word' id='word_1_874' title='bbox 3017 5484 3236 5546; x_wconf 90' lang='lat' dir='ltr'><strong>debere,</strong></span> <span class='ocrx_word' id='word_1_875' title='bbox 3257 5481 3352 5536; x_wconf 88' lang='lat' dir='ltr'><strong>sed</strong></span> <span class='ocrx_word' id='word_1_876' title='bbox 3379 5482 3555 5550; x_wconf 86' lang='lat' dir='ltr'><strong>potius</strong></span> 
     </span>
    </p>
   </div>
   <div class='ocr_carea' id='block_1_115' title="bbox 1966 5573 3552 5655">
    <p class='ocr_par' dir='ltr' id='par_1_115' title="bbox 1966 5573 3552 5655">
     <span class='ocr_line' id='line_1_115' title="bbox 1966 5573 3552 5655; baseline -0.01 -15"><span class='ocrx_word' id='word_1_877' title='bbox 1966 5586 2386 5655; x_wconf 78' lang='lat' dir='ltr'><strong>Christiparam,</strong></span> <span class='ocrx_word' id='word_1_878' title='bbox 2421 5583 2708 5638; x_wconf 82' lang='lat' dir='ltr'><strong>manifeste</strong></span> <span class='ocrx_word' id='word_1_879' title='bbox 2756 5577 3156 5646; x_wconf 80' lang='lat' dir='ltr'><strong>blasphemaut,</strong></span> <span class='ocrx_word' id='word_1_880' title='bbox 3189 5584 3243 5629; x_wconf 81' lang='lat' dir='ltr'><strong>et</strong></span> <span class='ocrx_word' id='word_1_881' title='bbox 3274 5573 3552 5628; x_wconf 85' lang='lat' dir='ltr'><strong>Christum</strong></span> 
     </span>
    </p>
   </div>
   <div class='ocr_carea' id='block_1_116' title="bbox 1968 5667 3549 5739">
    <p class='ocr_par' dir='ltr' id='par_1_116' title="bbox 1968 5667 3549 5739">
     <span class='ocr_line' id='line_1_116' title="bbox 1968 5667 3549 5739; baseline -0.011 -6"><span class='ocrx_word' id='word_1_882' title='bbox 1968 5680 2133 5734; x_wconf 81' lang='lat' dir='ltr'><strong>Deum</strong></span> <span class='ocrx_word' id='word_1_883' title='bbox 2181 5693 2244 5732; x_wconf 89' lang='lat' dir='ltr'><strong>ac</strong></span> <span class='ocrx_word' id='word_1_884' title='bbox 2291 5693 2413 5732; x_wconf 67' lang='lat' dir='ltr'><strong>vere</strong></span> <span class='ocrx_word' id='word_1_885' title='bbox 2461 5675 2656 5730; x_wconf 86' lang='lat' dir='ltr'><strong>Filium</strong></span> <span class='ocrx_word' id='word_1_886' title='bbox 2691 5688 2811 5727; x_wconf 87' lang='lat' dir='ltr'><strong>esse</strong></span> <span class='ocrx_word' id='word_1_887' title='bbox 2843 5678 3062 5739; x_wconf 76' lang='lat' dir='ltr'><strong>negant.</strong></span> <span class='ocrx_word' id='word_1_888' title='bbox 3095 5667 3227 5721; x_wconf 82' lang='lat' dir='ltr'><strong>Nam</strong></span> <span class='ocrx_word' id='word_1_889' title='bbox 3269 5667 3313 5721; x_wconf 85' lang='lat' dir='ltr'><strong>si</strong></span> <span class='ocrx_word' id='word_1_890' title='bbox 3370 5667 3549 5733; x_wconf 84' lang='lat' dir='ltr'><strong>ipsum</strong></span> 
     </span>
    </p>
   </div>
   <div class='ocr_carea' id='block_1_117' title="bbox 1969 5751 3548 5830">
    <p class='ocr_par' dir='ltr' id='par_1_117' title="bbox 1969 5751 3548 5830">
     <span class='ocr_line' id='line_1_117' title="bbox 1969 5751 3548 5830; baseline -0.011 -7"><span class='ocrx_word' id='word_1_891' title='bbox 1969 5786 2153 5824; x_wconf 70' lang='lat' dir='ltr'><strong>revera</strong></span> <span class='ocrx_word' id='word_1_892' title='bbox 2221 5769 2386 5824; x_wconf 83' lang='lat' dir='ltr'><strong>Deum</strong></span> <span class='ocrx_word' id='word_1_893' title='bbox 2453 5781 2572 5821; x_wconf 87' lang='lat' dir='ltr'><strong>esse</strong></span> <span class='ocrx_word' id='word_1_894' title='bbox 2622 5764 2868 5827; x_wconf 86' lang='lat' dir='ltr'><strong>credunt,</strong></span> <span class='ocrx_word' id='word_1_895' title='bbox 2933 5769 3114 5830; x_wconf 83' lang='lat' dir='ltr'><strong>utpote</strong></span> <span class='ocrx_word' id='word_1_896' title='bbox 3167 5759 3338 5816; x_wconf 80' lang='lat' dir='ltr'><strong>nostri</strong></span> <span class='ocrx_word' id='word_1_897' title='bbox 3383 5751 3548 5810; x_wconf 85' lang='lat' dir='ltr'><strong>simili</strong></span> 
     </span>
    </p>
   </div>
  </div>
