4050 6412
524 389 660 446 1275

1545 390 1604 445 S.
1641 388 1918 445 CYRlLLl
1957 386 2428 444 ALEXANDRINI
2465 390 2786 446 ARCHlEP.

3651 394 3792 449 1276

523 503 664 556 iacto
698 500 1007 571 Unigenito,
1039 517 1138 559 cur
1161 504 1330 574 ipsius
1364 503 1679 573 genitricem
1703 503 1990 574 Deiparatn
2013 519 2098 575 θρα

2210 503 2362 572 ημᾶς
2385 502 2673 571 γεγονότος
2713 501 2809 556 τοῦ
2843 503 3204 571 Μονογενοῦς,
3239 501 3359 559 ἄνθ’
3385 507 3508 561 ὅτου
3542 523 3793 562 καταπε-

523 594 722 664 pellere
767 605 1043 662 verentur,
1088 594 1386 651 secundum
1415 610 1634 651 carnem
1670 596 1931 665 inquam?

590 767 654 825 Β.
694 769 808 826 lmo
856 770 1059 826 aiunt:
1096 770 1347 826 convenit
1398 771 1542 826 enim
1601 771 1854 841 privatim
1909 785 2103 826 nomen

521 862 720 920 Christi
754 864 804 920 ei
829 865 920 933 qui
944 872 1029 919 est
1057 877 1122 917 ex
1165 863 1391 918 muliere
1432 872 1487 916 et
1519 863 1729 917 semine
1760 862 1951 927 David,
1983 864 2106 917 ideo

521 956 662 1027 quod
696 956 771 1012 sit
803 967 999 1013 unctus
1029 956 1234 1023 Spiritu
1267 966 1482 1011 sancto.
1507 956 1578 1009 At
1607 954 1841 1010 Verbum
1868 971 1935 1011 ex
1972 957 2101 1021 Deo,

522 1057 779 1119 quantum
803 1049 870 1104 ad
902 1050 1175 1119 propriam
1201 1064 1354 1103 suam
1380 1057 1628 1103 naturam
1651 1048 1867 1112 attinet,
1897 1063 2104 1118 nequa-

521 1155 680 1209 quam
728 1140 1057 1210 ejuscemodi
1093 1139 1264 1209 gratia
1302 1139 1525 1210 indiget,
1574 1139 1839 1209 siquidem
1884 1154 1949 1195 ex
2003 1154 2103 1195 sua

520 1241 711 1285 natura
741 1239 990 1286 sanctum
1024 1240 1127 1284 est.
1156 1227 1347 1284 Nonne
1373 1230 1517 1285 enim
1547 1245 1744 1285 nomen
1775 1230 1976 1286 Christi
2001 1247 2105 1285 utt-

519 1320 752 1375 ctionem
791 1320 1028 1390 aliquam
1056 1318 1256 1374 factam
1292 1320 1605 1389 significat?

585 1412 654 1465 A.
700 1411 864 1466 Recte
901 1411 1119 1480 quidem
1159 1411 1349 1466 dicis‘:
1382 1410 1636 1465 nimirum
1672 1415 1814 1482 quod
1845 1413 1968 1483 quia
2005 1429 2106 1467 un-

519 1511 637 1557 ctus
677 1511 760 1556 est
795 1501 1130 1558 solummodo
1184 1501 1435 1557 Christus
1463 1512 1717 1569 vocatur;
1752 1509 2104 1573 quemadmo-

522 1591 645 1646 dum
686 1600 742 1646 et
771 1592 1068 1661 apostolus,
1104 1602 1326 1662 propter
1364 1592 1462 1662 τὴν
1507 1594 1835 1664 ἀποστολήν,
1863 1598 1966 1652 hoc
1997 1606 2100 1665 est,

522 1684 871 1753 legationem,
902 1684 1125 1755 angelus
1152 1684 1240 1739 διὰ
1279 1685 1339 1740 τὸ
1360 1685 1666 1763 ἀγγέλλειν,
1713 1698 1933 1758 propter
1969 1706 2105 1745 nun-

522 1776 797 1831 tiationem
845 1795 858 1830 :
914 1792 1035 1831 nam
1090 1776 1247 1846 huius
1298 1781 1516 1849 generis
1553 1781 1771 1835 nomina
1818 1782 2101 1837 actionum

2210 591 2436 662 φρίκασι
2464 592 2725 646 Θεοτόκον
2756 594 2931 645 εἰπεῖν
2971 594 3070 663 τὴν
3102 593 3370 649 τεκοῦσαν
3410 595 3597 660 αὐτὸν,
3644 596 3822 650 κατά·

2206 700 2293 752 γε,
2325 684 2467 754 φημὶ
2498 684 2599 754 τὴν
2627 685 2843 755 σάρκας

2276 777 2338 832 B.
2379 777 2507 841 Ναὶ,
2539 776 2741 844 φασίν·
2770 776 2917 830 ἔοικε
2958 777 3068 848 γὰρ
3099 778 3417 849 καταμόνας
3459 776 3537 846 τῷ
3585 779 3650 831 ὲκ
3691 770 3819 848 γυ-’

2206 866 2391 930 ναικὸς
2440 869 2535 922 καὶ
2577 870 2642 921 ὲκ
2694 869 3014 939 σπέρματος
3058 869 3154 923 τοῦ
3200 868 3388 932 Δαϐὶδ,
3424 868 3487 921 τὸ
3529 870 3785 936 Χριστὸς

2205 958 2399 1028 ὄνομα,
2420 958 2509 1013 διὰ
2532 958 2596 1012 τὸ
2629 958 2915 1029 κεχρῖσθαι
2945 959 3025 1029 τῷ
3057 960 3197 1030 ἁγίῳ
3221 959 3500 1030 Πνεύματι
3518 975 3533 985 ’
3563 958 3792 1029 δεηθείη

2205 1049 2250 1103 δ’
2286 1049 2354 1103 ἂν
2384 1049 2665 1119 οὐδαμῶς,
2690 1050 2750 1104 τό
2785 1066 2848 1118 γε
2879 1046 3016 1123 ἧκον
3047 1052 3129 1114 εἰς
3163 1050 3300 1104 ῑδίαν
3335 1050 3518 1119 φύσιν,
3548 1052 3616 1104 ἐκ
3647 1049 3791 1102 Θεοῦ

2206 1139 2380 1208 Λόγος
2420 1140 2515 1194 τοῦ
2559 1141 2769 1194 τοιοῦδε
2810 1143 3189 1214 χαρίσματος,
3235 1141 3394 1212 εἴπερ
3434 1143 3583 1196 ἐστὶν
3629 1142 3792 1210 ἅγιος

2207 1233 2349 1286 κατὰ
2395 1231 2576 1301 φύσιν.
2600 1228 2678 1285 Ἦ
2710 1218 2817 1304 γὰρ
2853 1234 2977 1304 οὐχὶ
3007 1235 3068 1287 τὸ
3094 1232 3348 1302 Χριστὸς
3389 1232 3560 1303 ὄνομα
3596 1232 3789 1303 κρίσιν

2206 1323 2328 1378 τινὰ
2359 1325 2659 1395 γενομένην
2690 1326 3063 1395 ύπεμφήνειεν
3087 1326 3189 1392 άν;

2276 1417 2340 1468 Α.
2384 1416 2559 1485 Ἔφης
2594 1417 2695 1487 μὲν
2735 1416 2934 1486 ὀρθῶς,
2955 1416 3029 1480 ὡς
3057 1416 3147 1470 διά
3168 1434 3251 1471 τοι
3288 1416 3349 1469 τὸ
3375 1414 3660 1486 κεχρίσθαι
3688 1417 3790 1486 μόο

2206 1524 2295 1561 νον
2326 1508 2560 1577 Χριστὸς
2605 1509 2950 1580 ὀνομάζεται,
2995 1510 3249 1579 καθάπερ
3286 1509 3480 1580 ἀμέλει
3512 1508 3607 1561 καὶ⁵
3650 1508 3787 1562 ἁπό-

2207 1600 2391 1664 στολος
2407 1601 2497 1654 διὰ
2523 1602 2621 1671 τὴν
2647 1602 2973 1674 ἀποστολὴν,
3000 1602 3231 1670 ἄγγελός
3268 1618 3329 1654 τε
3369 1600 3457 1655 διὰ
3488 1600 3550 1654 τὸ
3587 1598 3791 1667 ἀγγέλ-

2205 1690 2336 1745 λειν.
2362 1692 2443 1744 Τὰ
2468 1692 2577 1763 γὰρ
2606 1694 2784 1747 τοιάδε
2808 1693 2917 1747 τῶν
2937 1694 3239 1763 ὀνομάτων,
3258 1692 3599 1763 πραγμάτων
3622 1690 3791 1743 τινῶν

2207 1783 2441 1835 ποιεῖται
2469 1782 2724 1853 δήλωσιν,
2753 1782 2855 1853 οὐχ
2894 1783 3247 1837 ύποστάσεων
3285 1781 3489 1846 ιδικῶν,
3521 1780 3643 1833 οὔτε
3677 1780 3792 1851 μὴν

521 1867 874 1934 quarumdam
903 1848 1319 1937 explicationem
1349 1869 1600 1935 innuunt,
1632 1885 1737 1925 non
1770 1886 1901 1927 vero
1934 1886 2098 1941 pecu-

2206 1848 3020 1944 ﬁpOthﬁwV'DFOIOYOUiLéVOJV.
3078 1873 3387 1944 Κέκληνται
3433 1873 3540 1943 γὰρ
3594 1848 3691 1926 και
3732 1848 3791 1926 οἱ

521 1958 683 2013 liares
715 1960 1047 2016 substantias
1087 1961 1202 2015 sive
1248 1975 1513 2030 personas
1560 1963 1843 2019 evidentes
1895 1966 2101 2035 signiﬁ-

517 2059 660 2107 cant.
690 2049 878 2107 Vocati
907 2053 1052 2108 enim
1084 2061 1210 2108 sunt
1237 2054 1511 2122 prophetae
1544 2056 1757 2119 christi,
1789 2057 1945 2126 juxta
1971 2058 2100 2113 illud

517 2143 570 2205 in
592 2141 819 2197 Psalmis
841 2153 1115 2199 cantatum
1143 2165 1157 2200 :
1189 2164 1209 2198 ι
1232 2145 1409 2202 Nolite
1433 2156 1652 2216 tangere
1673 2148 1905 2204 cbristos
1928 2164 2097 2215 meos,

516 2245 571 2288 et
600 2235 652 2288 in
689 2235 969 2304 prophetis
1010 2236 1144 2291 meis
1175 2236 1347 2291 nolite
1384 2238 1668 2309 malignari
1707 2240 1772 2294 ⁷⁸.
1815 2258 1835 2292 ι
1872 2240 2010 2307 Quin
2047 2252 2101 2297 et

518 2323 781 2392 pmpbeta
812 2322 1066 2380 Habacuc
1098 2325 1171 2380 ita
1203 2327 1279 2380 ait
1306 2346 1320 2383 :
1356 2346 1374 2379 ι
1403 2327 1670 2397 Egressus
1696 2343 1754 2384 es
1784 2330 1837 2384 in
1871 2330 2098 2387 salutem

412 2486 419 2491 .
517 2415 697 2483 populi
737 2416 833 2481 tui,
862 2417 1072 2472 salvare
1107 2419 1342 2474 christos
1368 2430 1487 2476 tuos
1510 2421 1577 2475 ⁷¹.
1612 2440 1629 2473 ι
1658 2421 1928 2477 Caeterum
1965 2424 2099 2478 illud

514 2506 676 2562 etiam
706 2505 889 2563 dicito.
927 2507 1058 2562 Nam
1092 2518 1147 2564 et
1172 2510 1274 2580 ipsi
1308 2514 1641 2568 contendunt
1677 2514 1956 2571 Christum
1993 2532 2100 2572 non

513 2612 633 2654 esse
660 2613 849 2664 unum,
886 2608 940 2653 et
965 2598 1186 2666 Filium,
1221 2612 1481 2671 tanquam
1506 2604 1793 2660 Dominum
1824 2607 2099 2665 hominem

513 2686 716 2742 factum
750 2699 913 2761 atque
944 2691 1287 2748 incarnatum
1323 2696 1657 2763 unigenitum
1706 2697 1799 2753 Dei
1838 2699 2095 2755 Verbum.

586 2782 647 2837 Β.
690 2782 1082 2839 Contenderint
1127 2784 1374 2841 fortasse.
1428 2787 1623 2842 Volunt
1667 2789 1853 2859 utique
1900 2806 2096 2845 nomen

515 2875 638 2941 hoc,
672 2875 944 2944 Christus,
983 2893 1086 2932 non
1120 2879 1189 2932 ita
1215 2880 1508 2935 convenire
1540 2879 1719 2935 Verbo
1747 2897 1812 2936 ex
1848 2882 1957 2939 Deo
1991 2883 2098 2937 Pa-

516 2977 595 3022 tre
626 2967 811 3039 genito
846 2985 860 3021 :
897 2968 1041 3037 quod
1093 2969 1348 3023 nimirum
1392 2986 1498 3025 non
1530 2972 1601 3025 sit
1635 2981 1854 3027 unctum
1899 2988 2098 3029 secun-

510 3058 637 3114 dutn
670 3060 943 3130 propriam
973 3076 1127 3117 suam
1177 3071 1450 3129 naturam,
1488 3072 1672 3130 utpote
1706 3064 1871 3121 Deus.
1905 3066 2012 3121 Sed
2044 3075 2098 3121 et

2204 1965 2481 2035 προφῆται
2508 1966 2740 2036 χριστοὶ,
2773 1965 2913 2018 κατὰ
2938 1964 3001 2018 τὸ
3030 1967 3088 2018 ὲν
3120 1965 3374 2035 Ψαλμοῖς
3403 1965 3745 2035 ὑμνούμενον
3771 1981 3787 1993 °

2209 2072 2227 2105 ι
2262 2054 2354 2123 Μὴ
2383 2055 2619 2109 ἅπτεσθε
2663 2057 2772 2110 τῶν
2818 2055 3053 2127 χριστῶν
3105 2073 3231 2126 μου,
3278 2055 3372 2108 καὶ
3410 2057 3468 2108 ὲν
3499 2057 3611 2118 τοῖς
3651 2072 3794 2124 προ-

2203 2150 2402 2218 φήταις
2428 2165 2530 2216 μου
2556 2149 2633 2217 μὴ
2667 2147 3056 2218 πονηρεύεσθε.
3090 2166 3108 2199 ι
3140 2147 3283 2219 Ἔφη
3312 2147 3370 2200 δὲ
3400 2148 3538 2201 καὶό
3572 2151 3795 2219 προφή-

2201 2256 2301 2309 της
2340 2238 2654 2310 ’Λϐϐακούμ
2681 2256 2694 2268 ·
2735 2258 2754 2291 ι
2795 2237 3048 2309 Ἐξῆλθες
3094 2239 3174 2301 εἰς
3218 2237 3495 2309 σωτηρίαν.
3517 2238 3649 2291 λαοῦ
3685 2255 3789 2292 σου

2201 2332 2294 2386 τοῦ
2331 2332 2503 2387 σῶσαι
2544 2334 2673 2396 τοὺς
2714 2332 2977 2404 χριστούς
3020 2350 3136 2387 σου.
3174 2350 3192 2383 ι
3231 2330 3379 2402 Πλὴν
3432 2333 3612 2385 ἐκεῖνο
3643 2332 3792 2402 φρά-

2204 2439 2327 2476 σον·
2362 2423 2423 2476 οὐ
2461 2423 2571 2493 γὰρ
2600 2421 2738 2476 εἷναί
2773 2441 2908 2492 φασι
2954 2423 3050 2477 καὶ
3084 2424 3240 2478 αὐτοὶ
3280 2423 3516 2493 Χριστὸν
3561 2422 3656 2476 ἕνα
3689 2424 3792 2477 καὶ

2203 2515 2351 2579 Υίόν,
2377 2514 2452 2578 ὡς
2483 2514 2687 2585 Κύριον
2721 2515 3219 2585 ὲνανθρωπήσαντα
3246 2514 3341 2567 καὶ
3363 2514 3789 2584 σεσαρκωμένον

2201 2605 2291 2660 τὸν
2318 2606 2600 2676 Μονογενῆ
2633 2604 2727 2659 τοῦ
2749 2604 2885 2658 Θεοῦ
2922 2605 3111 2673 Λόγον.

2272 2786 2332 2839 Β.
2372 2786 2533 2839 Φαῖεν
2568 2784 2635 2838 ἂν
2684 2786 2850 2848 ίσως,
2899 2784 3136 2839 ἑοικέναι
3174 2802 3237 2854 γε
3286 2783 3423 2856 μὴν,
3458 2783 3578 2853 οὐχὶ
3608 2783 3787 2853 δήπου

2206 2875 2405 2946 μᾶλλον
2436 2875 2514 2945 τῷ
2543 2877 2606 2928 ὲκ
2632 2874 2768 2929 Θεοῦ
2798 2875 3012 2946 Πατρὸς
3054 2875 3212 2945 φύντι
3249 2875 3405 2945 Λόγῳ
3432 2873 3492 2927 τὸ
3525 2874 3739 2943 Χριστί
3749 2894 3787 2939 ς

2201 2968 2373 3038 ὄνομα
2408 2966 2709 3038 βούλονται,
2735 2967 2823 3020 διά
2852 2984 2934 3019 τοι
2969 2967 3028 3020 τὸ
3070 2966 3144 3037 μὴ
3172 2965 3459 3036 κεχρῖσθαι
3492 2966 3611 3018 κατ’
3648 2965 3791 3016 ἰδίαν

2203 3060 2365 3130 φύσιν
2415 3059 2493 3122 ὡς
2543 3060 2697 3114 Θεόν.
2751 3060 3170 3129 Προσεπὰγουσι
3217 3058 3273 3111 δὲ
3324 3058 3497 3129 τούτῳ
3540 3058 3786 3110 κάκεῖνο.

511 3150 638 3206 illud
672 3167 888 3223 quoque
932 3153 1195 3223 adjiciunt
1227 3176 1239 3210 :
1278 3154 1465 3223 Neque
1496 3156 1664 3219 enim,
1712 3158 1983 3226 inquiunt,
2014 3167 2097 3214 est

2204 3154 2275 3207 υύ
2311 3153 2420 3224 γάρ
2448 3169 2552 3219 τοι,
2594 3152 2777 3221 φασιν,
2813 3150 2888 3214 ὡς
2921 3152 2980 3203 ἓν
3010 3152 3126 3203 ἐστι
3163 3148 3273 3203 τῶν
3298 3149 3600 3220 ὀνομάτων,
3642 3148 3790 3217 ἅπερ

515 3256 681 3299 unum
708 3257 774 3298 ex
807 3243 874 3299 iis
900 3246 1208 3301 nominibus
1240 3261 1360 3315 qua:
1391 3247 1552 3318 727
1578 3264 1607 3301 a
1633 3248 1790 3303 nobis
1842 3250 1908 3304 tle
1939 3249 2098 3303 Patre

2204 3244 2267 3298 ἂν
2288 3245 2499 3322 λέγοιτο
2531 3243 2666 3313 πρὸς
2695 3244 2873 3313 ἡμῶν,
2923 3243 3019 3295 καὶ
3047 3240 3135 3327 ὲπξ
3170 3240 3335 3295 αὐτοῦ
3375 3240 3470 3294 τοῦ
3504 3240 3720 3310 [ἰατρὸς
3752 3239 3787 3310 ἢ

508 3346 566 3391 et
600 3335 805 3405 Spiritu
832 3347 1024 3393 sancto
1054 3340 1437 3407 praedicantur.

579 3428 644 3483 A.
688 3427 939 3483 Nondum
987 3431 1124 3486 satis
1171 3430 1456 3501 manifesta
1504 3440 1587 3486 est
1633 3434 1827 3489 oratio.
1878 3433 2099 3490 Declara

510 3521 717 3591 itaque.
754 3521 923 3578 Recte
952 3524 1099 3577 enim
1134 3522 1349 3578 feceris.
1488 3584 1495 3591 ,

578 3614 641 3674 Β.
684 3616 822 3670 Audi
859 3616 1043 3684 igitur.
1074 3615 1502 3686 Quatnpluritnm
1529 3627 1677 3682 sunt,
1709 3634 1896 3690 ea?th
1922 3623 2101 3676 diver-

505 3724 580 3764 sa:
601 3709 652 3764 in
679 3708 852 3765 sacris
879 3706 1102 3762 Litteris
1124 3706 1241 3761 Filii
1261 3707 1670 3778 appellationes.
1694 3708 1930 3765 Vocatur
1954 3715 2098 3767 enim

508 3799 648 3856 Deus
678 3810 733 3855 et
763 3798 1043 3864 Dominus,
1074 3807 1127 3854 et
1160 3800 1251 3853 lux
1286 3810 1340 3855 et
1377 3800 1506 3864 vita,
1536 3815 1745 3855 necnon
1780 3817 1871 3857 rex
1905 3813 1958 3858 et
1988 3805 2098 3857 vir-

510 3901 680 3946 tutum
718 3891 1000 3956 Dominus,
1050 3902 1275 3947 sanctus
1328 3903 1384 3947 et
1416 3893 1784 3961 omnipotens.
1831 3895 2097 3951 Cteteruut

505 3984 550 4038 si
586 3984 708 4053 quis
745 3984 858 4039 btec
899 3984 1013 4053 ipsa
1057 3983 1126 4038 de
1177 3982 1338 4039 Patre
1371 3985 1488 4039 sive
1537 3986 1606 4040 de
1655 3983 1860 4055 Spiritu
1910 4001 2098 4045 sancto

506 4075 904 4145 prtedicaverit,
939 4091 1275 4146 nequaquam
1293 4076 1580 4143 erraverit.
1615 4076 1782 4134 Unius
1808 4079 1953 4135 enim
1987 4096 2100 4133 na-

511 4180 665 4235 turae,
703 4184 807 4222 una
832 4169 998 4223 etiam
1036 4169 1200 4225 fuerit
1224 4171 1448 4225 omnino
1471 4181 1527 4225 et
1560 4171 1884 4241 dignitatum
1918 4175 2100 4229 excel-

508 4261 695 4316 lentia.
728 4260 786 4315 Si
813 4276 940 4331 ergo
971 4277 1167 4317 nomen
1199 4261 1399 4317 Christi
1431 4277 1557 4318 vere
1597 4266 1853 4321 convenit
1899 4265 2098 4337 Unige-

510 4351 643 4417 nito,
698 4353 970 4407 tribuatur
1015 4353 1205 4418 etiam,
1245 4354 1513 4424 inquiunt,
1569 4355 1941 4413 intliﬂerenter
1992 4374 2099 4413 una

506 4461 630 4502 cum
666 4444 790 4500 aliis
824 4444 1271 4514 appellationibus
1294 4458 1349 4501 et
1374 4446 1521 4501 Patri
1544 4457 1599 4501 et
1623 4447 1851 4519 Spiritui
1885 4460 2095 4504 sancto.

2202 3338 2295 3391 καὶ
2320 3336 2412 3390 τοῦ
2444 3335 2600 3404 ἁγίου
2627 3334 2967 3405 Πνεύματος.

2267 3434 2331 3483 Α.
2376 3428 2540 3481 Οὔπω
2569 3428 2714 3499 μάλα
2752 3428 2900 3480 ἐστὶν
2930 3426 3170 3497 ἐναργὴς
3220 3428 3248 3479 ὁ
3281 3425 3470 3495 λόγος·
3508 3424 3784 3494 Διασάερει

2200 3516 2323 3574 οὖν·
2354 3521 2574 3592 δράσεις
2606 3519 2714 3589 γὰρ
2751 3518 2947 3589 ὀρθῶς.
3222 3556 3229 3562 .

2272 3615 2331 3668 B.
2369 3614 2569 3665 ’Ἄκουε
2614 3612 2701 3683 δή.
2754 3611 3029 3680 Πλείστην
3071 3609 3173 3682 μὲν
3213 3610 3324 3680 γὰρ
3370 3609 3466 3663 καὶ
3513 3608 3786 3679 διαφόρως

2201 3703 2630 3774 ὲξενηνεγμένην
2657 3702 2756 3771 τὴν
2790 3700 2886 3754 τοῦ
2919 3700 3049 3754 Υἱοῦ
3087 3701 3303 3771 κλῆσιν,
3338 3702 3491 3773 παρὰ
3521 3703 3641 3763 ταῖς
3670 3700 3785 3753 θεο-

2203 3795 2496 3863 πνεύστοις
2543 3794 2791 3865 Γραφαῖς
2837 3791 3044 3845 ἔνεστιν
3101 3792 3251 3846 ἰδεῖν.
3297 3792 3620 3862 Ὠνόμασται
3676 3791 3788 3862 γὰρ

2199 3888 2334 3951 Θεὸς
2364 3888 2459 3942 καὶ
2495 3886 2723 3957 Κύριος,
2750 3885 2846 3939 καὶ
2878 3883 3016 3954 φῶς,
3048 3885 3143 3938 καὶ
3185 3882 3321 3956 ζωὴ,
3351 3885 3444 3938 καὶ
3473 3885 3660 3955 μέντοι
3693 3885 3786 3936 καὶ

2205 3981 2482 4052 βασιλεὺς,
2536 3979 2630 4032 καὶ
2678 3978 2789 4032 τῶν
2818 3978 3101 4049 δυνάμεων
3144 3979 3378 4049 Κύριος,
3410 3978 3565 4046 ἅγιός
3604 3994 3663 4030 τε
3694 3979 3786 4030 καὶ

2202 4073 2623 4144 παντοκράτωρ.
2673 4072 2815 4127 Ἀλλ’
2845 4074 2894 4126 εί
2942 4071 3185 4143 βούλοιτό
3224 4088 3311 4136 τις
3354 4071 3447 4126 καὶ
3496 4071 3584 4124 ἐπ’
3618 4071 3786 4124 αὑτοῦ

2202 4170 2367 4237 φάναι
2394 4168 2552 4221 ταυτὶ
2579 4165 2675 4219 τοῦ
2722 4165 2961 4236 Πατρὸς,
2988 4166 3158 4236 ἧγουν
3185 4161 3279 4218 τοῦ
3323 4164 3481 4232 ἁγίου
3528 4162 3784 4233 Πνεύμαο

2201 4280 2313 4327 τος,
2342 4262 2444 4315 οὐκ
2470 4260 2537 4315 ἂν
2576 4258 2816 4331 ἁμάρτοι
2852 4258 2948 4314 τοῦ
2984 4258 3319 4330 πρέποντος·
3372 4258 3502 4328 μιᾶς
3539 4255 3650 4326 γὰρ
3685 4256 3782 4323 φύε

2204 4370 2342 4416 σεως
2377 4353 2474 4423 μία
2494 4369 2596 4405 που
2618 4352 2839 4412 πάντως
2866 4349 3021 4403 ἔσται
3053 4350 3086 4419 ἠ
3119 4348 3230 4402 τῶν
3254 4347 3583 4417 ἀξιωμάτων
3616 4349 3784 4417 ὑπερ-

2202 4447 2324 4515 οχή.
2373 4445 2546 4513 Εἴπερ
2590 4440 2686 4496 οὖν
2736 4444 2886 4495 ἐστιν
2918 4440 3134 4511 ἀληθῶς
3164 4441 3343 4503 ἐοικὸς
3371 4440 3544 4509 ὄνομα
3570 4440 3648 4509 τῷ
3672 4442 3784 4494 Μο-

505 4539 639 4591 Cutn
690 4552 818 4592 vero
861 4538 1150 4591 absurdum
1208 4540 1558 4596 vehementer
1608 4541 1699 4605 sit,
1749 4541 1802 4595 id
1856 4541 2095 4595 nominis

2204 4535 2403 4602 νογενεῖ
2421 4534 2481 4586 τὸ
2500 4532 2776 4603 Χριστὸς,
2799 4533 3069 4603 χωρείτω,
3087 4531 3273 4599 φασιν,
3292 4530 3619 4600 ἀδιακρίτως
3645 4532 3788 4600 μετὰ

507 4627 651 4682 Patri
686 4636 739 4683 et
770 4627 992 4697 Spiritui
1024 4638 1212 4684 sancto
1255 4632 1549 4695 ascribere,
1600 4644 1776 4697 neque
1810 4629 1908 4697 ipsi
1950 4629 2089 4684 veri-

506 4721 758 4775 similiter
801 4718 1088 4791 Unigenito
1128 4722 1450 4787 conveniet;
1500 4719 1594 4774 sed
1641 4719 1819 4788 potius
1854 4733 1918 4773 ac
1964 4734 2091 4775 vere

506 4815 778 4871 tribuetur
803 4813 877 4869 illi
908 4815 998 4886 qui
1035 4825 1120 4871 est
1154 4830 1219 4870 ex
1249 4815 1460 4869 semine
1486 4811 1675 4878 David,
1708 4812 1776 4866 de
1811 4826 1918 4880 quo
1946 4823 2092 4869 recte

503 4915 558 4959 et
587 4906 799 4960 censeri
829 4915 884 4962 et
913 4907 1017 4961 dici
1050 4914 1228 4974 potest
1257 4904 1401 4974 quod
1431 4912 1628 4956 unctus
1654 4902 1727 4954 sit
1755 4902 1979 4971 Spiritu.

2196 4623 2307 4677 τῶν
2335 4623 2509 4678 ἄλλων
2546 4623 2639 4676 καὶ
2670 4621 2757 4674 ἐπ’
2788 4620 2954 4674 αὐτοῦ
2981 4620 3075 4674 τοῦ
3102 4620 3317 4690 Πατρὸς
3357 4620 3454 4673 καὶ
3497 4620 3591 4673 τοῦ
3627 4620 3784 4689 ἁγίου

2198 4718 2532 4788 Πνεύματος.
2587 4714 2901 4786 Ἐπειδὴδὲ
2948 4716 3094 4767 ἐστιν
3145 4713 3408 4767 ἀπίθανον
3459 4713 3682 4784 κομιδῇ,
3727 4714 3788 4766 τὸ

2198 4810 2532 4880 ἐφαρμόζειν
2566 4807 2700 4862 αὐτό
2733 4807 2810 4876 τῷ
2850 4806 3026 4877 Πατρὶ
3066 4805 3159 4858 καὶ
3186 4805 3265 4875 τῷ
3308 4806 3448 4876 ἁγίῳ
3480 4805 3784 4875 Πνεύματι,

2199 4902 2307 4957 οὐδ’
2336 4902 2402 4955 ἂν
2444 4899 2613 4971 αὐτῷ,
2652 4898 2795 4953 κατὰ
2831 4899 2891 4950 τὸ
2925 4897 3093 4965 εἰκὸς,
3121 4898 3278 4951 ἐσται
3322 4896 3401 4967 τῷ
3448 4897 3781 4963 Μονογενεῖ·

505 5002 866 5074 ἐκνενέμηται
894 5002 951 5056 δὲ
984 5001 1208 5072 μᾶλλον,
1243 5001 1318 5062 ὡς
1348 4996 1585 5066 άληθῶς,
1638 4998 1716 5067 τῷ
1780 4999 1845 5052 ὲκ
1891 5001 2208 5073 σπέρματος
2271 4998 2363 5052 τοῦ
2395 4997 2581 5059 Δαϐὶδ,
2620 4998 2707 5064 ἐφ’
2750 4988 2923 5067 οὗπερ
2995 4993 3063 5081 av
3111 4994 3199 5066 είη
3231 4992 3321 5046 καὶ
3369 4992 3785 5061 ἀνεπίπληκτον

503 5094 701 5165 κομιδῇ
746 5094 808 5148 τὺ
856 5092 1143 5165 κεχρίσθαι
1193 5090 1273 5161 τῷ
1324 5088 1604 5159 Πνεύματι
1649 5090 1743 5142 καὶ
1800 5093 1941 5145 νοεῖν
1994 5095 2087 5149 καὶ
2124 5094 2326 5163 λέγειν.

576 5187 641 5242 Α.
684 5185 1004 5242 Communia
1058 5184 1277 5253 quidem
1327 5198 1449 5239 esse
1498 5183 1731 5239 dicimus
1784 5188 1942 5242 etiam
1997 5204 2095 5243 nos

503 5277 650 5334 Patri
681 5286 736 5332 et
766 5277 901 5331 Filio
941 5286 997 5331 et
1027 5274 1253 5343 Spiritui
1290 5284 1483 5330 sancto
1511 5275 1812 5332 divinarum
1864 5279 2092 5348 dignita-

507 5380 619 5422 tum
656 5368 897 5433 nomina,
933 5367 1159 5436 parique
1187 5366 1393 5423 honore
1418 5367 1682 5423 decorare
1707 5372 2091 5425 consuevimus

506 5476 613 5529 quo
660 5458 895 5522 Patrem,
935 5457 1129 5513 Filium
1175 5474 1391 5529 quoque
1438 5476 1507 5516 ex
1562 5462 1681 5531 ipso
1727 5463 1991 5532 genitum,
2025 5479 2089 5517 ac

510 5559 768 5617 praeterea
800 5550 1060 5621 Spiritum
1090 5562 1359 5607 sanctum.
1389 5552 1680 5620 Caeterum,
1724 5571 1756 5609 ο
1791 5555 1914 5609 boni
1961 5555 2085 5620 viri,

508 5637 740 5694 dixerim
780 5643 1053 5712 equidem,
1091 5661 1287 5701 nomen
1336 5646 1565 5714 Christi,
1609 5649 1661 5704 id
1691 5657 1798 5713 est,
1832 5647 2002 5713 uncti,
2035 5657 2093 5702 et

582 5816 629 5850 ‘“
657 5819 803 5879 Psal.
831 5839 918 5881 CIV
973 5826 1057 5883 15.
1132 5830 1176 5861 τι
1222 5797 1427 5884 Hahae.
1468 5844 1549 5898 ιιι,
1590 5829 1677 5886 15.

1973 5928 2002 5947 δ

2275 5188 2340 5240 Δ.
2379 5186 2548 5238 Κοινὰ
2578 5185 2676 5253 μὲν
2718 5177 2859 5236 εἷναί
2890 5199 3070 5253 φαμεν
3109 5181 3203 5235 καὶ
3230 5182 3393 5252 ἡμεῖς
3427 5180 3577 5234 αὐτοὶ
3606 5178 3783 5251 Πατρὶ

2201 5282 2294 5335 καὶ
2321 5277 2435 5349 Υἱῷ
2458 5278 2553 5332 καὶ
2590 5275 2732 5344 ἁγίῳ
2770 5274 3070 5345 Πνεύματι,
3104 5274 3212 5328 τῶν
3263 5272 3585 5342 θεοπρεπῶν
3614 5271 3780 5337 ἀξιω-

2203 5373 2390 5443 μάτων
2412 5370 2482 5423 τὰ
2510 5369 2772 5439 ὀνόματα,
2806 5367 2903 5421 καὶ
2932 5366 3242 5437 ἰσομέτροις
3269 5364 3539 5427 εὐκλείαις
3578 5381 3780 5433 στεφα-

2195 5463 2323 5518 νοῦν
2369 5460 2677 5531 εἰθίσμεθα,
2712 5458 2850 5529 ὀμοῦ
2894 5458 2973 5528 τῷ
3012 5459 3334 5526 γεννήσαντι
3368 5457 3461 5509 τὸν
3506 5454 3567 5520 ἐξ
3614 5455 3781 5509 αὐτοῦ

2198 5551 2527 5624 γεννηθέντα
2556 5550 2705 5613 Υίόν,
2736 5550 2834 5602 καὶ
2874 5549 3100 5620 προσέτι
3125 5550 3187 5603 τὸ
3234 5548 3457 5617 Πνεῦμα
3492 5547 3553 5601 τὸ
3588 5547 3779 5615 ἅγιον·

2200 5647 2361 5715 πλὴν,
2390 5636 2435 5699 ὦ
2464 5642 2749 5713 βέλτιστοι,
2782 5641 2947 5713 φαίην
2975 5641 3061 5708 ἂν,
3095 5641 3155 5695 τὸ
3182 5638 3441 5708 Χριστὸς
3461 5638 3653 5707 ὄνομα,
3683 5638 3779 5692 καὶ
