4050 6430
289 434 425 491 ηπ

1418 429 1607 499 QUOD
1645 431 1837 489 UNUS
1878 430 1991 486 SIT
2031 432 2402 492 CHRISTUS.

3412 455 3548 510 £9.78

281 554 417 608 16:6
452 553 509 606 δὲ
541 553 603 606 τὸ
632 554 841 624 χρῆμα,
869 553 1144 606 τουτέστιν
1172 553 1205 622 ἡ
1237 551 1435 623 χρίσις,
1470 552 1608 623 μετά
1627 552 1733 606 τῶν
1761 551 1837 620 τῆ⁴

1965 569 2052 607 res
2085 555 2218 623 ipsa,
2261 557 2363 610 hoc
2401 565 2506 622 est,
2543 560 2746 627 unctio,
2797 573 3078 634 postquam
3119 570 3546 627 exinanitiouem

276 644 571 708 κενώσεως
595 645 812 716 τρόπων
847 646 1178 715 προσγέγονε
1213 644 1290 714 τῷ
1318 646 1631 712 Μονογενεῖ,
1655 644 1859 713 ἐναργῆ

279 738 378 808 τῆς
437 738 905 808 ὲνανθρωπήσεως
957 741 1071 801 τοῖς
1126 738 1498 809 ἀκροωμένοις
1547 735 1858 805 εἰσκομίζον

267 827 379 899 τὴν
425 827 681 898 δήλωσιν.
710 827 834 880 Ὅτι
863 829 976 898 γάρ
1006 828 1291 897 κέχρισται
1328 827 1462 880 καθὸ
1497 826 1734 895 πέφηνεν
1762 824 1857 877 ἆν-

265 915 520 987 θρωπος,
557 917 998 986 κατασημήνειεν
1041 915 1106 969 ἂν
1134 913 1194 968 εὖ
1238 917 1402 987 μάλα.
1427 917 1489 968 Εἰ
1523 915 1621 984 μὲν
1663 909 1756 967 οὖν
1781 913 1854 983 μὴ

264 1006 440 1060 αὐτὸν
462 1009 564 1076 τῆς
599 1007 736 1076 μετά
765 1006 969 1077 σαρκὸς
991 1006 1301 1076 οἰκονομίας
1338 1005 1729 1073 ἐϐασανίζομεν
1755 1003 1857 1056 Λό-

263 1114 392 1165 γον,
421 1099 540 1152 ἀλλ’
577 1099 682 1163 ἔξω
716 1116 818 1151 που
850 1099 986 1162 τέως
1015 1099 1124 1150 τῶν
1159 1098 1259 1168 τῆς
1293 1096 1575 1160 κενώσεως
1602 1097 1730 1149 ὄντα
1759 1095 1854 1165 μέ-

263 1205 420 1256 τρων
450 1189 747 1260 προῦκειτο
784 1190 1002 1260 βλέπειν
1039 1189 1131 1243 τὸν
1170 1189 1431 1260 μονογενῆ
1460 1189 1555 1242 τοῦ
1585 1187 1719 1241 Θεοῦ
1751 1187 1853 1240 Λό-

259 1292 392 1348 γον,
422 1276 492 1351 ἧν
520 1281 587 1335 ἂν
611 1283 705 1336 καὶ
747 1283 891 1352 μάλα
922 1283 1145 1346 εἰκότως
1173 1281 1444 1350 ἀσύφηλον
1473 1279 1688 1350 κομιδῇ,
1713 1279 1851 1348 Χρι-

263 1375 401 1429 στὸν
450 1373 737 1446 ὀνομάζειν
783 1377 876 1428 τὸν
913 1376 988 1448 μὴ
1018 1375 1398 1446 κεχρισμένον.
1437 1373 1654 1442 Ἐπειδὴ
1693 1372 1749 1425 δὲ
1789 1371 1850 1424 τὸ

262 1465 416 1520 θεῖον
446 1467 540 1521 καὶ
574 1467 863 1538 ἱερώτατον
895 1469 1156 1539 Γράμμα,
1193 1468 1370 1539 σάρκα
1402 1465 1650 1536 γενέσθαι
1685 1463 1848 1534 φησὶν

260 1557 457 1620 αὐτὸν,
489 1557 695 1628 πρέποι
741 1558 786 1610 δ’
818 1557 886 1612 ἂν
931 1559 1032 1630 ἢδη
1075 1559 1169 1612 καὶ
1200 1560 1232 1629 ἡ
1267 1559 1446 1629 χρίσις
1493 1557 1662 1627 αὐτῷ,
1695 1573 1848 1624 γενο-

263 1648 410 1718 μένη
446 1649 578 1718 περὶ
609 1649 709 1718 τὴν
743 1650 1036 1720 σάρκωσιν,
1075 1651 1198 1720 ἥτις
1242 1651 1388 1703 ἐστὶν
1416 1648 1597 1704 αὐτοῦ.
1639 1648 1846 1719 Γράφει

259 1739 402 1808 γοῦν
429 1741 458 1793 6
489 1739 765 1809 πάνσοφος
801 1741 1010 1804 Παῦλος
1037 1759 1050 1772 ·
1086 1761 1103 1792 ι
1132 1743 1198 1795 ’⁸0
1225 1759 1283 1794 τε
1311 1742 1418 1812 γάρ
1461 1739 1724 1809 ἁγιάζων,
1751 1739 1846 1793 καὶ

263 1831 324 1884 οἰ
357 1832 731 1902 ἁγιαζόμενοι,
781 1833 842 1898 ἐξ
871 1835 988 1898 ἑνὸς
1046 1836 1273 1898 πάντες·
1309 1835 1377 1887 δι’
1429 1835 1496 1906 ἥν
1538 1835 1716 1887 αἰτίαν
1745 1833 1845 1886 ούκ

264 1924 664 1994 ἐπαισχύνεται
686 1926 950 1994 ἀδελφοὺς
976 1928 1173 1992 αὐτοὺς
1201 1927 1406 1991 καλεῖν,
1434 1927 1625 1994 λέγων·
1644 1927 1850 1992 Ἀπαγ-

263 2018 416 2087 γελῶ
434 2018 496 2072 τὸ
523 2019 695 2088 ὄνομά
721 2035 813 2072 σου
839 2023 950 2083 τοῖς
973 2021 1220 2089 ἀδελφοῖς
1249 2037 1352 2090 μου
1373 2037 1386 2050 ο
1414 2039 1432 2070 ι
1458 2019 1713 2091 ἡγιάζετο
1739 2020 1848 2087 γὰρ

268 2111 394 2182 μεθ’
411 2111 594 2180 ἡμῶν,
615 2113 703 2165 ὅτε
726 2114 917 2181 γέγονε
941 2113 1060 2166 καθ’
1082 2113 1379 2183 ἡμᾶς.”υτι
1402 2112 1458 2166 δὲ
1480 2111 1695 2182 ἀληθῶς
1724 2111 1845 2174 Υίὸς

260 2203 295 2255 6
325 2203 616 2273 χριόμενος
667 2199 756 2273 ἦν,
805 2205 938 2257 καθὸ
977 2205 1166 2272 γέγονε
1217 2203 1374 2275 σάρξ,
1425 2205 1594 2274 ῆγουν
1643 2204 1846 2266 τέλειος

255 2294 360 2346 ἄνθ
371 2311 575 2363 ρωπος,
602 2295 936 2348 πιστώσεται
965 2296 1140 2363 λέγων
1159 2298 1186 2349 6
1207 2296 1490 2358 Θεσπέσιος
1520 2295 1682 2348 Δαϐἰδ
1709 2295 1844 2364 πρὸς

255 2386 459 2439 αὐτόν·
508 2405 528 2438 ‹
574 2387 631 2440 '0
663 2386 850 2457 θρόνος
883 2405 998 2450 σου,
1033 2390 1061 2441 6
1104 2387 1257 2452 Θεὸς,
1299 2389 1380 2450 εἰς
1406 2387 1497 2440 τὸν
1528 2387 1698 2440 αἰῶνα
1748 2385 1842 2439 τοῦ

253 2476 494 2538 σιίῶνος⁹
545 2475 744 2546 ῥάϐδος
776 2476 1074 2546 εὐθύτητος
1107 2479 1139 2545 ὴ
1180 2477 1373 2547 ῥάϐδος
1427 2477 1526 2545 τῆς
1564 2475 1842 2546 βασιλείας

254 2584 379 2621 σου.
417 2567 743 2638 Ἡγάπησας
769 2565 1134 2638 δικαιοσύνην,
1169 2570 1262 2622 καὶ
1291 2569 1559 2638 ἐμίσησας
1588 2567 1839 2638 ἀνομίαν,

251 2657 344 2712 διὰ
363 2659 527 2712 τοῦτο
555 2658 741 2730 ἔχρισέ
777 2677 833 2712 σε
863 2662 890 2712 ὁ
923 2660 1074 2725 Θεὸς,
1105 2662 1132 2713 6
1157 2660 1287 2723 Θεός
1326 2677 1440 2723 σου,
1466 2660 1642 2712 ἔλαιον
1669 2661 1838 2728 ἀγαλ-

255 2748 493 2812 λιάσεως
530 2751 683 2820 παρά
710 2750 836 2814 τοὺς
871 2751 1129 2821 μετόχους
1159 2769 1272 2804 σου.
1310 2770 1327 2802 ι
1363 2751 1530 2814 Σύνες
1557 2747 1670 2815 οὖν,
1693 2754 1841 2814 ὅπως

252 2843 350 2895 καὶ
382 2840 518 2894 Θεὸν
548 2841 740 2906 εἰπὼν,
767 2845 862 2897 καί
893 2843 1082 2914 θρόνον
1107 2844 1253 2915 αὐτῷ
1276 2845 1367 2898 τὸν
1388 2848 1467 2908 εἰς
1489 2845 1662 2898 αἰῶνα
1693 2845 1836 2908 δοὺς,

251 2932 548 3002 κεχρῖσθαί
579 2951 711 3004 φησι
749 2934 900 3005 παρὰ
925 2934 1082 2999 Θεοῦ,
1106 2936 1262 3005 δῆλον
1284 2937 1340 2990 δὲ
1374 2937 1454 2990 ὅτι
1479 2935 1572 2990 τοῦ
1603 2936 1836 3006 Πατρὸς,

253 3022 524 3094 ἐξαιρέτῳ
566 3025 673 3078 τινὶ
711 3025 892 3097 χρίσει
928 3027 1077 3097 παρά
1116 3026 1243 3090 τοὺς
1283 3027 1610 3096 μετέχοντας
1648 3026 1836 3089 αὑτοῦ,

251 3115 532 3168 τουτέστιν
568 3118 738 3186 ἡμᾶς.
775 3119 836 3171 Εἰ
877 3117 985 3189 γάρ
1026 3117 1248 3186 γέγονεν
1296 3118 1604 3189 ἄνθρωπος,
1656 3118 1836 3171 καίτοι

1960 645 2143 711 subiit,
2178 645 2464 716 Uuigenito
2491 653 2741 716 accessit,
2773 657 3114 713 manifestam
3153 662 3548 718 incarnationis

1960 733 2072 786 sive
2113 734 2514 792 humanatiouis
2549 741 3000 809 significationem
3053 751 3390 808 auditoribus
3445 753 3546 807 im-

1961 823 2196 877 mittens.
2239 822 2392 889 Quod
2431 829 2574 881 enim
2622 840 2818 887 unctus
2854 835 2946 900 sit,
2978 847 3246 905 quatenus
3289 842 3543 911 apparuit

1958 911 2140 974 homo,
2176 914 2377 982 Optime
2412 915 2670 971 declarat.
2701 920 2758 974 Si
2801 938 2930 993 ergo
2957 929 3367 988 consideremus
3404 933 3538 988 Vero

1957 1003 2104 1070 bum,
2151 1020 2254 1059 non
2287 1007 2446 1074 quale
2481 1022 2565 1062 est
2606 1023 2888 1084 postquam
2920 1019 3442 1080 administrationem
3481 1029 3533 1082 in

1957 1108 2117 1147 carne
2144 1095 2328 1158 subiit,
2357 1099 2450 1151 sed
2481 1101 2638 1169 quale
2665 1113 2782 1157 erat
2814 1107 3145 1176 unigenitum
3174 1111 3267 1168 Dei
3299 1113 3533 1172 Verbum

1955 1194 2244 1252 antequam
2281 1188 2704 1247 cxiuanitionem
2727 1199 2986 1252 sustinuit
3019 1217 3032 1252 :
3070 1203 3363 1260 absurdum
3401 1223 3534 1262 sane
3626 1232 3628 1234 τ

1957 1274 2120 1330 fuerit
2143 1277 2416 1333 Christqu
2441 1295 2792 1348 vocare,eum
2819 1289 2907 1355 qui
2937 1301 3130 1345 unctus
3156 1309 3259 1348 non
3282 1297 3370 1351 sit.
3397 1297 3532 1354 Cum

1954 1379 2084 1419 vero
2117 1367 2292 1421 divina
2316 1379 2370 1422 et
2391 1373 2757 1428 sacratissima
2791 1377 3064 1447 Scriptura
3109 1398 3322 1439 carnem
3360 1387 3532 1455 ipsum

1952 1454 2153 1510 factum
2179 1471 2299 1512 esse
2316 1458 2415 1524 ait,
2435 1463 2616 1516 unctio
2633 1474 2779 1520 certe
2802 1467 2902 1534 ipsi
2931 1473 3216 1528 conveniat
3238 1454 3533 1533 factacirra

1951 1547 2398 1614 incarnationem,
2418 1566 2540 1620 qua:
2566 1554 2730 1622 ipsius
2763 1566 2865 1613 est.
2889 1559 3088 1616 Scribit
3123 1564 3303 1632 itaque
3333 1571 3536 1637 sapien-

1953 1640 2192 1702 tissimus
2237 1641 2471 1698 Paulus:
2514 1664 2532 1695 ι
2561 1645 2660 1712 Qui
2705 1649 2850 1703 enim
2903 1656 3534 1728 sanctificatetquisan-

1948 1734 2280 1798 ctilicantur,
2320 1748 2385 1786 ex
2449 1751 2555 1789 uno
2602 1752 2810 1795 omnes.
2866 1741 3092 1812 Propter
3123 1763 3285 1816 quam
3317 1766 3535 1806 causam

1951 1837 2054 1875 non
2085 1822 2434 1876 confunditur
2469 1825 2666 1882 fratres
2701 1843 2794 1883 eos
2825 1846 3040 1900 vocare,
3080 1836 3266 1893 dicens
3316 1855 3328 1891 :
3388 1839 3529 1896 Nun-

1955 1913 2100 1968 tiabo
2129 1930 2320 1968 nomen
2378 1925 2528 1969 tuum
2567 1915 2828 1976 fratribus
2877 1924 3013 1978 meis
3043 1927 3112 1978 ".
3149 1946 3168 1978 ι
3213 1927 3532 1984 Sanctifica-

1954 2014 2038 2058 tus
2077 2006 2220 2058 enim
2268 2015 2350 2060 est
2401 2007 2708 2074 uobiscum,
2760 2015 2973 2079 quando
3020 2016 3196 2072 factus
3241 2030 3324 2074 est
3361 2021 3530 2075 nostri

1949 2095 2162 2149 similis.
2201 2095 2351 2162 Quod
2386 2107 2562 2152 autem
2590 2115 2714 2154 vere
2738 2102 2907 2157 Filius
2932 2117 3046 2159 erat
3081 2110 3170 2177 qui
3204 2119 3399 2166 unctus
3425 2122 3528 2176 est,

1949 2198 2213 2254 quatenus
2240 2190 2410 2244 factus
2435 2199 2516 2244 est
2545 2207 2692 2258 caro,
2717 2195 2831 2250 sive
2861 2199 3134 2265 perfectus
3166 2203 3348 2266 homo,
3373 2205 3528 2258 fidem

1949 2278 2108 2333 faciet
2141 2280 2558 2346 divinusDavid,
2583 2284 2655 2336 ita
2687 2285 2754 2340 ad
2785 2303 2905 2341 eum
2929 2289 3368 2363 loquensz728
3389 2312 3406 2344 ι
3442 2294 3544 2350 Se-

1948 2372 2042 2424 des
2077 2380 2187 2435 tua,
2214 2371 2378 2437 Deus,
2415 2375 2465 2428 in
2493 2375 2744 2430 sarculum
2771 2381 2950 2434 saeculi
2979 2401 2992 2434 :
3017 2382 3164 2452 virga
3196 2384 3526 2452 directiouis,

1946 2462 2094 2529 virga
2119 2463 2266 2532 regni
2305 2466 2400 2518 tui.
2435 2465 2675 2522 Dilexisti
2707 2469 2997 2537 justitiam,
3027 2482 3082 2527 et
3110 2475 3274 2529 odisti
3317 2475 3523 2544 iniqui-

1948 2561 2109 2606 tatem
2141 2572 2154 2606 :
2183 2565 2462 2625 propterea
2496 2560 2648 2612 unxit
2673 2569 2723 2614 te
2758 2561 2916 2630 Deus,
2946 2565 3086 2620 Deus
3119 2576 3242 2621 tuus
3277 2568 3398 2623 oleo
3435 2569 3529 2624 lte-

1947 2642 2074 2696 titiae
2099 2659 2209 2712 prae
2245 2647 2588 2702 consortibus
2622 2649 2726 2704 tuis
2767 2651 2834 2701 ⁷³.
2867 2671 2886 2702 ι
2923 2653 3312 2710 Animadverte
3349 2659 3530 2726 itaque

1945 2749 2052 2801 quo
2083 2745 2239 2802 pacto
2269 2750 2390 2790 cum
2437 2747 2491 2791 et
2523 2738 2705 2793 Deum
2765 2742 3082 2807 nominarit,
3117 2755 3170 2797 et
3209 2747 3388 2799 sedem
3427 2747 3529 2816 ipsi

1947 2823 1998 2876 in
2033 2825 2228 2879 saecula
2261 2828 2591 2895 attribuerit,
2623 2841 2844 2886 unctum
2873 2848 2996 2888 esse
3027 2835 3159 2889 dicit
3187 2851 3216 2890 a
3252 2837 3379 2904 Deo,
3417 2854 3528 2893 tua-

1945 2917 2201 2973 nifestum
2244 2929 2424 2975 autem
2465 2931 2550 2976 est
2589 2925 2730 2992 quod
2773 2939 2800 2977 a
2844 2925 3024 2990 Patre,
3060 2928 3257 2982 eximia
3296 2931 3528 2998 quadam

1943 3011 2197 3066 unctione
2244 3027 2355 3081 prae
2398 3017 2611 3069 caeteris
2658 3016 3014 3085 participibus
3062 3018 3250 3086 ipsius,
3293 3021 3394 3075 hoc
3426 3031 3526 3084 est,

1945 3102 2120 3156 nobis.
2149 3102 2386 3157 Tametsi
2417 3105 2562 3158 enim
2589 3105 2791 3160 factum
2827 3117 2910 3162 est
2945 3110 3129 3173 homo,
3165 3111 3303 3164 Deus
3328 3114 3524 3182 alioqui

249 3203 386 3266 Θεὸς
408 3202 485 3256 ὢν
515 3206 542 3257 6
571 3205 764 3272 Λόγος,
795 3205 910 3259 ἀλλ’
941 3202 1009 3275 ἦν
1039 3207 1132 3258 καί¹
1167 3205 1340 3270 οὔτως
1383 3206 1685 3277 ἀπροσδεὴς
1729 3206 1836 3258 τῶν

1942 3196 2214 3249 exsistens
2259 3195 2522 3261 Verbum,
2561 3208 2681 3252 erat
2726 3208 2906 3253 tamen
2949 3201 3116 3254 etiam
3163 3201 3265 3256 hac
3318 3204 3526 3258 ratione

249 3295 352 3364 τῆς
391 3295 530 3358 ἰδίας
575 3296 791 3364 φύσεως
836 3296 1079 3364 ἀγαθῶν,
1126 3297 1421 3367 αὐτοτελής
1466 3315 1524 3350 τε
1575 3297 1836 3367 ὑπάρχων

248 3388 347 3439 καὶ
398 3388 617 3459 πλήρης
674 3387 897 3458 χάριτος
954 3389 1048 3442 καὶ
1104 3389 1382 3460 ἀληθείας,
1431 3390 1573 3442 κατά
1627 3407 1690 3458 γε
1738 3391 1835 3459 τὴν

263 3481 518 3535 Ἰωάννου
548 3483 764 3552 φωνήνο
794 3481 887 3536 καὶ
923 3480 1033 3552 ἔχει
1071 3481 1168 3551 μὲν
1198 3482 1358 3545 αὐτὸς
1385 3481 1586 3552 ἀρτίως
1624 3484 1704 3545 εἰς
1727 3485 1834 3536 πᾶν

247 3571 430 3626 ὁτιοῦν
455 3572 564 3625 τῶν
590 3572 931 3644 θεοπρεπῶν,
964 3575 1070 3628 ἀπὸ
1102 3574 1158 3626 δὲ
1195 3573 1286 3626 τοῦ
1331 3573 1693 3644 πληρώματος
1735 3578 1835 3629 αῦ-

245 3664 345 3718 τοῦ
384 3664 586 3727 πάντες
623 3669 776 3740 ἡμεῖς
819 3665 1107 3740 ἐλάϐομεν,
1149 3666 1290 3718 κατὰ
1322 3667 1378 3718 τὸ
1425 3669 1832 3738 γεγραμμένον.

256 3752 431 3825 Ὀμοῦ
469 3757 760 3827 τοιγαροῦν
802 3760 916 3821 τοῖς
946 3758 1045 3827 τῆς
1103 3757 1236 3821 ἰδίας
1284 3758 1704 3830 ἀνθρωπότητος
1741 3761 1835 3830 μέ-

245 3861 397 3915 τροις
431 3847 530 3902 καί
569 3847 643 3899 τὰ
671 3847 835 3900 αὑτοῦ
872 3848 1264 3919 οἰκειούμενος,
1305 3851 1540 3922 Χριστὸς
1569 3852 1832 3921 ὀνομάζε-

244 3951 360 4002 ται,
389 3936 492 3991 κᾶν
515 3940 563 3990 εἰ
595 3938 668 4008 μὴ
697 3938 984 4009 κεχρῖσθαι
1023 3942 1215 4003 νοοῖτο,
1246 3943 1385 3996 κατά
1414 3958 1499 4009 γε,
1526 3943 1688 4013 φημὶ,
1711 3943 1830 4012 τὴν,

252 4038 356 4101 τῆς
390 4030 647 4101 θεότητος
681 4030 860 4098 φύσιν,
899 4032 1066 4101 ἤγουν
1095 4033 1230 4084 καθὸ
1260 4036 1458 4087 νοεῖται
1485 4034 1638 4096 Θεός.
1683 4035 1833 4088 Ἐπεὶ

248 4124 477 4194 φράσον,
514 4122 630 4185 πῶς
650 4121 852 4193 ἑτέρως
887 4123 1044 4175 νοοῖτ⁹
1078 4121 1144 4175 ἂν
1165 4122 1420 4191 Χριστὸς,
1447 4123 1576 4185 Υἱὸς
1603 4125 1695 4177 καὶ
1716 4125 1830 4176 Κύ-

246 4231 384 4284 ριος,
426 4213 786 4282 ἀπαξιοῦντος
813 4211 910 4266 τοῦ
958 4213 1297 4281 Μονογενοῦς
1342 4214 1440 4284 τὴν
1485 4215 1689 4286 χρίσιν,
1734 4216 1830 4268 καὶ

243 4307 352 4361 τῶν
386 4307 487 4378 τῆς
519 4305 803 4370 κενώσεως
837 4305 1050 4376 μέτρων
1077 4305 1177 4358 οὐκ
1208 4306 1567 4376 ἀνεχομένους

316 4483 377 4536 Β.
429 4481 656 4550 Ἑτέραν
674 4481 737 4550 γέ
770 4482 944 4552 πωςῆ
981 4482 1103 4536 καθ’
1133 4484 1280 4555 ἡμᾶς
1323 4483 1494 4537 ἵενται
1525 4485 1736 4556 τρίϐον,
1769 4486 1829 4540 τὸ

241 4579 342 4648 τῆς
377 4577 662 4640 εὐσεϐείας
711 4578 1008 4648 μυστήριον
1051 4577 1324 4640 ἀσυνέτως
1349 4578 1820 4650 διερμηνεύοντες.

237 4668 381 4720 Φασί
411 4668 517 4736 γάρ
544 4666 619 4728 ὡς
646 4667 674 4718 6
703 4665 836 4728 Θεὸς
861 4665 1031 4734 Λόγος
1059 4666 1350 4737 ἄνθρωπον
1379 4667 1569 4738 εἴληφε
1593 4669 1824 4734 τέλειον,

238 4759 308 4812 hc
340 4759 658 4830 σπέρματος
691 4757 822 4812 ὄντα
855 4759 1108 4830 Ἀϐραὰμ
1164 4761 1258 4812 καὶ
1310 4760 1494 4828 Δαϐὶδ,
1549 4762 1696 4815 κατὰ
1725 4763 1824 4832 τὴν

244 4851 590 4922 ἳιαγόρευσιν
615 4850 724 4904 τῶν
753 4849 1007 4921 Γραφῶν,
1040 4851 1199 4903 τοῦτο
1228 4850 1355 4904 ὄντα
1377 4851 1476 4922 τὴν
1500 4852 1662 4918 φύσιν
1686 4855 1824 4926 ὅπερ

234 4939 384 5013 ἦσαν
420 4943 639 5003 ἐκεῖνοι,
687 4931 872 5010 ὦνπερ
922 4941 989 4993 ἐκ
1035 4940 1348 5012 σπέρματος
1398 4937 1489 5011 ἦν,
1532 4942 1820 5013 ἄνθρωπον

233 5035 448 5086 τέλειον
481 5032 578 5104 τὴν
607 5032 791 5102 φύσιν,
820 5033 884 5084 ὲκ
916 5032 1096 5102 ψυχῆς
1147 5049 1208 5085 τε
1241 5035 1435 5104 νοερᾶς
1479 5035 1574 5086 καὶ
1617 5035 1821 5106 σαρκὸς

235 5124 558 5180 συνεστῶτα
579 5125 949 5197 ἀνθρωπίνης,
980 5125 1038 5178 ὃν
1069 5125 1355 5196 ἄνθρωπον
1373 5127 1502 5179 ὄντα
1528 5127 1649 5180 καθ’
1675 5130 1823 5198 ἡμᾶς

237 5219 337 5291 τὴν
363 5217 547 5287 φύσιν,
574 5217 892 5288 Πνεύματος
923 5219 1079 5286 ἁγίου
1109 5218 1334 5288 δυνάμει
1368 5220 1426 5271 ὲν
1448 5222 1513 5290 τῇ
1543 5219 1642 5288 τῆς
1671 5221 1817 5290 Παρ-

235 5310 395 5364 θένου
431 5308 618 5380 μήτρᾳ
655 5307 1074 5372 διαπλασθέντα,
1108 5308 1398 5378 γενόμενόν
1439 5326 1498 5362 τε
1530 5311 1596 5362 ἐκ
1636 5327 1825 5378 γυναι-

235 5399 354 5461 κὸς,
386 5398 678 5468 γενόμενον
718 5393 822 5448 ὑπὸ
847 5395 1033 5466 νόμον,
1070 5396 1155 5448 ἵνα
1205 5395 1412 5459 πάντας
1442 5397 1594 5466 ἡμᾶς
1623 5396 1817 5462 ἐξαγο-

236 5489 386 5561 ράσῃ
429 5488 530 5559 τῆς
559 5487 655 5540 τοῦ
699 5487 864 5557 νόμου
920 5487 1182 5553 δουλείας,
1225 5486 1324 5557 τὴν
1366 5487 1647 5558 πόρρωθεν
1686 5505 1820 5558 προσ

233 5576 552 5648 ωρισμένην
596 5574 867 5628 υἱοθεσίαν
900 5576 1293 5640 ἀπολαϐόντας,
1336 5577 1540 5638 καινῶς
1581 5576 1818 5645 συνῆψεν

231 5668 437 5740 ἑαυτῷ,
485 5669 718 5722 θανάτου
750 5669 849 5738 μὲν
901 5667 1082 5733 αὐτὸν,
1124 5669 1264 5722 κατά
1297 5671 1458 5739 νόμον
1493 5669 1815 5740 ἀνθρώπων,

308 5786 354 5816 τ’
389 5783 552 5836 llebr.
591 5797 650 5849 ll,
685 5781 770 5834 l2.
847 5783 891 5815 ⁷³
926 5782 1066 5836 Psal.
1116 5797 1257 5845 xuv,
1290 5781 1340 5846 7,
1379 5782 1411 5834 8

234 5855 284 5886 ’⁸
312 5853 486 5910 Galat.
529 5869 600 5919 tv,
639 5853 690 5916 ι,
730 5851 777 5904 5.

1941 3287 2169 3355 propria:
2209 3301 2319 3342 sua:
2364 3297 2570 3341 natura:
2605 3289 2868 3343 bonormn
2905 3304 3244 3360 nequaquam
3289 3294 3522 3363 indigus,

1939 3391 2034 3445 per
2055 3391 2114 3428 se
2146 3375 2416 3443 perfectus
2452 3377 2740 3442 exsistens,
2777 3388 2834 3433 et
2870 3397 2888 3430 ι
2921 3379 3114 3448 plenus
3142 3383 3328 3452 gratim
3355 3394 3409 3438 et
3435 3399 3526 3438 ve-

1939 3469 2115 3522 ritatis
2155 3467 2224 3533 ⁷⁸,
2258 3487 2274 3518 ι
2316 3476 2374 3521 ut
2416 3469 2592 3538 inquit
2637 3468 2898 3525 Joannes.
2925 3473 3102 3540 Atque
3147 3475 3260 3539 ipse
3308 3475 3525 3543 quidem

1937 3560 2082 3613 oumi
2114 3573 2311 3630 genere
2337 3560 2643 3614 divinorum
2677 3561 2940 3616 bonorum
2977 3563 3248 3618 abundat:
3283 3583 3301 3614 ι
3340 3566 3385 3618 Α
3415 3567 3516 3634 ple-

1937 3654 2185 3708 nitudine
2209 3669 2336 3708 vero
2369 3654 2538 3722 ipsius
2565 3653 2755 3710 omnes
2779 3670 2876 3710 nos
2901 3657 3293 3725 accepimus",
3324 3678 3341 3711 ι
3371 3659 3524 3726 juxta

1938 3741 2298 3811 Scripturam.
2347 3742 2600 3798 Christus
2650 3743 2831 3812 itaque
2877 3755 3122 3812 vocatur,
3169 3746 3259 3815 qui
3295 3747 3361 3799 ad
3401 3764 3524 3816 pro-

1937 3834 2068 3900 prim
2097 3847 2210 3886 suae
2243 3833 2596 3886 humanitatis
2619 3835 2983 3888 conditionem
3015 3837 3176 3889 etiam
3204 3852 3322 3904 quze
3352 3839 3524 3904 ipsius

1939 3937 2068 3981 sunt
2115 3927 2422 3995 cunjunxit,
2465 3929 2676 3982 tametsi
2724 3944 2828 3983 non
2881 3931 3212 3998 intelligatur
3257 3947 3377 3986 esse
3421 3952 3521 3990 un-

1933 4027 2072 4078 ctus,
2107 4017 2382 4095 nimirum,
2427 4017 2728 4072 secundum
2766 4026 3015 4073 naturaet
3050 4020 3371 4082 divinitatis,
3404 4023 3518 4078 sive

1931 4117 2196 4178 quatenus
2243 4117 2491 4163 censetur
2539 4108 2702 4165 Deus.
2764 4109 3042 4180 Siquidem
3096 4113 3217 4178 die,
3251 4115 3513 4186 obsecro,

1931 4202 2198 4270 quomodo
2232 4199 2387 4254 aliter
2416 4200 2636 4270 intelligi
2665 4203 2834 4271 possit
2854 4202 3102 4258 Christus
3126 4204 3294 4260 Filius
3327 4216 3381 4260 et
3409 4207 3516 4261 Do-

1932 4294 2129 4360 minus,
2161 4293 2205 4347 si
2239 4291 2560 4362 Unigenitus
2595 4295 2907 4350 unctionem
2956 4295 3302 4366 dedignetur,
3347 4309 3512 4369 atque

1929 4383 2315 4439 exiuanitionis
2338 4386 2702 4441 conditionem
2735 4388 3034 4442 detrectet?

1999 4476 2062 4529 B.
2103 4477 2219 4530 Alia
2253 4476 2408 4546 longe
2437 4492 2598 4545 quam
2645 4492 2742 4532 nos
2784 4479 2868 4532 via
2915 4478 3192 4546 incedunt,
3234 4481 3512 4554 religionis

1858 4569 1900 4622 D
1931 4569 2244 4640 mysterium
2277 4571 2526 4638 imperite
2551 4571 2910 4639 explicantes.
2952 4572 3120 4625 Aiunt
3166 4574 3332 4640 enim,
3369 4577 3511 4643 quod

1933 4662 2072 4716 Deus
2108 4657 2342 4713 Verbum
2398 4661 2673 4714 hominem
2720 4662 2952 4729 sumpsit
3001 4663 3321 4730 perfectum,
3364 4667 3510 4720 exsi-

1928 4761 2158 4805 stentem
2185 4765 2250 4804 ex
2287 4751 2496 4804 semine
2523 4751 2753 4804 Abraha:
2783 4759 2836 4804 et
2861 4751 3024 4803 David
3057 4752 3124 4817 ⁷⁸,
3156 4754 3226 4806 ita
3262 4763 3320 4806 ut
3347 4755 3510 4808 edixit

1931 4843 2235 4911 Scriptura,
2275 4842 2520 4910 idipsum
2561 4851 2751 4895 natura
2795 4843 3170 4909 exsistentem,
3212 4846 3354 4913 quod
3400 4847 3510 4900 fue-

1928 4944 2052 4988 rant
2085 4935 2157 4987 illi
2185 4949 2463 5003 equorum
2499 4935 2703 4988 semine
2729 4943 2846 4989 erat
2876 4935 2942 4998 '7,
2983 4935 3254 4991 hominem
3299 4937 3506 5006 perfec-

1929 5037 2040 5081 tum
2065 5036 2280 5092 natura,
2306 5042 2370 5081 ex
2398 5027 2576 5080 anima
2609 5025 2941 5096 intelligente
2977 5038 3032 5082 et
3083 5043 3250 5084 carne
3274 5031 3509 5083 humana

1928 5130 2287 5185 constantem,
2312 5135 2468 5188 quem
2489 5119 2703 5188 quidem
2737 5120 3028 5182 hominem,
3056 5136 3176 5176 cum
3199 5135 3342 5176 esset
3369 5123 3509 5191 ejus-

1930 5214 2050 5267 dem
2097 5214 2382 5268 nobiscum
2437 5221 2664 5276 natura),
2715 5212 2950 5281 Spiritus
2998 5215 3171 5268 sancti
3210 5215 3406 5269 virtute
3456 5215 3508 5266 iu

1933 5315 2090 5359 utero
2122 5305 2358 5373 Virginis
2402 5303 2714 5368 formatum,
2764 5305 2966 5358 factum
3009 5305 3110 5359 sub
3141 5305 3273 5375 lege,
3313 5315 3371 5358 ut
3412 5322 3507 5359 nos

1927 5411 2118 5450 omnes
2148 5397 2438 5450 redimeret
2465 5411 2494 5447 a
2525 5395 2782 5449 servitute
2811 5395 2942 5465 legis
2965 5396 3030 5460 ⁷⁸,
3063 5397 3372 5450 liliationem
3393 5395 3504 5464 jam

1927 5489 2056 5543 olim
2087 5489 2518 5556 prmdestiuatam
2548 5488 2788 5554 adeptos,
2821 5502 2945 5541 eum
2969 5488 3268 5542 admirabili
3300 5489 3505 5542 ratione

1929 5579 2204 5648 conjunxit
2249 5591 2304 5632 et
2334 5578 2846 5648 conglutinavitsibi
2873 5618 2887 5642 ,
2934 5589 2988 5632 et
3023 5587 3247 5633 mortem
3288 5581 3502 5649 quidem

1929 5672 2164 5725 humano
2190 5687 2337 5724 more
2357 5671 2506 5725 obire
2538 5670 2734 5736 voluit;
2759 5671 3037 5725 suscitavit
3059 5687 3186 5726 vero
3202 5672 3447 5727 eumdem
3471 5689 3501 5726 a

1537 5781 1579 5812 ”'
1605 5779 1760 5837 Joan.
1799 5799 1834 5846 ι,

1941 5825 1950 5836 .
2030 5782 2074 5811 ⁷⁵
2105 5780 2230 5836 ibid.
2274 5780 2352 5836 l6.
2430 5782 2473 5813 "
2499 5779 2654 5836 Joan.
2689 5797 2785 5847 vn,
2818 5783 2907 5841 Η.
2985 5785 3029 5816 ⁷⁷
3063 5783 3102 5837 ll
3135 5782 3259 5839 Cor.
3296 5799 3372 5849 ιι,
3404 5783 3494 5838 22.
